4192 6212
327 253 442 317 717

1523 260 1918 323 COMMENT.
1967 260 2051 322 IN
2096 260 2339 322 EPIST.
2382 263 2615 326 JUDIE.

3583 262 3705 327 718

320 383 590 479 δεύμασιν.
637 384 805 479 ’ἀλλά
838 392 927 447 καὶ
979 392 1047 449 τὰ
1104 392 1457 471 φθινοπωρινὰ
1500 390 1680 471 δένδρα
1719 392 1793 457 δὶς
1825 393 1971 450 ἀπο-

2063 409 2179 479 non
2211 391 2456 470 irrigant
2482 393 2707 454 animas
2740 412 2946 457 eorum
2980 415 3128 476 quos
3157 405 3581 479 assequuntur,
3601 399 3704 460 sed

321 475 639 551 θνήσκοντα,
687 475 741 533 ἔν
782 500 839 534 τε
868 484 937 556 τῇ
977 486 1069 537 τοῦ
1110 487 1313 559 καρποῦ
1356 482 1526 537 αῦτῶν
1569 479 1833 562 ἀποϐολῇ,
1881 484 1968 540 καὶ

321 561 378 618 ἒν
419 569 489 639 τῇ
544 570 651 619 τῶν
706 565 916 647 φύλλων
973 567 1208 647 ἀπορῤοῇ
1265 568 1419 649 (ξηρά
1478 569 1577 648 γὰρ
1647 568 1795 626 δοκεῖ
1821 561 1969 627 τότε

322 660 416 710 τοῦ
464 651 689 720 κάλλους
776 655 1119 732 ἐστερημένα,
1196 657 1293 725 τῆς
1348 657 1453 715 ἀπό
1507 679 1564 713 τε
1620 665 1711 714 τοῦ
1767 670 1972 739 καρποῦ

327 739 579 818 ἀγλαίας,
613 745 701 798 καὶ
756 748 854 810 τῆς
909 752 1016 802 τῶν
1075 744 1285 826 φύλλων
1334 746 1560 826 ἀνθηρᾶς
1619 748 1968 827 εὐπρεπείας),

326 827 510 894 αὐτοῖς
553 852 602 885 τι
645 830 982 901 κατάλληλον
1022 835 1224 915 πάσχει
1284 836 1373 897 Δὶς
1403 835 1502 914 γὰρ
1544 837 1632 891 καὶ
1660 838 1800 892 οὗτοι
1830 837 1970 893 ἀπο-

326 915 643 994 ϐαλλόμενοι
675 917 760 976 διά
788 926 886 988 τῆς
944 925 1363 1004 σπερμοφαγίας,
1420 924 1507 980 καὶ
1549 926 1648 991 τὴν
1702 924 1808 981 ἀπὸ
1872 929 1971 992 τῆς

327 1004 595 1085 σώφρονος
678 1006 946 1075 πολιτείας
1018 1011 1300 1087 εὐκοσμίαν
1386 1013 1778 1092 σφαιρούμενοι,
1881 1015 1972 1070 Διὸ

325 1100 414 1156 καὶ
442 1098 757 1175 ἐκριζοῦνται
813 1105 919 1160 ἀπὸ
974 1110 1068 1160 τοῦ
1124 1101 1437 1183 παραδείσου
1493 1112 1589 1162 τοῦ
1646 1107 1828 1183 Κυρίου
1875 1106 1970 1174 τῆς

326 1184 671 1256 Ἐκκλησίας.
726 1194 823 1250 Καὶ
883 1190 982 1258 ἔξω
1036 1193 1370 1271 ῥιπτούμενοι
1427 1194 1637 1268 τούτου,
1694 1193 1974 1272 συλλέγον-

329 1298 415 1334 ται
444 1286 521 1353 τῷ
550 1280 744 1353 αἰωνίῳ
771 1282 914 1359 πυρί.
976 1283 1139 1339 Ποίαν
1194 1283 1294 1361 γάρ
1350 1280 1450 1345 ἕέει
1508 1283 1688 1338 στάσιν
1744 1282 1780 1350 ἢ
1833 1284 1974 1359 ῥίζαν

331 1369 359 1422 6
402 1365 486 1422 διὰ
525 1369 618 1424 τὸν
677 1374 776 1435 τῆς
833 1367 1028 1438 ἡδονῆς
1085 1373 1336 1450 συρφετὸν
1389 1372 1491 1426 ὑπὸ
1528 1372 1740 1427 πάντων
1784 1370 1975 1446 βαλλό-

331 1476 486 1532 μενος
519 1475 537 1535 ;
584 1455 826 1536 Ἀστέρες
869 1456 924 1514 δὲ
976 1458 1241 1526 πλανῆται
1270 1458 1651 1540 χρηματίζουσι
1686 1461 1771 1515 καὶ
1803 1461 1969 1533 αὐτοὶ,

333 1546 437 1624 οὐχ
478 1543 559 1602 ὅτι
624 1551 701 1620 τῷ
755 1553 853 1615 τῆς
921 1548 1148 1610 πίστεως
1215 1551 1371 1622 ἡμῶν
1437 1548 1762 1625 περεῶματι
1817 1569 1975 1623 μετα-

2052 478 2368 542 obscurant
2426 482 2617 561 potius
2675 483 3113 546 scelestissimis
3202 478 3322 548 suis
3391 487 3703 569 doctrinis,

2052 569 2201 629 vecti
2238 568 2430 649 pravis
2488 571 2821 633 daemonum
2882 572 3188 635 institutis.
3226 573 3341 636 Sed
3368 583 3427 638 et
3457 575 3706 638 arbores

2053 659 2429 720 autumnales
2457 669 2593 720 sunt
2618 660 2710 721 bis
2740 668 3005 737 martum,
3035 680 3249 742 nempe
3276 671 3333 725 et
3362 664 3585 725 fructus
3614 664 3705 726 sui

2054 744 2375 807 amissione
2432 753 2493 809 et
2521 747 2794 809 foliorum
2825 749 3093 811 deﬂuxu.
3128 749 3295 813 Tunc
3329 752 3487 813 enim
3522 751 3706 814 aridae

2053 833 2803 915 videntur,pulchritudine
2826 839 3216 918 privataa,sive
3242 847 3539 901 venustate
3574 858 3707 919 quze

2054 920 2308 983 fructum
2341 923 2721 1006 sequebatur,
2758 935 2816 987 et
2867 927 3135 1007 jucundo
3165 928 3437 989 foliorum
3469 936 3702 990 ornatu.

2053 1008 2159 1071 His
2179 1020 2644 1074 consentaneum
2681 1021 2770 1076 est
2796 1015 2953 1095 quod
2979 1015 3107 1078 istis
3127 1016 3454 1096 contingit:
3480 1036 3614 1078 nam
3647 1024 3708 1076 et

2054 1096 2172 1176 ipsi
2221 1097 2312 1159 bis
2352 1099 2705 1182 moriuntur,
2742 1120 2831 1163 Slll
2856 1121 2913 1162 m
2947 1103 3197 1165 fructum
3223 1101 3573 1183 abjicientes
3604 1121 3703 1165 se-

2056 1184 2234 1245 minis
2264 1186 2671 1267 ahsorptione,
2709 1197 2767 1250 et
2805 1199 2979 1252 castae
3009 1191 3473 1253 conversationis
3493 1198 3706 1254 ornatu

2056 1292 2188 1334 sese
2221 1274 2536 1354 privantes.
2597 1277 2735 1339 Ideo
2767 1298 3002 1360 quoque
3050 1298 3083 1341 a
3116 1280 3390 1361 paradiso
3422 1279 3706 1342 Ecclesiae

2054 1362 2292 1455 pomini
2323 1364 2723 1455 eradicautur,
2774 1378 2832 1429 et
2860 1375 3025 1430 extra
3053 1368 3241 1455 ipsam
3268 1369 3542 1449 projecti,
3576 1369 3704 1431 col-

2055 1450 2318 1527 liguntur
2348 1452 2420 1514 ad
2464 1454 2663 1533 ignem
2693 1463 3009 1521 aeternum.
3042 1450 3231 1530 Quem
3282 1456 3442 1520 enim
3485 1466 3704 1520 statum

2055 1547 2155 1628 aut
2184 1542 2442 1602 radicem
2461 1542 2834 1624 habebit.qui
2854 1554 3094 1627 propter
3113 1545 3318 1608 fascem
3340 1546 3703 1628 voluptatum

332 1633 643 1710 πρέποντες,
678 1636 771 1690 τὸν
800 1641 897 1702 τῆς
953 1634 1283 1704 δικαιοσύνης
1325 1635 1478 1707 ἥλιον
1532 1638 1755 1716 Χριστὸν
1785 1635 1970 1717 ἔχουσι

2060 1627 2128 1689 ab
2160 1629 2436 1691 omnibus
2478 1630 2805 1711 abjicitur?
2833 1632 3015 1696 Porro
3070 1634 3255 1697 stellae
3288 1627 3554 1697 erratiCaa
3585 1635 3708 1695 sive

333 1721 402 1779 δι’
444 1729 614 1783 αὖτῶν
669 1727 1087 1806 προερχόμενον,
1147 1730 1234 1784 καὶ
1277 1728 1369 1793 τὰς
1425 1733 1531 1785 τῶν
1584 1730 1780 1807 ἀρετῶν
1837 1728 1974 1807 ὥρας

333 1811 709 1888 ἀποτελοῦντα,
785 1816 872 1871 καὶ
931 1822 1290 1893 ζωογονοὼτα
1358 1816 1479 1878 τοὺς
1562 1816 1698 1872 κατά
1782 1817 1975 1879 ταύτας

330 1901 681 1979 τεταγμένους
722 1903 965 1983 πιστοὺς,
1011 1902 1128 1960 ἀλλ’
1184 1903 1263 1961 ὅτι
1321 1902 1589 1967 δοκοῦντες
1633 1906 1706 1969 εἷς
1753 1904 1974 1983 ἄγγελον

334 1991 507 2071 φωτὸς
538 1993 1115 2071 μετασχηματίζεσθαι,
1169 1995 1241 2057 ὡς
1286 1996 1314 2050 6
1362 1994 1751 2073 προκατάρχων
1809 1994 1975 2050 αὐτῶν

330 2081 563 2158 πονηρὸς
606 2078 826 2156 δαίμων,
886 2083 1198 2146 ἀπεναντίας
1254 2084 1415 2159 μόνον
1496 2089 1601 2139 τῶν
1657 2090 1749 2140 τοῦ
1795 2083 1978 2162 Κυρίου

331 2169 575 2247 φέρονται
617 2167 917 2251 δογμάτων,
954 2175 1041 2234 οἷς
1092 2174 1180 2228 καὶ
1225 2179 1434 2251 ζοφοῦσι
1485 2173 1604 2234 τοὺς
1659 2170 1970 2250 προσπελά-

332 2264 537 2329 ζοντας,
598 2259 684 2314 καὶ
747 2258 902 2338 ζόφον
981 2260 1073 2316 τὸν
1148 2260 1354 2317 αἰώνιον
1414 2260 1622 2322 ἑαυτοῖς
1681 2258 1977 2331 ἐκπορίζον-

335 2367 444 2403 ται.
524 2344 691 2403 Ἀλλά
773 2348 860 2403 καὶ
939 2348 1165 2422 κύμασιν
1243 2348 1440 2427 ἀγρίοις
1524 2346 1971 2427 παρεικασθέντες,

334 2435 435 2500 τὴν
490 2436 618 2513 πρὸς
678 2435 812 2491 αὖτά
865 2437 1157 2510 ὁμοιότητα
1212 2438 1306 2494 οὐκ
1360 2438 1676 2495 ἀναίνονται.
1732 2442 1975 2500 Μανικῶς

336 2524 437 2601 γὰρ
464 2524 551 2578 καὶ
582 2522 727 2579 αὐτοὶ
779 2525 867 2581 καὶ
898 2524 1281 2605 ἀκατασχέτως
1337 2538 1458 2589 ταῖς
1511 2527 1646 2582 κατά
1687 2534 1778 2584 τοῦ
1849 2530 1979 2581 Θεοῦ

336 2609 719 2691 βλασφημίαις,
753 2611 1088 2690 ἐλαυνόμενοι
1129 2616 1230 2670 ὑπὸ
1271 2621 1378 2671 τῶν
1406 2620 1504 2682 τῆς
1532 2614 1787 2694 πονηρίας
1816 2615 1979 2671 πνεύ-

2059 1717 2310 1797 planetae
2337 1720 2711 1800 appellantur
2740 1730 2797 1782 et
2826 1721 2940 1802 ipsi
2966 1740 2979 1784 :
3025 1741 3142 1784 non
3165 1723 3321 1804 quod
3357 1723 3706 1784 firmamen-

2062 1812 2182 1864 tum
2213 1806 2350 1866 tidei
2378 1816 2592 1868 nostrae
2616 1820 2993 1885 exornantes,
3020 1808 3315 1871 Christum
3335 1809 3580 1889 justitiae
3607 1828 3707 1871 so-

2058 1891 2175 1952 lem
2204 1893 2462 1955 habeant
2507 1914 2612 1975 per
2654 1896 2814 1976 ipsos
2862 1897 3307 1978 procedentem,
3341 1906 3399 1959 et
3432 1898 3704 1960 virtutum

2060 1981 2235 2041 horas
2275 1983 2673 2061 perficientes,
2713 2003 2780 2046 ac
2811 1984 3019 2046 ﬁdeles
3047 1985 3148 2065 qui
3163 1989 3329 2064 juxta
3355 1986 3517 2065 ipsas
3538 1984 3706 2047 ordi-

2062 2080 2348 2131 narentur
2376 2072 2789 2150 viviﬁcantem,
2844 2073 2948 2135 sed
2980 2072 3136 2155 quod
3185 2074 3496 2135 videantur
3522 2073 3581 2134 in
3608 2091 3710 2135 an-

2059 2158 2255 2236 gelum
2284 2160 2433 2221 lucis
2466 2161 2905 2223 transformari:
2941 2162 3440 2242 quemadmodum
3464 2169 3526 2223 et
3542 2162 3709 2223 mali-

2058 2268 2207 2326 gnus
2254 2249 2483 2312 daemon
2545 2251 2646 2331 qui
2695 2252 2842 2331 ipsis
2876 2252 3338 2331 praedominatur
3372 2269 3384 2313 :
3422 2252 3481 2313 id
3514 2252 3706 2313 solum

2059 2336 2346 2398 habentes
2402 2340 2559 2420 quod
2612 2340 2923 2401 contrariis
2981 2341 3270 2418 dogmatis
3326 2340 3589 2403 ferantur
3633 2340 3704 2401 ad

2056 2424 2297 2486 Domini
2349 2427 2646 2508 dogmata,
2685 2447 2794 2507 per
2840 2448 2971 2510 quaa
3001 2439 3059 2491 et
3087 2430 3204 2491 illis
3234 2430 3335 2511 qui
3376 2430 3704 2511 appropin-

2061 2515 2543 2594 quanttenebras
2597 2516 2932 2599 offundunt,
2976 2526 3034 2578 et
3064 2518 3178 2579 sibi
3212 2518 3358 2599 ipsis
3390 2516 3704 2597 caliginem

2062 2611 2341 2665 aeternam
2398 2605 2738 2668 conciliant.
2798 2607 2918 2669 Sed
2976 2614 3035 2668 et
3080 2606 3256 2668 undis
3304 2606 3503 2669 efferis
3536 2624 3705 2668 com-

339 2700 545 2774 μάτων,
592 2699 924 2781 ὶπαφρίζουσι
976 2704 1071 2767 τάς
1116 2703 1314 2759 ἑαυτῶν
1365 2704 1643 2784 αἰσχύνας,
1679 2693 1772 2768 είς
1820 2702 1976 2782 ἀφρὸν

2066 2693 2272 2772 parati,
2327 2694 2772 2757 similitudinem
2827 2714 2962 2756 cum
3027 2696 3170 2777 ipsis
3227 2714 3344 2757 non
3400 2694 3701 2775 rejiciunt.

338 2787 789 2855 ἀππλευτῶντες
818 2792 953 2864 μετὰ
999 2793 1089 2848 τὸν
1117 2790 1325 2866 κόμπον
1374 2781 1493 2859 τῆς*
1529 2781 1890 2870 βλασφημίας,
1923 2789 1976 2846 ἐκ

2063 2783 2202 2843 632
2232 2781 2376 2843 Nam
2430 2782 2820 2865 blasphemiis
2870 2784 3152 2846 adversus
3199 2785 3384 2847 Deum
3413 2785 3622 2845 insane
3648 2792 3708 2844 et

336 2882 436 2945 τῆς
465 2885 556 2935 τοῦ
583 2879 697 2956 βίου
725 2879 897 2936 αὐτῶν
925 2881 1285 2939 ἀνυποστάτου
1310 2883 1399 2937 καὶ
1442 2879 1737 2940 εὖδιαλύτου
1764 2880 1976 2959 αἰσχρό-

2064 2871 2287 2933 effrene
2309 2872 2579 2933 feruntur
2607 2872 2796 2934 ventis
2827 2872 3087 2948 malitiae,
3121 2872 3541 2954 despumantes
3571 2889 3707 2933 suas

335 2986 524 3032 τητος.
548 2973 793 3031 Τοιοῦτος
818 2968 917 3049 γὰρ
948 2970 976 3024 6
1002 2969 1130 3048 πρὸς
1160 2968 1218 3024 ὃν
1241 2970 1667 3048 παρεικάσθησαν
1694 2968 1855 3049 ἀφρὸς
1876 2974 1976 3025 τῶν

2063 2960 2481 3038 impudentias,
2539 2961 2597 3021 in
2653 2980 2925 3042 spumam
2955 2962 3298 3023 desinentes
3331 2979 3455 3042 posx
3491 2962 3705 3022 fastum

337 3056 610 3130 κυμάτων.
1748 3048 1751 3049 ⁷
2003 3048 2039 3055 “
2064 3048 2471 3130 blasphemia),
2512 3068 2580 3111 ex
2610 3050 2968 3111 intolerabili
3002 3065 3061 3111 et
3102 3051 3323 3112 caduca
3358 3068 3462 3111 sua
3492 3050 3611 3110 vita
3638 3067 3707 3111 ac

2065 3138 2432 3218 turpitudine
2480 3157 2609 3218 quae
2674 3139 2847 3200 facile
2912 3139 3285 3201 dissolvitur.
3350 3137 3706 3217 Hujusmodi

2062 3244 2316 3307 namque
2348 3236 2441 3289 est
2481 3245 2689 3307 Spuma
2716 3228 3032 3301 undarum,
3063 3228 3156 3288 cui
3187 3226 3511 3307 comparati
3541 3236 3704 3289 sunt.

428 3340 459 3380 ε
492 3323 822 3403 Προεφήτευε
870 3320 922 3379 δὲ
970 3326 1058 3380 καὶ
1100 3324 1298 3388 τούτοις
1354 3320 1575 3399 ἕϐδομος
1645 3322 1750 3379 ἀπὸ
1809 3319 1976 3398 Ἀδὰμ

2147 3316 2345 3377 14-19.
2384 3317 2775 3396 Prophetuvit
2828 3323 3029 3378 autem
3076 3325 3131 3378 et
3176 3318 3271 3378 his
3316 3319 3604 3393 septimus
3636 3317 3709 3377 ab

339 3406 544 3490 Ἐνὼχ,
603 3409 789 3490 λέγων,
876 3408 1006 3469 Ἰδοὺ
1075 3410 1202 3480 ἦλθε
1280 3413 1464 3490 Κύριος
1526 3415 1581 3468 ἓν
1644 3413 1816 3489 ἁγίαις
1885 3433 1976 3486 μυ-

2062 3405 2253 3465 Adam
2284 3404 2519 3483 Enoch,
2553 3406 2758 3465 dicens
2791 3427 2802 3462 :
2858 3407 3004 3466 Ecce
3050 3407 3218 3466 venit
3249 3406 3538 3467 Dominus
3568 3421 3708 3467 cum

338 3499 509 3577 ριάσιν
586 3503 764 3575 αὐτοῦ,
854 3505 1074 3567 ποιῆσαι
1153 3500 1318 3580 κρίσιν
1371 3486 1523 3558 ’κατά
1605 3500 1814 3556 πάντων
1895 3507 1976 3562 καῖ

2070 3494 2294 3554 sanctis
2322 3493 2590 3554 millibus
2627 3496 2856 3572 suis,ut
2887 3496 3078 3571 faciat
3095 3494 3395 3573 judicium
3426 3493 3714 3555 adversus

336 3587 606 3666 ἐξελέγξαι
661 3589 862 3652 πάντας
914 3592 1034 3653 τούς
1116 3586 1327 3653 ἀσεϐεῖς
1412 3593 1584 3648 αὐτῶν
1651 3589 1767 3667 περὶ
1857 3588 1976 3644 πάν-

2073 3600 2282 3644 omnes
2311 3590 2367 3642 et
2428 3582 2755 3661 redarguat
2811 3599 3011 3643 omnes
3043 3585 3148 3662 qui
3201 3584 3363 3643 inter
3390 3587 3546 3661 ipsas
3573 3588 3716 3644 sunt

338 3698 447 3733 των
499 3683 605 3733 τῶν
677 3675 841 3756 ’έργων
910 3675 1149 3741 ἀσεϐείας
1234 3679 1428 3757 αὐτῶν,
1528 3680 1600 3733 ὧν
1693 3673 1976 3750 ἠσέϐησαν,

2065 3671 2271 3749 impiis
2301 3670 2372 3731 de
2426 3672 2604 3748 [actis
2661 3671 2938 3732 omnibus
2969 3688 3104 3751 quae
3155 3671 3336 3749 impie
3358 3677 3709 3751 patrarunt,

339 3766 427 3821 καὶ
509 3767 626 3844 περὶ
706 3768 916 3824 πάντων
998 3768 1105 3824 τῶν
1186 3766 1452 3847 σκληρῶν,
1538 3770 1612 3823 ὧν
1690 3764 1976 3838 ἐλάλησαν,

2066 3760 2258 3839 deque
2305 3758 2585 3822 omnibus
2639 3762 2808 3821 duris
2860 3779 2996 3840 quce
3026 3760 3210 3822 locuti
3248 3766 3392 3822 sunt
3421 3762 3715 3823 adversus

342 3851 461 3909 κατ’
490 3854 647 3912 αὐτοῦ
676 3853 975 3933 ἁμαρτωλοὶ
1019 3854 1255 3921 ἀσεϐεῖς.
1312 3855 1464 3915 Οὗτοί
1513 3856 1611 3912 εἶσι
1669 3854 1976 3934 γογγυσταὶ,

2067 3867 2202 3909 eum
2224 3857 2563 3928 peccatores
2618 3851 2812 3928 impii.
2873 3849 2961 3910 [ιι
3018 3856 3157 3910 sunt
3205 3856 3713 3927 murmuratores,

342 3945 715 4024 μεμψίμοιροι,
766 3946 901 4002 κατά
956 3946 1048 4011 τάς
1090 3946 1360 4022 ἐπιθυμίας
1402 3945 1572 4002 αὖτῶν
1613 3945 1976 4024 πορευόμενοι.

2066 3937 2469 4007 cavillatores.
2484 3946 2670 4016 juxta
2702 3939 3217 4019 concupiscentias
3238 3954 3378 3999 suas
3399 3938 3719 4000 ambulan-

344 4033 445 4090 Καὶ
472 4035 535 4088 τὸ
563 4033 734 4108 στόμα
764 4033 933 4091 αὒτῶν
974 4033 1131 4092 λαλεῖ
1159 4035 1446 4115 ὑπέρογκα,
1480 4035 1827 4112 θαυμάζοντες
1859 4033 1976 4112 πρό-

2068 4034 2158 4089 tes
2190 4048 2203 4087 :
2240 4034 2294 4088 et
2345 4045 2407 4088 os
2438 4027 2676 4089 illorum
2735 4026 3006 4105 loquitur
3052 4026 3311 4101 tumida,
3347 4027 3719 4090 admirantes

343 4142 498 4177 σωπα
527 4120 783 4203 ὠφελείας
812 4123 994 4203 χάριν.
1040 4143 1071 4185 )

2064 4133 2347 4197 personas
2378 4116 2664 4178 utilitatis
2692 4120 2923 4198 gratia.

421 4216 597 4268 Ταῦτα
676 4213 862 4291 εἰπὼν,
972 4213 1202 4294 ἐπιφέρει
1284 4215 1372 4269 καὶ
1452 4215 1542 4270 τὸν
1628 4209 1806 4291 Ἐνὼχ
1886 4210 1976 4276 τὴν

2150 4203 2256 4266 His
2281 4204 2453 4266 dictis
2482 4204 2785 4286 subjungit
2815 4215 2874 4267 et
2912 4205 3139 4294 Enoch,
3166 4203 3265 4284 qui
3297 4212 3476 4267 antea
3504 4206 3713 4267 vatici-

340 4298 699 4374 ἀποκειμένην
782 4304 965 4367 αὐτοῖς
1035 4293 1429 4381 προφητεύοντα
1508 4302 1608 4358 ὑπὸ
1683 4309 1776 4359 τοῦ
1857 4306 1976 4357 Θεοί

2070 4303 2240 4357 natus
2273 4301 2361 4355 est
2415 4295 2743 4381 repositum
2803 4294 2949 4376 ipsis
3006 4314 3040 4355 a
3089 4293 3210 4355 Deo
3234 4295 3623 4381 supplicium,
3655 4297 3718 4356 in

339 4386 572 4478 κάκωσιν
598 4387 654 4444 ἐν
811 4389 1031 4478 ,ἐσχάτῃ
1080 4376 1332 4457 δηλονότι
1386 4397 1479 4447 τοῦ
1501 4476 1514 4478 Α
1536 4395 1668 4446 Θεοῦ
1696 4386 1976 4478 δικαιοκρι-

2071 4376 2680 4478 ροειιθεηιονίάοιὶοει
2707 4382 2815 4445 Dei
2859 4383 3109 4463 judicio.
3149 4380 3320 4478 {Qui
3348 4383 3503 4478 iuter
3552 4383 3720 4478 ipsos

340 4477 448 4548 σίᾳ.
489 4498 518 4531 α
554 4478 652 4536 Καὶ
680 4469 938 4555 ἐξελέγξαι
967 4480 1168 4543 πάντας
1212 4480 1332 4545 τοὺς
1390 4476 1602 4543 ἀσεϐεῖς
1673 4497 1702 4538 )
1756 4474 1976 4544 Ἀσεϐὴς

2069 4479 2209 4533 sunt
2232 4470 2419 4554 impii.
2438 4496 2460 4530 ο
2499 4470 2721 4551 Impius
2750 4490 2783 4531 a
2806 4480 3118 4552 peccatore
3146 4469 3437 4546 differt,in
3463 4490 3532 4531 eo
3556 4472 3715 4552 quod

338 4564 656 4645 ἁμαρτωλοῦ
704 4564 955 4647 διαφέρει,
1014 4570 1143 4625 καθὸ
1199 4570 1228 4624 6
1284 4569 1381 4645 μὲν
1424 4565 1617 4635 ἀσεϐὴς
1669 4567 1786 4646 περὶ
1855 4567 1976 4623 Θεὸν

2066 4560 2284 4640 impius
2316 4569 2618 4642 peccatum
2655 4558 2831 4621 habet
2853 4560 3013 4621 circa
3033 4558 3247 4633 Deum,
3272 4568 3552 4641 peccator
3582 4577 3717 4621 vero

339 4653 458 4735 ἔχει
488 4656 551 4711 τὸ
578 4653 914 4734 πλημμελὲς,
973 4658 1002 4714 6
1044 4654 1099 4713 δὲ
1149 4655 1463 4735 ἁμαρτωλὸς
1492 4657 1608 4735 περὶ
1635 4656 1702 4712 τὰ
1728 4655 1865 4713 κατά
1891 4655 1976 4711 τὸν

2065 4650 2221 4713 circa
2252 4668 2321 4710 ea
2349 4667 2482 4729 quae
2510 4656 2765 4728 aguntur
2796 4649 2856 4709 in
2899 4648 3027 4709 vitae
3076 4650 3524 4710 conversatione
3555 4666 3587 4712 a
3610 4649 3717 4730 ju-

338 4743 452 4819 βίον
507 4745 861 4824 πραττόμενα,
940 4747 1035 4802 τνῦ
1100 4749 1197 4812 τῆς
1265 4743 1598 4811 δικαιοσύνης
1684 4747 1883 4802 σκοποῦ
1929 4745 1992 4802 τὸ

341 4831 651 4911 ἀστόχημα.
733 4835 879 4892 Μετά
947 4832 1003 4890 δὲ
1058 4836 1222 4890 ταῦτα
1293 4834 1551 4914 ἀφέμενος
1607 4834 1803 4890 τούτων
1884 4839 1991 4889 τῶν

339 4918 582 5000 ἀσελγῶν
638 4923 995 5000 ὁμοιώματος,
1051 4920 1154 4990 ἤδη
1225 4924 1310 4979 καὶ
1368 4925 1441 4987 είς
1513 4922 1830 5002 αὐτόχρημα
1886 4928 1986 4989 τῆς

337 5007 458 5066 κατ’
517 5011 689 5067 αὐτῶν
746 5008 1004 5079 ἐνδείξεως
1050 5025 1247 5095 χωρεῖ,
1306 5011 1600 5091 γογγυστὰς
1658 5011 1842 5074 αὐτοὺς
1901 5011 1988 5066 καὶ

341 5118 441 5174 μείς
455 5099 798 5179 ψιχιμοίρους
853 5092 1089 5163 καλῶνξ
1122 5092 1284 5159 ’Ἐστι
1346 5099 1398 5157 δὲ
1450 5099 1747 5179 γογγυστῆς
1793 5099 1909 5173 μὲν,
1958 5101 1986 5154 δ

338 5184 430 5243 ὑπ’
486 5185 673 5246 ὀδόντα
751 5191 839 5247 καὶ
913 5192 1348 5271 ἀπαῤῥηοιάστως
1396 5196 1476 5265 τῷ
1530 5186 1989 5267 δυσαρεστουμένῳ

341 5273 794 5356 ἐπιμεμφόμενος.
857 5282 1220 5361 Μεμψιμοιρος
1298 5278 1353 5336 δὲ
1432 5281 1461 5335 6
1518 5277 1690 5334 πάντα
1753 5278 1840 5333 καὶ
1910 5278 1988 5333 ἀεὶ

337 5362 604 5422 σκώπτειν
687 5365 1031 5435 ἐπιτηδεύων.
1114 5369 1404 5448 Γογγυσταὶ
1478 5365 1532 5423 δὲ
1615 5366 1703 5422 καὶ
1779 5366 1986 5441 μεμψί-

418 5529 483 5583 ω
509 5528 713 5597 IPetr.
743 5549 830 5597 tu.
917 5536 941 5598 Ι
969 5534 1123 5599 Tim.
1160 5554 1221 5601 ιι.

2071 4738 2247 4801 stitia;
2282 4758 2462 4819 scopo
2507 4738 2763 4799 aberrat.
2816 4736 2953 4798 Post
2983 4738 3109 4799 haec
3151 4745 3349 4799 autem
3381 4736 3453 4799 ab
3501 4741 3714 4802 horum

2071 4827 2388 4909 impiorum
2421 4826 2847 4889 assimilatione
2873 4825 3209 4902 absolutus,
3238 4827 3362 4907 jam
3403 4844 3530 4888 rem
3562 4847 3717 4908 quo-

2071 4935 2186 4999 que
2240 4918 2428 4997 ipsam
2473 4913 2832 4996 aggreditur,
2892 4934 3180 4979 accusans
3228 4917 3495 4997 ipsorum
3555 4916 3715 4992 vitia,

2071 5023 2405 5086 vocansque
2463 5024 2564 5066 eos
2596 5013 3068 5068 murmuratores
3097 5026 3165 5066 ac
3195 5004 3587 5068 cavillatores.
3617 5004 3721 5066 Est

2069 5101 2265 5159 autem
2300 5094 2538 5175 prOprie
2562 5097 2883 5173 γογγυστῆς,
2917 5094 3018 5176 qui
3040 5094 3147 5157 sub
3180 5094 3458 5156 dentibus
3479 5102 3538 5156 et
3560 5093 3719 5176 apud

2070 5204 2136 5247 se
2166 5184 2509 5264 indignatur
2564 5182 2938 5245 olfendenti:
2996 5187 3349 5263 μεμψὶμοιρος
3406 5200 3570 5263 vero,
3617 5182 3719 5264 qui

2071 5291 2311 5353 semper
2339 5272 2537 5334 studet
2565 5290 2773 5334 omnes
2832 5271 3091 5334 cavillari
3141 5281 3197 5334 et
3225 5271 3491 5335 dicteriis
3522 5271 3712 5335 laces-

2071 5380 2227 5424 sere.
2262 5363 2439 5423 Porro
2477 5361 2538 5423 hi
2573 5370 3037 5426 murmuratores
3084 5380 3152 5425 ac
3181 5361 3549 5424 cavillatores
3581 5380 3719 5424 sco~
