4192 6212
478 307 599 378 ’719
1265 309 1678 376 (ΕΟΠΜΕΝΙΙ
1719 311 2014 375 TMCCIE
2052 312 2093 372 Ε

2176 309 2385 373 SCOPI
2431 312 2512 375 IN
2554 312 2798 375 EPIST.
2842 307 3076 382 JUDE,
3733 299 3859 368 720

485 446 619 509 lesti
636 453 796 520 sunt,
827 444 1039 527 inquit,
1066 462 1196 506 cum
1222 441 1411 505 libere
1454 451 1514 504 et
1537 443 1724 522 palam
1751 461 1866 503 non
1900 441 2093 523 possin

2176 471 2188 498 ι
2210 464 2380 521 μοιροι
2411 445 2552 500 οὗτοι
2585 446 2632 500 οἱ
2677 443 2876 523 μιαροὶ,
2937 443 3117 522 φησίν.
3164 445 3236 500 Οὐ
3289 443 3388 521 γὰρ
3415 441 3598 522 ἔχουσι
3641 438 3852 518 παῤῥη-

481 553 587 598 sua
610 535 879 598 doctrina
905 534 988 597 uti
1020 540 1262 614 propter
1288 531 1613 593 foeditatem
1645 551 1656 593 :
1695 550 1811 593 non
1842 532 2000 592 enim
2033 548 2093 592 ca

2205 530 2318 585 σίαν
2359 537 2428 607 τῇ
2472 529 2778 604 διδασκαλίᾳ
2829 531 3028 588 ἑαυτῶν
3093 529 3166 587 δι’
3227 530 3557 610 αἰσχρότητα
3628 531 3848 609 χρήσα-

479 633 641 688 reret
670 623 935 706 periculo
965 621 1268 703 publicare
1317 619 1747 700 impudicitiam
1770 621 1976 700 juncta
2004 620 2093 680 imi

2204 621 2342 706 σθαι.
2403 621 2476 677 Οὐ
2531 621 2630 698 γὰρ
2683 618 2946 677 ἀκίνδυνον
3005 618 3339 694 δημοσιεύειν
3389 619 3484 686 τὴν
3539 619 3672 694 μετά
3713 617 3848 706 ἀσε-

480 704 697 793 pietate
729 729 797 774 ac
821 709 1212 790 blasphemia.
1248 708 1631 771 Cavillatores
1669 727 1804 770 vero
1831 715 1894 770 ut
1922 708 2025 788 qui
2055 726 2093 768 ο.

2201 704 2343 771 ϐείας
2425 707 2513 765 καὶ
2596 706 2934 788 βλασφημίας
2989 706 3288 786 ἀσέλγειαν.
3349 707 3706 793 Μεμψίμοιροι
3763 704 3843 785 δὲ,

477 792 607 882 ιιυω
641 807 783 863 sunt
808 799 1080 871 aliorum,
1114 797 1235 858 imo
1283 815 1414 877 qua;
1445 796 1706 858 veritatis
1729 805 1864 858 sunt
1887 797 2093 859 calum

2199 797 2272 860 ὡς
2315 796 2381 852 τὰ
2421 801 2526 853 τῶν
2568 795 2742 854 ἄλλων
2786 799 2874 852 καὶ
2916 797 2982 852 τὰ
3027 801 3125 863 τῆς
3171 795 3418 862 ἀληθείας
3447 792 3838 868 διαϐάλλοντες,

475 891 732 967 niantur,
766 910 881 973 quo
907 889 1181 952 videlicet
1219 908 1323 950 sua
1384 889 1535 950 mala
1564 907 1820 970 suasque
1850 888 2093 951 lascivia:

2196 882 2288 973 ξίνα
2335 887 2394 941 τὰ
2414 887 2610 973 ,οἰκεῖα
2649 886 2784 942 κατά
2839 883 2993 973 δῆθεν
3046 887 3134 973 καὶ
3175 883 3523 973 ἀσελγῆ-ματα
3549 884 3839 973 στήσωσιν,

475 962 802 1044 εωδίιίεὲιιῖ
835 979 1000 1052 Quod
1032 986 1230 1041 autem
1284 978 1358 1040 de
1404 979 1640 1041 Balaam
1673 962 1841 1060 dixit,
1872 977 2029 1059 quod
2057 979 2091 1038 h

2200 962 2378 1052 ιὈπερ
2405 971 2461 1029 δὲ
2503 975 2735 1051 περὶτοῦ
2789 972 3014 1050 Βαλαὰμ
3054 971 3292 1054 εἴρηκεν,
3353 971 3433 1028 ὅτι
3489 974 3677 1046 μισθοῦ
3741 971 3840 1028 καί

473 1087 708 1150 quoque
737 1070 887 1132 sicut
917 1068 1002 1130 illi
1051 1067 1332 1129 mercede
1361 1067 1534 1129 eﬂ‘usi
1563 1065 1701 1142 sint,
1752 1067 2093 1128 manifestiu:

2196 1064 2336 1120 οὗτοι
2367 1065 2439 1126 ὡς
2467 1063 2673 1128 ἆκεῖνος
2724 1062 3068 1142 ἐξεχύθησαν,
3130 1072 3214 1122 νῦν
3276 1061 3596 1141 σαφέστερόν
3653 1082 3841 1142 φησιν,

473 1149 634 1222 nunc
688 1158 834 1221 dicit
873 1156 1031 1238 quod
1091 1171 1375 1236 personas
1425 1154 1797 1217 admirentur
1851 1154 2085 1216 utilitati

2199 1149 2280 1206 ὅτι
2321 1152 2578 1231 πρόσωπα
2619 1153 2966 1227 θαυμάζουσιν
3009 1150 3264 1232 ὠφελείας
3324 1151 3508 1231 χάριν,
3543 1150 3842 1238 ,θαυμάζειν

471 1246 678 1326 gratia.
713 1236 1010 1309 Admirari
1041 1244 1282 1325 quidem
1312 1244 1542 1325 dicens,
1573 1243 1857 1307 assentari
1891 1242 2093 1323 princi-

2199 1241 2319 1315 μὲν,
2353 1241 2414 1296 τὸ
2437 1239 2736 1306 κολακικῶς
2765 1242 2949 1305 αὖτοὺς
2993 1243 3222 1321 χρῆσθαι
3262 1252 3381 1302 τοῖς
3411 1239 3466 1295 ἂν
3494 1237 3637 1296 τέλει
3668 1236 3842 1316 λέγων

472 1335 673 1417 pibus,
706 1334 1017 1398 utilitatem
1043 1351 1184 1396 vero
1204 1333 1458 1395 lucrum.

2200 1327 2457 1408 ὠφέλειαν
2499 1327 2552 1384 δὲ
2593 1331 2655 1386 τὸ
2696 1327 2898 1409 κέρδος.

1098 1436 1344 1502 CAPUT
1388 1437 1484 1503 III.

2820 1441 3071 1497 suam.
3118 1423 3202 1495 1".

471 1535 701 1597 ϐὅδΒε
709 1533 1078 1614 ﬁrmitatein
1088 1532 1208 1612 ﬁde
1218 1549 1422 1594 eorum
1434 1532 2093 1614 adquosscribit:quod-

2198 1548 2227 1581 ι
2260 1529 2383 1614 Περί
2410 1525 2693 1614 ἀσφαλείας
2723 1529 2893 1614 αῦτῷν
2914 1527 3000 1614 ἐπὶ
3017 1534 3087 1614 τῇ
3110 1527 3307 1614 πίστει,
3329 1527 3649 1614 συμπαθείας
3669 1546 3727 1582 τε
3747 1526 3838 1614 καὶ

549 1632 666 1696 que
683 1605 1164 1696 componendum
1183 1619 1242 1673 et
1251 1605 1623 1696 parcendum
1635 1615 1712 1675 sit
1732 1605 2015 1696 proaimo
2038 1615 2093 1696 at

2271 1605 2473 1696 ιρειδοῦς
2495 1605 2600 1696 ζεῖς
2637 1610 2728 1696 τὸν
2784 1607 3032 1696 πλησίον.
3067 1607 3150 1664 ἐπὶ
3201 1605 3444 1696 σωτηρία.
3475 1605 3830 1696 ἐκὰγιασμῷ..

547 1685 956 1774 ialutem'qute
976 1700 1060 1774 est
1080 1695 1146 1753 in
1163 1685 1648 1774 sanctiﬁcatione
1678 1711 1697 1750 :
1725 1685 1781 1754 et
1797 1693 1867 1774 de
1884 1694 2093 1774 ﬁducic

2271 1688 2424 1774 ὶξύχῂ
2455 1687 2640 1774 at?th
2681 1689 2754 1750 εἷς
2815 1689 3099 1768 ἀγιασμὸν,
3164 1688 3253 1744 καὶ
3315 1685 3576 1764 παῤῥησία
3634 1686 3832 1764 καθαρὰ

541 1792 705 1856 pura
722 1765 859 1836 cum
876 1772 1144 1851 δοξολογίᾳ
1164 1769 1249 1852 (id
1269 1779 1357 1834 est
1370 1765 1835 1852 'gloriﬁcatione)
1859 1765 2093 1835 Christi.

2271 1765 2361 1824 σὺν
2373 1765 2662 1847 ίδοξολογίᾳ
2692 1774 2935 1846 Χριστοῦ.
2973 1790 3002 1823 ι

545 1875 752 1941 2οο25.
796 1875 905 1938 Vos
953 1881 1177 1949 autem,
1227 1873 1460 1954 dilecti,
1509 1875 1870 1937 meministis
1900 1874 2093 1937 verbo-

2277 1890 2300 1924 ε
2353 1860 2538 1945 ’Υμεῖς
2582 1868 2659 1950 δὲ,
2719 1870 3004 1949 ἀγαπητοὶ,
3065 1869 3334 1945 μνήσθητε
3402 1873 3506 1925 τῶν
3576 1869 3830 1946 ῥημάτων

467 1981 611 2027 rum
643 1981 776 2044 qua:
826 1963 1120 2043 praedicta
1161 1962 1412 2026 fuerunt
1444 1962 1520 2024 ab
1551 1965 1839 2042 apostolis
1860 1964 2093 2025 Domina

2186 1963 2292 2013 τῶν
2407 1957 2804 2038 προειρημένων
2908 1960 3010 2014 ὑπὸ
3117 1959 3222 2014 τῶν
3323 1956 3635 2014 ἀποστόλων
3741 1967 3838 2016 τοῦ

463 2055 659 2117 nostri
716 2051 860 2115 Jesu
920 2049 1178 2125 Christi,
1223 2051 1384 2130 quod
1409 2051 1682 2113 dixerint
1712 2051 1875 2114 vobis
1904 2061 1971 2114 in
1998 2070 2093 2115 ea:-

2190 2048 2374 2126 Κυρίου
2444 2050 2599 2124 ἡμῶν
2669 2048 2844 2114 Ἰησοῦ
2914 2054 3157 2127 Χριστοῦ,
3243 2045 3323 2102 ὅτι
3412 2046 3596 2126 ἔλεγον
3677 2049 3832 2122 ὑμῖν,

467 2149 656 2206 tremo
685 2149 948 2221 tempore
980 2140 1220 2217 futuros
1261 2138 1548 2202 illusores
1591 2141 1698 2220 qui
1751 2143 1930 2218 juxta
1967 2159 2093 2204 sua:

2187 2135 2266 2192 ὅτι
2326 2136 2379 2193 ἐν
2455 2137 2670 2217 ἐσχάτῳ
2741 2137 2922 2216 χρόνῳ
3003 2135 3210 2193 ἔσονται
3295 2136 3612 2211 ὶμπαῐκται,
3695 2136 3835 2192 κατὰ

461 2235 686 2312 impias
723 2230 1085 2311 cupiditates
1136 2227 1547 2291 ambularent.
1579 2232 1660 2294 Hi
1693 2237 1844 2292 sunt
1871 2231 1978 2308 qui
2005 2248 2103 2292 se-

460 2328 746 2402 gregant,
809 2318 1111 2383 animales
1161 2320 1444 2399 spiritum
1491 2337 1614 2381 non
1643 2320 1949 2382 habentes.
1995 2321 2104 2383 Vos

462 2417 691 2481 autem,
751 2408 974 2481 dilecti,
1034 2409 1431 2470 sanctissima:
1483 2415 1690 2471 vestrm
1714 2408 1856 2488 ﬁdei
1882 2426 2100 2486 saper-

460 2505 756 2561 struentes
801 2501 1064 2575 vosipsos
1115 2513 1221 2575 per
1269 2494 1574 2576 Spiritum
1599 2504 1876 2559 sanctum
1910 2513 2099 2558 oran-

461 2595 564 2661 tes,
598 2591 867 2666 vosipsos
895 2586 961 2646 in
990 2583 1286 2646 charitate
1314 2583 1433 2646 Dei
1459 2592 1720 2660 servate,
1741 2595 2101 2664 exspectan-

457 2683 542 2736 tes
566 2673 1052 2736 misericordiam
1088 2673 1558 2735 Domini-nostri
1585 2674 1730 2735 Jesu
1760 2672 1987 2736 Christi
2034 2676 2099 2736 in

455 2763 642 2825 vitam
667 2768 976 2824 ceter-nam.
1038 2761 1122 2823 Et
1169 2761 1273 2822 hos
1300 2761 1541 2842 quidem
1585 2763 2101 2826 commiseremi-ni

451 2851 852 2914 discernentes
879 2870 896 2926 ;
926 2849 1066 2912 illos
1095 2855 1301 2912 autem
1327 2868 1442 2928 per
1477 2852 1756 2926 timorem
1779 2850 1974 2914 salvos
2008 2852 2098 2917 fa-

456 2942 593 3016 cite,
653 2957 731 3002 ea:
786 2940 1068 3002 incendio
1126 2941 1450 3017 rapientes,
1499 2941 1635 3003 odio
1675 2951 2100 3022 persequentes

453 3031 641 3092 etiam
682 3047 816 3111 quae
847 3034 913 3091 in
940 3046 1126 3091 carne
1155 3035 1241 3090 est
1268 3029 1639 3092 maculatam
1691 3032 1982 3092 tunicam.
2018 3032 2102 3094 Ei

456 3136 594 3182 vero
622 3119 727 3198 qui
750 3125 945 3199 potest
981 3117 1124 3179 illos
1150 3135 1389 3180 servare
1426 3136 1465 3180 a
1488 3126 1741 3200 peccato
1772 3121 2092 3197 immunes,

457 3215 516 3270 et
545 3183 819 3271 sta‘tuei'e
871 3209 938 3269 in
993 3213 1306 3287 conspectu
1353 3183 1565 3288 gloriae
1635 3227 1761 3270 suae
1813 3183 2154 3272 incauta;c

449 3299 707 3359 minutos
753 3312 893 3358 cum
923 3293 1342 3369 exsultatione,
1369 3294 1485 3358 soli
1509 3298 1771 3376 sapienti
1800 3299 1925 3360 Deo
1955 3298 2094 3360 Sat-

446 3386 646 3448 uatori
681 3389 897 3447 nostro
953 3381 1176 3463 gloria,
1218 3392 1278 3446 et
1307 3386 1778 3466 magniﬁcentia,
1813 3394 1872 3450 et
1897 3389 2090 3467 impe-

449 3475 692 3536 rium'et
713 3479 983 3553 potestas
1012 3488 1172 3534 nunc
1201 3479 1256 3535 et
1286 3472 1351 3534 in
1373 3476 1579 3536 omnia
1603 3475 1845 3538 sarcula.
1871 3478 2084 3540 Amen.

541 3561 930 3626 eMeministis
962 3558 1277 3622 verborum
1308 3580 1437 3642 quae
1461 3561 1737 3642 praedicta
1764 3565 2088 3629 fueruntab

445 3651 796 3732 apostolis»
824 3653 1054 3729 Nempe
1071 3667 1106 3710 a
1121 3649 1293 3710 Petro
1311 3651 1372 3710 in
1394 3653 1652 3713 secunda
1672 3651 1953 3732 Epistola,
1978 3662 2034 3716 et
2053 3673 2087 3715 a

450 3739 632 3824 Paulo
661 3739 722 3799 in
753 3738 1000 3814 singulis
1049 3737 1236 3799 ferme
1292 3738 1592 3818 Epistolis.
1624 3739 1710 3801 Ex
1745 3742 1858 3803 hoc
1887 3753 2084 3805 autem

448 3826 828 3889 manifestum
845 3833 932 3886 est
945 3825 1100 3905 quod
1115 3834 1376 3889 extremo
1410 3837 1674 3909 tempore
1689 3830 1809 3892 haec
1823 3833 2085 3913 scripse-

449 3916 690 3990 rit,cum
697 3915 824 3994 jam
843 3931 1080 3974 cursum
1097 3933 1268 3975 suum
1288 3915 1954 3999 perfecissentapostoli.
1979 3923 2087 3984 «Hi

451 4003 700 4084 suntqui
710 4011 1064 4081 segregant.»
1074 4001 1226 4064 Ecce
1239 4003 1396 4064 aliud
1410 4007 1634 4068 crimen
1648 4009 2092 4071 scelestissimo-

443 4091 842 4154 rumistorum
855 4089 1388 4170 hominum.Neque
1399 4096 1556 4154 enim
1572 4095 1686 4175 ipsi
1700 4097 1808 4158 soli
1825 4111 2088 4178 pereunt,

443 4178 1335 4262 inquit,verumetiamEcclesiae
1347 4182 1618 4245 alumnos
1639 4185 2082 4266 depraedantur:

444 4272 593 4332 Nam
617 4270 729 4330 hoc
750 4267 865 4329 sibi
880 4267 1004 4328 vult
1022 4268 1357 4347 signiﬁcare
1374 4271 1741 4352 ἆποδιορίζειν,
1777 4277 1833 4336 id
1868 4285 1955 4338 est
1987 4297 2088 4339 se-

444 4375 718 4457 gregare,
739 4357 880 4417 654
900 4357 1013 4418 hoc
1032 4366 1140 4428 est,
1165 4366 1328 4419 extra
1349 4361 1634 4422 terminos
1657 4364 2089 4428 ecclesiasticos

2176 4356 2417 4433 βούλεται
2484 4359 2626 4433 αὐτῷ
2668 4358 2990 4440 σημαίνειν),
3053 4360 3339 4442 τουτέστιν,

2183 2226 2278 2287 τὰς
2339 2226 2538 2284 ἑαυτῶν
2611 2224 2884 2300 ἐπιθυμίας
2958 2223 3304 2305 πορευόμενοι
3373 2231 3480 2280 τῶν
3550 2221 3826 2282 ἀσεϐειῶν.

2185 2315 2338 2372 Οὗτοί
2431 2316 2558 2370 εἰσιν
2655 2317 2702 2370 οἱ
2796 2312 3209 2394 ἀποδιορίζοντες
3293 2314 3536 2393 ψυχικοὶ,
3620 2314 3828 2388 πνεῦμα

2184 2403 2261 2478 μὴ
2348 2401 2589 2483 ἔχοντες.
2680 2394 2865 2478 ’Υμεῖς
2949 2401 3002 2458 δὲ
3088 2402 3386 2480 ἀγαπηποὶ,
3444 2407 3513 2478 τῇ
3554 2401 3826 2480 ἁγιωτάττι

2183 2495 2330 2569 ὐμῶν
2407 2495 2578 2550 πίστει
2663 2491 3124 2568 ἐποικοδομοῦντες
3209 2493 3422 2556 ἑαυτοὺς
3503 2495 3561 2548 εν
3653 2491 3821 2547 Πνεύ-

2183 2605 2310 2658 ματι
2401 2583 2534 2661 ἁγίῳ
2632 2583 3050 2660 προσευχόμενοι
3157 2581 3369 2645 ἑαυτοὺς
3478 2580 3533 2635 ἐν
3636 2580 3820 2658 ἀγάπη

2183 2671 2314 2728 Θεοῦ
2378 2673 2670 2750 τηρήσατε,
2727 2669 3142 2750 προσδεχόμενοι
3211 2672 3271 2726 τὸ
3328 2669 3473 2732 ’έλεος
3547 2677 3640 2728 τοῦ
3711 2679 3820 2728 Κυ-
3867 2679 3876 2688 ’

2181 2761 2290 2837 ρίου
2345 2761 2499 2835 ἡμῶν
2555 2757 2732 2826 Ἰησοῦ
2801 2766 3027 2838 Χριστοῦ
3094 2760 3166 2823 εἷς
3231 2759 3373 2829 ζωὴν
3432 2759 3662 2818 αἰώνιον.
3727 2759 3824 2816 Καὶ

2182 2850 2267 2914 οὓς
2343 2850 2421 2925 μὴ
2494 2848 2696 2906 ἐλεεῖτε
2766 2846 3175 2928 διακρινόμενοι,
3259 2849 3346 2911 οὓς
3414 2845 3469 2904 δὲ
3554 2847 3609 2902 ἂν
3676 2847 3825 2928 φόϐῳ

2181 2937 2395 3010 σώζετε,
2469 2936 2529 2993 ix
2601 2937 2762 3014 πυρὸς
2841 2937 3177 3014 ἁρπάζοντες,
3251 2943 3522 3012 μισοῦντες
3589 2937 3678 2992 καὶ
3729 2938 3821 2994 τὸν

2179 3024 2286 3081 ἀπὸ
2341 3031 2440 3093 τῆς
2495 3027 2684 3105 σαρκὸς
2756 3023 3122 3101 ἐσπιλωμένον
3182 3029 3407 3105 χιτῶνα.
3475 3030 3562 3098 Τῷ
3603 3021 3659 3080 δὲ
3727 3023 3821 3083 δυ-

2180 3113 2390 3190 ναμένῳ
2460 3112 2679 3194 φυλάξαι
2766 3115 2954 3178 αὐτοὺς
3037 3115 3372 3188 ἀπταίστους,
3459 3113 3547 3169 καὶ
3628 3118 3819 3180 στῆσαι

2177 3203 2500 3260 κατενώπιον
2553 3208 2652 3270 τῆς
2734 3201 2888 3270 δόξης
2962 3203 3117 3260 αὐτοῦ
3186 3203 3440 3278 ἀμώμους
3512 3201 3567 3258 ἐν
3643 3201 3819 3281 ἀγαλ-

2173 3289 2366 3368 λιάσει,
2427 3293 2575 3368 μόνῳ
2637 3299 2784 3372 σοφῷ
2837 3299 2952 3367 Θεῷ
3021 3299 3231 3372 Σωτῆρι
3301 3296 3479 3372 ἡμῶν,
3529 3290 3649 3357 δόξα
3729 3293 3817 3348 καὶ

2174 3379 2548 3462 μεγαλωσύνη,
2593 3382 2782 3461 κράτος
2838 3382 2924 3438 καὶ
2969 3379 3191 3462 ἐξουσία,
3251 3384 3336 3438 νῦν
3379 3382 3466 3438 καὶ
3514 3382 3587 3444 εἷς
3616 3381 3816 3443 πάντας

2170 3473 2292 3534 τοὺς
2321 3471 2536 3532 αἰῶνας.
2571 3468 2765 3546 Ἀμήν.
2807 3493 2830 3529 ι

2247 3579 2282 3614 .‹‹
2331 3561 2612 3629 Μνήσθητε
2658 3566 2764 3616 τῶν
2831 3559 3082 3638 ῥημάτων
3136 3567 3244 3617 τῶν
3271 3559 3667 3641 προειρημένων
3713 3561 3812 3615 ὑπὸ

2174 3653 2279 3703 τῶν
2339 3647 2670 3722 ἀποστόλων,
2734 3671 2762 3705 ι
2820 3655 2925 3705 τῶν
3001 3650 3100 3706 ὑπὸ
3158 3649 3354 3729 Πέτρου
3396 3650 3450 3706 ἐν
3491 3657 3560 3728 τῇ
3604 3647 3813 3725 δευτέρᾳ

2176 3733 2489 3814 Ἐπιστολῇ,
2534 3738 2620 3794 καὶ
2660 3739 2760 3794 ὑπὸ
2790 3733 2994 3794 Παύλου
3022 3738 3076 3794 ἐν
3103 3740 3248 3816 πάσῃ
3277 3738 3470 3819 σχεδὸν
3501 3737 3815 3813 Ἐπιστολῇ.

2177 3823 2272 3882 Ἐκ
2311 3825 2494 3881 τούτου
2540 3823 2600 3880 δὲ
2649 3823 2830 3893 δῆλον,
2867 3825 2946 3882 ὅτι
2977 3825 3206 3907 ἔσχατον
3249 3829 3382 3904 μετὰ
3421 3829 3483 3883 τὸ
3539 3825 3819 3907 παρελθεῖν

2175 3915 2295 3977 τοὺς
2367 3913 2688 3979 ἀποστόλους
2762 3913 2956 3995 ἔγραφε
3012 3923 3197 3976 ταῦτα.
3276 3941 3304 3972 α
3365 3917 3519 3974 Οὗτοί
3575 3917 3702 3972 εἰσιν
3771 3916 3818 3970 οἱ

2176 4001 2612 4082 ἀποδιορίζοντες.
2663 4026 2692 4058 ι
2756 4002 2887 4061 Ἰδοὺ
2930 4003 3110 4084 ἕτερον
3161 4004 3406 4084 ἔγκλημα
3447 4011 3554 4062 τῶν
3609 4025 3818 4082 μιαρω-

2171 4091 2343 4147 τάτων
2393 4093 2589 4148 τούτων
2641 4092 2948 4172 ἀνθρώπων.
2996 4095 3067 4151 Οὐ
3120 4096 3219 4173 γὰρ
3277 4097 3420 4154 αὐτοὶ
3451 4096 3626 4174 μόνοι,
3657 4093 3817 4173 φησὶν

2171 4177 2512 4252 ἀπόλλυνται,
2574 4179 2710 4240 ἀλλὰ
2765 4184 2853 4238 καὶ
2892 4183 3013 4246 τοὺς
3070 4183 3165 4250 τῆς
3219 4183 3536 4251 Ἐκκλησίας
3599 4183 3812 4240 ἀποσυ-

2173 4266 2306 4324 λῶσι
2373 4271 2676 4349 τροφίμους,
2764 4281 2939 4346 (τοῦτο
3031 4273 3130 4351 γὰρ
3225 4275 3287 4329 τὸ
3369 4271 3807 4351 ἀποδιορίζοντες,

3384 4361 3484 4427 ἔξω
3539 4368 3646 4418 τῶν
3713 4360 3808 4416 ἔκ-

443 4444 793 4518 facere,sive
825 4453 992 4507 extra
1019 4446 1220 4520 (idem,
1257 4447 1380 4509 sive
1421 4449 1595 4511 etiam
1625 4452 1817 4532 ipsum
1851 4473 2084 4516 sacrum

2176 4444 2562 4511 κλησιαστικὼν
2592 4445 2728 4525 ὅρων
2757 4455 3059 4523 ποιοῦντες,
3095 4447 3212 4515 ἦτοι
3242 4456 3347 4505 τῶν
3402 4455 3501 4516 τῆς
3558 4449 3806 4510 πίστεως.

443 4535 728 4598 Ecclesiae
756 4534 1233 4599 tabernaculum.
1268 4535 1413 4598 Nam
1442 4540 1757 4619 speluncas
1789 4542 2086 4604 latronum

443 4625 794 4688 exhibentes
810 4641 946 4685 suas
967 4627 1775 4704 synagogas,abducunt.Hoc
1796 4641 1988 4694 autem
2007 4634 2085 4693 fa.

445 4715 616 4778 ciunt
647 4732 781 4776 cum
812 4713 931 4774 sint
977 4714 1272 4802 animales
1315 4715 1610 4794 homines,
1645 4720 1756 4782 hoc
1787 4730 1898 4802 est,
1923 4723 2090 4801 juxta

445 4803 650 4866 mundi
688 4801 1261 4865 circonvolutionem
1290 4812 1348 4865 et
1377 4805 1674 4886 vulgarem
1703 4801 2091 4874 usumviven-

447 4893 696 4956 tes..lam
717 4892 878 4955 enim
895 4891 1152 4980 diximus
1180 4893 1335 4973 quod
1367 4895 1546 4957 vitam
1569 4898 1718 4960 solet
1749 4899 2089 4980 frequenter

442 4983 703 5044 animam
724 4978 1937 5063 appellareScriptura:quemadmodum—in
1957 4989 2085 5052 Job:

447 5070 864 5150 «Quaecunque
893 5068 1070 5131 habet
1091 5071 1274 5132 homo
1303 5071 1466 5133 dabit
1487 5093 1591 5154 pro
1619 5076 1815 5138 anima
1840 5097 1965 5140 sua.
1990 5081 2084 5136 57»

441 5159 565 5222 sive
583 5178 688 5241 pro
713 5159 826 5218 vita
849 5176 956 5218 sua
987 5175 1000 5220 :
1038 5158 1173 5220 etin
1199 5159 1317 5220 illis
1341 5179 1489 5240 quos
1510 5162 1724 5226 Paulus
1754 5167 1917 5242 dicit,
1945 5167 2088 5233 Cum

442 5249 730 5312 animales
759 5256 981 5337 essent,
1017 5266 1134 5310 non
1197 5268 1371 5329 posse
1428 5254 1730 5334 suscipere
1761 5276 1889 5337 quae
1919 5265 2088 5319 erant

443 5338 687 5419 spiritus
719 5337 847 5400 Dei.
901 5335 1071 5416 (Nam
1099 5341 1357 5419 ψυχικάς,
1384 5339 1442 5403 id
1475 5351 1584 5418 est,
1622 5335 1917 5422 animalis,
1943 5349 2080 5410 dici-

450 5435 543 5489 tur
573 5445 608 5488 a
636 5426 815 5506 ψδχὴ,
847 5423 909 5486 id
940 5433 1050 5502 est,
1075 5426 1322 5507 anima.)
1347 5427 1489 5492 Cum
1523 5449 1661 5511 ergo
1690 5436 1974 5499 animales
2000 5456 2088 5500 es-

527 5595 586 5646 "
618 5591 755 5656 Job.
784 5609 826 5670 ι,
860 5592 920 5655 4.

2169 4534 2204 4602 ἢ
2249 4536 2334 4590 καὶ
2376 4535 2532 4591 αὐτοῦ
2584 4543 2677 4592 τοῦ
2729 4536 2868 4615 ἱεροῦ
2921 4543 3018 4604 τῆς
3077 4535 3394 4606 Ἐκκλησίας
3436 4538 3810 4612 σκηνώματος.

2171 4623 2420 4693 Σπήλαια
2463 4626 2562 4704 γὰρ
2603 4623 2815 4701 λῃστῶν
2846 4627 2940 4689 τὰς
2973 4628 3173 4685 ἑαυτῶν
3232 4629 3539 4706 συναγωγὰς
3597 4624 3812 4684 ἀποδεί-

2171 4712 2372 4794 ξαντες,
2400 4715 2504 4770 ἀπὸ
2548 4714 2644 4789 μὲν
2673 4714 2766 4782 τῆς
2809 4713 3131 4782 Ἐκκλησίας
3161 4715 3473 4796 ἀπάγουσιν,
3518 4717 3729 4778 ἑαυτοῖς
3757 4712 3813 4770 δὲ

2171 4804 2514 4880 προσάγουσι.
2550 4808 2762 4860 Ποιοῦσι
2794 4800 2850 4858 δὲ
2877 4811 3052 4880 τοῦτο,
3096 4807 3315 4885 ψυχικοὶ
3351 4803 3609 4884 ἅνθρωποι
3639 4803 3808 4877 ὄντες,

2170 4891 2430 4966 τουτέστι,
2462 4892 2598 4948 κατὰ
2627 4894 2723 4959 τὴν
2779 4899 2874 4948 τοῦ
2914 4894 3116 4969 κόσμου
3160 4895 3549 4974 συμπεριφορὰν
3589 4900 3806 4965 ζῶντες.

2175 4981 2411 5056 Εἴπομεν
2453 4981 2551 5058 γὰρ
2593 4979 2719 5056 ἤδη,
2766 4979 2846 5037 ὅτι
2877 4983 3060 5061 ψυχὴν
3103 4981 3361 5046 πολλάκις
3402 4984 3490 5039 καὶ
3542 4982 3641 5048 τὴν
3665 4981 3810 5054 ζωὴν

2173 5070 2330 5126 εἴωθε
2351 5068 2535 5126 καλεῖν
2550 5072 2584 5137 ἡ
2607 5070 2714 5127 θεία
2732 5069 2936 5150 Γραφη,
2960 5073 3033 5136 ὡς
3060 5071 3114 5127 ἐν
3143 5071 3288 5129 Ἰὼϐ·
3319 5093 3347 5130 σ
3369 5072 3547 5131 Πάντα
3572 5069 3669 5127 ὅσα
3690 5069 3808 5150 ἔχει

2174 5162 2467 5243 ἅνθρωπος,
2499 5160 2659 5219 δώσει
2690 5163 2820 5242 ὑπὲρ
2846 5163 2941 5231 τῆς
2985 5169 3170 5245 ψυχῆς
3199 5171 3376 5246 αὒτοῦ,
3433 5188 3457 5222 ο
3511 5163 3685 5224 εἴτουν
3713 5167 3809 5230 τῆς

2175 5258 2317 5324 ζωῆς
2361 5253 2538 5311 αὐτοῦ.
2599 5254 2699 5316 Οὓς
2743 5255 2833 5309 καὶ
2887 5253 3092 5318 Παῦλός
3142 5277 3271 5334 φησι
3315 5255 3576 5334 ψυχικοὺς
3631 5254 3811 5330 ὄντας,

2177 5345 2255 5419 μὴ
2307 5341 2549 5398 δύνασθαι
2614 5339 2859 5421 δέχεσθαι
2913 5343 2979 5404 τὰ
3033 5349 3124 5399 τοῦ
3178 5345 3475 5420 πνεύματος
3527 5349 3617 5400 τοῦ
3657 5347 3810 5401 Θεοῦ.

2179 5435 2413 5514 Ψυχικοὶ
2468 5433 2636 5490 τοίνυν
2683 5431 2852 5508 ὄντες,
2897 5435 2986 5490 καὶ
3027 5439 3236 5515 ψυχικῇ
3277 5436 3510 5514 χρῶνται
3565 5429 3814 5489 διδασκα-
