4192 6212
507 375 620 440 723
1332 380 1690 441 ANONYMI
1736 379 1832 440 EX
1877 374 2305 439 OECUMENIO
2352 379 2430 440 IN
2476 379 3014 445 APOCALYPSIN.
3752 382 3869 444 ’124

503 515 704 586 utpote
751 510 1035 573 divinitus
1093 510 1440 590 inspiratum
1505 516 1564 570 et
1620 509 1848 582 utilem,
1905 507 2132 569 ineluc-

2221 506 2463 577 ὑπερθὲου
2548 509 2730 584 σοφίας
2785 514 2878 565 τοῦ
2947 508 3318 589 ἠγαπημένον,
3377 508 3468 565 ἅτε
3519 509 3866 566 θεόπνευστον

503 596 768 658 tabiliter
815 599 1144 662 evincitur:
1181 617 1298 658 non
1354 605 1547 658 autem
1607 616 1681 658 ex
1715 614 1960 658 numero
1989 613 2132 676 spu-

2219 595 2273 652 ὅν
2341 597 2428 651 καὶ
2491 593 2779 675 ὠφέλιμον,
2833 595 3208 677 ἀναμφιλόγως
3273 596 3620 664 κατείληπται
3658 615 3676 633 ο
3734 594 3858 651 ἀλλ’

500 685 749 760 riorum,
780 695 842 746 ut
871 688 1109 766 quidam
1142 685 1362 749 erroris
1417 686 1627 765 spiritu
1685 683 1965 747 concitati
2023 703 2132 743 nu—

2219 689 2278 743 00
2305 691 2406 741 τῶν
2437 685 2622 763 νόθων,
2681 684 2754 749 ὥς
2795 706 2934 750 τινες
2964 686 3148 759 πλάνῳ
3201 687 3635 766 συγκροτούμενοι
3693 685 3856 742 πνεύ-

498 775 718 853 gaciter
739 774 1215 851 etl‘utierunt,sed
1239 782 1444 835 contra
1468 775 1786 854 genuinum
1820 781 1878 834 et
1906 772 2026 834 filio
2043 780 2132 835 to-

2221 795 2347 848 ματι
2403 772 2765 852 ἐληρώδησαν,
2825 777 2868 831 εἰ
2925 775 3001 850 μὴ
3057 777 3143 832 καὶ
3197 777 3436 854 γνήσιον,
3499 776 3585 832 καὶ
3628 781 3718 831 τοῦ
3759 777 3862 840 τῆς

501 862 684 923 nitrui
715 862 980 940 dignum.
1015 863 1077 924 Si
1107 863 1344 942 quidem
1375 861 1740 924 credendum
1774 865 1848 922 sit
1878 863 2139 924 Athana-

499 949 666 1010 nasio
699 949 952 1011 maximo
991 952 1052 1011 in
1101 951 1478 1030 Expositione
1509 951 1794 1012 librorum
1824 948 2054 1010 Veteris
2085 955 2144 1009 et

498 1037 642 1098 Novi
671 1036 1116 1100 Testamentiin
1145 1038 1382 1102 Canone
1407 1041 1601 1101 locum
1635 1037 2002 1110 habentium,
2039 1036 2138 1117 qui

499 1127 657 1188 hunc
685 1127 984 1203 germanis
1012 1127 1332 1207 Scriptura:
1362 1127 1529 1188 libris
1559 1135 1930 1205 annumerat;
1964 1134 2138 1205 atque

499 1214 678 1277 etiam
709 1214 908 1276 divino
966 1216 1180 1278 Basilio
1213 1216 1271 1276 in
1303 1216 1749 1295 compendiaria
1807 1215 2138 1286 Quaestione

498 1303 572 1364 de
602 1302 746 1363 Filio
776 1303 1036 1383 idipsum
1059 1304 1245 1365 visum
1277 1314 1363 1365 est
1397 1326 1409 1364 :
1448 1306 1703 1384 itemque
1737 1304 2021 1382 Gregorio
2053 1303 2136 1363 di-

501 1393 651 1452 vinae
681 1393 1034 1472 eloquentiae
1065 1393 1188 1454 viro
1234 1394 1292 1454 in
1332 1393 1481 1454 libro
1531 1395 1657 1472 ejus
1689 1394 1942 1472 syntaxis
1974 1411 2140 1453 more

498 1479 803 1552 adornato,
856 1491 911 1541 et
969 1482 1263 1544 Methodio
1321 1482 1755 1561 sapientissimo
1802 1486 2139 1542 Patarorum

499 1568 778 1649 episwpo
834 1571 896 1630 in
953 1589 1230 1631 sermone
1276 1571 1348 1630 de
1401 1570 1893 1644 Resurrectione;
1927 1570 2139 1649 Cyrillo

501 1676 733 1738 quoque
763 1678 973 1738 magno
1005 1659 1065 1719 in
1097 1659 1375 1738 operibus
1433 1660 1554 1718 suis
1603 1660 1676 1719 de
1708 1659 2049 1719 adoratione
2081 1656 2141 1718 et

501 1752 662 1814 cultu
691 1752 753 1812 in
784 1749 1015 1830 spiritu,
1053 1757 1263 1828 praeter
1289 1748 1395 1806 hos
1412 1747 1719 1825 Hippolyto
1754 1746 1951 1807 Romae
1987 1767 2136 1826 prte-
2164 1785 2199 1835 Β

499 1840 610 1900 suli
642 1841 700 1901 in
731 1837 1106 1917 Expositione
1153 1836 1215 1895 in
1275 1835 1599 1908 Danielem,
1635 1835 1886 1914 aliisque
1914 1835 2133 1909 multis,

497 1946 573 1988 ne
603 1929 900 2006 longiores
951 1925 1172 1985 simus:
1202 1923 1418 2003 quibus
1463 1941 1606 1982 sane
1669 1942 1781 1983 non
1827 1923 2012 1983 visum
2047 1934 2138 1986 est

498 2017 655 2078 hunc
683 2017 898 2077 librum
936 2013 1100 2094 quasi
1132 2013 1398 2091 spurium
1457 2019 1516 2072 et
1573 2010 1971 2090 abjiciendum
2004 2031 2134 2072 res-

499 2125 701 2186 puere,
730 2106 834 2166 sed
869 2103 1192 2182 genuinum
1247 2119 1378 2161 esse
1435 2108 1712 2160 statuere.
1766 2102 1969 2180 Neque
2000 2120 2136 2162 vero

496 2194 672 2256 tantis
702 2193 1032 2272 talibusque
1064 2191 1204 2250 viris
1234 2189 1525 2268 ejusmodi
1561 2189 1850 2249 sententia
1908 2189 2132 2264 fuisset,

2220 863 2443 940 βροντῆς
2487 861 2694 928 ἐπάξιον
2725 865 2856 936 υίοῦ,
2892 862 2944 919 εἴ
2974 884 3035 941 γε
3081 864 3293 922 πιστέον
3365 863 3492 945 (sic)
3564 861 3865 934 Ἀθανασίῳ

2220 955 2298 1023 τῷ
2340 951 2719 1029 παμμεγίστῳ’
2733 951 2787 1008 ἐν
2841 959 2908 1029 τῇ
2979 950 3209 1010 Ἐκθὲσει
3280 959 3387 1010 τῶν
3446 950 3860 1028 κανονιζομένων

2221 1045 2318 1106 τῆς
2346 1040 2578 1106 Παλαιᾶς
2607 1062 2663 1096 τε
2691 1043 2778 1098 καὶ
2829 1042 2964 1104 Νέας
3018 1041 3254 1118 βιϐλίων,
3314 1055 3431 1106 τοῖς
3486 1042 3721 1119 γνησίοις
3772 1041 3862 1094 καὶ

2221 1131 2372 1186 τοῦτο
2469 1130 2752 1210 ἐγκρίνοντι
2788 1146 2800 1159 ⁶
2877 1130 3011 1189 ἀλλὰ
3083 1133 3170 1188 καὶ
3257 1131 3512 1205 Βασιλείῳ
3594 1137 3670 1204 τῷ
3738 1128 3864 1200 θείῳ

2220 1241 2373 1275 τουτο
2444 1221 2496 1275 ἐν
2553 1226 2620 1296 τῇ
2688 1221 2803 1298 περὶ
2877 1223 2995 1276 Υἱοῦ
3051 1222 3334 1291 συζητήσει
3391 1220 3634 1294 συντόμῳ
3693 1215 3857 1290 ἔδοξε,

2219 1310 2306 1362 καὶ
2364 1310 2630 1386 Γρηγορίῳ
2681 1315 2758 1382 τῷ
2812 1309 2932 1382 θείῳ
3012 1311 3102 1366 τὸν
3185 1308 3344 1387 λόγον
3413 1309 3466 1365 ἐν
3537 1315 3612 1382 τῷ
3675 1327 3862 1363 συντα-

2221 1399 2416 1473 κτηρίῳ
2473 1399 2627 1453 αὐτοῦ
2709 1396 2870 1474 λόγῳ,
2974 1400 3063 1454 καὶ
3131 1397 3362 1472 Μεθοδίῳ
3439 1404 3515 1470 τῷ
3568 1395 3860 1476 σοφωτάτῳ

2219 1485 2493 1558 ἔπιε-κόπῳ
2551 1487 2802 1564 Πατάρων
2871 1486 2924 1542 ἐν
2980 1493 3058 1560 τῷ
3112 1489 3227 1564 περὶ
3299 1487 3656 1564 ἀναστάσεως,
3744 1494 3858 1541 Κυ-

2223 1573 2382 1652 Ρίλλίι)
2410 1596 2465 1629 τε
2494 1581 2570 1648 τῷ
2626 1574 2843 1652 μεγάλῳ
2900 1575 2952 1630 έν
3008 1587 3124 1639 τοῖς
3167 1577 3404 1654 περὶτῆς
3474 1575 3526 1630 ἐν
3596 1573 3857 1646 πνεύματι

2221 1665 2623 1737 προσκυνήσεως
2666 1665 2752 1718 καὶ
2808 1662 3046 1742 λατρείας
3078 1663 3234 1720 αύτοῦ
3276 1664 3482 1736 πόνοις,
3541 1665 3670 1740 πρὸς
3726 1663 3857 1718 τού-

2221 1774 2330 1816 τοις
2361 1753 2447 1807 καὶ
2506 1751 2799 1825 Ἱππολύτῳ
2828 1759 2900 1826 νῷ
2963 1745 3173 1828 Ῥώμης
3231 1752 3466 1832 προέδρῳ
3521 1753 3574 1808 ὲν
3625 1759 3693 1827 τῇ
3762 1751 3857 1806 τοῦ

2221 1843 2294 1902 είς
2339 1842 2426 1896 τὸν
2459 1839 2656 1906 Δανιὴλ
2714 1841 2962 1920 ἑρμηνείᾳ
3017 1841 3197 1920 λόγου,
3256 1842 3345 1897 καὶ
3401 1839 3580 1903 ἄλλοις
3639 1837 3693 1894 δὲ
3724 1837 3855 1895 πολ-

2219 1928 2360 2001 λοῖς,
2393 1928 2486 1984 ἵνα
2518 1930 2594 2002 μὴ
2619 1929 3034 2006 μακρολογῶμεν
3069 1947 3083 1960 ⁸
3114 1930 3200 1994 οἷς
3231 1931 3303 1994 είς
3333 1930 3480 1986 νόθον
3512 1930 3597 1984 καὶ
3617 1924 3856 1992 ἀπόϐλη-

2219 2040 2308 2073 τον
2338 2018 2434 2074 οὒκ
2487 2016 2653 2082 ἔδοξεν
2709 2017 3044 2096 ἁπερῥῖφθαι,
3104 2020 3148 2074 εἰ
3191 2019 3270 2093 μη
3312 2020 3528 2096 γνήσιον
3586 2020 3852 2095 κριθῆναι.

2220 2105 2328 2161 Οὔκ
2367 2110 2433 2171 ἦν
2463 2106 2713 2168 τοιούτοις
2759 2107 2843 2164 καὶ
2898 2107 3162 2171 τοσούτοις
3193 2103 3535 2184 ἀκριϐασταϊς
3590 2106 3740 2160 τοῦτο
3769 2101 3852 2158 00-

2219 2202 2366 2273 κοῦν,
2396 2195 2438 2248 εἰ
2471 2194 2547 2267 μὴ
2577 2196 2636 2249 τὸ
2668 2193 2872 2271 μέτριον
2905 2195 3045 2250 αὒτῶ
3093 2192 3285 2270 ᾔδεσαν
3318 2192 3760 2267 σπουδαζομένον,
3795 2194 3857 2250 El

381 2475 401 2493 '
497 2479 640 2522 sane
673 2479 788 2521 non
820 2465 975 2520 esset
1003 2457 1156 2536 quod
1189 2456 1271 2515 ait
1299 2456 1358 2515 in
1391 2455 1748 2516 Ecclesiaste
1807 2454 2083 2516 Salomon
2120 2475 2132 2518 :

495 2284 608 2344 nisi
635 2285 826 2363 ipsum
859 2281 1135 2342 omnibus
1169 2279 1356 2340 modis
1406 2288 1462 2338 et
1506 2278 1771 2338 numeris
1800 2279 2132 2341 absolutum

2219 2283 2317 2360 γὰρ
2361 2283 2437 2356 μὴ
2491 2285 2665 2343 τοῦτο.
2715 2281 2850 2357 μηδὲ
2906 2285 2966 2338 τὸ
3023 2281 3252 2362 ἔντριτον
3294 2283 3540 2361 σπαρτίον
3599 2281 3734 2337 κατὰ
3760 2283 3854 2336 τὸν

497 2390 627 2434 esse
659 2361 1140 2434 scivissent.Nam
1163 2368 1212 2428 si
1235 2368 1290 2428 id
1317 2387 1430 2426 non
1457 2367 1534 2427 ita
1565 2385 1628 2427 se
1651 2368 2132 2435 haberet,verum

2217 2369 3039 2446 éxxlnatézovu'ﬁZoloptbvm,
3091 2393 3115 2428 I
3181 2361 3484 2448 ”Αρῤηκτον
3528 2369 3682 2444 μένον
3750 2369 3853 2449 (1),

2216 2459 2275 2514 ού
2316 2458 2512 2539 ταχέος
2559 2457 2979 2537 διαῤῥαγήσεται.
3021 2484 3044 2515 n
3111 2458 3302 2532 Πολλῷ
3331 2457 3392 2515 ἂν
3449 2459 3511 2515 τὸ
3544 2457 3851 2524 ἐξάπλοκον.

507 2573 530 2606 α
566 2548 917 2610 Funiculum
976 2545 1266 2624 triplicem
1327 2544 1639 2604 infractum
1702 2562 1963 2615 manere,
2028 2564 2132 2607 nec

2222 2548 2320 2604 Διὰ
2345 2538 2442 2615 τῆς
2489 2538 2893 2624 Ἀποκολύψεως
2926 2549 3011 2605 οὖν
3069 2549 3261 2615 ταύτης
3332 2545 3584 2606 δείκνυσιν
3645 2550 3673 2603 0
3718 2555 3851 2624 Χρι-

496 2637 671 2698 facile
699 2636 894 2714 rumpi
917 2632 1365 2704 58'59.»Quanto
1397 2640 1591 2691 autem
1623 2632 1806 2708 magis
1837 2631 2132 2694 funiculus

2217 2644 2343 2693 σποῦ
2402 2636 2668 2710 μαθητὴς,
2727 2638 2799 2702 ὡς
2853 2639 2940 2694 καὶ
3000 2639 3060 2692 τὸ
3117 2639 3442 2717 προφητικὸν
3496 2634 3855 2693 καταπλοῦτεϊ

495 2725 798 2805 sextuplex
833 2725 976 2804 (non
1006 2723 1363 2800 rumpetur).
1387 2723 1499 2782 Per
1549 2723 1698 2782 hanc
1743 2723 1936 2801 itaque
1971 2723 2132 2802 Apo-

2216 2725 2457 2804 χάρισμα
2493 2745 2503 2757 ·
2559 2723 2710 2804 εἴπερ
2752 2731 2857 2810 τῶν
2914 2725 3212 2782 δνεστώτων
3253 2727 3342 2783 καὶ
3410 2725 3514 2782 τῶν
3557 2746 3789 2804 παρῳχη
3834 2737 3852 2754 ⁶

493 2813 755 2894 calypsin
787 2811 1044 2873 ostendit
1077 2810 1294 2872 Christi
1328 2810 1665 2888 Discipulus
1696 2828 1758 2868 se
1792 2811 2132 2889 prophetica

2222 2813 2395 2888 μένων
2452 2836 2507 2869 τε
2562 2815 2650 2870 καὶ
2732 2813 3032 2890 μελλόντων
3091 2816 3283 2892 γνῶσιν
3341 2817 3402 2871 τὸ
3471 2817 3605 2890 μετὰ
3659 2827 3851 2895 χεῖρας

491 2901 679 2981 gratia
733 2902 977 2962 ditatum
1021 2919 1195 2974 esse;
1225 2899 1517 2979 siquidem
1551 2899 1648 2959 hic
1688 2897 1840 2958 liber
1870 2917 2132 2978 prasen-

2218 2903 2538 2980 σύγγραμμα
2632 2905 2952 2982 θησαυρίζει,
3041 2907 3113 2960 ὦν
3203 2906 3290 2959 καὶ
3368 2910 3511 2959 πᾶσα
3607 2903 3849 2979 ἐγκύμων

490 2991 660 3062 tium,
723 2990 1155 3070 praeteritorum
1211 2997 1270 3050 et
1317 2987 1642 3048 futurorum
1704 2986 1973 3048 notitiam
2023 3007 2131 3049 ceu

2215 2992 2526 3069 προφητεία,
2559 2990 2587 3046 0'
2616 2993 2702 3046 καὶ
2732 3003 2847 3054 τοῖς
2887 2991 3014 3070 παρ’
3067 2994 3200 3065 ἡμῖν
3233 2990 3565 3069 θυραυλοῦσιν
3624 2991 3677 3047 ἐν
3707 2990 3854 3068 λόγῳ

491 3081 837 3140 thesaurum
913 3080 1216 3150 continet,
1279 3075 1492 3155 quibus
1566 3075 1781 3138 omnis?
1831 3079 2132 3156 prophetia

2215 3093 2423 3158 σοφοῖς.
2457 3078 2604 3137 Ἐπεὶ
2633 3079 2686 3136 δέ
2741 3102 2878 3143 τινες
2939 3078 3298 3153 αύθαδίσαντο,
3344 3085 3380 3157 ᾖ
3437 3082 3523 3136 καὶ
3591 3078 3852 3157 προλέλε-

489 3167 716 3246 repleta
747 3167 1058 3247 estzquod
1115 3183 1219 3245 pro
1277 3165 1350 3224 iis
1405 3164 1626 3225 dictum
1687 3164 1761 3223 sit
1819 3166 1971 3244 apud
2026 3186 2132 3228 nos

2213 3191 2332 3224 κται
2399 3171 2599 3233 νοθείας
2653 3169 2946 3248 ἐγκλήματι
2989 3173 3051 3226 :0
3119 3170 3356 3233 θεοτελὲς
3424 3178 3578 3227 τοῦτο
3635 3192 3849 3249 χρησμ-

488 3255 983 3336 sapientibus,qui
1015 3254 1320 3315 scientiam
1352 3252 1440 3313 vix
1473 3273 1506 3314 a
1535 3253 1740 3314 limine
1764 3255 2129 3328 fsalutarunt.

2213 3255 2401 3331 ῴδημα
2471 3259 2718 3338 ἀχρειούν
2755 3278 2768 3292 ·
2818 3259 2942 3338 παρ’
2999 3260 3121 3316 ὅσον
3151 3263 3178 3315 0
3234 3258 3522 3326 θεόληπτος
3582 3261 3730 3322 οὗτος
3761 3262 3852 3314 τοῦ

489 3342 636 3416 Quia
683 3362 818 3406 vero
864 3343 1133 3405 nonnulli
1178 3361 1246 3404 e0
1297 3342 1558 3403 audacia}
1613 3351 2030 3422 proruperunt,
2068 3349 2132 3406 ut

2214 3346 2383 3423 Λόγου
2459 3349 2638 3426 Πατὴρ
2691 3349 2885 3410 εἰωθὼς
2931 3350 3069 3422 αύτῷ
3124 3347 3365 3425 θεολογίᾳ
3425 3349 3692 3423 σεμνύνειν
3747 3351 3850 3404 νῶν

483 3433 704 3494 dictum
724 3441 902 3514 est,ut
923 3432 1184 3494 divinum
1205 3433 1313 3493 hoc
1338 3431 1639 3493 oraculum
1671 3431 1837 3510 quasi
1861 3432 2128 3510 spurium

2213 3438 2512 3506 θεοπρεπῶν
2575 3440 2730 3494 αὖτού
2784 3437 2953 3493 τόκων
3004 3440 3095 3493 τὸν
3151 3437 3210 3494 ἐκ
3252 3435 3503 3514 βαλϐῖδος
3549 3437 3717 3492 αὐτῶν
3775 3440 3848 3501 ὡς

482 3531 875 3598 accusarent;
911 3523 1046 3602 quia
1075 3520 1303 3583 scilicet
1331 3539 1466 3581 cum
1528 3519 1770 3579 divinus
1814 3519 1909 3581 hic
1943 3519 2124 3582 Verbi

2213 3522 2272 3577 ἂν
2316 3521 2460 3579 εἴποι
2503 3545 2582 3587 τις
2627 3523 2868 3604 πρόοδον,
2941 3530 2999 3583 00
3054 3527 3141 3582 νῦν
3197 3528 3348 3583 τοῦτο
3389 3526 3538 3582 ποιεῖ
3573 3541 3586 3554 ⁸
3637 3527 3751 3602 περί
3794 3523 3848 3580 δὲ

483 3608 653 3674 Pater
701 3608 884 3671 libros
939 3628 1078 3670 suos
1133 3609 1366 3671 divinos
1424 3614 1473 3667 a'
1510 3607 1799 3688 principio
1835 3608 2125 3686 theologia

2213 3613 2264 3666 :0
2294 3611 2408 3666 καθ’
2453 3613 2594 3686 ἡμᾶς
2667 3613 2994 3692 πρόσλημμα
3065 3613 3148 3670 διὰ
3217 3615 3603 3694 φιλανθρωπίαν
3648 3613 3847 3694 ἄφατου

481 3717 697 3762 ornare
744 3699 950 3776 soleat,
1003 3698 1061 3758 id
1123 3699 1182 3759 in
1233 3698 1345 3759 hoc
1387 3697 1539 3758 libro
1569 3716 1686 3757 non
1720 3706 1989 3776 prmstat;
2017 3698 2120 3758 sed

2213 3701 2300 3766 τὴν
2331 3702 2446 3779 περὶ
2475 3703 2617 3774 ἡμᾶς
2653 3704 2714 3757 :0
2740 3704 3013 3781 προοίμιον
3083 3715 3452 3782 προσευκαιρεϊ
3486 3718 3500 3732 ⁸
3554 3703 3847 3780 ἀναγγαῐον

480 3788 734 3867 tempori
763 3806 828 3849 se
858 3786 1418 3860 accommodans,de
1448 3793 1747 3865 assumpta
1778 3797 1982 3847 natura
2008 3805 2118 3846 no-

2213 3787 2379 3843 ἒκεῖνο
2422 3787 2584 3866 ἐρεῖν,
2635 3792 2707 3852 ὡς
2763 3789 3039 3870 ἀδιάφορον
3093 3791 3239 3856 εἰδὼς
3281 3795 3340 3848 τὸ
3391 3793 3508 3865 περὶ
3562 3793 3624 3848 τὸ
3683 3791 3736 3845 ἒν
3766 3782 3851 3846 καῖ

478 3883 600 3936 stra
629 3893 805 3955 quam
828 3895 1030 3937 amore
1051 3883 1389 3937 nostrorum
1421 3875 1702 3934 inellahili
1733 3877 1982 3954 accepit,
1994 3892 2125 3955 pro-

2213 3878 2265 3932 νὸ
2294 3879 2419 3934 αὐτὸ
2469 3877 2695 3956 ὑπάρξαν
2745 3887 2813 3956 τῇ
2868 3881 3148 3960 ἁποῤῥήτῳ
3191 3881 3372 3938 ἐνώσει
3425 3888 3531 3936 τῶν
3601 3880 3848 3938 συνελθό-

477 3964 718 4024 ωῐηίιιιη
733 3967 1443 4043 concinnatznecesseque
1457 3962 2124 4042 estdicereipsum,cum

2213 3987 2367 4044 ντων,
2453 3965 2597 4030 ὅπως
2656 3967 2742 4024 οὗν
2789 3969 3046 4049 ἑκατέρως
3091 3975 3343 4050 χρῆσθαι,
3400 3969 3502 4026 εἴτ’
3569 3971 3674 4027 01:0
3741 3977 3848 4027 τῶν

478 4051 665 4131 probe
688 4053 868 4113 sciret
897 4052 1246 4114 indifferens
1278 4069 1408 4112 esse
1437 4059 2013 4127 argumentum,cum
2049 4053 2123 4112 de

2213 4055 2477 4134 θειοτέρων
2547 4058 2640 4112 τοῦ
2684 4065 2934 4136 Σωτῆρος
2991 4069 3214 4137 Χριστοῦ
3267 4059 3576 4140 ἀρξάμενον,
3635 4063 3696 4133 ἢ,
3741 4062 3847 4116 ἀπὸ

475 4158 594 4201 uno
620 4141 954 4222 eodemque
974 4143 1280 4222 agiturper
1303 4140 1579 4201 unionem
1607 4140 1963 4201 inetl‘abilom
1983 4159 2127 4204 con-

2213 4149 2310 4197 τῶν
2339 4145 2817 4223 ἂνθρωποπρεπῶν.
2869 4149 2959 4206 Ἐν
3015 4163 3129 4212 τοῖς
3171 4153 3398 4229 πρωτοις
3456 4151 3612 4207 αύτοῦ
3666 4151 3844 4229 γράμ-

474 4229 838 4292 currentium
863 4240 1231 4303 naturarum,
1257 4238 1506 4308 utroque
1538 4228 1713 4289 modo
1762 4248 1929 4289 usum
1965 4249 2117 4302 esse,

2213 4255 2366 4306 μασιν
2425 4235 2530 4290 01:0
2591 4242 2697 4291 τῶν
2748 4238 3200 4317 θεοπρεπεστέρων
3261 4239 3570 4319 ἀρξαμενος,
3629 4240 3714 4296 ἐπὶ
3783 4242 3848 4295 τὰ

481 4315 561 4407 ita
591 4326 656 4378 ut
684 4319 773 4380 vel
806 4337 840 4379 a
870 4319 1177 4380 divinitate
1208 4315 1528 4407 salvatoris
1557 4316 1773 4379 Christi
1799 4318 2120 4407 inciperet,

2213 4320 2502 4399 ἀνθρώπινα
2572 4337 2774 4402 χωρεῖν
2845 4329 2937 4383 οὒκ
3005 4315 3259 4403 ἠνήνατο,
3298 4315 3412 4407 αφ’
3472 4315 3566 4383 ὤν’
3605 4329 3792 4407 φάσκει
3828 4344 3840 4358 ⁸

470 4405 562 4499 vel
593 4407 666 4467 ab
694 4407 970 4499 humanis
999 4408 1128 4499 ejus
1149 4405 1466 4499 attributis.
1493 4406 1760 4499 Cumque
1791 4406 1875 4499 in
1904 4407 2122 4486 priori-

2213 4433 2240 4463 α
2275 4411 2374 4468 Καὶ
2407 4413 2434 4466 ὁ
2467 4412 2631 4489 Λόγος
2663 4412 2786 4488 σὰρξ
2835 4414 3044 4492 ἐγένετο
3090 4435 3105 4452 ⁸
3146 4435 3175 4474 ι
3233 4418 3287 4474 ἐν
3343 4405 3420 4492 τῷ
3477 4405 3846 4499 95:01:15)“

2209 3987 2367 4044 ντων,

469 4491 581 4555 bus
611 4495 848 4577 scriptis
870 4497 996 4557 suis
1018 4515 1052 4557 a
1074 4493 1464 4556 divinioribus
1489 4495 1842 4574 cat~perit,ad
1865 4497 2121 4558 humana

474 4582 803 4662 procedere
836 4603 953 4646 non
986 4585 1338 4664 dedignatus
1365 4591 1476 4663 est,
1511 4583 1749 4663 quando
1776 4583 1956 4646 dicit:
1992 4606 2020 4643 ‹
2055 4585 2122 4646 Et

469 4669 732 4733 Verbum
768 4691 905 4735 caro
933 4674 1148 4735 factum
1172 4681 1261 4736 est
1286 4673 1349 4722 ϐυ
1382 4690 1395 4733 :
1439 4697 1460 4728 ι)
1490 4671 1548 4731 in
1584 4672 1857 4750 praesenti
1888 4693 2122 4753 quoque

467 4757 620 4820 libro
645 4760 718 4822 ab
745 4762 1020 4824 humanis
1054 4782 1248 4842 orsus,
1285 4781 1358 4823 ne
1391 4761 1693 4821 videretur
1738 4761 1933 4839 ipsum
1965 4781 1997 4823 a
2027 4763 2123 4823 di-

463 4847 616 4908 vinis
671 4849 954 4912 duntaxat
1003 4867 1516 4930 cognoscere,non
1571 4857 1770 4908 autem
1803 4848 1874 4909 ab
1908 4851 2120 4912 huma-

467 4936 804 5010 nis,noluit
862 4947 1058 5001 tamen
1119 4939 1179 5000 in
1236 4937 1510 5000 humanis
1567 4953 1903 4996 sermonem
1946 4938 2116 5016 sisti;

465 5024 571 5087 sed
604 5024 666 5085 in
698 5026 790 5087 his
819 5027 1018 5088 divina
1063 5029 1238 5089 etiam
1274 5028 1509 5088 tradere
1569 5042 1686 5084 non
1734 5018 2120 5108 omittitTper

463 5131 597 5193 quae
624 5113 749 5174 vult
777 5123 842 5175 ut
873 5134 940 5177 ex
993 5116 1358 5177 humanitate
1414 5113 1650 5175 Domini
1685 5131 1754 5173 ea
1784 5131 1913 5192 quae
1941 5135 2122 5197 supra

461 5201 766 5264 hominem
797 5213 932 5266 sunt
961 5207 1357 5285 speculemur.
1417 5206 1603 5275 Quem
1652 5201 1829 5262 etiam
1864 5222 2108 5285 scopum

456 5289 668 5352 habuit
725 5291 961 5355 divinus
1036 5295 1255 5358 Paulus
1315 5293 1372 5353 in
1434 5291 1697 5372 Epistola
1751 5293 1822 5352 ad
1897 5295 2108 5357 Colos-

533 5457 690 5510 53'59
719 5460 918 5524 Eccle.
951 5480 1032 5535 ιν,
1069 5464 1166 5525 ιε.
1253 5461 1590 5532 6010an.|,
1630 5459 1693 5520 14

536 5601 614 5680 (tl
646 5599 864 5665 Vitium
898 5607 1187 5688 suspicor.

2207 4499 2348 4588 ᾲῦθις
2417 4503 2785 4580 συγγράμματι
2856 4505 2962 4561 01:0
3043 4509 3148 4562 τῶν
3203 4508 3661 4588 ἂνθρωποπρεπῶν
3747 4511 3846 4588 ἁρ-

2205 4587 2444 4664 ξάμενος,
2495 4593 2568 4654 ὡς
2627 4591 2687 4648 ἂν
2732 4594 2808 4668 μὴ
2865 4592 3004 4658 δόξαι
3062 4595 3166 4651 01:0
3223 4603 3328 4652 τῶν
3367 4598 3646 4677 θειοτέρων
3675 4587 3850 4674 μόνων

2206 4676 2362 4732 αὺτὸν
2393 4678 2689 4756 γινώσκειν,
2726 4682 2785 4737 ού
2816 4680 2997 4753 μέντοι
3027 4685 3113 4738 καὶ
3169 4683 3274 4740 01:0
3327 4692 3429 4742 τῶν
3487 4676 3844 4767 ἂνθρωπίνων,

2205 4765 2297 4821 οὔκ
2339 4765 2598 4846 ἠνέσχετο
2625 4782 2742 4832 τοῖς
2802 4769 3296 4849 ἀνθρωποπρεπέσιν
3351 4765 3699 4832 ἐπαναπαῦσα
3754 4765 3847 4832 τὸν

2203 4853 2361 4931 λόγον
2396 4873 2412 4890 ⁸
2445 4855 2581 4912 ἀλλὰ
2609 4858 2706 4912 κᾶν
2765 4859 2968 4921 τούτοις
3037 4862 3102 4914 τὰ
3144 4863 3559 4942 θεοπρεπέστερα
3615 4866 3844 4942 προσνέ-

2205 4965 2320 5018 μειν
2353 4945 2410 5000 οὐ
2443 4959 2711 5018 κατοκνεῖ,
2759 4944 2826 5000 δι’
2863 4949 2938 5000 ὧν
2995 4950 3080 5003 καὶ
3137 4957 3213 5023 τῷ
3258 4951 3543 5030 ἀνθροπίνῳ
3600 4961 3691 5010 τοῦ
3738 4964 3840 5011 Κύ-

2203 5033 2310 5111 ρίου
2367 5035 2431 5089 τὰ
2484 5034 2612 5112 ὑπὲρ
2683 5031 2961 5113 ἄνθρωπον
3007 5035 3370 5115 ἐνθεωρετσθαι
3427 5041 3690 5116 βούλεται.
3773 5053 3844 5106 Ος

2201 5124 2284 5178 καὶ
2337 5121 2526 5197 Παύλῳ
2567 5130 2643 5197 τῷ
2684 5124 2805 5196 θείῳ
2853 5127 3046 5190 σκοπὸς
3104 5126 3158 5181 ἐν
3214 5149 3281 5203 τη
3339 5131 3465 5206 πρὸς
3520 5130 3848 5196 Κολασσαεϊς

2199 5211 2489 5280 Ἐπιστολῆ
2525 5230 2537 5244 ⁸
2583 5234 2605 5266 α
2643 5209 2730 5269 Ἐν
2789 5215 2951 5286 αύτῷ,
2997 5216 3113 5293 περὶ
3167 5237 3259 5272 τού
3304 5225 3526 5295 Χριστοῦ
3567 5221 3842 5298 φάσκοντι,

2193 5298 2400 5367 ἐκτίσθη
2427 5302 2491 5357 τὰ
2522 5301 2715 5375 πάντα,
2747 5302 2814 5357 τὰ
2838 5323 2892 5358 τε
2947 5301 2999 5358 ἐν
3036 5305 3239 5382 οὸρανῷ
3297 5309 3382 5361 καὶ
3434 5307 3500 5362 τὰ
3557 5306 3640 5365 ἰπὶ
3697 5310 3794 5388 γῆς
3829 5329 3844 5342 °
