4192 6212
439 309 554 399 727

1859 337 1990 400 JUS
2030 334 2498 400 CANONIGUM.

3689 325 3812 390 728

441 470 772 547 graviorem
830 486 1031 530 casum
1083 468 1330 530 efﬁcias.
1389 467 1724 531 lmbecilles
1781 469 1966 541 enim,
2025 477 2084 530 et

2172 470 2251 526 καὶ
2274 469 2588 549 ἶάνορθῶσαι
2631 472 2690 526 τὸ
2747 471 3162 534 καταπεπτωκὸς
3223 465 3568 549 σπουδάζων,
3599 463 3818 536 μείζονα

446 556 744 637 dissoluti,
805 559 1026 638 quique
1057 572 1083 614 b
1123 555 1307 633 magis
1357 555 1561 616 mundi
1618 556 1845 618 deliciis
1903 555 2088 619 dediti

443 653 604 719 sunt,
643 652 927 724 praeterea
986 643 1162 706 etiam
1225 648 1324 724 qui
1379 647 1615 721 generis
1676 644 1978 707 nobilitate
2032 654 2091 707 et

445 732 708 814 potentia
737 732 978 812 gloriari
1013 741 1278 812 possunt,
1337 733 1386 792 si
1417 733 1657 812 quidem
1711 735 1990 813 paulatim
2031 735 2088 795 in

440 839 644 882 eorum
706 820 926 881 delicta
983 839 1238 882 censura
1296 821 1674 898 adhibeatur,
1738 831 2003 901 possunt,
2041 822 2091 882 si

439 928 558 986 non
590 908 854 989 perfecte
882 923 926 982 ε,
955 909 1166 970 saltem
1203 927 1272 970 ex
1306 917 1491 989 parte,
1529 928 1561 969 a
1607 911 1775 970 malis
1822 909 2086 989 liberari,

439 997 654 1077 quibus
686 996 908 1058 detenti
942 1005 1114 1057 sunt:
1141 997 1297 1078 quod
1318 997 1365 1056 si
1389 1001 1519 1076 quis
1554 999 1732 1059 nimia
1764 997 2091 1078 disciplina)

440 1087 751 1148 severitate
785 1093 1004 1161 utatur,
1041 1088 1270 1148 minore
1302 1086 1479 1146 etiam
1544 1104 1646 1148 eos
1697 1087 2007 1166 disciplina
2037 1096 2093 1148 et

445 1173 866 1234 emendatione
896 1172 1318 1252 privabit.Nam
1346 1181 1649 1254 postquam
1677 1175 1872 1234 anima
1894 1184 2094 1235 coacta

438 1260 726 1342 pudorem
759 1261 1129 1340 deposuerit,
1165 1260 1225 1320 in
1259 1262 1738 1341 desperationem
1773 1262 1949 1336 cadit,
1981 1281 2091 1322 nec

439 1347 675 1410 blandis
712 1349 873 1410 cedit
932 1349 1442 1410 admonitionibus
1501 1350 1562 1410 in
1623 1363 1949 1430 posterum,
1987 1369 2096 1412 nec

441 1439 619 1499 minis
650 1437 1010 1518 deterretur,
1041 1457 1151 1499 nec
1185 1438 1563 1517 praemiorum
1599 1440 1789 1517 agitur
1832 1441 2100 1501 exhorta-

439 1527 604 1588 tione
639 1547 652 1586 :
689 1545 892 1588 verum
932 1527 1114 1587 multo
1150 1528 1317 1607 pejor
1346 1527 1618 1588 redditur
1663 1547 1731 1589 ea
1785 1529 2015 1590 civitate
2044 1531 2092 1595 ά,

441 1615 538 1677 οιιί
571 1615 962 1694 maledicens,
989 1616 1273 1695 propheta
1297 1615 1441 1675 dixit
1470 1637 1482 1674 :
1528 1615 1732 1677 Facies
1767 1617 2095 1678 meretricis

436 1701 552 1764 fuit
583 1702 686 1763 tibi
715 1723 728 1762 :
762 1703 1013 1782 turpiter
1044 1712 1100 1764 te
1145 1703 1295 1782 apud
1337 1722 1544 1764 omnes
1577 1705 1832 1782 gessisti.
1865 1704 2090 1777 Quam-

2167 557 2364 636 ἔργαίσῃ
2395 548 2495 626 ﬁt"
2543 565 2766 617 πτῶσιν.
2827 561 2888 617 Οἱ
2935 559 3034 638 γὰρ
3102 558 3365 631 ἀσθενεῖς,
3410 553 3498 610 καὶ
3553 548 3815 628 διακεχυ-

2168 646 2338 726 μένοι,
2375 648 2462 703 καὶ
2491 649 2550 704 τὸ
2603 648 2764 704 πλέον
2798 655 2868 725 τῇ
2909 655 3001 704 τοῦ
3043 648 3246 721 κόσμου
3299 641 3561 718 δεδεμένοι
3618 642 3811 717 τρυφῇ,

2167 734 2244 790 ἔτι
2300 732 2356 791 δὲ
2427 737 2514 792 καὶ
2567 736 2653 792 ἐπὶ
2715 737 2853 814 γένει
2929 735 3025 793 καὶ
3081 733 3352 804 δυναστείᾳ
3408 730 3545 809 μέγα
3600 738 3814 814 φρονεῖν

2168 821 2415 902 ἔχοντες,
2442 824 2614 902 ἡρέμα
2658 813 2755 900 μὲν
2784 825 2920 882 κατά
2979 825 3163 902 μικρὸν
3206 821 3260 877 ὲν
3331 824 3414 884 οἷς
3443 817 3505 874 ἂν
3561 813 3809 892 ἁμαρτά-

2170 933 2327 967 νωσιν
2357 912 2807 992 ἐπιστρεφόμενοι,
2844 910 3068 968 δύναιντ’
3113 909 3200 984 ἂν,
3259 911 3302 965 εὶ
3360 907 3446 964 καὶ
3476 906 3554 982 μὴ
3607 903 3813 992 τέλεον,

2175 998 2291 1056 ἀλλ’
2323 1001 2410 1056 οὖν
2439 1000 2498 1056 ὲκ
2514 988 2714 1080 μέρους
2765 1003 2870 1056 τῶν
2929 998 3265 1079 κατεχόντων
3335 995 3522 1057 αὐτοὺς
3565 988 3815 1080 ἀπαλλα-

2172 1093 2328 1166 γῆντιι
2371 1091 2549 1146 κακῶν
2598 1078 2612 1121 λ
2657 1091 2743 1148 ἐὰν
2773 1088 2828 1146 δὲ
2858 1090 3042 1169 ἀθρόον
3071 1110 3151 1151 τις
3194 1087 3367 1164 ἐπάγῃ
3397 1084 3496 1151 τὴν
3524 1078 3812 1169 παίδευσιν,

2172 1179 2258 1232 καὶ
2327 1183 2423 1245 τῆς
2493 1177 2768 1242 ἒλάττονος
2839 1167 3023 1242 αὐτοὺς
3092 1177 3440 1255 ἀποστερήσει
3498 1167 3816 1231 παιδεύσεώς

2171 1287 2228 1320 τε
2272 1267 2357 1321 καὶ
2427 1266 2772 1344 διορθώσεως,
2819 1268 2988 1347 Ψυχὴ
3043 1267 3142 1344 γὰρ
3199 1261 3406 1321 ἐπειδὰν
3447 1260 3814 1338 ἀπερυθριᾶσαι

2180 1353 2389 1429 βιασθῇ,
2451 1357 2522 1418 εἷς
2591 1355 2924 1412 ἀνελπιστίαν
2989 1354 3250 1427 ἐκπίπτει,
3307 1352 3393 1408 καὶ
3452 1347 3566 1406 οὔτε
3607 1367 3815 1424 προση-

2181 1441 2292 1497 νέσι
2324 1441 2501 1520 λόγοις
2531 1443 2664 1500 εἴκει
2721 1443 2930 1516 λοιπόν,
2975 1441 3090 1500 οὔτε
3133 1439 3382 1505 ἀπειλαῖς
3413 1436 3728 1496 καλύπτεται
3761 1431 3810 1491 ί.

2179 1530 2294 1586 οὔτε
2367 1531 2679 1610 εὒεργεσίαις
2748 1532 3103 1610 προτράπεται
3150 1545 3165 1560 ⁸
3238 1528 3374 1587 ἀλλὰ
3428 1528 3620 1605 γίνεται
3677 1520 3815 1578 πολὺ

2176 1619 2371 1698 χείρων
2418 1626 2530 1699 ,τῆς
2573 1619 2778 1684 πόλεως
2807 1621 3036 1699 ἐκείνης,
3080 1619 3145 1687 ἢν
3189 1621 3217 1675 ὁ
3259 1618 3534 1697 προφήτης
3587 1611 3816 1682 κακίζων

2174 1705 2375 1787 ἔλεγεν,
2417 1698 2588 1784 ”Οψις
2618 1711 2816 1787 πόρνης
2874 1698 3088 1787 ἐγάνετό
3140 1729 3247 1781 σοι,
3305 1703 3812 1784 ἀπηναισχύντηκας

440 1790 646 1852 obrem
677 1790 896 1870 pastori
931 1790 1111 1851 multa
1141 1809 1288 1870 opus
1320 1801 1409 1852 est
1441 1793 1781 1870 prudentia,
1817 1803 1875 1854 et
1901 1795 2090 1857 oculis

2172 1797 2299 1871 πρὸς
2343 1797 2566 1861 πάντας.
2603 1799 2701 1853 Διά
2729 1807 2882 1856 τοῦτο
2911 1795 3118 1864 πολλῆς
3175 1793 3257 1852 δεῖ
3285 1793 3540 1859 συνέσεως
3577 1795 3656 1863 τῷ
3683 1812 3814 1846 ποι-

438 1878 1001 1958 innumerabilibus,
1033 1887 1094 1939 ut
1125 1879 1387 1959 undique
1421 1881 1848 1961 circumSpecte
1878 1883 2092 1944 animae

438 1965 708 2028 habitum
741 1966 1575 2040 intueatur.Quemadmodum
1605 1971 1764 2031 enim
1791 1971 1861 2032 ad
1887 1979 2086 2032 contu-

444 2054 694 2115 maciam
726 2055 994 2116 feruntur
1021 2056 1214 2130 multi,
1251 2065 1308 2117 et
1337 2056 1398 2116 in
1429 2058 1632 2120 salutis
1664 2059 1918 2138 propriae
1947 2060 2086 2121 des-

443 2143 814 2221 perationem
851 2142 1090 2218 cadunt,
1126 2144 1280 2224 quod
1313 2145 1616 2206 acerbiora
1644 2148 1912 2208 remedia
1954 2167 2086 2228 per-

438 2230 559 2311 peti
590 2249 707 2292 non
741 2232 1040 2312 potuerint
1075 2252 1087 2292 :
1127 2233 1211 2292 sic
1243 2242 1379 2293 sunt
1407 2234 1506 2294 alii
1529 2235 1767 2316 quibus,
1795 2239 1949 2317 quod
1986 2256 2089 2316 par

439 2317 658 2380 delicto
717 2337 890 2399 paena
949 2338 1070 2380 non
1116 2319 1430 2398 irrogatur,
1468 2326 1524 2382 in
1585 2325 2085 2405 contemptionem

438 2415 886 2487 convertuntur,
921 2415 980 2468 et
1010 2409 1192 2469 multo
1226 2409 1372 2468 ﬁunt
1400 2411 1748 2480 deteriores.
1775 2423 1833 2475 ut
1856 2415 2088 2491 gravius

441 2494 797 2575 quandoque
827 2503 1098 2575 peccent.
1122 2495 1344 2556 Horum
1369 2497 1546 2576 igitur
1578 2499 1724 2559 nihil
1758 2499 2088 2580 inexplora-

441 2589 563 2642 tum
595 2583 1058 2663 relinquendum
1111 2593 1221 2662 est,
1275 2585 1382 2646 sed
1438 2597 1638 2648 exacte
1689 2590 1884 2650 omnia
1919 2609 2087 2670 pers-

445 2670 775 2748 crutando,
834 2671 1078 2732 adeunti
1119 2673 1480 2736 conveniens
1530 2677 1865 2738 emendatio
1914 2679 2090 2740 adhi-

448 2757 648 2908 léenda
675 2808 690 2833 ,
726 2777 801 2822 ne
831 2759 1224 2823 correctionis
1254 2779 1568 2842 perperam
1603 2765 1932 2827 insumatur
1961 2777 2090 2828 stu—

493 2865 642 2908 rum.

493 2865 642 2910 tum.

1064 2942 1440 3006 GENNADII.

443 3031 756 3137 ϐεξηαάίί
770 3035 1148 3114 patriarchae
1177 3037 1854 3137 gortstantiaopoiitani,
1870 3047 1928 3134 et
1944 3059 2086 3104 san-

2182 3073 2212 3115 (
2297 3057 2607 3137 Ἐγκύκλιος
2718 3058 2972 3125 ἐπιστολὴ
3079 3055 3375 3118 Γενναδίου.

519 3119 632 3175 ctae
659 3131 796 3176 cum
825 3132 890 3176 eo
915 3124 1287 3197 congregata:
1316 3118 1563 3197 synodi,
1586 3119 1663 3179 ad
1685 3118 1940 3182 sanctiss
1969 3139 2089 3184 0m-

521 3209 626 3277 n_es
656 3194 1155 3277 metropolitanos',
1191 3205 1251 3258 et
1279 3194 1367 3277 ad
1395 3214 1620 3277 papam
1668 3199 1838 3261 urbis
1892 3201 2091 3263 Romae

525 3271 805 3358 Epistota
835 3271 1130 3358 ἓγκόκλιος.
1167 3310 1243 3320 -
1273 3276 1363 3339 Ne
1388 3271 1460 3339 ob
1475 3271 1776 3357 pecunias
1806 3280 1913 3358 ﬁat
1952 3299 2089 3343 ma-

517 3369 710 3415 nuum
742 3356 1068 3435 impositio.

2172 1882 2312 1962 μένι,
2359 1886 2446 1939 καὶ
2519 1887 2714 1964 μυρίων
2785 1883 3092 1964 ὀφθαλμῶν,
3140 1885 3281 1964 ,πρὸς
3338 1884 3400 1938 τὸ
3469 1891 3812 1960 περισκοπεῖν

2169 1971 2422 2029 πάντοθεν
2448 1975 2546 2040 τὴν
2575 1962 2671 2041 τῆς
2729 1962 2914 2054 ψυχῆς
2944 1973 3069 2040 ἕξιν.
3134 1962 3350 2051 υΩσπερ
3391 1973 3490 2050 γὰρ
3546 1972 3616 2033 εἷς
3673 1967 3814 2024 ἀπό·-

2170 2081 2315 2116 νοιαν
2347 2058 2585 2140 αἴρονται
2629 2061 2840 2136 πολλοὶ,
2915 2063 3003 2118 καὶ
3060 2063 3132 2125 είς
3183 2061 3484 2138 ἀπόγνωσιν
3535 2063 3634 2126 τῆς
3685 2057 3813 2113 ἐαυ-

2170 2151 2274 2204 τῶν
2339 2150 2723 2210 καταπίπτουσι
2767 2150 3058 2229 σωτηρίας⁹
3118 2149 3223 2205 ἀπὸ
3277 2154 3370 2204 τοῦ
3411 2147 3489 2213 μὴ
3531 2143 3812 2213 δυνηθῆναι

2169 2243 2370 2316 πικρῶν
2399 2237 2723 2319 ἀνασχέσθαι
2789 2240 3079 2318 φαρμάκων
3113 2257 3127 2271 ⁸
3189 2237 3353 2300 οὕτως
3409 2236 3507 2292 εἰσί
3561 2255 3725 2312 τινες,
3755 2232 3812 2288 οἶ

2169 2320 2253 2380 διὰ
2280 2327 2342 2382 τὸ
2372 2329 2448 2401 μη
2477 2324 2650 2383 δοῦναι
2709 2329 2963 2406 τιμωρίαν
3019 2333 3126 2383 τῶν
3181 2325 3578 2404 ἁμαρτημάτων
3634 2321 3813 2398 ἀντίβ-

2167 2413 2346 2490 ῥοπον,
2397 2417 2470 2479 εἷς
2539 2415 2819 2494 δλιγωρίαν
2888 2415 3249 2495 ἐκτρέπονται,
3323 2416 3410 2470 καὶ
3479 2409 3664 2486 πολλῷ
3728 2411 3812 2486 γί-

2169 2524 2344 2562 νονται
2374 2507 2609 2584 χείρους,
2671 2507 2758 2561 καὶ
2800 2507 2927 2584 πρὸς
2979 2507 3040 2561 τὸ
3097 2511 3282 2580 μεῖζον
3335 2503 3650 2581 ἁμαρτάνειν
3679 2520 3815 2578 προ-

2173 2591 2411 2668 άγονται.
2448 2593 2560 2669 Χρὴ
2603 2594 2773 2650 τοίνυν
2818 2592 2982 2669 μηδὲν
3036 2595 3233 2650 τούτων
3298 2590 3634 2656 ἀνεξέταστον
3663 2588 3816 2667 ἀφεῖ-

2174 2701 2281 2753 ναι,
2354 2679 2490 2738 ἀλλὰ
2555 2681 2726 2738 πάντα
2781 2679 3242 2762 διερευνησάμενον
3314 2676 3565 2759 ἀκριϐῶς,
3609 2675 3814 2734 καταλ-

2174 2767 2354 2838 λήλως
2383 2771 2450 2825 τὰ
2495 2767 2618 2850 παρ’
2648 2771 2834 2830 ἑαυτοῦ
2902 2771 3185 2850 προσάγειν
3240 2775 3318 2843 τῷ
3372 2764 3813 2846 προσερχομένῳ,

2173 2855 2262 2912 ἴνα
2293 2858 2371 2932 μὴ
2401 2859 2632 2934 ματοίως
2661 2863 2800 2934 αὐτῷ
2829 2859 3046 2937 γένηται
3073 2861 3108 2926 ἡ
3138 2855 3362 2943 σπουδή.

2796 2964 3196 3018 ΓΕΝΝΑΔΙΟΥ.

3488 3053 3818 3133 πατριάρχου

2256 3136 2878 3214 Κωνσταντινουπόλεως,
3010 3139 3100 3194 καὶ
3239 3143 3338 3203 τῆς
3461 3136 3552 3191 σὺν
3591 3212 3613 3214 ν.
3673 3137 3816 3205 αὒτῷ

2254 3217 2404 3294 ἁγίας
2488 3217 2726 3293 συνόδου,
2825 3212 2954 3298 πρὸς
3038 3217 3276 3281 ἅπαντας
3361 3217 3505 3303 τοὺς.
3579 3212 3814 3303 ὅσια)τά-

2253 3291 2373 3359 τόυς
2447 3291 2878 3374 μητροπολίτας,
2936 3299 3023 3355 καὶ
3092 3299 3222 3375 πρὸς
3273 3298 3365 3352 τὸν
3436 3296 3615 3352 πάπαν
3675 3291 3813 3349 Ῥώ-

2253 3399 2382 3450 μης.
2417 3410 2490 3422 —
2520 3380 2644 3457 Περὶ
2698 3388 2789 3437 τοῦ
2818 3379 2895 3454 μὴ
2954 3377 3039 3434 ἐπὶ
3081 3379 3324 3458 χρήμασι
3396 3375 3626 3451 γίνεσθαι
3684 3392 3816 3452 χιι-

2253 3457 2512 3511 οοτονίας-
2562 3479 2586 3511 ι

2253 3477 2487 3532 ροτονιας
2497 3504 2512 3519 .
2562 3479 2586 3515 .

908 3545 1111 3610 Exstat
1137 3546 1297 3611 inter
1323 3548 1512 3629 ipsius
1535 3547 1835 3612 Gennadii
1865 3571 2069 3634 opera,
2103 3555 2490 3640 Patrotogia’
2521 3571 2666 3625 tom.
2699 3561 2986 3645 LXXXV,
3021 3561 3135 3625 col.
3169 3560 3343 3625 1613.

1100 3715 1424 3779 TABASII.

438 3803 524 3867 De
553 3805 778 3898 eodem,
807 3807 916 3898 __ad
971 3807 1311 3898 Agrianum
1335 3827 1562 3898 papam
1616 3811 1834 3898 veteris
1860 3813 2090 3898 Romae,

517 3887 772 3970 epistola
805 3885 1070 3970 Tarasii,
1101 3885 1469 3970 δανεισιίεέἱήιὶ
1497 3891 1872 3970 patriarcha:
1905 3885 2094 3956 Cons-'-

523 3963 944 4045 tantinopolis,
975 3963 1144 4029 nova
1174 3969 1394 4032 Roman

2814 3739 3165 3790 ΤΑΡΛΣΙΟΥ.

2180 3837 2204 3870 ι
2244 3818 2366 3895 Περὶ
2396 3824 2528 3900 ⁸τος)
2599 3819 2775 3900 αὐτοῦ,
2848 3823 2978 3899 πρὸς
3035 3819 3304 3900 Ἀδριανὸγν
3347 3819 3438 3874 τὸν
3481 3818 3659 3900 πάπαν
3715 3822 3815 3884 τῆς

2255 3890 2598 3976 πρεσϐυτέρας
2702 3890 2934 3975 Ῥώμης,
3047 3890 3300 3966 ἐπιστολὴ
3399 3897 3652 3974 Ταρασίου
3724 3903 3817 3954 τοῦ

2257 3977 2554 4067 ἀγιωτάτου
2609 3979 2938 4060 πατριάρχου
2997 3976 3620 4050 Κωνσταντινουπόλεως,
3695 3979 3816 4039 νέας

2277 4058 2468 4132 Ρώμης
2479 4106 2492 4120 .
2534 4080 2559 4113 υ

1409 4153 1607 4217 Exstat
1635 4154 2020 4237 Patrotogiae
2051 4166 2193 4223 tom.
2227 4160 2477 4238 XCVIII,
2514 4163 2629 4226 col.
2663 4166 2842 4228 4441.

785 4307 1193 4378 NICEPHORI
1237 4310 1758 4377 CONFESSORIS.

442 4401 545 4465 Ea:
569 4403 896 4484 Nicephori
927 4405 1302 4486 Confessoris
1333 4407 1678 4470 canonibus.

2465 4331 2848 4383 ΝΙΚΗΦΟΡΟΥ
2891 4335 3018 4384 ΤΟΥ
3059 4331 3530 4386 ΟΜΟΛΟΓΗΤΟΥ.

2184 4434 2206 4468 α
2354 4413 2468 4470 Τῶν
2620 4413 2919 4495 Νικηφόρου
3071 4408 3435 4494 Ὀμολογητοῦ

2895 4527 3054 4571 τινες.
3090 4524 3120 4566 )

3583 4412 3821 4469 κανόνων

1516 4601 1759 4665 Exstant
1786 4601 2174 4680 Patrologiae
2203 4610 2345 4668 tom.
2380 4600 2446 4680 C,
2471 4605 2586 4670 col.
2617 4605 2756 4672 851.

1050 4777 1340 4843 SISlNNlI
1378 4780 1497 4859 (2;.

435 4866 680 4933 Decisio
709 4869 980 4934 Sisinnii
993 4872 1388 4952 patriarchae,
1423 4889 1500 4934 ne
1529 4873 1651 4934 duo
1685 4875 1905 4950 fratres
1933 4875 2094 4936 acci-

862 4953 1040 5031 piant
1069 4953 1220 5014 duas
1251 4953 1663 5016 consobrinas.

518 5042 841 5129 Sisinnius,
870 5044 1255 5108 miseratione
1285 5044 1484 5107 divina
1515 5046 2004 5128 archiepiscopus

2808 4795 3170 4851 ΣΙΣΙΝΝΙΟΥ.

2185 4895 2212 4926 α
2245 4874 2417 4948 Τόμος
2463 4877 2720 4956 Σισιννίου
2746 4878 3076 4956 πατριάρχου
3145 4879 3260 4956 περὶ
3289 4884 3381 4934 τοῦ
3410 4877 3488 4954 μὴ
3535 4873 3822 4952 λαμϐάνειν

2537 4953 2625 5012 δύο
2653 4953 2903 5037 ἀδελφοῦς
2947 4953 3245 5037 Ἴέξαδέλφας
3275 4956 3386 5019 δύο.
3421 4978 3450 5018 ι

2257 5049 2490 5112 Σισίννος
2549 5047 2681 5106 ἐλέει
2762 5058 2892 5110 Θεοῦ
2960 5051 3404 5131 ἀρχιεπισκόπος,
3481 5061 3819 5108 Κωνσταντι-

1778 5213 2033 5277 VARLE
2064 5212 2495 5278 LECTIONES.

526 5318 546 5367 ί
581 5316 844 5382 κολόιται.

515 5449 542 5492 ι,
570 5423 825 5512 mjori
851 5440 932 5486 ea:
956 5429 1176 5504 parte.
1263 5447 1285 5479 c
1316 5425 1388 5484 in
1437 5425 1846 5489 universum.
1932 5459 1954 5500 ά
1986 5426 2228 5504 faciem
2276 5431 2636 5493 meretricis
2685 5448 2748 5494 es
2792 5438 2992 5496 nacta
3026 5451 3048 5510 ;
3093 5432 3421 5512 pudorem
3463 5432 3551 5495 ad
3600 5447 3822 5495 omnes

1995 5598 2244 5662 NOTIE.

521 5699 604 5780 (2)
633 5696 788 5763 Vixit
817 5699 928 5764 sub
961 5701 1182 5766 Basilio
1215 5711 1273 5766 et
1305 5701 1694 5768 Constantino
1725 5702 2006 5767 fratribus
2035 5706 2222 5786 Augg.

437 5502 809 5584 deposuisti.
