4192 6212
416 368 528 433 729

1749 363 2321 435 GMGO—ROMAN
2328 367 2374 430 U
2383 368 2438 430 Μ

3659 356 3781 422 730

409 509 729 590 νουπόλεως,
787 509 906 576 νέας
935 502 1166 589 Ῥώμης,
1240 515 1327 570 καὶ
1387 495 1743 588 οἰκουμενικὸς
1776 507 2028 589 ,πατριάρί

2111 495 2679 590 .Constantinopolis
2726 516 2892 561 nova
2937 500 3165 576 Rome,
3200 507 3259 562 et
3287 492 3636 561 universalis
3668 511 3775 575 pa-

452 622 543 666 ης.

452 622 543 666 ης.

408 622 450 678 χ
492 689 588 747 Καὶ
659 689 834 768 ἱατρὸς
909 687 1074 758 ἡδίων
1149 689 1380 770 ἐκεῖνος,
1431 691 1517 746 καὶ
1560 689 1580 732 ί
1639 687 1849 746 πολλῶν
1907 682 2047 751 ἄξιος

409 775 615 833 πόλεων
649 776 696 852 ί,
772 779 916 842 ὅστις
971 777 1159 855 λοιμοῦ
1248 777 1599 859 προσϐάλλειν
1680 775 2045 855 ἐπειγομένου,

409 866 528 943 πρὶν
585 864 899 934 εἰσπηδῆσαι
941 869 1002 924 τὸ
1056 871 1219 924 κακὸν
1270 868 1491 942 διωθῶν,
1538 881 1727 946 πεῖραν
1795 869 1894 933 τῆς
1952 863 2047 919 νό-

408 974 500 1010 σου
568 951 753 1010 λαϐεῖν
823 957 915 1012 οὐκ
959 956 1016 1028 ἐᾷ
1049 975 1063 989 ⁸
1111 955 1307 1014 δίαιταν
1363 955 1418 1014 δὲ
1517 955 1878 1031 ὒποτιθέμενος
1922 951 2048 1008 ἄνο-

409 1063 523 1122 σον,
554 1043 720 1119 ταύτῃ
790 1057 908 1110 τοῖς
971 1046 1180 1121 σώμασι
1257 1047 1415 1124 ῥῶσιν
1475 1043 1737 1103 ἀκίνδυνον
1792 1065 2046 1122 πραγμα-

405 1133 630 1190 τεύεται.
720 1130 870 1190 Ἐπεί
897 1133 1032 1199 ἅπαξ
1115 1134 1511 1205 εἷσπηδήσασαν
1597 1132 1762 1212 ἔνδον,
1816 1134 1922 1189 ’καὶ
1977 1132 2042 1187 τὰ

407 1220 626 1295 σώματα
696 1218 844 1288 δίκην
900 1225 1059 1302 πυρὸς
1123 1224 1442 1299 νεμομένην,
1507 1221 1659 1297 μόλις
1703 1220 1762 1277 ἅν
1804 1219 2043 1286 δυνηθείη

405 1308 704 1367 ἀναστείλαι
736 1313 824 1366 καὶ
853 1311 1135 1386 ἀπελάσαι,
1196 1319 1292 1379 τῆς
1350 1312 1651 1386 ἐπιστήμης
1691 1312 1846 1382 ἀύτῳ
1877 1309 2042 1385 ἀναγ-

405 1399 564 1462 καίως
631 1399 885 1455 πάντοθεν
954 1403 1378 1480 παραχωρούσης
1473 1408 1549 1475 τῷ
1648 1397 1853 1480 σφοδρῷ
1950 1402 2042 1452 τοῦ

403 1489 711 1562 παθήματος
743 1486 795 1550 2.
869 1491 968 1547 Καὶ
1037 1495 1227 1569 ψυχῶν
1323 1492 1497 1570 ἰατρὸς
1598 1493 1830 1569 εὐχερῶς
1914 1486 2040 1542 τού-

2128 583 2407 649 triarcha.

2206 675 2279 740 Et
2331 678 2598 740 medicus
2629 679 2730 741 ille
2758 678 3016 753 suavior,
3059 686 3117 740 et
3145 694 3167 727 ο
3193 678 3393 740 multis
3443 673 3775 738 civitatibus

2127 763 2362 848 dignus,
2388 768 2490 848 qui
2522 768 2857 846 pestilentia
2888 767 3262 842 imminente,
3300 767 3514 829 malum
3565 764 3766 842 prius-

2133 871 2306 932 quam
2336 865 2636 934 grassetur
2665 858 2990 927 repellens,
3026 857 3357 936 periculum
3393 853 3585 916 morbi
3607 853 3771 914 face-

2131 959 2196 1003 re
2225 961 2345 1004 non
2375 943 2533 1005 sinit:
2577 945 3000 1026 salubremque
3053 945 3442 1026 przescribens
3483 942 3771 1004 rationem

2129 1029 2698 1112 victus,corporibus
2728 1035 3038 1096 sanitatem
3068 1035 3198 1096 sine
3233 1033 3493 1114 periculo
3519 1049 3623 1113 per
3640 1048 3769 1091 eam

2128 1120 2429 1195 conciliat,
2461 1140 2596 1182 cum
2629 1123 2678 1183 si
2710 1124 2892 1186 semel
2917 1124 3168 1186 interius
3201 1123 3497 1185 insiluerit
3524 1140 3592 1182 ac
3614 1119 3772 1198 ignis

2129 1208 2312 1270 instar
2365 1227 2615 1290 corpora
2644 1211 3022 1292 depascatur,
3053 1213 3142 1273 vix
3201 1211 3448 1293 reprimi
3500 1209 3684 1290 possit
3714 1216 3772 1269 et

2123 1296 2283 1378 abigi
2311 1318 2324 1360 :
2352 1299 2495 1379 quin
2523 1301 2860 1362 necessario
2888 1301 3078 1363 morbi
3103 1300 3477 1362 vehementia
3506 1297 3761 1360 ineffica.

2123 1403 2251 1446 cem
2279 1388 2632 1449 medicinam
2652 1391 2813 1450 omni
2833 1409 2898 1452 ex
2918 1400 3079 1472 parte
3097 1389 3416 1452 reddat.Et
3439 1387 3768 1447 animarum

2125 1474 2392 1536 medicus
2412 1476 2535 1537 haec
2555 1485 2690 1556 apte
2708 1478 2820 1538 sibi
2840 1477 3392 1551 accommodaverit,
3421 1475 3543 1556 qui,
3571 1474 3769 1554 prius-

402 1597 507 1632 των
565 1583 680 1639 πῶς
742 1577 1170 1652 ἀντιποιήσαιτο,
1245 1578 1388 1642 ὅστις
1461 1581 1720 1641 παντοίως
1777 1574 2028 1640 ἀνέστηὲ

2125 1580 2298 1664 quam
2334 1563 2578 1626 morbus
2603 1566 3232 1647 prOpagetur,omnino
3262 1564 3772 1664 restiterit3reme-

403 1668 518 1742 πρὶν
595 1667 918 1740 εἶσκωμάσαι
988 1667 1086 1734 την
1169 1668 1337 1738 νόσον,
1395 1667 1789 1748 προφυλακτικά
1857 1665 2028 1733 σωτή-

2123 1648 2220 1711 dia
2251 1655 2712 1734 praaservatoria,
2736 1655 3112 1717 sermonibus
3133 1657 3450 1735 pharmaca
3483 1652 3764 1751 miscens,

1884 1750 2040 1815 ἐάσας
2063 1737 2101 1746 ⁷
2126 1757 2234 1800 nec
2265 1741 2616 1821 permittens
2648 1762 2780 1804 eum
2813 1745 3028 1824 passim
3062 1752 3266 1804 contra
3295 1751 3563 1803 naturam
3584 1737 3768 1800 insul-

607 1752 714 1786 (ΔΔΑΙΚ
783 1755 1029 1786 ..ΔΑ-..ικια
1121 1757 1480 1786 -.-ΑΗ-ΔΑΑΔΑιΑΔ
1602 1758 1684 1786 ΑΛΛΩΣ
1719 1757 1778 1786 Α-;

402 1773 485 1830 ρια
556 1751 714 1831 λόγου
783 1755 1030 1832 φάρμακα
1121 1757 1500 1831 κερασάμενος,
1602 1757 1794 1828 καὶμὴ
1884 1751 2028 1812 ἐάσαι

402 1842 595 1893 ταύτην
663 1840 938 1893 πάνδημον
1006 1851 1392 1893 κατανιοοεῦσαι
1468 1846 1602 1893 κατὰ
1658 1851 1754 1893 ἐἰς
1813 1844 2028 1893 (θύσεως,

2126 1757 2234 1800 nec
2265 1751 2616 1821 permittens
2648 1762 2780 1804 eum
2813 1751 3028 1824 passim
3062 1752 3266 1804 contra
3295 1751 3563 1803 naturam
3584 1751 3766 1800 insul-

2127 1835 2269 1890 tare.
2306 1830 2448 1892 Cum
2483 1840 2677 1893 autem
2713 1831 2935 1893 doloris
2966 1832 3182 1893 malum
3217 1831 3368 1892 intro
3401 1848 3466 1891 se
3492 1829 3766 1890 insinua—

399 1842 595 1930 ταύτην
663 1840 938 1916 πάνδημον
1006 1851 1392 1923 καταχορεῦσαι
1468 1846 1602 1901 κατὰ
1658 1851 1755 1912 τῆς
1813 1844 2038 1922 φύσεως.
2127 1840 2269 1930 larg-
2306 1840 2453 1930 Uum.
2483 1840 2677 1893 autem
2713 1840 2935 1893 dOIOI'iS
2966 1840 3182 1930 malum
3217 1840 3368 1892 intro
3401 1850 3444 1930 st

403 1917 551 1996 ’Ἠδη
595 1928 650 1985 δὲ
700 1941 791 1989 τοῦ
834 1929 1001 1988 δεινοῦ
1055 1933 1412 2012 εἰσφθαρέντος
1456 1935 1543 1990 καὶ
1593 1932 1786 2014 χρόνον
1843 1932 2028 2010 συχνὸι

2124 1917 2291 1990 verit,
2329 1927 2386 1979 et
2439 1919 2612 1998 longo
2673 1929 2939 2000 tempore
2997 1920 3318 1982 multorum
3351 1921 3579 1980 animas
3607 1932 3764 2014 saepe

397 2019 488 2080 τὰς
559 2025 665 2074 τῶν
719 2019 938 2076 πολλῶν
1008 2003 1261 2084 πολλακις
1332 2003 1871 2098 ἐπικατανεμηθὲντος
1928 2026 2028 2095 ψυ-

2117 2003 2422 2098 depastum
2457 2007 2656 2098 fuerit,
2691 2008 2934 2070 difﬁcile
2961 2017 3188 2098 estnec
3219 2015 3556 2098 promptum
3597 2003 3763 2098 au_xi-

394 2107 523 2186 χὰς,
549 2105 784 2184 ἐργώδης
842 2107 978 2166 ἀλλὰ
1013 2110 1106 2166 οὒκ
1173 2111 1399 2190 εὐχερὴς
1456 2113 1490 2178 ἡ
1549 2091 1782 2187 βοήθεια,
1854 2091 1953 2166 καὶ-
1970 2115 2028 2164 τὰ

2117 2091 2285 2173 lium,
2316 2103 2372 2154 et
2419 2096 2878 2190 medicamenta
2908 2095 3178 2190 adhiberi
3219 2096 3306 2156 vix
3324 2101 3607 2190 possunt.
3645 2092 3762 2190 Sed

392 2183 476 2250 ἐπὶ
508 2183 708 2272 ’ταύτῃ
777 2183 1272 2278 δυσμεταχείριστα-
1305 2183 1581 2278 ’φάρμακα
1683 2197 1848 2256 Ἀλλά
1916 2212 2028 2262 τοῖς

2117 2199 2150 2242 e
2179 2183 2496 2258 contrario,
2532 2184 2604 2245 iis
2635 2185 2737 2265 qui
2766 2203 2798 2246 a
2829 2184 2967 2246 vitio
2995 2191 3222 2257 cavent,
3257 2184 3416 2245 salus
3448 2191 3666 2264 parata,
3703 2187 3761 2241 et

392 2283 488 2357 μὲν
520 2283 664 2345 αὖθις
701 2283 1082 2363 φυλαξομένοις
1139 2288 1200 2342 τὸ
1259 2289 1422 2350 πάθος
1477 2289 1761 2367 πρόχειρος
1811 2289 1846 2355 ἡ
1918 2309 2028 2342 σω-

2115 2287 2202 2339 est
2229 2280 2397 2341 facile
2428 2282 2607 2344 vitare
2640 2282 2990 2362 perniciem.
3047 2280 3159 2354 Qui
3209 2289 3402 2342 autem
3442 2279 3502 2340 in
3535 2278 3756 2367 malum

391 2372 572 2451 τηρία,
614 2373 702 2428 καὶ
771 2374 832 2428 τὸ
888 2371 1162 2454 διαφυγεῖν
1204 2377 1294 2431 τὸν
1337 2375 1550 2455 ὄλεθρον
1618 2375 1810 2456 ρᾳδιον.
1873 2379 1933 2434 Οἱ
1977 2374 2031 2430 δὲ

393 2457 678 2538 φθάσαντες
735 2476 1043 2539 περιπεσεῖν
1111 2470 1188 2538 τῷ
1229 2461 1403 2537 δεινῳ,
1462 2465 1696 2531 ἀπῆλθον
1728 2468 1869 2522 οὗτοι
1933 2466 2030 2532 τὴν

394 2550 454 2603 ἐκ
520 2553 618 2615 τῆς
692 2550 844 2608 νόσου
927 2548 1129 2624 βλάϐην
1187 2551 1616 2610 δυσαπάλλακτον
1675 2555 1882 2615 ἑαυτοῖς
1943 2557 2029 2610 καὶ

393 2635 525 2703 ὅλην
583 2637 1042 2716 ἀπομορξάμενωι.
1102 2631 1318 2720 ’Ὠσπερ
1387 2643 1474 2698 οὖν
1541 2648 1618 2716 τῷ
1712 2649 1860 2716 κακῷ
1930 2664 2029 2698 τινι

391 2725 816 2804 περιπεπτωκότι
884 2729 946 2783 τὸ
1024 2738 1176 2788 τοῦτο
1269 2728 1542 2810 διαφυγεῖν
1619 2745 1858 2810 κρεῖττον
1938 2737 2030 2786 τοῦ

387 2819 874 2894 συγκατορυχθῆναι
945 2819 1107 2892 αὐτῷ,
1171 2821 1260 2874 καὶ
1340 2823 1400 2874 τὸ
1470 2819 1775 2876 ἀναστεῖλαι
1834 2817 2028 2874 σοϐἀδα

2113 2367 2471 2444 inciderunt,
2507 2369 2547 2430 ii
2579 2371 2842 2431 abstersa
2877 2369 3066 2430 morbi
3099 2389 3276 2445 noxa,
3308 2365 3754 2449 inexpugnabili

2112 2461 2168 2516 et
2198 2463 2339 2528 tota,
2375 2457 3226 2537 perierunt.Quemadmodum
3257 2457 3440 2538 igitur
3475 2457 3642 2538 eiqui
3667 2456 3752 2517 in-

2111 2542 2252 2604 cidit
2275 2543 2335 2605 in
2350 2545 2668 2626 quodpiam
2699 2546 3210 2626 malum,etl‘ugere
3233 2545 3449 2608 melius
3470 2553 3560 2606 est
3580 2562 3753 2625 quam

2113 2631 2290 2692 simul
2320 2652 2455 2694 cum
2489 2653 2560 2696 eo
2593 2634 2859 2715 sepeliri,
2885 2643 2944 2696 et
2991 2642 3358 2712 grassenlem
3385 2632 3653 2694 morbum
3686 2651 3757 2694 ac

2110 2720 2279 2797 vulgo
2343 2740 2449 2802 per
2508 2739 2757 2803 corpora
2805 2729 3172 2798 aestuantem,
3221 2723 3756 2804 depascentemque

2111 2827 2348 2871 omnem
2382 2817 2615 2873 aetatem
2642 2819 2697 2872 et
2729 2811 3145 2889 sexum,satius
3170 2824 3258 2872 est
3278 2828 3557 2872 coercere
3580 2827 3752 2891 quam

2108 2896 2240 2958 sine
2270 2897 2702 2978 impedimento
2723 2899 2923 2962 sinere
2953 2899 3127 2962 latius
3148 2898 3538 2974 diﬂ'undizsic,
3558 2918 3751 2980 quan-

386 2903 539 2960 νόσον
593 2905 680 2959 καὶ
756 2902 1032 2979 πάνδημον
1074 2907 1210 2963 κατὰ
1278 2907 1538 2983 σωμάτων
1609 2905 2020 2982 κυμαινομὲνην,

388 2993 474 3048 καὶ
532 2999 704 3050 πᾶσαν
788 2992 998 3060 ἠλικίαν
1048 2995 1402 3070 βοσκομένην,
1498 2996 1585 3051 καὶ
1661 2995 1832 3073 γένος,
1933 2996 2024 3050 τοῦ

2111 2985 2182 3047 do
2215 2985 2420 3048 vitium
2453 2988 2512 3048 in
2540 2989 2862 3068 perniciem
2887 2998 2944 3051 et
2963 2990 3404 3070 corruptionem
3418 2987 3750 3049 animarum

387 3080 542 3136 ἐᾶσαι
604 3093 809 3159 χωρεῖν
904 3081 1329 3150 ἀνεπικωλύτως,
1416 3085 1552 3140 ἐστὶν
1619 3084 1954 3162 αἱρετώτερον
2002 3098 2015 3113 ’

2111 3074 2342 3156 accidit,
2370 3093 2643 3139 resecare
2686 3087 2744 3139 et
2763 3078 2974 3140 sistere
3006 3097 3076 3140 ex
3107 3096 3177 3139 eo
3209 3095 3457 3141 nascens
3482 3076 3748 3154 exitium,

389 3168 524 3226 οὕτω
553 3170 641 3224 καὶ
669 3168 862 3233 πάθους
893 3170 976 3226 ἐπὶ
1020 3170 1160 3247 λύμῃ
1212 3173 1296 3229 καὶ
1371 3171 1619 3239 σηπεδόνι
1674 3177 1864 3251 ψυχῶν
1919 3170 2023 3244 ἐμ-

2111 3162 2404 3225 laudabile
2438 3165 2616 3226 simul
2643 3175 2700 3226 et
2729 3166 2850 3228 Deo
2882 3176 3198 3246 gratumzet
3228 3176 3290 3228 ut
3321 3186 3354 3228 a
3376 3165 3546 3226 nobis
3575 3165 3755 3227 ratio-

383 3257 657 3326 πεσόντος,
691 3257 956 3333 ἀνακόψαι
1000 3261 1086 3314 καὶ
1147 3265 1340 3326 στῆσαι
1397 3263 1488 3316 τὸν
1532 3261 1592 3316 ἐκ
1649 3261 1832 3316 τούτου
1900 3258 2023 3314 ἐπι-

2111 3251 2341 3312 nalibus
2372 3255 2703 3332 pastoribus
2758 3256 2876 3329 ﬁat,
2933 3255 3292 3316 conveniens
3335 3272 3403 3316 ac
3434 3263 3752 3315 consenta-

383 3345 640 3424 φυόμενον
667 3343 901 3421 ὄλεθρον,
967 3345 1236 3404 ἐπαινετὸν
1295 3350 1426 3424 ὁμοῦ
1479 3351 1565 3405 καὶ
1638 3352 1752 3421 Θεῷ
1782 3347 2023 3426 ἀρέσκον,

2111 3339 2611 3412 neum.Quoniam
2645 3343 2822 3421 igitur
2851 3342 3067 3404 Christi
3100 3343 3403 3422 populum,
3427 3361 3600 3423 quem
3624 3343 3754 3422 ipse

384 3434 470 3489 καὶ
539 3446 658 3496 τοῖς
739 3433 978 3512 λογικοῖς
1061 3435 1304 3511 ποιμέσιν
1373 3439 1507 3511 ἡμῖν
1605 3433 1897 3515 πρόσφορόν
1969 3456 2026 3490 τε

2111 3445 2214 3488 suo
2235 3429 2530 3515 sanguine
2558 3430 2832 3505 redemit,
2868 3439 3130 3492 sanctam
3159 3431 3752 3511 gentem,antiquitus

384 3520 564 3577 ποιεῖν
625 3523 714 3578 καὶ
783 3520 1052 3599 ἁρμόδιον,
1127 3521 1275 3580 Ἐπεὶ
1334 3527 1501 3581 τοίνυν
1560 3514 1655 3580 τὸν
1731 3531 1822 3580 τοῦ
1891 3531 2020 3600 Χρι-

2111 3514 2348 3595 quidem
2371 3516 2684 3598 disciplina
2706 3518 3039 3580 divinorum
3058 3527 3430 3580 etsacrorum
3455 3519 3758 3599 apostolo-

381 3611 505 3665 στοῦ
573 3607 724 3684 λαὸν,
798 3610 858 3665 ὒν
927 3617 1003 3684 τῷ
1071 3613 1244 3686 οἰκείῳ
1310 3614 1460 3675 οὗτος
1532 3612 1846 3690 ἐξηγόρασεν
1918 3612 2016 3667 αἶ-

381 3719 530 3772 ματι,
578 3699 640 3754 τὸ
670 3698 820 3776 ἅγιον
851 3697 1016 3772 ἔθνος,
1052 3699 1212 3755 πάλαι
1269 3700 1364 3775 μὲν
1422 3703 1483 3756 τὸ
1538 3699 1868 3757 διδασκάλων
1911 3706 2014 3756 τῶν

379 3786 528 3842 θείων
600 3787 687 3842 καὶ
757 3787 910 3865 ἱερῶν
967 3787 1299 3862 ἀποστόλων,
1361 3790 1447 3844 καὶ
1523 3790 1627 3846 τῶν
1675 3785 1791 3863 μετ’
1836 3787 2020 3849 αὐτοὺς

377 3877 519 3936 αὖθις
587 3873 752 3950 ἁγίων
810 3875 1079 3952 Πατέρων,
1155 3877 1310 3932 οἱονεί
1377 3899 1493 3933 τινα
1551 3876 1707 3938 θείοις
1769 3875 1947 3950 νόμοις
1989 3874 2022 3923 ὅ

375 3960 842 4040 περιεχαράκωσεν
927 3962 1187 4039 ἄμπελον,
1289 3967 1438 4043 ἱερῶς
1520 3963 1621 4033 ἤδη
1692 3985 2018 4044 καταφυτευ-

376 4053 559 4106 θεῖσαν
643 4057 720 4125 τῷ
767 4051 942 4108 πάντα
985 4053 1056 4115 εἱς
1127 4054 1187 4108 τὸ
1246 4066 1388 4109 εῖναι
1462 4053 1820 4132 παραγαγόντι
1878 4058 2014 4126 Θεῷ,

375 4137 694 4216 περικόπτον
748 4139 924 4207 πάντη
989 4141 1043 4220 5,
1135 4144 1220 4212 καὶ
1283 4142 1640 4220 ἀποκαθαῖρον
1714 4140 1805 4197 ἐπὶ
1875 4139 2017 4217 λύμῃ

374 4232 471 4294 τῆς
559 4227 762 4308 φύσεως
800 4227 1206 4310 ἆῤῥωστήματα,
1253 4232 1332 4287 ὲαὶ
1401 4239 1573 4288 πᾶσαν
1616 4231 1785 4308 ὁρμὴν
1837 4229 2018 4286 ἄνετον

2102 3619 2263 3678 rum,
2288 3611 2346 3664 et
2376 3607 2474 3684 qui
2506 3623 2609 3666 eos
2639 3607 2826 3668 secuti
2857 3615 3009 3682 sent,
3044 3625 3254 3668 rursus
3284 3615 3625 3669 sanctorum
3650 3608 3753 3668 Pa-

2108 3699 2286 3767 trum,
2320 3693 2487 3754 velut
2514 3695 2830 3774 quamdam
2865 3695 3095 3758 vineam
3125 3694 3382 3766 {divinis
3419 3695 3630 3776 sepivit
3659 3696 3750 3758 le-

2102 3779 2684 3857 gibus,saerosancte
2727 3784 2852 3864 jam
2898 3785 3215 3864 plautatam
3249 3803 3282 3845 a
3311 3783 3432 3845 Deo
3464 3785 3662 3846 omnia
3690 3785 3752 3846 in

2105 3869 2418 3928 essentiam
2454 3871 2819 3949 producente
2857 3886 3178 3934 resecansc
3199 3873 3442 3933 omnino
3495 3882 3553 3935 et
3602 3892 3750 3954 pur-

2102 3972 2413 4037 gans,qua3
2427 3965 2695 4020 naturam
2717 3960 3494 4037 laadunt,imbecillitates,et
3511 3980 3748 4026 omnem

2102 4043 2357 4132 solutum
2388 4046 2632 4124 gentilis
2662 4048 2793 4110 vitae
2823 4049 3108 4129 impetum
3165 4048 3531 4112 naturalibus
3581 4051 3750 4132 cupi-

2103 4130 2386 4194 ditatibus
2414 4132 2861 4210 inservientem,
2897 4138 3075 4200 veluti
3105 4138 3419 4218 quemdam
3454 4130 3750 4201 ﬂuvialem

2103 4237 2364 4296 cursum,
2387 4221 2718 4286 irruentem
2749 4224 2809 4286 in
2841 4225 3138 4307 primariae
3167 4225 3440 4304 imaginis
3469 4227 3746 4306 injuriam

381 4315 584 4372 ἐθνικοῦ
637 4316 750 4392 βίου
815 4331 936 4381 ταῖς
994 4308 1242 4398 φυσικαῖς
1288 4319 1582 4395 ἐπιθυμίαις
1646 4317 2012 4393 δουλεύουσαν,

2111 4308 2421 4371 refrenavit
2467 4320 2526 4372 et
2577 4316 2986 4394 compescuit:
3024 4322 3237 4394 praeter
3279 4324 3476 4377 autem
3520 4317 3752 4377 divinos

377 4404 611 4483 καθάπερ
667 4405 805 4486 τινὰ,
877 4408 1138 4482 ποτάμιον
1179 4409 1320 4486 ῥοῦν,
1383 4407 1464 4489 ἐφ’
1535 4407 1674 4486 ὕϐρει
1735 4413 1830 4474 τῆς
1863 4408 2024 4486 ἆρχε-

375 4492 542 4548 τύπου
641 4493 839 4557 εἰκόνος
933 4495 1244 4572 φερόμενον,

379 4579 577 4637 ἐστειλε
614 4597 627 4611 ⁸
673 4584 800 4660 πρὸς
832 4581 885 4638 δὲ
937 4597 1054 4646 τοῖς
1097 4587 1252 4650 θείοις
1297 4587 1500 4665 κανόσι,
1575 4589 1663 4644 καὶ
1715 4586 1869 4660 νόμοι
1914 4605 2017 4639 πο-

375 4665 562 4726 λιτικοὶ
615 4683 734 4732 τοῖς
777 4670 856 4744 μὴ
920 4677 987 4746 τῇ
1057 4671 1290 4746 εὖσεὸείᾳ
1337 4681 1631 4753 στοιχοῦσι.
1694 4673 1898 4750 μακρὰν
1968 4671 2022 4728 δὲ

375 4757 468 4814 τοῦ
536 4756 743 4822 δέοντος
834 4759 1406 4840 ἐκτραχηλιαζομένοις
1440 4763 1495 4843 6,
1581 4763 1840 4839 ὁσημέραι
1923 4761 2022 4827 τὴν

376 4847 650 4926 μάχαιραν
710 4847 1044 4904 ἐπισείουσι·
1105 4858 1260 4908 τοῦτο
1316 4851 1484 4932 ἐχρῆν
1538 4855 1600 4908 τὸ
1670 4852 1819 4928 ἅγιον
1881 4847 2021 4913 ἔθνος

375 4932 427 4988 ἐν
501 4939 712 5014 καθαρῷ
766 4942 841 5008 τῷ
911 4935 1164 4993 σδνειδότι
1257 4940 1421 5015 βιοῦν,
1502 4942 1587 4996 καὶ
1666 4936 1829 5013 μηδὲν
1913 4941 2019 4992 τῶν

378 5021 745 5102 ἀπειρημένων
817 5023 1182 5103 ἐπεισάγεσθαι
1238 5030 1426 5101 τούτῳ,
1511 5032 1596 5085 καὶ
1659 5030 1747 5084 τὸν
1817 5027 2017 5100 ἡμέτε-

378 5132 465 5189 ρον
523 5113 633 5188 βίον
691 5112 1031 5172 καταθολοῦν.
1096 5123 1241 5172 Θεῖοι
1321 5118 1418 5191 μὲν
1489 5118 1587 5195 γὰρ
1663 5117 1876 5178 κανόνες
1935 5115 2020 5170 καὶ

379 5200 537 5274 νόμοι
588 5198 850 5257 πολιτικοὶ
917 5203 1030 5278 βίον
1086 5207 1436 5280 πνευματικὸν
1491 5207 1577 5262 καὶ
1649 5202 1752 5272 ἤδη
1807 5203 2022 5282 χρηστὰ

1344 4496 1644 4576 ἀνεχαίτισε
1739 4497 1825 4550 καὶ
1921 4495 2018 4550 ἀν-

2104 4414 2386 4479 canones,
2420 4408 2478 4460 et
2519 4400 2724 4462 civiles
2753 4403 2914 4479 leges
2964 4403 3024 4464 in
3069 4421 3172 4464 eos
3223 4404 3325 4484 qui
3368 4406 3584 4484 pietate
3632 4423 3750 4465 non

2103 4485 2313 4546 imbuti
2345 4489 2618 4569 sunt,sed
2653 4493 2856 4570 procul
2887 4491 2960 4552 ab
2993 4510 3062 4552 eo
3085 4491 3242 4572 quod
3265 4491 3438 4553 decet
3467 4493 3741 4572 praecipi-

2105 4574 2232 4649 tati,
2267 4574 2526 4654 gladium
2559 4578 2824 4657 quotidie
2878 4578 3113 4639 vibrant
3145 4595 3158 4640 :
3196 4578 3282 4639 sic
3312 4581 3620 4659 oportebat
3649 4597 3750 4641 sa-

2107 4680 2266 4723 cram
2291 4673 2526 4740 gentem
2563 4665 2621 4726 in
2655 4685 2801 4745 pura
2831 4665 3194 4728 conscientia
3218 4667 3455 4745 degere.
3494 4675 3552 4729 et
3600 4666 3748 4729 nihil

2105 4768 2309 4812 eorum
2343 4771 2473 4832 quae
2519 4755 2814 4834 prohibita
2869 4765 3008 4816 sunt
3055 4753 3192 4815 huic
3249 4756 3745 4836 superinducere,

2104 4839 2399 4920 vitamque
2434 4851 2693 4904 nostram
2718 4843 3296 4905 conturbare.Divini
3317 4844 3474 4905 enim
3490 4865 3750 4908 canones

2104 4928 2546 5006 etcivilesleges
2565 4933 2938 5011 asperitatem
2961 4933 3233 4994 humanae
3250 4944 3473 4994 natura;
3494 4935 3751 5014 compla-

2105 5018 2672 5098 nantes,spiritalem
2699 5022 2872 5082 vitam
2899 5021 3204 5102 bonosque
3232 5040 3428 5084 mores
3454 5025 3748 5085 mentibus

2105 5107 2324 5168 nostris
2355 5106 2696 5171 ﬁrmissime
2727 5110 3115 5192 imprimunt:
3147 5120 3208 5171 ut
3241 5110 3371 5171 sine
3404 5111 3528 5173 vita:
3555 5114 3748 5174 olTen-

2103 5195 2301 5260 diculo
2331 5195 2762 5277 rempublicam
2797 5198 3034 5262 nomine
3054 5198 3289 5279 dignam
3308 5201 3750 5283 omnitempore

1688 5375 1731 5440 v
1748 5372 2421 5458 ABUEjLECTIONES.

452 5539 470 5583 ¹
547 5543 747 5604 πολλοῦ
778 5544 918 5611 ἄξιος
950 5546 1166 5613 πόλεσι,
1249 5548 1276 5592 9
1309 5551 1629 5627 νοσήματος.
1712 5551 1747 5603 3
1777 5550 2026 5614 ἀντέστη.

453 5692 473 5723 ε
502 5695 581 5738 ac
616 5682 845 5757 magni
873 5682 1238 5746 civitatibus
1265 5686 1715 5750 zrstimand-us.

1803 5687 1822 5728 ί
1846 5685 1914 5747 (li
1923 5687 2111 5747 vinus
2129 5684 2422 5764 undique
2446 5687 2695 5765 δίψη-εἶτ.

2117 5544 2150 5594 4
2176 5544 2357 5620 νόμοις
2387 5545 2658 5607 πάντοθεν.
2770 5548 2802 5598 5
2829 5549 3019 5610 πάντα,
3121 5546 3155 5596 6
3183 5547 3741 5630 ἐκτραχηλιζομένοις,

2783 5701 2808 5740 '-'
2841 5707 3050 5748 )‘Cscca
3064 5706 3138 5747 HS
3166 5706 3407 5758 (mm-US.
