4192 6212
428 290 550 356 7,39

1808 283 1940 348 JUS
1979 283 2422 347 CANONIGUM

3680 277 3805 342 ’740

440 431 577 485 tur:
613 428 670 483 at
697 421 747 482 si
777 419 869 481 rei
905 417 1152 479 minoris
1185 425 1485 497 peccatum
1522 413 1782 477 excisum
1822 414 1919 487 sit,
1955 432 2069 476 ma-

2167 415 2474 495 ἆπαγούσης
2527 419 2656 496 πρὸς
2715 416 2927 494 ὄλεθρον
2984 413 3280 487 ἐπιϐάντες,
3336 415 3482 495 τάχα
3552 436 3653 470 που
3717 415 3805 468 καὶ

432 513 632 590 jorum
660 511 868 572 raritas
898 509 1164 588 quaadam
1201 510 1332 568 erit.
1354 505 1636 565 Voluntas
1669 505 1843 582 igitur
1865 503 2080 564 facien-

437 602 609 676 tium,
644 597 1196 661 condemnationvm
1219 595 1490 656 acerbam
1513 603 1568 653 et
1591 612 1838 656 coronas
1861 593 2079 673 ubique

443 698 724 750 meretur.
763 686 923 748 Hanc
955 685 1133 761 igitur
1163 683 1478 764 exquirens
1508 682 1897 762 quispiam,et
1919 681 2077 742 deli-

438 786 758 840 tescentem
820 784 1219 854 perscrutans,
1286 790 1426 833 num
1505 771 1934 832 contumaciter
1983 770 2077 831 his

437 865 656 946 nuptiis
681 863 1042 926 insilientem
1072 860 1359 933 inveniet,
1393 859 1495 920 sed
1534 878 1667 920 cum
1694 859 1920 938 pedicis
1951 859 2079 939 qui-

436 954 685 1016 busdam
715 950 940 1014 affectis
970 949 1218 1024 invitati,
1274 948 1560 1028 captivam
1592 949 1650 1008 in
1679 966 1776 1009 eas
1800 947 2076 1028 pracipi-

433 1043 564 1105 tari.
615 1043 730 1104 Aut
777 1040 937 1102 enim
972 1040 1161 1119 gloria
1189 1038 1451 1115 generis,
1487 1045 1585 1098 aut
1615 1037 1957 1115 dignitatem
1987 1037 2076 1097 fa—

433 1143 580 1209 stus,
630 1141 731 1195 aut
785 1131 988 1193 divitia
1044 1129 1172 1200 viri,
1206 1138 1308 1189 aut
1334 1130 1541 1190 forma:
1573 1127 1971 1205 pulchritudo,
2001 1128 2071 1187 ad

434 1223 672 1285 illicitas
707 1221 1146 1301 praecipitarunt
1178 1217 1412 1297 nuptias
1465 1215 1540 1277 ab
1570 1216 1644 1275 iis
1676 1236 1804 1294 quae
1857 1215 2076 1294 ubique

436 1319 734 1373 terrarum
768 1317 904 1370 sunt
936 1307 1258 1387 permissae,
1295 1325 1404 1366 nec
1444 1306 1502 1365 in
1536 1306 1710 1365 ullam
1746 1305 2076 1383 reprehen-

435 1401 665 1461 sionem
721 1395 1213 1474 impedimentum
1273 1395 1624 1455 afferentem
1679 1393 2072 1471 impegerunt,

436 1487 553 1549 Has
583 1489 660 1547 ob
691 1503 897 1546 causas
925 1483 1083 1544 venit
1117 1483 1358 1562 (inquit)
1391 1485 1478 1542 ira
1513 1484 1614 1545 Dei
1648 1481 1706 1541 in
1735 1480 1911 1543 Filios
1946 1499 2074 1540 ino-

439 1575 777 1648 bedientiaa,
831 1573 905 1632 ob
965 1573 1202 1632 easdem
1262 1590 1463 1632 causas
1527 1571 1693 1630 multi
1755 1569 1974 1630 infirmi
2024 1577 2080 1629 et

2165 507 2292 583 πρὸς
2374 508 2440 561 τὰ
2524 506 2732 581 μείζονα
2814 506 2920 561 τῶν
3002 504 3396 582 ἁμαρτημάτων
3469 503 3801 584 χωρήσουσι,

2160 594 2255 662 τῆς
2286 594 2352 644 55
2403 593 2456 650 δὲ
2503 593 2641 673 [τοῦ]
2701 594 2976 657 ἐλάττονος
3037 595 3314 673 ἁμαρτίας,
3375 590 3800 666 ἓκκοπτομένης,

2160 682 2320 764 φειδώ
2362 707 2440 747 τις
2495 671 2625 760 πρὸς
2679 685 2746 739 τὰ
2798 684 3009 758 μείζονα
3075 671 3243 744 ἔσται,
3302 671 3365 738 Ἠ
3414 681 3604 758 γνώμη
3633 681 3803 735 τοίνυν

2158 774 2447 851 ἁπανταχῆ
2489 779 2594 829 τῶν
2651 770 2950 851 δρωμένων,
3013 769 3294 836 καταδίκης
3346 769 3412 820 54
3482 775 3673 848 πικρᾶς
3714 770 3804 824 καὶ

2159 863 2426 941 στεφάνων
2469 860 2604 926 ὂξία.
2665 862 2871 921 Ταύτην
2929 859 3017 915 οὖν
3072 857 3324 930 ἐξετάζων
3392 881 3497 934 τις,
3553 860 3640 914 καὶ
3694 879 3806 936 γω-

2159 952 2432 1021 νιάζουσαν
2501 953 2745 1028 ιρευνῶν,
2818 951 2911 1006 οὐκ
2936 947 3034 998 δι’
3095 951 3322 1012 ἀπειθῶς
3395 949 3601 1028 εὑρήσει
3683 959 3803 1010 τοῖς

2157 1039 2413 1101 τοιούτοις
2473 1039 2664 1114 γάμοις
2709 1036 3070 1112 ἐπιπηδῶσαν,
3122 1037 3255 1112 μετὰ
3314 1035 3368 1092 δέ
3424 1059 3564 1100 τινος
3632 1033 3800 1102 πέδης

2157 1128 2351 1190 πάθοδς
2408 1195 2417 1208 ι
2473 1125 2903 1206 δριμυττομένου,
3027 1125 3285 1200 δεσμῶτιν
3392 1123 3800 1198 κυλινδουμένην

2158 1219 2366 1278 αὐτοῖς.
2418 1223 2461 1272 Η
2505 1218 2602 1293 γὰρ
2645 1213 2767 1280 δόξα
2825 1215 3030 1293 γένους,
3081 1216 3168 1270 καὶ
3208 1212 3364 1291 ὄγκος
3395 1213 3728 1288 ἀξιωμάτων,
3764 1212 3800 1280 ἢ

2158 1303 2380 1368 πλοῦτος
2413 1303 2615 1382 ἀνδρὸς,
2664 1305 2698 1371 ἢ
2753 1302 2974 1367 κάλλους
3035 1300 3342 1383 φαιδρότης,
3402 1307 3498 1368 τῆς
3555 1303 3801 1363 άπανταέ

2160 1403 2262 1472 χοῦ
2289 1398 2393 1470 γῆς
2441 1392 2926 1472 ἐπιτετραμμένων,
2985 1393 3073 1448 καὶ
3131 1389 3331 1466 μηδένα
3397 1391 3585 1465 μῶμον
3627 1412 3802 1468 προσ-

2159 1479 2528 1559 επιτριὸόντων
2611 1482 2962 1559 ὶκκρούσαντα
3043 1482 3252 1557 γάμων,
3325 1481 3458 1557 πρὸς
3510 1480 3601 1534 τὸν
3671 1477 3800 1534 ἀθέ-

2161 1591 2312 1644 μιτον
2346 1568 2666 1634 ἓξεκύλισαν,
2707 1570 2804 1624 Διὰ
2832 1571 2998 1625 ταῦτα
3052 1568 3290 1648 ἔρχεται,
3351 1571 3532 1648 φησὶν,
3585 1570 3620 1635 ἡ
3663 1568 3800 1645 ὀργὴ

439 1664 665 1743 egroti,
726 1669 784 1722 et
841 1660 1140 1720 dormiunt
1191 1658 1382 1721 multi.
1418 1657 1505 1720 0b
1540 1664 1802 1729 eas-lem,
1839 1674 2069 1736 pavore:

2165 1661 2257 1714 τοῦ
2299 1666 2429 1714 Θεοῦ
2478 1658 2562 1713 ἐπὶ
2613 1659 2733 1720 τοὺς
2777 1660 2913 1720 υἱοὺς
2970 1662 3065 1725 τῆς
3121 1657 3380 1720 ἀπειθείας
3415 1672 3428 1684 ⁹
3489 1654 3574 1711 διὰ
3637 1658 3802 1712 ταῦτα

440 1751 763 1824 terribiles,
827 1757 999 1810 terra;
1051 1756 1246 1809 motus
1303 1749 1640 1827 quatientes
1699 1747 2069 1808 fundamenta

2165 1746 2350 1802 πολλοὶ
2392 1748 2628 1811 ἀσθενεῖς
2659 1749 2745 1803 καὶ
2787 1745 3064 1825 ἄρῤωστοι,
3114 1747 3200 1801 καὶ
3254 1749 3542 1818 κοιμῶνται
3585 1747 3752 1801 ἱκανοί
3778 1761 3792 1773 ⁸

436 1849 631 1911 terrae,
668 1847 724 1899 et
747 1835 1047 1898 civitatum
1080 1835 1332 1898 aediﬁcia
1367 1836 1791 1909 convellentes,
1828 1836 2085 1898 horrida:
2164 1833 2247 1890 διὰ
2327 1837 2513 1908 ταῦτα,

2598 1833 2816 1909 δείματα
2897 1832 3112 1913 φοϐερὰ,
3206 1834 3409 1907 σεισμοὶ
3489 1831 3797 1895 κλονοῦντες

435 1929 750 2007 siccitates,
779 1926 1119 1986 morborum
1154 1925 1428 1986 incursus
1451 1925 1510 1984 in
1543 1927 2069 2003 corpora,hostium

2163 1922 2377 1998 θεμέλια
2432 1925 2534 2000 γῆς
2591 1924 2677 1978 καὶ
2747 1921 2953 1978 πόλεων
3036 1923 3368 1985 ἀνασπῶντες
3452 1919 3729 1994 οἰκοδομάς
3779 1937 3792 1950 ⁸

437 2017 711 2088 iusultus,
771 2015 957 2076 fames
1011 2012 1271 2093 denique
1323 2023 1381 2073 et
1433 2012 1786 2092 pestilentiae
1842 2022 2074 2074 aetatem

438 2123 677 2166 omnem
711 2102 1148 2181 invadentes,et
1167 2120 1275 2162 nec
1299 2101 1454 2162 unde
1480 2102 1836 2180 aet-ipientes
1859 2120 2075 2163 conso-

434 2191 907 2256 lationem.Hanc
925 2191 1231 2251 hominum
1255 2190 1325 2250 ad
1349 2191 1590 2251 exitium
1619 2189 2070 2270 proclivitatem,

437 2281 948 2343 modestianostra
977 2279 1154 2340 simul
1185 2298 1316 2339 cum
1347 2280 1643 2339 assidente
1666 2278 2070 2357 pientissimo-

433 2388 565 2430 rum
587 2369 1170 2447 metropolitanorum
1185 2376 1242 2428 et
1257 2366 1838 2446 archiepiscoporum
1856 2368 2076 2446 synodo

435 2457 646 2518 sistere
677 2457 948 2534 cupiens,
983 2464 1038 2515 et
1077 2475 1111 2516 a
1161 2460 1339 2534 turpi,
1387 2454 1720 2528 inhonesto,
1756 2454 2077 2536 infamique

433 2544 734 2625 conjugio,
785 2543 1144 2623 peculiarem
1204 2543 1422 2604 Christi
1477 2543 1754 2623 populum
1787 2543 2070 2625 liberans,

429 2633 614 2694 vetuit
644 2631 983 2711 hujusmodi
1014 2629 1235 2710 nuptiis
1258 2631 1414 2692 inter
1432 2631 1798 2692 Christianos
1821 2632 2075 2711 amplius

431 2720 630 2782 locum
655 2738 807 2794 esse,
843 2728 900 2780 et
931 2718 1003 2779 ab
1035 2719 1156 2780 ullo
1186 2737 1442 2799 unquam
1477 2717 2074 2781 contrahi.Admonet

429 2818 621 2870 autem
674 2807 1076 2870 communiter
1107 2825 1336 2881 omnes,
1386 2817 1445 2868 et
1496 2826 1566 2868 ex
1600 2807 1790 2868 sancti
1819 2806 2074 2886 Spiritus

431 2897 733 2973 facultate,
784 2896 963 2976 patris
995 2905 1051 2957 et
1081 2894 1308 2956 domini
1334 2895 1471 2974 jure
1503 2894 1729 2967 deﬁnit,
1766 2915 1840 2957 ne
1869 2915 1936 2957 ex
1961 2897 2074 2958 hoc

2165 2012 2361 2090 αὐχμοὶ
2400 2008 2678 2090 φρικώδεις
2715 2029 2729 2044 ⁶
2790 2011 2956 2066 νόσων
2985 2011 3120 2066 κατὰ
3162 2011 3422 2084 σωμάτων
3474 2008 3749 2088 ἐπιδρομαί
3780 2028 3794 2041 ⁸

2155 2099 2424 2175 πολεμίων
2454 2097 2848 2178 ὲπεναστάσεις,
2892 2101 3068 2155 καὶτὸ
3123 2098 3452 2174 τελευταῖον,
3513 2098 3656 2173 λιμοὶ
3711 2099 3799 2154 καὶ

2155 2188 2353 2268 λοιμοὶ,
2425 2186 2632 2256 ἠλικίαν
2698 2195 2868 2244 πᾶσαν
2931 2190 3249 2266 ἀπάγοντες,
3324 2189 3411 2244 καὶ
3493 2186 3796 2263 μηδαμόθεν

2153 2279 2482 2352 παραμυθίαν
2532 2273 2912 2351 λαμϐάνοντες.
2959 2277 3163 2334 Τούτων
3228 2277 3324 2343 τὴν
3381 2276 3434 2330 ἐν
3503 2277 3796 2354 ἀνθρώποις

2161 2366 2245 2422 ἐπὶ
2287 2365 2483 2445 ὀλέθρῳ
2511 2366 2672 2444 φορὰν
2697 2362 2753 2404 ³⁸
2793 2367 2828 2432 ἡ
2873 2365 3151 2444 μετριότης
3198 2367 3375 2440 ἡμῶν,
3421 2364 3533 2439 ἅμα
3574 2370 3642 2440 τῇ
3670 2386 3796 2419 συν-

2160 2454 2462 2533 εδριαζούσῃ
2541 2461 2648 2509 τῶν
2729 2452 3140 2532 θεοφιλεστάτων
3225 2452 3629 2531 μητροπολιτῶν
3712 2455 3799 2508 καὶ

2157 2543 2588 2623 ἀρχιεπισκόπων
2618 2539 2694 2616 ³⁸,
2780 2546 2970 2608 στῆσαι
3027 2543 3144 2620 περὶ
3197 2540 3396 2598 πολλοῦ
3475 2541 3792 2616 ποιουμένη,

2154 2633 2243 2687 καὶ
2295 2641 2387 2689 τοῦ
2441 2629 2766 2709 καταῤῥύπου
2821 2631 2908 2686 καὶ
2955 2631 3217 2709 ἀπρεποῦς
3265 2631 3354 2686 καὶ
3409 2629 3637 2706 ἆσέμνου
3691 2631 3796 2707 γά-

2155 2743 2258 2795 μου
2310 2723 2400 2776 τὸν
2457 2720 2746 2798 περιούσιον
2817 2717 2943 2775 λαὸν
3022 2719 3115 2776 τοῦ
3198 2726 3418 2799 Χριστοῦ
3499 2719 3728 2796 ῥυομένη
3776 2736 3789 2748 ·

2153 2805 2429 2888 διωρίσατο
2488 2808 2679 2883 μηκέτι
2738 2808 2860 2871 τοὺς
2915 2809 3178 2871 τοιούτους
3220 2809 3418 2886 γάμους
3476 2807 3659 2887 χώραν
3740 2806 3794 2862 ὲν

2155 2910 2268 2961 τοῖς
2300 2905 2637 2977 Χριστιανοτς
2662 2905 2754 2955 τοῦ
2808 2894 2997 2952 λοιποῦ
3037 2896 3209 2976 ἔχειν,
3269 2895 3404 2972 μηδὲ
3458 2897 3600 2975 παρά
3655 2918 3793 2960 τινος

429 2995 695 3064 tempore
725 2985 1035 3066 quisquam
1057 2989 1094 3064 ι,
1125 2982 1546 3063 sivejuvenum
1570 2983 1792 3045 viribus
1814 2985 2069 3064 potentia

2158 2984 2422 3062 μηδέποτε
2467 2985 2930 3065 καταπραχθῆναι.
2991 2987 3302 3063 Εἶσηγεϊται
3345 2987 3433 3042 καὶ
3487 2991 3615 3041 πᾶσι
3673 3007 3792 3042 κοι-

428 3081 490 3136 et
511 3073 732 3135 divitiis
761 3074 1062 3146 eﬂ‘eratur,
1096 3081 1124 3112 ιι
1152 3071 1276 3134 sive
1333 3071 1730 3134 multitudinis
1761 3081 1820 3134 et
1844 3074 2068 3153 populi,

2155 3081 2280 3156 νῶς,
2308 3078 2394 3132 καὶ
2445 3082 2514 3151 τῇ
2560 3077 2663 3131 ἀπὸ
2721 3082 2812 3131 τοῦ
2859 3075 3007 3152 ἁγίου
3065 3075 3367 3151 Πνεύματος
3425 3071 3624 3146 ἐξουσίᾳ
3679 3097 3791 3130 πα-

431 3162 504 3224 ad
530 3162 872 3241 hujusmodi
892 3161 1124 3239 nuptias
1139 3159 1580 3233 accedat.Quod
1604 3161 1654 3222 si
1677 3163 1808 3242 quis
1830 3181 1960 3243 quae
1977 3162 2069 3224 hic

2155 3174 2344 3245 τριχῶς
2375 3168 2462 3222 καὶ
2504 3163 2828 3228 δεσποτικῶς
2879 3163 3173 3244 διορίζεται,
3235 3164 3372 3222 ὥστε
3429 3163 3629 3240 μηδένα
3684 3171 3790 3222 τῶν

425 3250 670 3312 deﬁnita
699 3260 835 3312 sunt
893 3249 1069 3311 nihili
1125 3248 1369 3325 faciens,
1403 3268 1468 3310 se
1499 3249 1560 3310 in
1587 3250 1698 3313 tale
1730 3251 2067 3330 conjugium

2154 3257 2422 3330 ἁπάντων,
2471 3255 2574 3311 ἀπό
2603 3276 2662 3332 γε
2693 3256 2786 3309 τοῦ
2814 3261 2902 3310 νῦν
2955 3253 3053 3311 κᾶν
3086 3260 3191 3310 τῶν
3220 3254 3348 3310 νέων
3373 3251 3427 3295 ³⁷
3468 3252 3790 3315 δυναστείαις

425 3338 899 3420 praecipitaverit,
923 3347 1023 3400 aut
1052 3338 1272 3399 liberos
1303 3337 1769 3412 elocaveriz,ioto
1799 3342 1929 3400 vitae
1949 3357 2069 3401 sua).

2152 3345 2185 3421 ᾗ
2237 3367 2341 3419 τις,
2417 3345 2506 3400 καὶ
2582 3343 2856 3419 ἐξουσίαις,
2942 3345 3028 3400 καὶ
3110 3342 3321 3416 πλούτῳ
3401 3349 3607 3419 κομῶν,
3693 3344 3791 3399 κᾶν

424 3436 692 3508 tempore
740 3427 814 3489 ab
866 3427 1134 3489 Ecclesia
1189 3427 1414 3506 ejectus
1465 3427 1595 3489 erit.
1656 3427 1776 3490 Nec
1809 3430 1970 3510 prius
1995 3431 2068 3493 ad

2152 3439 2254 3489 τῶν
2309 3433 2521 3490 πολλῶν
2578 3435 2665 3488 καὶ
2733 3434 2825 3487 τοῦ
2878 3429 3072 3507 δήμου,
3144 3434 3274 3512 πρὸς
3333 3440 3567 3489 τοιοῦτον
3617 3432 3791 3510 γάμον

424 3517 858 3598 paenitentiam,
887 3515 1248 3590 admittetur,
1273 3534 1445 3596 quam
1479 3515 1713 3596 nuptias
1734 3518 2063 3594 diremerit,

427 3605 658 3667 etiamsi
687 3623 757 3667 ex
807 3605 879 3666 iis
910 3605 1130 3667 liberos
1160 3605 1504 3685 procrearit.
1541 3603 1832 3669 Sacerdos
1861 3619 2058 3671 autem

425 3693 528 3774 qui
558 3694 734 3772 hujus
765 3694 986 3773 nuptiis
1019 3712 1226 3772 preces
1248 3691 1941 3776 concesserit,perpetuze
1962 3697 2061 3758 de-

427 3781 704 3861 positioni
733 3781 1102 3862 subjicietur.
1139 3781 1538 3853 Quamobrem
1581 3791 1638 3843 et
1666 3802 1793 3864 quae
1823 3785 2064 3847 deﬁnita

421 3870 543 3943 hic,
577 3870 840 3949 exposita
896 3878 1052 3941 sunt,
1103 3879 1159 3930 et
1211 3871 1436 3946 signata
1495 3872 1554 3930 in
1589 3872 2061 3952 chartophylacio

421 3956 530 4018 Dei
553 3957 715 4018 verbi
747 3957 1060 4037 sophiaa,in
1089 3966 1452 4037 posterorum
1481 3959 1829 4020 memoriam
1853 3979 2064 4022 recon-

423 4045 543 4107 dita
571 4052 729 4106 sunt.
787 4045 895 4108 Die
941 4048 1010 4108 Ἦ
1048 4044 1378 4120 Februarii,
1415 4045 1488 4106 tO
1517 4046 1879 4122 indictionis,
1906 4069 2060 4113 anno

423 4133 605 4196 6505.

2149 3521 2342 3586 ἐλθεῖν,
2411 3525 2469 3579 Εἰ
2538 3519 2592 3576 δέ
2635 3543 2714 3584 τις
2760 3521 2864 3577 ἀπὸ
2906 3529 2997 3577 τοῦ
3038 3521 3294 3601 παρόντος
3356 3523 3420 3578 τὰ
3475 3521 3789 3600 διωρισμένα

2148 3613 2310 3670 ταῦτα
2338 3612 2552 3687 θέμενος
2610 3609 2733 3688 παρ’
2777 3609 2944 3691 οῦδὲν,
3004 3613 3131 3691 πρὸς
3177 3613 3268 3668 τὸν
3317 3611 3552 3668 τοιοῦτον
3603 3613 3790 3668 ἑαυτὸν

2143 3701 2427 3780 ἑπιρῥίψειε
2496 3701 2690 3778 γάμον,
2761 3701 2796 3768 ἢ
2853 3699 3014 3773 ἐπιδῷ
3065 3700 3223 3756 τέκνα
3286 3707 3354 3776 τῇ
3391 3699 3680 3774 Ἐκκλησία
3736 3700 3793 3745 39

2144 3794 2292 3854 οὗτος
2348 3792 2668 3868 ὶκκήρυκτος
2725 3788 2868 3845 ἔσται
2941 3790 3112 3852 πάσας
3165 3791 3258 3852 τὰς
3302 3791 3502 3869 ἡμέρας
3545 3791 3637 3847 τοῦ
3677 3792 3789 3868 βίου

2144 3879 2298 3936 αὐτοῦ
2329 3897 2346 3914 ο
2404 3880 2492 3934 καὶ
2548 3880 2608 3935 οῦ
2685 3877 2936 3957 πρότερον
3005 3875 3320 3957 δειχθήσεται
3380 3882 3453 3944 εἰς
3510 3881 3788 3954 μετάνοιαν

2143 3970 2261 4047 πρὶν
2331 3965 2392 4022 ἂν
2462 3964 2727 4042 διασπάσῃ
2785 3970 2874 4022 τὸν
2944 3968 3142 4045 γάμον,
3213 3968 3311 4024 κᾶν
3367 3970 3540 4048 φθάσῃ
3594 3967 3788 4032 παῖδας

2143 4057 2448 4117 ἇποτεκειν.
2513 4047 2570 4113 Ὀ
2640 4053 2693 4110 δὲ
2741 4062 2818 4130 τῷ
2876 4059 3097 4131 τοιούτῳ
3151 4057 3308 4135 γάμῷ
3365 4047 3532 4137 εὐχὴν
3578 4056 3784 4120 ἐπιδοὺς

2144 4147 2331 4224 ἱερεὺς,
2389 4144 2686 4223 καθαιρέσει
2741 4144 2916 4217 τελείᾳ
2974 4147 3339 4204 ὕποπεσεϊται.
3431 4148 3523 4202 Διὸ
3577 4148 3664 4202 καὶ
3718 4147 3786 4203 τὰ

423 4223 685 4301 ὡρισμένα
713 4223 1040 4314 ‘0_EV‘51}391
1097 4222 1322 4314 ἐξετέθη,
1362 4226 1470 4314 ,καὶ
1514 4226 1888 4314 σφραγισθέντα
1949 4237 2024 4305 τῷ
2080 4222 2486 4314 χαρτοφυλακίῳ
2541 4222 2639 4299 τῆς
2697 4242 2788 4291 τοῦ
2851 4241 2982 4314 θεοῦ
3036 4232 3197 4302 λόγου
3254 4235 3460 4314 σοφίας,
3520 4236 3592 4298 εἷς
3645 4235 3782 4290 ὑπό-

420 4333 610 4402 μνησιιν
652 4324 768 4376 τοῖς
799 4311 1064 4386 ἐσομένοις
1096 4311 1462 4390 ἐπρυτινεύθη,
1496 4315 1630 4369 κατὰ
1657 4314 1755 4380 τὴν
1799 4305 1888 4370 λα’
1915 4321 2006 4374 τοῦ
2057 4305 2404 4402 ιῙῖιείέρουαρίου
2458 4324 2625 4397 μηνὸς
2683 4327 2780 4389 τῆς
2825 4312 2864 4377 ι’
2889 4325 3276 4400 επινεμήσεως,
3333 4305 3390 4379 ἓν
3448 4323 3551 4379 ἔτει
3580 4321 3628 4364 ⁴¹
3703 4329 3781 4396 τῷ

417 4390 606 4491 .92"-

497 4487 605 4559 Qui
634 4505 769 4550 vero
802 4485 1108 4550 nobiscum
1145 4489 1271 4550 haec
1291 4489 2053 4583 consultando‘perpende-

2218 4501 2276 4559 Οἱ
2306 4498 2361 4556 δὲ
2419 4502 2534 4576 μεθ’
2591 4503 2741 4577 ἡμῶν
2800 4499 3308 4578 συνδιασκεψάμενοι
3351 4503 3437 4559 καὶ
3486 4502 3778 4583 συνδριορι-

417 4582 556 4666 runt
586 4585 643 4666 et
664 4582 998 4638 statuerunt
1015 4577 1626 4657 metropolitani,sunt
1646 4578 1708 4640 hi
1733 4600 1747 4642 :
1771 4579 2054 4666 Joannes,

418 4664 745 4726 Heracleas.
777 4667 1058 4738 Joannes,
1119 4665 1382 4746 Ancyrae.
1420 4670 1562 4743 Leo,
1595 4667 1895 4731 Sardium.
1930 4664 2058 4734 Ste-

419 4752 1053 4831 phanus,Nicomediaa.
1086 4755 1316 4828 Daniel,
1345 4754 1757 4819 Chalcedonis.
1789 4755 2058 4820 Theodo-

415 4857 538 4915 rus,
575 4842 884 4904 Melitenaa.
917 4843 1198 4925 Joannes,
1233 4843 1590 4924 Tyanorum.
1626 4848 1858 4925 Petrus,
1893 4847 2053 4911 Gan-

415 4930 669 5018 grensis.
721 4930 1000 5005 Joannes,
1053 4932 1259 4996 Cariae.
1309 4932 1582 5015 Basilius,
1617 4937 1823 4998 Iconii.
1859 4932 2059 5000 Theo-

416 5019 741 5098 phylactus,
775 5020 1126 5085 Antiochiae.
1149 5019 1611 5102 Joannes,Syla=.-i
1657 5026 2058 5106 Theodegius,

413 5107 802 5172 Athenarum.
835 5109 1426 5192 Styliauus,Larissa:.
1454 5110 1761 5192 Georgius,
1782 5115 2064 5197 Trajano-

2140 4590 2358 4671 σάμενοι
2413 4589 2577 4646 ταῦτα
2632 4604 3047 4671 μητροπολτται,
3108 4592 3233 4647 εἰσὶν
3280 4593 3421 4648 οὗτοι
3457 4606 3471 4620 ⁸
3535 4588 3782 4658 Ἰωάννης

2145 4667 2476 4755 Ἡρακλείας,
2551 4667 2826 4759 Ἰωάννης,
2909 4667 3191 4758 Ἀγκύρας,
3264 4679 3430 4753 Λέων,
3516 4678 3779 4760 Σάρδεων,

2140 4767 2404 4846 Στέφανος
2446 4765 2822 4842 Νικομηδείας,
2873 4767 3097 4848 Δανιὴλ,
3157 4766 3516 4844 Χαλκηδόνος,
3571 4768 3780 4826 Θεόδω-

2140 4877 2252 4935 ρος,
2284 4854 2609 4931 Μελιτηνῆς,
2643 4853 2917 4936 Ἰωάννης,
2960 4857 3193 4927 Τυάνων,
3240 4857 3459 4937 Πέτρος,
3505 4864 3780 4938 Γαγγρῶν,

2141 4943 2391 5010 Ἰωάννης
2478 4947 2694 5024 Καρίας,
2767 4944 3038 5011 Βασίλιιος
3097 4946 3336 5022 Ἰκονίου,
3393 4947 3779 5029 Θεοφύλακτος,

2142 5031 2498 5113 Ἀντιοχείας,
2553 5033 2822 5110 Ἰωάννης,
2887 5034 3133 5110 Συλαίου,
3165 5035 3470 5114 Θεοδήγιος,
3518 5035 3778 5112 Ἀθηνῶν,

2143 5120 2450 5197 Στυλιανὸς,
2539 5124 2823 5205 Λαρίσσης,
2908 5125 3190 5206 Γεώργιος,
3291 5123 3777 5205 Τραιανουπόλεως,

1736 5277 1825 5336 VA
1835 5276 1984 5341 lile
2025 5279 2463 5345 LECTIONES.

490 5387 546 5486 3‘3
573 5399 676 5448 τῶν
744 5393 1114 5486 ἆξθπημᾴξων-
1165 5395 1408 5486 {toil-fma
1466 5396 1556 5486 ἐξ*
1591 5399 1912 5486 ⁸ιξιτιαντοιχοῦ
1965 5407 2070 5457 τῶν
2132 5399 2396 5486 δρώντων,
2459 5405 2578 5486 καὶ,
2604 5402 2791 5468 καταδ.
2871 5403 2958 5454 54⁸
3016 5409 3110 5464 οὐκ
3160 5403 3396 5470 ἀπαθῶς.
3482 5404 3538 5448 ³⁵
3563 5406 3774 5486 φθοράν.

410 5467 466 5562 ξθ
505 5471 633 5610 ἄρχ’
669 5472 887 5548 συνόδῳ,
927 5467 934 5469 ὴ
973 5472 1026 5517 ³⁷
1049 5479 1153 5531 τῶν
1180 5474 1232 5529 ἐν
1275 5467 1382 5534 3w.
1465 5472 1523 5518 ⁸8
1548 5480 1644 5534 κᾶν
1687 5467 1896 5555 πλούτῳ
1947 5467 2173 5556 κομῶν.¹
2236 5481 2289 5524 39
2317 5467 2415 5550 τῆς
2471 5482 2776 5552 ἐκκλησίας.

411 5568 474 5610 ιη
504 5566 538 5610 a
567 5569 662 5610 118.

411 5568 474 5611 ιιι
504 5566 662 5612 ams.

489 5664 510 5691 ⁸
538 5675 670 5718 non
699 5658 934 5738 absque
969 5661 1304 5740 a/I‘ectione
1333 5663 1450 5723 his.

2861 5485 2923 5536 ω
2963 5483 3301 5565 διωρισμένα.
3386 5486 3441 5537 41
3473 5492 3551 5561 τῷ
3579 5483 3757 5563 υζθ

1541 5665 1557 5699 ι
1587 5665 1716 5726 sive
1743 5668 1892 5746 qm's
1919 5667 2202 5744 dynasta
2228 5670 2334 5750 sit,
2364 5687 2465 5752 ac,
2549 5679 2577 5710 ιι
2603 5671 2736 5734 sive
2761 5688 2942 5734 unus
2985 5689 3067 5735 ea:
3108 5673 3359 5748 multis,
3392 5679 3455 5736 et
3471 5671 3775 5754 plebeius.
