4192 6212
350 336 468 404 749
1669 331 2382 407 ϐΒιΕΟΟ-ΒΟΜΑΝΗΜ.
3603 334 3724 405 750

347 479 505 550 ροῦσα
573 470 665 527 τὸν
735 469 928 549 γάμον,
993 460 1051 528 Ὀ
1122 471 1218 546 μὲν
1261 471 1362 551 γὰρ
1429 471 1581 536 ἕκτος
1637 474 1836 549 βαθμὸς
1906 471 2013 527 καὶ.

2097 468 2290 543 gradus
2322 477 2379 530 et
2409 469 2565 531 inter
2595 488 2723 544 eos,
2757 471 2856 552 qui
2888 479 3026 532 sunt
3056 491 3124 535 ex
3157 481 3512 547 transverso,
3546 483 3606 538 et
3623 475 3718 538 in-

351 559 437 616 ἐπὶ
465 566 573 616 τῶν
600 558 661 614 ἐκ
702 558 927 638 πλαγίου
951 561 1038 616 καὶ
1093 559 1178 616 ἐπὶ
1233 563 1338 617 τῶν
1380 559 1432 626 ἑξ
1475 561 1783 641 ἀγχιστείας
1839 560 1991 636 πάμ-

2101 575 2168 616 er
2198 557 2690 638 aftines,impedit
2719 559 2960 621 omnino
2993 561 3453 644 nuptias,etjam
3479 573 3720 626 contra-

351 671 456 705 παν
521 649 757 727 ἀπείργει
827 650 919 704 τὸν
988 649 1183 728 γάμον,
1241 651 1328 705 καὶ
1384 651 1475 706 τὸν
1547 651 1805 706 συστάντα
1860 649 1994 711 ἴσως

2097 653 2200 705 :tas
2231 645 2474 706 dirimit.
2522 649 2748 709 Rursus
2807 649 3022 727 gradus
3078 658 3313 712 octavus
3369 654 3717 733 permissam

353 736 546 793 διαλύει
581 755 600 774 ⁶
661 740 689 794 ὁ
732 735 778 793 δ’
836 736 901 793 αὗ
947 735 1129 815 ὄγδοος
1181 744 1286 794 τῶν
1342 738 1577 814 βαθμῶν,
1642 760 1993 818 συγκεχωρη-

356 829 519 903 μένην
551 827 670 908 ἔχει
697 828 796 896 τὴν
843 828 1168 910 συνέλευσεν,
1213 829 1324 886 εἴτε
1367 837 1472 886 τῶν
1509 830 1569 886 ἐκ
1609 829 1855 909 πλαγίου,
1888 828 1999 885 εἴτε

355 924 460 973 τῶν
527 915 578 983 ἐξ
636 916 946 997 ἀγχιστείας
1004 919 1128 974 εἰσὶν
1185 921 1232 974 οἱ
1295 925 1608 996 γαμοῦντες,
1657 920 1778 996 Περὶ
1821 918 1999 993 μέντοι

355 1009 447 1062 τὸν
476 1003 696 1076 ἕϐδομον
725 1007 925 1082 βαθμὸν
973 1008 1034 1063 τὸ
1077 1013 1183 1063 πᾶν
1223 1009 1557 1086 περιίσταται
1613 1009 1847 1086 ζήτημα,
1909 1009 2000 1063 οὒκ

356 1093 530 1160 ἀλλως
563 1094 596 1163 ἢ
639 1101 708 1171 τῇ
752 1096 1088 1172 νομικωτάτῃ
1120 1098 1224 1151 τῶν
1281 1095 1590 1172 ἐπιστημῶν
1635 1095 1996 1171 διαλυόμενον,

357 1186 443 1239 καὶ
512 1183 840 1262 ἀνεπιφθόνῳ
896 1186 1041 1264 φρενὶ
1097 1182 1476 1264 διαιρούμενον.
1543 1174 1690 1243 ιὈσσι
1763 1186 1860 1261 μὲν
1903 1185 2001 1263 γὰρ

360 1279 466 1328 τῶν
510 1273 844 1331 συνοικεσίων
873 1272 925 1338 ἆξ
981 1274 1320 1345 οἱκειότητος,
1369 1273 1530 1353 ἤγουν
1573 1273 1624 1339 ἐξ
1665 1274 2001 1354 ἀγχιστείας,

357 1359 612 1431 ἀλλήλοις
683 1361 1032 1437 σδνημμένων
1101 1368 1207 1420 τῶν
1271 1364 1590 1441 προσώπων,
1664 1367 1741 1437 τῷ
1797 1360 2006 1438 ἑϐδόμῳ

359 1446 764 1528 περικλειόμεῦα
820 1451 1029 1528 βαθμῷ,
1089 1452 1188 1518 τὴν
1268 1452 1512 1509 σύστασιν
1595 1449 1756 1530 λάϐῃ,
1843 1459 2004 1508 ταῦτα

355 1539 443 1595 καὶ
519 1536 768 1594 ἀδιάλυτα
832 1539 1002 1620 μένει,
1090 1543 1163 1602 ὼς
1218 1539 1272 1606 ἐξ
1328 1539 1620 1616 ἀμέμπτων
1689 1540 2004 1621 συναφθέντα

356 1633 462 1683 τῶν
505 1628 718 1704 γάμων.
783 1629 884 1684 Δύο
940 1630 1039 1708 γὰρ
1098 1627 1366 1709 ὶξάδελφοι
1423 1631 1620 1709 πρῶτοι
1665 1632 1794 1708 πρὸς
1869 1631 2010 1686 θείαν

358 1715 600 1794 μεγάλην
630 1716 717 1772 καὶ
759 1715 1003 1792 ἀνεψιὰν,
1051 1717 1232 1797 ἑτέρας
1289 1725 1462 1795 σειρᾶς
1517 1721 1606 1775 καὶ
1661 1718 1842 1796 γένους
1897 1721 2008 1796 ὡρ-

359 1804 626 1880 μημένας,
685 1805 756 1862 τὰ
835 1805 1077 1883 γαμήλια
1157 1806 1397 1882 θέμενοι,
1483 1813 1818 1886 κατηγοριῶν
1890 1805 2008 1862 κατ’

2080 733 2258 794 habet
2288 736 2789 814 conjunctionem,
2824 737 2948 798 sive
2977 738 3018 798 ii
3055 739 3155 820 qui
3187 749 3422 815 coeunt,
3457 741 3723 803 sintala-

2085 828 2211 882 tere
2239 824 2634 902 cognati,sive
2664 826 2891 886 afﬁnes.
2922 827 3092 890 Circa
3121 828 3440 908 septimum
3473 830 3720 909 gradum

2082 910 2278 999 omnis
2306 913 2574 973 consistit
2604 914 2993 995 questio,quze
3023 936 3142 977 non
3173 917 3364 991 aliter,
3379 937 3550 998 quam
3571 919 3725 999 juris

2081 998 2270 1058 civilis
2288 1001 2536 1061 scnentia
2557 1001 2897 1063 dissolvitur
2927 1013 2983 1064 et
3013 1005 3249 1066 sincera
3280 1015 3479 1067 mente
3511 998 3724 1068 termi-

2083 1085 2430 1149 natur.Nam
2463 1108 2829 1171 quaecunque
2860 1092 3133 1171 conjugia
3146 1112 3532 1173 personarum
3551 1094 3728 1156 simul

2083 1177 2427 1236 coeuntium
2459 1197 2529 1238 ex
2572 1181 2960 1259 propinquate
2992 1181 3114 1242 sive
3151 1181 3432 1243 affinitate
3475 1183 3728 1262 septimo

2085 1263 2314 1325 inclusa
2335 1267 2518 1344 gradu
2550 1268 3023 1343 constiterint,ea
3061 1270 3414 1331 indissotuta
3464 1281 3725 1348 manent,

2087 1362 2150 1414 ut
2181 1372 2252 1415 ex
2282 1354 2602 1435 inculpatis
2637 1357 2909 1436 capulata
2939 1358 3322 1438 nuptiis.Duo
3342 1359 3498 1420 enim
3525 1379 3733 1421 conso-

2089 1441 2246 1502 brini
2269 1443 2636 1522 patruelesve
2653 1445 3046 1507 instrumenta
3077 1446 3290 1507 dotalia
3307 1456 3733 1527 componentes

2087 1549 2222 1591 cum
2256 1541 2578 1594 matertera
2607 1533 2857 1596 amitave
2891 1553 3124 1614 magna,
3159 1541 3219 1599 et
3249 1535 3446 1598 fratris
3474 1540 3734 1598 sororis-

2092 1637 2161 1679 ve
2193 1619 2671 1701 filia.progressis
2709 1641 2778 1683 ex
2834 1622 2947 1684 alia
2996 1624 3155 1686 serie
3184 1632 3243 1685 et
3271 1624 3576 1704 progenie.
3615 1643 3734 1686 non

2090 1707 2401 1787 imponent
2429 1709 2539 1770 sibi
2571 1711 2978 1772 accusationes
3009 1711 3504 1774 criminum.Nam
3531 1732 3737 1776 conso-

2094 1795 2250 1856 brini
2283 1807 2552 1877 quartum
2597 1818 2631 1859 a
2689 1817 2752 1860 se
2801 1798 3053 1860 invicem
3111 1801 3357 1880 gradum
3417 1801 3732 1864 obtinent:

359 1875 529 1950 αὐτῶν
603 1875 697 1950 οὐκ
774 1875 1084 1964 ιπίθησουσι
1162 1875 1394 1975 γραφάςί
1449 1899 1508 1954 O't
1569 1875 1664 1972 μὲν
1694 1875 1822 1976 ¹γὰρ
1878 1898 2006 1976 πρὸς

2097 1887 2265 1944 amita
2299 1875 2492 1976 autem
2521 1905 2626 1947 seu
2659 1896 2974 1976 matertera
3015 1875 3204 1950 tribus
3229 1889 3511 1950 dividitur
3539 1889 3738 1969 gradi-

360 1981 624 2053 ἀλλήλους
703 1982 953 2064 τέταρτον
1035 1983 1288 2065 ἐπέχουσι
1373 1985 1596 2064 βαθμὸν,
1682 1988 1728 2041 οἱ
1811 1986 2010 2064 πρῶτοι

360 2070 626 2152 ἑξάδελφοι
661 2092 678 2110 ⁶
729 2073 766 2141 ἦ
839 2069 895 2128 δὲ
958 2073 1067 2130 θεία
1147 2079 1246 2139 τῆς
1301 2073 1519 2149 ἀνεψιᾶς
1575 2076 1710 2152 τρισὶ
1766 2071 2010 2153 διῄρηται

359 2162 610 2236 βαθμοῖς.
686 2161 783 2220 Καὶ
839 2159 1002 2226 οὕτως
1054 2164 1082 2218 ὁ
1132 2159 1354 2237 ἕϐδομος
1399 2161 1484 2218 ἐπὶ
1529 2163 1738 2226 τούτοις
1783 2164 2011 2241 συναγό-

360 2275 517 2326 μενος
587 2253 785 2328 βαθμὸς
862 2253 962 2320 τὴν
1035 2253 1240 2329 μέμψιν
1315 2257 1389 2319 εἰς
1460 2253 1610 2318 τέλος
1669 2255 2009 2334 ἐκπέφευγεν,

360 2343 577 2420 ἷσχναῐς
607 2341 864 2405 ἐπινοίαις
926 2344 1018 2398 καὶ
1059 2341 1278 2407 λεπτοῖς
1335 2340 1728 2423 διαλογισμοῖς,
1775 2342 1859 2399 διὰ
1915 2346 2012 2411 την

363 2427 582 2499 ἐντολήν
614 2446 629 2462 ’
677 2429 732 2485 ἐν
776 2431 874 2506 μὲν
917 2444 1032 2494 τοῖς
1088 2433 1190 2509 πρὸ
1243 2433 1338 2488 τοῦ
1395 2428 1618 2505 ἑϐδόμου
1663 2431 1857 2511 ἑτέροις
1911 2434 2009 2508 βα-

362 2520 545 2593 θμοῖς,
600 2518 837 2583 ἑνοῦντος
889 2522 980 2575 τοῦ
1033 2519 1301 2600 σώφρονος
1366 2523 1464 2587 τὴν
1521 2526 1625 2576 τῶν
1681 2519 2012 2600 διῃρημένων

364 2605 533 2684 γενῶν
597 2607 899 2688 συνάφειαν,
959 2609 1050 2665 τὸν
1106 2606 1160 2664 δέ
1202 2631 1262 2687 γε
1321 2609 1406 2665 ἐπὶ
1458 2616 1535 2683 τῷ
1590 2606 1796 2684 ἑϐδόμῳ
1841 2611 2014 2688 γάμον

366 2698 459 2752 οὒκ
504 2693 802 2774 εἴργοντος,
863 2699 978 2754 Τῶν
1030 2693 1085 2751 δὲ
1129 2697 1191 2753 ἐκ
1238 2695 1463 2775 πλαγίου
1524 2704 1788 2776 συγγενῶν
1839 2702 1868 2754 ὁ
1938 2704 2015 2772 τῷ

366 2781 574 2858 ἑϐδόμῳ
644 2781 1182 2860 καταλαμϐανόμενος
1238 2783 1412 2842 διόλου
1484 2786 1762 2865 ἀπείρηται
1819 2788 2016 2866 γάμος,

2094 1972 2204 2033 bus
2236 1992 2270 2034 a
2317 1974 2514 2036 fratris
2558 1975 2852 2036 sororisve
2885 1976 3024 2036 filia.
3060 1980 3249 2057 Atque
3269 1976 3348 2038 ita
3371 1987 3740 2058 computatus

2096 2062 2381 2143 septimus
2434 2064 2492 2123 in
2541 2065 2760 2141 gradus
2812 2074 2983 2125 acuta
3043 2065 3520 2128 consideratione
3546 2067 3738 2128 subti-

2096 2151 2254 2230 lique
2312 2152 2559 2233 rationr,
2622 2153 3154 2232 reprehensionem
3212 2154 3437 2236 effugit,
3500 2168 3745 2236 propter

2097 2257 2458 2320 prazcepium
2494 2261 2507 2300 :
2542 2261 2673 2301 cum
2737 2241 2796 2302 in
2854 2241 2984 2301 aliis
3036 2243 3274 2322 quidem
3325 2242 3604 2320 gradibus
3643 2241 3744 2325 qui

2097 2329 2411 2408 septimum
2448 2331 2808 2408 praecedunt,
2843 2330 3270 2410 disjunctoruin
3294 2349 3583 2409 generum
3606 2351 3744 2394 con-

2099 2418 2414 2476 nexionem
2441 2419 3262 2498 temperans,uniat,septimo
3282 2429 3479 2481 autem
3511 2421 3745 2502 nuptias

2094 2524 2210 2564 non
2235 2506 2940 2585 impediatllognatorum
2975 2517 3168 2569 autem
3201 2527 3234 2568 a
3277 2509 3464 2570 latere
3525 2510 3747 2590 nuptia

2094 2594 2345 2672 septimo
2376 2597 2557 2673 gradu
2591 2599 3058 2676 comprehensae,
3086 2616 3326 2677 prorsus
3357 2598 3554 2660 vetitae
3575 2610 3741 2673 sunt;

2095 2684 2504 2763 fugiendzeque
2536 2684 3088 2766 censentur.Neque
3127 2687 3283 2747 enim
3333 2687 3611 2748 sobrinus
3641 2705 3744 2750 so-

2102 2773 2276 2834 brino
2308 2783 2460 2835 nata:
2489 2775 2862 2854 cupulabitur
2893 2794 3176 2855 unquam;
3196 2785 3298 2836 aut
3319 2775 3562 2838 sobrina
3589 2787 3744 2858 nata,

363 2873 451 2926 καὶ
524 2870 882 2952 ἀποτρόπαιος
941 2872 1083 2930 εἶναι
1141 2875 1426 2948 νομίζεται,
1489 2861 1617 2932 Οὖδὲ
1667 2876 1766 2954 γὰρ
1834 2861 2013 2933 δδισέ

2103 2863 2175 2923 ad
2210 2861 2389 2943 patris
2411 2862 2500 2922 sui
2531 2865 2834 2924 sobrinum
2881 2865 3286 2938 retrocedens,
3322 2883 3458 2926 eum
3500 2866 3572 2926 ad
3607 2884 3747 2928 suas

367 2958 644 3039 εξάδελγος
666 2950 673 2952 Ὗ
695 2967 764 3038 τῇ
831 2969 925 3019 τοῦ
1008 2960 1377 3052 δισεξαδέλφου,
1450 2950 1690 3052 θυγατρὶ-
1741 2950 2013 3044 ⁷συναρμο-

2106 2951 2344 3030 nuptias
2364 2950 2582 3012 alliciet
2613 2972 2890 3032 unquam.
2924 2952 3060 3014 Haec
3090 2954 3248 3014 enim
3281 2962 3370 3015 est
3389 2959 3630 3032 generis
3657 2954 3750 3016 in-

366 3051 620 3118 σθήσεται
678 3050 923 3126 πώποτε,
981 3051 1017 3120 ἢ
1071 3053 1106 3119 ἡ
1189 3043 1295 3112 τοῦγ
1361 3050 1722 3132 δισεξαδέλφου
1789 3055 2013 3142 θυγάτηρ

2107 3043 2374 3120 quinatio
2405 3048 2462 3101 et
2483 3043 2906 3121 corrupti-last
2935 3043 3303 3121 cognationis
3333 3049 3636 3122 probrum,
3679 3061 3746 3104 ac

367 3137 450 3194 ἐπὶ
508 3140 598 3194 τὸν
657 3146 748 3195 τοῦ
802 3139 1000 3218 πατρὸς
1052 3141 1213 3208 αύτῆς
1280 3138 1640 3198 ἀναποδίσασα
1720 3137 2019 3208 δισεξαδελζ

366 3249 462 3306 φον
534 3226 716 3284 τοῦτον
796 3229 929 3308 πρὸς
1013 3229 1105 3285 τὸν
1187 3230 1378 3298 ἑυυτῆς
1462 3231 1633 3308 γάμον
1716 3234 2020 3293 καθελκύσει

368 3316 520 3375 ποτέ.
585 3314 868 3393 Μολυσμὸς
932 3317 1033 3396 γὰρ
1087 3324 1241 3375 τοῦτο
1310 3319 1490 3398 γένους
1547 3319 1634 3374 καὶ
1683 3322 1871 3402 φθορὰ,
1934 3333 2022 3388 καὶ

370 3405 675 3483 συγγενείας
748 3408 972 3486 φυρμὸς,
1047 3409 1135 3464 καὶ
1211 3407 1346 3484 μίξις
1406 3406 1724 3488 ἀκόλαστος,
1798 3413 1885 3468 καὶ
1955 3420 2024 3491 τῇ

365 3499 562 3570 νομικῇ
615 3491 971 3551 διαστάσειῶ
1037 3497 1321 3562 ἀντίθετος.
1409 3497 1557 3556 Ἐπεὶ
1627 3496 1734 3556 οὐδ’
1790 3501 1823 3568 ἡ
1888 3502 2021 3570 αὕτη

364 3583 577 3645 πάντως
650 3584 913 3652 οἰκειότης
992 3587 1098 3642 τῶν
1180 3585 1232 3652 ἐξ
1288 3587 1599 3667 ἀγχιστείας
1670 3589 2024 3665 συνημμένων

368 3670 688 3748 προσώπων,
763 3675 852 3729 καὶ
919 3679 1026 3730 τῶν
1079 3677 1142 3730 ἑκ
1193 3679 1292 3741 τῆς
1338 3677 1498 3743 αὐτῆς
1560 3677 1860 3752 συγγενείας
1934 3694 2024 3748 καὶ

365 3767 458 3817 τού
518 3759 748 3836 α’ῗματος
816 3761 1267 3842 ἀπογεννωμένων
1301 3780 1315 3796 ⁸
1375 3764 1464 3820 ἵνα
1531 3765 1618 3820 καὶ
1673 3762 1890 3842 ἕϐδομος
1939 3768 2024 3824 ἐπ’

365 3849 682 3930 ἀμφοτέρως
727 3851 925 3926 βαθμὸς
984 3851 1170 3920 ἐπίσης
1229 3852 1265 3920 ἢ
1310 3856 1727 3933 συγχωρηθῇςῆ
1787 3856 2020 3933 κωλυθῇ.

366 3945 482 3996 Τῶν
527 3939 624 4014 μὲν
679 3940 778 4018 γὰρ
838 3939 898 3996 ἐκ
953 3941 1174 4020 πλαγίου
1232 3947 1546 4021 ωγγενειύν
1625 3943 1719 4018 μίσ
1786 3947 1821 4013 ἡ
1884 3946 2020 4025 ῥίζα,

364 4027 451 4082 καὶ
520 4028 672 4104 πηγὴ
738 4029 832 4104 μία
863 4043 877 4058 ⁸
926 4028 1023 4084 κᾶν
1066 4027 1286 4110 διάφορα
1357 4033 1422 4086 τὰ
1492 4030 1865 4110 βλαστήματα,
1931 4043 2020 4097 καὶ

364 4115 430 4170 τὰ
486 4116 716 4193 ῥεύματα
784 4119 1044 4198 μετρητά.
1091 4118 1249 4177 ⁰Οσαι
1294 4118 1347 4175 δὲ
1395 4126 1500 4176 τῶν
1565 4121 1906 4192 οἰκειοτάτων
1967 4122 2022 4188 ἒξ

2107 3130 2304 3191 mistio
2353 3129 2753 3206 incontinens,
2804 3140 2860 3192 et
2889 3141 2912 3181 ν
2945 3131 3115 3210 legali
3157 3131 3426 3210 opposita
3474 3131 3745 3194 dissidio.

2105 3221 2310 3300 Neque
2339 3218 2498 3279 enim
2523 3221 2728 3280 eadem
2761 3221 3002 3281 omnino
3037 3219 3447 3300 propinquitas
3469 3239 3750 3300 persona-

2103 3327 2236 3368 rum
2269 3327 2375 3387 per
2401 3307 2745 3368 affinitatem
2777 3309 3262 3386 conjunctarum:
3300 3317 3359 3368 et
3383 3326 3586 3370 earum
3619 3326 3750 3389 qua;

2105 3415 2176 3458 ex
2209 3399 2414 3457 eadem
2445 3399 2794 3474 cognatioue
2823 3407 2882 3456 et
2909 3398 3200 3474 sanguine
3231 3397 3556 3475 progenita;
3589 3407 3653 3458 ut
3688 3398 3749 3458 in

2105 3487 2370 3566 utrisque
2401 3488 2684 3564 septimus
2715 3485 2929 3564 gradus
2963 3484 3286 3565 permissus
3326 3485 3401 3543 sit
3451 3493 3549 3544 aut
3604 3502 3750 3564 pro-

2105 3576 2347 3638 hibitus.
2411 3574 2833 3652 Cogitationum
2867 3571 3055 3635 'enim
3087 3573 3333 3634 alatere
3382 3572 3549 3634 radix
3605 3593 3746 3656 una,

2106 3683 2378 3744 unusque
2410 3663 2561 3742 fons,
2625 3664 2760 3723 licet
2814 3663 3060 3724 diversa:
3106 3665 3458 3742 propagines
3489 3670 3546 3722 et
3575 3661 3748 3724 rivuli

2107 3753 2368 3814 distincti
2400 3752 2744 3812 intervallis.
2785 3752 2922 3823 Qua;
2955 3752 3120 3812 enim
3150 3751 3614 3830 propinquitates
3645 3770 3750 3833 per

2110 3842 2341 3923 nuptias
2391 3841 2742 3916 constituta},
2778 3843 3029 3903 duorum
3063 3841 3428 3901 diversorum
3460 3857 3748 3918 generum

2107 3932 2585 4010 eonjunctionem
2623 3932 2878 4004 trahunt,
2914 3930 3003 3990 hae
3027 3931 3181 3990 velut
3204 3948 3272 3990 ex
3304 3929 3420 3990 alio
3450 3931 3752 4007 generein

2105 4023 2261 4084 aliud
2295 4022 2485 4080 insin
2517 4029 2573 4080 et
2599 4020 3022 4092 Coalescentes,
3052 4018 3411 4099 prohibitum
3443 4018 3753 4082 continent

2108 4110 2493 4179 Connubium,
2529 4129 2643 4169 non
2669 4109 2808 4188 jure
2857 4107 3244 4188 cognationis,
3307 4109 3411 4169 sed
3461 4107 3751 4186 legalibus

365 4203 663 4282 ἕπιγαμιῶν
706 4205 804 4273 τὴν
855 4196 1099 4265 σύστασιν
1145 4207 1438 4289 εἷληφυϊαι,
1495 4207 1584 4266 δύο
1641 4208 1800 4275 ξένων
1857 4218 2013 4291 γενῶκ

2109 4200 2344 4272 θιιίοιίδ,
2377 4208 2434 4260 et
2461 4199 2658 4259 divina
2687 4217 2849 4276 voce,
2884 4197 2942 4258 in
2974 4217 3152 4258 unum
3191 4196 3502 4278 copulante
3523 4196 3597 4296 ab
3627 4196 3748 4259 iui-

366 4293 652 4373 συνάφειαν
736 4293 1093 4375 ἑπισύρονται,
1165 4285 1344 4376 ὥσπερ
1401 4299 1935 4377 μεταιεντριζόμεναι
1963 4301 2013 4351 5‘

2115 4292 2193 4350 tio
2244 4291 2385 4348 mari
2431 4287 2707 4346 feminam
2795 4288 2923 4348 Non
2979 4287 3136 4348 enim
3189 4287 3343 4367 quod
3395 4285 3600 4347 fratris
3631 4287 3752 4349 mei

365 4383 452 4438 καὶ
489 4383 849 4462 συμφυόμεναι
906 4384 959 4450 ἐξ
1016 4385 1194 4466 ἑτέρου
1247 4385 1430 4464 γένους
1489 4387 1618 4466 πρὸς
1664 4386 1864 4466 ἕτερον,
1938 4393 2013 4445 τὸε

2117 4396 2260 4439 uxor
2295 4395 2410 4436 una
2440 4395 2574 4436 caro
2608 4384 2695 4435 est
2725 4394 2858 4436 cum
2911 4377 3032 4438 viro
3092 4395 3222 4451 suo,
3273 4377 3450 4436 fratre
3505 4395 3660 4454 meo,
3695 4387 3755 4440 et

366 4471 542 4549 γάμον
612 4470 797 4552 έχουσι
861 4465 1226 4550 κεκωλυμένον
1261 4490 1274 4504 ⁸
1324 4477 1384 4533 οὒ
1438 4474 1522 4531 διὰ
1578 4479 1771 4552 θεσμὸν
1827 4499 2013 4556 συγ-,ε⁴

2103 4466 2348 4528 subtiliti
2375 4473 2566 4525 mente
2596 4483 2663 4524 ac
2695 4465 3172 4528 consideratione
3196 4483 3409 4545 sponsa
3439 4471 3753 4564 fcensetur

366 4560 532 4638 νείας,
564 4558 686 4617 ἀλλ’
714 4560 774 4618 ἐκ
830 4570 935 4618 τῶν
997 4571 1230 4639 νομικῶν
1289 4563 1808 4644 διαταγμάτω·ι,[καὶ
1842 4568 2013 4647 φωνῆς

2104 4576 2273 4618 soror
2323 4571 2472 4629 mea,
2527 4553 2702 4614 etiam
2752 4555 2927 4633 hujus
2959 4573 3194 4616 omnem
3227 4553 3637 4632 cognationem
3690 4555 3752 4618 in

368 4649 534 4722 θείας,
596 4651 668 4714 εἷς
738 4650 793 4706 ἓν
864 4650 916 4717 ἐξ
971 4651 1146 4732 ἀρχῆς
1220 4655 1280 4710 τὸ
1336 4652 1468 4720 θῆλυ
1525 4655 1888 4722 συναπτούσης
1947 4663 2024 4731 τῷ

369 4735 567 4814 ἅῤῥενι,
602 4742 675 4798 Οὐ
701 4740 800 4818 γὰρ
854 4741 970 4797 ἑπεὶ
1021 4743 1057 4809 ἡ
1115 4749 1208 4799 τοῦ
1265 4739 1493 4822 ἀδελφοῦ
1558 4761 1657 4818 μου
1715 4744 1870 4823 γυνη,
1931 4747 2024 4820 μία

370 4826 478 4882 ἐστὶ
505 4831 583 4900 τῷ
624 4826 767 4907 ἀνδρὶ
795 4830 991 4896 ταύτης
1025 4831 1112 4888 καὶ
1141 4829 1348 4911 ἀδελφῷ
1403 4854 1503 4907 μου
1547 4830 1694 4909 σὰρξ,
1732 4834 1820 4888 καὶ
1848 4831 2027 4906 λεπτῷ

368 4921 445 4988 νῷ
486 4917 574 4972 καὶ
629 4917 856 4992 νοήματι
901 4919 1075 4994 κάμοῦ
1117 4917 1424 4998 λελόγισται
1483 4917 1686 4999 ἀδελφὴ
1729 4922 1764 4988 ἡ
1823 4921 2022 4998 νύμφη.

368 5004 457 5059 καὶ
508 5004 606 5071 τὴν
655 5004 854 5072 ταύτης
910 5005 1043 5076 ὅλην
1092 5007 1395 5087 συγγένειαν
1452 5009 1524 5071 εἷς
1577 5006 1631 5062 ἕν
1707 5006 2030 5087 συναλείφων

369 5091 679 5176 πρόσωπον,
765 5093 988 5174 ἀδελφὰς
1074 5099 1159 5154 καὶ
1243 5093 1543 5176 συγγενίδας
1629 5095 1909 5175 λογίσομαι
1940 5097 2026 5159 55,

2108 4665 2281 4706 unam
2315 4662 2626 4724 personam
2659 4643 3002 4718 obliterans,
3029 4661 3263 4704 sorores
3295 4651 3353 4704 et
3381 4645 3748 4722 consangui-

2108 4753 2251 4796 neas
2282 4733 2564 4814 reputabo
2598 4732 2873 4796 Ostendit
2894 4733 3052 4794 enim
3083 4731 3197 4811 lex,
3224 4750 3369 4812 quas
3400 4748 3602 4792 earum
3633 4751 3753 4801 non

2109 4824 2317 4886 ducam
2348 4842 2402 4895 a,
2455 4831 2508 4884 et
2541 4841 2674 4884 cum
2705 4822 2920 4902 quibus
2950 4823 3079 4884 sine
3119 4822 3589 4902 reprehensione
3609 4841 3752 4886 coe-

2109 4913 2359 4982 am.Non
2393 4913 2549 4973 enim
2574 4930 2704 4972 cum
2730 4915 2926 4974 uxoris
2956 4931 3102 4974 mea;
3129 4915 3451 4994 sorore,vel
3485 4915 3752 4994 ejusdem

2111 5001 2796 5074 consobrina,aut'amita
2825 5010 3204 5062 materterave
3225 5003 3479 5083 majore:
3511 5005 3614 5068 sed
3643 5021 3756 5066 nec

2112 5112 2247 5155 cum
2306 5091 2502 5152 fratris
2550 5089 2844 5154 sororisve
2902 5091 3042 5165 filia,
3099 5092 3327 5156 dotales
3385 5093 3756 5158 conscribam

369 5171 590 5262 Ὀδηγετ
632 5183 732 5262 γὰρ
779 5186 810 5242 ὁ
860 5171 1045 5263 νόμος,
1103 5188 1248 5252 τίνας
1304 5171 1498 5250 ταύτας
1556 5190 1661 5242 τῶν
1710 5171 2013 5265 ’συγγενίδωε

2115 5181 2362 5245 tabulas.
2397 5178 2688 5252 Quoniam
2719 5180 2869 5243 sexti
2896 5182 3112 5259 gradus
3167 5189 3226 5244 et
3283 5183 3634 5247 inferiorum
3669 5182 3758 5244 la-

1699 5341 1964 5408 VARUE
1994 5339 2433 5408 LECTIONES.

449 5476 514 5528 5‘5
539 5475 790 5546 διατάξει.
874 5481 940 5532 54
981 5484 1134 5540 αὗται
1177 5482 1355 5563 ὥσπερ
1409 5480 1996 5559 μετεγκεντριζόμεναι.
2081 5477 2145 5526 55
2189 5475 2489 5554 λογίζομαι.
2557 5467 2775 5554 Ὀδηγεϊ
2831 5477 2930 5556 γάρ
2985 5498 3052 5552 με
3110 5479 3139 5533 ὁ
3198 5476 3383 5556 νόμος,
3429 5478 3574 5544 τίνας
3629 5478 3762 5536 ταύ-

367 5578 470 5626 της
502 5580 632 5622 των.

492 5662 692 5747 legum
718 5667 1143 5734 constitutioni
1169 5669 1446 5734 adversa.
1479 5711 1501 5742 ι
1529 5683 1729 5730 nurus
1807 5665 1925 5726 Lex
1959 5667 2315 5746 enimmanu
2345 5683 2440 5729 me
2465 5669 2690 5730 ducens
2721 5665 3004 5744 ostendit,
3040 5683 3189 5747 quas
3238 5665 3422 5746 hujus
3481 5671 3768 5746 cognatas

373 5761 495 5808 non
524 5761 762 5811 ducam.
