4192 6212
483 338 600 407 ’155

1847 356 1879 417 .l
1886 355 1978 417 US
2021 352 2469 418 CANONICUM

3744 345 3868 416 756

564 471 689 570 [Ioc
720 476 1053 570 exemplum
1088 478 1566 570 patriar-«ahalium
1599 480 1925 544 litterarum
1955 501 2115 565 syno-

2300 487 2464 544 Τοῦτο
2492 482 2557 555 διὶ
2588 487 2648 543 τὸ
2677 485 2800 545 ἴσον
2855 493 2948 546 τοῦ
2989 494 3374 570 πατριαρχικοῦ
3429 485 3712 552 οὗνοδικῶς
3782 485 3874 543 ἰκ-

482 558 702 653 daliter
728 562 1045 653 editarum,
1078 558 1369 646 prolatum
1402 587 1473 632 ex
1497 570 1804 633 codicibus
1851 558 2132 653 repositis

484 647 544 709 in
575 650 873 742 sanctiore
901 664 1152 725 secreto,
1193 665 1250 717 et
1279 658 1689 720 conﬁrmatum
1725 647 1976 742 propriae
2007 680 2128 723 ma-

482 755 595 798 nus
621 737 1144 832 sub_s_criptione,et
1173 745 1364 826 sigillo
1380 746 1599 811 Nicetze
1627 737 1982 812 sanctissimi
2000 770 2129 832 pro-

483 827 791 919 tosyncelli
842 837 901 892 et
947 833 1414 915 chartophylacis
1465 837 1857 900 sanctissimae
1905 827 2129 919 magna:

481 911 585 975 Dei
614 915 907 1008 ecclesiae,
935 911 1470 1003 subscriptionibus
1518 925 1691 987 etiam
1734 911 2128 1008 peritissimo-

479 1019 609 1094 ru_m
679 1004 1029 1071 diconorum
1108 1012 1597 1093 notariorumque
1648 1004 2125 1094 pat'riarrhalium

476 1090 847 1184 roboratum,
883 1097 1082 1159 datum
1116 1109 1174 1162 et
1207 1119 1411 1163 mense
1445 1090 1862 1167 etindictione
1906 1123 2127 1184 supra-

478 1180 737 1263 scriptis.

841 1276 1156 1344 JOANNIS
1200 1280 1567 1346 XIPHILINI
1622 1283 1727 1365 (ρ).

986 1372 1031 1436 I.
1080 1376 1170 1436 De
1195 1377 1600 1455 sponsalibus.

561 1462 781 1525 Mensis
810 1464 1030 1545 Aprilis
1057 1466 1156 1528 die
1185 1469 1497 1537 xval‘eria
1537 1478 1763 1550 quarta,
1798 1470 2123 1534 indictione

478 1560 707 1631 quarta,
741 1570 896 1615 anno
941 1571 1093 1618 VICID
1124 1573 1176 1618 In
1206 1573 1400 1628 Lxxrv,
1454 1558 1811 1637 praesidente
1870 1560 2121 1636 Joanne,

478 1639 852 1702 sanctissimo
884 1642 1123 1704 domino
1176 1654 1374 1706 nostro
1408 1654 1465 1707 et
1494 1647 1809 1708 nniversa’i
1867 1649 2120 1727 patriar-

2210 572 2448 639 τεθέντος
2489 575 2801 654 γράμματος
2851 575 2910 633 ἑκ
2968 582 3075 633 τῶν
3132 577 3553 653 ἐναποκειμένων
3607 574 3871 633 κωδικίων

2209 667 2287 736 τῷ
2355 664 2539 741 εὖαγεϊ
2621 665 2852 743 σεκρέτῳ
2928 662 3204 741 ξκόληθὲν,
3275 668 3364 724 καὶ
3430 672 3499 744 τῇ
3567 665 3869 745 αὒτοχείρῳ

2215 750 2488 831 ὕπο-γραφῇ
2514 754 2600 808 καὶ
2643 750 2892 832 σφραγῖδι
2952 754 3161 823 Νικήτα
3219 761 3312 812 τοῦ
3367 753 3657 812 ὁσιωτάτου
3720 772 3867 829 πρω-

2208 837 2562 916 τοσυγκέλλου
2630 842 2717 897 καὶ
2773 840 3177 922 χαρτοφύλακος
3244 847 3345 910 τῆς
3394 842 3695 921 ἁγιωτάτης
3768 849 3866 898 τοῦ

2211 933 2341 986 Θεοῦ
2369 926 2610 1005 μεγάλης
2665 928 2951 997 ἐκκλησίας
3008 930 3289 1005 πιστωθὲν,
3351 929 3428 988 ἔτι
3485 928 3540 986 δὲ
3595 930 3684 985 καὶ
3734 940 3863 993 ταῖς

2210 1015 2541 1097 ὑπογραφατς
2584 1024 2689 1074 τῶν
2745 1017 3084 1096 λογιωτάτων
3145 1016 3400 1075 διακόνων
3455 1020 3544 1076 καὶ
3596 1038 3862 1098 πατριαρσο

2209 1111 2383 1183 χικῶν
2429 1108 2678 1186 νοταρίων
2713 1104 3019 1181 ϐεϐαιωθέν,
3050 1106 3296 1183 ἐπεδόθη,
3330 1108 3459 1185 μηνὶ
3495 1108 3583 1165 καὶ
3610 1107 3869 1183 ἐπινεμή-

2210 1213 2289 1247 σει
2335 1206 2452 1257 τοῖς
2484 1196 3001 1274 προγεγραμμένοις.

2598 1291 2893 1342 ΙΩΑΝΝΟΥ
2936 1292 3064 1342 ΤΟῙ⁹
3107 1288 3489 1347 ΞΙΦΙΔΙΝΟΥ.

2668 1393 2690 1424 ι
2729 1360 2814 1431 Α’.
2852 1374 2973 1451 Περὶ
3002 1374 3312 1449 μνηστείας.
3349 1396 3378 1429 ι

2288 1460 2427 1525 Μηνὶ
2485 1457 2743 1543 ἀπριλλίῳ
2803 1447 2938 1534 κζ’,
2995 1447 3168 1541 ἡμέρᾳ
3236 1451 3307 1543 δ’,
3364 1460 3727 1532 ἐπινεμήσεως
3783 1447 3856 1532 δ’,

2206 1545 2352 1610 ἔτους
2382 1539 2603 1634 ’ςφοδξ
2654 1550 3056 1627 προκαθημένου
3108 1539 3359 1610 *Ἰωάννου
3411 1558 3504 1609 τοῦ
3558 1548 3856 1629 ἁγιωτάτου

2203 1637 2357 1711 ἡμῶν
2388 1636 2641 1695 δεσπότου
2673 1640 2762 1695 καὶ
2807 1640 3166 1715 οἶκουμενικοῦ
3219 1640 3572 1720 πατριάρχου,
3619 1639 3674 1696 ὲν
3727 1650 3854 1700 τοῖς

476 1728 609 1801 cha,
641 1727 713 1790 ad
745 1728 1006 1792 dextram
1061 1733 1643 1795 catechumeniorum
1681 1722 1948 1815 partem;
1981 1736 2115 1797 assi-

2206 1722 2403 1791 δεξιοῖς
2463 1726 2642 1806 μέρεσι
2708 1730 2811 1784 τῶν
2862 1729 3353 1809 κατηχουμενείων,
3413 1727 3851 1807 συνεδριαζόντων

477 1816 759 1881 dentibus
819 1819 874 1879 ei
932 1821 1322 1882 sanctissimis
1380 1824 1873 1902 metropolitanis,
1922 1826 2119 1887 Caesa-

474 1905 684 1982 riensi,
757 1906 1099 1988 Ephesimo,
1152 1909 1547 1991 Heracliensi,
1598 1911 2126 1992 Ancyrano,Cyzt-

475 2012 666 2069 ceno,
717 1995 1234 2071 Chalcedonensi,
1298 1997 1710 2076 Sebastiensi,
1771 2000 2118 2079 Gangraeno,

473 2080 866 2165 Philippensi.
923 2084 1390 2167 Hierapolitano,
1453 2090 1699 2169 Cotyaii,
1763 2089 2116 2169 Mitylenaeo,

473 2170 797 2245 Chonensi,
828 2171 1165 2236 Nacoliensi
1200 2196 1215 2235 :
1250 2184 1303 2236 et
1331 2177 1818 2258 archiepiscopis,
1838 2179 2117 2251 Maronae,

472 2260 834 2338 Proeconesi,
888 2261 1156 2343 Garellaa,
1212 2264 1460 2340 Lemni,
1521 2266 1810 2347 Bospori,
1868 2267 2117 2347 Gothiae,

470 2349 804 2412 Herculano
839 2373 852 2409 :
888 2369 1019 2412 cum
1070 2353 1142 2414 ad
1194 2360 1522 2414 extremum
1584 2355 1883 2416 venissent
1940 2357 2117 2417 etiam

470 2440 825 2513 Amasenus,
850 2439 1244 2517 Melitenicns,
1263 2440 1831 2524 Claudiopolitanus,
1848 2443 2120 2506 [couieu-

469 2527 572 2602 sis,
609 2527 1033 2609 Hydruntinus.

547 2703 766 2778 Quavis
799 2705 1107 2769 evidenter
1153 2715 1211 2768 et
1268 2709 1563 2790 expressis
1621 2706 1814 2770 verbis
1843 2708 1903 2768 in
1933 2727 2113 2789 syno-

468 2794 588 2856 dali
645 2802 828 2870 torno,
874 2796 1245 2876 promulgato
1296 2815 1329 2858 a
1376 2797 1705 2859 clarissimo
1755 2796 2111 2877 patriarcha,

467 2883 709 2945 domino
740 2881 1028 2965 Sisinnio,
1054 2885 1128 2946 de
1160 2886 1474 2966 prohibitis
1504 2893 1561 2946 et
1590 2884 1838 2946 incestis
1868 2887 2114 2967 nuptiis,

464 2970 611 3032 nihil
643 2971 719 3034 de
748 2974 1124 3054 sponsalibus
1172 2993 1407 3053 quoque
1455 2973 1532 3035 sit
1562 2975 2056 3053 comprehensum
2093 2996 2105 3038 :

2204 1818 2345 1888 αὖτῷ
2406 1816 2809 1894 πανιερωτάτων
2840 1816 3293 1897 νμητροπολιτῶν,
3351 1824 3445 1875 τοῦ
3512 1816 3850 1895 Καισαρείας,

2201 1909 2293 1960 τοῦ
2350 1901 2596 1985 Ἐφέσου,
2656 1914 2745 1963 τοῦ
2832 1896 3167 1984 Ἡρακλείας,
3240 1912 3332 1962 τοῦ
3403 1905 3683 1985 Ἀγκύρας,
3756 1910 3855 1960 τοῦ

2207 1993 2442 2063 Κυζίκου,
2499 1993 2592 2050 τοῦ
2623 1991 2979 2064 Χαλκηδόνος,
3040 2001 3134 2051 τοῦ
3177 1993 3513 2070 Σεϐαστείας,
3571 2003 3662 2053 τοῦ
3704 1995 3852 2072 Γάγ-

2203 2102 2355 2159 γρας,
2400 2088 2493 2139 τοῦ
2534 2081 2835 2157 Φιλίππων,
2868 2083 2960 2140 τοῦ
3008 2074 3379 2162 Ἰεραπόλεωςε
3418 2094 3512 2145 τοῦ
3543 2084 3849 2161 Κοτυαείου,

2202 2177 2295 2226 τοῦ
2380 2169 2704 2251 Μιτυλήνης,
2758 2171 2853 2229 τοῦ
2907 2176 3124 2244 Χωνῶν,
3199 2179 3291 2229 τοῦ
3346 2170 3652 2237 Νακωλείας
3685 2188 3701 2204 ⁸
3762 2174 3854 2228 καὶ

2201 2257 2658 2339 ἀρχιεπισκόπων,
2716 2267 2809 2316 τοῦ
2886 2261 3214 2341 Μαρωνείας,
3290 2267 3381 2317 τοῦ
3463 2262 3845 2342 Προικονήσου.

2200 2354 2290 2403 τοῦ
2321 2346 2611 2430 Γαρέλλης,
2645 2355 2737 2405 τοῦ
2795 2350 3032 2424 Λήμνου,
3080 2355 3173 2407 τοῦ
3229 2347 3521 2430 Βοσπόρου,
3589 2359 3680 2409 τοῦ
3708 2356 3848 2406 Γοτ-

2200 2437 2334 2512 θίας,
2391 2447 2484 2497 τοῦ
2544 2429 2830 2516 Ἠρακλέος
2867 2457 2882 2472 ’
2927 2436 3182 2497 ἐλθόντων
3252 2440 3340 2495 καὶ
3392 2437 3446 2495 ἐν
3755 2445 3849 2496 τοῦ

2201 2523 2514 2606 Ἀμασείας,
2548 2525 2639 2582 τοῦ
2669 2529 2994 2609 Μελιτηνῖκ,
3054 2547 3149 2584 του
3182 2525 3696 2609 Κλαυδιουπόλεως,
3755 2537 3849 2587 τοῦ

2201 2613 2439 2684 Ἰκονίου,
2471 2604 2557 2670 καὶ
2584 2620 2675 2671 τοῦ
2707 2604 3028 2693 Ὑδροῦντος,

2281 2704 2339 2761 Ei
2367 2704 2454 2760 καὶ
2499 2704 2576 2778 μὴ
2623 2701 2901 2783 προδήλως
2944 2707 3031 2763 καὶ
3087 2706 3224 2763 κατὰ
3278 2702 3417 2772 λέξιν
3474 2705 3528 2763 ἐν
3569 2712 3648 2781 τῷ
3690 2707 3847 2764 ἐκτε-

2194 2790 2332 2847 θέντι
2361 2790 2616 2867 συνοδικῷ
2650 2794 2800 2868 τόμῳ
2841 2795 2983 2873 παρὰ
3034 2804 3129 2854 τοῦ
3185 2793 3423 2871 ἀοιδίμου
3486 2796 3844 2875 πατριάρχου,

2199 2881 2369 2960 κυρίου
2428 2884 2707 2957 Σισιννίου,
2788 2881 2873 2939 ἐπὶ
2939 2890 3045 2940 τῶν
3113 2883 3495 2960 κεκωλυμένων
3561 2885 3648 2941 καὶ
3716 2884 3846 2940 ἀθε-

2200 2971 2364 3043 μίτων
2433 2971 2643 3048 γάμων,
2703 2969 3000 3038 διείληπται
3040 2974 3128 3029 καὶ
3182 2974 3300 3052 περὶ
3356 2978 3454 3040 τῆς
3498 2972 3789 3047 μνηστείας
3826 2992 3841 3003 '

467 3067 664 3122 tamen
695 3079 829 3123 cum
853 3063 955 3143 jus
983 3062 1060 3142 (3:
1097 3062 1271 3124 civile
1290 3061 1472 3142 patris
1488 3072 1661 3143 atque
1687 3063 2112 3144 ﬁliisponsam,

2200 3056 2319 3114 ἀλλ’
2363 3057 2475 3114 ἐπεὶ
2524 3061 2612 3116 καὶ
2678 3060 2779 3124 τὴν
2820 3063 2912 3116 τοῦ
2966 3062 3164 3140 πατρὸς
3195 3062 3460 3137 μνηστὴν,
3508 3062 3593 3118 καὶ
3624 3061 3721 3129 τὴν
3750 3070 3848 3120 τοῦ

465 3148 589 3210 ﬁlio
620 3152 707 3211 vel
742 3151 892 3231 patri
947 3153 1190 3213 omnino
1239 3152 1518 3231 conjungi
1578 3158 1892 3232 propterea
1937 3161 2111 3229 vetet,

462 3238 616 3320 quod
650 3238 751 3300 illa
772 3257 1041 3302 noverca:
1070 3240 1261 3302 locum
1318 3240 1551 3302 habeat.
1586 3240 1711 3301 haec
1742 3259 1947 3313 nurus,
1980 3240 2116 3303 licet

462 3327 683 3407 nuptiae
711 3336 931 3391 secuta;
960 3348 1078 3391 non
1100 3329 1220 3391 sint
1244 3347 1258 3392 :
1296 3329 1577 3410 idemque
1606 3328 1795 3390 valeat
1822 3330 1880 3390 in
1898 3349 2115 3411 sponsa

458 3414 566 3477 ﬁlii
595 3416 875 3499 adoptivi,
898 3418 1039 3480 licet
1068 3418 1308 3498 adoptio
1339 3417 1531 3479 soluta
1560 3421 1655 3481 sit.
1695 3426 1755 3479 ut
1787 3436 1914 3479 eam
1949 3428 2113 3499 pater

455 3504 770 3587 adoptivus
797 3525 1045 3571 uxorem
1077 3507 1351 3589 accipere
1381 3516 1659 3589 nequeat,
1686 3507 1864 3570 veluti
1894 3526 2107 3569 nurum

456 3607 513 3655 et
545 3594 650 3657 ﬁlii
697 3595 791 3658 sui
838 3597 1191 3677 conjugem;
1225 3615 1360 3658 cum
1405 3595 1727 3658 obtinuerit
1759 3596 2016 3676 denique
2048 3596 2108 3657 in

452 3683 614 3746 hunc
644 3690 833 3766 uSque
855 3686 1041 3756 diem,
1066 3693 1130 3746 ut
1159 3685 1263 3766 qui
1298 3686 1586 3766 virginem
1620 3684 1734 3745 sibi
1764 3685 2107 3764 desponde-

450 3773 552 3855 rit,
585 3792 837 3855 eamque
880 3774 971 3836 vel
1021 3782 1211 3835 morte
1256 3772 1544 3847 amiserit,
1578 3773 1669 3834 vel
1700 3773 1973 3853 repudio.
2009 3769 2099 3835 vel

2197 3144 2422 3227 ἀδελφοῦ
2447 3145 2531 3220 68,
2564 3146 2754 3204 κωλύει
2784 3149 3119 3206 παντάπασιν
3175 3152 3204 3206 ὁ
3257 3148 3531 3215 πολιτικὸς
3559 3147 3625 3198 69
3678 3149 3845 3226 νόμος

2196 3240 2273 3308 τῷ
2299 3239 2394 3309 υἱῷ
2434 3236 2470 3305 ἢ
2510 3243 2586 3311 τῷ
2638 3234 2845 3318 ἀδελφῷ
2874 3236 2937 3287 70
2986 3239 3310 3317 ζεύγνυσθαι,
3371 3236 3457 3294 διὰ
3498 3239 3558 3295 τὸ
3600 3238 3699 3306 τὴν
3742 3238 3844 3314 μὲν

2195 3331 2453 3404 μητρυιᾶς
2506 3325 2649 3392 τάξιν
2693 3325 2865 3405 ἔχειν,
2911 3326 3009 3394 τὴν
3053 3325 3108 3383 δὲ
3163 3328 3394 3406 νύμφης,
3441 3325 3537 3383 κᾶν
3593 3329 3622 3383 ὁ
3664 3328 3842 3405 γάμος

2193 3413 2271 3487 μὴ
2301 3411 2593 3492 προϐέϐηκε
2627 3434 2641 3448 ·
2683 3417 2743 3471 τὸ
2787 3416 2913 3471 αὐτὸ
2959 3412 3015 3470 δὲ
3070 3417 3157 3472 καὶ
3198 3417 3286 3472 επὶ
3339 3418 3436 3484 τῆς
3479 3415 3721 3490 μνηπῆς
3751 3423 3845 3471 τοῦ

2190 3504 2340 3558 θετοῦ
2368 3503 2501 3577 υἱοῦ,
2547 3501 2645 3559 κᾶν
2672 3505 2706 3572 ἡ
2737 3502 2950 3572 θέλησις
2980 3503 3034 3554 71
3087 3503 3237 3584 λυθῇ,
3298 3504 3376 3580 μὴ
3419 3501 3706 3580 δυναμένου
3747 3510 3842 3562 τού

2191 3592 2343 3647 θετοῦ
2398 3593 2596 3671 πατρὸς
2666 3592 2860 3660 ταύτην
2916 3590 3125 3667 λαϐεῖν,
3182 3594 3255 3656 ὡς
3313 3592 3542 3672 νύμφην,
3603 3595 3690 3649 καὶ
3747 3596 3841 3650 τοῦ

2190 3678 2320 3736 ἱδιοῦ
2345 3682 2459 3737 υἱοῦ
2486 3683 2727 3759 γαμετήν
2764 3701 2777 3714 '
2821 3682 3077 3762 ἐκράτησε
3106 3680 3161 3739 δὲ
3191 3684 3278 3739 καὶ
3308 3688 3473 3762 μέχρι
3513 3688 3613 3751 τῆς
3664 3681 3836 3763 δεῦρο,

2189 3771 2250 3824 τὸ
2310 3770 2774 3845 μνηστευσάμενον
2856 3772 3045 3852 κόρην,
3128 3772 3215 3827 καὶ
3284 3771 3321 3839 ἢ
3378 3771 3585 3844 θανάτῳ
3639 3773 3834 3839 ταύτην

450 3878 771 3937 consensu,
804 3879 1234 3942 pmnarumqne
1264 3860 1660 3940 legitimarum
1696 3860 2093 3940 praestatione,

2199 3855 2544 3932 ἱποϐαλόντα,
2597 3860 2632 3927 ἢ
2697 3857 2960 3938 διαζυγίῳ.
3023 3860 3058 3929 ἢ
3115 3859 3426 3933 συναινέσει,
3472 3863 3559 3917 καὶ
3614 3862 3836 3940 προστί-

449 3968 519 4012 ac
549 3949 769 4014 deinde
796 3949 1029 4012 duxerit
1072 3949 1250 4010 aliam
1278 3969 1293 4024 ;
1326 3967 1520 4029 neque
1567 3948 1871 4020 sacerdos,
1903 3968 2097 4031 neque

2199 3969 2296 4003 ’.ων
2346 3946 2404 3995 73
2462 3945 2758 4025 καταϐολῇ,
2830 3950 2953 4006 εἶτα
3044 3948 3227 4029 ἑτέραν
3310 3948 3666 4027 ἀγαγόμενον,
3753 3952 3835 4025 μη

446 4038 761 4113 diaconus,
786 4046 886 4100 aut
918 4037 1318 4100 subdiaconus
1366 4037 1630 4098 ordinari
1680 4037 1883 4115 possit,
1927 4039 2096 4119 quasi

2199 4038 2417 4094 ἶύνασθαι
2463 4037 2624 4116 ἱερέα,
2678 4037 2713 4106 ἢ
2769 4036 3028 4111 διάκονον,
3089 4037 3125 4102 ἢ
3182 4036 3524 4096 ὑποδιάκονον
3593 4059 3836 4119 χειροτο-

445 4125 549 4209 qui
569 4127 864 4190 secundas
884 4127 1249 4190 contraxisse
1266 4125 1496 4206 nuptias
1528 4134 1875 4204 reputetur:
1907 4127 2093 4189 visum

2199 4126 2408 4197 νεῖσθαι,
2439 4124 2661 4204 δίγαμον
2709 4125 2911 4194 δηλαδή
2956 4124 3305 4205 λογιζόμενον
3338 4142 3353 4157 '
3417 4124 3556 4193 ἔδοξε
3610 4128 3697 4183 καὶ
3742 4130 3831 4184 νῦν

445 4224 536 4278 est
589 4234 749 4277 nunc
803 4235 1040 4298 quoque
1100 4214 1496 4281 mediocritati
1555 4223 1813 4290 nostrae,
1870 4216 2094 4296 totique

2199 4220 2246 4289 εῇ
2272 4216 2427 4289 ἡμῶν
2468 4216 2794 4294 μετριότητι,
2856 4217 2944 4272 καὶ
2996 4216 3145 4292 πάσῃ
3325 4214 3628 4292 ἔνδημούση
3657 4217 3822 4295 ἱερω-

442 4304 829 4367 8οηοιίεεὶῐηω
872 4304 1098 4385 synodo
1149 4303 1450 4385 przeseuti,
1486 4304 1687 4365 valere
1717 4303 1780 4363 in
1810 4304 2091 4366 omnibus

2199 4304 2311 4378 τάτῃ
2355 4302 2576 4378 συνόδῳ,
2634 4306 2726 4361 τοῦ
2771 4317 2986 4383 κρατεῖν
3041 4303 3127 4361 ἐπὶ
3166 4305 3379 4363 πάντων
3409 4313 3514 4364 τῶν
3555 4308 3819 4385 ἀθεμίτων

438 4392 684 4456 incestis
707 4381 1385 4475 prohibitisque'uuptiis
1416 4391 1663 4466 debere,
1700 4398 1764 4452 ut
1800 4410 1916 4452 non
1954 4411 2087 4453 mo-

2199 4393 2264 4447 ιαὶ
2296 4391 2697 4467 κεκωλυμένων,
2737 4381 2817 4469 μῆ
2871 4393 3028 4468 μόνον
3086 4395 3130 4450 εὶ
3182 4394 3356 4472 γάμος
3411 4398 3501 4452 καὶ
3560 4381 3826 4478 ἱερολογία

438 4483 515 4545 do
562 4482 614 4545 si
666 4483 890 4565 nuptiae
962 4499 1261 4563 sacraeque
1325 4500 1535 4562 preces
1612 4481 2083 4557 intercesserint,

2199 4480 2356 4536 illiust
2413 4478 2671 4558 προϐῆναι
2701 4481 2784 4555 7'5,
2857 4480 3147 4539 κωλύεσθαί
3209 4501 3269 4538 τε
3325 4482 3413 4539 καὶ
3480 4480 3709 4561 ἄθεσμον
3765 4490 3829 4544 τὸ

438 4571 734 4652 ejusmodi
775 4578 1110 4634 contractus
1176 4569 1585 4650 prohibeatur,
1615 4578 1675 4631 et
1704 4568 1947 4630 illicitos
1979 4588 2085 4649 ap-

2174 4566 2514 4647 συνάλλαγμα
2571 4571 2915 4647 ὀνομάζεσθαι
2948 4587 2963 4602 ⁸
3039 4568 3177 4627 ἀλλὰ
3230 4572 3327 4626 κᾶν
3392 4575 3652 4645 μνηστεία
3692 4577 3830 4631 κατᾶ

435 4660 827 4743 pelletur,sed
857 4669 915 4723 et
943 4660 994 4722 si
1023 4658 1317 4742 sponsalia
1345 4659 1674 4721 secundum
1707 4658 1895 4737 legem
1941 4676 2084 4736 per-

2199 4659 2263 4713 bv
2316 4659 2476 4734 νόμον
2527 4659 2850 4734 τετέλεσθαι,
2924 4661 3094 4739 γάμος
3181 4655 3237 4716 δὲ
3321 4657 3416 4716 οὒκ
3481 4660 3826 4743 ἀπήρτισται,

431 4758 567 4813 acta
595 4751 736 4825 sint,
761 4749 989 4832 nuptiis
1014 4767 1130 4811 non
1158 4747 1443 4829 impletis,
1478 4748 1584 4809 sed
1610 4755 1823 4822 morte,
1845 4745 1933 4806 vel
1969 4745 2086 4808 alio

2199 4747 2378 4820 avétcp
2445 4745 2524 4821 δὲ,
2570 4749 2605 4817 ἢ
2663 4749 2823 4829 ἑτέρῳ
2874 4752 3054 4828 τρόπῳ
3106 4745 3402 4805 διαλέλυται
3433 4748 3518 4825 74,
3579 4753 3657 4829 μὴ
3717 4752 3832 4818 ἐξὸν

431 4838 609 4902 modo
640 4838 874 4911 solutis,
914 4838 1078 4900 nefas
1125 4837 1202 4900 sit
1248 4836 1519 4898 alterutri
1550 4837 1760 4897 harum
1796 4852 2091 4915 persona-

2199 4836 2344 4909 Ivat,
2392 4838 2607 4918 θάτερον
2659 4845 2765 4894 τῶν
2812 4839 3094 4918 προσώπον
3148 4843 3225 4912 τῷ
3294 4839 3430 4895 κατὰ
3471 4840 3572 4908 τὴν
3629 4842 3829 4921 συγγέ-

430 4946 561 4991 rum
586 4928 813 5010 junctae
851 4927 965 4990 sibi
997 4945 1100 5008 per
1127 4924 1544 5006 cognationem
1588 4942 1880 5005 personae,
1913 4928 2095 5002 cujus

2199 4946 2323 4981 νειαν
2352 4927 2609 5002 ἡνωμένῳ
2640 4928 2780 5000 αὖτῷ
2836 4928 3129 5007 προσώπῳ,
3183 4924 3236 4991 εξ
3289 4928 3356 4995 ἧς
3409 4928 3576 4995 αἰτίας
3603 4929 3829 5007 κώλυμα

427 5035 604 5081 causa
629 5017 964 5100 nuptiarum
997 5013 1259 5077 nascitur
1286 5012 1805 5095 impedimentum,
1844 5015 1931 5076 vel
1964 5014 2094 5076 alio

2184 5016 2380 5095 γίνεται
2410 5016 2607 5094 γάμου,
2664 5015 2699 5084 ἢ
2753 5017 2888 5074 κατὰ
2928 5016 3089 5075 ἄλλον
3142 5014 3260 5074 τινὰ
3312 5016 3505 5097 τρόπον
3546 5021 3609 5076 τὸ
3638 5020 3827 5097 ἀθέμι-

1746 5169 1791 5234 V
1807 5171 1903 5238 AR
1913 5172 2013 5237 11E
2061 5172 2495 5239 LECTIONES.

499 5307 566 5361 68
592 5310 700 5379 τὴν
734 5316 827 5369 τοῦ
867 5312 1001 5368 υἱοῦ.
1085 5305 1153 5358 69
1193 5307 1504 5388 πρακτικός.
1591 5306 1657 5358 70
1697 5312 1773 5382 τῷ
1816 5328 1951 5386 πατρ
1976 5356 1987 5370 ,

304 5432 309 5437 .
416 5389 482 5443 ’14
561 5389 800 5451 λλύεται.

2092 5296 2146 5351 ⁷¹
2178 5308 2340 5374 θέσις,
2426 5308 2485 5360 79
2526 5311 2764 5388 νομίμων
2819 5313 3146 5391 προστίμων,
3230 5315 3294 5367 73
3320 5318 3492 5400 φθάσῃ
3536 5314 3822 5396 συμϐῆναι.

1977 5492 2241 5560 NOTAE.

497 5601 753 5685 (2)Vixit
765 5603 877 5667 sub
891 5602 1051 5685 dicto
1064 5599 1486 5685 Constantino,
1503 5598 2059 5685 Eudocia_,Diogene
2072 5654 2092 5682 ,

2259 5603 2571 5705 ‘(_3)LA.;12.
2606 5607 2659 5689 §.
2701 5607 2756 5671 1.
2788 5605 2859 5673 D.
2891 5608 2972 5673 de
2998 5609 3095 5673 rit.
3132 5618 3308 5695 nupt.
3340 5610 3487 5678 Inst.
3545 5613 3623 5683 de
3650 5625 3818 5705 nupt.

409 5679 730 5764 Michaele.
767 5686 958 5762 Augg.
996 5680 1136 5764 Haec
1160 5681 1277 5764 duo
1307 5681 1551 5741 decreta
1571 5679 1943 5764 Nicephorn's
1976 5679 2090 5748 Βοέ
2176 5684 2206 5764 §
2235 5679 2300 5748 Si
2326 5679 2499 5749 uxor.

408 5764 659 5823 toniates
692 5762 856 5839 Aug.
892 5762 1271 5824 conﬁrmavit
1302 5777 1410 5839 per
1432 5776 1674 5822 auream
1709 5762 1959 5826 bullam.
