4192 6212
369 352 486 422 757

1709 358 2270 427 GMCO-ROMAN
2279 367 2386 429 UM
2397 411 2410 424 .

3625 366 3745 433 758

371 514 467 551 τον
527 490 931 572 παρεισάγεται,
987 494 1332 552 συνάπτεσθαι(
1373 516 1429 552 τε
1485 497 1620 553 κατὰ
1659 497 1751 552 τόν
1793 496 2017 571 νόμιμον

2108 491 2353 570 quodam
2381 497 2555 559 modo
2597 498 2858 562 incestus
2897 498 3254 575 admittitur,
3293 495 3561 577 copulari
3576 497 3741 578 justo

371 583 542 661 γάμον
599 583 688 638 καὶ
755 583 937 658 νόμοις
1013 584 1366 662 ἐγνωσμένον,
1424 584 1460 653 ἢ
1514 586 1671 650 θείοις
1726 585 1910 642 κανόσι
1959 583 2019 638 τὸ

372 669 717 749 συνάλλαγμα
745 671 782 740 ἢ
825 673 922 739 τὴν
953 673 1260 740 συνοίκησιν
1315 672 1600 740 κεκλῆσθαί
1654 696 1712 730 τε
1767 675 1852 730 καὶ
1882 670 2018 734 ὅλως

370 760 755 816 καθίστασθαι·
845 765 940 828 τῆς
1023 762 1246 837 νομίμου
1318 764 1602 837 μνηστείας
1679 764 1770 819 τοῦ
1847 759 2021 838 γάμου

371 846 514 914 τάξιν
555 869 615 904 τε
645 850 731 906 καὶ
759 849 1077 907 κατάστασιν
1128 851 1383 931 ἐχούσης.
1451 853 1549 907 Διὰ
1587 854 1741 908 τοῦτο
1792 855 1890 929 γὰρ
1932 853 2018 904 καὶ

373 936 674 1015 προστίμων
730 937 850 994 ἄνεύ
934 937 1141 996 λύεσθαι
1225 940 1420 1006 ταύτην
1483 941 1575 997 οὒκ
1624 939 1841 1012 ἔξεστιν,
1901 936 2018 994 ἀλλ’

374 1025 457 1082 ἐπὶ
488 1026 584 1101 μὲν
656 1028 760 1083 τῶν
803 1027 1062 1102 ἀθεμίτων
1107 1030 1323 1104 νομικὸς
1379 1027 1650 1106 διορίξεται
1686 1029 1883 1104 κανὼν,
1945 1029 2018 1088 ὡς

373 1114 491 1172 ἔνθα
572 1117 634 1172 τὸ
703 1114 1045 1194 συνάλλαγμα
1115 1117 1295 1192 νόμοις
1360 1116 1740 1196 ἆπρόσδεκτον,
1828 1115 2020 1182 ποινὴν

372 1203 709 1262 ἀπαιτεῖσθαι
768 1205 862 1262 οὐκ
935 1205 1155 1272 ἔξεστιν.
1238 1204 1358 1264 Ἐπὶ
1425 1206 1479 1262 δὲ
1543 1213 1648 1262 τῶν
1712 1204 2019 1284 ἐρῤωμένων

2103 580 2448 664 legibusque
2469 587 2852 667 comprobato
2876 588 3274 661 matrimonio,
3319 605 3394 648 ne
3415 605 3484 648 ve
3513 604 3622 668 per
3651 602 3746 649 sa-

2105 688 2237 730 cros
2262 690 2518 736 canones
2541 685 2884 760 contractus
2908 677 3005 739 hic
3025 677 3118 738 vel
3140 675 3478 756 conjugium
3509 693 3744 736 nuncu-

2105 766 2300 838 petur,
2333 771 2431 823 aut
2489 764 2607 826 ullo
2667 766 2842 828 modo
2901 765 3225 828 subsistat:
3290 783 3423 826 cum
3480 763 3746 842 legitima

2104 850 2404 928 sponsalia
2437 853 2802 915 matrimonii
2831 855 3025 916 locum
3063 863 3119 916 et
3149 853 3549 915 conditionem
3581 850 3742 913 obti-

2103 948 2301 1024 neant.
2394 939 2540 1001 Nam
2599 951 2874 1023 proptera
2929 963 3038 1006 nec
3095 942 3318 1024 absque
3374 939 3563 1022 pomis
3618 939 3746 1002 hac

2103 1023 2426 1088 dissolvere
2457 1029 2616 1104 licet,
2655 1049 2786 1091 cum
2838 1030 2913 1094 de
2970 1023 3235 1094 incestis,
3273 1029 3479 1108 regula
3529 1028 3691 1108 juris
3717 1027 3746 1072 ¹¹

2103 1113 2368 1196 definiat,
2402 1117 2501 1178 ubi
2530 1127 2868 1182 contractus
2891 1120 3120 1200 legibus
3138 1118 3490 1181 interdictus
3503 1117 3600 1192 sit,
3627 1135 3748 1178 non

2102 1202 2285 1265 licere
2313 1224 2543 1285 poenam
2567 1206 2824 1287 exigere.
2876 1209 2941 1271 In
2965 1210 3038 1270 iis
3055 1217 3273 1281 autem,
3300 1225 3431 1289 qua
3444 1207 3582 1287 jure
3609 1204 3750 1284 legi-

374 1294 460 1348 καὶ
491 1293 749 1370 νομίμων,
783 1294 960 1372 ὥσπερ
1010 1295 1062 1351 ἐν
1113 1307 1229 1359 τοῖς
1289 1296 1504 1373 γάμοις,
1557 1298 1607 1351 αἱ
1656 1295 1832 1352 ποιναὶ
1881 1293 2024 1350 ἀντι-

2108 1292 2333 1373 bnsque
2366 1295 2582 1369 valent,
2642 1299 3138 1378 quemadmodum
3191 1297 3252 1358 in
3284 1295 3522 1377 nuptiis,
3558 1311 3751 1374 pinna;

375 1377 597 1437 δίδονται
628 1397 641 1412 ⁸
703 1384 742 1437 ε’
833 1383 851 1414 ἓ
934 1383 980 1418 ’⁵
1075 1386 1091 1440 ί
1132 1386 1142 1406 ’
1255 1382 1279 1402 “
1432 1385 1442 1406 ¹
1594 1389 1617 1400 ⁸
1756 1408 1765 1417 δ
1995 1383 2008 1399 “

732 1407 745 1438 ι
790 1407 886 1457 μιν
931 1406 981 1449 ε,
1040 1407 1206 1448 ατιας
1251 1383 1494 1451 οηλονοτι
1557 1406 1655 1450 της
1686 1384 1930 1462 γυιαικὸς
1961 1404 2021 1438 το

2108 1383 2570 1462 persolvuntur:
2655 1377 2718 1447 ut
2789 1389 3016 1448 lucrum
3074 1390 3162 1448 vir
3219 1393 3638 1465 consequatur,
3699 1381 3751 1444 si

376 1466 638 1548 διαζύγιον
709 1471 999 1548 πέμπεται,
1047 1477 1138 1531 τοῦ
1179 1472 1360 1553 ἀνδρὸς
1418 1473 1794 1553 κερδαίνοντος,
1855 1473 1912 1530 Ei.
1969 1470 2024 1531 δὲ

2108 1471 2346 1550 quidem
2381 1492 2486 1553 per
2515 1491 2748 1536 causam
2785 1476 3052 1538 mulieris
3100 1474 3415 1555 repudium
3462 1471 3747 1544 mittatur,

377 1557 498 1637 παρ’
556 1561 724 1617 αἰτίαν
787 1565 878 1618 τοῦ
920 1561 1124 1641 ἀνδρὸς,
1174 1569 1270 1630 τῆς
1325 1566 1569 1642 γυναικὸς
1628 1561 2024 1641 ἆποφερομένης

2110 1560 2202 1621 sin
2234 1563 2402 1641 culpa
2432 1563 2566 1635 viri,
2617 1563 2847 1625 lucrum
2899 1565 3115 1626 mulier
3169 1562 3418 1625 auferat.
3472 1561 3571 1624 Sic
3602 1557 3748 1622 etin

374 1647 436 1702 τὸ
478 1646 682 1726 κέρδος,
717 1649 866 1707 Οὕτω
893 1653 979 1708 καὶ
1009 1651 1060 1708 ἐν
1103 1666 1224 1717 ταῖς
1279 1654 1609 1728 μνηστείαις,
1666 1656 1766 1718 τῆς
1826 1649 2023 1715 λύσεως

2108 1651 2504 1729 sponsalibus,
2536 1652 2825 1732 siquidem
2860 1673 2992 1714 cum
3025 1669 3206 1734 paena
3226 1650 3511 1714 consistat
3539 1665 3747 1714 eorum

375 1736 512 1792 τίετὰ
553 1739 840 1816 προστίμου
885 1741 1288 1816 συνισταμένης,
1337 1739 1602 1820 πρόδηλον
1660 1742 1734 1803 ὼς
1793 1742 1820 1796 ὁ
1880 1762 2019 1814 μνη-

2108 1738 2438 1816 dissolutio,
2475 1741 3021 1803 manifestissimum
3054 1749 3165 1815 est,
3197 1759 3357 1818 eum,
3379 1739 3480 1819 qui
3505 1755 3750 1818 sponsa-

376 1827 548 1882 στείαν
593 1828 978 1904 συστησάμειος
1027 1831 1111 1886 καὶ
1168 1831 1302 1887 κατὰ
1371 1830 1559 1904 νόμους
1621 1825 2022 1902 διαλυσάμενος,

378 1914 499 1973 εἶτα
552 1916 732 1996 ἑτέραν
780 1918 1134 1996 ἀγαγόμενος,
1193 1916 1409 1998 δίγαμός
1451 1918 1509 1974 τέ
1547 1921 1683 1996 ἔστι,
1736 1918 1822 1972 καὶ
1891 1915 2026 1972 οὕτω

380 2005 464 2060 νῦν
508 2005 596 2062 καὶ
626 2007 697 2069 είς
756 2008 816 2062 τὸ
874 2007 994 2074 ἑξῆς
1025 2007 1442 2084 ὀνομασθήσεταί
1483 2029 1538 2063 τε
1593 2007 1683 2062 καὶ
1723 2004 1890 2066 ἔσται.
1953 2007 2024 2063 Τὸ

376 2089 422 2148 δ’
451 2094 577 2152 αὐτὸ
619 2091 843 2160 πάντως·
871 2099 957 2153 καὶ
1001 2096 1088 2153 ἐπὶ
1128 2103 1231 2153 τῶν
1274 2095 1521 2163 θηλειῶν.
1584 2093 1732 2153 Ἐπεὶ
1775 2097 1840 2151 τὰ
1894 2093 2024 2150 αὔτα

378 2179 459 2261 ἐφ’
516 2183 766 2264 ἑκατέρας
810 2186 1014 2264 φύσεως
1058 2189 1104 2242 οἱ
1148 2185 1301 2261 νόμοι
1346 2198 1560 2264 κρατεῖν
1618 2184 1714 2242 κᾶν
1756 2197 1874 2248 τοῖς
1929 2181 2025 2260 γά-

377 2293 497 2345 μοις
581 2271 679 2328 κᾶν
756 2288 872 2338 τοῖς
956 2273 1151 2353 ἑτέροις
1223 2272 1618 2352 συναλλάγμασι
1703 2274 2018 2344 θεσπίζουσι.

383 2358 677 2438 Διαῤῥήδην
717 2363 888 2419 τοίνυν
928 2363 1348 2444 ἀποφαινόμεθα,
1415 2361 1513 2418 ὅσα
1580 2364 1667 2418 καὶ
1724 2367 1816 2420 οἶα
1886 2361 2021 2440 πρό-

377 2472 531 2506 σωπα
577 2450 682 2508 ἄπὸ
709 2453 815 2508 τῶν
869 2451 1157 2509 πολιτικῶν
1214 2453 1412 2528 νόμων,
1460 2452 1495 2520 ἢ
1540 2452 1644 2508 ἀπὸ
1699 2452 1805 2508 τῶν
1869 2451 2018 2507 θείων

377 2541 635 2614 κανόνων,
665 2541 700 2608 ἢ
752 2541 858 2598 ἀπὸ
899 2544 993 2598 τοῦ
1032 2540 1356 2609 δηλωθέντος
1417 2539 1691 2600 συνοδικοῦ
1731 2541 1918 2619 τόμιιυ,
1985 2539 2021 2608 ἢ

375 2626 481 2684 ἀπὸ
535 2628 711 2708 ἑτέρου
769 2632 863 2686 τοῦ
935 2633 1052 2710 περὶ
1121 2641 1396 2709 τριγαμίας
1468 2627 1737 2687 συιοδικοῦ
1797 2651 1852 2684 τε
1909 2629 2021 2705 ἅμα

375 2718 461 2773 καὶ
531 2716 804 2794 βασιλικοῦ
896 2719 1269 2794 θεσπίσματος,
1345 2721 1416 2782 εἰς
1500 2718 1672 2797 γάμου
1750 2719 2024 2776 κοινωνίαν

375 2804 689 2882 κεκώλυται,
763 2810 828 2864 τὰ
898 2809 1026 2865 αὐτὰ
1079 2810 1166 2864 καὶ
1235 2809 1320 2865 ἐπὶ
1374 2815 1480 2865 τῶν
1563 2808 1862 2885 μνηστειῶν
1927 2807 2024 2874 τὴν

375 2891 603 2950 κώλυσιν
632 2894 1016 2976 ἐναργεστάτην
1047 2897 1109 2947 75
1163 2897 1339 2978 ἔχειν,
1386 2900 1474 2954 καὶ
1531 2896 1693 2973 μηδὲν
1737 2897 1879 2953 εἶναι
1923 2892 2020 2974 γάο

381 3004 481 3058 μου
533 3005 592 3039 τε
650 2987 737 3041 καὶ
805 2987 1091 3061 μνηστείας
1155 2985 1422 3068 διάφορον,
1483 2987 1556 3048 είς
1614 2986 1860 3042 σύστασιν
1932 2987 2026 3042 τοῦ

380 3074 599 3147 θεμιτοῦ
626 3077 713 3131 καὶ
743 3074 1056 3154 ἐῤῥωμένου.

809 3171 992 3260 Ἐτέρα
1021 3177 1262 3247 συνοδικὴ
1302 3179 1562 3258 ἀπόφασις
1573 3227 1586 3242 ,

959 3283 1082 3360 Περὶ
1128 3281 1433 3356 μνηστείας.

459 3388 594 3451 Μηνὶ
665 3387 880 3465 Μαρτίῳ
938 3377 1026 3463 ιθ’,
1087 3387 1448 3463 ἐπινεμήσεως
1493 3377 1560 3461 δ’,
1611 3385 1756 3452 ἔτους
1798 3377 2021 3468 φοί,

377 3475 781 3552 προκαθημένου
848 3472 1094 3533 Ἰωάννου
1136 3479 1228 3534 τοῦ
1272 3476 1569 3554 ἀγιωτάτσυ
1624 3458 1808 3552 ἡμῶν⁶
1840 3475 2028 3534 δεσπό-

372 3587 465 3622 του
533 3566 621 3620 καὶ
685 3566 1042 3640 οἰκουμενικοῦ
1081 3564 1435 3645 πατριάρχου,
1487 3565 1542 3622 ἐν
1582 3573 1660 3641 τῷ
1715 3573 1888 3645 μικρῷ
1943 3587 2028 3622 σε·

375 3654 565 3734 κρὲτῳ,
627 3653 1056 3732 συνεδριαζόντων
1126 3657 1267 3728 αὖτῴ
1349 3655 1437 3711 καί
1513 3676 1669 3712 τινων
1745 3653 2026 3734 ἀρχόντων

381 3741 772 3820 συγκλητικῶν,
857 3744 987 3821 πρὸς
1069 3744 1272 3808 τούτοις
1355 3742 1408 3798 δὲ
1492 3741 1895 3821 πανιερωτάτων
1963 3743 2027 3792 ’⁷6

380 3829 808 3910 μητροπολιτῶν,
855 3833 946 3886 τοῦ
1000 3832 1338 3912 Καισαρείας,
1395 3834 1489 3890 τοῦ
1549 3823 1884 3908 Ἡρακλείας,
1940 3837 2025 3892 τοῦ

2117 3828 2506 3908 tropolitanis.

381 3922 624 3994 Νικαίας,
681 3923 774 3977 τοῦ
805 3919 1164 3996 Χαλκηδόνος,
1219 3925 1311 3979 10-3
1353 3921 1584 3980 Τιτάνων
1625 3921 1709 3996 77,
1756 3924 1849 3978 τοῦ
1902 3932 2025 3980 Νεο-

2111 1826 2188 1888 lia
2221 1829 2531 1910 coAntraxit,
2585 1839 2642 1891 et
2697 1831 3024 1892 secundum
3090 1830 3252 1908 leges
3307 1825 3596 1899 dissolvit,
3637 1824 3752 1887 alia

2110 1899 2392 1997 deinceps
2425 1899 2607 1980 uxore
2665 1919 2862 1993 ducta,
2923 1899 3227 1998 digamu'm
3271 1934 3431 1995 esse,
3461 1927 3642 1996 atque
3671 1913 3752 1974 ita

2109 2024 2291 2080 nunc,
2321 2016 2378 2068 et
2408 2007 2468 2069 in
2494 2016 2796 2085 posterum
2843 2008 3206 2069 nominatum
3239 2005 3332 2079 iri,
3377 2012 3435 2065 et
3463 2003 3747 2066 futurum.

2105 2092 2268 2157 Idem
2304 2114 2440 2158 vero
2471 2105 2530 2157 et
2560 2096 2617 2158 in
2649 2096 2888 2159 feminis
2945 2095 3189 2158 omnino
3229 2094 3423 2156 locum
3484 2090 3749 2154 habebit.

2107 2204 2240 2246 cum
2275 2187 2480 2247 eadem
2513 2186 2574 2248 in
2598 2196 2852 2268 utroque
2885 2205 3028 2249 sexu
3061 2194 3178 2246 tam
3199 2184 3260 2246 in
3293 2181 3534 2262 nuptiis,
3567 2197 3747 2261 quam

2107 2274 2335 2350 caeteris
2391 2275 2794 2337 contractibus
2851 2275 3146 2348 obtinere,
3237 2273 3401 2352 leges
3457 2268 3750 2332 sauciant.

2106 2362 2307 2444 Itaque
2337 2363 2559 2426 diserte
2573 2363 3050 2444 pronunliamus,
3075 2380 3206 2444 qua:
3231 2369 3290 2422 et
3305 2360 3754 2444 qualescunque

2107 2443 2374 2531 perSonae
2400 2471 2506 2532 per
2527 2443 2686 2533 juria
2718 2452 2936 2526 civilia,
2963 2452 3057 2514 vel
3089 2443 3292 2512 sacros
3329 2464 3616 2526 canones,
3655 2443 3754 2533 vel

2105 2540 2426 2603 indicatum
2461 2532 2802 2621 synodalem
2841 2551 3087 2620 tomum,
3122 2539 3207 2602 vel
3243 2539 3420 2599 aliam
3449 2535 3525 2597 de
3558 2532 3754 2596 tertiis

2106 2631 2322 2710 nuptiis
2354 2631 2692 2711 synodalem
2754 2631 2976 2711 pariter
3029 2637 3087 2691 et
3131 2623 3574 2708 imperatoriam
3601 2639 3751 2684 san-

2108 2720 2390 2793 ctionem,
2451 2738 2484 2780 a
2542 2720 2842 2784 consortio
2903 2715 3326 2781 matrimoniali
3383 2719 3746 2776 arceantur:

2107 2809 2344 2868 easdem
2405 2822 2465 2870 et
2515 2807 2576 2869 in
2638 2809 3014 2888 sponsalibus
3073 2803 3535 2890 prohibitionem
3568 2799 3758 2864 mani-

2108 2896 2493 2959 festissimam
2532 2897 2774 2971 habere,
2809 2917 2919 2960 nec
2951 2897 3136 2960 ullum
3163 2912 3295 2957 esse
3325 2891 3666 2974 nuptiarum
3696 2896 3756 2952 et

2108 2987 2471 3067 sponsalium
2503 2986 2826 3049 discrimen
2882 2988 2944 3049 in
2992 2987 3128 3066 hoc,
3189 2993 3252 3046 ut
3280 2981 3751 3061 licitojusteque

2109 3077 2557 3139 contrahantur.

2476 3178 2693 3243 Altera
2720 3177 3026 3260 synodalis
3050 3182 3372 3241 sententia.

2678 3282 2770 3344 De
2795 3280 3188 3362 sponsalibus.

2190 3384 2410 3448 Mensis
2468 3384 2662 3449 Martii
2719 3382 2816 3444 die
2873 3400 2997 3462 XIX,
3077 3380 3405 3444 indictione
3463 3399 3543 3457 rv,
3599 3399 3754 3444 anno

2109 3489 2263 3536 VlClD
2293 3491 2346 3538 to
2375 3490 2555 3546 Lxxv,
2591 3471 2949 3552 praesidente
2978 3469 3226 3545 Joanne,
3262 3469 3634 3531 sanctissimo
3653 3471 3757 3532 do-

2111 3563 2274 3622 mino
2307 3571 2534 3642 nostro,
2586 3569 2642 3622 et
2672 3559 2990 3620 universali
3043 3557 3395 3638 patriarcha,
3430 3557 3492 3619 in
3525 3557 3758 3622 minore

2109 3653 2364 3714 secreto'
2380 3649 2779 3712 assidentibus
2801 3647 2914 3726 ipsi
2936 3645 3376 3726 magistratibus
3397 3645 3752 3728 quibusdam

2117 3739 2344 3801 ordinis
2375 3738 2678 3813 senatorii,
2715 3743 3046 3818 praeterque
3077 3736 3187 3796 hos
3209 3735 3600 3816 sanctissimis
3623 3754 3755 3799 me-

2609 3824 2983 3900 Caasariensi,
3041 3822 3434 3899 Heracliensi,
3488 3823 3750 3900 Nicano,

2115 3916 2614 3991 Chalcedonensi,
2673 3914 2988 3996 Tyanensi,
3041 3911 3531 3989 Neocaesariensi,
3575 3915 3758 3976 Amo-

814 4012 841 4023 ο

378 4010 703 4083 καισαρείας,
751 4012 844 4068 τοῦ
883 4009 1198 4086 Ἀμωρείου,
1231 4013 1324 4068 τοῦ
1371 4012 1642 4073 Κοτυαίου.
1705 4013 1798 4068 τοῦ
1849 4009 2025 4086 Ἀμά-

2109 4007 2316 4080 riensi,
2353 4007 2589 4088 Cotymi,
2623 4003 3002 4079 Amastridis,
3033 4002 3354 4079 Celesente,
3387 4001 3750 4066 Coloniensi:

375 4095 604 4177 στριδος,
651 4101 744 4154 105
775 4098 1104 4173 Κελεσηνῆς,
1137 4102 1230 4156 τοῦ
1261 4098 1548 4180 Κολωνίας,
1602 4101 1689 4157 καὶ
1741 4099 2025 4180 ἀρχιεπισ-

2111 4105 2169 4158 et
2189 4096 2674 4178 archiepiscopis,
2687 4093 2960 4156 videlicet
2975 4091 3424 4175 archiepiscopo
3442 4089 3754 4168 Selebrim,

379 4187 580 4258 κόπων,
682 4189 774 4243 τοῦ
853 4185 1171 4268 Σηλυϐρίας,
1241 4189 1336 4244 τοῦ
1419 4178 1671 4263 Ῥουσίου,
1770 4178 1857 4244 καί
1939 4191 2025 4244 τοι]

2109 4185 2330 4261 Russii,
2366 4194 2423 4248 et
2455 4185 2728 4250 Gotthiae.

378 4276 613 4341 Γοτθίας.
865 4364 875 4380 Ι
1295 4364 1314 4380 ἱ
2051 4330 2093 4380 D

459 4370 538 4440 Τῇ
585 4368 719 4441 αὒτῇ
772 4364 946 4444 ἡμέρα
1002 4367 1108 4422 τῶν
1161 4364 1530 4444 συγκλητικῶν
1585 4365 1830 4422 ἀπάντων
1891 4366 2027 4424 ἄπο-

378 4452 765 4533 χωρησάντων,
855 4452 1096 4518 ἐλθόντος
1180 4453 1235 4511 δὲ
1318 4457 1404 4512 καὶ
1485 4457 1578 4511 τοῦ
1636 4454 2030 4535 μητροπολίτου

380 4548 620 4621 Πατρῶν,
677 4543 765 4598 καὶ
813 4542 1099 4621 ωγκὲλλου
1171 4545 1397 4624 Νικήτα,
1478 4543 1734 4623 προετέθη
1813 4547 2028 4612 τὸ·τῆς

381 4631 666 4707 μνηστείας
700 4629 1186 4711 ἀμφιϐαλλόμενον,
1249 4631 1302 4688 εἴ
1352 4654 1412 4711 γε
1459 4633 1571 4711 χρὴ
1629 4631 1682 4687 ἐν
1713 4646 1828 4696 τοῖς
1873 4657 2028 4712 γαμι-

375 4733 497 4785 κοῖς
569 4717 1021 4799 συναλλάγμασιν,
1099 4720 1218 4777 ἔνθα
1289 4721 1589 4799 συγγενείας
1663 4722 1770 4778 ἐστὶ
1841 4723 2024 4798 νόμος,

378 4809 606 4866 κώλυσιν
634 4807 848 4886 ὶτεάγων
907 4809 1019 4866 ἀντὶ
1075 4810 1247 4889 γάμον
1288 4811 1484 4877 ταύτην
1545 4813 1833 4890 Αογίζεσθαι
1869 4829 1882 4843 ⁸
1941 4817 2029 4871 καὶ

375 4899 414 4968 ἢ
445 4897 811 4978 ἐπιτρέπεσθαι
857 4901 916 4954 τὸ
961 4901 1096 4969 μετὰ
1150 4903 1304 4956 τοῦτο
1349 4898 1544 4974 μέλλον
1599 4898 1856 4978 προϐῆναι
1914 4924 2029 4958 συν-

379 4987 631 5066 οικὲσιον,
679 4987 715 5054 ἢ
772 4986 1178 5066 ἀποτρέπεσθαι,
1233 4991 1305 5051 ὼς
1376 4987 1602 5064 ἄθεσμόν
1660 5009 1715 5044 τε
1769 4991 1853 5044 καὶ
1931 4991 2026 5046 νό-

377 5097 499 5152 μοις
569 5074 988 5153 ἐναντιούμενον,
1075 5079 1162 5134 καὶ
1216 5077 1372 5142 θείοις
1429 5077 1610 5133 κανόσι
1667 5079 2020 5155 προσκόπτον,

377 5166 477 5224 Καὶ
550 5163 905 5242 ἦρωτήθησαν
974 5169 1019 5223 οἱ
1091 5165 1522 5238 παδουσιαζοντες
1593 5163 1818 5246 ἅπαντες
1885 5190 2022 5225 παν-

378 5252 719 5333 ιερώτατατοι
749 5253 1048 5334 ἀρχιερεῖς,
1097 5256 1183 5312 καὶ
1231 5255 1390 5312 εἷπον
1443 5258 1596 5329 κοινῇ
1643 5253 1833 5332 γνώμῃ
1886 5257 2022 5313 κατὰ

2193 4365 2415 4427 Eodem
2446 4363 2562 4438 die,
2589 4381 2722 4426 cum
2765 4378 2972 4424 omnes
3002 4360 3228 4422 ordinis
3243 4358 3525 4422 senatorii
3538 4375 3755 4441 proce-

2113 4470 2209 4514 res
2231 4453 2652 4528 abcessissent,
2686 4460 2745 4514 et
2773 4451 3105 4512 advenisset
3129 4447 3622 4530 metropolitanus
3643 4446 3755 4509 Pa-

2113 4545 2349 4616 trensis,
2385 4551 2442 4604 et
2491 4542 2728 4605 Nicetas
2782 4539 3102 4622 syncellus,
3153 4539 3228 4600 de
3256 4537 3633 4619 Sponsalibus
3665 4542 3757 4598 est

2112 4634 2410 4712 proposita
2440 4631 2681 4714 quaestio
2715 4649 2728 4692 :
2792 4649 2932 4691 num
2983 4627 3210 4690 scilicet
3260 4625 3320 4688 in
3351 4624 3755 4688 contractibus

2112 4721 2498 4802 nuptialibus,
2531 4721 2632 4782 ubi
2691 4717 3057 4797 cognationis
3112 4718 3205 4778 lex
3263 4714 3754 4802 impedimentum

2111 4801 2302 4884 affert,
2346 4810 2644 4890 sponsalia
2675 4827 2780 4890 pro
2814 4805 3034 4887 nuptiis
3063 4803 3337 4866 habenda
3365 4802 3520 4878 sint;
3551 4810 3616 4864 ut
3662 4801 3754 4864 vel

2113 4900 2508 4980 permittatur,
2545 4898 2699 4978 quod
2729 4896 3184 4958 subsecuturum
3217 4901 3328 4968 est,
3363 4891 3704 4973 conjugium
3734 4913 3752 4966 ;

2111 4989 2197 5050 vel
2260 4988 2668 5069 prohibeatur,
2728 4994 3005 5067 tanquam
3062 4983 3360 5059 illicitum,
3421 4991 3481 5045 et
3511 4981 3748 5060 legibus

2109 5077 2496 5151 contrarium,
2529 5084 2587 5136 et
2638 5075 2698 5136 in
2729 5093 2928 5137 sacros
2959 5091 3221 5136 canones
3251 5071 3619 5154 impingens.
3647 5070 3750 5134 In-

2106 5163 2383 5241 terrogati
2405 5181 2545 5225 vero
2571 5163 2787 5240 cuncti,
2813 5162 2914 5244 qui
2951 5180 3148 5223 coram
3195 5161 3464 5236 aderant,
3496 5159 3752 5223 sanctis-

2104 5254 2242 5318 simi
2273 5253 2606 5333 pontifices,
2638 5251 2940 5314 communi
2971 5249 3267 5313 sententia
3317 5249 3394 5311 de
3422 5248 3752 5332 quastione

1684 5429 1938 5495 VARUE
1983 5429 2433 5499 LECTIONES.

448 5538 513 5590 75
541 5540 942 5619 ὶνιργεστιίτην,
1027 5537 1092 5589 το
1130 5539 1566 5621 θεοφιλεστάτων.
1653 5539 1714 5589 77
1742 5538 1968 5605 τυάνων.

448 5659 475 5703 ιι
504 5658 548 5722 i.
581 5676 614 5719 v
645 5658 718 5722 C.
749 5657 826 5722 de
851 5661 1121 5740 sponsal.
