4192 6220
452 305 562 372 ’771

1837 300 1971 364 JUS
2012 291 2464 362 CANONICUM

3726 276 3845 344 7⁸72

457 448 650 504 utnon
663 441 854 504 solum
868 441 926 502 in
945 439 1078 504 vitae
1089 433 1776 515 commercio,proutper
1786 433 2101 495 humanam

2197 431 2282 499 τῆς
2333 434 2420 488 καὶ
2462 429 2807 511 τρεφομένους
2836 426 2864 471 ³
2927 424 3206 502 Ἀθήναζε,
3265 426 3451 507 ἁγνοὺς
3508 427 3846 505 παραστῆσαι

459 530 830 611 fragilitatem
863 529 1027 604 licet,
1061 525 1340 606 inculpati
1368 522 1509 597 sint,
1546 525 1651 584 sed
1686 532 1741 584 et
1772 523 1830 583 in
1864 527 2104 604 nuptia-

457 619 614 681 libus
665 617 1075 682 conlrai-tibus
1134 615 1189 676 id
1227 622 1686 693 consequantur,
1725 631 1800 673 ne
1848 612 2104 674 divinam

459 708 649 785 legem
684 715 741 768 et
781 707 968 769 Deum
1042 703 1371 783 offendant,
1433 701 1750 781 requirens
1803 699 2110 780 prohiberi

461 796 692 876 nuptias
724 793 959 874 septimi
990 792 1205 870 gradus
1255 789 1605 868 cognatione
1635 789 1939 868 illegitime
1961 808 2105 850 i-on-

458 893 671 946 tractas
693 903 707 947 :
728 883 1084 964 synodaliter
1097 881 1298 943 retulit
1320 889 1535 942 nostra;
1557 878 1862 940 modestiae
1885 894 2112 959 r,quos-

458 972 591 1034 dam
625 991 717 1053 ea,
751 991 882 1054 qua:
907 990 940 1033 a
969 971 1156 1034 beatae
1186 969 1489 1032 memoria
1518 967 1889 1029 sani-tissime
1924 968 2107 1047 patri-

458 1061 638 1123 archa
666 1061 772 1124 illo
805 1062 1048 1123 domino
1078 1059 1309 1132 Alexio,
1335 1057 1615 1138 synodice
1631 1057 1948 1119 constituta
1973 1068 2112 1118 sunt

459 1153 534 1214 de
555 1149 1043 1214 contrahentibus
1067 1147 1506 1210 matrimonium
1533 1148 1593 1208 in
1623 1147 1872 1226 septimo
1899 1165 2109 1222 cogna-

459 1238 642 1301 tionis
673 1237 882 1314 gradu,
916 1239 1050 1299 data
1092 1255 1274 1317 opera
1329 1236 1676 1316 depravare,
1712 1235 1852 1295 dum
1885 1254 2002 1295 non
2036 1235 2108 1296 ad

459 1347 664 1390 eorum
699 1326 1054 1388 sententiam
1077 1324 1425 1405 respiciunt,
1451 1323 1554 1384 sed
1577 1322 1768 1384 verbis
1791 1323 2112 1385 oscitanter

2192 528 2330 601 Θεῷ,
2361 519 2498 579 ἀλλὰ
2524 521 2612 578 καὶ
2653 520 2770 584 τοὺς
2803 517 3092 594 μέλλοντας
3124 519 3196 582 εἷς
3226 519 3286 574 τὸ
3315 518 3457 573 εἶναι
3488 512 3841 593 διαγενέσεως

2192 609 2459 690 ἔρχεσθαι,
2507 609 2755 685 ἐννόμους
2786 608 2934 689 ἔχειν
2981 608 3076 672 τὰς
3107 607 3353 688 ἀπαρχᾶς
3383 611 3481 673 τῆς
3512 604 3833 684 γεννήσεως,

2189 701 2278 757 καὶ
2302 699 2577 775 ἐνθὲσμους
2615 701 2708 762 τὰς
2781 699 2995 778 πρώτας
3051 696 3182 777 πρός
3217 697 3387 776 γάμον
3440 695 3748 773 συναγωγὰς
3776 691 3833 765 3,

2191 790 2258 864 ὡ,
2307 789 2383 864 μὴ
2427 789 2587 864 μόνον
2636 787 2688 843 ἐν
2745 801 2866 852 ταῖς
2918 787 3198 863 βιωτικαῖς
3249 783 3606 863 συναλλαγαῖς
3687 781 3838 862 ἔχειν

2191 879 2264 942 ὡς
2319 876 2441 944 ἐξῆν
2521 876 2811 957 ἀνθρώποις
2867 877 2928 932 τὸ
2986 872 3288 951 ἄμεμπτον,
3360 873 3494 930 ἀλλά
3551 873 3648 930 κᾶν
3717 883 3836 934 τοῖς

2190 978 2442 1044 γαμικοϊς
2493 964 2888 1043 συναλλάγμασι
2931 964 3213 1032 κεκτῆσθαι
3257 965 3386 1042 πρός
3455 983 3512 1019 τε
3567 963 3658 1018 τὸν
3686 963 3832 1016 θειον

2191 1056 2347 1131 νόμον
2399 1058 2486 1114 καὶ
2569 1057 2698 1133 πρὸς
2769 1055 2897 1110 Θεὸν
2953 1055 3015 1110 τὸ
3062 1053 3426 1133 ἀπρόσκοπον,
3486 1052 3574 1108 καὶ
3629 1049 3692 1106 ἐκ
3745 1047 3839 1104 τοῦ

2191 1141 2412 1220 ἐϐδόμου
2443 1142 2494 1208 ἐξ
2524 1142 2752 1219 α’ἷματος
2795 1142 2825 1191 4
2877 1142 3080 1220 βαθμοῦ
3121 1141 3522 1220 συνιστάμενον,
3564 1139 3736 1216 γάμον
3763 1136 3835 1192 ἀ-

2190 1233 2416 1308 θέσμως,
2470 1239 2645 1304 ζητῶν
2702 1232 2998 1299 κωλυθῆναι
3051 1230 3358 1311 συνοδικῶς,
3403 1237 3472 1306 τῇ
3529 1231 3684 1305 ἡμῶν
3741 1227 3834 1283 ἀν-

2189 1323 2380 1399 ήνεγκε
2409 1322 2751 1401 μητριότητι,
2782 1322 2856 1386 ὣς
2898 1343 3037 1387 τινες
3093 1322 3158 1378 τὰ
3187 1323 3327 1399 παρά
3356 1320 3449 1378 τοῦ
3491 1319 3544 1375 ἐν
3601 1316 3836 1396 μακαρίᾳ

459 1418 776 1479 ἱηὴωῐρηι.
837 1413 985 1476 Nam
1043 1413 1145 1477 illo
1217 1412 1456 1491 quidem
1531 1411 1817 1491 sinodii-e
1878 1411 2109 1492 nuptias

2197 1416 2263 1487 τῇ
2312 1409 2465 1480 λήξει
2532 1410 2627 1468 τοῦ
2657 1410 2956 1488 ἀγιωτάτου
3019 1410 3350 1490 πατριάρχου
3415 1409 3612 1466 ἐκείνου
3658 1405 3838 1484 κυρίου

461 1503 699 1586 septimi
728 1503 945 1582 gradus
978 1501 1360 1584 prohibente,
1395 1500 1444 1561 si
1474 1519 1675 1562 earum
1712 1500 1891 1581 petita
1936 1501 2114 1564 fuerit

2199 1497 2430 1565 Ἀλεξίου
2459 1497 2744 1564 συνοδικῶς
2791 1498 3196 1574 οἰκονομηθέντα
3248 1497 3334 1553 ἐπί
3398 1510 3516 1561 τοϊς
3577 1494 3633 1561 ἐξ
3662 1494 3841 1571 αἵμα-

461 1583 636 1657 venia
663 1615 676 1652 :
701 1592 792 1654 sin
813 1583 1142 1672 minus,eas
1160 1588 1479 1652 indivulsas
1499 1608 1738 1650 manere
1760 1591 2114 1670 permitten-

2198 1611 2288 1654 τος
2349 1585 2571 1665 ἐϐδόμου
2613 1588 2812 1665 βαθμοῦ
2849 1589 3077 1666 γαμικὸν
3134 1593 3411 1644 συνιστῶσι
3469 1583 3838 1664 συνάλλαγμα,

464 1683 660 1758 te,sed
691 1700 796 1744 eos
816 1681 923 1761 qui
947 1687 1370 1742 contraxerunt
1401 1679 1589 1758 poenis
1611 1677 1966 1759 subjiciente
1988 1702 2004 1762 ;
2028 1681 2113 1741 id-

2199 1677 2698 1757 παραχαράττουσιν
2753 1677 2942 1749 ἑκοντὶ,
3024 1677 3103 1751 μὴ
3158 1677 3287 1753 πρὸς
3363 1677 3455 1731 τὸν
3534 1675 3839 1753 ἐγκείμενον

466 1769 838 1854 queomnino
853 1770 938 1832 sic
953 1768 1565 1837 ﬁerideﬁnienle,etsi
1581 1767 1679 1847 qui
1695 1771 2124 1850 coeuntgigno.

468 1869 670 1924 rantes
719 1866 897 1940 quoto
956 1858 1140 1940 gradu
1199 1875 1234 1940 α
1291 1874 1354 1916 se
1408 1855 1670 1940 invicem
1703 1857 1941 1940 distent,
1977 1860 2122 1922 tales

470 1944 706 2021 nuptias
735 1935 1140 2000 contraxerint
1168 1958 1181 1994 :
1218 1935 1519 2016 (quoniam
1539 1936 1697 1998 enim
1730 1935 1986 2014 modo,'si
2006 1959 2122 2002 non

462 2031 543 2093 ita
559 2031 671 2092 hoc
691 2029 777 2091 illi
795 2026 1171 2089 sanctissimo
1202 2025 1555 2106 patriarcha:
1579 2029 1970 2107 excogitatum
1991 2030 2118 2104 siti,

465 2118 542 2180 de
571 2135 691 2179 una
720 2116 1053 2194 eademque
1085 2133 1150 2175 re
1201 2113 1362 2180 velut
1391 2115 1688 2176 contraria
1719 2119 1988 2196 quaedam
2022 2118 2120 2179 de-

470 2207 636 2271 ﬁnita
665 2204 824 2268 sint?
859 2223 1120 2286 quonam
1171 2211 1368 2265 autem
1416 2201 1591 2265 modo
1622 2207 1780 2284 quod
1814 2226 1946 2267 cum
1980 2207 2116 2268 dolo

471 2297 624 2359 clam
651 2295 865 2357 factum
893 2291 1369 2360 est.indivulsum
1393 2311 1634 2353 manere
1658 2294 1983 2369 constituit,
2019 2299 2121 2376 qui

466 2405 585 2448 non
616 2381 903 2466 permittit
955 2381 1109 2462 ﬁeri,
1144 2382 1190 2442 si
1223 2382 1353 2460 ejus
1392 2384 1563 2444 venia
1599 2384 1897 2463 petatur?)
1934 2403 2118 2466 quos-

468 2476 604 2537 dam
637 2473 819 2552 igitur
848 2470 993 2532 illud
1025 2470 1317 2544 videntes,
1372 2471 1869 2550 quemadmodum
1905 2482 2120 2535 nostra

473 2559 879 2625 mediocritati
937 2559 1182 2621 relatum
1246 2565 1356 2632 est,
1415 2577 1597 2639 seque
1628 2562 1867 2640 septimi
1899 2563 2120 2640 gradus

2201 1768 2406 1829 τούτοις
2436 1766 2554 1822 νοῦν
2579 1762 2991 1839 ἀποϐλέποντες,
3045 1776 3168 1828 ταῖς
3225 1762 3277 1820 δὲ
3331 1761 3502 1828 λέξεσι
3561 1781 3843 1840 κακοσχο-

2201 1853 2364 1918 λαίως
2419 1853 2853 1930 ἐ-οαπομένοντες.
2928 1854 3158 1910 Ἐκείνου
3241 1853 3340 1932 γὰρ
3415 1849 3695 1913 συνοδικῶς
3751 1849 3844 1903 τὸν

2200 1943 2254 2011 ἐξ
2283 1942 2504 2020 ἑϐδόμου
2544 1945 2646 2022 γάρ
2658 1966 2714 2000 ον
2743 1942 2945 2020 βαθμοῦ
2991 1944 3034 1998 εἰ
3089 1941 3186 2018 μὲν
3253 1940 3564 2020 ἐρωτηθείη,
3615 1935 3849 1994 κωλύον-

2205 2056 2295 2097 τος
2325 2033 2602 2112 γίνεσθαι·
2637 2035 2681 2088 εί
2709 2030 2764 2087 δὲ
2824 2034 2926 2111 πρὸ
2995 2031 3305 2110 ἐρωτήσεως
3359 2030 3606 2109 γένηται,
3666 2027 3845 2102 μένειν

2206 2122 2304 2198 μὲν
2362 2120 2713 2178 ἀδιάσπαστον
2773 2119 3165 2199 ἐπιτρέποντος,
3242 2117 3524 2193 ἐπιτιμίοις
3601 2113 3655 2172 δέ
3721 2115 3846 2177 τοὺς

2199 2208 2614 2275 συναλλάξαντας
2711 2206 3122 2281 ὑποϐάλλοντος,
3201 2209 3288 2264 καὶ
3381 2209 3534 2264 τοῦτο
3631 2204 3846 2267 πάντως

2201 2299 2335 2356 οῦτω
2390 2297 2740 2377 διοριζομένου
2797 2299 3047 2376 γίνεσθαι,
3109 2294 3220 2353 εἴτε
3250 2297 3284 2346 5
3349 2298 3396 2352 οἱ
3461 2293 3844 2368 συναπτόμενοι

2201 2389 2507 2466 ἀγνοοῦντες
2539 2386 2721 2446 ὁποίου
2760 2388 2891 2464 πρὸς
2972 2383 3238 2455 ἀλλήλους
3309 2386 3422 2441 εἶεν
3463 2385 3688 2462 βαθμοῦ,
3753 2383 3842 2437 τὸν

2200 2477 2434 2535 τοιοῦτον
2464 2477 2637 2556 γάμον
2691 2473 3093 2546 συστήσονταιθ
3137 2491 3151 2505 ⁶
3213 2482 3325 2542 πῶς
3369 2476 3468 2554 γὰρ
3529 2471 3615 2548 ἂν,
3662 2473 3705 2527 εὶ
3764 2471 3843 2546 μὴ

2203 2566 2340 2624 οὕτω
2365 2573 2520 2623 τοῦτο
2561 2565 2743 2638 ἐκείνῳ
2810 2572 2886 2640 τῷ
2952 2565 3234 2642 ἁγιωτάτῳ
3287 2564 3594 2644 πατριάρχῃ
3648 2561 3842 2626 νενόη-

2202 2677 2288 2712 ται
2317 2655 2346 2704 7
2372 2656 2490 2734 περὶ
2559 2653 2674 2717 ’ἑνὸς
2741 2655 2829 2711 καὶ
2871 2659 2963 2711 τοῦ
3006 2654 3164 2712 αὐτοῦ
3213 2653 3520 2732 πράγματος
3573 2653 3692 2708 οἷον
3748 2651 3843 2705 ὑπο

469 2670 604 2713 esse
636 2649 1010 2723 scientes,et,
1047 2648 1096 2708 si
1128 2647 1306 2726 hujus
1337 2647 1496 2708 modi
1527 2657 1861 2711 contractus
1890 2651 2002 2712 sub
2032 2653 2117 2714 in-

472 2739 938 2818 terrogationem
986 2736 1177 2807 cadat,
1224 2735 1386 2796 nullo
1417 2735 1593 2798 modo
1618 2739 1970 2817 permissum
1993 2740 2064 2801 iri
2101 2759 2114 2801 :

2204 2744 2407 2800 εναντία
2465 2744 2582 2799 τινὰ
2647 2755 3035 2823 κεκανόνιστο,
3111 2749 3232 2807 Πῶς
3315 2740 3370 2797 δὲ
3416 2743 3477 2797 τὸ
3551 2735 3842 2801 ἐπιϐούλως

472 2829 548 2890 de
579 2825 1158 2904 industria,maligne
1180 2824 1588 2912 agereJimori
1611 2827 1715 2888 Dei
1736 2837 1790 2889 et
1813 2830 2112 2892 canonicaa

2197 2833 2359 2912 κρύφα
2427 2832 2811 2911 πραττόμενον,
2886 2829 3062 2907 μένειν
3119 2829 3480 2889 ἀδιάσπαστον
3549 2827 3840 2893 διετάξατο.

475 2915 880 2978 constitutioni
931 2914 1301 2996 propriarum
1362 2911 1671 2976 libidinum
1715 2917 2107 2998 expletionem

2197 2911 2386 2996 8an%
2415 2921 2641 2998 γίνεσθαι
2690 2926 2984 2999 συγχωρῶν
3013 2928 3167 2977 τοῦτο
3225 2920 3385 2978 πεσὸν
3416 2916 3504 2975 ὑπ’
3547 2941 3583 2984 η
3628 2917 3838 2998 ἐρώτη-

467 3025 524 3086 pi
543 3005 875 3094 azferentes,
904 3002 1178 3094 quod-vel
1209 3001 1471 3094 ﬂorente
1489 3003 1927 3083 pulchritudine
1949 3008 2105 3080 victi,

2197 3033 2274 3068 σιν
2301 3010 2343 3091 ;)
2416 3020 2566 3070 τοῦτο
2647 3016 2771 3088 γοῦν
2840 3008 2977 3072 τινές
3021 3008 3244 3090 εἰδότες,
3299 3011 3371 3074 ὡς
3441 3009 3722 3078 ἀνήνεκται
3777 3012 3846 3083 τῇ

464 3101 562 3155 aut
592 3091 911 3154 ﬂuentibus
967 3090 1187 3153 divitiis
1235 3089 1499 3165 adducti,
1533 3101 1634 3154 aut
1663 3095 1901 3173 generis
1921 3097 2110 3160 sublio

2197 3089 2347 3177 ἡμῶν
2378 3099 2718 3179 μητριότητι,
2749 3099 2836 3154 καὶ
2864 3100 2935 3163 ὡς
2995 3094 3218 3174 ἐὸδόμου
3271 3100 3474 3176 βαθμοῦ
3540 3108 3842 3175 τυγχάνου-

466 3183 669 3245 mitate
695 3181 977 3264 perlracti
1009 3180 1252 3242 fuerint.

2197 3212 2274 3247 σιν
2304 3189 2666 3262 ἐπιστάμενοι,
2696 3188 2782 3244 καὶ
2848 3189 2922 3252 ὡς
2991 3189 3035 3243 εἰ
3092 3188 3241 3265 πάσῃ
3297 3189 3357 3244 τὸ
3408 3192 3642 3244 τοιοῦτον
3714 3209 3842 3243 συν-

463 3272 719 3351 άλλαγμα
772 3269 862 3328 ὑπ’
930 3271 1210 3350 ἐρώτησιν,
1285 3270 1494 3336 πάντως
1566 3270 1670 3329 οὐδ’
1741 3271 1880 3339 ὅλως
1931 3277 2192 3356 προτῆναι
2263 3277 2736 3357 συγχωρηθήσεται
2772 3295 2784 3308 ·
2873 3278 3250 3355 κακουργοῦσιν
3331 3273 3593 3356 ἐπίτηδες,
3681 3272 3842 3354 φόϐου

468 3361 602 3418 θείου
685 3361 772 3417 καὶ
857 3365 1139 3426 ηνονικῆς
1208 3363 1514 3439 ἐπίπροσθεν
1599 3359 1877 3429 διατάξεως
1953 3368 2049 3434 τὴν
2104 3375 2210 3426 τῶν
2267 3367 2471 3424 οἰκείων
2529 3364 2861 3444 ἐκπλήρωσιν
2933 3363 3248 3440 θελημάτων
3303 3364 3556 3440 τιθέμενοι
3589 3383 3602 3398 °
3677 3367 3752 3429 ὡς
3807 3364 3842 3433 ἢ

469 3450 559 3506 τοῦ
642 3447 940 3530 ἀμαράντου
1022 3448 1250 3514 κάλλους
1326 3449 1643 3527 ἡττώμενοι,
1725 3453 1760 3521 ἣ
1818 3453 2025 3529 πλούτῳ
2082 3464 2158 3534 τῷ
2211 3456 2379 3536 ῥέοντι
2455 3455 2808 3534 ὑπαγόμενοι,
2866 3453 2902 3522 ἢ
2971 3455 3059 3512 καὶ
3128 3455 3310 3533 γένους
3380 3455 3623 3534 ὑπεροχῇ
3674 3453 3841 3536 ὑφελ-

473 3559 687 3614 κομενοι
698 3588 712 3602 ,

545 3625 757 3688 Nostra
815 3626 992 3706 igitur
1047 3648 1073 3680 ιι
1124 3627 1472 3709 moderatio,
1523 3630 1732 3710 partim
1795 3650 1900 3712 pro
1923 3633 2120 3696 divina

470 3715 602 3792 lege
633 3714 1257 3795 propugnans,partim
1281 3716 1625 3796 hujnsmudi
1657 3717 1983 3782 facinorum
2019 3741 2120 3802 pa-

472 3813 705 3868 ternam
762 3819 963 3867 curam
1015 3803 1199 3865 habes
1231 3822 1243 3866 :
1280 3805 1352 3864 iis
1400 3805 1558 3866 enim
1605 3805 1884 3871 divinitus
1912 3811 2117 3871 immi-

479 3903 606 3972 net,
639 3903 700 3952 ut
723 3891 1141 3954 inobedientiaa
1164 3892 1325 3966 ﬁliis,
1359 3893 1749 3958 intolerabilis
1773 3899 1883 3970 ira,
1918 3909 1980 3960 ut
2007 3920 2114 3961 au-

473 3992 593 4044 tem
625 3982 830 4043 horam
865 3980 1181 4060 aliquando
1214 3992 1274 4042 et
1305 3980 1478 4044 ambo
1518 3983 1655 4045 talia
1685 3989 2118 4050 committentes

476 4071 688 4133 mortis
711 4069 904 4150 gladio
930 4069 1369 4142 exscindantur,
1386 4084 1484 4132 aut
1518 4091 1623 4152 per
1645 4089 1894 4138 mortem
1918 4078 2115 4138 omni-

475 4179 555 4220 no
579 4160 731 4222 alter
760 4157 832 4220 ab
879 4161 1065 4219 altero
1124 4169 1457 4240 separetur,
1494 4163 1646 4240 quod
1684 4163 1831 4226 tales
1873 4167 2112 4245 nuptiae,

2285 3627 2348 3693 Ἠ
2411 3635 2578 3691 τοίνυν
2634 3635 2916 3712 μετριότης
2957 3635 3112 3708 ἡμῶν
3168 3643 3321 3692 τοῦτο
3383 3632 3503 3712 μὲν,
3561 3639 3654 3688 τοῦ
3705 3632 3844 3689 θείου

2202 3723 2364 3799 νόμου
2407 3726 2786 3803 ὑπερμαχοῦσα
2829 3729 2984 3780 τοῦτο
3016 3721 3095 3802 δὲ,
3163 3724 3250 3779 καὶ
3301 3727 3405 3779 τῶν
3461 3719 3580 3779 οῦτο
3633 3728 3784 3778 τοῦτο
3810 3721 3844 3770 8

2198 3810 2653 3888 κατατολμώντων
2721 3817 2988 3891 πατρικῶς
3076 3808 3348 3887 κηδομένη
3436 3808 3671 3890 (ἔρχεται
3741 3811 3840 3888 γὰρ

2202 3901 2285 3957 ἐπ’
2317 3901 2498 3966 αὐτοὺς
2537 3899 2591 3974 9,
2623 3903 2694 3965 ὡς
2723 3901 2863 3964 υἱοὺς
2923 3900 3240 3972 ἀπειθείσας,
3298 3899 3470 3955 θεόθεν
3537 3898 3670 3976 ὀργὴ
3740 3897 3839 3953 ἀν-

2199 3991 2510 4060 υπόστατος,
2573 3991 2644 4053 ὡς
2699 3991 2800 4068 πρὸ
2855 3988 2995 4068 ὥρας
3063 3987 3204 4044 ἔστιν
3261 3989 3320 4044 οῦ
3375 3989 3462 4044 καὶ
3521 3984 3679 4066 ἄμφω
3719 3987 3840 4050 τοῦς

2197 4079 2505 4161 δεδρακότας
2561 4087 2775 4137 τοιαῦτα
2830 4087 2907 4155 τῷ
2962 4082 3053 4137 τοῦ
3119 4079 3340 4137 θανάτου
3397 4077 3526 4158 ξίφει
3585 4077 3838 4152 ἐκτέμνε-

2199 4174 2338 4244 σθαι,
2399 4169 2434 4238 ﬁ
2506 4170 2713 4234 πάντως
2770 4170 2978 4249 θάτερον
3034 4179 3126 4229 τοῦ
3215 4169 3388 4249 ἐτέρου
3447 4165 3841 4225 ἀποδιίστασθαι

477 4267 595 4309 non
621 4249 738 4309 sint
768 4247 1008 4336 nuptiae,
1043 4246 1147 4308 sed
1187 4249 1525 4328 nuptiarum
1557 4249 1980 4315 dissolutiones
2014 4276 2026 4317 :
2061 4263 2114 4315 et

2200 4257 2285 4314 διὰ
2311 4258 2534 4316 θανάτου
2563 4258 2639 4320 l0.
2705 4248 2832 4316 "Ott.
2891 4246 3027 4334 μηδέ
3083 4259 3254 4336 γάμος
3303 4246 3339 4314 V6
3381 4259 3612 4319 τοιοῦτος
3644 4257 3838 4334 γάμος,

480 4337 614 4399 talis
662 4335 1026 4416 conjunctio,
1087 4337 1379 4417 separatio
1421 4338 1617 4418 potius
1659 4349 1714 4401 et
1745 4342 2028 4416 exitium;
2062 4350 2114 4404 et

2205 4346 2341 4404 ἀλλά
2411 4349 2584 4429 γάμου
2640 4346 2923 4412 κατάλυσις
2959 4368 2973 4381 ·
3046 4335 3134 4405 καὶ
3188 4351 3222 4415 ἡ
3293 4347 3508 4413 τοιαύτη
3568 4347 3834 4428 συνάφεια,

477 4428 616 4490 talis
646 4425 1038 4501 conversatio,
1076 4429 1302 4488 eversio
1346 4428 1540 4506 potius
1562 4437 1618 4490 et
1645 4429 1940 4496 interitus.
1979 4433 2114 4494 Pul-

2204 4425 2469 4500 διάστασις
2517 4435 2719 4510 μᾶλλον
2779 4439 2865 4493 καὶ
2933 4435 3145 4514 ὄλεθρος
3177 4456 3190 4470 ⁸
3253 4437 3337 4493 καὶ
3377 4437 3412 4503 ἡ
3481 4425 3721 4504 τοιαύτη
3760 4435 3844 4494 ἐιὰ

470 4515 826 4581 chritudinis
854 4515 1030 4577 etiam
1061 4515 1468 4596 fruitio,hujus
1498 4517 1629 4579 vitae
1659 4519 2114 4584 dissolutiones:

2202 4525 2374 4601 γάμου
2432 4525 2848 4605 συναναστροφὴ,
2934 4526 3272 4604 καταστροφὴ
3347 4523 3549 4599 μᾶλλόν
3592 4525 3700 4581 ἐστι
3753 4528 3843 4582 καὶ

472 4605 710 4687 generis
736 4605 1371 4680 exaltatio,destructio
1403 4607 1618 4686 potius,
1642 4619 1699 4673 et
1727 4608 1786 4670 iu
1819 4609 2114 4673 infernum

2201 4612 2440 4670 ἀπώλεια
2481 4633 2496 4648 °
2569 4613 2604 4682 ἧ
2660 4623 2750 4674 τοῦ
2805 4613 3028 4679 κάλλους
3105 4614 3414 4685 ἀπόλαυσις,
3502 4621 3595 4671 τοῦ
3665 4613 3840 4670 ἐνθάδε

469 4697 695 4759 ducens
719 4695 866 4757 viam
893 4716 908 4776 ;
945 4703 1000 4757 et
1023 4694 1362 4757 divitiarum
1391 4698 1650 4771 satietas,
1688 4715 1892 4759 eorum
1920 4700 2114 4780 potius

2197 4703 2311 4779 βίου
2340 4701 2593 4768 ἀπόλυσις
2630 4719 2644 4734 ’
2688 4701 2724 4770 ἧ
2761 4725 2821 4760 τε
2875 4711 2965 4761 τοῦ
3007 4703 3187 4782 γένους
3243 4703 3539 4783 ἀνύψωσις,
3594 4706 3840 4782 καθαίρε-

471 4802 604 4866 quae
660 4791 1013 4865 cernuntur,
1049 4783 1296 4864 privatio
1339 4784 1604 4845 constitit
1632 4790 1674 4860 ν,
1720 4794 1964 4868 propter
1993 4789 2114 4850 haec

2201 4814 2280 4855 σις
2312 4790 2514 4868 μᾶλλον
2562 4792 2649 4849 καὶ
2691 4790 2810 4855 ὁδὸς
2867 4794 2938 4858 εἰς
3009 4790 3142 4865 ᾅδην
3211 4792 3486 4870 ἀπάγουσα
3517 4791 3568 4843 ίί
3601 4809 3615 4824 ⁸
3688 4793 3774 4848 καὶ
3803 4794 3838 4860 ἡ

468 4874 650 4954 igitur
681 4873 1008 4935 moderatio
1061 4881 1283 4947 nostra,
1313 4891 1446 4934 cum
1496 4885 1875 4937 sacrosancta
1905 4875 2114 4939 frater—

2200 4887 2298 4937 ταῦ
2339 4879 2565 4939 πλούτου
2599 4879 2892 4959 πλήρωσις,
2953 4886 3060 4938 τῶν
3111 4879 3392 4960 ὁρωμένων
3449 4879 3652 4957 μᾶλλον
3705 4883 3836 4937 καθ-

479 4963 689 5044 nitate,
718 4964 927 5025 factam
962 4982 995 5025 a
1019 4963 1391 5026 sanctissimo
1423 4963 1754 5042 patriarcha
1774 4965 2016 5027 domino
2042 4972 2114 5028 Λ-

2205 4969 2395 5036 έστηκε
2425 4969 2724 5050 στέρησις.)
2783 4971 2881 5026 Διά
2908 4979 3031 5049 γοῦν
3066 4976 3229 5026 ταῦτα
3258 4971 3294 5039 ἡ
3349 4973 3632 5049 μετριότης
3658 4969 3836 5046 ἡμῶν,

473 5052 627 5116 lexio
658 5052 998 5134 synodalem
1031 5051 1532 5135 diSpensationem
1557 5053 1616 5114 in
1669 5055 1889 5136 nuptiis
1934 5055 2114 5136 septi-

2205 5059 2338 5134 μετὰ
2391 5063 2489 5126 τῆς
2554 5060 2694 5137 ἱερᾶς
2749 5057 3127 5140 ἀδελφότητος,
3185 5057 3286 5126 τὴν
3359 5071 3645 5138 γεγονυῖαν
3699 5059 3839 5138 παρὰ

1803 5221 2057 5287 νΑιιυΕ
2088 5222 2519 5291 LECTIONES.

562 5365 595 5416 Ξ
620 5367 1019 5458 στρεφομένουςέ
1065 5451 1077 5458 μ
1102 5369 1521 5458 ὃᾼσυναλλαΔγάς.
1571 5453 1581 5458 Δ
1608 5369 1641 5420 4
1665 5372 1755 5458 {ini
1783 5375 1876 5430 τοῦ
1893 5372 2055 5458 ,ἕκτου
2084 5375 2307 5458 βαθμοῦΔ
2337 5373 2389 5440 ἐξ
2419 5372 2675 5452 αἵματος.
2758 5375 2792 5428 5
2818 5374 2870 5432 εἴ
2891 5395 2975 5454 γε.
3059 5373 3093 5425 θ
3119 5376 3457 5447 συστήσαιεν,
3541 5376 3572 5427 τ
3598 5377 3840 5458 νενόητο,

473 5447 611 5506 οὕτω
637 5447 844 5512 τούτου.
933 5448 966 5500 9
999 5450 1083 5508 ἐπὶ
1111 5451 1274 5516 υἱούς.
1361 5447 1425 5494 ¹⁰⁷
1453 5453 1656 5526 θανάτῳ
1685 5450 1991 5514 διίστασθαι.
2077 5447 2125 5497 (ί
2169 5447 2491 5534 κατάγουσα,

549 5609 576 5642 ι
602 5591 1030 5660 mediaoritati.
1063 5607 1085 5636 ³
1121 5595 1416 5675 siquidem
1447 5596 1517 5674 ii,
1550 5598 1654 5676 qui
1672 5605 1904 5661 coeunt.
1940 5594 2353 5665 ‘intellectum
2382 5607 2486 5666 sit.
2516 5609 2545 5643 ιι
2573 5604 2980 5670 mediocritas.
3007 5610 3033 5644 ν
3058 5605 3341 5670 exsistit:
