4192 6220
350 317 465 389 7'73

348 473 440 524 τοῦ
495 466 794 544 ἆγιωτάτου
853 467 1182 549 πατριάρχου
1277 467 1452 548 κυρίου

351 552 534 622 οδικὴν
566 553 619 598 η
649 557 950 631 οἰκονομίαν
981 557 1065 614 ἐπὶ
1094 565 1171 633 τῷ
1202 557 1260 608 ⁸³
1287 559 1461 636 ῥητῶς
1493 556 1579 614 ἐπὶ
1609 579 1699 615 του
1730 556 2004 614 πολιτικοῦ

352 644 517 720 νόμου
547 644 625 720 μὴ
673 643 954 702 κωλυθέντι
1014 646 1098 703 ἐπὶ
1167 657 1260 707 τοῦ
1289 648 1340 713 ἐξ
1369 647 1427 697 η
1479 646 1709 723 α’ῗματος
1784 644 2002 719 ἑϐδόμου

352 734 556 810 βαθμοῦ
605 733 764 812 γάμῳ
792 732 868 815 ‘5,
943 736 1079 810 μήτε
1135 740 1374 816 καθαρῶς
1459 735 1818 815 ἐπιτραπέντι,
1881 757 2004 812 κρα-

353 824 576 880 τύνουσα
645 823 734 878 καὶ
811 825 1145 904 στηρίζουσα,
1227 827 1315 882 καὶ
1385 829 1501 883 οἷον
1580 824 2005 906 ἐφερμηνούουσά

355 931 411 968 τε
440 912 528 967 καὶ
571 912 923 991 σαφηνίζουσα
957 927 972 943 ·
1007 914 1118 986 ἅμα
1169 911 1223 970 δὲ
1253 916 1341 971 καὶ
1382 916 1443 971 τὸ
1498 921 1602 972 τῶν
1659 913 1872 972 πολλῶν
1904 937 2001 970 και

359 997 580 1077 κοῦργύν
640 1021 699 1056 τε
757 1002 844 1058 καὶ
915 1003 1184 1082 περίεργον
1253 1003 1663 1084 περικόπτουσα,
1732 1005 1817 1060 καὶ
1888 1006 2004 1060 οἷον

357 1086 419 1143 lx
445 1086 592 1164 ῥίζης
635 1087 800 1156 αὐτῆς
830 1089 1146 1171 ἀνασπῶσαι,
1171 1091 1264 1148 Ἵνα
1307 1092 1384 1167 μὴ
1437 1093 1524 1148 καὶ
1580 1091 1656 1150 ἔτι
1688 1090 1740 1134 Ῑθ
1766 1115 2004 1172 παρανο-

361 1176 484 1250 μίας
542 1175 847 1254 ἒξανατείλῃ
938 1177 1316 1256 βλαστήματα,
1391 1181 1480 1237 καὶ
1573 1181 1729 1238 τέκνα
1772 1181 2006 1258 μωμητὰ

356 1261 650 1342 πληθυνθῇ,
697 1267 785 1322 καὶ
832 1268 932 1323 υἱοὶ
972 1274 1079 1325 τῶν
1122 1270 1272 1326 θείων
1330 1270 1506 1346 νόμων
1566 1268 1858 1338 αὐξηθῶσιν
1903 1268 2003 1326 ἆλ-

357 1353 555 1429 λότριοι
602 1371 617 1386 ⁸
651 1357 743 1413 τὸν
767 1359 829 1414 ἔκ
855 1366 948 1417 τοῦ
975 1360 1213 1418 τοιούτω
1243 1363 1414 1441 γάμον
1489 1363 1690 1439 βαθμοῦ
1743 1365 1803 1420 οὐ
1845 1367 2007 1439 μόνον

359 1441 704 1521 ἱρωτώμενον
767 1445 1065 1527 προϐαίνειν
1116 1449 1328 1527 κωλύει,
1405 1451 1542 1508 ἀλλὰ
1572 1454 1658 1508 καὶ
1712 1453 1812 1532 πρὸ
1870 1453 2004 1532 ἐρω-

357 1533 569 1602 τήσεως
600 1536 954 1613 γεγενημένον
1025 1537 1336 1598 διασπᾶσθαι
1380 1539 1738 1598 διακελεύεται
1775 1558 1788 1571 ·
1862 1565 2004 1598 παν-

358 1619 490 1711 τελῆ
560 1621 654 1682 τοῦ
704 1625 942 1684 τοιούτω
1028 1629 1202 1706 γάμου
1275 1631 1458 1709 ἀργίαν
1530 1631 2006 1711 καταψηφιζομένη

1688 319 2381 392 ϐΡιᾸζΕΟ-ΒΟΜΑΝΗΜ

3613 325 3737 392 774

1548 465 1780 534 Ἀλεξίου
1881 489 1996 524 συνε-

2102 459 2160 520 ni
2190 460 2408 539 gradus
2438 461 2806 542 cognationis
2855 461 3205 526 nominatim
3264 483 3382 526 non
3420 461 3736 545 prohibitis

2086 547 2219 628 lege
2251 549 2634 632 civili,neqne
2659 551 2967 613 manifeste
2990 554 3323 633 permissis,
3344 551 3736 614 corroborans

2086 645 2144 700 et
2175 638 2436 719 ﬁrmans,
2473 658 2541 701 ac
2568 640 2749 701 veluti
2790 645 3187 720 interpretans
3211 652 3268 704 et
3297 642 3625 714 declarans,
3659 639 3736 700 si-

2087 727 2208 787 mul
2243 727 2415 789 etiam
2449 731 2774 791 multorum
2808 730 3072 792 fraudem
3130 741 3188 793 et
3217 731 3534 793 versutiam
3565 746 3736 790 rese-

2089 833 2251 888 cans,
2288 825 2345 878 et
2367 818 2533 897 quasi
2555 817 2625 879 ad
2649 817 2850 880 radice
2873 819 3308 900 exstirpans,ne
3331 819 3463 880 ulla;
3483 816 3738 898 amplius

2087 902 2417 985 iniquitatis
2464 907 2804 968 emriantur
2837 908 3197 988 propagines
3226 916 3285 968 et
3315 906 3736 989 reprehensio-

2091 1011 2227 1054 nem
2293 994 2664 1057 merentibus
2726 995 2931 1057 liberis
3008 995 3343 1078 respublica
3402 995 3737 1075 impleatur,

2089 1081 2469 1163 ﬁliorumque
2489 1101 2522 1144 a
2544 1082 2760 1144 divinis
2782 1083 3013 1163 legibus
3033 1085 3365 1146 alienorum
3385 1091 3613 1147 crescat
3634 1102 3736 1144 nuo

2089 1188 2292 1232 merus
2327 1192 2339 1229 ε
2379 1173 2616 1251 nuptias
2649 1171 2888 1253 septimi
2919 1174 3136 1250 gradus
3167 1193 3285 1234 non
3317 1173 3506 1234 solum
3539 1181 3736 1253 postu-

2089 1257 2234 1319 latas
2266 1260 2592 1337 procedere
2637 1267 2815 1333 νιιιιιῑ,
2874 1261 2979 1322 sed
3032 1269 3090 1322 et
3117 1270 3251 1322 ante
3279 1260 3733 1341 postulationem

2089 1355 2420 1408 contractas
2451 1347 2699 1410 distrahi
2721 1348 2894 1426 jubet
2923 1369 2935 1410 :
2971 1350 3046 1409 ab
3072 1349 3360 1410 hodierno
3393 1348 3491 1410 die
3513 1349 3732 1410 discer-

2088 1445 2330 1509 nens,ut
2349 1436 2524 1515 hujus
2550 1435 2708 1497 modi
2738 1435 2956 1516 nuptiae
2983 1436 3228 1498 omnino
3251 1436 3382 1499 ﬁeri
3403 1436 3676 1498 desinant
3713 1458 3728 1494 ;

2089 1543 2221 1604 quae
2251 1534 2451 1586 autem
2489 1525 2612 1604 jam
2674 1525 2842 1587 facta:
2888 1533 3044 1606 sunt,
3081 1544 3325 1588 manere
3354 1524 3606 1588 debeant
3637 1527 3736 1586 in-

2089 1611 2352 1674 divulsaa.
2387 1612 2499 1685 Qui
2534 1613 2708 1690 igitur
2758 1612 2904 1674 tales
2957 1614 3191 1692 nuptias
3221 1613 3293 1675 ab
3326 1614 3440 1675 hoc
3473 1621 3740 1695 tempore

361 1709 468 1765 ἀπὸ
531 1716 631 1778 τῆς
705 1715 937 1794 σήμερον
971 1732 985 1747 ⁸
1033 1718 1139 1774 τῶν
1198 1720 1505 1800 φθασάντων
1559 1719 1795 1797 γενέσθαι
1840 1720 2009 1777 τοιού-

2102 1701 2442 1762 contrahere
2473 1701 2600 1762 ausi
2657 1700 2900 1774 fuerint,
2936 1719 3052 1762 non
3100 1710 3322 1763 tantum
3355 1721 3457 1762 sua
3487 1702 3739 1764 frustra-

362 1817 468 1854 των
528 1799 739 1877 γάμων,
794 1803 970 1876 μένειν
1038 1807 1247 1874 πάντως
1344 1806 1662 1888 ὀφειλόντων
1744 1806 2006 1865 ἆδιασπά-

363 1905 530 1946 στων.
602 1889 674 1946 Τὸ
730 1899 854 1968 γοῦν
905 1891 1011 1949 ἀπὸ
1058 1893 1202 1954 τοῦδε
1274 1897 1320 1953 oi
1395 1903 1628 1953 τοιοῦτον
1685 1897 1856 1974 γάμον
1913 1920 2011 1953 συ-

366 1978 555 2042 στῆναι
585 1975 967 2055 τολμήσοντες,
1040 1986 1100 2041 οὐ
1168 1985 1331 2059 μόνον
1398 1993 1489 2042 τοῦ
1562 1986 1751 2042 οἰκείου
1810 1993 2009 2043 σκοποῦ

367 2060 610 2138 οὐδαμῶς
640 2064 1045 2145 ἀπολαύσουσιν,
1078 2070 1215 2129 ἀλλὰ
1242 2076 1329 2131 καὶ
1369 2075 1503 2149 μετὰ
1557 2081 1656 2142 τῆς
1708 2082 1800 2132 τοῦ
1831 2077 2010 2132 τοιού-

297 2157 301 2161 ’
365 2172 457 2244 του
500 2152 940 2244 ἶυναλλᾶγματος
996 2158 1326 2226 διασπάσεως
1357 2211 1374 2244 ,
1431 2166 1518 2220 καὶ
1573 2164 1850 2242 ἀφορισμῷ
1903 2188 2009 2220 κα-

367 2238 878 2332 θυποοέληθήσονται,
941 2250 1014 2313 ὡς
1075 2238 1372 2329 συγγενικὰ.
1413 2238 1734 2332 συγχέοντες
1767 2238 2006 2328 α’ίματα,

366 2329 455 2386 καὶ
510 2331 584 2422 ᾡς
643 2339 734 2389 τοῦ
790 2337 1048 2414 παρόντος
1116 2337 1388 2399 συνοδικοῦ
1455 2329 1675 2419 ὁρισμοῦ
1743 2363 2014 2422 καταφρο-

366 2419 523 2484 νηταί
557 2438 571 2453 ⁶
660 2421 713 2478 οἵ
786 2444 842 2479 τε
875 2438 990 2492 τοῖς
1022 2426 1159 2484 οὕτω
1205 2427 1578 2488 συναλάττουσι
1605 2430 2008 2503 συναινέσοντες,

369 2509 652 2598 αὐστηρίας
737 2520 1018 2581 κανονικῆς
1082 2519 1504 2596 πειραθήσονται,
1568 2521 1654 2574 καὶ
1708 2521 1754 2575 οἱ
1811 2517 2012 2598 ἱερολο-

368 2599 532 2672 γῆσαι
574 2597 930 2675 τολμήσοντες
960 2606 1260 2684 καθαιρέσει
1289 2605 1766 2677 ῦποϐληθήσονται,

453 2687 626 2742 Ταῦτα
687 2688 791 2746 ἀπὸ
847 2698 954 2748 τῶν
1022 2692 1304 2751 συνοδικῶν
1359 2695 1648 2776 σχεδαρίων
1706 2694 2014 2768 παρεκϐλη-

369 2772 543 2849 θέντα,
591 2782 661 2850 τῇ
690 2779 938 2858 σφραγῖδί
964 2802 1022 2838 τε
1073 2785 1158 2840 καὶ
1201 2785 1480 2865 ὑπογραφῇ
1533 2793 1625 2841 τοῦ
1692 2786 2014 2862 τιμιωτάτο)

369 2861 748 2942 ἀρχιδιακύνου
785 2871 872 2924 καὶ
919 2861 1348 2952 χαρτοφύλακοςή
1386 2861 1485 2940 τῆς
1555 2875 1860 2952 ἁγιωτάτης
1929 2883 2022 2932 τοῦ

374 2957 507 3010 Θεοῦ
572 2954 814 3032 μεγάλης
888 2955 1206 3026 Ἐκκλησίας

2092 1787 2314 1850 buntur
2372 1789 2504 1869 ipsi,
2541 1789 2644 1850 sed
2701 1799 2759 1850 et
2815 1809 2950 1850 cum
3001 1791 3178 1869 hujus
3211 1791 3368 1852 modi
3398 1799 3739 1852 contractus

2091 1875 2479 1938 dissolutione
2508 1876 3112 1939 excommunicationi
3141 1878 3554 1957 subjicientur,
3580 1879 3740 1938 velut.

2091 1964 2458 2042 cognationis
2480 1965 2867 2044 sanguinem"
2888 1965 3412 2042 confundentes,et
3426 1966 3736 2046 praesentis

2094 2053 2388 2133 synodicae
2409 2055 2773 2115 deﬁnitionis
2826 2063 3287 2136 contemptores,
3321 2055 3370 2115 si
3399 2055 3602 2130 etiam,
3637 2055 3737 2136 qui

2095 2159 2234 2202 eum
2259 2151 2629 2204 contractum
2683 2141 3028 2204 ineuntibus
3049 2161 3404 2204 consensum
3439 2143 3731 2224 praestite-

2099 2233 2241 2302 rint,
2275 2242 2652 2296 severitatem
2704 2235 3049 2296 canonicam
3104 2235 3503 2315 experientur,
3553 2244 3610 2296 et
3640 2234 3740 2316 qui

2097 2339 2324 2384 sacram
2358 2321 2836 2385 benedictionem
2869 2323 3068 2386 facere
3110 2324 3238 2385 ausi
3271 2325 3514 2405 fuerint,
3548 2324 3740 2405 depo—

2097 2410 2302 2473 sitioni
2328 2409 2744 2490 subjiciuntur.

2177 2675 2313 2739 Hzec
2365 2698 2430 2740 ex
2484 2677 2784 2759 synodicis
2832 2678 3123 2740 chartulis
3171 2677 3417 2760 prolata,
3462 2678 3656 2758 sigillo
3688 2687 3748 2741 et

2107 2766 2542 2847 subscriptione
2570 2767 2628 2827 in
2663 2766 2870 2847 primis
2900 2767 3225 2829 venerandi
3253 2767 3656 2830 archidiaconi
3689 2777 3748 2829 et

2107 2856 2574 2936 chartophylacis
2625 2855 3011 2917 sanctissimae
3055 2875 3279 2934 magna:
3334 2857 3442 2917 Dei
3480 2857 3749 2919 ecclesiae

1319 2963 1554 3032 σύνήθως
1639 2961 2012 3040 βεϐαιωθέντα,

2105 2962 2212 3024 pro
2245 2963 2408 3006 more
2439 2945 2804 3025 conﬁrmata,
2836 2943 2969 3004 data
3003 2953 3138 3005 sunt
3159 2963 3361 3006 mense
3385 2954 3442 3006 et
3463 2945 3745 3007 indictio-

374 3037 770 3133 ἐπεδόθηᾲμηνὶ.
797 3047 884 3133 καὶ
943 3045 1250 3124 ἐπινεμήσει
1322 3065 1439 3114 τοῖς
1497 3032 2012 3133 προγεγραμμένοις

2102 3052 2176 3132 ne
2204 3050 2385 3133 supra
2415 3033 2673 3114 scriptis,
2735 3032 2876 3133 anni
2937 3032 3134 3133 6674._
3154 3034 3544 3133 tit-ii'tophylax
3574 3053 3748 3096 sane--

371 3125 519 3220 ἔτους
550 3123 789 3212 τςχοδ’.
829 3123 884 3192 Ὀ
917 3123 1250 3216 χαρτοιρύλαξ
1304 3141 1403 3206 τῆς
1434 3123 1742 3219 ἁγιωτάτης
1770 3123 2016 3220 μεγάληξ

374 3215 694 3311 ἐκκλησίας
730 3224 818 3278 καὶ
892 3215 1264 3305 ἀρχιδιάκονος
1324 3215 1573 3297 Ἰωάννης
1626 3231 1654 3285 ὁ
1723 3215 2016 3311 ’Λγιοφλω-

375 3304 546 3402 ρίτης.
594 3309 892 3402 ὑπέγραψε.

376 3399 460 3454 8⁷.
539 3419 568 3452 α
616 3402 740 3479 Περὶ
803 3399 1072 3485 κληρικῶν
1140 3421 1426 3482 κοσμικαῖς
1510 3407 1722 3474 ἑαυτοὺς
1778 3408 2020 3485 συμπλε-

901 3483 1104 3540 κόντων
1161 3487 1415 3566 φροντίσι,
1467 3512 1494 3544 ι

460 3566 532 3624 Τὸ
581 3569 866 3658 σημείωμα
949 3579 1041 3630 τοῦ
1097 3576 1392 3653 ἁγιωτάτου
1461 3579 1793 3658 πατριάρχου
1849 3580 2024 3658 κυρίου

381 3659 555 3749 ρουκᾶ
599 3657 716 3739 ἔχει
801 3661 967 3749 οῦτως
1003 3683 1016 3698 ο
1068 3669 1208 3734 Μηνὶ
1267 3657 1658 3749 Δεκεμϐρίῳίῆ
1694 3657 1881 3749 θήμέρᾳ
1919 3657 2022 3732 λα’.

379 3743 743 3822 ἐπινεμήσεως
772 3751 834 3825 ς’
839 3742 876 3814 ⁸,

462 3835 520 3892 Εἰ
549 3838 637 3894 καὶ
707 3839 861 3911 Ὀζᾶν
918 3842 1148 3919 ἐκεῖνος,
1219 3848 1318 3914 τῆς
1371 3848 1510 3912 θείας
1568 3844 1795 3904 κιϐωτοῦ
1848 3869 2026 3925 παρα-

382 3927 672 4016 τραπείσης
699 3927 993 4005 ἁψάμενος,
1045 3938 1106 3993 οὐ
1169 3939 1352 4015 μικρὸν
1421 3937 1700 4016 κατεκρίθη
1787 3937 1848 3993 τὸ
1903 3935 2024 3992 ἐπι-

382 4013 555 4104 τίμιον
589 4033 605 4048 ο
677 4017 846 4074 καίτοι
921 4023 1118 4088 σκοπὸς
1176 4013 1273 4094 ἦνή
1333 4025 1475 4100 αὐτῴ
1543 4013 1674 4104 πρὸς
1743 4025 2028 4103 ἀνόρθωσιν

385 4101 609 4172 ταύτης,
671 4107 731 4163 οὐ
791 4110 922 4187 πρὸς
981 4113 1274 4192 καθαίρεσιν
1311 4131 1325 4146 ’
1390 4115 1468 4177 τίς
1527 4112 1664 4171 οὕτω
1738 4113 2030 4194 τολμηρὸς,

382 4191 591 4284 »φὶ-είς
647 4191 887 4276 ἐσχάτην
940 4191 1201 4260 ἀναίδειαν
1257 4205 1344 4260 καὶ
1438 4203 1792 4284 ὑπερηφανίαν
1863 4191 2033 4268 ἐξενεὲ

2102 3121 2344 3182 ιίεείηιω
2370 3140 2593 3201 magnae
2623 3121 2896 3182 ecclesiae
2927 3129 2985 3182 et
3015 3121 3470 3184 archidiaconus
3491 3125 3751 3186 Joannes

2097 3206 2501 3292 Hagioﬁorita,
2534 3209 2905 3290 subscripsit.

2105 3385 2180 3449 Il.
2215 3385 2298 3449 De
2318 3385 2552 3449 clericis
2597 3404 2658 3449 se
2708 3386 3176 3450 immiscentibus
3205 3386 3605 3450 saecularibus
3636 3405 3748 3450 ne-

2822 3469 3027 3549 gotit's.

2188 3567 2565 3648 Subsignatio
2595 3569 2954 3631 sanctissimi
2987 3569 3332 3650 patriarcha:
3371 3568 3596 3631 domini
3627 3570 3750 3632 Lu-

2107 3677 2192 3719 ca;
2218 3659 2304 3719 sic
2330 3658 2506 3718 habet
2537 3676 2551 3720 :
2589 3658 2788 3720 Mense
2826 3657 3162 3735 Decembri,
3190 3658 3228 3721 8
3260 3658 3381 3734 die,
3419 3661 3441 3720 l
3480 3657 3751 3720 indictio-

2109 3747 2330 3810 ne6Y.

2187 3835 2252 3896 Si
2283 3844 2341 3896 cl.
2361 3833 2518 3898 Ozan
2551 3833 2672 3908 ille,
2701 3834 2801 3916 qui
2825 3834 3080 3897 divinam
3109 3853 3329 3911 arcam,
3364 3855 3496 3917 quae
3519 3844 3750 3899 everte-

2111 3922 2312 3998 batur,
2345 3925 2554 4002 attigit,
2617 3942 2733 3984 non
2792 3925 2956 4004 pario
3010 3925 3301 4006 supplicio
3334 3929 3582 3988 aﬂ'ectus
3613 3934 3704 3989 est
3739 3943 3753 3987 :

2113 4013 2412 4094 atquiejus
2449 4021 2610 4074 eratz
2634 4013 2956 4074 institutam
2981 4013 3142 4076 illam
3175 4014 3430 4092 erigere,
3463 4036 3580 4078 non
3615 4034 3755 4096 per-

2115 4103 2258 4164 dere
2283 4122 2296 4165 :
2321 4102 2452 4183 quis
2489 4110 2578 4162 est
2611 4105 2759 4164 adeo
2779 4107 2991 4176 audax,
3021 4115 3074 4164 et
3107 4104 3178 4164 ad
3213 4113 3536 4166 extremam
3568 4123 3756 4185 usque

2116 4191 2541 4272 impudentiam
2559 4193 3075 4274 arrogantiamque
3112 4193 3485 4268 elatus,malu
3513 4198 3756 4256 omnino

385 4280 556 4358 χθεὶς,
609 4285 869 4359 πνεύματι
929 4289 1140 4348 πάντως
1199 4291 1458 4369 ἀγόμενος
1517 4280 1734 4368 πονηρῷ
1768 4309 1782 4324 ⁸
1840 4291 1896 4354 ὃς
1955 4292 2017 4366 μ’)

2117 4282 2326 4361 spiritu
2352 4284 2584 4357 ductus,
2612 4282 2713 4360 qui
2761 4301 2880 4342 non
2939 4283 3129 4343 solum
3174 4301 3290 4343 non
3323 4285 3444 4344 vult
3473 4283 3668 4344 divina
3702 4289 3760 4343 et

385 4369 548 4444 μόνον
617 4371 712 4429 οὐκ
765 4373 1078 4456 ἐπανορθοῦν
1147 4382 1372 4460 αἱρεῖται
1432 4382 1496 4436 τὰ
1551 4385 1670 4437 θεῖα
1755 4380 1842 4436 καὶ
1884 4402 2036 4437 πνευ-

388 4460 586 4534 ματικᾶ
611 4457 964 4542 διατάγματα,
1033 4457 1314 4527 ἀλλὰκαὶ
1366 4471 1465 4538 τὴν
1536 4469 1771 4526 ἐναντίαν
1837 4469 2034 4548 τρεπό-

389 4567 574 4623 μενος,
618 4552 706 4606 καὶ
736 4554 1118 4632 παρασαλεύειν
1145 4558 1312 4615 ταῦτα
1341 4559 1428 4614 καὶ
1463 4561 1734 4637 καθαιρεῖν
1762 4555 2033 4614 ἀναιδεύε-

387 4659 498 4706 ται,
545 4639 633 4694 καὶ
683 4641 969 4720 παραλύειν
1036 4647 1101 4702 τὰ
1143 4647 1347 4725 παγίως
1405 4645 1730 4724 ἡδρασμένα,
1781 4646 1868 4701 καὶ
1925 4667 2034 4702 πα-

390 4738 624 4815 ρακινεῖν
694 4731 760 4786 τὰ
826 4729 1088 4790 ὁσάλευτα
1155 4733 1544 4812 ᾠκοδομημένα
1600 4735 1794 4815 (καθὼς
1854 4735 2032 4815 φῆσιν)

389 4811 476 4870 ἐπὶ
501 4822 579 4890 τῷ
620 4817 846 4894 θεμελίῳ
902 4822 1010 4878 τῶν
1056 4811 1365 4882 ἀποστόλων
1416 4811 1506 4882 καὶ
1558 4811 1880 4905 προφητιῖιιιι.⁷
1937 4811 2036 4881 Διᾶ

387 4910 544 4962 τοῦτο
571 4907 659 4962 καὶ
689 4910 723 4976 ἡ
752 4911 1047 4989 μητριότης
1117 4915 1290 4989 ἡμῶν,
1365 4918 1461 4974 οὐκ
1538 4913 1835 4993 ἀνασχετὸν
1889 4914 2034 4991 ἡγη-

389 4993 598 5068 σαμένη
627 4999 864 5077 πονηρὰν
922 5002 1205 5072 συνήθειαν
1229 5005 1316 5060 καὶ
1345 5001 1420 5060 ἔτι
1487 5015 1725 5081 κρατεῖν⁸
1781 5011 2039 5079 μιγνῦσαν

387 5084 508 5140 θεῖά
555 5104 614 5140 τε
697 5088 787 5145 καὶ
837 5087 1137 5168 ἀνθρώπινα
1165 5093 1252 5150 καὶ
1278 5098 1348 5170 τῇ
1369 5092 1465 5161 τῆς
1497 5088 1815 5158 Ε’κκλησίας
1869 5111 2035 5148 κατα-

392 5173 599 5252 στάσει,
629 5181 728 5246 τῆς
798 5176 1096 5257 ἀμωμήτου
1151 5181 1359 5265 νύμφης
1405 5188 1650 5263 Χριστοῦ,
1705 5176 1922 5243 σπίλους
1978 5183 2039 5240 οὐ

2120 4371 2406 4451 spiritalia
2437 4371 2708 4432 mandata
2731 4371 3096 4451 erigere,sed
3113 4376 3284 4433 etiam
3311 4372 3372 4432 in
3395 4372 3756 4434 contrarium

2119 4463 2580 4540 detorquens.ea
2603 4460 2955 4521 labefactare
2971 4478 3040 4522 ac
3054 4459 3365 4522 destruere
3385 4461 3761 4540 impudenter

2119 4549 2379 4626 molitur,
2413 4566 2598 4630 eaque
2632 4549 2982 4622 dissolvere,
3025 4567 3156 4628 quae
3186 4549 3355 4609 ﬁrme
3376 4567 3444 4609 ac
3472 4547 3763 4610 stabiliter

2117 4639 2306 4699 locata
2329 4647 2464 4699 sunt
2490 4655 2504 4700 :
2530 4647 2588 4699 et
2609 4655 2678 4698 ea
2699 4655 3235 4716 commovere,quae
3247 4637 3761 4718 conquassarinon

2118 4737 2365 4809 possunt
2398 4743 2412 4789 :
2448 4735 2510 4788 ut
2556 4744 2688 4807 quae
2728 4726 2848 4786 sint
2875 4725 3170 4789 aediﬁcata
3200 4731 3289 4805 (ut
3312 4725 3480 4787 aiunt
3506 4729 3553 4807 ⁸)
3587 4741 3767 4805 supra

2117 4816 2564 4878 fundamentum
2607 4815 3009 4894 apostolorum
3045 4823 3102 4875 et
3131 4814 3579 4894 prophetarum.
3613 4816 3763 4874 Pro-

2123 4915 2326 4986 pterea
2354 4914 2556 4966 nostra
2583 4922 2820 4984 quoque
2863 4903 3192 4965 moderatio
3221 4903 3267 4944 ι’
3301 4923 3420 4964 non
3449 4903 3764 4964 ferendum

2121 5011 2254 5056 esse
2283 5003 2427 5068 rata,
2489 4993 2702 5054 malam
2761 4991 3256 5054 consuetudinem
3297 4991 3491 5054 adhuc
3518 4991 3762 5054 servari.

2120 5101 2252 5165 quae
2279 5083 2478 5145 divina
2507 5092 2566 5144 et
2593 5085 2852 5144 humana
2870 5081 3200 5156 confundit,
3228 5091 3286 5143 et
3305 5079 3587 5146 Ecclesia;
3617 5097 3768 5162 (qua)

2119 5181 2210 5235 est
2239 5171 2312 5235 ab
2367 5172 2529 5234 omni
2575 5172 3048 5254 reprehonsione
3099 5171 3298 5234 aliena
3357 5172 3465 5236 Dei
3517 5169 3762 5254 Sponsa)

1744 5334 1996 5402 νΑιιΙιΕ
2025 5330 2464 5404 LECTIONES.

475 5451 528 5499 ¹³
554 5457 860 5528 συνοδικῶς.
948 5458 1002 5504 ¹³
1042 5462 1144 5520 ὑπὸ
1185 5469 1299 5527 τοῦ.
1384 5490 1442 5538 μ
1468 5459 1556 5520 ἰπὶ
1596 5463 1703 5516 τῶν
1729 5455 1806 5525 EE.

391 5668 563 5725 esset.
650 5682 676 5715 ι
701 5663 861 5727 sicut
892 5663 1242 5748 ille'inquit.
1327 5665 1376 5706 ι’
1404 5665 1820 5726 mediocritas.

1893 5455 1947 5500 ‘5
1975 5458 2186 5539 γάμων.

2271 5455 2326 5500 ίθ
2365 5455 2457 5515 ἵνα
2486 5455 2679 5532 μηκέτι
2733 5477 2930 5536 παραν.

473 5589 499 5624 ⁸
525 5587 844 5666 cognatum
869 5583 1260 5666 sanguinem.
1362 5596 1389 5666 ι
1415 5582 1643 5666 Mensis
1676 5579 2026 5645 Deccmbris
2053 5579 2154 5643 die
2185 5593 2308 5661 vni,
2341 5579 2498 5658 ferio
2519 5577 2751 5660 prima,
2783 5574 3110 5640 indictione
3133 5582 3329 5640 sexta.
3431 5582 3453 5614 ⁸
3483 5573 3616 5637 licet
3643 5573 3772 5654 eius
