4192 6220
235 977 453 1335 \j

483 324 602 390 779
1866 327 1898 390 J
1907 325 1998 389 US
2038 326 2482 391 CANONICUM
3743 323 3869 390 780

483 455 869 520 saecularibus
897 453 1145 535 negotiis
1173 454 1491 535 implicari,
1518 474 1648 537 qua
1679 455 2032 537 impediunt,
2063 476 2129 519 ne

2220 459 2512 537 ἀφορισμοῦ
2561 458 3002 537 ὑπεϐεὸλημένοι,
3048 461 3136 517 καὶ
3181 461 3280 528 τὴν
3335 460 3545 535 μείζονα
3587 457 3642 516 δὲ
3699 480 3863 515 κανο-

484 545 670 626 possit
699 543 1122 608 ecclesiasticis
1138 543 1402 631 negotiis
1416 562 1624 606 vacare
1645 543 1670 604 ?
1689 543 1979 608 Omnibus
1997 565 2129 626 ergo

2219 549 2378 613 νικὴν
2434 549 2718 630 αὖστηρίαν
2764 553 2824 609 οὗ
2894 547 3274 631 διαφεύξονται,
3331 549 3604 625 πράγμασι
3675 569 3869 621 κοσμι-

480 633 947 714 religiosissimis
998 631 1233 694 clericis
1289 631 1350 692 in
1383 630 1442 694 S.
1498 642 1702 694 sancto
1735 633 2129 715 praecipimus,

2218 651 2337 699 κοῖς
2382 639 2637 702 τοιούτοις
2669 630 3022 713 ἐμπλέκοντες
3054 639 3293 702 ἑαυτούς,
3354 636 3485 694 Ἐπὶ
3549 636 3714 707 τούτῳ
3766 637 3867 714 γὰρ

480 739 536 784 ut
575 721 648 783 ab
679 722 774 796 iis,
831 739 960 801 qua:
1015 719 1173 782 dicta
1201 731 1366 801 sunt,
1402 719 1743 782 abstineant
1779 741 1792 780 :
1828 723 1918 783 vel
1949 723 2129 784 srianl

2218 727 2362 782 καὶὸ
2404 729 2584 804 παρὼν
2616 725 2875 808 ἔγγραφος
2941 727 3230 807 ἀφορισμὸς
3286 731 3384 792 τῆς
3435 727 3586 799 ἡμῶν
3645 745 3864 802 μετριο-

481 829 546 872 se
564 811 690 872 fore
712 810 954 891 quidem
979 809 1408 890 segregationis
1426 809 1928 890 pmnmsubjectos
1955 829 1968 874 :
1994 812 2129 893 quin

2217 837 2379 882 τητος
2447 820 2536 874 γαὶ
2619 832 2737 884 τοῖς
2809 821 3111 899 ἱερωτάτοις
3163 818 3494 897 ἀρχιερεῦσιν
3563 813 3864 882 ἐπιδοθῆναι

478 909 538 962 et
567 899 850 979 maiorem
879 915 1133 986 quoque.
1182 910 1240 961 et
1304 899 1653 960 canonicam
1687 900 2070 962 acerbitatem
2111 912 2129 944 ι

2214 907 2530 986 τετύπωται,
2563 907 2656 964 ἵνα
2686 911 2771 964 καὶ
2813 921 2930 971 τοῖς
2990 908 3306 986 ἁπανταχοῦ
3365 905 3649 983 κληρικοῒς
3692 927 3863 964 κατα-

477 1007 596 1050 non
652 987 1017 1066 elfugituros,
1077 985 1378 1066 ejusmodi
1439 986 1822 1048 saecularibus
1884 989 2129 1068 negotiis

2214 995 2376 1064 δηλος
2407 985 2646 1076 γένηται.

477 1077 708 1156 seipsos
737 1075 1132 1156 implicantes.
1156 1075 1242 1135 Ad
1268 1075 1380 1135 hoc
1402 1076 1558 1136 enim
1589 1093 1849 1155 praesens
1871 1096 2104 1158 quoque
2127 1094 2342 1146 nostra
2395 1075 2820 1150 mediocritatis
2863 1087 3171 1151 decretum
3231 1086 3690 1149 sacratissimum
3747 1103 3862 1146 au-

477 1165 755 1255 tistitibus
787 1163 933 1255 tradi
958 1165 1193 1255 jussum
1222 1173 1332 1236 est,
1369 1171 1432 1224 ut
1472 1164 1649 1225 etiam
1683 1165 1941 1245 clericis,
1975 1168 2076 1247 qui
2107 1182 2244 1234 sunt
2273 1175 2638 1255 ubicunque,
2672 1185 2748 1238 sit
2776 1177 3180 1240 manifestum.

454 1253 575 1328 ΠΙ.
607 1257 690 1316 De
715 1253 1013 1333 praefectis
1039 1265 1058 1298 ι
1089 1255 1156 1314 in
1186 1259 1478 1315 extraneo
1507 1255 1880 1316 monasterio
1915 1259 2129 1321 tonsis.

2487 1253 2568 1325 ΓἿ.
2616 1268 2737 1346 Περὶ
2767 1265 3130 1346 Ξενοκουριτῶν
3161 1265 3594 1344 καθηγουμένων.

459 1347 463 1352 ’
557 1348 747 1424 Scias,
810 1357 1076 1427 tempore
1134 1347 1480 1428 patriarchae
1525 1347 1754 1409 domini
1785 1348 1958 1410 Luca
1987 1370 2129 1427 syn-

2301 1355 2554 1434 Γίνωσκε,
2613 1355 2693 1412 δτι
2753 1356 2938 1434 γέγονε
2982 1357 3066 1412 καὶ
3109 1357 3395 1431 σημείωμα
3451 1352 3714 1412 συνοδικδν
3773 1353 3862 1408 ἐπὶ

479 1437 656 1500 odale
686 1437 994 1498 decretum
1047 1434 1270 1524 factum,
1319 1454 1473 1509 esse,
1526 1445 1588 1497 ut
1619 1436 1748 1498 sine
1789 1439 2129 1517 praajudicio

2215 1447 2314 1508 τῆς
2385 1442 2671 1524 ἐφημερίας
2752 1455 2843 1504 τοῦ
2922 1446 3219 1524 άγιιυτάτου
3289 1445 3618 1524 πατριάρχου
3683 1441 3861 1520 κυρίου

472 1525 913 1589 constituantur
945 1524 1201 1602 praefecti
1259 1523 1318 1585 in
1376 1524 1752 1585 monasteriis
1785 1527 2129 1604 patriarchae

2216 1535 2412 1606 Λουκᾶ,
2475 1533 2633 1612 χάριν
2675 1541 2768 1591 τοῦ
2831 1535 3452 1612 άπροκριματῗστως.....
3520 1530 3860 1608 καθηγουμέ-

470 1615 746 1694 regioniu
783 1613 1229 1693 subjectis,quze
1262 1632 1377 1674 nou
1421 1613 1640 1674 habent
1669 1616 2132 1678 monachosido-

472 1721 621 1765 neos
652 1711 718 1764 ut
745 1701 1006 1782 praesint,
1067 1720 1136 1763 ex
1192 1701 1374 1762 alti-ro
1432 1701 1816 1776 monasterio,
1853 1703 2007 1783 quod
2048 1724 2138 1776 est

473 1791 749 1872 ejusdem
781 1789 1045 1869 regionis
1083 1807 1096 1851 :
1135 1790 1368 1851 etiamsi
1407 1798 1624 1851 statuta
1653 1809 1857 1852 eorum
1893 1811 2136 1862 caveant

470 1899 548 1942 ne
578 1880 955 1959 ξενοκουρίτης,
1014 1879 1124 1939 hoc
1173 1888 1284 1949 est,
1320 1878 1420 1959 qui
1452 1879 1510 1939 in
1555 1889 1798 1942 externo
1829 1893 2134 1944 monaste-

463 1969 562 2030 rio
591 1979 798 2030 tonsus
825 1977 934 2042 est,
972 1966 1070 2028 ﬁat
1099 1986 1302 2028 eorum
1336 1967 1669 2047 praefectus.

874 2055 970 2119 IV.
1015 2057 1101 2119 De
1130 2059 1284 2135 festo
1320 2061 1727 2122 notariorum.

549 2145 691 2219 Qua;
718 2143 1034 2224 aliquando
1059 2145 1278 2206 ﬁebant
1304 2149 1360 2206 in
1388 2154 1728 2207 sanctorum
1764 2147 2130 2209 notariorum

469 2235 621 2297 festo
649 2252 684 2295 a
716 2233 964 2294 notariis
1025 2251 1242 2314 pueros
1299 2233 1674 2307 docentibus,
1711 2254 1843 2296 cum
1877 2238 2133 2301 scenicis

466 2324 744 2406 personis
773 2322 963 2384 forum
1023 2322 1413 2396 abeuntibus,
1469 2333 1608 2384 ante
1663 2323 1889 2404 aliquot
1943 2344 2133 2390 annos

461 2413 876 2483 exoleverunt,
912 2412 1275 2474 sanctissimi
1327 2410 1488 2473 illius
1520 2413 1873 2493 patriarcha-
1902 2412 2130 2477 domini

469 2501 641 2564 Lucae
672 2501 948 2564 decreto.

857 2681 926 2744 ν.
961 2681 1052 2744 De
1075 2682 1442 2762 depositione
1462 2684 1745 2762 episcopi.

544 2779 686 2842 Cum
717 2775 980 2841 Joannes
1009 2775 1388 2838 Amathuntis
1423 2775 1739 2856 episcopus
1769 2776 1842 2838 ab
1873 2777 1977 2839 illo
2009 2779 2122 2860 Cy-

462 2865 554 2950 pri
584 2865 1042 2946 archiepiscopo
1069 2863 1296 2926 Joanne
1327 2863 1549 2946 l'nissetl
1566 2861 1894 2945 depositus,
1931 2876 1989 2927 et
2013 2867 2124 2929 de-

2217 1641 2333 1684 νους
2381 1623 2454 1684 εἷς
2513 1623 2841 1700 μοναστήρία
2885 1625 3203 1698 ὑποκείμενα
3263 1628 3330 1698 τῇ
3390 1621 3560 1699 ἐνορῖα
3616 1627 3707 1674 τοῦ
3760 1641 3862 1673 πα-

2215 1708 2489 1788 τριάρχου,
2525 1711 2602 1786 μὴ
2633 1709 2828 1790 ἔχοντα
2857 1713 3067 1775 ἱκανοὺς
3098 1713 3171 1775 εἷς
3216 1711 3531 1788 προστασίαν
3564 1708 3856 1786 μοναχῶς,

2215 1796 2321 1852 ἀπὸ
2353 1798 2528 1878 ἑτέρας
2560 1802 2731 1874 μονῆς
2775 1799 2933 1867 οὔσης
2978 1801 3038 1856 ἐκ
3079 1802 3178 1866 τῆς
3209 1804 3371 1866 αὒτῆς
3404 1799 3601 1877 ἐνορὲας
3627 1813 3641 1826 ⁸
3666 1795 3764 1852 κᾶν
3792 1795 3862 1850 τὰ

2215 1888 2406 1946 τυπικὰ
2450 1889 2647 1946 τούτων
2692 1887 3038 1967 διορίζωνται,
3095 1889 3451 1967 ξενοκουρίτην
3501 1887 3578 1963 μή
3625 1887 3858 1964 γίνεσθαι

2215 1976 2629 2054 καθηγούμενον.

2657 2055 2740 2128 Δί
2775 2067 2896 2145 Περὶ
2927 2067 3113 2146 ἑορτῆς
3145 2066 3420 2145 νοταρίων,

2295 2151 2371 2207 Τὰ
2424 2154 2674 2229 γινόμενά
2752 2176 2880 2212 ποτε
2951 2153 3162 2235 ἀπρεπῆ
3243 2156 3384 2233 παρὰ
3444 2159 3548 2209 τῶν
3607 2152 3860 2230 νοταρῖων

2213 2236 2696 2300 παιδοδιδασκάλων
2737 2245 2869 2301 κοτα
2911 2244 3008 2310 τὴν
3073 2244 3258 2319 ἑορτὴν
3315 2249 3422 2298 τῶν
3478 2241 3639 2320 ἁγίων
3695 2261 3858 2296 νοτα-

2212 2327 2360 2404 ρίων,
2409 2332 2542 2403 μετὰ
2599 2331 2942 2412 προσωπείων
3014 2338 3282 2398 σκηνικῶν
3346 2329 3702 2410 διερχομένων
3757 2328 3858 2394 τὴν

2213 2413 2432 2496 ἀγορὰν,
2465 2421 2567 2498 πρὸ
2615 2421 2822 2500 χρόνων
2873 2426 3029 2477 τινῶν
3085 2421 3520 2499 κατηργήθησαν,
3563 2417 3680 2474 καθ’
3737 2419 3853 2494 ὁρι-

2212 2505 2346 2578 σμὸν
2427 2515 2520 2563 τοῦ
2601 2510 2895 2588 άγιωτάτου
2978 2509 3176 2568 ἐκείνου
3255 2509 3587 2587 πατριάρχου
3680 2507 3855 2584 κυρίου

2212 2597 2408 2653 Λουκᾶ.

2551 2675 2632 2747 Ε’.
2668 2687 2789 2763 Περὶ
2813 2684 3162 2766 καθαιρέσεως
3196 2684 3510 2746 ἐπισκόπου,

2289 2772 2392 2826 Τοῦ
2472 2772 2760 2831 ἐπισκόπου
2868 2774 3219 2849 ’Λμαθοῠντος
3325 2773 3523 2828 ἐκείνου

2207 2859 2596 2938 καθαιρεθέντος
2655 2865 2756 2920 ὑπὸ
2839 2863 2931 2921 τοῦ
2981 2862 3408 2943 ἀρχιεπισκόπου
3468 2861 3674 2940 Κύπρου
3751 2882 3853 2916 κυ-

3605 2769 3852 2828 Ἰωάννου

463 2947 783 3037 positionis
839 2953 1144 3014 decretum
1177 2951 1237 3013 in
1301 2952 1586 3014 tribunali
1621 2953 2002 3033 imperatorio
2032 2957 2123 3018 le-

2212 2947 2317 3020 ρίου
2377 2949 2638 3018 Ἰωάννου,
2697 2953 2784 3008 καὶ
2860 2958 2952 3008 τοῦ
3031 2953 3392 3028 καθαιρετικοῦ
3475 2948 3854 3024 σημειὼματος

467 3027 628 3107 ctum
683 3051 841 3106 esset
907 3061 921 3102 :
973 3046 1250 3122 quoniam
1337 3041 1561 3103 inventi
1644 3027 1781 3102 sunt
1849 3043 2124 3106 undecim

2212 3034 2627 3113 ἀναγνωσθέντος
2660 3039 2742 3096 ἐπὶ
2771 3040 3012 3116 βήματος
3073 3027 3347 3114 βασιλικοῦ
3380 3056 3392 3069 ·
3445 3037 3558 3093 ἐπεὶ
3612 3035 3854 3115 ε’ἱρηνται

469 3131 758 3214 episcopi,
795 3140 852 3192 et
881 3130 1388 3211 archiepiscopus,
1427 3130 1856 3210 depositionem
1887 3131 2123 3214 fecisse,

473 3221 679 3283 statuit
709 3220 1125 3281 sanctissimus
1158 3219 1256 3280 ille
1288 3227 1402 3298 pati
1421 3219 1623 3280 iarcha
1641 3219 1916 3281 dominus
1940 3221 2128 3282 Lucas

469 3329 604 3374 cum
636 3311 950 3371 assistente
1001 3306 1244 3389 synodo,
1301 3307 1442 3388 quin
1494 3309 1668 3369 etiam
1703 3308 1830 3388 ipse
1866 3328 2128 3389 praesens

463 3409 731 3479 senatus,
756 3416 888 3458 esse
915 3397 1211 3458 inﬁrmam
1233 3405 1290 3458 et
1315 3397 1532 3458 nullius
1564 3399 1847 3459 momenti
1881 3399 2125 3479 deposi-

464 3486 734 3549 tionem:
775 3506 846 3548 eo
908 3486 1061 3566 quod
1123 3504 1240 3546 non
1299 3486 1580 3547 accersita
1638 3485 1818 3547 fuerit
1853 3489 2126 3550 universa

466 3578 729 3658 synodus
760 3577 1107 3656 Cypriorum
1139 3573 1439 3645 Ecclesiae,
1471 3575 1700 3636 etiamsi
1738 3594 1946 3655 magna
1971 3587 2128 3638 esset

469 3668 604 3745 ejus
625 3667 905 3743 cogendae
927 3664 1170 3724 facultas
1197 3685 1208 3722 :
1239 3673 1298 3725 et
1319 3663 1473 3744 quod
1503 3683 1617 3724 non
1642 3665 2123 3746 archiepiscopus

463 3761 626 3815 ultra
666 3757 733 3813 t2
765 3752 1207 3833 episcopos,sed
1243 3770 1357 3815 una
1388 3771 1520 3813 cum
1555 3753 1674 3812 illis
1705 3765 1861 3815 esset
1893 3774 2126 3815 conuu-

464 3853 752 3904 meratus.
807 3845 1103 3904 Praeterea
1149 3850 1349 3904 autem
1381 3841 1712 3920 allegarnnt
1743 3852 1801 3902 et
1832 3860 1910 3903 xx
1943 3862 2130 3904 eano-

466 3951 682 3994 nem...
719 3931 957 4011 synodi,
991 3942 1049 3991 et
1075 3947 1194 3992 xxv.
1251 3935 1322 3993 Et
1350 3932 1618 4011 quamvis
1648 3932 1939 3992 dixissent
1973 3953 2125 3992 non-

466 4021 760 4096 nullt,hoc
793 4019 868 4080 tle
899 4018 1042 4080 solis
1100 4018 1486 4099 presbyteris,
1511 4020 1565 4082 ei
1611 4019 1877 4082 diaconis
1904 4021 2126 4082 dictum

468 4127 624 4184 esse,
661 4118 860 4169 tamen
894 4125 1014 4168 non
1039 4115 1177 4168 sunt
1206 4107 1490 4170 exauditi.

2209 3123 2388 3183 ἕνδεκα
2421 3127 2695 3186 ἐπίσκοποι
2753 3131 2838 3185 καὶ
2881 3132 2910 3185 6
2967 3129 3388 3208 ἀρχιεπίσκοπος
3444 3127 3545 3193 τὴν
3598 3127 3841 3203 καθαίρει

2209 3236 2290 3270 σιν
2343 3231 2719 3298 πεποιηκότες,
2781 3217 2969 3296 διέγνω
3025 3220 3053 3273 6
3123 3218 3422 3294 ἁγιώτατος
3491 3215 3696 3278 ἐκεῖνος
3741 3237 3855 3270 πα-

2209 3305 2471 3386 τριάρχης
2529 3307 2702 3386 κύριος
2789 3312 2992 3370 Λουκᾶς
3064 3306 3199 3381 μετὰ
3257 3307 3355 3372 τῆς
3427 3303 3857 3383 παρουσιασάσης

2208 3391 2442 3467 συνόδου,
2500 3393 2635 3451 ἀλλὰ
2691 3396 2796 3470 μὴν
2863 3395 2950 3450 καὶ
3023 3395 3058 3462 ἡ
3133 3393 3448 3471 παρεστῶσα
3531 3389 3851 3469 σύγκλητος,

2208 3478 2395 3560 ἄκυρον
2465 3483 2614 3539 εἶναι
2669 3483 2766 3550 τὴν
2819 3482 3114 3561 καθαίρεσιν
3149 3497 3164 3513 ⁸
3225 3478 3309 3536 διά
3358 3501 3415 3536 τε
3471 3481 3532 3535 τὸ
3575 3480 3653 3554 μη
3685 3499 3851 3553 μετα-

2206 3567 2465 3636 κληθῆναι
2543 3569 2641 3638 τήν
2716 3578 2890 3627 πᾶσαν
2954 3567 3162 3628 σύνοδον
3245 3573 3342 3638 τῆς
3423 3570 3527 3624 τῶν
3613 3568 3855 3646 Κυπρίων

2210 3655 2549 3734 Ἐκκλησίας,
2585 3660 2620 3727 ἢ
2663 3658 2760 3716 κᾶν
2788 3660 2885 3726 τὴν
2933 3658 3173 3738 πλείονα,
3225 3658 3496 3738 εὐχερείας
3551 3657 3635 3712 καὶ
3693 3666 3856 3714 ταῦτα

2215 3745 2372 3814 οὔσης
2430 3749 2560 3827 πρὸς
2606 3755 2756 3805 τοὺτο
2793 3768 2804 3780 ·
2865 3748 2953 3804 καὶ
3009 3745 3092 3803 διὰ
3121 3749 3183 3803 τὸ
3212 3748 3289 3822 μὴ
3317 3748 3409 3802 τὸν
3439 3745 3858 3824 ἀρχιεπίσκοπον

2215 3835 2457 3894 ἐπέκεινα
2502 3838 2643 3894 εἶναι
2688 3839 2786 3903 τῆς
2817 3833 3108 3901 δωδεκάδος
3165 3842 3270 3892 τῶν
3333 3834 3657 3905 ἐπισκόπων,
3719 3832 3858 3888 ἀλλα

2212 3927 2379 4002 ταύτῃ
2458 3935 2639 3983 τουτον
2719 3926 3116 4003 συνυπέγεσθαι.
3177 3923 3514 4004 Ἐχρῆσαντο
3587 3919 3640 3977 δὲ
3723 3925 3858 4004 πρὶς

2210 4016 2364 4072 τοῦτο
2397 4017 2483 4071 καὶ
2512 4022 2586 4089 τῷ
2613 4004 2870 4071 κ’κανόνι
2917 4017 3142 4080 tiu...“
3202 4011 3442 4084 συνόδου,
3489 4011 3573 4066 καὶ
3625 4017 3702 4084 τῷ
3764 4000 3853 4072 ιδ’,

2213 4102 2321 4161 Κᾶν
2375 4125 2512 4167 τινες
2570 4102 2624 4159 δὲ
2669 4103 2827 4159 εἶπον
2882 4103 3025 4182 τότε,
3099 4103 3173 4168 εἷς
3227 4101 3417 4178 μόνους
3476 4097 3856 4178 πρεσϐυτέρους

2203 4193 2291 4248 καὶ
2319 4191 2585 4258 διακόνους
2631 4198 2784 4249 τοῦτο
2841 4191 3234 4271 ἐκφωνηθῆναι,
3292 4187 3412 4246 ἀλλ’
3476 4190 3570 4245 οὒκ
3619 4189 3858 4255 εἰσηκού-

2202 4283 2422 4347 σθησαν.

474 4379 570 4446 VI.
601 4379 692 4443 Ne
717 4378 1342 4460 ecclesinglwdantur
1391 4380 1806 4441 transactioue
1835 4381 2120 4460 episcopi.

2212 4361 2311 4444 g".
2337 4371 2460 4449 Περὶ
2486 4377 2578 4426 τοῦ
2609 4370 2688 4446 μὴ
2715 4367 3036 4447 βλάπτεσθαι
3066 4365 3386 4436 Ἐκκλησίαν
3415 4365 3673 4440 διαλυτέῳ
3707 4365 3860 4421 ἐπισ-

557 4564 699 4628 Mihi
729 4563 963 4626 videtur
996 4579 1110 4626 non
1139 4561 1270 4623 ladi
1303 4560 1566 4624 Ecclesia
1592 4579 1663 4623 ex
1696 4562 1788 4631 iis,
1827 4581 1955 4642 quae
1983 4583 2126 4643 pec-

473 4663 568 4716 cat
595 4655 955 4734 episcopus:
993 4659 1053 4712 et
1113 4660 1430 4732 propterea
1479 4651 1590 4711 rite
1625 4653 1940 4730 parceciam
2027 4672 2128 4713 re-

472 4744 1025 4805 vocavitsuccessor
1044 4742 1174 4819 ejus
1214 4741 1315 4820 qui
1340 4741 1570 4818 invasit,
1611 4740 1844 4802 etiamsi
1877 4741 2126 4802 multum

478 4839 714 4911 tempus
744 4827 1264 4910 praeterieritTale
1297 4829 1432 4908 quid
1469 4838 1665 4888 autem
1697 4829 1918 4889 dictum
1953 4839 2045 4891 est
2073 4832 2132 4892 in

478 4929 749 5001 tempore
778 4918 1129 5000 patriarcha:
1161 4916 1516 4978 sanctissimi
1543 4915 1770 4976 domini
1793 4917 2133 4982 Lucetium

479 5008 636 5071 enim
661 5009 899 5090 quidam
923 5007 1239 5088 episcopus
1261 5024 1486 5084 magnae
1509 5004 1702 5084 Brysis
1724 5005 1978 5084 litigaret
2003 5028 2134 5069 cum

475 5098 929 5179 archiepiscopo
956 5114 1154 5178 parvae
1181 5094 1467 5172 Brysis,et
1491 5093 1835 5174 protulisset
1856 5097 2136 5177 scriptam

2929 4457 3116 4516 κόπου.

2292 4560 2444 4636 Ἐμοὶ
2487 4559 2634 4616 δοκεῖ
2702 4559 2780 4635 μὴ
2850 4556 3310 4616 καταϐλάπτεσθαι
3367 4559 3464 4627 τὴν
3536 4555 3859 4624 Ἐκκλησιαν

2215 4651 2265 4717 ἐξ
2292 4653 2366 4704 ὧν
2409 4650 2691 4730 ἁμαρτάνει
2721 4651 2749 4704 6
2777 4649 3059 4710 ἐπίσκοπος
3096 4667 3108 4680 ·
3166 4650 3253 4706 καὶ
3297 4647 3381 4705 διὰ
3431 4656 3587 4705 τοῦτο
3643 4644 3858 4702 ἐνδυνά-

2215 4763 2329 4815 μως
2398 4740 2491 4796 ’ἕνα
2562 4736 2950 4804 ἄνακαλέσηται
3008 4738 3106 4804 τὴν
3163 4738 3362 4809 ἐνορίαν
3423 4739 3452 4794 6
3497 4733 3858 4807 διαδεξάμενος

2215 4831 2305 4885 τὸν
2343 4830 2643 4898 ποιήσαντα
2689 4833 2786 4893 τὴν
2829 4825 3038 4906 ἔφοδον,
3082 4825 3182 4883 κᾶν
3249 4825 3413 4891 πολὺς
3457 4823 3691 4902 παρέλθῃ
3733 4846 3860 4880 και-

2219 4920 2322 4998 ρός.
2385 4916 2653 4986 Ἐλαλήθη
2715 4913 2769 4972 δὲ
2827 4917 3060 4973 τοιοῦτόν
3122 4937 3174 4972 τι
3217 4917 3305 4972 καὶ
3348 4915 3432 4972 ἐπὶ
3488 4921 3593 4971 τῶν
3647 4915 3861 4992 ἡμερῶν

2219 5018 2311 5066 τοῦ
2366 5006 2660 5085 άγιωτάτου
2703 5005 3033 5084 πατριάρχου
3089 5005 3266 5084 κυρίου
3315 5010 3511 5065 Λουκᾶ.
3555 5006 3707 5065 τινὸς
3762 5003 3863 5081 γὰρ

2222 5096 2507 5153 ἐπισκόπου
2561 5099 2659 5161 τῆς
2717 5093 2954 5171 μεγάλης
3015 5094 3253 5172 Βρύσεως
3324 5090 3668 5167 δικαζομένου
3727 5091 3863 5166 μετὰ

483 5185 944 5250 transactinnem
979 5181 1263 5246 antistitis
1312 5191 1370 5244 et
1427 5182 1884 5261 archiepiscopi,
1915 5185 1993 5246 de
2026 5206 2129 5249 nor

2221 5188 2313 5242 τοῦ
2353 5182 2772 5263 ἀρχιεπισκόπου
2815 5183 2910 5249 τῆς
2956 5189 3145 5261 μικρᾶς
3222 5182 3480 5261 Βρύσεως,
3529 5181 3616 5236 καὶ
3658 5200 3860 5258 προκο-

481 5276 962 5340 τενοοθηιιαιοι)
1017 5275 1150 5355 ipso
1214 5270 1494 5352 ραι-ωειλ.
1555 5287 1682 5351 qua;
1740 5269 1815 5332 ab
1864 5274 2129 5357 episcopc

2225 5277 2471 5352 μίσαντος
2525 5269 2790 5326 διαλυτέον
2844 5269 3102 5349 ἔγγραφον
3181 5277 3274 5326 τοὺ
3349 5267 3864 5347 προτελευτήσαντος

486 5363 859 5427 detinebatur
895 5382 909 5428 :
955 5361 1356 5444 pronuntiavit
1387 5359 1670 5440 synodus,
1704 5359 1860 5424 facto
1908 5356 2129 5444 praede-

2225 5359 2666 5447 ἀρχιεπισκόπου,
2743 5360 2903 5438 χάριν
2956 5367 3048 5417 τοῦ
3113 5359 3192 5433 μη
3249 5356 3622 5416 ἀνακαλεῖσθαι
3678 5362 3864 5413 τοῦτον

1810 5521 2071 5586 vitam
2100 5481 2539 5589 LECTiONES.

569 5677 589 5708 ι
614 5661 916 5721 severitati
935 5666 954 5703 ι
982 5657 1304 5723 abbatibus
1327 5688 1355 5719 ιι
1383 5654 1690 5717 territorio
1719 5658 1744 5692 '
1773 5659 2077 5734 regionem
2101 5657 2156 5718 is
2204 5675 2377 5720 suam
2405 5659 2652 5734 repetet,
2701 5651 2809 5732 qui
2851 5652 3155 5726 successit,
3189 5650 3266 5712 ab
3293 5667 3359 5712 eo
3388 5650 3494 5729 qui
3521 5666 3656 5713 eam
3683 5648 3863 5712 inva-

489 5741 592 5800 sit.
624 5760 649 5790 ι
678 5741 1022 5818 repetenda.
