4192 6220
439 321 558 386 783
1799 323 1832 383 J
1839 321 1931 383 US
1959 314 2416 383 CANONICUH
3697 307 3819 375 784

431 457 502 519 ad
562 468 907 519 sanctorum
983 456 1257 520 locorum
1329 454 1736 519 adorationem
1815 454 2081 524 iturum;

2182 448 2423 528 τριάρχης
2455 449 2543 505 καὶ
2592 448 2682 503 τὸν
2725 444 2909 518 Τζίταν
2967 448 3059 503 τὸν
3102 445 3354 528 εὔνοῦχον
3414 444 3684 519 ὀμόσαντα
3741 443 3818 505 εἰς

435 565 568 607 cum
635 548 931 625 profectus
1000 566 1115 608 non
1173 556 1351 616 esset.
1414 555 1477 607 ut
1550 545 1650 625 qui
1735 542 2084 623 poenitentia

2182 525 2520 615 τροσκύνησιν
2574 534 2822 593 ἀπελθεῖν
2906 540 3012 592 τῶν
3080 533 3133 590 ἐν
3209 525 3588 613 Ἱεροσολύμοις
3649 532 3817 610 ἁγίων

434 635 644 696 ductus
677 645 852 708 esset,
890 636 1246 717 synodaliter
1274 654 1307 696 a
1339 633 1601 715 perjurio
1633 633 1884 695 absolvit
1915 653 1931 706 ;
1961 650 2084 693 me-

436 724 625 786 diocri
651 743 822 805 pmna
853 722 1147 805 imposita.
1181 742 1315 787 eum
1349 723 1697 786 emendans.

801 913 873 978 X.
899 915 979 977 De
1004 914 1327 978 homicidio
1348 914 1714 979 voluntario.

478 1042 483 1045 ‘
520 1025 663 1085 Cum
696 1022 933 1103 quidam
969 1021 1139 1085 miles
1171 1023 1228 1084 in
1259 1023 1603 1084 voluntariae
1632 1020 1813 1084 caedis
1854 1021 2081 1082 crimen

437 1111 835 1183 incidisset,et
863 1130 897 1173 a
925 1112 1178 1192 quodam
1207 1110 1471 1173 antistite
1510 1118 1642 1192 post
1683 1110 1852 1171 valde
1884 1108 2082 1170 modi-

435 1224 569 1267 cum
594 1217 827 1285 tempus
874 1204 1026 1266 datis
1054 1205 1292 1285 scriptis
1320 1203 1624 1266 absolutus
1655 1211 1832 1275 esset,
1872 1211 2084 1283 potens

440 1305 498 1357 et
525 1306 765 1356 sanctus
796 1303 995 1355 noster
1024 1293 1347 1374 imperator
1372 1302 1430 1353 et
1457 1291 1756 1363 dominus,
1784 1290 1841 1351 id
1866 1290 2084 1350 factum

439 1400 593 1461 aegre
624 1381 842 1454 ferens,
877 1380 1076 1442 statuit
1109 1390 1378 1461 tempore
1406 1379 1767 1441 sanctissimi
1800 1378 1954 1439 illius
1980 1396 2085 1457 pa-

442 1472 717 1532 triarchae
744 1470 968 1531 domini
1001 1472 1260 1541 Lucaa,ut
1289 1469 1650 1550 synodaliter
1671 1467 2087 1530 considerare-

445 1572 562 1634 tur,
597 1578 671 1619 an
703 1567 864 1620 recte
923 1557 1006 1620 illi
1063 1559 1237 1619 militi
1295 1576 1579 1621 concessa
1639 1555 2088 1636 essetapcenis

444 1647 759 1715 absolutio.
799 1654 957 1708 tanto
1012 1646 1101 1725 ing
1132 1665 1267 1709 eum
1301 1648 1519 1718 studio,
1553 1649 1752 1728 etiper
1778 1645 2092 1727 quamdam

2161 628 2363 705 τόπων,
2414 627 2503 682 καὶ
2540 625 2617 701 μὴ
2674 622 2986 690 ἀπελθόντα,
3048 621 3332 688 ωνοὸικσῦς
3376 624 3438 678 ὲκ
3493 643 3591 689 της
3638 620 3813 698 ἐπιορ-

2163 715 2279 778 κίας
2330 714 2612 793 βπέλυσε,
2699 714 2782 770 tta
2865 713 3085 793 μετρίου¹
3158 711 3424 787 ἐπιτιμίου
3491 710 3817 789 θεραπεύσας

2164 802 2320 858 αὒτόν
2329 850 2341 863 ,

2630 894 2712 964 Γ’.
2743 904 2868 984 Περὶ
2896 903 3136 962 ἑκουσίου
3164 902 3349 985 φόνου,

2244 1008 2578 1086 Στρατιώτου
2659 1009 2798 1072 τινος
2883 1006 3263 1085 περιπεσόντος
3343 1004 3580 1063 ἑκουσίου
3659 1002 3822 1084 φόνου

2166 1094 2485 1175 ἐγκλήματι,
2536 1098 2626 1152 καὶ
2680 1097 2824 1175 παρα
2880 1095 3172 1175 ἀρχιερέως
3217 1096 3355 1157 τινὸς
3407 1094 3543 1169 μετὰ
3598 1091 3818 1171 μέτριον

2165 1186 2302 1242 πάνυ
2348 1190 2526 1264 καιρὸν
2595 1185 2870 1266 ἐγγράφως
2921 1183 3279 1258 ἀθωωθέντος,
3341 1186 3370 1240 ὁ
3420 1183 3668 1261 κραταιὸς
3724 1181 3817 1236 καὶ

2168 1274 2317 1352 ἅγιος
2361 1277 2516 1350 ἡμῶν
2558 1274 2804 1351 βασιλεὺς
2856 1271 3182 1352 δυσχεράνας
3240 1272 3326 1329 ἐπὶ
3378 1279 3456 1347 τῷ
3524 1269 3817 1350 γενομένῳ,

2168 1360 2444 1442 διωρίσατο
2499 1362 2584 1419 ἐπὶ
2654 1368 2761 1420 τῶν
2821 1364 3032 1440 ἡμερῶν
3103 1372 3198 1420 τοὺ
3251 1360 3550 1439 ἀγιωτᾶτου
3619 1358 3822 1415 ἐκείνου

2167 1453 2499 1532 πατριάρχου
2577 1451 2752 1530 κυρίου
2822 1457 3021 1529 Λουκᾶ,
3109 1449 3437 1517 σκοπηθῆναι
3509 1445 3819 1520 συνοδικῶς,

2171 1543 2215 1597 εἰ
2279 1540 2457 1605 καλῶς
2495 1548 2573 1615 τῷ
2632 1540 2929 1619 στρατιώτῃ
2972 1537 3393 1619 ἐπεφιλοτιμήθη
3453 1538 3487 1601 ἡ
3544 1544 3650 1593 τῶν
3707 1535 3825 1591 ἑπι-

2174 1629 2362 1705 τιμίων
2420 1630 2681 1702 ἆθώωσις,
2735 1626 3273 1703 κατεσπουδασμένος
3331 1625 3490 1701 οὕτω,
3548 1627 3657 1704 καὶ,
3704 1627 3823 1680 οἷον

448 1757 566 1798 non
601 1709 1101 1811 misericordiam:
1116 1737 1219 1799 sed
1255 1737 1450 1818 potius
1478 1709 1661 1799 animi
1691 1709 2089 1797 affectionem.

2182 1719 2372 1793 εἰπεῖν,
2431 1718 2492 1775 οὔ
2563 1721 2869 1793 συμπαθῶς,
2944 1715 3082 1772 ἀλλὰ
3158 1718 3499 1795 προσπαθῶς.
3573 1712 3677 1773 Τοῦ
3761 1709 3820 1767 δὲ

2184 1806 2196 1824 ν
2379 1806 2388 1824 ο
2582 1806 2594 1824 \
2785 1806 2796 1824 ο
3051 1802 3080 1824 ρ
3118 1804 3172 1824 \\
3271 1804 3281 1820 Ι
3526 1809 3537 1821 ι
3615 1802 3629 1824 τ
3679 1801 3717 1824 3,
3739 1823 3745 1824 κ
3806 1821 3819 1824 ,

448 1825 591 1889 Cum
625 1835 819 1886 autem
847 1825 1093 1887 antistes
1139 1802 1271 1886 ille.
1296 1844 1586 1886 canonem
1619 1833 2001 1905 proponeret,
2037 1833 2095 1885 et

2182 1806 2467 1887 ἂρχιερέως
2539 1806 2629 1865 τὸν
2667 1806 2887 1879 κανόνα,
2944 1802 3401 1881 προϐαλλομένου,
3453 1809 3542 1859 καὶ
3611 1802 3821 1879 ἑτέρους

446 1914 1003 1988 alios,moderantes
1022 1913 1223 1995 utique
1255 1932 1544 1997 eam,quaa
1560 1914 1644 1974 illi
1676 1912 2092 1993 objiciebatur,

448 2004 689 2065 nimiam
725 2021 911 2082 pcenre
940 2002 1232 2064 levitatem
1260 2025 1276 2073 ;
1322 2013 1523 2065 sancta
1552 2003 1810 2083 synodus
1838 2020 2098 2063 canones

448 2092 740 2154 limitibus
782 2092 1279 2154 circumscribens
1325 2100 1361 2171 τ,
1414 2092 1739 2154 secundum
1791 2091 2094 2152 divinissi-

452 2201 605 2243 mam
640 2181 1303 2262 inspirationemnquaa
1357 2201 1424 2243 ex
1482 2191 1685 2242 sancto
1718 2180 1838 2241 illis
1868 2180 2095 2260 Spiritu

448 2270 663 2341 inerat,
698 2270 949 2330 militem
1003 2273 1241 2350 quidem
1304 2271 1721 2331 canonicarum
1786 2287 2092 2350 poenarum

450 2376 658 2420 rursus
686 2356 1074 2438 compedibus
1102 2357 1357 2438 subjecit
1392 2380 1404 2417 :
1445 2359 1767 2421 antistitem
1799 2370 1993 2420 autem
2020 2358 2094 2419 ad

450 2449 813 2528 aliquantum
842 2456 1128 2528 temporis
1174 2448 1248 2508 ab
1306 2447 1483 2508 officii
1509 2467 1576 2509 ac
1612 2447 1922 2510 ministerii
1954 2466 2094 2509 sus-

451 2536 737 2616 pensione
796 2535 1019 2613 punivit
1052 2535 1322 2612 :dicens,
1355 2535 1715 2598 antistitibus
1744 2537 1986 2617 quidem
2020 2536 2096 2598 li-

451 2645 591 2687 cere
623 2644 827 2705 pmnas
856 2625 1174 2687 canonicas
1204 2644 1423 2705 augere
1479 2634 1536 2688 et
1569 2626 1904 2687 diminuere
1932 2644 1947 2695 ;
1972 2646 2095 2689 ara-

449 2732 698 2776 nearum
756 2724 952 2775 autem
1007 2714 1121 2775 (iis
1173 2715 1380 2792 ligare,
1456 2733 1588 2794 quat
1641 2714 1863 2777 debent
1908 2715 2098 2779 tribus

448 2803 802 2865 rudentibus
848 2802 1099 2882 alligari,
1156 2823 1272 2865 non
1342 2822 1691 2866 concessum
1730 2824 1883 2866 esse.
1918 2805 2094 2879 Quin-

451 2892 626 2964 etiam
659 2902 900 2972 propter
928 2891 1087 2953 illius
1117 2891 1322 2954 militis
1351 2911 1612 2963 causam,
1642 2901 1848 2972 potens
1869 2904 1928 2955 et
1950 2913 2094 2955 san-

451 2991 580 3043 ctus
606 2990 809 3042 noster
835 2980 1159 3061 imperator
1217 2980 1376 3044 illam
1407 2983 1483 3044 de
1511 2981 1870 3046 voluntariis
1901 2984 2097 3045 homi-

451 3071 607 3133 cidis
635 3070 937 3132 Novellam
972 3070 1231 3154 edidisse
1260 3071 1478 3134 dicitur
1502 3087 1552 3134 ι’.

974 3177 1075 3240 ΧΙ.
1131 3180 1219 3242 De
1247 3179 1574 3243 advoautis.

536 3281 827 3343 Diaconos
854 3279 1095 3365 quidam
1148 3299 1181 3342 a
1209 3280 1397 3342 felicis
1428 3282 1733 3345 memoriae
1768 3283 2100 3363 patriarcha

454 3370 695 3431 domino
730 3374 903 3442 Luca,
936 3370 1418 3432 commemoratis
1471 3371 1800 3434 canonibus
1828 3375 2099 3455 reliquis-

457 3480 571 3540 que
609 3459 1076 3539 legislalionibus
1130 3467 1354 3540 utente,
1405 3462 1748 3523 advocatum
1780 3482 1955 3534 agere
1985 3465 2095 3526 ali-

454 3550 691 3630 quando
744 3549 1095 3628 prohibitus,
1153 3567 1351 3611 coram
1383 3550 1764 3630 imperatorio
1796 3553 2097 3624 tribunali,

457 3650 747 3718 praesente
803 3639 1161 3717 patriarcha,
1214 3638 1359 3699 dixit
1420 3659 1677 3701 canones
1738 3642 1894 3714 illos,
1926 3652 2102 3723 atque

455 3728 639 3804 leges,
678 3728 734 3786 in
793 3726 1096 3787 hodiernis
1126 3727 1424 3789 advocatis
1451 3748 1566 3788 non
1598 3728 1768 3790 habe:
1790 3749 1822 3792 e
1853 3731 2045 3792 locum
2085 3751 2098 3796 :

459 3818 559 3875 Sed
601 3818 655 3874 in
690 3818 847 3875 illius
898 3816 1185 3896 temporis
1238 3817 1555 3896 advocatis,
1609 3819 1707 3897 qui
1745 3819 1800 3879 in
1835 3840 1864 3880 c
1894 3821 2105 3884 vilibus

453 3904 696 3983 judiciis
727 3904 1011 3965 stationes
1061 3905 1378 3977 habebant,
1417 3906 1755 3986 imperiales
1789 3910 2103 3972 frumenta-

460 3993 579 4052 rius
640 4003 892 4051 tesseras
945 3992 1339 4073 accupiebant,
1392 3994 1499 4055 sub
1554 3998 1907 4074 primiceriis
1935 4009 2106 4063 erant

460 4092 636 4159 atqwe
668 4103 697 4139 ει
726 4080 1038 4140 mundanis
1087 4080 1527 4160 magistratibus
1552 4085 2052 4149 confirmabantur
2084 4135 2101 4165 ,

464 4190 578 4248 quo
598 4180 862 4243 tempore
887 4169 1133 4229 omnino
1151 4181 1318 4232 recte
1335 4171 1538 4232 clerici
1557 4173 1867 4235 mundanis
1884 4177 1953 4236 ad
1967 4196 2106 4239 voca

462 4268 651 4317 torum
678 4258 886 4318 «dliciis
908 4258 1068 4337 fungi
1109 4259 1561 4339 prohibeantur.
1602 4263 1670 4323 At
1693 4267 1968 4343 quoniam
2002 4266 2103 4346 qui

462 4348 638 4406 hOtltt‘.
673 4348 935 4407 advocati
992 4358 1147 4421 sunt,
1197 4356 1474 4428 tanquam
1509 4350 1813 4412 liberalem
1848 4354 2105 4433 aliquam

463 4451 674 4505 artem,
714 4438 1157 4498 admirationem
1185 4448 1466 4499 exercent
1501 4457 1514 4501 :
1551 4459 1742 4520 neque
1765 4443 1916 4503 sacri
1954 4445 2111 4505 ordi-

462 4527 553 4586 nis
582 4527 849 4585 lltt'tliltes
882 4527 937 4586 in
962 4528 1101 4605 jure
1132 4527 1510 4607 patrocinari,
1549 4529 1825 4608 impediri
1860 4532 2104 4596 debere.

2178 1896 2585 1974 μετεωρίζοντας
2641 1896 2788 1974 τάχα
2823 1895 2924 1961 τὴν
2978 1892 3449 1974 ἐπιφορτιζομένην
3505 1892 3646 1965 αύτῷ
3714 1891 3821 1966 βα·

2178 1997 2326 2061 ρεῖαν
2371 1984 2694 2064 κουφότητα,
2754 1986 2789 2051 ἡ
2845 1982 2970 2061 ἁγία
3010 1980 3221 2047 σύνοδος
3274 1982 3395 2043 τοὺς
3451 1979 3676 2043 κανόνας
3735 1979 3823 2057 ὀρ-

2175 2074 2518 2147 θοτομήσασα
2573 2074 2709 2129 κατὰ
2760 2073 2859 2139 τὴν
2909 2072 3126 2130 ἐνοῦσαν
3194 2071 3327 2146 αύτῇ
3395 2069 3457 2124 ἐκ
3519 2074 3611 2125 τοὺ
3680 2088 3823 2123 παν-

2177 2163 2472 2239 αγιωτάτου
2527 2161 2826 2235 Πνεύματος
2868 2161 3146 2227 θειοτάτην
3203 2157 3493 2234 ἔλλαμψιν,
3565 2158 3657 2213 τὸν
3727 2154 3825 2231 μὲν

2179 2251 2507 2329 στρατιώτην
2589 2251 2679 2307 καὶ
2733 2248 2874 2315 αὖθις
2953 2245 3333 2309 ἁλυκτοπέδαις
3398 2246 3676 2321 ἐπιτιμίων
3731 2266 3827 2300 κα-

2177 2341 2394 2396 νονικῶν
2452 2334 2777 2396 καὼπέϐαλε
2806 2353 2820 2367 ⁸
2886 2339 2978 2394 τὸν
3035 2338 3089 2393 δὲ
3147 2334 3400 2416 ἀρχιερέα
3468 2334 3665 2412 μετρίῳ
3724 2331 3824 2412 ὰφ-

2177 2450 2382 2507 ορισμῳ
2431 2425 2862 2505 ἆλειτουργησίας
2913 2425 3345 2506 ἐστενοχώρησεν
3387 2440 3397 2452 ’
3448 2424 3686 2497 εἰποῦσα,
3747 2424 3821 2485 ὡς

2179 2528 2298 2581 τοῖς
2371 2516 2672 2595 ἆργιερεῦσι
2729 2515 2827 2591 μὲν
2883 2514 3090 2596 ἐφεῖται
3144 2512 3308 2580 εὔξειν
3361 2513 3449 2570 καὶ
3508 2510 3690 2585 μειοῦν
3759 2511 3828 2565 τὰ

2180 2606 2430 2663 κανονικὰ
2460 2604 2721 2683 ἐπιτίμια,
2775 2603 3113 2683 ἀραχνιαίοις
3145 2600 3200 2659 δὲ
3258 2603 3430 2677 μίτοις
3486 2598 3704 2676 δεσμεῖν
3760 2598 3827 2654 τὰ

2178 2691 2456 2758 καλωδίοις
2513 2692 2761 2771 ἐντρίτοις
2844 2689 3286 2768 καταδεσμεῖσθαι
3363 2688 3664 2770 ὀφείλοντα,
3734 2688 3829 2744 οὐκ

2177 2779 2414 2848 ὶνεδόθη.
2486 2781 2707 2859 Λέγεται
2763 2779 2842 2855 δὲ,
2887 2779 2970 2839 ὅτι
3020 2782 3109 2836 καὶ
3150 2777 3233 2835 διὰ
3272 2780 3373 2846 τὴν
3432 2787 3523 2836 τοῦ
3586 2776 3828 2834 τοιούτου

2179 2869 2499 2947 στρατιώτου
2553 2872 2796 2925 ὑπόθεσιν
2864 2867 3062 2934 ἐξέθετο
3117 2870 3145 2925 ὁ
3200 2868 3447 2945 κραταιὸς
3518 2866 3604 2921 καὶ
3674 2864 3826 2942 ἅγιος

2179 2959 2333 3033 ἡμῶν
2387 2957 2631 3035 βασιλεὺς
2687 2959 2787 3027 τὴν
2830 2961 2947 3038 περὶ
2996 2964 3100 3014 τὼν
3159 2957 3407 3014 ἑκουσίων
3450 2954 3651 3036 φονέων
3702 2973 3826 3010 νεα-

2177 3047 2289 3123 ράν.

2680 3169 2747 3219 1A
2759 3151 2792 3225 ’,
2840 3163 2964 3240 Περὶ
2999 3161 3335 3241 συνηγόρων.

2266 3276 2517 3341 Διάκονός
2579 3298 2660 3342 τις
2715 3275 2963 3343 κωλυθείς
3018 3297 3148 3334 ποτε
3207 3277 3348 3356 παρὰ
3387 3284 3482 3335 τοῦ
3541 3275 3832 3354 μακαρίτου

2180 3366 2511 3445 πατριάρχου
2539 3366 2713 3446 κυρίου
2772 3372 2946 3426 Δουκᾶ
3003 3365 3097 3422 τοῦ
3147 3364 3489 3444 συνηγορεῖν,
3548 3363 3834 3444 χρωμένου

2182 3470 2296 3520 τοῖς
2369 3455 2706 3539 διαληφθείσι
2778 3457 2961 3514 κανόσι
3030 3458 3118 3513 καὶ
3169 3454 3388 3522 λοιπαῖς
3447 3455 3777 3530 νομοθεσίαις
3812 3473 3828 3486 ο

2186 3546 2342 3602 εἶπεν
2371 3546 2456 3602 ἐπὶ
2498 3545 2773 3623 βασιλικοῦ
2814 3546 3077 3622 βήματος,
3140 3544 3397 3625 παρόντος
3440 3544 3530 3600 καὶ
3583 3542 3675 3598 τοῦ
3732 3563 3831 3598 πα-

2187 3635 2462 3715 τριάρχου,
2498 3636 2575 3711 μὴ
2622 3634 2768 3715 ἔχειν
2796 3635 2980 3715 χώραν
3035 3635 3102 3690 τὰ
3158 3640 3262 3690 τῶν
3304 3632 3556 3690 τοιούτων
3595 3631 3831 3688 κανόνων

2186 3727 2273 3781 καὶ
2300 3724 2475 3799 νόμων
2506 3726 2578 3788 εἷς
2624 3725 2740 3790 τοὺς
2798 3725 3030 3802 σήμερον
3086 3730 3530 3802 συνηγοροῦντας,
3589 3719 3709 3776 ἀλλ’
3754 3721 3831 3783 εἰς

2186 3814 2309 3877 τοὺς
2365 3812 2484 3869 τότε
2548 3814 2891 3893 συνηγόρους,
2949 3813 3070 3879 τοὺς
3111 3814 3464 3890 τεταγμένους
3536 3810 3611 3873 είς
3682 3807 3833 3865 πολι-

2187 3924 2310 3958 τικα
2365 3900 2698 3982 δικαστήρια,
2744 3894 2870 3958 ¹καὶ
2952 3899 3319 3975 λαμϐάνοντας
3372 3897 3620 3978 βασιλικὰ
3675 3919 3832 3964 σιτη-

2188 3992 2354 4069 ρέσια,
2402 3992 2490 4047 καὶ
2556 3993 2658 4047 ὑπὸ
2728 3991 3097 4070 πριμικηρίους
3167 3989 3346 4062 ὄντας,
3402 3990 3490 4044 καὶ
3544 3995 3832 4067 σφραγιζο-

2187 4080 2378 4155 μένους
2412 4081 2512 4137 οπὸ
2569 4088 2843 4155 κοσμικών
2900 4079 3198 4160 ἀρχόντων,
3246 4078 3334 4134 ὅτε
3389 4079 3600 4140 παντως
3657 4075 3834 4139 καλῶς

2191 4172 2237 4225 οἱ
2277 4167 2521 4249 κληρικοὶ
2577 4168 2870 4226 ἐκωλύοντο
2939 4166 3242 4248 συνηγόρων
3314 4168 3528 4248 ὁφτρίκια
3596 4169 3836 4242 κοσμικὰ

2190 4258 2444 4339 ἐνεργεῖν.
2511 4260 2659 4315 Ἐπεὶ
2737 4256 2791 4313 δὲ
2876 4261 2923 4314 οἱ
2983 4258 3215 4336 σήμερον
3264 4262 3697 4334 συνηγοροῦντες,
3757 4258 3833 4328 ως

2190 4346 2477 4425 ἐλευθέριόν
2508 4370 2558 4403 τι
2607 4345 2919 4422 σπούδασμα
2961 4348 3022 4403 τὸ
3066 4357 3381 4425 συνηγορεῖν
3452 4343 3831 4423 μετέρχονται,

2191 4437 2306 4494 οὐδὲ
2350 4439 2397 4491 οἱ
2437 4438 2710 4514 ἱερωμένοι
2786 4432 3263 4511 ἐμποδισθήσονται
3320 4446 3659 4512 συνηγορεῖν.
3738 4434 3839 4490 Καὶ

2189 4526 2588 4595 κατασκευάζων
2660 4526 2750 4580 τὸν
2829 4526 3026 4580 οἰκεῖον
3102 4522 3285 4601 λόγον,
3368 4519 3836 4599 ἐδικαιολογήσατο

460 4615 531 4675 Et
561 4634 897 4675 sermonem
932 4635 1104 4676 suum
1162 4626 1458 4689 astruens,
1505 4637 1619 4677 non
1652 4621 1964 4681 actionem.
2002 4622 2097 4681 sed

2192 4615 2267 4688 μὴ
2336 4616 2433 4681 την
2498 4612 2703 4691 πρᾶξιν,
2752 4612 2887 4669 ἀλλα
2942 4615 3034 4669 τὸν
3083 4614 3277 4693 τρόπον
3320 4609 3630 4682 κολάζεσθαι
3694 4610 3838 4688 παρὰ

464 4706 701 4763 modum
764 4724 797 4763 a
847 4704 1177 4766 canonibus
1264 4705 1481 4785 puniri,
1546 4708 1914 4770 causabatur.
1978 4710 2097 4771 Non

2189 4710 2292 4760 τῶν
2350 4704 2606 4764 κανόνων.
2666 4701 2738 4761 Οὔ
2812 4703 2972 4777 μόνον
3057 4703 3157 4780 γὰρ
3212 4702 3477 4779 κληρικοὶ,
3749 4699 3839 4753 καὶ

462 4794 651 4852 solum
676 4795 859 4865 enim,
897 4792 1109 4873 inquit,
1146 4793 1372 4865 clerici,
1398 4813 1599 4856 verum
1634 4796 1808 4857 etiam
1844 4799 2107 4880 episcopi

464 4900 568 4960 pro
602 4883 810 4942 amicis
842 4881 900 4941 in
927 4882 1064 4961 jure
1108 4892 1420 4956 certantes,
1470 4885 1697 4944 veniam
1732 4903 1887 4947 cons.
1914 4906 2107 4967 quen—

464 4979 559 5029 tur
595 4989 606 5029 .'
644 4988 838 5048 neque
868 4972 967 5049 qui
1028 4970 1084 5030 in
1145 4973 1550 5034 controversia
1578 4976 1660 5031 rei
1692 4977 2113 5039 ecclesiastica;

465 5059 853 5136 patrocinium
883 5060 1544 5138 praestantmotabuntur
1570 5079 1581 5123 :
1609 5066 2109 5141 quemadmodum

467 5166 656 5221 ipsum
693 5148 870 5207 etiam
912 5149 1012 5226 jus
1045 5150 1155 5208 hoc
1203 5150 1508 5209 evidenter
1561 5150 1752 5215 docet.
1815 5151 1884 5215 Ut
1913 5166 2107 5216 autem

464 5235 735 5298 clericus.
776 5239 1272 5315 quemadmodum
1299 5238 1580 5299 mundani
1613 5240 2109 5316 ofticiales,advo-

467 5336 660 5385 catum
691 5334 841 5402 agat,
894 5334 952 5385 et
978 5344 1010 5386 a
1070 5326 1218 5387 laico
1264 5327 1689 5406 conﬁrmetur;
1720 5331 1992 5395 odiosum
2027 5343 2117 5397 est

2192 4793 2469 4851 ἐπίσκοποι
2548 4791 2677 4869 ὑπὲρ
2763 4790 2927 4872 φίλων
2995 4790 3419 4865 ἀντιποιούμενοι
3489 4788 3837 4866 συγγνωσθή-

2192 4903 2396 4961 σονται,
2482 4882 2569 4939 καὶ
2650 4883 2766 4960 περὶ
2846 4877 3299 4947 ἐκκλησιαπικῆς
3371 4877 3665 4939 ὑποθέσεως
3723 4897 3844 4931 συν-

2194 4981 2510 5050 ηγτροὺντες
2582 4974 2677 5028 οὒκ
2733 4969 3197 5049 αἷσχυνθήσονται,
3270 4970 3344 5031 ὡς
3429 4968 3515 5023 καὶ
3589 4968 3721 5027 αὕτα
3774 4965 3842 5020 τὰ

2192 5064 2392 5136 νόμιμα
2423 5082 2575 5116 τουτο
2617 5057 2969 5138 διατρανοὺσι,
3030 5061 3100 5117 Τὸ
3149 5057 3204 5114 δὲ
3263 5061 3625 5136 ωνηγορῆσαι
3697 5052 3839 5121 κλη-

2194 5152 2360 5229 ρικὸν,
2435 5150 2505 5213 ὡς
2575 5149 2622 5203 οἱ
2691 5148 2936 5224 κοσμικοὶ
3010 5146 3352 5228 ὸφφικιάλιοι.
3430 5147 3520 5201 καὶ
3601 5141 3840 5208 δέξασθαι

2197 5236 2457 5319 σφραγῖδα
2500 5235 2713 5307 λαῖκοῦ,
2754 5250 2989 5310 μισεῖται
3046 5237 3135 5292 καὶ
3189 5235 3489 5308 κολλὶζεται,
3531 5231 3653 5295 "Ott
3683 5229 3739 5288 δὲ
3778 5232 3843 5288 τὸ

2195 5339 2529 5407 συνηγορεῖν,
2576 5327 2823 5405 ὁφφίκιον
2884 5326 2950 5393 ἦν
3004 5344 3134 5381 ποτε
3185 5326 3465 5401 κοσμικὸν,
3539 5324 3629 5378 καὶ
3680 5342 3845 5389 σιτη-

1796 5500 2047 5568 VARI/E
2092 5492 2524 5571 LECTIONES-

578 5693 915 5757 canon-ibus
942 5701 1109 5759 recte
1127 5696 1453 5764 distinctis.
1485 5712 1516 5755 ι
1538 5718 1722 5780 quam
1748 5707 2095 5783 expositum
2127 5700 2311 5763 habes
2345 5702 2510 5763 inter
2536 5698 2843 5763 Manuelis
2874 5698 3169 5763 Comnem'
3198 5696 3497 5764 novellas.
