4192 6220
376 343 500 410 789
1725 347 2418 419 GRIECO-ROMANUM
3646 346 3770 413 790

375 481 669 573 ίερωτάτων
727 482 1043 566 ἀρχιερέων,
1102 487 1158 543 οἳ
1213 488 1301 542 καὶ
1360 484 1592 562 μάλιστα
1654 486 1869 566 ἔγγιστα
1919 490 2017 553 τῆς

2104 483 2309 573 urbem
2341 487 2715 570 imperialem
2748 490 2923 555 sedes
2964 490 3333 573 episeopales
3370 486 3567 553 sortiti
3594 492 3761 568 sunt,

374 569 636 646 βασιλίδος
707 574 904 641 ταύτης
971 578 1079 631 τῶν
1150 574 1360 632 πόλεων
1415 576 1537 639 τοὺς
1622 576 2020 657 ἀρχιερατικοὺς

2106 569 2495 639 όίοοοηοτυιη
2527 588 2584 641 et
2639 569 3018 641 sacerdotum
3066 569 3189 641 suis
3246 578 3604 644 dioecesibus
3636 594 3755 637 non

373 659 586 736 θρόνους
628 658 849 742 ἔλαχον,
922 663 1297 742 ἀσυντηρήτως
1368 666 1639 728 ποιοῦντες
1697 666 2020 744 χειροτονίας

2105 662 2508 743 subjectorum
2540 668 2948 730 ordinationes
2996 668 3140 731 citra
3172 668 3355 730 ullam
3392 665 3761 730 observatio-

373 744 631 805 διακόνων
701 752 788 808 καὶ
871 751 1074 831 ίερὲων,
1149 754 1227 828 μὴ
1313 753 1672 829 ὑποκειμένων
1726 766 1851 817 ταῖς
1931 750 2020 809 ὑπ’

2106 768 2239 812 nem
2259 752 2455 817 facere
2476 756 2839 837 deprehensi
2861 765 2997 819 sunt
3026 756 3139 829 Qui
3158 761 3332 819 etiam
3351 758 3426 819 de
3447 752 3705 837 eo,quod
3725 771 3760 815 a

373 839 561 928 αὖτοὺς
617 837 865 917 ἒνορίαις,
923 839 1182 905 πολλάκις
1241 841 1503 903 ἑάλωσαν.
1591 845 1650 900 Οἱ
1736 843 1835 921 γὰρ
1904 842 2020 921 περὶ

2105 841 2477 905 sanctissimo
2558 845 2888 925 patriarcha
2971 854 3203 928 nostro,
3276 844 3517 908 domino
3577 845 3755 922 Luca,

371 927 557 983 τούτου
628 929 1108 1008 προσαγγελθέντες
1176 937 1254 1006 τῷ
1334 931 1435 1011 πρὸ
1506 933 1660 1006 ἡμῶν
1742 931 2020 1016 ἁγιωτάτῳ

2103 930 2510 993 annuntiatum
2554 942 2664 1005 est,
2722 944 2781 997 et
2828 934 3112 996 admoniti
3143 927 3196 1007 n,
3248 943 3314 997 ut
3366 935 3495 996 haec
3551 938 3757 994 contra

371 1016 676 1095 πατριάρχῃ
747 1019 907 1093 κυρίῳ
978 1024 1174 1091 Λουκᾷ,
1232 1021 1321 1076 καὶ
1378 1018 1828 1099 παρεγγυηθέντες
1891 1019 2022 1076 παύ-

371 1107 557 1160 σασθαι
613 1109 703 1161 τοῦ
769 1117 987 1166 τοιαῦτα
1055 1120 1232 1164 ποιεῖν
1288 1108 1604 1165 ἀκανόνιστα
1638 1126 1653 1141 ·
1713 1108 1886 1189 φαμὲν
1954 1106 2019 1174 δὴ

370 1202 465 1251 τοῦ
516 1207 847 1274 χειροτονεῖν
902 1194 1172 1275 ὓπερόρια,
1251 1198 1339 1253 καὶ
1414 1197 1536 1259 τοὺς
1605 1194 1657 1262 ἐξ
1712 1195 1890 1277 ἑτέρας
1942 1196 2022 1252 ὲν-

369 1283 554 1366 ορίαςᾼ
593 1285 667 1345 ετς
738 1283 926 1348 αὖτοὺς
1011 1284 1356 1366 ἀφιγμένους,
1428 1284 1799 1347 ἀνυποστόλως
1882 1284 2023 1341 οὕτω

2101 1032 2359 1079 canones
2406 1018 2604 1082 facere
2662 1021 3008 1085 desinerent
3038 1041 3051 1086 :
3085 1032 3271 1097 extra,
3318 1020 3588 1103 inquam,
3638 1035 3760 1081 sum

2101 1105 2369 1193 regionis
2394 1107 2612 1171 limites
2638 1109 2937 1177 ordinare.
2972 1123 3031 1173 et
3062 1111 3159 1181 iis,
3192 1111 3291 1193 qui
3323 1129 3392 1173 ex
3434 1108 3628 1173 aliena
3654 1125 3755 1170 re-

2103 1192 2280 1272 gione
2302 1196 2374 1257 ad
2407 1216 2471 1259 se
2503 1198 2899 1271 veniunt,tam
2938 1199 3127 1262 libere
3154 1192 3364 1261 manus
3389 1199 3698 1279 imponere
3736 1216 3752 1257 :

2103 1282 2459 1347 oblivionem
2493 1306 2860 1369 eorum,quae
2887 1295 3023 1350 ante
3055 1288 3223 1351 facta)
3251 1296 3442 1352 erant.
3479 1286 3755 1349 declara-

371 1364 696 1450 χειροθετεῖν
731 1391 745 1405 '
838 1372 1131 1448 ἀμνηστίαν
1196 1379 1302 1430 τῶν
1388 1376 1570 1436 αὐτοῖς
1640 1377 1757 1452 περὶ
1837 1374 2020 1432 τούτου

2105 1369 2331 1433 tionum
2382 1388 2430 1449 ο,
2489 1394 2604 1436 non
2663 1364 3049 1438 cessaverunt
3106 1377 3418 1458 imponere
3468 1392 3661 1456 usque
3690 1372 3753 1434 in

369 1458 811 1538 παρεγγελμένων
911 1463 1006 1518 οὒκ
1108 1461 1399 1519 ἐπαύσαντο
1503 1461 1748 1536 τίθεσθαι,
1854 1461 2016 1543 μέχρι

2103 1459 2450 1523 hodiernam
2486 1463 2666 1528 diem.
2702 1463 2849 1537 Quia
2874 1473 3073 1527 autem
3101 1473 3322 1527 nostra;
3355 1460 3753 1526 mediocritati

368 1545 503 1613 δῆτα
554 1550 641 1605 καὶ
699 1551 951 1629 τήμερον.
1016 1548 1232 1618 Ἐπειδὴ
1299 1551 1468 1606 τοίνυν
1546 1549 1848 1628 ἀνηγγέλθη
1932 1552 2019 1607 καὶ

2103 1565 2134 1608 a
2165 1557 2365 1611 nostro
2394 1551 2490 1630 pio
2522 1552 2980 1635 chartophylace
3007 1554 3416 1617 renuntiatum
3448 1560 3561 1625 est,
3595 1549 3757 1612 mul-

368 1641 438 1710 τῇ
507 1637 660 1709 ἡμῶν
718 1638 1025 1715 μετριότητι
1096 1638 1239 1718 παρά
1296 1638 1388 1694 τοῦ
1456 1638 1718 1717 ἡμετέρου
1771 1637 2018 1718 θεοφιλε-

2103 1646 2193 1697 tos
2222 1655 2292 1699 ex
2324 1647 2528 1701 nostra
2576 1659 2820 1720 regione
2870 1650 3085 1724 praeter
3133 1642 3265 1723 ejns
3293 1641 3652 1702 voluntatem
3683 1637 3761 1700 ad

369 1724 561 1781 στέτου
614 1725 1038 1805 χαρτσφύλακος,
1118 1724 1347 1791 πολλούς
1418 1748 1563 1789 τινας
1642 1732 1748 1782 τῶν
1803 1730 1867 1783 hx
1917 1732 2018 1793 τῆς

2103 1724 2417 1807 episc0pns
2449 1738 2506 1789 et
2537 1730 3155 1812 archiepiscopos,qui
3185 1740 3325 1794 sunt
3354 1725 3763 1821 circumcirca

368 1815 625 1896 ἡμετέρας
696 1817 897 1896 ἐνορίας
981 1819 1122 1898 παρά
1174 1818 1398 1896 γνώμην
1470 1821 1628 1877 αὐτοῦ
1709 1820 1840 1897 πρὸς
1895 1819 2016 1885 τοὺς

2105 1833 2370 1893 magnam
2419 1818 2571 1879 hanc
2620 1818 2944 1894 civitatem,
2994 1819 3372 1899 accedentes,
3407 1813 3761 1880 sacerdotali

366 1905 515 1984 πέριξ
608 1908 828 1974 ταυτησὶ
928 1911 1025 1976 τῆς
1130 1898 1513 1986 μητροπόλεως
1619 1906 2016 1987 ἀπερχομένους

2103 1921 2349 1967 munere
2372 1905 2445 1967 ab
2471 1910 2557 1967 eis
2582 1906 2791 1986 dignos
2815 1908 3048 1981 haberi,
3073 1907 3292 1969 deinde
3312 1924 3516 1968 rursus
3537 1901 3766 1966 reverti

371 1993 691 2057 ἐπισκόπους
746 2017 805 2051 τε
863 1998 950 2052 καὶ
1006 1996 1483 2075 ἀρχιεπισκόπους,
1544 1997 1806 2074 ἱερατικοῦ
1889 1994 2012 2075 παρ’

2103 1991 2169 2052 ad
2208 1994 2358 2056 hanc
2388 2004 2649 2057 nostram
2681 1997 2983 2076 regionem
3015 2015 3149 2058 cum
3173 1996 3319 2058 littc:
3339 1995 3390 2057 is
3418 1995 3569 2057 forte
3598 2011 3760 2055 com-

412 2086 426 2105 ν
484 2084 503 2094 -
605 2081 654 2119 νς
714 2089 735 2099 «-
918 2108 933 2118 “
1032 2084 1047 2121 γ
1232 2106 1249 2116 _
1426 2080 1441 2100 ο
1537 2085 1551 2103 ν

373 2104 542 2140 αυτων
595 2086 861 2149 αςιουσθαι
921 2105 1271 2165 λαρσματος,
1336 2084 1423 2139 εῖτ
1498 2086 1639 2148 αυθις
1690 2082 2019 2161 ἐπαναστρέ-

2108 2081 2494 2144 mendatitiis:
2534 2083 2674 2165 quid
2706 2084 2817 2145 sibi
2845 2084 3141 2164 agendum
3191 2084 3269 2145 sit
3301 2084 3361 2146 in
3393 2083 3534 2163 iis,a
3563 2081 3770 2143 nostril

373 2192 489 2251 φειν
519 2172 591 2234 εἷς
635 2168 791 2241 τήιδε
821 2172 920 2239 τὴν
951 2169 1068 2229 καθ’
1124 2173 1268 2246 ἡμᾶς
1300 2170 1519 2250 ἑνορίαν,
1583 2173 1717 2246 μετά
1773 2169 1837 2239 δὴ
1878 2173 2020 2255 τάχα

2112 2167 2449 2248 intelligere
2500 2173 2913 2235 mediocritate
2997 2172 3335 2255 postulavit.
3391 2171 3549 2234 Dixit
3604 2168 3765 2232 enim

371 2261 461 2315 καὶ
519 2261 848 2338 γραμμάτων
904 2265 1230 2317 συστατικῶν
1272 2279 1284 2291 ·
1342 2262 1402 2316 τὸ
1445 2259 1694 2327 ποιητέον
1746 2262 1887 2335 αὖτῷ
1943 2252 2028 2318 ἐπὶ

371 2349 572 2411 τούτοις
614 2347 786 2419 ἐζήτει
832 2352 1022 2423 μαθεῖν
1077 2350 1220 2428 παρα
1277 2354 1378 2416 τῆς
1434 2349 1591 2421 ἡμῶν
1649 2348 2018 2428 μετριότητος.

376 2434 755 2517 Ἀμφιϐάλλειν
865 2439 964 2517 γὰρ
1075 2439 1134 2493 οὔ
1215 2443 1418 2515 μικρῶς
1502 2434 1724 2516 ἔφασκε,
1811 2440 2022 2512 μήποτε

371 2525 623 2604 κρίμασιν
746 2524 1041 2603 ἀλλοτρίοις
1156 2524 1553 2599 ἐπικοινωνοίη,
1680 2532 2019 2606 παραχωρῶν

372 2616 625 2690 ἱερᾶσθαι,
690 2616 775 2680 οὒς
846 2616 1002 2677 αὖτὸς
1047 2614 1268 2685 ἐξήτασε
1306 2636 1317 2648 '
1380 2615 1497 2694 περὶ
1538 2618 1612 2670 ὧν
1654 2614 1769 2671 οὔτε
1812 2617 2017 2693 μαρτύ-

373 2724 500 2781 ρων,
561 2705 633 2766 ὡς
712 2703 823 2768 ἔθος
881 2708 1041 2779 α·’›τῷ,
1094 2704 1474 2784 παραστάντων
1527 2702 1768 2774 ἐπύθετο,
1830 2707 1917 2761 καὶ
1975 2706 2018 2761 εἰ

374 2793 582 2871 χρόνων
627 2794 739 2875 εἶεν
797 2795 901 2849 τῦν
947 2793 1277 2872 ὡρισμένων,
1335 2791 1803 2873 πεπληροφόρηται
1837 2811 1854 2829 ⁶
1900 2794 2016 2850 οὔτε

374 2877 683 2954 δοκιμασίαν
766 2883 882 2959 περὶ
964 2888 1058 2938 τοῦ
1126 2881 1238 2958 βίου
1294 2881 1493 2937 τούτων
1562 2882 1869 2952 πεποίηται,
1930 2883 2016 2938 καὶ

371 2971 434 3024 τὸ
464 2972 652 3026 πιστὸν
680 2976 770 3025 τοῦ
819 2968 985 3036 ἀξίους
1048 2972 1192 3026 εἶναι
1234 2977 1326 3026 τοῦ
1369 2967 1774 3048 ἐπαγγέλματος
1818 2973 1879 3027 ὲκ
1919 2975 2016 3038 τῆς

2112 2276 2176 2319 se
2212 2277 2327 2320 non
2361 2278 2564 2340 parum
2592 2260 2887 2335 dubitare,
2920 2281 2997 2324 ne
3032 2262 3163 2344 ipse
3186 2261 3400 2324 alienis
3429 2260 3582 2322 forte
3594 2258 3764 2340 judi-

2107 2345 2217 2408 ciis
2249 2349 2673 2423 communicet,
2708 2351 3062 2431 permittens
3091 2369 3195 2414 eos
3224 2351 3294 2413 ad
3318 2368 3487 2413 sacra
3501 2346 3758 2419 admitti,

2104 2454 2253 2517 quos
2283 2436 2411 2517 ipse
2439 2457 2554 2499 non
2580 2440 2946 2502 examinavit
2981 2461 2994 2501 :
3031 2440 3107 2503 de
3128 2439 3343 2522 quibus
3366 2458 3478 2501 nec
3494 2442 3767 2509 testes,ut

2105 2522 2218 2604 ipsi
2248 2542 2375 2585 mos
2425 2533 2538 2601 est,
2594 2537 2853 2590 astantes
2903 2528 3478 2605 interrogavit;nec
3497 2544 3572 2589 an
3604 2542 3757 2607 prai-

2102 2612 2302 2674 finitos
2323 2632 2513 2675 annos
2534 2614 2653 2677 nati
2678 2615 3052 2687 sint,certior
3069 2617 3257 2679 factus
3274 2625 3385 2697 est,
3416 2633 3526 2677 nec
3550 2630 3757 2677 eorum

2099 2701 2275 2762 vitam
2302 2703 2660 2764 examinavit
2686 2725 2699 2768 :
2725 2722 2834 2767 nec
2859 2706 3007 2768 fides
3023 2705 3136 2767 sibi
3157 2707 3308 2767 facta
3329 2715 3502 2768 estex
3533 2703 3759 2782 scripto

2099 2804 2303 2848 eorum
2350 2791 2691 2852 testimonio
2728 2810 2740 2854 :
2798 2796 2897 2873 qui
2956 2793 3093 2855 illos
3121 2793 3451 2856 secundum
3482 2789 3752 2872 spiritum

2097 2887 2485 2956 pepererunt,
2538 2898 2641 2940 eos
2655 2898 2785 2942 esse
2803 2899 2908 2942 sua
2931 2882 3297 2961 professione
3311 2879 3756 2962 dignos,idque,

2095 2982 2228 3026 cum
2303 2984 2460 3047 saepe
2527 2967 2588 3029 in
2672 2970 2976 3031 nonnullis
3032 2971 3341 3033 manifeste
3415 2969 3761 3032 adversetur

372 3059 730 3138 ὲνυπογρέιρου
811 3059 1092 3137 μαρτυρίας
1180 3065 1282 3115 τῶν
1351 3060 1488 3114 κατα
1543 3067 1748 3135 πνεῦμα
1801 3059 2014 3123 τούτους

2103 3055 2561 3141 aspectusquod
2589 3057 2661 3118 ad
2686 3074 2976 3119 annorum
2993 3059 3497 3140 complementum
3525 3055 3758 3128 attinet,

374 3144 741 3213 ὠδινησάντων
852 3146 1141 3228 παρείληφε
1177 3162 1190 3176 ‘

375 3233 461 3290 ἐπί
529 3256 690 3290 τινων
756 3239 1034 3314 προφλνως
1075 3233 1478 3310 ἐναντιουμένης
1532 3235 1633 3301 τῆς
1675 3233 1848 3311 ὅψεως
1899 3236 2016 3314 περὶ

374 3325 474 3390 τὴν
527 3329 632 3380 tim
689 3324 897 3404 χρόνων
941 3324 1072 3387 τέως
1117 3323 1426 3381 ἐντέλειαν·
1481 3325 1569 3380 καὶ
1621 3325 1715 3380 τὸν
1768 3346 2011 3403 τριακον-

376 3414 565 3481 τούτην
623 3412 765 3470 εἶναι
833 3413 1131 3493 όφε¹λοντα,
1201 3411 1385 3488 πολλῷ
1455 3412 1550 3479 τῆς
1608 3412 1856 3479 τοιαύτης
1905 3410 2018 3468 λεί-

377 3506 565 3559 πεσθαι
666 3503 982 3582 προθεσμίας
1017 3518 1031 3534 ·
1132 3501 1632 3581 προσμαρτυρούσης
1742 3499 2019 3578 προδήλως

378 3591 438 3647 ἔκ
462 3612 519 3647 τε
549 3592 644 3659 τῆς
673 3614 742 3648 κα
755 3594 808 3648 τὰ
850 3593 950 3659 τὴν
978 3590 1186 3660 ἡλικίαν
1241 3598 1333 3647 τοῦ
1378 3591 1624 3665 σώματος
1696 3590 2017 3669 φαινομένης

378 3679 593 3744 ἀτελοῦς
651 3682 1045 3743 καταστάσεως.
1122 3681 1210 3737 καὶ
1280 3679 1332 3745 ἐξ
1408 3679 1570 3745 αὐτῆς
1622 3686 1713 3735 τοῦ
1769 3678 2026 3757 πώγωνος

375 3773 476 3834 τῆς
548 3767 943 3847 ἑπιψιλώσεως,
999 3767 1080 3848 ἐφ’
1146 3772 1221 3825 ὦν
1299 3766 1352 3823 δὲ
1411 3768 1666 3847 βραχείας
1736 3767 1872 3823 πάνυ
1940 3768 2028 3824 καὶ

378 3856 707 3935 ὲνδεεστέρας
780 3856 965 3932 πολλῴ
1038 3868 1131 3917 τοῦ
1210 3857 1572 3936 προσήκοντος
1642 3855 2021 3934 τριακοντούτῃ

377 3947 704 4023 πωγωνιήεγ·⁸
802 3946 1172 4026 τριχώματος.
1247 3954 1425 4003 Τα.τα
1492 3942 1663 4022 λέγων
1758 3945 1845 3999 καὶ
1927 3944 2024 4011 τὴν

378 4035 710 4114 ὑφέρπουσαν
792 4042 974 4092 τοῦτον
1055 4031 1372 4114 ἀμφιϐολίαν
1455 4034 1543 4089 καὶ
1627 4032 1868 4111 ἀπορίαν,
1954 4034 2026 4098 ὡς

377 4128 474 4182 οὐκ
519 4123 828 4202 ἀνεύλογον,
885 4124 937 4190 ἐξ
993 4121 1159 4202 ἔργων
1189 4123 1360 4180 αὐτῶν
1404 4119 1746 4202 παρεδήλωσε
1779 4136 1793 4151 ·
1855 4143 2021 4201 παρα·

378 4213 709 4287 στησέμενος
764 4218 832 4289 τῇ
888 4216 1040 4287 ἡμῶν
1120 4212 1430 4292 μετριότητι
1516 4207 1798 4274 συνοδικῶς
1882 4231 2017 4289 προ-

377 4299 677 4378 καθημένῃ,
712 4300 810 4367 τὴν
839 4301 1071 4380 σήμερον
1098 4298 1188 4357 δύο
1230 4301 1315 4355 καὶ
1358 4311 1504 4372 τρεῖς
1554 4297 1717 4360 οὕτως
1792 4295 2017 4377 ἔχοντας

1298 3147 1386 3202 καὶ
1486 3152 1673 3226 ταῦτα,

1760 3145 2016 3212 πολλάκις
2050 3140 2059 3141 “
2099 3148 2155 3201 et
2178 3141 2279 3221 qui
2299 3159 2415 3203 xxx
2435 3140 2623 3205 annos
2642 3155 2813 3207 natus
2843 3165 2973 3208 esse
3004 3146 3352 3222 deberet,ab
3383 3164 3455 3207 eo
3483 3157 3755 3223 tempore

2100 3236 2274 3307 longe
2305 3232 2480 3305 absit,
2514 3233 2784 3314 corporis
2841 3236 3288 3315 constitutione,
3323 3251 3438 3315 qua
3467 3231 3755 3302 cernitur,

2095 3326 2326 3381 aetatem
2359 3330 2562 3401 aperte
2596 3330 2873 3394 testante,
2904 3323 3153 3404 ipsaque
3229 3321 3428 3384 barbae
3484 3318 3751 3382 raritate:

2102 3424 2237 3467 cum
2268 3407 2326 3467 in
2354 3407 2487 3469 aliis
2515 3408 2757 3489 quidem
2778 3409 2881 3490 pili
2917 3411 3080 3471 nullo
3120 3411 3297 3472 modo
3323 3415 3666 3490 appareant,
3695 3405 3757 3467 in

2098 3494 2232 3556 aliis
2288 3513 2428 3557 vero
2481 3497 2696 3576 brevis,
2762 3506 2820 3559 et
2869 3498 3055 3559 multo
3088 3498 3284 3559 minor
3311 3515 3485 3577 quam
3518 3493 3758 3574 triginta

2099 3602 2391 3645 annorum
2424 3585 2577 3666 pilos
2597 3604 2727 3648 esse
2757 3596 3051 3665 oporteat.
3074 3586 3212 3648 Haec
3240 3585 3470 3658 dicens,
3494 3583 3672 3647 etiam
3701 3581 3758 3644 ei

2109 3682 2524 3735 occurrentem
2571 3672 2999 3736 dubitationem
3033 3693 3150 3737 non
3189 3692 3319 3736 esse
3356 3673 3633 3750 injustam
3666 3672 3752 3733 fa-

2108 3763 2216 3822 ctis
2245 3760 2392 3841 ipsis
2443 3761 2731 3836 ostendit,
2788 3771 3006 3824 nostrae
3052 3761 3448 3825 mediocritati
3477 3759 3759 3842 synodico

2107 3848 2287 3910 hodie
2319 3850 2685 3927 pmsidenti,
2715 3851 2867 3915 duos
2890 3854 2982 3916 vel
3026 3861 3170 3927 tres,
3202 3852 3304 3933 qui
3335 3853 3448 3914 hoc
3477 3858 3645 3912 erant
3665 3867 3760 3911 as-

2108 3947 2282 4017 pectu
2306 3946 2368 3999 et
2397 3938 2841 4012 constitutione,
2866 3950 2924 4002 et
2942 3942 3015 4003 ad
3037 3959 3236 4003 sacros
3257 3940 3499 4002 ordines
3514 3956 3758 4020 promo-

2108 4025 2149 4085 ti
2180 4025 2668 4099 erant,exhibens
2694 4044 2709 4090 :
2737 4028 2847 4090 bos
2867 4028 3132 4110 quidem,
3160 4048 3194 4092 a
3215 4028 3321 4091 Dei
3351 4025 3757 4090 amantissimo

2109 4113 2280 4176 Derci
2308 4116 2588 4196 episcopo
2623 4137 2636 4173 :
2674 4116 2811 4179 illos
2856 4135 3017 4192 vero,
3068 4136 3102 4180 a
3134 4120 3239 4181 Dei
3271 4115 3604 4180 amantibus
3624 4115 3756 4196 epi-

2101 4201 2303 4282 scOpis
2329 4203 2578 4265 l’raaneti
2605 4216 2664 4266 et
2685 4203 3017 4281 Chalcidis;
3039 4216 3098 4268 et
3118 4205 3500 4281 dicens,alios
3518 4224 3552 4267 a
3566 4204 3749 4275 diver-

2100 4289 2182 4353 sis
2211 4290 2295 4354 sic
2355 4291 2656 4354 ordinatos
2702 4294 2801 4355 hic
2851 4313 2983 4356 esse
3014 4303 3073 4359 et
3101 4295 3347 4368 versari,
3393 4305 3453 4356 et
3478 4294 3631 4355 velle
3663 4291 3752 4354 uti

376 4389 551 4463 ὅψεως
596 4391 682 4445 καὶ
753 4390 1148 4461 καταστάσεως,
1222 4389 1311 4445 καί
1380 4390 1452 4452 εἰς
1514 4388 1771 4466 ἱερατικὸν
1824 4385 2013 4466 προϐι-

2103 4381 2440 4442 sacerdotes
2471 4400 2639 4443 sacra
2686 4383 3013 4446 celebrare.
3048 4382 3213 4446 Hanc
3242 4402 3382 4463 ergo
3412 4380 3750 4461 religiosis-

375 4474 658 4543 ϐασθέντας
709 4476 909 4553 βαθμόν
942 4493 955 4507 °
1031 4479 1088 4533 ὃν
1156 4478 1273 4552 μὲν,
1343 4477 1484 4555 παρά
1540 4485 1630 4534 τοῦ
1683 4474 2023 4555 θεοφιλεστά-

375 4573 467 4621 τοῡ
522 4565 810 4622 ἐπισκόπου
898 4567 1093 4645 Δέρκου
1128 4582 1140 4595 '
1225 4567 1313 4629 οὒς
1386 4562 1466 4644 δὲ,
1538 4566 1680 4643 παρά
1733 4566 1838 4621 τῶν
1899 4568 2022 4622 θεο-

377 4652 543 4734 φιλῶν
572 4653 902 4734 ἐπισκόπων,
957 4661 1047 4711 τοῦ
1102 4675 1158 4710 τε
1206 4652 1488 4732 Πραινέτου
1554 4654 1642 4709 καὶ
1696 4660 1787 4709 τοῦ
1834 4651 2024 4710 Χαλκί-

378 4741 464 4807 δος
494 4759 509 4774 '
556 4746 642 4800 καὶ
672 4742 872 4808 ἄλλους
928 4741 983 4799 δὲ
1026 4743 1167 4821 παρὰ
1222 4740 1480 4821 διαφόρων
1531 4740 1668 4797 οὕτω
1708 4763 2021 4821 κεχειροτο-

376 4830 634 4907 νημένους
705 4832 938 4912 φάμενος
1009 4833 1175 4903 εἶναι,
1251 4832 1337 4886 καὶ
1417 4827 1694 4909 διατρίϐειν
1777 4830 2017 4902 ἐνταῦθα,

376 4923 463 4976 καὶ
529 4923 819 5001 ἱερουργεῖν
889 4920 1084 4977 ἐθέλειν
1127 4922 1200 4984 ὡς
1244 4922 1426 4996 ἱερεῖς.
1476 4920 1548 4976 Τὸ
1603 4928 1728 4995 γοῦν
1786 4926 2020 4974 τοιοῦτον

377 5018 469 5066 τοῦ
535 5008 937 5089 θεοφιλεστέτου
1006 5009 1160 5083 ἡμῶν
1215 5004 1617 5087 χαρτοφύλακος
1674 5004 2020 5076 ἀξιοζήτητον

379 5096 479 5176 πρό
503 5097 688 5177 ρλημα,
772 5097 887 5155 038%.
975 5100 1010 5166 ἡ
1097 5094 1379 5172 μετριότης
1463 5099 1618 5168 ἡμῶν
1701 5092 2019 5150 καταλιπεῖν

380 5186 627 5243 ἐθέλουσα
683 5185 892 5257 ἄλυτον,
974 5188 1060 5244 ἐπὶ
1127 5192 1306 5243 κοινοῦ
1378 5180 1867 5258 συνδιασκεψαμένη
1949 5189 2018 5259 τῇ

381 5273 681 5351 ἐνδημούσῃ
769 5276 879 5348 θεία
960 5279 1049 5333 καὶ
1117 5278 1228 5354 ἱερᾷ
1312 5269 1596 5350 ἐπέτρεψεν
1681 5268 2018 5350 ἀδελφότητι.

382 5365 561 5422 Τοίνυν
643 5366 732 5421 καὶ
800 5366 916 5445 περὶ
997 5372 1090 5423 τοῦ
1168 5358 1516 5441 προκειμένου
1598 5356 2025 5437 διαγνωμονῆσαι

2106 4468 2238 4529 simi
2268 4469 2454 4530 nostri
2484 4470 2952 4552 chartophylacis
2983 4471 3231 4553 quaesita
3260 4472 3500 4550 dignam
3549 4486 3759 4550 propoa

2107 4557 2382 4618 sitionem
2416 4575 2526 4619 nec
2557 4568 2761 4620 nostra
2796 4562 3185 4622 mediocritas
3213 4560 3417 4621 volens
3440 4557 3755 4620 iusolutam

2105 4647 2469 4727 relinquere,
2504 4648 2904 4710 communiter
2932 4647 3425 4710 considerandam
3459 4645 3673 4708 divina:
3698 4652 3758 4708 et

2106 4752 2311 4807 sacr-e,
2347 4752 2473 4814 qam
2503 4733 2601 4796 hic
2632 4734 2752 4815 agit
2782 4736 3134 4798 fraternitati
3187 4735 3476 4816 permisit.
3512 4735 3667 4813 Ergo
3700 4741 3759 4795 et

2105 4825 2180 4884 de
2212 4824 2508 4903 proposito
2533 4824 2868 4905 disceptare
2900 4826 3193 4900 volentes,
3242 4822 3411 4905 priuc
3440 4830 3506 4885 ut
3525 4822 3758 4885 discer-

2106 4920 2279 4973 natur
2297 4912 2636 4992 petivimus,
2660 4931 2927 4992 quamam
2946 4922 3084 4975 sunt
3103 4911 3455 4985 antistitum,
3487 4912 3588 4993 qui
3618 4918 3760 4973 sunt

2102 4998 2345 5079 ubique,
2379 5000 2721 5061 communia
2752 5010 2811 5063 et
2857 5020 2989 5083 quae
3022 5001 3141 5062 sint
3190 4999 3496 5081 specialia,
3529 4999 3589 5061 id
3641 5010 3755 5074 est,

2102 5106 2374 5169 quaenam
2399 5087 2672 5167 ejusdem
2712 5091 2979 5170 regionis
3026 5089 3293 5172 episcopi
3324 5107 3610 5171 peragere
3639 5106 3759 5151 non

2108 5176 2494 5255 prohibentur
2525 5176 2585 5237 in
2618 5175 2713 5253 iis,
2748 5181 2850 5260 qui
2878 5180 2949 5242 ad
2986 5180 3117 5240 illos
3145 5183 3562 5260 undecumque
3580 5195 3760 5241 acce-

2108 5267 2279 5340 dunt,
2312 5274 2370 5326 et
2419 5282 2692 5345 quaenam
2748 5277 2929 5349 extra-
2963 5286 3085 5331 sua)
3135 5266 3414 5331 dimcesis
3474 5266 3762 5332 terminos

2111 5354 2307 5416 facere
2338 5352 2757 5435 prohibentur.

1710 5515 1959 5579 VARUE
2000 5511 2437 5582 LECTIONES.

464 5693 491 5725 ιι
521 5658 846 5739 quietiam
870 5657 979 5721 hoc
1008 5657 1253 5720 nomine
1285 5651 1662 5735 interpellati
1692 5670 1726 5715 α
1751 5652 2289 5723 deeessorenostro,
2312 5652 2592 5713 sanctiss.
2614 5652 2881 5731 patriar.
2915 5656 3158 5723 domino
3182 5658 3364 5732 baca,
3389 5662 3445 5719 et
3465 5652 3765 5720 admoniti

385 5747 410 5775 °
437 5737 909 5804 inter-dictorum.
