  <div class='ocr_page' id='page_1' title='image "/cluster/home/n/w/nwhite01/storage/ocr_20150623/119/hvd.32044073502494/412.png"; bbox 0 0 4192 6220; ppageno 0'>
   <div class='ocr_carea' id='block_1_1' title="bbox 278 366 398 433">
    <p class='ocr_par' dir='ltr' id='par_1_1' title="bbox 278 366 398 433">
     <span class='ocr_line' id='line_1_1' title="bbox 278 366 398 433; baseline 0 0"><span class='ocrx_word' id='word_1_1' title='bbox 278 366 398 433; x_wconf 81' lang='lat'>809</span> 
     </span>
    </p>
   </div>
   <div class='ocr_carea' id='block_1_2' title="bbox 1614 367 2320 438">
    <p class='ocr_par' dir='ltr' id='par_1_2' title="bbox 1614 367 2320 438">
     <span class='ocr_line' id='line_1_2' title="bbox 1614 367 2320 438; baseline 0.004 -5"><span class='ocrx_word' id='word_1_2' title='bbox 1614 367 2202 438; x_wconf 70' lang='lat' dir='ltr'>GREGO-ROMAN</span> <span class='ocrx_word' id='word_1_3' title='bbox 2210 376 2320 436; x_wconf 93' lang='lat' dir='ltr'><strong>UM</strong></span> 
     </span>
    </p>
   </div>
   <div class='ocr_carea' id='block_1_3' title="bbox 3547 376 3669 442">
    <p class='ocr_par' dir='ltr' id='par_1_3' title="bbox 3547 376 3669 442">
     <span class='ocr_line' id='line_1_3' title="bbox 3547 376 3669 442; baseline -0.025 0"><span class='ocrx_word' id='word_1_4' title='bbox 3547 376 3669 442; x_wconf 85' lang='grc'>810</span> 
     </span>
    </p>
   </div>
   <div class='ocr_carea' id='block_1_4' title="bbox 359 499 1945 588">
    <p class='ocr_par' dir='ltr' id='par_1_4' title="bbox 359 499 1930 583">
     <span class='ocr_line' id='line_1_4' title="bbox 359 499 1930 583; baseline -0.002 -24"><span class='ocrx_word' id='word_1_5' title='bbox 359 502 509 569; x_wconf 78' lang='grc' dir='ltr'>Τινὲς</span> <span class='ocrx_word' id='word_1_6' title='bbox 566 510 674 561; x_wconf 83' lang='grc' dir='ltr'>τῶν</span> <span class='ocrx_word' id='word_1_7' title='bbox 749 504 955 563; x_wconf 81' lang='grc' dir='ltr'>οἰκείων</span> <span class='ocrx_word' id='word_1_8' title='bbox 1024 509 1286 583; x_wconf 74' lang='grc' dir='ltr'>γυναικῶν</span> <span class='ocrx_word' id='word_1_9' title='bbox 1325 503 1776 583; x_wconf 77' lang='grc' dir='ltr'>ὑποχωρήσαντες</span> <span class='ocrx_word' id='word_1_10' title='bbox 1846 499 1930 557; x_wconf 83' lang='grc' dir='ltr'>διὰ</span> 
     </span>
    </p>
   </div>
   <div class='ocr_carea' id='block_1_5' title="bbox 2032 499 3665 588">
    <p class='ocr_par' dir='ltr' id='par_1_5' title="bbox 2094 500 3665 588">
     <span class='ocr_line' id='line_1_5' title="bbox 2094 500 3665 588; baseline 0.004 -25"><span class='ocrx_word' id='word_1_11' title='bbox 2094 500 2341 574; x_wconf 87' lang='lat' dir='ltr'>Quidam</span> <span class='ocrx_word' id='word_1_12' title='bbox 2375 522 2507 566; x_wconf 90' lang='lat' dir='ltr'>cum</span> <span class='ocrx_word' id='word_1_13' title='bbox 2539 522 2646 585; x_wconf 91' lang='lat' dir='ltr'>per</span> <span class='ocrx_word' id='word_1_14' title='bbox 2675 504 2876 566; x_wconf 89' lang='lat' dir='ltr'><strong>odium</strong></span> <span class='ocrx_word' id='word_1_15' title='bbox 2907 512 3009 568; x_wconf 91' lang='lat' dir='ltr'>aut</span> <span class='ocrx_word' id='word_1_16' title='bbox 3035 506 3207 569; x_wconf 89' lang='lat' dir='ltr'><strong>aliam</strong></span> <span class='ocrx_word' id='word_1_17' title='bbox 3241 506 3569 588; x_wconf 74' lang='lat' dir='ltr'>quamlibet</span> <span class='ocrx_word' id='word_1_18' title='bbox 3589 506 3665 569; x_wconf 94' lang='lat' dir='ltr'>ob</span> 
     </span>
    </p>
   </div>
   <div class='ocr_carea' id='block_1_6' title="bbox 280 590 1927 666">
    <p class='ocr_par' dir='ltr' id='par_1_6' title="bbox 280 590 1927 666">
     <span class='ocr_line' id='line_1_6' title="bbox 280 590 1927 666; baseline 0.001 -20"><span class='ocrx_word' id='word_1_19' title='bbox 280 602 464 666; x_wconf 85' lang='grc' dir='ltr'>μῖσος,</span> <span class='ocrx_word' id='word_1_20' title='bbox 510 591 547 656; x_wconf 62' lang='grc' dir='ltr'><strong>ἢ</strong></span> <span class='ocrx_word' id='word_1_21' title='bbox 578 591 750 660; x_wconf 86' lang='grc' dir='ltr'>ἄλλην</span> <span class='ocrx_word' id='word_1_22' title='bbox 793 593 977 651; x_wconf 78' lang='grc' dir='ltr'>ὁποίαν</span> <span class='ocrx_word' id='word_1_23' title='bbox 1023 590 1087 663; x_wconf 80' lang='grc' dir='ltr'>δή</span> <span class='ocrx_word' id='word_1_24' title='bbox 1130 614 1248 650; x_wconf 91' lang='grc' dir='ltr'>τινα</span> <span class='ocrx_word' id='word_1_25' title='bbox 1292 593 1481 666; x_wconf 85' lang='grc' dir='ltr'>αἰτίαν,</span> <span class='ocrx_word' id='word_1_26' title='bbox 1529 593 1616 649; x_wconf 87' lang='grc' dir='ltr'>καὶ</span> <span class='ocrx_word' id='word_1_27' title='bbox 1672 591 1726 648; x_wconf 80' lang='grc' dir='ltr'>ἐν</span> <span class='ocrx_word' id='word_1_28' title='bbox 1761 590 1927 648; x_wconf 61' lang='grc' dir='ltr'>ἀλλοι-</span> 
     </span>
    </p>
   </div>
   <div class='ocr_carea' id='block_1_7' title="bbox 277 677 1927 759">
    <p class='ocr_par' dir='ltr' id='par_1_7' title="bbox 277 677 1927 759">
     <span class='ocr_line' id='line_1_7' title="bbox 277 677 1927 759; baseline 0.001 -25"><span class='ocrx_word' id='word_1_29' title='bbox 277 678 393 757; x_wconf 77' lang='grc' dir='ltr'>τρίᾳ</span> <span class='ocrx_word' id='word_1_30' title='bbox 461 677 751 759; x_wconf 80' lang='grc' dir='ltr'>διάγοντες,</span> <span class='ocrx_word' id='word_1_31' title='bbox 834 681 1078 758; x_wconf 82' lang='grc' dir='ltr'>μὲνὸυσιν</span> <span class='ocrx_word' id='word_1_32' title='bbox 1158 679 1322 745; x_wconf 61' lang='grc' dir='ltr'>οὕτως</span> <span class='ocrx_word' id='word_1_33' title='bbox 1384 684 1435 737; x_wconf 85' lang='grc' dir='ltr'>αἱ</span> <span class='ocrx_word' id='word_1_34' title='bbox 1504 694 1752 759; x_wconf 85' lang='grc' dir='ltr'>γυναῖκες</span> <span class='ocrx_word' id='word_1_35' title='bbox 1824 686 1927 735; x_wconf 82' lang='grc' dir='ltr'>τῶν</span> 
     </span>
    </p>
   </div>
   <div class='ocr_carea' id='block_1_8' title="bbox 279 766 1929 847">
    <p class='ocr_par' dir='ltr' id='par_1_8' title="bbox 279 766 1929 847">
     <span class='ocr_line' id='line_1_8' title="bbox 279 766 1929 847; baseline 0 -25"><span class='ocrx_word' id='word_1_36' title='bbox 279 769 533 825; x_wconf 78' lang='grc' dir='ltr'>τοιούτων</span> <span class='ocrx_word' id='word_1_37' title='bbox 576 769 662 827; x_wconf 83' lang='grc' dir='ltr'>ἐπὶ</span> <span class='ocrx_word' id='word_1_38' title='bbox 703 769 857 827; x_wconf 81' lang='grc' dir='ltr'>πέντε</span> <span class='ocrx_word' id='word_1_39' title='bbox 915 770 950 839; x_wconf 78' lang='grc' dir='ltr'><strong>ἢ</strong></span> <span class='ocrx_word' id='word_1_40' title='bbox 992 772 1081 827; x_wconf 81' lang='grc' dir='ltr'>καὶ</span> <span class='ocrx_word' id='word_1_41' title='bbox 1131 768 1368 827; x_wconf 81' lang='grc' dir='ltr'>πλείοσιν</span> <span class='ocrx_word' id='word_1_42' title='bbox 1419 768 1557 826; x_wconf 77' lang='grc' dir='ltr'>ἔτεσι</span> <span class='ocrx_word' id='word_1_43' title='bbox 1594 776 1701 825; x_wconf 82' lang='grc' dir='ltr'>τῶν</span> <span class='ocrx_word' id='word_1_44' title='bbox 1731 766 1929 847; x_wconf 77' lang='grc' dir='ltr'>ἀνδρῶν</span> 
     </span>
    </p>
   </div>
   <div class='ocr_carea' id='block_1_9' title="bbox 281 856 1930 939">
    <p class='ocr_par' dir='ltr' id='par_1_9' title="bbox 281 856 1930 939">
     <span class='ocr_line' id='line_1_9' title="bbox 281 856 1930 939; baseline 0.001 -27"><span class='ocrx_word' id='word_1_45' title='bbox 281 857 452 913; x_wconf 66' lang='grc' dir='ltr'>αὐτῶν</span> <span class='ocrx_word' id='word_1_46' title='bbox 519 858 912 939; x_wconf 80' lang='grc' dir='ltr'>ἀνεπιστρόφων</span> <span class='ocrx_word' id='word_1_47' title='bbox 968 858 1158 939; x_wconf 74' lang='grc' dir='ltr'>ὄντων,</span> <span class='ocrx_word' id='word_1_48' title='bbox 1230 860 1317 914; x_wconf 88' lang='grc' dir='ltr'>καὶ</span> <span class='ocrx_word' id='word_1_49' title='bbox 1392 856 1601 928; x_wconf 74' lang='grc' dir='ltr'>ἀδήλων</span> <span class='ocrx_word' id='word_1_50' title='bbox 1668 864 1772 914; x_wconf 79' lang='grc' dir='ltr'>ποῦ</span> <span class='ocrx_word' id='word_1_51' title='bbox 1832 857 1930 935; x_wconf 85' lang='grc' dir='ltr'>ἄρα</span> 
     </span>
    </p>
   </div>
   <div class='ocr_carea' id='block_1_10' title="bbox 280 943 1932 1029">
    <p class='ocr_par' dir='ltr' id='par_1_10' title="bbox 280 943 1932 1029">
     <span class='ocr_line' id='line_1_10' title="bbox 280 943 1932 1029; baseline 0.002 -28"><span class='ocrx_word' id='word_1_52' title='bbox 280 943 521 1026; x_wconf 77' lang='grc' dir='ltr'>διάγοιεν</span> <span class='ocrx_word' id='word_1_53' title='bbox 557 963 572 978; x_wconf 84' lang='grc'><em>’</em></span> <span class='ocrx_word' id='word_1_54' title='bbox 656 950 700 1006; x_wconf 80' lang='grc' dir='ltr'>εἰ</span> <span class='ocrx_word' id='word_1_55' title='bbox 780 947 863 1005; x_wconf 85' lang='grc' dir='ltr'>δεῖ</span> <span class='ocrx_word' id='word_1_56' title='bbox 930 950 1101 1006; x_wconf 80' lang='grc' dir='ltr'>τοίνυν</span> <span class='ocrx_word' id='word_1_57' title='bbox 1164 947 1406 1029; x_wconf 80' lang='grc' dir='ltr'>ἀνδράσιν</span> <span class='ocrx_word' id='word_1_58' title='bbox 1483 948 1680 1028; x_wconf 76' lang='grc' dir='ltr'>ἑτέροις</span> <span class='ocrx_word' id='word_1_59' title='bbox 1735 951 1932 1012; x_wconf 80' lang='grc' dir='ltr'>ταύτας</span> 
     </span>
    </p>
   </div>
   <div class='ocr_carea' id='block_1_11' title="bbox 283 1036 700 1118">
    <p class='ocr_par' dir='ltr' id='par_1_11' title="bbox 283 1036 700 1118">
     <span class='ocr_line' id='line_1_11' title="bbox 283 1036 700 1118; baseline 0.012 -28"><span class='ocrx_word' id='word_1_60' title='bbox 283 1036 648 1116; x_wconf 80' lang='grc' dir='ltr'>συζεύγνυσθαι</span> <span class='ocrx_word' id='word_1_61' title='bbox 683 1057 700 1118; x_wconf 84' lang='grc'>;</span> 
     </span>
    </p>
   </div>
   <div class='ocr_carea' id='block_1_12' title="bbox 362 1124 1929 1207">
    <p class='ocr_par' dir='ltr' id='par_1_12' title="bbox 362 1124 1929 1207">
     <span class='ocr_line' id='line_1_12' title="bbox 362 1124 1929 1207; baseline 0.001 -25"><span class='ocrx_word' id='word_1_62' title='bbox 362 1124 509 1190; x_wconf 79' lang='grc' dir='ltr'>Τινὲς</span> <span class='ocrx_word' id='word_1_63' title='bbox 563 1127 669 1185; x_wconf 71' lang='grc' dir='ltr'>τῶδ</span> <span class='ocrx_word' id='word_1_64' title='bbox 728 1125 1026 1207; x_wconf 78' lang='grc' dir='ltr'>ἱερωμένων</span> <span class='ocrx_word' id='word_1_65' title='bbox 1075 1126 1129 1182; x_wconf 79' lang='grc' dir='ltr'>ἐν</span> <span class='ocrx_word' id='word_1_66' title='bbox 1196 1132 1264 1203; x_wconf 74' lang='grc' dir='ltr'>τῇ</span> <span class='ocrx_word' id='word_1_67' title='bbox 1320 1125 1532 1206; x_wconf 75' lang='grc' dir='ltr'>μεγάλη</span> <span class='ocrx_word' id='word_1_68' title='bbox 1590 1135 1929 1206; x_wconf 84' lang='grc' dir='ltr'>Τεσσαρακο-</span> 
     </span>
    </p>
   </div>
   <div class='ocr_carea' id='block_1_13' title="bbox 282 1216 1931 1295">
    <p class='ocr_par' dir='ltr' id='par_1_13' title="bbox 282 1216 1931 1295">
     <span class='ocr_line' id='line_1_13' title="bbox 282 1216 1931 1295; baseline -0.001 -23"><span class='ocrx_word' id='word_1_69' title='bbox 282 1220 404 1291; x_wconf 76' lang='grc' dir='ltr'>στῇ,</span> <span class='ocrx_word' id='word_1_70' title='bbox 463 1216 919 1295; x_wconf 81' lang='grc' dir='ltr'>προηγιασμένους</span> <span class='ocrx_word' id='word_1_71' title='bbox 976 1216 1143 1281; x_wconf 81' lang='grc' dir='ltr'>θείους</span> <span class='ocrx_word' id='word_1_72' title='bbox 1228 1216 1413 1295; x_wconf 77' lang='grc' dir='ltr'>ἄρτους</span> <span class='ocrx_word' id='word_1_73' title='bbox 1498 1216 1789 1295; x_wconf 75' lang='grc' dir='ltr'>κρύψαντες</span> <span class='ocrx_word' id='word_1_74' title='bbox 1877 1216 1931 1271; x_wconf 79' lang='grc' dir='ltr'>ἐν</span> 
     </span>
    </p>
   </div>
   <div class='ocr_carea' id='block_1_14' title="bbox 284 1302 1930 1386">
    <p class='ocr_par' dir='ltr' id='par_1_14' title="bbox 284 1302 1930 1386">
     <span class='ocr_line' id='line_1_14' title="bbox 284 1302 1930 1386; baseline 0.001 -28"><span class='ocrx_word' id='word_1_75' title='bbox 284 1302 632 1386; x_wconf 81' lang='grc' dir='ltr'>ἀρτοφορίοις,</span> <span class='ocrx_word' id='word_1_76' title='bbox 704 1306 827 1362; x_wconf 76' lang='grc' dir='ltr'>εἶτα</span> <span class='ocrx_word' id='word_1_77' title='bbox 893 1304 1132 1383; x_wconf 77' lang='grc' dir='ltr'>συνεργίᾳ</span> <span class='ocrx_word' id='word_1_78' title='bbox 1181 1303 1424 1380; x_wconf 77' lang='grc' dir='ltr'>δαίμονος</span> <span class='ocrx_word' id='word_1_79' title='bbox 1486 1304 1547 1362; x_wconf 81' lang='grc' dir='ltr'>ἐκ</span> <span class='ocrx_word' id='word_1_80' title='bbox 1613 1312 1705 1361; x_wconf 79' lang='grc' dir='ltr'>τοὺ</span> <span class='ocrx_word' id='word_1_81' title='bbox 1764 1312 1930 1372; x_wconf 84' lang='grc' dir='ltr'>σηκοῦ</span> 
     </span>
    </p>
   </div>
   <div class='ocr_carea' id='block_1_15' title="bbox 2010 593 3667 678">
    <p class='ocr_par' dir='ltr' id='par_1_15' title="bbox 2010 593 3667 678">
     <span class='ocr_line' id='line_1_15' title="bbox 2010 593 3667 678; baseline 0.006 -29"><span class='ocrx_word' id='word_1_82' title='bbox 2010 608 2245 655; x_wconf 85' lang='lat' dir='ltr'>causam</span> <span class='ocrx_word' id='word_1_83' title='bbox 2294 612 2329 655; x_wconf 89' lang='lat' dir='ltr'>a</span> <span class='ocrx_word' id='word_1_84' title='bbox 2385 595 2507 655; x_wconf 85' lang='lat' dir='ltr'>suis</span> <span class='ocrx_word' id='word_1_85' title='bbox 2567 593 2847 655; x_wconf 83' lang='lat' dir='ltr'>uxoribus</span> <span class='ocrx_word' id='word_1_86' title='bbox 2911 595 3355 673; x_wconf 85' lang='lat' dir='ltr'>discessissent,</span> <span class='ocrx_word' id='word_1_87' title='bbox 3413 614 3667 678; x_wconf 78' lang='lat' dir='ltr'>peregre</span> 
     </span>
    </p>
   </div>
   <div class='ocr_carea' id='block_1_16' title="bbox 2010 679 3664 762">
    <p class='ocr_par' dir='ltr' id='par_1_16' title="bbox 2010 679 3664 762">
     <span class='ocr_line' id='line_1_16' title="bbox 2010 679 3664 762; baseline 0.005 -23"><span class='ocrx_word' id='word_1_88' title='bbox 2010 679 2316 759; x_wconf 80' lang='lat' dir='ltr'><strong>degentes,</strong></span> <span class='ocrx_word' id='word_1_89' title='bbox 2352 702 2469 744; x_wconf 92' lang='lat' dir='ltr'>non</span> <span class='ocrx_word' id='word_1_90' title='bbox 2500 691 2880 745; x_wconf 89' lang='lat' dir='ltr'><strong>revertuntur</strong></span> <span class='ocrx_word' id='word_1_91' title='bbox 2911 705 2927 745; x_wconf 91' lang='lat'><strong>:</strong></span> <span class='ocrx_word' id='word_1_92' title='bbox 2979 694 3036 747; x_wconf 91' lang='lat' dir='ltr'>et</span> <span class='ocrx_word' id='word_1_93' title='bbox 3067 704 3202 746; x_wconf 91' lang='lat' dir='ltr'>cum</span> <span class='ocrx_word' id='word_1_94' title='bbox 3232 685 3529 748; x_wconf 90' lang='lat' dir='ltr'><strong>incertum</strong></span> <span class='ocrx_word' id='word_1_95' title='bbox 3564 686 3664 762; x_wconf 90' lang='lat' dir='ltr'><strong>sit,</strong></span> 
     </span>
    </p>
   </div>
   <div class='ocr_carea' id='block_1_17' title="bbox 2009 768 3662 852">
    <p class='ocr_par' dir='ltr' id='par_1_17' title="bbox 2009 768 3662 852">
     <span class='ocr_line' id='line_1_17' title="bbox 2009 768 3662 852; baseline 0.005 -23"><span class='ocrx_word' id='word_1_96' title='bbox 2009 768 2113 829; x_wconf 90' lang='lat' dir='ltr'>ubi</span> <span class='ocrx_word' id='word_1_97' title='bbox 2142 779 2336 848; x_wconf 82' lang='lat' dir='ltr'>agant,</span> <span class='ocrx_word' id='word_1_98' title='bbox 2371 791 2489 834; x_wconf 92' lang='lat' dir='ltr'>non</span> <span class='ocrx_word' id='word_1_99' title='bbox 2519 781 2896 835; x_wconf 89' lang='lat' dir='ltr'><strong>revertuntur</strong></span> <span class='ocrx_word' id='word_1_100' title='bbox 2929 794 2944 835; x_wconf 89' lang='lat'>:</span> <span class='ocrx_word' id='word_1_101' title='bbox 2980 781 3037 835; x_wconf 93' lang='lat' dir='ltr'>et</span> <span class='ocrx_word' id='word_1_102' title='bbox 3065 794 3199 835; x_wconf 90' lang='lat' dir='ltr'>cum</span> <span class='ocrx_word' id='word_1_103' title='bbox 3229 775 3524 837; x_wconf 89' lang='lat' dir='ltr'><strong>incertum</strong></span> <span class='ocrx_word' id='word_1_104' title='bbox 3566 776 3662 852; x_wconf 91' lang='lat' dir='ltr'><strong>sit,</strong></span> 
     </span>
    </p>
   </div>
   <div class='ocr_carea' id='block_1_18' title="bbox 2010 860 3670 945">
    <p class='ocr_par' dir='ltr' id='par_1_18' title="bbox 2010 860 3670 945">
     <span class='ocr_line' id='line_1_18' title="bbox 2010 860 3670 945; baseline 0.005 -27"><span class='ocrx_word' id='word_1_105' title='bbox 2010 874 2196 921; x_wconf 91' lang='lat' dir='ltr'><strong>annos</strong></span> <span class='ocrx_word' id='word_1_106' title='bbox 2236 861 2325 922; x_wconf 86' lang='lat' dir='ltr'>vel</span> <span class='ocrx_word' id='word_1_107' title='bbox 2381 860 2601 941; x_wconf 84' lang='lat' dir='ltr'>plures.</span> <span class='ocrx_word' id='word_1_108' title='bbox 2636 860 2726 923; x_wconf 88' lang='lat' dir='ltr'><strong>An</strong></span> <span class='ocrx_word' id='word_1_109' title='bbox 2759 881 2861 924; x_wconf 92' lang='lat' dir='ltr'>eas</span> <span class='ocrx_word' id='word_1_110' title='bbox 2895 870 3167 944; x_wconf 82' lang='lat' dir='ltr'>oporteat</span> <span class='ocrx_word' id='word_1_111' title='bbox 3220 863 3354 926; x_wconf 88' lang='lat' dir='ltr'><strong>aliis</strong></span> <span class='ocrx_word' id='word_1_112' title='bbox 3388 865 3670 945; x_wconf 82' lang='lat' dir='ltr'>conjungi</span> 
     </span>
    </p>
   </div>
   <div class='ocr_carea' id='block_1_19' title="bbox 2011 946 2209 1008">
    <p class='ocr_par' dir='ltr' id='par_1_19' title="bbox 2011 946 2209 1008">
     <span class='ocr_line' id='line_1_19' title="bbox 2011 946 2209 1008; baseline 0.01 -2"><span class='ocrx_word' id='word_1_113' title='bbox 2011 946 2154 1008; x_wconf 91' lang='lat' dir='ltr'><strong>viris</strong></span> <span class='ocrx_word' id='word_1_114' title='bbox 2179 947 2209 1007; x_wconf 68' lang='grc' dir='ltr'>ί]</span> 
     </span>
    </p>
   </div>
   <div class='ocr_carea' id='block_1_20' title="bbox 2093 1124 3669 1208">
    <p class='ocr_par' dir='ltr' id='par_1_20' title="bbox 2093 1124 3669 1208">
     <span class='ocr_line' id='line_1_20' title="bbox 2093 1124 3669 1208; baseline 0.005 -21"><span class='ocrx_word' id='word_1_115' title='bbox 2093 1124 2340 1198; x_wconf 88' lang='lat' dir='ltr'>Quidam</span> <span class='ocrx_word' id='word_1_116' title='bbox 2410 1126 2771 1190; x_wconf 75' lang='lat' dir='ltr'><strong>sacriﬁculii</strong></span> <span class='ocrx_word' id='word_1_117' title='bbox 2811 1127 2873 1189; x_wconf 93' lang='lat' dir='ltr'>in</span> <span class='ocrx_word' id='word_1_118' title='bbox 2931 1146 3144 1207; x_wconf 89' lang='lat' dir='ltr'><strong>magna</strong></span> <span class='ocrx_word' id='word_1_119' title='bbox 3203 1127 3669 1208; x_wconf 84' lang='lat' dir='ltr'><strong>Quadragesima</strong></span> 
     </span>
    </p>
   </div>
   <div class='ocr_carea' id='block_1_21' title="bbox 2014 1216 3669 1297">
    <p class='ocr_par' dir='ltr' id='par_1_21' title="bbox 2014 1216 3669 1297">
     <span class='ocr_line' id='line_1_21' title="bbox 2014 1216 3669 1297; baseline 0.005 -22"><span class='ocrx_word' id='word_1_120' title='bbox 2014 1216 2531 1296; x_wconf 64' lang='lat' dir='ltr'><strong>przesanctiﬁcatos</strong></span> <span class='ocrx_word' id='word_1_121' title='bbox 2561 1216 2789 1277; x_wconf 86' lang='lat' dir='ltr'><strong>divinos</strong></span> <span class='ocrx_word' id='word_1_122' title='bbox 2820 1234 3000 1296; x_wconf 89' lang='lat' dir='ltr'><strong>panes</strong></span> <span class='ocrx_word' id='word_1_123' title='bbox 3050 1216 3112 1278; x_wconf 91' lang='lat' dir='ltr'>in</span> <span class='ocrx_word' id='word_1_124' title='bbox 3142 1218 3401 1297; x_wconf 89' lang='lat' dir='ltr'><strong>panariis</strong></span> <span class='ocrx_word' id='word_1_125' title='bbox 3447 1238 3669 1283; x_wconf 82' lang='lat' dir='ltr'><strong>recon-</strong></span> 
     </span>
    </p>
   </div>
   <div class='ocr_carea' id='block_1_22' title="bbox 2013 1303 3671 1387">
    <p class='ocr_par' dir='ltr' id='par_1_22' title="bbox 2013 1303 3671 1387">
     <span class='ocr_line' id='line_1_22' title="bbox 2013 1303 3671 1387; baseline 0.006 -22"><span class='ocrx_word' id='word_1_126' title='bbox 2013 1303 2244 1380; x_wconf 91' lang='lat' dir='ltr'><strong>dentes,</strong></span> <span class='ocrx_word' id='word_1_127' title='bbox 2277 1304 2351 1365; x_wconf 90' lang='lat' dir='ltr'>iis</span> <span class='ocrx_word' id='word_1_128' title='bbox 2384 1303 2605 1366; x_wconf 93' lang='lat' dir='ltr'><strong>deinde</strong></span> <span class='ocrx_word' id='word_1_129' title='bbox 2636 1323 2818 1385; x_wconf 86' lang='lat' dir='ltr'><strong>opera</strong></span> <span class='ocrx_word' id='word_1_130' title='bbox 2849 1304 3138 1366; x_wconf 80' lang='lat' dir='ltr'><strong>daemonis</strong></span> <span class='ocrx_word' id='word_1_131' title='bbox 3170 1325 3239 1369; x_wconf 85' lang='lat' dir='ltr'><strong>ex</strong></span> <span class='ocrx_word' id='word_1_132' title='bbox 3271 1316 3438 1387; x_wconf 92' lang='lat' dir='ltr'><strong>septo</strong></span> <span class='ocrx_word' id='word_1_133' title='bbox 3471 1309 3671 1375; x_wconf 87' lang='lat' dir='ltr'><strong>divino</strong></span> 
     </span>
    </p>
   </div>
   <div class='ocr_carea' id='block_1_23' title="bbox 282 1391 1945 1480">
    <p class='ocr_par' dir='ltr' id='par_1_23' title="bbox 282 1393 1935 1480">
     <span class='ocr_line' id='line_1_23' title="bbox 282 1393 1935 1480; baseline 0.002 -33"><span class='ocrx_word' id='word_1_134' title='bbox 282 1398 375 1480; x_wconf 74' lang='grc' dir='ltr'>τοῦ</span> <span class='ocrx_word' id='word_1_135' title='bbox 416 1393 552 1449; x_wconf 82' lang='grc' dir='ltr'>θείου</span> <span class='ocrx_word' id='word_1_136' title='bbox 608 1393 942 1461; x_wconf 80' lang='grc' dir='ltr'>συληθέντων</span> <span class='ocrx_word' id='word_1_137' title='bbox 983 1395 1084 1451; x_wconf 79' lang='grc' dir='ltr'>ὑπὸ</span> <span class='ocrx_word' id='word_1_138' title='bbox 1139 1394 1312 1475; x_wconf 81' lang='grc' dir='ltr'>μυῶν,</span> <span class='ocrx_word' id='word_1_139' title='bbox 1382 1396 1469 1451; x_wconf 82' lang='grc' dir='ltr'>καὶ</span> <span class='ocrx_word' id='word_1_140' title='bbox 1514 1396 1667 1459; x_wconf 75' lang='grc' dir='ltr'>κυνὸς</span> <span class='ocrx_word' id='word_1_141' title='bbox 1726 1416 1935 1474; x_wconf 88' lang='grc' dir='ltr'>παραν-</span> 
     </span>
    </p>
   </div>
   <div class='ocr_carea' id='block_1_24' title="bbox 2032 1391 3669 1480">
    <p class='ocr_par' dir='ltr' id='par_1_24' title="bbox 2032 1391 3669 1480">
     <span class='ocr_line' id='line_1_24' title="bbox 2032 1391 3669 1480; baseline 0.004 -26"><span class='ocrx_word' id='word_1_142' title='bbox 2032 1391 2315 1473; x_wconf 73' lang='lat' dir='ltr'><strong>subreptis</strong></span> <span class='ocrx_word' id='word_1_143' title='bbox 2344 1411 2378 1454; x_wconf 91' lang='lat' dir='ltr'>a</span> <span class='ocrx_word' id='word_1_144' title='bbox 2407 1392 2698 1467; x_wconf 90' lang='lat' dir='ltr'><strong>muribus,</strong></span> <span class='ocrx_word' id='word_1_145' title='bbox 2735 1400 2792 1454; x_wconf 88' lang='lat' dir='ltr'>et</span> <span class='ocrx_word' id='word_1_146' title='bbox 2816 1411 2964 1454; x_wconf 92' lang='lat' dir='ltr'><strong>cane</strong></span> <span class='ocrx_word' id='word_1_147' title='bbox 2990 1393 3213 1455; x_wconf 87' lang='lat' dir='ltr'><strong>ostium</strong></span> <span class='ocrx_word' id='word_1_148' title='bbox 3243 1395 3669 1480; x_wconf 89' lang='lat' dir='ltr'><strong>aperiente,vel</strong></span> 
     </span>
    </p>
   </div>
   <div class='ocr_carea' id='block_1_25' title="bbox 285 1478 1945 1564">
    <p class='ocr_par' dir='ltr' id='par_1_25' title="bbox 285 1478 1938 1564">
     <span class='ocr_line' id='line_1_25' title="bbox 285 1478 1938 1564; baseline 0.002 -29"><span class='ocrx_word' id='word_1_149' title='bbox 285 1478 517 1546; x_wconf 79' lang='grc' dir='ltr'>οίξαντος</span> <span class='ocrx_word' id='word_1_150' title='bbox 571 1483 670 1551; x_wconf 83' lang='grc' dir='ltr'>τὴν</span> <span class='ocrx_word' id='word_1_151' title='bbox 726 1484 900 1563; x_wconf 87' lang='grc' dir='ltr'>θύρον,</span> <span class='ocrx_word' id='word_1_152' title='bbox 955 1483 991 1551; x_wconf 76' lang='grc' dir='ltr'>ἢ</span> <span class='ocrx_word' id='word_1_153' title='bbox 1054 1485 1143 1539; x_wconf 83' lang='grc' dir='ltr'>καὶ</span> <span class='ocrx_word' id='word_1_154' title='bbox 1225 1484 1280 1540; x_wconf 81' lang='grc' dir='ltr'>ἐν</span> <span class='ocrx_word' id='word_1_155' title='bbox 1346 1491 1423 1558; x_wconf 83' lang='grc' dir='ltr'>τῷ</span> <span class='ocrx_word' id='word_1_156' title='bbox 1491 1485 1780 1564; x_wconf 78' lang='grc' dir='ltr'>ἱερουργεῖν</span> <span class='ocrx_word' id='word_1_157' title='bbox 1848 1486 1938 1539; x_wconf 77' lang='grc' dir='ltr'>τὸν</span> 
     </span>
    </p>
   </div>
   <div class='ocr_carea' id='block_1_26' title="bbox 2032 1478 3673 1564">
    <p class='ocr_par' dir='ltr' id='par_1_26' title="bbox 2032 1478 3673 1559">
     <span class='ocr_line' id='line_1_26' title="bbox 2032 1478 3673 1559; baseline 0.005 -17"><span class='ocrx_word' id='word_1_158' title='bbox 2032 1482 2201 1544; x_wconf 75' lang='lat' dir='ltr'><strong>etiam</strong></span> <span class='ocrx_word' id='word_1_159' title='bbox 2252 1500 2385 1542; x_wconf 91' lang='lat' dir='ltr'>cum</span> <span class='ocrx_word' id='word_1_160' title='bbox 2444 1481 2721 1543; x_wconf 88' lang='lat' dir='ltr'><strong>sacerdos</strong></span> <span class='ocrx_word' id='word_1_161' title='bbox 2780 1482 3168 1559; x_wconf 86' lang='lat' dir='ltr'><strong>sacriﬁcaret,</strong></span> <span class='ocrx_word' id='word_1_162' title='bbox 3202 1491 3260 1545; x_wconf 92' lang='lat' dir='ltr'>et</span> <span class='ocrx_word' id='word_1_163' title='bbox 3309 1484 3380 1545; x_wconf 91' lang='lat' dir='ltr'>ad</span> <span class='ocrx_word' id='word_1_164' title='bbox 3438 1478 3673 1550; x_wconf 87' lang='lat' dir='ltr'><strong>mensas</strong></span> 
     </span>
    </p>
   </div>
   <div class='ocr_carea' id='block_1_27' title="bbox 284 1568 1945 1655">
    <p class='ocr_par' dir='ltr' id='par_1_27' title="bbox 284 1568 1933 1652">
     <span class='ocr_line' id='line_1_27' title="bbox 284 1568 1933 1652; baseline 0.002 -28"><span class='ocrx_word' id='word_1_165' title='bbox 284 1568 423 1648; x_wconf 76' lang='grc' dir='ltr'>ἱερέα</span> <span class='ocrx_word' id='word_1_166' title='bbox 465 1572 553 1627; x_wconf 87' lang='grc' dir='ltr'>καὶ</span> <span class='ocrx_word' id='word_1_167' title='bbox 603 1571 657 1627; x_wconf 79' lang='grc' dir='ltr'>ἐν</span> <span class='ocrx_word' id='word_1_168' title='bbox 714 1578 785 1649; x_wconf 79' lang='grc' dir='ltr'>τῇ</span> <span class='ocrx_word' id='word_1_169' title='bbox 822 1571 1054 1650; x_wconf 73' lang='grc' dir='ltr'>τραπέζῃ</span> <span class='ocrx_word' id='word_1_170' title='bbox 1097 1573 1188 1638; x_wconf 83' lang='grc' dir='ltr'>τὰς</span> <span class='ocrx_word' id='word_1_171' title='bbox 1258 1573 1422 1652; x_wconf 76' lang='grc' dir='ltr'>εὐχὰς</span> <span class='ocrx_word' id='word_1_172' title='bbox 1465 1572 1933 1650; x_wconf 78' lang='grc' dir='ltr'>ὕπαναγινώσκειν,</span> 
     </span>
    </p>
   </div>
   <div class='ocr_carea' id='block_1_28' title="bbox 2032 1568 3670 1655">
    <p class='ocr_par' dir='ltr' id='par_1_28' title="bbox 2032 1570 3670 1655">
     <span class='ocr_line' id='line_1_28' title="bbox 2032 1570 3670 1655; baseline 0.005 -24"><span class='ocrx_word' id='word_1_173' title='bbox 2032 1570 2391 1650; x_wconf 88' lang='lat' dir='ltr'><strong>precationes</strong></span> <span class='ocrx_word' id='word_1_174' title='bbox 2450 1571 2696 1652; x_wconf 85' lang='lat' dir='ltr'><strong>legeret,</strong></span> <span class='ocrx_word' id='word_1_175' title='bbox 2752 1570 3111 1633; x_wconf 85' lang='lat' dir='ltr'><strong>delitescens</strong></span> <span class='ocrx_word' id='word_1_176' title='bbox 3168 1591 3299 1634; x_wconf 90' lang='lat' dir='ltr'>mus</span> <span class='ocrx_word' id='word_1_177' title='bbox 3340 1582 3469 1655; x_wconf 90' lang='lat' dir='ltr'><strong>post</strong></span> <span class='ocrx_word' id='word_1_178' title='bbox 3498 1577 3670 1639; x_wconf 91' lang='lat' dir='ltr'><strong>obla-</strong></span> 
     </span>
    </p>
   </div>
   <div class='ocr_carea' id='block_1_29' title="bbox 286 1655 1945 1746">
    <p class='ocr_par' dir='ltr' id='par_1_29' title="bbox 286 1655 1940 1741">
     <span class='ocr_line' id='line_1_29' title="bbox 286 1655 1940 1741; baseline 0.002 -28"><span class='ocrx_word' id='word_1_179' title='bbox 286 1655 460 1714; x_wconf 87' lang='grc' dir='ltr'>λαθὼν</span> <span class='ocrx_word' id='word_1_180' title='bbox 516 1666 614 1735; x_wconf 83' lang='grc' dir='ltr'>μῦς</span> <span class='ocrx_word' id='word_1_181' title='bbox 664 1683 746 1725; x_wconf 89' lang='grc' dir='ltr'>τις</span> <span class='ocrx_word' id='word_1_182' title='bbox 795 1662 930 1737; x_wconf 86' lang='grc' dir='ltr'>μετά</span> <span class='ocrx_word' id='word_1_183' title='bbox 980 1662 1077 1729; x_wconf 77' lang='grc' dir='ltr'>τῆν</span> <span class='ocrx_word' id='word_1_184' title='bbox 1132 1660 1492 1738; x_wconf 63' lang='grc' dir='ltr'>προαομιδήν</span> <span class='ocrx_word' id='word_1_185' title='bbox 1543 1662 1823 1741; x_wconf 77' lang='grc' dir='ltr'>ἀφήρπασε</span> <span class='ocrx_word' id='word_1_186' title='bbox 1877 1662 1940 1716; x_wconf 77' lang='grc' dir='ltr'>τὸ</span> 
     </span>
    </p>
   </div>
   <div class='ocr_carea' id='block_1_30' title="bbox 2032 1655 3669 1746">
    <p class='ocr_par' dir='ltr' id='par_1_30' title="bbox 2032 1658 3669 1746">
     <span class='ocr_line' id='line_1_30' title="bbox 2032 1658 3669 1746; baseline 0.005 -26"><span class='ocrx_word' id='word_1_187' title='bbox 2032 1659 2269 1733; x_wconf 81' lang='lat' dir='ltr'><strong>tionem,</strong></span> <span class='ocrx_word' id='word_1_188' title='bbox 2298 1667 2703 1722; x_wconf 80' lang='lat' dir='ltr'><strong>consecratum</strong></span> <span class='ocrx_word' id='word_1_189' title='bbox 2759 1658 3023 1722; x_wconf 89' lang='lat' dir='ltr'><strong>divinum</strong></span> <span class='ocrx_word' id='word_1_190' title='bbox 3083 1680 3297 1743; x_wconf 91' lang='lat' dir='ltr'><strong>corpus</strong></span> <span class='ocrx_word' id='word_1_191' title='bbox 3339 1664 3669 1746; x_wconf 80' lang='lat' dir='ltr'><strong>subripuit;</strong></span> 
     </span>
    </p>
   </div>
   <div class='ocr_carea' id='block_1_31' title="bbox 284 1747 1945 1848">
    <p class='ocr_par' dir='ltr' id='par_1_31' title="bbox 284 1748 1939 1831">
     <span class='ocr_line' id='line_1_31' title="bbox 284 1748 1939 1831; baseline 0.004 -30"><span class='ocrx_word' id='word_1_192' title='bbox 284 1748 717 1827; x_wconf 78' lang='grc' dir='ltr'>ἱερουργούμενον</span> <span class='ocrx_word' id='word_1_193' title='bbox 764 1753 908 1806; x_wconf 91' lang='grc' dir='ltr'>θεῖον</span> <span class='ocrx_word' id='word_1_194' title='bbox 954 1756 1108 1827; x_wconf 83' lang='grc' dir='ltr'>σῶμα</span> <span class='ocrx_word' id='word_1_195' title='bbox 1145 1769 1156 1783; x_wconf 91' lang='grc'><strong>·</strong></span> <span class='ocrx_word' id='word_1_196' title='bbox 1204 1756 1318 1816; x_wconf 82' lang='grc' dir='ltr'>πῶς</span> <span class='ocrx_word' id='word_1_197' title='bbox 1360 1751 1472 1831; x_wconf 77' lang='grc' dir='ltr'>χρὴ</span> <span class='ocrx_word' id='word_1_198' title='bbox 1502 1752 1575 1815; x_wconf 87' lang='grc' dir='ltr'>εἰς</span> <span class='ocrx_word' id='word_1_199' title='bbox 1618 1751 1685 1807; x_wconf 84' lang='grc' dir='ltr'>τὰ</span> <span class='ocrx_word' id='word_1_200' title='bbox 1724 1757 1939 1807; x_wconf 77' lang='grc' dir='ltr'>τοιαῦτα</span> 
     </span>
    </p>
   </div>
   <div class='ocr_carea' id='block_1_32' title="bbox 2032 1747 3319 1848">
    <p class='ocr_par' dir='ltr' id='par_1_32' title="bbox 2032 1747 3319 1822">
     <span class='ocr_line' id='line_1_32' title="bbox 2032 1747 3319 1822; baseline 0.002 -11"><span class='ocrx_word' id='word_1_201' title='bbox 2032 1747 2209 1822; x_wconf 81' lang='lat' dir='ltr'><strong>Quam</strong></span> <span class='ocrx_word' id='word_1_202' title='bbox 2242 1767 2552 1811; x_wconf 88' lang='lat' dir='ltr'><strong>censuram</strong></span> <span class='ocrx_word' id='word_1_203' title='bbox 2583 1755 2892 1812; x_wconf 87' lang='lat' dir='ltr'><strong>merentur</strong></span> <span class='ocrx_word' id='word_1_204' title='bbox 2922 1749 3264 1814; x_wconf 88' lang='lat' dir='ltr'><strong>sacerdotes</strong></span> <span class='ocrx_word' id='word_1_205' title='bbox 3294 1750 3319 1813; x_wconf 68' lang='grc' dir='ltr'><em>Υ</em></span> 
     </span>
    </p>
   </div>
   <div class='ocr_carea' id='block_1_33' title="bbox 287 1835 1034 1918">
    <p class='ocr_par' dir='ltr' id='par_1_33' title="bbox 287 1835 1034 1918">
     <span class='ocr_line' id='line_1_33' title="bbox 287 1835 1034 1918; baseline 0.008 -27"><span class='ocrx_word' id='word_1_206' title='bbox 287 1835 669 1918; x_wconf 40' lang='grc' dir='ltr'>ἐπι-τιμηθῆναι</span> <span class='ocrx_word' id='word_1_207' title='bbox 698 1840 820 1902; x_wconf 82' lang='grc' dir='ltr'>τοὺς</span> <span class='ocrx_word' id='word_1_208' title='bbox 850 1842 1034 1918; x_wconf 79' lang='grc' dir='ltr'>ἱερεῖς.</span> 
     </span>
    </p>
   </div>
   <div class='ocr_carea' id='block_1_34' title="bbox 371 1916 1945 2009">
    <p class='ocr_par' dir='ltr' id='par_1_34' title="bbox 371 1916 1941 2008">
     <span class='ocr_line' id='line_1_34' title="bbox 371 1916 1941 2008; baseline 0.002 -26"><span class='ocrx_word' id='word_1_209' title='bbox 371 1916 559 2005; x_wconf 72' lang='grc' dir='ltr'>Ἶερεῖς</span> <span class='ocrx_word' id='word_1_210' title='bbox 586 1948 725 1991; x_wconf 89' lang='grc' dir='ltr'>τινες</span> <span class='ocrx_word' id='word_1_211' title='bbox 777 1916 1145 2007; x_wconf 72' lang='grc' dir='ltr'>ἀφοριζόμενοι</span> <span class='ocrx_word' id='word_1_212' title='bbox 1188 1930 1332 2007; x_wconf 88' lang='grc' dir='ltr'>παρά</span> <span class='ocrx_word' id='word_1_213' title='bbox 1378 1936 1483 1987; x_wconf 79' lang='grc' dir='ltr'>τῶν</span> <span class='ocrx_word' id='word_1_214' title='bbox 1540 1929 1745 1987; x_wconf 85' lang='grc' dir='ltr'>οἰκείων</span> <span class='ocrx_word' id='word_1_215' title='bbox 1798 1929 1941 2008; x_wconf 87' lang='grc' dir='ltr'>ἀρχ-</span> 
     </span>
    </p>
   </div>
   <div class='ocr_carea' id='block_1_35' title="bbox 2032 1916 3672 2009">
    <p class='ocr_par' dir='ltr' id='par_1_35' title="bbox 2106 1926 3672 2009">
     <span class='ocr_line' id='line_1_35' title="bbox 2106 1926 3672 2009; baseline 0.002 -19"><span class='ocrx_word' id='word_1_216' title='bbox 2106 1926 2459 1991; x_wconf 87' lang='lat' dir='ltr'><strong>Sacerdotes</strong></span> <span class='ocrx_word' id='word_1_217' title='bbox 2518 1927 2759 2009; x_wconf 90' lang='lat' dir='ltr'><strong>quidam</strong></span> <span class='ocrx_word' id='word_1_218' title='bbox 2787 1946 2821 1989; x_wconf 91' lang='lat' dir='ltr'>a</span> <span class='ocrx_word' id='word_1_219' title='bbox 2849 1928 2973 1990; x_wconf 92' lang='lat' dir='ltr'><strong>suis</strong></span> <span class='ocrx_word' id='word_1_220' title='bbox 3034 1929 3397 1992; x_wconf 89' lang='lat' dir='ltr'><strong>antistitibus</strong></span> <span class='ocrx_word' id='word_1_221' title='bbox 3429 1948 3672 1993; x_wconf 86' lang='lat' dir='ltr'><strong>excom-</strong></span> 
     </span>
    </p>
   </div>
   <div class='ocr_carea' id='block_1_36' title="bbox 289 2012 1945 2100">
    <p class='ocr_par' dir='ltr' id='par_1_36' title="bbox 289 2012 1944 2096">
     <span class='ocr_line' id='line_1_36' title="bbox 289 2012 1944 2096; baseline 0.002 -27"><span class='ocrx_word' id='word_1_222' title='bbox 289 2012 472 2093; x_wconf 84' lang='grc' dir='ltr'>ιερέων</span> <span class='ocrx_word' id='word_1_223' title='bbox 500 2021 594 2071; x_wconf 79' lang='grc' dir='ltr'>τοῦ</span> <span class='ocrx_word' id='word_1_224' title='bbox 636 2015 931 2095; x_wconf 77' lang='grc' dir='ltr'>ἀφορισμοῦ</span> <span class='ocrx_word' id='word_1_225' title='bbox 959 2016 1339 2096; x_wconf 68' lang='grc' dir='ltr'>καταφρονοῦσι</span> <span class='ocrx_word' id='word_1_226' title='bbox 1375 2034 1389 2048; x_wconf 86' lang='grc'><em>’</em></span> <span class='ocrx_word' id='word_1_227' title='bbox 1436 2019 1524 2074; x_wconf 87' lang='grc' dir='ltr'>καὶ</span> <span class='ocrx_word' id='word_1_228' title='bbox 1569 2016 1944 2093; x_wconf 78' lang='grc' dir='ltr'>ἐπιτετιμημέ-</span> 
     </span>
    </p>
   </div>
   <div class='ocr_carea' id='block_1_37' title="bbox 2032 2012 3673 2100">
    <p class='ocr_par' dir='ltr' id='par_1_37' title="bbox 2032 2016 3673 2100">
     <span class='ocr_line' id='line_1_37' title="bbox 2032 2016 3673 2100; baseline 0.004 -24"><span class='ocrx_word' id='word_1_229' title='bbox 2032 2016 2311 2077; x_wconf 91' lang='lat' dir='ltr'><strong>municati</strong></span> <span class='ocrx_word' id='word_1_230' title='bbox 2339 2016 3014 2078; x_wconf 87' lang='lat' dir='ltr'><strong>excommunicationem</strong></span> <span class='ocrx_word' id='word_1_231' title='bbox 3044 2026 3453 2100; x_wconf 87' lang='lat' dir='ltr'><strong>contemnunt;</strong></span> <span class='ocrx_word' id='word_1_232' title='bbox 3482 2028 3542 2082; x_wconf 89' lang='lat' dir='ltr'>et</span> <span class='ocrx_word' id='word_1_233' title='bbox 3562 2020 3673 2082; x_wconf 89' lang='lat' dir='ltr'>sub</span> 
     </span>
    </p>
   </div>
   <div class='ocr_carea' id='block_1_38' title="bbox 289 2100 1945 2186">
    <p class='ocr_par' dir='ltr' id='par_1_38' title="bbox 289 2100 1945 2186">
     <span class='ocr_line' id='line_1_38' title="bbox 289 2100 1945 2186; baseline 0.002 -27"><span class='ocrx_word' id='word_1_234' title='bbox 289 2123 400 2165; x_wconf 86' lang='grc' dir='ltr'>νοις</span> <span class='ocrx_word' id='word_1_235' title='bbox 430 2100 576 2168; x_wconf 70' lang='grc' dir='ltr'>ὄντες</span> <span class='ocrx_word' id='word_1_236' title='bbox 618 2103 951 2183; x_wconf 84' lang='grc' dir='ltr'>εἰσέαχονται</span> <span class='ocrx_word' id='word_1_237' title='bbox 979 2105 1067 2161; x_wconf 86' lang='grc' dir='ltr'>καὶ</span> <span class='ocrx_word' id='word_1_238' title='bbox 1094 2108 1436 2186; x_wconf 75' lang='grc' dir='ltr'>ἱερουργοῦσι,</span> <span class='ocrx_word' id='word_1_239' title='bbox 1474 2109 1592 2170; x_wconf 81' lang='grc' dir='ltr'>Πῶς</span> <span class='ocrx_word' id='word_1_240' title='bbox 1623 2104 1706 2163; x_wconf 87' lang='grc' dir='ltr'>δεῖ</span> <span class='ocrx_word' id='word_1_241' title='bbox 1734 2107 1945 2167; x_wconf 81' lang='grc' dir='ltr'>τούτους</span> 
     </span>
    </p>
   </div>
   <div class='ocr_carea' id='block_1_39' title="bbox 2032 2100 3671 2186">
    <p class='ocr_par' dir='ltr' id='par_1_39' title="bbox 2032 2105 3671 2186">
     <span class='ocr_line' id='line_1_39' title="bbox 2032 2105 3671 2186; baseline 0.003 -19"><span class='ocrx_word' id='word_1_242' title='bbox 2032 2106 2220 2186; x_wconf 64' lang='lat' dir='ltr'><strong>poenis</strong></span> <span class='ocrx_word' id='word_1_243' title='bbox 2251 2125 2385 2168; x_wconf 91' lang='lat' dir='ltr'>cum</span> <span class='ocrx_word' id='word_1_244' title='bbox 2419 2106 2557 2181; x_wconf 92' lang='lat' dir='ltr'><strong>sint,</strong></span> <span class='ocrx_word' id='word_1_245' title='bbox 2588 2105 2999 2184; x_wconf 91' lang='lat' dir='ltr'><strong>ingrediuntur</strong></span> <span class='ocrx_word' id='word_1_246' title='bbox 3030 2114 3087 2168; x_wconf 92' lang='lat' dir='ltr'>et</span> <span class='ocrx_word' id='word_1_247' title='bbox 3119 2109 3470 2171; x_wconf 86' lang='lat' dir='ltr'><strong>sacriﬁcant.</strong></span> <span class='ocrx_word' id='word_1_248' title='bbox 3508 2107 3671 2182; x_wconf 85' lang='lat' dir='ltr'><strong>Quo-</strong></span> 
     </span>
    </p>
   </div>
   <div class='ocr_carea' id='block_1_40' title="bbox 289 2191 1945 2275">
    <p class='ocr_par' dir='ltr' id='par_1_40' title="bbox 289 2191 661 2274">
     <span class='ocr_line' id='line_1_40' title="bbox 289 2191 661 2274; baseline 0.005 -26"><span class='ocrx_word' id='word_1_249' title='bbox 289 2191 612 2260; x_wconf 85' lang='grc' dir='ltr'>κολασθῆναι</span> <span class='ocrx_word' id='word_1_250' title='bbox 645 2213 661 2274; x_wconf 71' lang='grc' dir='ltr'><strong>ς</strong></span> 
     </span>
    </p>
   </div>
   <div class='ocr_carea' id='block_1_41' title="bbox 2032 2191 3004 2275">
    <p class='ocr_par' dir='ltr' id='par_1_41' title="bbox 2032 2194 3004 2275">
     <span class='ocr_line' id='line_1_41' title="bbox 2032 2194 3004 2275; baseline 0.003 -19"><span class='ocrx_word' id='word_1_251' title='bbox 2032 2212 2162 2256; x_wconf 88' lang='lat' dir='ltr'>nam</span> <span class='ocrx_word' id='word_1_252' title='bbox 2196 2196 2371 2257; x_wconf 93' lang='lat' dir='ltr'><strong>modo</strong></span> <span class='ocrx_word' id='word_1_253' title='bbox 2408 2195 2526 2256; x_wconf 91' lang='lat' dir='ltr'><strong>sint</strong></span> <span class='ocrx_word' id='word_1_254' title='bbox 2557 2195 2616 2255; x_wconf 91' lang='lat' dir='ltr'><strong>hi</strong></span> <span class='ocrx_word' id='word_1_255' title='bbox 2648 2194 3004 2275; x_wconf 87' lang='lat' dir='ltr'><strong>plectendi?</strong></span> 
     </span>
    </p>
   </div>
   <div class='ocr_carea' id='block_1_42' title="bbox 371 2279 1945 2369">
    <p class='ocr_par' dir='ltr' id='par_1_42' title="bbox 371 2279 1940 2364">
     <span class='ocr_line' id='line_1_42' title="bbox 371 2279 1940 2364; baseline 0.001 -27"><span class='ocrx_word' id='word_1_256' title='bbox 371 2282 562 2338; x_wconf 76' lang='grc' dir='ltr'>Λαϊκοὶ</span> <span class='ocrx_word' id='word_1_257' title='bbox 591 2279 983 2361; x_wconf 75' lang='grc' dir='ltr'>διγαμήσαντες</span> <span class='ocrx_word' id='word_1_258' title='bbox 1015 2284 1102 2340; x_wconf 86' lang='grc' dir='ltr'>καὶ</span> <span class='ocrx_word' id='word_1_259' title='bbox 1132 2306 1206 2341; x_wconf 87' lang='grc' dir='ltr'>πα</span> <span class='ocrx_word' id='word_1_260' title='bbox 1217 2280 1638 2364; x_wconf 82' lang='grc' dir='ltr'>ιδοποιήσαντες,</span> <span class='ocrx_word' id='word_1_261' title='bbox 1676 2281 1940 2362; x_wconf 82' lang='grc' dir='ltr'>ὑπερϐάν-</span> 
     </span>
    </p>
   </div>
   <div class='ocr_carea' id='block_1_43' title="bbox 2032 2279 3675 2369">
    <p class='ocr_par' dir='ltr' id='par_1_43' title="bbox 2104 2283 3675 2369">
     <span class='ocr_line' id='line_1_43' title="bbox 2104 2283 3675 2369; baseline 0.004 -25"><span class='ocrx_word' id='word_1_262' title='bbox 2104 2283 2261 2344; x_wconf 92' lang='lat' dir='ltr'><strong>Laici</strong></span> <span class='ocrx_word' id='word_1_263' title='bbox 2292 2302 2426 2345; x_wconf 91' lang='lat' dir='ltr'>cum</span> <span class='ocrx_word' id='word_1_264' title='bbox 2458 2285 2750 2346; x_wconf 90' lang='lat' dir='ltr'><strong>secundas</strong></span> <span class='ocrx_word' id='word_1_265' title='bbox 2780 2292 3202 2347; x_wconf 85' lang='lat' dir='ltr'><strong>contraxerunt</strong></span> <span class='ocrx_word' id='word_1_266' title='bbox 3232 2286 3490 2369; x_wconf 87' lang='lat' dir='ltr'><strong>nuptias,</strong></span> <span class='ocrx_word' id='word_1_267' title='bbox 3528 2286 3675 2350; x_wconf 85' lang='lat' dir='ltr'><strong>libe-</strong></span> 
     </span>
    </p>
   </div>
   <div class='ocr_carea' id='block_1_44' title="bbox 286 2370 1945 2457">
    <p class='ocr_par' dir='ltr' id='par_1_44' title="bbox 286 2370 1942 2452">
     <span class='ocr_line' id='line_1_44' title="bbox 286 2370 1942 2452; baseline 0.001 -27"><span class='ocrx_word' id='word_1_268' title='bbox 286 2391 375 2433; x_wconf 87' lang='grc' dir='ltr'>τες</span> <span class='ocrx_word' id='word_1_269' title='bbox 404 2371 470 2426; x_wconf 72' lang='grc' dir='ltr'>τὰ</span> <span class='ocrx_word' id='word_1_270' title='bbox 500 2371 885 2449; x_wconf 75' lang='grc' dir='ltr'>τεσσαράκοντα</span> <span class='ocrx_word' id='word_1_271' title='bbox 940 2370 1035 2439; x_wconf 75' lang='grc' dir='ltr'>ἔτη</span> <span class='ocrx_word' id='word_1_272' title='bbox 1097 2371 1485 2452; x_wconf 81' lang='grc' dir='ltr'>παρενοχλοῦσι</span> <span class='ocrx_word' id='word_1_273' title='bbox 1532 2376 1619 2430; x_wconf 86' lang='grc' dir='ltr'>καὶ</span> <span class='ocrx_word' id='word_1_274' title='bbox 1652 2375 1725 2438; x_wconf 89' lang='grc' dir='ltr'>εἰς</span> <span class='ocrx_word' id='word_1_275' title='bbox 1768 2374 1942 2451; x_wconf 87' lang='grc' dir='ltr'>τρίτον</span> 
     </span>
    </p>
   </div>
   <div class='ocr_carea' id='block_1_45' title="bbox 2032 2370 3677 2457">
    <p class='ocr_par' dir='ltr' id='par_1_45' title="bbox 2032 2372 3677 2457">
     <span class='ocr_line' id='line_1_45' title="bbox 2032 2372 3677 2457; baseline 0.003 -23"><span class='ocrx_word' id='word_1_276' title='bbox 2032 2372 2108 2434; x_wconf 89' lang='lat' dir='ltr'><strong>ris</strong></span> <span class='ocrx_word' id='word_1_277' title='bbox 2138 2375 2461 2453; x_wconf 87' lang='lat' dir='ltr'><strong>procreatis</strong></span> <span class='ocrx_word' id='word_1_278' title='bbox 2489 2385 2619 2453; x_wconf 86' lang='lat' dir='ltr'><strong>post</strong></span> <span class='ocrx_word' id='word_1_279' title='bbox 2648 2373 3167 2453; x_wconf 81' lang='lat' dir='ltr'><strong>quadragesimum</strong></span> <span class='ocrx_word' id='word_1_280' title='bbox 3202 2394 3449 2451; x_wconf 88' lang='lat' dir='ltr'><strong>annum,</strong></span> <span class='ocrx_word' id='word_1_281' title='bbox 3478 2385 3677 2457; x_wconf 88' lang='lat' dir='ltr'><strong>postu-</strong></span> 
     </span>
    </p>
   </div>
   <div class='ocr_carea' id='block_1_46' title="bbox 292 2460 1945 2544">
    <p class='ocr_par' dir='ltr' id='par_1_46' title="bbox 292 2460 1943 2544">
     <span class='ocr_line' id='line_1_46' title="bbox 292 2460 1943 2544; baseline 0.001 -27"><span class='ocrx_word' id='word_1_282' title='bbox 292 2460 466 2518; x_wconf 76' lang='grc' dir='ltr'>ἐλθεῖν</span> <span class='ocrx_word' id='word_1_283' title='bbox 494 2462 840 2537; x_wconf 83' lang='grc' dir='ltr'>συνοικὲσιον,</span> <span class='ocrx_word' id='word_1_284' title='bbox 874 2461 1026 2519; x_wconf 79' lang='grc' dir='ltr'>ἕνεκα</span> <span class='ocrx_word' id='word_1_285' title='bbox 1054 2466 1151 2531; x_wconf 87' lang='grc' dir='ltr'>τῆς</span> <span class='ocrx_word' id='word_1_286' title='bbox 1197 2463 1495 2544; x_wconf 78' lang='grc' dir='ltr'>ἀνατροφῆς</span> <span class='ocrx_word' id='word_1_287' title='bbox 1532 2470 1637 2520; x_wconf 80' lang='grc' dir='ltr'>τῶν</span> <span class='ocrx_word' id='word_1_288' title='bbox 1668 2474 1943 2543; x_wconf 79' lang='grc' dir='ltr'>προϋπαρ-</span> 
     </span>
    </p>
   </div>
   <div class='ocr_carea' id='block_1_47' title="bbox 2032 2460 3674 2544">
    <p class='ocr_par' dir='ltr' id='par_1_47' title="bbox 2032 2461 3674 2542">
     <span class='ocr_line' id='line_1_47' title="bbox 2032 2461 3674 2542; baseline 0.004 -19"><span class='ocrx_word' id='word_1_289' title='bbox 2032 2462 2241 2523; x_wconf 90' lang='lat' dir='ltr'><strong>Iantad</strong></span> <span class='ocrx_word' id='word_1_290' title='bbox 2272 2463 2474 2523; x_wconf 90' lang='lat' dir='ltr'><strong>tertias</strong></span> <span class='ocrx_word' id='word_1_291' title='bbox 2506 2463 2842 2542; x_wconf 87' lang='lat' dir='ltr'><strong>convolare,</strong></span> <span class='ocrx_word' id='word_1_292' title='bbox 2876 2461 2951 2523; x_wconf 91' lang='lat' dir='ltr'>ob</span> <span class='ocrx_word' id='word_1_293' title='bbox 2971 2464 3494 2542; x_wconf 59' lang='lat' dir='ltr'><strong>prmexsistentem</strong></span> <span class='ocrx_word' id='word_1_294' title='bbox 3519 2465 3674 2530; x_wconf 81' lang='lat' dir='ltr'><strong>libe-</strong></span> 
     </span>
    </p>
   </div>
   <div class='ocr_carea' id='block_1_48' title="bbox 291 2548 1945 2635">
    <p class='ocr_par' dir='ltr' id='par_1_48' title="bbox 291 2548 1940 2633">
     <span class='ocr_line' id='line_1_48' title="bbox 291 2548 1940 2633; baseline 0.001 -27"><span class='ocrx_word' id='word_1_295' title='bbox 291 2549 504 2630; x_wconf 81' lang='grc' dir='ltr'>χόντων</span> <span class='ocrx_word' id='word_1_296' title='bbox 531 2548 730 2607; x_wconf 83' lang='grc' dir='ltr'>παίδων</span> <span class='ocrx_word' id='word_1_297' title='bbox 761 2555 968 2625; x_wconf 71' lang='grc' dir='ltr'>αὐτοῖς,</span> <span class='ocrx_word' id='word_1_298' title='bbox 1014 2553 1101 2609; x_wconf 83' lang='grc' dir='ltr'>καὶ</span> <span class='ocrx_word' id='word_1_299' title='bbox 1130 2559 1225 2609; x_wconf 81' lang='grc' dir='ltr'>τοῦ</span> <span class='ocrx_word' id='word_1_300' title='bbox 1268 2554 1346 2629; x_wconf 77' lang='grc' dir='ltr'>μὴ</span> <span class='ocrx_word' id='word_1_301' title='bbox 1386 2551 1558 2633; x_wconf 84' lang='grc' dir='ltr'>χύδην</span> <span class='ocrx_word' id='word_1_302' title='bbox 1600 2553 1940 2633; x_wconf 79' lang='grc' dir='ltr'>ἁμαρτάνειν,</span> 
     </span>
    </p>
   </div>
   <div class='ocr_carea' id='block_1_49' title="bbox 2032 2548 3676 2635">
    <p class='ocr_par' dir='ltr' id='par_1_49' title="bbox 2032 2551 3676 2635">
     <span class='ocr_line' id='line_1_49' title="bbox 2032 2551 3676 2635; baseline 0.005 -24"><span class='ocrx_word' id='word_1_303' title='bbox 2032 2568 2227 2613; x_wconf 88' lang='lat' dir='ltr'><strong>rorum</strong></span> <span class='ocrx_word' id='word_1_304' title='bbox 2286 2551 2720 2622; x_wconf 87' lang='lat' dir='ltr'><strong>educationem,</strong></span> <span class='ocrx_word' id='word_1_305' title='bbox 2757 2559 2813 2612; x_wconf 93' lang='lat' dir='ltr'>et</span> <span class='ocrx_word' id='word_1_306' title='bbox 2857 2570 2931 2613; x_wconf 91' lang='lat' dir='ltr'>ne</span> <span class='ocrx_word' id='word_1_307' title='bbox 2961 2552 3180 2631; x_wconf 90' lang='lat' dir='ltr'><strong>passim</strong></span> <span class='ocrx_word' id='word_1_308' title='bbox 3212 2557 3238 2599; x_wconf 74' lang='grc' dir='ltr'>ιι</span> <span class='ocrx_word' id='word_1_309' title='bbox 3269 2564 3540 2635; x_wconf 88' lang='lat' dir='ltr'><strong>peccent.</strong></span> <span class='ocrx_word' id='word_1_310' title='bbox 3584 2557 3676 2619; x_wconf 88' lang='lat' dir='ltr'><strong>An</strong></span> 
     </span>
    </p>
   </div>
   <div class='ocr_carea' id='block_1_50' title="bbox 292 2637 1945 2721">
    <p class='ocr_par' dir='ltr' id='par_1_50' title="bbox 292 2637 1304 2721">
     <span class='ocr_line' id='line_1_50' title="bbox 292 2637 1304 2721; baseline 0.001 -26"><span class='ocrx_word' id='word_1_311' title='bbox 292 2640 339 2695; x_wconf 91' lang='grc' dir='ltr'>εἰ</span> <span class='ocrx_word' id='word_1_312' title='bbox 367 2637 692 2717; x_wconf 73' lang='grc' dir='ltr'>ἀνέγκλητον</span> <span class='ocrx_word' id='word_1_313' title='bbox 723 2639 905 2702; x_wconf 76' lang='grc' dir='ltr'>αὐτοῖς</span> <span class='ocrx_word' id='word_1_314' title='bbox 934 2642 1261 2720; x_wconf 81' lang='grc' dir='ltr'>τριγαμῆσαι</span> <span class='ocrx_word' id='word_1_315' title='bbox 1286 2661 1304 2721; x_wconf 66' lang='grc' dir='ltr'>ς</span> 
     </span>
    </p>
   </div>
   <div class='ocr_carea' id='block_1_51' title="bbox 2032 2637 3034 2721">
    <p class='ocr_par' dir='ltr' id='par_1_51' title="bbox 2032 2639 3034 2719">
     <span class='ocr_line' id='line_1_51' title="bbox 2032 2639 3034 2719; baseline 0.001 -19"><span class='ocrx_word' id='word_1_316' title='bbox 2032 2642 2157 2701; x_wconf 89' lang='lat' dir='ltr'><strong>sine</strong></span> <span class='ocrx_word' id='word_1_317' title='bbox 2186 2640 2651 2719; x_wconf 87' lang='lat' dir='ltr'><strong>reprehensione</strong></span> <span class='ocrx_word' id='word_1_318' title='bbox 2682 2640 2740 2701; x_wconf 92' lang='lat' dir='ltr'>id</span> <span class='ocrx_word' id='word_1_319' title='bbox 2770 2639 3034 2702; x_wconf 84' lang='lat' dir='ltr'><strong>faciant?</strong></span> 
     </span>
    </p>
   </div>
   <div class='ocr_carea' id='block_1_52' title="bbox 377 2725 1945 2811">
    <p class='ocr_par' dir='ltr' id='par_1_52' title="bbox 377 2725 1944 2810">
     <span class='ocr_line' id='line_1_52' title="bbox 377 2725 1944 2810; baseline 0 -26"><span class='ocrx_word' id='word_1_320' title='bbox 377 2727 704 2803; x_wconf 84' lang='grc' dir='ltr'>Ἀντιμίνσια</span> <span class='ocrx_word' id='word_1_321' title='bbox 746 2725 905 2804; x_wconf 75' lang='grc' dir='ltr'>ἴσμεν</span> <span class='ocrx_word' id='word_1_322' title='bbox 952 2728 1231 2809; x_wconf 85' lang='grc' dir='ltr'>γενόμενα,</span> <span class='ocrx_word' id='word_1_323' title='bbox 1280 2729 1412 2787; x_wconf 78' lang='grc' dir='ltr'>ἐπὰν</span> <span class='ocrx_word' id='word_1_324' title='bbox 1469 2733 1497 2787; x_wconf 83' lang='grc' dir='ltr'>ὁ</span> <span class='ocrx_word' id='word_1_325' title='bbox 1547 2729 1821 2810; x_wconf 84' lang='grc' dir='ltr'>ἀρχιερεὺς</span> <span class='ocrx_word' id='word_1_326' title='bbox 1878 2727 1944 2785; x_wconf 86' lang='grc' dir='ltr'>δι’</span> 
     </span>
    </p>
   </div>
   <div class='ocr_carea' id='block_1_53' title="bbox 2032 2725 3679 2811">
    <p class='ocr_par' dir='ltr' id='par_1_53' title="bbox 2108 2727 3679 2811">
     <span class='ocr_line' id='line_1_53' title="bbox 2108 2727 3679 2811; baseline 0.007 -24"><span class='ocrx_word' id='word_1_327' title='bbox 2108 2727 2519 2791; x_wconf 77' lang='lat' dir='ltr'><strong>Antimensiai</strong></span> <span class='ocrx_word' id='word_1_328' title='bbox 2567 2728 2789 2791; x_wconf 91' lang='lat' dir='ltr'><strong>scimus</strong></span> <span class='ocrx_word' id='word_1_329' title='bbox 2844 2729 3012 2809; x_wconf 84' lang='lat' dir='ltr'><strong>facta,</strong></span> <span class='ocrx_word' id='word_1_330' title='bbox 3063 2737 3372 2811; x_wconf 88' lang='lat' dir='ltr'><strong>postquam</strong></span> <span class='ocrx_word' id='word_1_331' title='bbox 3432 2734 3679 2798; x_wconf 90' lang='lat' dir='ltr'><strong>antistes</strong></span> 
     </span>
    </p>
   </div>
   <div class='ocr_carea' id='block_1_54' title="bbox 296 2814 1945 2903">
    <p class='ocr_par' dir='ltr' id='par_1_54' title="bbox 296 2814 1945 2897">
     <span class='ocr_line' id='line_1_54' title="bbox 296 2814 1945 2897; baseline 0.003 -25"><span class='ocrx_word' id='word_1_332' title='bbox 296 2814 480 2872; x_wconf 76' lang='grc' dir='ltr'>ἑαυτοῦ</span> <span class='ocrx_word' id='word_1_333' title='bbox 510 2816 768 2896; x_wconf 71' lang='grc' dir='ltr'>ἐνεργήσῃ</span> <span class='ocrx_word' id='word_1_334' title='bbox 794 2820 888 2874; x_wconf 74' lang='grc' dir='ltr'>τὸν</span> <span class='ocrx_word' id='word_1_335' title='bbox 931 2817 1291 2897; x_wconf 79' lang='grc' dir='ltr'>ἐγκαινισμὸν,</span> <span class='ocrx_word' id='word_1_336' title='bbox 1326 2820 1412 2876; x_wconf 88' lang='grc' dir='ltr'>καὶ</span> <span class='ocrx_word' id='word_1_337' title='bbox 1440 2819 1500 2877; x_wconf 76' lang='grc' dir='ltr'>ἐκ</span> <span class='ocrx_word' id='word_1_338' title='bbox 1526 2829 1619 2878; x_wconf 80' lang='grc' dir='ltr'>τοῦ</span> <span class='ocrx_word' id='word_1_339' title='bbox 1646 2821 1829 2876; x_wconf 87' lang='grc' dir='ltr'>πανίου</span> <span class='ocrx_word' id='word_1_340' title='bbox 1856 2828 1945 2877; x_wconf 79' lang='grc' dir='ltr'>τοῦ</span> 
     </span>
    </p>
   </div>
   <div class='ocr_carea' id='block_1_55' title="bbox 2032 2814 3677 2903">
    <p class='ocr_par' dir='ltr' id='par_1_55' title="bbox 2032 2817 3677 2903">
     <span class='ocr_line' id='line_1_55' title="bbox 2032 2817 3677 2903; baseline 0.006 -27"><span class='ocrx_word' id='word_1_341' title='bbox 2032 2834 2137 2897; x_wconf 91' lang='lat' dir='ltr'>per</span> <span class='ocrx_word' id='word_1_342' title='bbox 2165 2835 2227 2877; x_wconf 91' lang='lat' dir='ltr'><strong>se</strong></span> <span class='ocrx_word' id='word_1_343' title='bbox 2260 2826 2533 2898; x_wconf 92' lang='lat' dir='ltr'><strong>operatus</strong></span> <span class='ocrx_word' id='word_1_344' title='bbox 2562 2818 2739 2879; x_wconf 84' lang='lat' dir='ltr'><strong>fuerit</strong></span> <span class='ocrx_word' id='word_1_345' title='bbox 2795 2817 3257 2894; x_wconf 89' lang='lat' dir='ltr'><strong>dedicationem,</strong></span> <span class='ocrx_word' id='word_1_346' title='bbox 3292 2830 3350 2882; x_wconf 92' lang='lat' dir='ltr'>et</span> <span class='ocrx_word' id='word_1_347' title='bbox 3379 2841 3451 2885; x_wconf 87' lang='lat' dir='ltr'><strong>ex</strong></span> <span class='ocrx_word' id='word_1_348' title='bbox 3484 2842 3677 2903; x_wconf 90' lang='lat' dir='ltr'><strong>panno</strong></span> 
     </span>
    </p>
   </div>
   <div class='ocr_carea' id='block_1_56' title="bbox 294 2904 1945 2988">
    <p class='ocr_par' dir='ltr' id='par_1_56' title="bbox 294 2905 1945 2988">
     <span class='ocr_line' id='line_1_56' title="bbox 294 2905 1945 2988; baseline 0.002 -28"><span class='ocrx_word' id='word_1_349' title='bbox 294 2905 721 2984; x_wconf 76' lang='grc' dir='ltr'>ὑποστρωθέντος</span> <span class='ocrx_word' id='word_1_350' title='bbox 766 2909 855 2963; x_wconf 87' lang='grc' dir='ltr'>καὶ</span> <span class='ocrx_word' id='word_1_351' title='bbox 899 2906 1328 2987; x_wconf 73' lang='grc' dir='ltr'>περιειλήσαντος</span> <span class='ocrx_word' id='word_1_352' title='bbox 1373 2909 1472 2977; x_wconf 80' lang='grc' dir='ltr'>τὴν</span> <span class='ocrx_word' id='word_1_353' title='bbox 1530 2908 1813 2988; x_wconf 83' lang='grc' dir='ltr'>τράπεζαν,</span> <span class='ocrx_word' id='word_1_354' title='bbox 1876 2909 1945 2971; x_wconf 77' lang='grc' dir='ltr'>εἰς</span> 
     </span>
    </p>
   </div>
   <div class='ocr_carea' id='block_1_57' title="bbox 2032 2904 3682 2988">
    <p class='ocr_par' dir='ltr' id='par_1_57' title="bbox 2032 2904 3682 2986">
     <span class='ocr_line' id='line_1_57' title="bbox 2032 2904 3682 2986; baseline 0.006 -21"><span class='ocrx_word' id='word_1_355' title='bbox 2032 2904 2325 2967; x_wconf 82' lang='lat' dir='ltr'><strong>substrata</strong></span> <span class='ocrx_word' id='word_1_356' title='bbox 2383 2906 3003 2986; x_wconf 88' lang='lat' dir='ltr'><strong>circumvolventeqne</strong></span> <span class='ocrx_word' id='word_1_357' title='bbox 3055 2926 3343 2986; x_wconf 90' lang='lat' dir='ltr'><strong>mensam,</strong></span> <span class='ocrx_word' id='word_1_358' title='bbox 3380 2910 3444 2972; x_wconf 89' lang='lat' dir='ltr'>in</span> <span class='ocrx_word' id='word_1_359' title='bbox 3498 2912 3682 2975; x_wconf 88' lang='lat' dir='ltr'><strong>frusta</strong></span> 
     </span>
    </p>
   </div>
   <div class='ocr_carea' id='block_1_58' title="bbox 296 2993 1945 3084">
    <p class='ocr_par' dir='ltr' id='par_1_58' title="bbox 296 2993 1945 3084">
     <span class='ocr_line' id='line_1_58' title="bbox 296 2993 1945 3084; baseline 0.002 -36"><span class='ocrx_word' id='word_1_360' title='bbox 296 2993 503 3084; x_wconf 58' lang='grc' dir='ltr'>βραχέα</span> <span class='ocrx_word' id='word_1_361' title='bbox 544 2994 868 3084; x_wconf 78' lang='grc' dir='ltr'>τεμνομένου</span> <span class='ocrx_word' id='word_1_362' title='bbox 897 2996 983 3051; x_wconf 84' lang='grc' dir='ltr'>καὶ</span> <span class='ocrx_word' id='word_1_363' title='bbox 1012 2995 1361 3084; x_wconf 78' lang='grc' dir='ltr'>γραφομένοῦ,</span> <span class='ocrx_word' id='word_1_364' title='bbox 1412 3009 1531 3060; x_wconf 91' lang='grc' dir='ltr'>τοῖς</span> <span class='ocrx_word' id='word_1_365' title='bbox 1560 2999 1747 3084; x_wconf 59' lang='grc' dir='ltr'>ἱερεύσι</span> <span class='ocrx_word' id='word_1_366' title='bbox 1775 2993 1945 3052; x_wconf 88' lang='grc' dir='ltr'>δίδοσ-</span> 
     </span>
    </p>
   </div>
   <div class='ocr_carea' id='block_1_59' title="bbox 2032 2993 3680 3084">
    <p class='ocr_par' dir='ltr' id='par_1_59' title="bbox 2033 2993 3680 3084">
     <span class='ocr_line' id='line_1_59' title="bbox 2033 2993 3680 3084; baseline 0.007 -30"><span class='ocrx_word' id='word_1_367' title='bbox 2033 2993 2381 3071; x_wconf 64' lang='grc' dir='ltr'>ὀὶεεεειοζει</span> <span class='ocrx_word' id='word_1_368' title='bbox 2410 2996 2632 3076; x_wconf 90' lang='lat' dir='ltr'><strong>scripto</strong></span> <span class='ocrx_word' id='word_1_369' title='bbox 2665 3011 2729 3069; x_wconf 81' lang='grc' dir='ltr'>ω,</span> <span class='ocrx_word' id='word_1_370' title='bbox 2764 2994 3173 3058; x_wconf 87' lang='lat' dir='ltr'><strong>sacerdotibus</strong></span> <span class='ocrx_word' id='word_1_371' title='bbox 3202 2998 3367 3063; x_wconf 89' lang='lat' dir='ltr'><strong>dari:</strong></span> <span class='ocrx_word' id='word_1_372' title='bbox 3402 3020 3514 3064; x_wconf 92' lang='lat' dir='ltr'>nec</span> <span class='ocrx_word' id='word_1_373' title='bbox 3535 3022 3680 3084; x_wconf 84' lang='lat' dir='ltr'><strong>pos-</strong></span> 
     </span>
    </p>
   </div>
   <div class='ocr_carea' id='block_1_60' title="bbox 296 3074 1945 3166">
    <p class='ocr_par' dir='ltr' id='par_1_60' title="bbox 296 3074 1945 3166">
     <span class='ocr_line' id='line_1_60' title="bbox 296 3074 1945 3166; baseline 0.001 -28"><span class='ocrx_word' id='word_1_374' title='bbox 296 3084 404 3138; x_wconf 74' lang='grc' dir='ltr'>θαι*</span> <span class='ocrx_word' id='word_1_375' title='bbox 438 3081 525 3139; x_wconf 87' lang='grc' dir='ltr'>λαὶ</span> <span class='ocrx_word' id='word_1_376' title='bbox 555 3079 676 3142; x_wconf 84' lang='grc' dir='ltr'>ἄνευ</span> <span class='ocrx_word' id='word_1_377' title='bbox 704 3084 905 3141; x_wconf 89' lang='grc' dir='ltr'>τούτων</span> <span class='ocrx_word' id='word_1_378' title='bbox 936 3084 1013 3160; x_wconf 80' lang='grc' dir='ltr'>μὴ</span> <span class='ocrx_word' id='word_1_379' title='bbox 1040 3074 1287 3141; x_wconf 82' lang='grc' dir='ltr'>δύνασθαι</span> <span class='ocrx_word' id='word_1_380' title='bbox 1317 3074 1628 3166; x_wconf 41' lang='grc' dir='ltr'>ἱερουργεῖν)</span> <span class='ocrx_word' id='word_1_381' title='bbox 1664 3074 1836 3143; x_wconf 60' lang='lat' dir='ltr'>“Even</span> <span class='ocrx_word' id='word_1_382' title='bbox 1861 3084 1945 3142; x_wconf 78' lang='grc' dir='ltr'>οὖν</span> 
     </span>
    </p>
   </div>
   <div class='ocr_carea' id='block_1_61' title="bbox 2032 3074 3684 3166">
    <p class='ocr_par' dir='ltr' id='par_1_61' title="bbox 2033 3074 3684 3161">
     <span class='ocr_line' id='line_1_61' title="bbox 2033 3074 3684 3161; baseline 0.007 -18"><span class='ocrx_word' id='word_1_383' title='bbox 2033 3101 2098 3144; x_wconf 92' lang='lat' dir='ltr'>se</span> <span class='ocrx_word' id='word_1_384' title='bbox 2126 3084 2253 3146; x_wconf 90' lang='lat' dir='ltr'><strong>sine</strong></span> <span class='ocrx_word' id='word_1_385' title='bbox 2283 3084 2377 3145; x_wconf 90' lang='lat' dir='ltr'><strong>his</strong></span> <span class='ocrx_word' id='word_1_386' title='bbox 2403 3074 2760 3147; x_wconf 84' lang='lat' dir='ltr'><strong>sacriﬁcare.</strong></span> <span class='ocrx_word' id='word_1_387' title='bbox 2796 3084 2905 3148; x_wconf 91' lang='lat' dir='ltr'><strong>Ubi</strong></span> <span class='ocrx_word' id='word_1_388' title='bbox 2937 3084 3115 3161; x_wconf 80' lang='lat' dir='ltr'><strong>igitur</strong></span> <span class='ocrx_word' id='word_1_389' title='bbox 3144 3086 3356 3149; x_wconf 89' lang='lat' dir='ltr'><strong>horum</strong></span> <span class='ocrx_word' id='word_1_390' title='bbox 3378 3107 3462 3152; x_wconf 62' lang='lat' dir='ltr'><strong>es:</strong></span> <span class='ocrx_word' id='word_1_391' title='bbox 3485 3074 3684 3154; x_wconf 77' lang='lat' dir='ltr'><strong>defec-</strong></span> 
     </span>
    </p>
   </div>
   <div class='ocr_carea' id='block_1_62' title="bbox 298 3168 1945 3255">
    <p class='ocr_par' dir='ltr' id='par_1_62' title="bbox 298 3168 1945 3253">
     <span class='ocr_line' id='line_1_62' title="bbox 298 3168 1945 3253; baseline 0.002 -28"><span class='ocrx_word' id='word_1_392' title='bbox 298 3168 409 3226; x_wconf 79' lang='grc' dir='ltr'>ἐστι</span> <span class='ocrx_word' id='word_1_393' title='bbox 440 3170 638 3227; x_wconf 72' lang='grc' dir='ltr'>τούτων</span> <span class='ocrx_word' id='word_1_394' title='bbox 679 3169 873 3245; x_wconf 77' lang='grc' dir='ltr'>ἔνδεια,</span> <span class='ocrx_word' id='word_1_395' title='bbox 899 3193 949 3228; x_wconf 89' lang='grc' dir='ltr'>τι</span> <span class='ocrx_word' id='word_1_396' title='bbox 979 3170 1062 3229; x_wconf 87' lang='grc' dir='ltr'>δεῖ</span> <span class='ocrx_word' id='word_1_397' title='bbox 1088 3173 1391 3253; x_wconf 84' lang='grc' dir='ltr'>πραχθῆναι</span> <span class='ocrx_word' id='word_1_398' title='bbox 1427 3193 1440 3207; x_wconf 88' lang='grc'><strong>·</strong></span> <span class='ocrx_word' id='word_1_399' title='bbox 1474 3173 1566 3230; x_wconf 75' lang='grc' dir='ltr'>ἵνα</span> <span class='ocrx_word' id='word_1_400' title='bbox 1614 3174 1692 3250; x_wconf 82' lang='grc' dir='ltr'>μὴ</span> <span class='ocrx_word' id='word_1_401' title='bbox 1723 3174 1945 3251; x_wconf 80' lang='grc' dir='ltr'>μένωσιν</span> 
     </span>
    </p>
   </div>
   <div class='ocr_carea' id='block_1_63' title="bbox 2032 3168 3677 3255">
    <p class='ocr_par' dir='ltr' id='par_1_63' title="bbox 2032 3171 3677 3255">
     <span class='ocr_line' id='line_1_63' title="bbox 2032 3171 3677 3255; baseline 0.007 -23"><span class='ocrx_word' id='word_1_402' title='bbox 2032 3171 2418 3255; x_wconf 69' lang='grc' dir='ltr'>ἷεοιυδ,ζᾳυί(1</span> <span class='ocrx_word' id='word_1_403' title='bbox 2442 3174 2886 3248; x_wconf 73' lang='lat' dir='ltr'><strong>faciendum,ne</strong></span> <span class='ocrx_word' id='word_1_404' title='bbox 2915 3174 3046 3235; x_wconf 92' lang='lat' dir='ltr'><strong>sine</strong></span> <span class='ocrx_word' id='word_1_405' title='bbox 3071 3192 3374 3239; x_wconf 89' lang='lat' dir='ltr'><strong>sacrorum</strong></span> <span class='ocrx_word' id='word_1_406' title='bbox 3405 3180 3677 3243; x_wconf 86' lang='lat' dir='ltr'><strong>celebra-</strong></span> 
     </span>
    </p>
   </div>
   <div class='ocr_carea' id='block_1_64' title="bbox 298 3258 1945 3341">
    <p class='ocr_par' dir='ltr' id='par_1_64' title="bbox 298 3258 1080 3341">
     <span class='ocr_line' id='line_1_64' title="bbox 298 3258 1080 3341; baseline 0.006 -27"><span class='ocrx_word' id='word_1_407' title='bbox 298 3261 345 3315; x_wconf 83' lang='grc' dir='ltr'>οἱ</span> <span class='ocrx_word' id='word_1_408' title='bbox 386 3260 547 3339; x_wconf 79' lang='grc' dir='ltr'>ἱερεῖς</span> <span class='ocrx_word' id='word_1_409' title='bbox 575 3258 697 3316; x_wconf 88' lang='grc' dir='ltr'>ἄνευ</span> <span class='ocrx_word' id='word_1_410' title='bbox 726 3261 1028 3341; x_wconf 81' lang='grc' dir='ltr'>ἱερουργιῶν</span> <span class='ocrx_word' id='word_1_411' title='bbox 1064 3283 1080 3338; x_wconf 85' lang='lat'><strong>;</strong></span> 
     </span>
    </p>
   </div>
   <div class='ocr_carea' id='block_1_65' title="bbox 2032 3258 2916 3341">
    <p class='ocr_par' dir='ltr' id='par_1_65' title="bbox 2034 3261 2916 3326">
     <span class='ocr_line' id='line_1_65' title="bbox 2034 3261 2916 3326; baseline 0.003 -4"><span class='ocrx_word' id='word_1_412' title='bbox 2034 3261 2195 3323; x_wconf 90' lang='lat' dir='ltr'><strong>tione</strong></span> <span class='ocrx_word' id='word_1_413' title='bbox 2225 3263 2564 3324; x_wconf 85' lang='lat' dir='ltr'><strong>sacerdotes</strong></span> <span class='ocrx_word' id='word_1_414' title='bbox 2591 3270 2916 3326; x_wconf 88' lang='lat' dir='ltr'><strong>maneant?</strong></span> 
     </span>
    </p>
   </div>
   <div class='ocr_carea' id='block_1_66' title="bbox 382 3348 1950 3432">
    <p class='ocr_par' dir='ltr' id='par_1_66' title="bbox 382 3348 1950 3432">
     <span class='ocr_line' id='line_1_66' title="bbox 382 3348 1950 3432; baseline 0 -25"><span class='ocrx_word' id='word_1_415' title='bbox 382 3350 530 3412; x_wconf 82' lang='grc' dir='ltr'>Τινὲς</span> <span class='ocrx_word' id='word_1_416' title='bbox 558 3350 723 3429; x_wconf 78' lang='grc' dir='ltr'>ἱερεῖς</span> <span class='ocrx_word' id='word_1_417' title='bbox 766 3348 1128 3415; x_wconf 83' lang='grc' dir='ltr'>λανθανόντως</span> <span class='ocrx_word' id='word_1_418' title='bbox 1176 3350 1436 3420; x_wconf 79' lang='grc' dir='ltr'>ἐποίησαν</span> <span class='ocrx_word' id='word_1_419' title='bbox 1464 3359 1534 3430; x_wconf 79' lang='grc' dir='ltr'>τῆ</span> <span class='ocrx_word' id='word_1_420' title='bbox 1575 3351 1783 3432; x_wconf 81' lang='grc' dir='ltr'>μεγάλῃ</span> <span class='ocrx_word' id='word_1_421' title='bbox 1814 3361 1950 3410; x_wconf 87' lang='grc' dir='ltr'>Τεσ-</span> 
     </span>
    </p>
   </div>
   <div class='ocr_carea' id='block_1_67' title="bbox 300 3436 1954 3521">
    <p class='ocr_par' dir='ltr' id='par_1_67' title="bbox 300 3436 1954 3521">
     <span class='ocr_line' id='line_1_67' title="bbox 300 3436 1954 3521; baseline 0.002 -28"><span class='ocrx_word' id='word_1_422' title='bbox 300 3443 604 3517; x_wconf 73' lang='grc' dir='ltr'>σαρακοστῇ</span> <span class='ocrx_word' id='word_1_423' title='bbox 635 3436 939 3518; x_wconf 74' lang='grc' dir='ltr'>εὖλογήσεις</span> <span class='ocrx_word' id='word_1_424' title='bbox 976 3455 990 3470; x_wconf 85' lang='lat'><strong>&#39;</strong></span> <span class='ocrx_word' id='word_1_425' title='bbox 1024 3442 1262 3505; x_wconf 79' lang='grc' dir='ltr'>ποταπὸς</span> <span class='ocrx_word' id='word_1_426' title='bbox 1294 3440 1396 3521; x_wconf 91' lang='grc' dir='ltr'>ἄρα</span> <span class='ocrx_word' id='word_1_427' title='bbox 1427 3444 1454 3498; x_wconf 81' lang='grc' dir='ltr'><strong>ὃ</strong></span> <span class='ocrx_word' id='word_1_428' title='bbox 1483 3442 1654 3520; x_wconf 71' lang='grc' dir='ltr'>γσίμος</span> <span class='ocrx_word' id='word_1_429' title='bbox 1686 3444 1833 3504; x_wconf 80' lang='grc' dir='ltr'>οὗτος</span> <span class='ocrx_word' id='word_1_430' title='bbox 1862 3448 1954 3502; x_wconf 79' lang='grc' dir='ltr'>καὶ</span> 
     </span>
    </p>
   </div>
   <div class='ocr_carea' id='block_1_68' title="bbox 303 3525 1959 3610">
    <p class='ocr_par' dir='ltr' id='par_1_68' title="bbox 303 3525 1959 3610">
     <span class='ocr_line' id='line_1_68' title="bbox 303 3525 1959 3610; baseline 0.001 -28"><span class='ocrx_word' id='word_1_431' title='bbox 303 3528 483 3592; x_wconf 86' lang='grc' dir='ltr'>ποίοις</span> <span class='ocrx_word' id='word_1_432' title='bbox 525 3525 808 3603; x_wconf 79' lang='grc' dir='ltr'>ἐπιτιμίοις</span> <span class='ocrx_word' id='word_1_433' title='bbox 865 3527 1163 3585; x_wconf 79' lang='grc' dir='ltr'>ἁλίσκονται</span> <span class='ocrx_word' id='word_1_434' title='bbox 1216 3532 1263 3586; x_wconf 81' lang='grc' dir='ltr'>οἱ</span> <span class='ocrx_word' id='word_1_435' title='bbox 1321 3529 1485 3594; x_wconf 70' lang='grc' dir='ltr'>οὕτως</span> <span class='ocrx_word' id='word_1_436' title='bbox 1527 3529 1959 3610; x_wconf 78' lang='grc' dir='ltr'>ἰερολογήσαντες</span> 
     </span>
    </p>
   </div>
   <div class='ocr_carea' id='block_1_69' title="bbox 302 3618 520 3695">
    <p class='ocr_par' dir='ltr' id='par_1_69' title="bbox 302 3618 520 3695">
     <span class='ocr_line' id='line_1_69' title="bbox 302 3618 520 3695; baseline 0.005 -24"><span class='ocrx_word' id='word_1_437' title='bbox 302 3618 467 3695; x_wconf 74' lang='grc' dir='ltr'>ἱερεῖς</span> <span class='ocrx_word' id='word_1_438' title='bbox 504 3631 520 3690; x_wconf 91' lang='grc'>;</span> 
     </span>
    </p>
   </div>
   <div class='ocr_carea' id='block_1_70' title="bbox 384 3705 1959 3787">
    <p class='ocr_par' dir='ltr' id='par_1_70' title="bbox 384 3705 1959 3787">
     <span class='ocr_line' id='line_1_70' title="bbox 384 3705 1959 3787; baseline 0.002 -27"><span class='ocrx_word' id='word_1_439' title='bbox 384 3706 521 3783; x_wconf 82' lang='grc' dir='ltr'>Πρὸς</span> <span class='ocrx_word' id='word_1_440' title='bbox 554 3714 678 3783; x_wconf 81' lang='grc' dir='ltr'>γοῦν</span> <span class='ocrx_word' id='word_1_441' title='bbox 706 3706 920 3769; x_wconf 83' lang='grc' dir='ltr'>ταύταις</span> <span class='ocrx_word' id='word_1_442' title='bbox 962 3719 1086 3769; x_wconf 86' lang='grc' dir='ltr'>ταῖς</span> <span class='ocrx_word' id='word_1_443' title='bbox 1138 3705 1393 3786; x_wconf 69' lang='grc' dir='ltr'>ἐρωτήσει</span> <span class='ocrx_word' id='word_1_444' title='bbox 1422 3709 1457 3776; x_wconf 81' lang='grc' dir='ltr'>ἡ</span> <span class='ocrx_word' id='word_1_445' title='bbox 1488 3707 1773 3787; x_wconf 86' lang='grc' dir='ltr'>μετριότης</span> <span class='ocrx_word' id='word_1_446' title='bbox 1803 3708 1959 3783; x_wconf 76' lang='grc' dir='ltr'>ἡμῶν</span> 
     </span>
    </p>
   </div>
   <div class='ocr_carea' id='block_1_71' title="bbox 303 3794 1239 3872">
    <p class='ocr_par' dir='ltr' id='par_1_71' title="bbox 303 3794 1239 3872">
     <span class='ocr_line' id='line_1_71' title="bbox 303 3794 1239 3872; baseline -0.001 -20"><span class='ocrx_word' id='word_1_447' title='bbox 303 3794 549 3858; x_wconf 74' lang='grc' dir='ltr'>τοιαύτας</span> <span class='ocrx_word' id='word_1_448' title='bbox 590 3796 687 3857; x_wconf 81' lang='grc' dir='ltr'>τὰς</span> <span class='ocrx_word' id='word_1_449' title='bbox 715 3794 892 3858; x_wconf 88' lang='grc' dir='ltr'>λύσεις</span> <span class='ocrx_word' id='word_1_450' title='bbox 925 3794 1239 3872; x_wconf 74' lang='grc' dir='ltr'>ἐπήνεγκεν.</span> 
     </span>
    </p>
   </div>
   <div class='ocr_carea' id='block_1_72' title="bbox 386 3883 1953 3964">
    <p class='ocr_par' dir='ltr' id='par_1_72' title="bbox 386 3883 1953 3964">
     <span class='ocr_line' id='line_1_72' title="bbox 386 3883 1953 3964; baseline -0.001 -22"><span class='ocrx_word' id='word_1_451' title='bbox 386 3885 445 3942; x_wconf 79' lang='grc' dir='ltr'><strong>Οἱ</strong></span> <span class='ocrx_word' id='word_1_452' title='bbox 472 3883 578 3940; x_wconf 82' lang='grc' dir='ltr'>ἀπύ</span> <span class='ocrx_word' id='word_1_453' title='bbox 617 3889 724 3940; x_wconf 82' lang='grc' dir='ltr'>τῶν</span> <span class='ocrx_word' id='word_1_454' title='bbox 771 3884 978 3941; x_wconf 83' lang='grc' dir='ltr'>οἰκείων</span> <span class='ocrx_word' id='word_1_455' title='bbox 1032 3885 1481 3964; x_wconf 80' lang='grc' dir='ltr'>ὒποχωρήσαντες</span> <span class='ocrx_word' id='word_1_456' title='bbox 1536 3893 1797 3964; x_wconf 80' lang='grc' dir='ltr'>γυναικῶν</span> <span class='ocrx_word' id='word_1_457' title='bbox 1854 3883 1953 3941; x_wconf 82' lang='grc' dir='ltr'>ἄν·</span> 
     </span>
    </p>
   </div>
   <div class='ocr_carea' id='block_1_73' title="bbox 2115 3348 3680 3432">
    <p class='ocr_par' dir='ltr' id='par_1_73' title="bbox 2115 3348 3680 3432">
     <span class='ocr_line' id='line_1_73' title="bbox 2115 3348 3680 3432; baseline 0.006 -20"><span class='ocrx_word' id='word_1_458' title='bbox 2115 3348 2369 3421; x_wconf 85' lang='lat' dir='ltr'><strong>Quidam</strong></span> <span class='ocrx_word' id='word_1_459' title='bbox 2400 3352 2737 3413; x_wconf 87' lang='lat' dir='ltr'><strong>sacerdotes</strong></span> <span class='ocrx_word' id='word_1_460' title='bbox 2768 3353 2827 3411; x_wconf 88' lang='lat' dir='ltr'>in</span> <span class='ocrx_word' id='word_1_461' title='bbox 2854 3369 3064 3428; x_wconf 86' lang='lat' dir='ltr'><strong>magna</strong></span> <span class='ocrx_word' id='word_1_462' title='bbox 3087 3351 3547 3432; x_wconf 87' lang='lat' dir='ltr'><strong>Quadragesima</strong></span> <span class='ocrx_word' id='word_1_463' title='bbox 3569 3356 3680 3421; x_wconf 89' lang='lat' dir='ltr'><strong>be—</strong></span> 
     </span>
    </p>
   </div>
   <div class='ocr_carea' id='block_1_74' title="bbox 2039 3438 3684 3520">
    <p class='ocr_par' dir='ltr' id='par_1_74' title="bbox 2039 3438 3684 3520">
     <span class='ocr_line' id='line_1_74' title="bbox 2039 3438 3684 3520; baseline 0.005 -21"><span class='ocrx_word' id='word_1_464' title='bbox 2039 3438 2575 3502; x_wconf 81' lang='lat' dir='ltr'><strong>nedictiones’clam</strong></span> <span class='ocrx_word' id='word_1_465' title='bbox 2602 3440 3105 3520; x_wconf 83' lang='lat' dir='ltr'><strong>fecerunt:quales</strong></span> <span class='ocrx_word' id='word_1_466' title='bbox 3136 3440 3374 3502; x_wconf 88' lang='lat' dir='ltr'><strong>tandem</strong></span> <span class='ocrx_word' id='word_1_467' title='bbox 3407 3456 3545 3504; x_wconf 89' lang='lat' dir='ltr'><strong>sunt</strong></span> <span class='ocrx_word' id='word_1_468' title='bbox 3578 3465 3684 3509; x_wconf 89' lang='lat' dir='ltr'><strong>nu-</strong></span> 
     </span>
    </p>
   </div>
   <div class='ocr_carea' id='block_1_75' title="bbox 2041 3527 3683 3611">
    <p class='ocr_par' dir='ltr' id='par_1_75' title="bbox 2041 3527 3683 3611">
     <span class='ocr_line' id='line_1_75' title="bbox 2041 3527 3683 3611; baseline 0.005 -25"><span class='ocrx_word' id='word_1_469' title='bbox 2041 3527 2196 3607; x_wconf 76' lang='lat' dir='ltr'><strong>ptiae,</strong></span> <span class='ocrx_word' id='word_1_470' title='bbox 2231 3536 2288 3587; x_wconf 91' lang='lat' dir='ltr'>et</span> <span class='ocrx_word' id='word_1_471' title='bbox 2315 3528 2527 3608; x_wconf 89' lang='lat' dir='ltr'><strong>quibus</strong></span> <span class='ocrx_word' id='word_1_472' title='bbox 2551 3538 2826 3590; x_wconf 87' lang='lat' dir='ltr'><strong>tenentur</strong></span> <span class='ocrx_word' id='word_1_473' title='bbox 2852 3528 3040 3609; x_wconf 63' lang='lat' dir='ltr'><strong>poenis</strong></span> <span class='ocrx_word' id='word_1_474' title='bbox 3066 3528 3430 3605; x_wconf 88' lang='lat' dir='ltr'><strong>sacerdotes,</strong></span> <span class='ocrx_word' id='word_1_475' title='bbox 3466 3531 3567 3611; x_wconf 92' lang='lat' dir='ltr'>qui</span> <span class='ocrx_word' id='word_1_476' title='bbox 3597 3533 3683 3594; x_wconf 91' lang='lat' dir='ltr'>sic</span> 
     </span>
    </p>
   </div>
   <div class='ocr_carea' id='block_1_76' title="bbox 2041 3617 2963 3699">
    <p class='ocr_par' dir='ltr' id='par_1_76' title="bbox 2041 3617 2963 3699">
     <span class='ocr_line' id='line_1_76' title="bbox 2041 3617 2963 3699; baseline -0.002 -21"><span class='ocrx_word' id='word_1_477' title='bbox 2041 3635 2241 3678; x_wconf 90' lang='lat' dir='ltr'><strong>sacras</strong></span> <span class='ocrx_word' id='word_1_478' title='bbox 2274 3635 2479 3697; x_wconf 89' lang='lat' dir='ltr'><strong>preces</strong></span> <span class='ocrx_word' id='word_1_479' title='bbox 2510 3626 2912 3699; x_wconf 78' lang='lat' dir='ltr'><strong>conceperunt</strong></span> <span class='ocrx_word' id='word_1_480' title='bbox 2933 3617 2963 3676; x_wconf 78' lang='lat' dir='ltr'>‘I</span> 
     </span>
    </p>
   </div>
   <div class='ocr_carea' id='block_1_77' title="bbox 2120 3706 3684 3788">
    <p class='ocr_par' dir='ltr' id='par_1_77' title="bbox 2120 3706 3684 3788">
     <span class='ocr_line' id='line_1_77' title="bbox 2120 3706 3684 3788; baseline 0.003 -20"><span class='ocrx_word' id='word_1_481' title='bbox 2120 3706 2207 3768; x_wconf 89' lang='lat' dir='ltr'><strong>Ad</strong></span> <span class='ocrx_word' id='word_1_482' title='bbox 2239 3707 2343 3769; x_wconf 90' lang='lat' dir='ltr'>has</span> <span class='ocrx_word' id='word_1_483' title='bbox 2372 3706 2558 3788; x_wconf 80' lang='lat' dir='ltr'><strong>igitur</strong></span> <span class='ocrx_word' id='word_1_484' title='bbox 2585 3706 3081 3784; x_wconf 84' lang='lat' dir='ltr'><strong>interrogationes</strong></span> <span class='ocrx_word' id='word_1_485' title='bbox 3114 3707 3494 3771; x_wconf 89' lang='lat' dir='ltr'><strong>mediocritas</strong></span> <span class='ocrx_word' id='word_1_486' title='bbox 3543 3728 3684 3772; x_wconf 89' lang='lat' dir='ltr'><strong>nos-</strong></span> 
     </span>
    </p>
   </div>
   <div class='ocr_carea' id='block_1_78' title="bbox 2042 3796 2972 3878">
    <p class='ocr_par' dir='ltr' id='par_1_78' title="bbox 2042 3796 2972 3878">
     <span class='ocr_line' id='line_1_78' title="bbox 2042 3796 2972 3878; baseline 0 -20"><span class='ocrx_word' id='word_1_487' title='bbox 2042 3805 2131 3858; x_wconf 90' lang='lat' dir='ltr'>tra</span> <span class='ocrx_word' id='word_1_488' title='bbox 2154 3797 2299 3858; x_wconf 89' lang='lat' dir='ltr'><strong>tales</strong></span> <span class='ocrx_word' id='word_1_489' title='bbox 2328 3797 2652 3859; x_wconf 91' lang='lat' dir='ltr'><strong>solutiones</strong></span> <span class='ocrx_word' id='word_1_490' title='bbox 2684 3796 2972 3878; x_wconf 81' lang='lat' dir='ltr'><strong>protulit?</strong></span> 
     </span>
    </p>
   </div>
   <div class='ocr_carea' id='block_1_79' title="bbox 2116 3884 3684 3965">
    <p class='ocr_par' dir='ltr' id='par_1_79' title="bbox 2116 3884 3684 3965">
     <span class='ocr_line' id='line_1_79' title="bbox 2116 3884 3684 3965; baseline 0.004 -20"><span class='ocrx_word' id='word_1_491' title='bbox 2116 3884 2227 3957; x_wconf 87' lang='lat' dir='ltr'>Qui</span> <span class='ocrx_word' id='word_1_492' title='bbox 2246 3885 2319 3946; x_wconf 90' lang='lat' dir='ltr'>ob</span> <span class='ocrx_word' id='word_1_493' title='bbox 2340 3887 2660 3965; x_wconf 86' lang='lat' dir='ltr'><strong>quamlibet</strong></span> <span class='ocrx_word' id='word_1_494' title='bbox 2690 3904 2921 3948; x_wconf 72' lang='lat' dir='ltr'><strong>causam</strong></span> <span class='ocrx_word' id='word_1_495' title='bbox 2946 3884 3018 3946; x_wconf 91' lang='lat' dir='ltr'>ab</span> <span class='ocrx_word' id='word_1_496' title='bbox 3036 3884 3317 3947; x_wconf 87' lang='lat' dir='ltr'><strong>uxoribus</strong></span> <span class='ocrx_word' id='word_1_497' title='bbox 3336 3887 3459 3950; x_wconf 91' lang='lat' dir='ltr'><strong>suis</strong></span> <span class='ocrx_word' id='word_1_498' title='bbox 3479 3907 3684 3951; x_wconf 87' lang='lat' dir='ltr'><strong>reces-</strong></span> 
     </span>
    </p>
   </div>
   <div class='ocr_carea' id='block_1_80' title="bbox 305 3969 1945 4056">
    <p class='ocr_par' dir='ltr' id='par_1_80' title="bbox 305 3969 1945 4054">
     <span class='ocr_line' id='line_1_80' title="bbox 305 3969 1945 4054; baseline 0.002 -27"><span class='ocrx_word' id='word_1_499' title='bbox 305 3969 420 4051; x_wconf 89' lang='grc' dir='ltr'>δρες</span> <span class='ocrx_word' id='word_1_500' title='bbox 464 3969 533 4027; x_wconf 87' lang='grc' dir='ltr'>δι’</span> <span class='ocrx_word' id='word_1_501' title='bbox 605 3970 981 4043; x_wconf 80' lang='grc' dir='ltr'>ὁποιανδήτινα</span> <span class='ocrx_word' id='word_1_502' title='bbox 1039 3974 1227 4049; x_wconf 79' lang='grc' dir='ltr'>αἰτίαν,</span> <span class='ocrx_word' id='word_1_503' title='bbox 1298 3974 1385 4030; x_wconf 86' lang='grc' dir='ltr'>καὶ</span> <span class='ocrx_word' id='word_1_504' title='bbox 1441 3973 1496 4029; x_wconf 78' lang='grc' dir='ltr'>ἐν</span> <span class='ocrx_word' id='word_1_505' title='bbox 1546 3973 1795 4054; x_wconf 77' lang='grc' dir='ltr'>ἀλλοτρίᾳ</span> <span class='ocrx_word' id='word_1_506' title='bbox 1848 3972 1945 4031; x_wconf 86' lang='grc' dir='ltr'>διά-</span> 
     </span>
    </p>
   </div>
   <div class='ocr_carea' id='block_1_81' title="bbox 2032 3969 3685 4056">
    <p class='ocr_par' dir='ltr' id='par_1_81' title="bbox 2039 3974 3685 4056">
     <span class='ocr_line' id='line_1_81' title="bbox 2039 3974 3685 4056; baseline 0.002 -19"><span class='ocrx_word' id='word_1_507' title='bbox 2039 3984 2265 4055; x_wconf 88' lang='lat' dir='ltr'><strong>serunt,</strong></span> <span class='ocrx_word' id='word_1_508' title='bbox 2302 3982 2359 4036; x_wconf 85' lang='lat' dir='ltr'>et</span> <span class='ocrx_word' id='word_1_509' title='bbox 2387 3976 2525 4037; x_wconf 89' lang='lat' dir='ltr'><strong>alibi</strong></span> <span class='ocrx_word' id='word_1_510' title='bbox 2563 3977 2803 4056; x_wconf 83' lang='lat' dir='ltr'><strong>degunt,</strong></span> <span class='ocrx_word' id='word_1_511' title='bbox 2840 3974 3513 4039; x_wconf 84' lang='lat' dir='ltr'><strong>excommunicationem</strong></span> <span class='ocrx_word' id='word_1_512' title='bbox 3557 3997 3685 4041; x_wconf 92' lang='lat' dir='ltr'><strong>me-</strong></span> 
     </span>
    </p>
   </div>
   <div class='ocr_carea' id='block_1_82' title="bbox 303 4063 1945 4146">
    <p class='ocr_par' dir='ltr' id='par_1_82' title="bbox 303 4063 1945 4145">
     <span class='ocr_line' id='line_1_82' title="bbox 303 4063 1945 4145; baseline 0.001 -25"><span class='ocrx_word' id='word_1_513' title='bbox 303 4083 489 4141; x_wconf 82' lang='grc' dir='ltr'>γοντες</span> <span class='ocrx_word' id='word_1_514' title='bbox 570 4063 865 4145; x_wconf 70' lang='grc' dir='ltr'>ἀφορισμοῦ</span> <span class='ocrx_word' id='word_1_515' title='bbox 948 4066 1080 4120; x_wconf 90' lang='grc' dir='ltr'>εἰσιν</span> <span class='ocrx_word' id='word_1_516' title='bbox 1176 4064 1335 4139; x_wconf 84' lang='grc' dir='ltr'>ἄξιοι,</span> <span class='ocrx_word' id='word_1_517' title='bbox 1424 4066 1466 4121; x_wconf 83' lang='grc' dir='ltr'>εἰ</span> <span class='ocrx_word' id='word_1_518' title='bbox 1563 4065 1945 4145; x_wconf 76' lang='grc' dir='ltr'>ἀνεπιστρόφως</span> 
     </span>
    </p>
   </div>
   <div class='ocr_carea' id='block_1_83' title="bbox 2032 4063 3686 4146">
    <p class='ocr_par' dir='ltr' id='par_1_83' title="bbox 2038 4063 3686 4146">
     <span class='ocr_line' id='line_1_83' title="bbox 2038 4063 3686 4146; baseline 0.001 -19"><span class='ocrx_word' id='word_1_519' title='bbox 2038 4064 2326 4128; x_wconf 83' lang='lat' dir='ltr'><strong>rentursi</strong></span> <span class='ocrx_word' id='word_1_520' title='bbox 2359 4075 2888 4146; x_wconf 88' lang='lat' dir='ltr'><strong>perseverent,nec</strong></span> <span class='ocrx_word' id='word_1_521' title='bbox 2917 4063 3098 4125; x_wconf 83' lang='lat' dir='ltr'><strong>velint</strong></span> <span class='ocrx_word' id='word_1_522' title='bbox 3117 4064 3188 4123; x_wconf 90' lang='lat' dir='ltr'>ad</span> <span class='ocrx_word' id='word_1_523' title='bbox 3212 4083 3425 4126; x_wconf 85' lang='lat' dir='ltr'><strong>uxores</strong></span> <span class='ocrx_word' id='word_1_524' title='bbox 3446 4066 3686 4130; x_wconf 89' lang='lat' dir='ltr'><strong>reverti.</strong></span> 
     </span>
    </p>
   </div>
   <div class='ocr_carea' id='block_1_84' title="bbox 303 4150 1945 4234">
    <p class='ocr_par' dir='ltr' id='par_1_84' title="bbox 303 4150 1945 4234">
     <span class='ocr_line' id='line_1_84' title="bbox 303 4150 1945 4234; baseline 0.001 -26"><span class='ocrx_word' id='word_1_525' title='bbox 303 4150 517 4231; x_wconf 78' lang='grc' dir='ltr'>ἔχουσι,</span> <span class='ocrx_word' id='word_1_526' title='bbox 575 4153 664 4209; x_wconf 82' lang='grc' dir='ltr'>καὶ</span> <span class='ocrx_word' id='word_1_527' title='bbox 719 4154 850 4232; x_wconf 76' lang='grc' dir='ltr'>πρὸς</span> <span class='ocrx_word' id='word_1_528' title='bbox 923 4153 1019 4218; x_wconf 80' lang='grc' dir='ltr'>τὰς</span> <span class='ocrx_word' id='word_1_529' title='bbox 1077 4154 1270 4218; x_wconf 89' lang='grc' dir='ltr'>οἰκείας</span> <span class='ocrx_word' id='word_1_530' title='bbox 1340 4168 1596 4232; x_wconf 84' lang='grc' dir='ltr'>γυναῖκας</span> <span class='ocrx_word' id='word_1_531' title='bbox 1662 4155 1722 4212; x_wconf 81' lang='grc' dir='ltr'>οὒ</span> <span class='ocrx_word' id='word_1_532' title='bbox 1779 4177 1945 4234; x_wconf 79' lang='grc' dir='ltr'>προαι·</span> 
     </span>
    </p>
   </div>
   <div class='ocr_carea' id='block_1_85' title="bbox 2032 4150 3686 4234">
    <p class='ocr_par' dir='ltr' id='par_1_85' title="bbox 2043 4151 3686 4234">
     <span class='ocr_line' id='line_1_85' title="bbox 2043 4151 3686 4234; baseline 0.001 -18"><span class='ocrx_word' id='word_1_533' title='bbox 2043 4152 2105 4216; x_wconf 89' lang='lat' dir='ltr'><strong>Si</strong></span> <span class='ocrx_word' id='word_1_534' title='bbox 2136 4172 2273 4215; x_wconf 91' lang='lat' dir='ltr'><strong>vero</strong></span> <span class='ocrx_word' id='word_1_535' title='bbox 2301 4154 2594 4217; x_wconf 91' lang='lat' dir='ltr'><strong>incertum</strong></span> <span class='ocrx_word' id='word_1_536' title='bbox 2630 4154 2730 4215; x_wconf 89' lang='lat' dir='ltr'>ubi</span> <span class='ocrx_word' id='word_1_537' title='bbox 2779 4154 2919 4234; x_wconf 87' lang='lat' dir='ltr'><strong>sint,</strong></span> <span class='ocrx_word' id='word_1_538' title='bbox 2953 4161 3009 4213; x_wconf 91' lang='lat' dir='ltr'>et</span> <span class='ocrx_word' id='word_1_539' title='bbox 3040 4151 3319 4213; x_wconf 89' lang='lat' dir='ltr'><strong>mandato</strong></span> <span class='ocrx_word' id='word_1_540' title='bbox 3353 4172 3556 4216; x_wconf 91' lang='lat' dir='ltr'><strong>earum</strong></span> <span class='ocrx_word' id='word_1_541' title='bbox 3589 4155 3686 4217; x_wconf 87' lang='lat' dir='ltr'><strong>in-</strong></span> 
     </span>
    </p>
   </div>
   <div class='ocr_carea' id='block_1_86' title="bbox 304 4240 1945 4326">
    <p class='ocr_par' dir='ltr' id='par_1_86' title="bbox 304 4240 1945 4324">
     <span class='ocr_line' id='line_1_86' title="bbox 304 4240 1945 4324; baseline 0.002 -27"><span class='ocrx_word' id='word_1_542' title='bbox 304 4247 513 4319; x_wconf 80' lang='grc' dir='ltr'>ροῦνται</span> <span class='ocrx_word' id='word_1_543' title='bbox 538 4240 697 4298; x_wconf 91' lang='grc' dir='ltr'>πάλιν</span> <span class='ocrx_word' id='word_1_544' title='bbox 740 4244 995 4309; x_wconf 77' lang='grc' dir='ltr'>νοστῆσαι</span> <span class='ocrx_word' id='word_1_545' title='bbox 1033 4261 1047 4276; x_wconf 91' lang='grc'><strong>·</strong></span> <span class='ocrx_word' id='word_1_546' title='bbox 1108 4244 1151 4299; x_wconf 89' lang='grc' dir='ltr'>εἰ</span> <span class='ocrx_word' id='word_1_547' title='bbox 1203 4241 1258 4299; x_wconf 78' lang='grc' dir='ltr'>δὲ</span> <span class='ocrx_word' id='word_1_548' title='bbox 1312 4241 1497 4311; x_wconf 79' lang='grc' dir='ltr'>ἄδηλοι</span> <span class='ocrx_word' id='word_1_549' title='bbox 1539 4243 1677 4324; x_wconf 77' lang='grc' dir='ltr'>εἶεν,</span> <span class='ocrx_word' id='word_1_550' title='bbox 1707 4245 1794 4300; x_wconf 87' lang='grc' dir='ltr'>καὶ</span> <span class='ocrx_word' id='word_1_551' title='bbox 1822 4266 1945 4324; x_wconf 73' lang='grc' dir='ltr'>προ-</span> 
     </span>
    </p>
   </div>
   <div class='ocr_carea' id='block_1_87' title="bbox 2032 4240 3685 4326">
    <p class='ocr_par' dir='ltr' id='par_1_87' title="bbox 2043 4241 3685 4326">
     <span class='ocr_line' id='line_1_87' title="bbox 2043 4241 3685 4326; baseline 0.002 -23"><span class='ocrx_word' id='word_1_552' title='bbox 2043 4242 2281 4326; x_wconf 82' lang='lat' dir='ltr'><strong>quisitio</strong></span> <span class='ocrx_word' id='word_1_553' title='bbox 2305 4242 3167 4324; x_wconf 68' lang='lat' dir='ltr'><strong>processerit,praeterieritque</strong></span> <span class='ocrx_word' id='word_1_554' title='bbox 3188 4241 3685 4323; x_wconf 90' lang='lat' dir='ltr'><strong>quinquennium,</strong></span> 
     </span>
    </p>
   </div>
   <div class='ocr_carea' id='block_1_88' title="bbox 305 4328 1945 4413">
    <p class='ocr_par' dir='ltr' id='par_1_88' title="bbox 305 4328 1945 4412">
     <span class='ocr_line' id='line_1_88' title="bbox 305 4328 1945 4412; baseline 0.002 -25"><span class='ocrx_word' id='word_1_555' title='bbox 305 4328 404 4397; x_wconf 80' lang='grc' dir='ltr'>έϐη</span> <span class='ocrx_word' id='word_1_556' title='bbox 455 4331 543 4387; x_wconf 87' lang='grc' dir='ltr'>καὶ</span> <span class='ocrx_word' id='word_1_557' title='bbox 593 4329 773 4410; x_wconf 77' lang='grc' dir='ltr'>ἔρευνα</span> <span class='ocrx_word' id='word_1_558' title='bbox 841 4332 1040 4389; x_wconf 90' lang='grc' dir='ltr'>τούτων</span> <span class='ocrx_word' id='word_1_559' title='bbox 1097 4332 1149 4397; x_wconf 78' lang='grc' dir='ltr'>ἐξ</span> <span class='ocrx_word' id='word_1_560' title='bbox 1206 4331 1511 4400; x_wconf 77' lang='grc' dir='ltr'>ἀποστολῆς</span> <span class='ocrx_word' id='word_1_561' title='bbox 1554 4339 1662 4390; x_wconf 84' lang='grc' dir='ltr'>τῶν</span> <span class='ocrx_word' id='word_1_562' title='bbox 1703 4339 1945 4412; x_wconf 69' lang='grc' dir='ltr'>γυναικῶ</span> 
     </span>
    </p>
   </div>
   <div class='ocr_carea' id='block_1_89' title="bbox 2032 4328 3693 4413">
    <p class='ocr_par' dir='ltr' id='par_1_89' title="bbox 2045 4329 3693 4413">
     <span class='ocr_line' id='line_1_89' title="bbox 2045 4329 3693 4413; baseline 0 -18"><span class='ocrx_word' id='word_1_563' title='bbox 2045 4351 2116 4395; x_wconf 87' lang='lat' dir='ltr'><strong>ex</strong></span> <span class='ocrx_word' id='word_1_564' title='bbox 2146 4351 2264 4413; x_wconf 91' lang='lat' dir='ltr'>quo</span> <span class='ocrx_word' id='word_1_565' title='bbox 2296 4331 2405 4392; x_wconf 89' lang='lat' dir='ltr'><strong>viri</strong></span> <span class='ocrx_word' id='word_1_566' title='bbox 2440 4331 2883 4412; x_wconf 89' lang='lat' dir='ltr'><strong>disparuerunt,</strong></span> <span class='ocrx_word' id='word_1_567' title='bbox 2916 4331 2977 4391; x_wconf 93' lang='lat' dir='ltr'><strong>in</strong></span> <span class='ocrx_word' id='word_1_568' title='bbox 3010 4329 3166 4391; x_wconf 91' lang='lat' dir='ltr'><strong>bello</strong></span> <span class='ocrx_word' id='word_1_569' title='bbox 3198 4329 3352 4393; x_wconf 87' lang='lat' dir='ltr'><strong>forte</strong></span> <span class='ocrx_word' id='word_1_570' title='bbox 3379 4337 3557 4412; x_wconf 88' lang='lat' dir='ltr'><strong>capti,</strong></span> <span class='ocrx_word' id='word_1_571' title='bbox 3592 4341 3693 4395; x_wconf 89' lang='lat' dir='ltr'>aut</span> 
     </span>
    </p>
   </div>
   <div class='ocr_carea' id='block_1_90' title="bbox 304 4418 1945 4502">
    <p class='ocr_par' dir='ltr' id='par_1_90' title="bbox 304 4418 1945 4501">
     <span class='ocr_line' id='line_1_90' title="bbox 304 4418 1945 4501; baseline 0.002 -27"><span class='ocrx_word' id='word_1_572' title='bbox 304 4418 501 4494; x_wconf 72' lang='grc' dir='ltr'>αὐτῶν,</span> <span class='ocrx_word' id='word_1_573' title='bbox 570 4422 669 4476; x_wconf 69' lang='grc' dir='ltr'>καὶ</span> <span class='ocrx_word' id='word_1_574' title='bbox 725 4420 1005 4476; x_wconf 85' lang='grc' dir='ltr'>πενταετία</span> <span class='ocrx_word' id='word_1_575' title='bbox 1061 4419 1328 4499; x_wconf 75' lang='grc' dir='ltr'>παρῆλθεν</span> <span class='ocrx_word' id='word_1_576' title='bbox 1385 4418 1559 4487; x_wconf 81' lang='grc' dir='ltr'>ἐξὸτου</span> <span class='ocrx_word' id='word_1_577' title='bbox 1614 4421 1835 4501; x_wconf 78' lang='grc' dir='ltr'>ἀφανεῖς</span> <span class='ocrx_word' id='word_1_578' title='bbox 1907 4425 1945 4478; x_wconf 73' lang='grc' dir='ltr'>οἳ</span> 
     </span>
    </p>
   </div>
   <div class='ocr_carea' id='block_1_91' title="bbox 2032 4418 3687 4502">
    <p class='ocr_par' dir='ltr' id='par_1_91' title="bbox 2038 4418 3687 4502">
     <span class='ocr_line' id='line_1_91' title="bbox 2038 4418 3687 4502; baseline 0 -20"><span class='ocrx_word' id='word_1_579' title='bbox 2038 4440 2153 4502; x_wconf 91' lang='lat' dir='ltr'>quo</span> <span class='ocrx_word' id='word_1_580' title='bbox 2183 4420 2296 4482; x_wconf 92' lang='lat' dir='ltr'><strong>alio</strong></span> <span class='ocrx_word' id='word_1_581' title='bbox 2325 4420 2503 4482; x_wconf 89' lang='lat' dir='ltr'><strong>modo</strong></span> <span class='ocrx_word' id='word_1_582' title='bbox 2533 4421 2610 4482; x_wconf 91' lang='lat' dir='ltr'>de</span> <span class='ocrx_word' id='word_1_583' title='bbox 2644 4422 2839 4483; x_wconf 87' lang='lat' dir='ltr'><strong>medio</strong></span> <span class='ocrx_word' id='word_1_584' title='bbox 2885 4418 3103 4480; x_wconf 88' lang='lat' dir='ltr'><strong>sublati</strong></span> <span class='ocrx_word' id='word_1_585' title='bbox 3140 4439 3153 4480; x_wconf 88' lang='lat'><strong>:</strong></span> <span class='ocrx_word' id='word_1_586' title='bbox 3201 4438 3421 4482; x_wconf 85' lang='lat' dir='ltr'><strong>uxores</strong></span> <span class='ocrx_word' id='word_1_587' title='bbox 3478 4439 3687 4485; x_wconf 91' lang='lat' dir='ltr'><strong>eorum</strong></span> 
     </span>
    </p>
   </div>
   <div class='ocr_carea' id='block_1_92' title="bbox 303 4505 1945 4594">
    <p class='ocr_par' dir='ltr' id='par_1_92' title="bbox 303 4505 1945 4591">
     <span class='ocr_line' id='line_1_92' title="bbox 303 4505 1945 4591; baseline 0.002 -27"><span class='ocrx_word' id='word_1_588' title='bbox 303 4505 485 4589; x_wconf 87' lang='grc' dir='ltr'>ἄνδρες</span> <span class='ocrx_word' id='word_1_589' title='bbox 540 4509 740 4566; x_wconf 89' lang='grc' dir='ltr'>τούτων</span> <span class='ocrx_word' id='word_1_590' title='bbox 783 4508 1049 4588; x_wconf 76' lang='grc' dir='ltr'>ἐγένοντο,</span> <span class='ocrx_word' id='word_1_591' title='bbox 1110 4509 1445 4590; x_wconf 81' lang='grc' dir='ltr'>αἰχμάλωτοι</span> <span class='ocrx_word' id='word_1_592' title='bbox 1502 4511 1668 4591; x_wconf 80' lang='grc' dir='ltr'>τυχὸν</span> <span class='ocrx_word' id='word_1_593' title='bbox 1725 4511 1945 4589; x_wconf 84' lang='grc' dir='ltr'>γεγονό-</span> 
     </span>
    </p>
   </div>
   <div class='ocr_carea' id='block_1_93' title="bbox 2032 4505 3688 4594">
    <p class='ocr_par' dir='ltr' id='par_1_93' title="bbox 2032 4507 3688 4594">
     <span class='ocr_line' id='line_1_93' title="bbox 2032 4507 3688 4594; baseline -0.001 -23"><span class='ocrx_word' id='word_1_594' title='bbox 2032 4528 2141 4594; x_wconf 91' lang='lat' dir='ltr'>per</span> <span class='ocrx_word' id='word_1_595' title='bbox 2196 4510 2383 4586; x_wconf 85' lang='lat' dir='ltr'><strong>legem</strong></span> <span class='ocrx_word' id='word_1_596' title='bbox 2443 4527 2561 4570; x_wconf 94' lang='lat' dir='ltr'>non</span> <span class='ocrx_word' id='word_1_597' title='bbox 2616 4509 3006 4590; x_wconf 89' lang='lat' dir='ltr'><strong>prohibentur</strong></span> <span class='ocrx_word' id='word_1_598' title='bbox 3047 4507 3181 4569; x_wconf 89' lang='lat' dir='ltr'><strong>aliis</strong></span> <span class='ocrx_word' id='word_1_599' title='bbox 3210 4509 3485 4589; x_wconf 82' lang='lat' dir='ltr'><strong>conjungi</strong></span> <span class='ocrx_word' id='word_1_600' title='bbox 3529 4510 3688 4571; x_wconf 86' lang='lat' dir='ltr'><strong>viris.</strong></span> 
     </span>
    </p>
   </div>
   <div class='ocr_carea' id='block_1_94' title="bbox 302 4594 1945 4679">
    <p class='ocr_par' dir='ltr' id='par_1_94' title="bbox 302 4594 1945 4677">
     <span class='ocr_line' id='line_1_94' title="bbox 302 4594 1945 4677; baseline 0.002 -25"><span class='ocrx_word' id='word_1_601' title='bbox 302 4617 415 4671; x_wconf 80' lang='grc' dir='ltr'>τες,</span> <span class='ocrx_word' id='word_1_602' title='bbox 446 4597 482 4665; x_wconf 76' lang='grc' dir='ltr'><strong>ἢ</strong></span> <span class='ocrx_word' id='word_1_603' title='bbox 514 4594 662 4671; x_wconf 84' lang='grc' dir='ltr'>ἄλλῳ</span> <span class='ocrx_word' id='word_1_604' title='bbox 689 4598 791 4653; x_wconf 88' lang='grc' dir='ltr'>τινὶ</span> <span class='ocrx_word' id='word_1_605' title='bbox 839 4597 1021 4676; x_wconf 87' lang='grc' dir='ltr'>τρόπῳ</span> <span class='ocrx_word' id='word_1_606' title='bbox 1067 4597 1436 4677; x_wconf 72' lang='grc' dir='ltr'>ἀφανισθέντες</span> <span class='ocrx_word' id='word_1_607' title='bbox 1471 4613 1485 4628; x_wconf 81' lang='grc'><strong>⁸</strong></span> <span class='ocrx_word' id='word_1_608' title='bbox 1542 4606 1650 4656; x_wconf 84' lang='grc' dir='ltr'>τῶν</span> <span class='ocrx_word' id='word_1_609' title='bbox 1703 4598 1945 4656; x_wconf 67' lang='grc' dir='ltr'>τοιούτων</span> 
     </span>
    </p>
   </div>
   <div class='ocr_carea' id='block_1_95' title="bbox 2032 4594 3693 4679">
    <p class='ocr_par' dir='ltr' id='par_1_95' title="bbox 2034 4594 3693 4679">
     <span class='ocr_line' id='line_1_95' title="bbox 2034 4594 3693 4679; baseline -0.002 -16"><span class='ocrx_word' id='word_1_610' title='bbox 2034 4598 2186 4663; x_wconf 84' lang='lat' dir='ltr'><strong>Aliae</strong></span> <span class='ocrx_word' id='word_1_611' title='bbox 2235 4605 2455 4673; x_wconf 88' lang='lat' dir='ltr'><strong>autem,</strong></span> <span class='ocrx_word' id='word_1_612' title='bbox 2509 4616 2760 4679; x_wconf 88' lang='lat' dir='ltr'><strong>quarum</strong></span> <span class='ocrx_word' id='word_1_613' title='bbox 2803 4597 2998 4661; x_wconf 90' lang='lat' dir='ltr'><strong>adhuc</strong></span> <span class='ocrx_word' id='word_1_614' title='bbox 3028 4594 3144 4660; x_wconf 91' lang='lat' dir='ltr'><strong>viri</strong></span> <span class='ocrx_word' id='word_1_615' title='bbox 3179 4606 3516 4678; x_wconf 89' lang='lat' dir='ltr'><strong>supersunt,</strong></span> <span class='ocrx_word' id='word_1_616' title='bbox 3553 4616 3693 4659; x_wconf 90' lang='lat' dir='ltr'><strong>suos</strong></span> 
     </span>
    </p>
   </div>
   <div class='ocr_carea' id='block_1_96' title="bbox 306 4685 1945 4768">
    <p class='ocr_par' dir='ltr' id='par_1_96' title="bbox 306 4685 1945 4767">
     <span class='ocr_line' id='line_1_96' title="bbox 306 4685 1945 4767; baseline 0.002 -26"><span class='ocrx_word' id='word_1_617' title='bbox 306 4687 360 4742; x_wconf 77' lang='grc' dir='ltr'>αἱ</span> <span class='ocrx_word' id='word_1_618' title='bbox 406 4699 657 4764; x_wconf 85' lang='grc' dir='ltr'>γυναῖκες</span> <span class='ocrx_word' id='word_1_619' title='bbox 713 4685 999 4751; x_wconf 85' lang='grc' dir='ltr'>ἀκωλύτως</span> <span class='ocrx_word' id='word_1_620' title='bbox 1049 4687 1185 4743; x_wconf 87' lang='grc' dir='ltr'>κατά</span> <span class='ocrx_word' id='word_1_621' title='bbox 1252 4688 1343 4744; x_wconf 81' lang='grc' dir='ltr'>τὸν</span> <span class='ocrx_word' id='word_1_622' title='bbox 1402 4686 1744 4767; x_wconf 76' lang='grc' dir='ltr'>ἐκχωροῦντα</span> <span class='ocrx_word' id='word_1_623' title='bbox 1798 4688 1945 4764; x_wconf 49' lang='grc' dir='ltr'>νόμοι</span> 
     </span>
    </p>
   </div>
   <div class='ocr_carea' id='block_1_97' title="bbox 2032 4685 2519 4768">
    <p class='ocr_par' dir='ltr' id='par_1_97' title="bbox 2042 4688 2519 4768">
     <span class='ocr_line' id='line_1_97' title="bbox 2042 4688 2519 4768; baseline 0 -17"><span class='ocrx_word' id='word_1_624' title='bbox 2042 4688 2204 4753; x_wconf 86' lang='lat' dir='ltr'><strong>viros</strong></span> <span class='ocrx_word' id='word_1_625' title='bbox 2232 4694 2519 4768; x_wconf 67' lang='lat' dir='ltr'><strong>quaerant.</strong></span> 
     </span>
    </p>
   </div>
   <div class='ocr_carea' id='block_1_98' title="bbox 305 4772 3691 4858">
    <p class='ocr_par' dir='ltr' id='par_1_98' title="bbox 305 4772 3691 4858">
     <span class='ocr_line' id='line_1_98' title="bbox 305 4772 3691 4858; baseline 0.001 -27"><span class='ocrx_word' id='word_1_626' title='bbox 305 4773 501 4853; x_wconf 75' lang='grc' dir='ltr'>ἑτέροις</span> <span class='ocrx_word' id='word_1_627' title='bbox 561 4778 870 4855; x_wconf 76' lang='grc' dir='ltr'>συναφθεῖεν</span> <span class='ocrx_word' id='word_1_628' title='bbox 946 4772 1189 4854; x_wconf 83' lang='grc' dir='ltr'>ἀνδράσιν</span> <span class='ocrx_word' id='word_1_629' title='bbox 1224 4791 1239 4805; x_wconf 89' lang='lat'><strong>&#39;</strong></span> <span class='ocrx_word' id='word_1_630' title='bbox 1298 4778 1351 4833; x_wconf 79' lang='grc' dir='ltr'>αἱ</span> <span class='ocrx_word' id='word_1_631' title='bbox 1420 4773 1465 4832; x_wconf 88' lang='grc' dir='ltr'>δ’</span> <span class='ocrx_word' id='word_1_632' title='bbox 1522 4775 1678 4834; x_wconf 84' lang='grc' dir='ltr'>ἄλλαι</span> <span class='ocrx_word' id='word_1_633' title='bbox 1746 4778 1822 4832; x_wconf 79' lang='grc' dir='ltr'>ὧν</span> <span class='ocrx_word' id='word_1_634' title='bbox 1900 4781 1946 4834; x_wconf 79' lang='grc' dir='ltr'>οἱ</span> <span class='ocrx_word' id='word_1_635' title='bbox 2027 4777 2208 4858; x_wconf 86' lang='grc' dir='ltr'>ἄνδρες</span> <span class='ocrx_word' id='word_1_636' title='bbox 2278 4778 2353 4834; x_wconf 71' lang='grc' dir='ltr'>ἔτι</span> <span class='ocrx_word' id='word_1_637' title='bbox 2431 4779 2675 4858; x_wconf 84' lang='grc' dir='ltr'>περίεισι,</span> <span class='ocrx_word' id='word_1_638' title='bbox 2753 4781 2872 4843; x_wconf 83' lang='grc' dir='ltr'>τοὺς</span> <span class='ocrx_word' id='word_1_639' title='bbox 2957 4781 3176 4839; x_wconf 80' lang='grc' dir='ltr'>οἰκείους</span> <span class='ocrx_word' id='word_1_640' title='bbox 3249 4774 3440 4856; x_wconf 88' lang='grc' dir='ltr'>ἄνδρας</span> <span class='ocrx_word' id='word_1_641' title='bbox 3509 4780 3691 4849; x_wconf 79' lang='grc' dir='ltr'>ζηνεί..</span> 
     </span>
    </p>
   </div>
   <div class='ocr_carea' id='block_1_99' title="bbox 304 4884 505 4923">
    <p class='ocr_par' dir='ltr' id='par_1_99' title="bbox 304 4884 505 4923">
     <span class='ocr_line' id='line_1_99' title="bbox 304 4884 505 4923; baseline 0.015 -3"><span class='ocrx_word' id='word_1_642' title='bbox 304 4884 505 4923; x_wconf 85' lang='grc' dir='ltr'>τωσαν.</span> 
     </span>
    </p>
   </div>
   <div class='ocr_carea' id='block_1_100' title="bbox 388 4952 1958 5034">
    <p class='ocr_par' dir='ltr' id='par_1_100' title="bbox 388 4952 1958 5034">
     <span class='ocr_line' id='line_1_100' title="bbox 388 4952 1958 5034; baseline -0.001 -24"><span class='ocrx_word' id='word_1_643' title='bbox 388 4954 448 5010; x_wconf 78' lang='lat' dir='ltr'><strong>Oi</strong></span> <span class='ocrx_word' id='word_1_644' title='bbox 520 4952 839 5017; x_wconf 84' lang='grc' dir='ltr'>πταίσαντες</span> <span class='ocrx_word' id='word_1_645' title='bbox 924 4955 1082 5033; x_wconf 78' lang='grc' dir='ltr'>ἱερεῖς</span> <span class='ocrx_word' id='word_1_646' title='bbox 1169 4954 1217 5008; x_wconf 76' lang='grc' dir='ltr'>οἱ</span> <span class='ocrx_word' id='word_1_647' title='bbox 1301 4952 1423 5017; x_wconf 81' lang='grc' dir='ltr'>τοὺς</span> <span class='ocrx_word' id='word_1_648' title='bbox 1502 4952 1958 5034; x_wconf 80' lang='grc' dir='ltr'>προηγιασμένους</span> 
     </span>
    </p>
   </div>
   <div class='ocr_carea' id='block_1_101' title="bbox 307 5038 1956 5122">
    <p class='ocr_par' dir='ltr' id='par_1_101' title="bbox 307 5038 1956 5122">
     <span class='ocr_line' id='line_1_101' title="bbox 307 5038 1956 5122; baseline 0.001 -26"><span class='ocrx_word' id='word_1_649' title='bbox 307 5038 493 5119; x_wconf 88' lang='grc' dir='ltr'>ἄρτους</span> <span class='ocrx_word' id='word_1_650' title='bbox 550 5040 908 5108; x_wconf 77' lang='grc' dir='ltr'>πεποιηκότες</span> <span class='ocrx_word' id='word_1_651' title='bbox 951 5042 1073 5105; x_wconf 67' lang='grc' dir='ltr'>αοὺς</span> <span class='ocrx_word' id='word_1_652' title='bbox 1131 5042 1232 5098; x_wconf 78' lang='grc' dir='ltr'>ὑπὸ</span> <span class='ocrx_word' id='word_1_653' title='bbox 1301 5063 1470 5101; x_wconf 84' lang='grc' dir='ltr'>κυνων</span> <span class='ocrx_word' id='word_1_654' title='bbox 1524 5048 1630 5100; x_wconf 83' lang='grc' dir='ltr'>τῶν</span> <span class='ocrx_word' id='word_1_655' title='bbox 1699 5064 1956 5122; x_wconf 88' lang='grc' dir='ltr'>παρανοι-</span> 
     </span>
    </p>
   </div>
   <div class='ocr_carea' id='block_1_102' title="bbox 308 5129 1957 5211">
    <p class='ocr_par' dir='ltr' id='par_1_102' title="bbox 308 5129 1957 5211">
     <span class='ocr_line' id='line_1_102' title="bbox 308 5129 1957 5211; baseline 0 -25"><span class='ocrx_word' id='word_1_656' title='bbox 308 5129 505 5196; x_wconf 83' lang='grc' dir='ltr'>ξάντων</span> <span class='ocrx_word' id='word_1_657' title='bbox 574 5131 675 5197; x_wconf 73' lang='grc' dir='ltr'>τὴν</span> <span class='ocrx_word' id='word_1_658' title='bbox 732 5137 823 5186; x_wconf 81' lang='grc' dir='ltr'>τοῦ</span> <span class='ocrx_word' id='word_1_659' title='bbox 872 5138 996 5189; x_wconf 81' lang='grc' dir='ltr'>ναοῦ</span> <span class='ocrx_word' id='word_1_660' title='bbox 1054 5130 1228 5199; x_wconf 89' lang='grc' dir='ltr'>πύλην</span> <span class='ocrx_word' id='word_1_661' title='bbox 1273 5131 1674 5211; x_wconf 79' lang='grc' dir='ltr'>ἀφανισθέντας,</span> <span class='ocrx_word' id='word_1_662' title='bbox 1732 5133 1830 5198; x_wconf 86' lang='grc' dir='ltr'>τῆς</span> <span class='ocrx_word' id='word_1_663' title='bbox 1883 5133 1957 5187; x_wconf 80' lang='grc' dir='ltr'>ἱε-</span> 
     </span>
    </p>
   </div>
   <div class='ocr_carea' id='block_1_103' title="bbox 309 5218 1962 5300">
    <p class='ocr_par' dir='ltr' id='par_1_103' title="bbox 309 5218 1962 5300">
     <span class='ocr_line' id='line_1_103' title="bbox 309 5218 1962 5300; baseline -0.001 -24"><span class='ocrx_word' id='word_1_664' title='bbox 309 5218 551 5300; x_wconf 87' lang='grc' dir='ltr'>ρουργίας</span> <span class='ocrx_word' id='word_1_665' title='bbox 590 5220 721 5297; x_wconf 83' lang='grc' dir='ltr'>πρὸς</span> <span class='ocrx_word' id='word_1_666' title='bbox 762 5221 944 5299; x_wconf 81' lang='grc' dir='ltr'>καιρὸν</span> <span class='ocrx_word' id='word_1_667' title='bbox 989 5221 1080 5277; x_wconf 82' lang='grc' dir='ltr'>τὸν</span> <span class='ocrx_word' id='word_1_668' title='bbox 1124 5221 1269 5299; x_wconf 82' lang='grc' dir='ltr'>παρὰ</span> <span class='ocrx_word' id='word_1_669' title='bbox 1326 5221 1424 5287; x_wconf 74' lang='grc' dir='ltr'>τὴν</span> <span class='ocrx_word' id='word_1_670' title='bbox 1474 5218 1731 5300; x_wconf 87' lang='grc' dir='ltr'>διάκρισιν</span> <span class='ocrx_word' id='word_1_671' title='bbox 1787 5220 1962 5296; x_wconf 87' lang='grc' dir='ltr'>κείμε-</span> 
     </span>
    </p>
   </div>
   <div class='ocr_carea' id='block_1_104' title="bbox 309 5308 1962 5390">
    <p class='ocr_par' dir='ltr' id='par_1_104' title="bbox 309 5308 1962 5390">
     <span class='ocr_line' id='line_1_104' title="bbox 309 5308 1962 5390; baseline 0 -25"><span class='ocrx_word' id='word_1_672' title='bbox 309 5330 399 5365; x_wconf 83' lang='grc' dir='ltr'>νον</span> <span class='ocrx_word' id='word_1_673' title='bbox 440 5308 535 5365; x_wconf 76' lang='grc' dir='ltr'>τοῦ</span> <span class='ocrx_word' id='word_1_674' title='bbox 574 5311 744 5366; x_wconf 68' lang='grc' dir='ltr'>αὐτῶν</span> <span class='ocrx_word' id='word_1_675' title='bbox 789 5308 1081 5390; x_wconf 79' lang='grc' dir='ltr'>ἀρχιερέως</span> <span class='ocrx_word' id='word_1_676' title='bbox 1138 5310 1542 5387; x_wconf 83' lang='grc' dir='ltr'>παυσάσθωσαν,</span> <span class='ocrx_word' id='word_1_677' title='bbox 1600 5310 1673 5374; x_wconf 86' lang='grc' dir='ltr'>ὡς</span> <span class='ocrx_word' id='word_1_678' title='bbox 1717 5308 1795 5385; x_wconf 75' lang='grc' dir='ltr'>μὴ</span> <span class='ocrx_word' id='word_1_679' title='bbox 1862 5310 1962 5376; x_wconf 81' lang='grc' dir='ltr'>την</span> 
     </span>
    </p>
   </div>
   <div class='ocr_carea' id='block_1_105' title="bbox 309 5395 1963 5478">
    <p class='ocr_par' dir='ltr' id='par_1_105' title="bbox 309 5395 1963 5478">
     <span class='ocr_line' id='line_1_105' title="bbox 309 5395 1963 5478; baseline 0 -23"><span class='ocrx_word' id='word_1_680' title='bbox 309 5398 497 5466; x_wconf 77' lang='grc' dir='ltr'>ἱκανὴν</span> <span class='ocrx_word' id='word_1_681' title='bbox 565 5398 919 5464; x_wconf 80' lang='grc' dir='ltr'>πεποιηκότες</span> <span class='ocrx_word' id='word_1_682' title='bbox 976 5397 1291 5478; x_wconf 77' lang='grc' dir='ltr'>ἀσφάλειαν.</span> <span class='ocrx_word' id='word_1_683' title='bbox 1339 5400 1399 5455; x_wconf 82' lang='grc' dir='ltr'>Οἱ</span> <span class='ocrx_word' id='word_1_684' title='bbox 1453 5397 1498 5455; x_wconf 84' lang='grc' dir='ltr'>δ’</span> <span class='ocrx_word' id='word_1_685' title='bbox 1543 5395 1696 5454; x_wconf 80' lang='grc' dir='ltr'>ἄλλοι</span> <span class='ocrx_word' id='word_1_686' title='bbox 1754 5400 1801 5453; x_wconf 78' lang='grc' dir='ltr'>οἱ</span> <span class='ocrx_word' id='word_1_687' title='bbox 1843 5400 1963 5463; x_wconf 80' lang='grc' dir='ltr'>τοὺς</span> 
     </span>
    </p>
   </div>
   <div class='ocr_carea' id='block_1_106' title="bbox 2123 4952 3692 5036">
    <p class='ocr_par' dir='ltr' id='par_1_106' title="bbox 2123 4952 3692 5036">
     <span class='ocr_line' id='line_1_106' title="bbox 2123 4952 3692 5036; baseline -0.001 -18"><span class='ocrx_word' id='word_1_688' title='bbox 2123 4954 2234 5028; x_wconf 87' lang='lat' dir='ltr'><strong>Qui</strong></span> <span class='ocrx_word' id='word_1_689' title='bbox 2259 4953 2345 5015; x_wconf 89' lang='lat' dir='ltr'>sic</span> <span class='ocrx_word' id='word_1_690' title='bbox 2374 4952 2759 5031; x_wconf 86' lang='lat' dir='ltr'><strong>deliquerunt</strong></span> <span class='ocrx_word' id='word_1_691' title='bbox 2790 4954 3221 5032; x_wconf 90' lang='lat' dir='ltr'><strong>sacerdotes,ut</strong></span> <span class='ocrx_word' id='word_1_692' title='bbox 3240 4954 3692 5036; x_wconf 61' lang='lat' dir='ltr'><strong>praesanctiﬁca-</strong></span> 
     </span>
    </p>
   </div>
   <div class='ocr_carea' id='block_1_107' title="bbox 2042 5041 3693 5125">
    <p class='ocr_par' dir='ltr' id='par_1_107' title="bbox 2042 5041 3693 5125">
     <span class='ocr_line' id='line_1_107' title="bbox 2042 5041 3693 5125; baseline 0 -22"><span class='ocrx_word' id='word_1_693' title='bbox 2042 5048 2134 5103; x_wconf 91' lang='lat' dir='ltr'>tos</span> <span class='ocrx_word' id='word_1_694' title='bbox 2166 5059 2410 5122; x_wconf 90' lang='lat' dir='ltr'><strong>panes,a</strong></span> <span class='ocrx_word' id='word_1_695' title='bbox 2432 5060 2495 5102; x_wconf 89' lang='lat' dir='ltr'>se</span> <span class='ocrx_word' id='word_1_696' title='bbox 2515 5041 2907 5116; x_wconf 88' lang='lat' dir='ltr'><strong>factus,canes</strong></span> <span class='ocrx_word' id='word_1_697' title='bbox 2938 5045 3141 5125; x_wconf 91' lang='lat' dir='ltr'><strong>templi</strong></span> <span class='ocrx_word' id='word_1_698' title='bbox 3173 5044 3385 5106; x_wconf 88' lang='lat' dir='ltr'><strong>ostium</strong></span> <span class='ocrx_word' id='word_1_699' title='bbox 3414 5041 3693 5122; x_wconf 90' lang='lat' dir='ltr'><strong>aperien-</strong></span> 
     </span>
    </p>
   </div>
   <div class='ocr_carea' id='block_1_108' title="bbox 2041 5129 3694 5214">
    <p class='ocr_par' dir='ltr' id='par_1_108' title="bbox 2041 5129 3694 5214">
     <span class='ocr_line' id='line_1_108' title="bbox 2041 5129 3694 5214; baseline -0.001 -22"><span class='ocrx_word' id='word_1_700' title='bbox 2041 5139 2129 5193; x_wconf 92' lang='lat' dir='ltr'>tes</span> <span class='ocrx_word' id='word_1_701' title='bbox 2160 5132 2234 5192; x_wconf 91' lang='lat' dir='ltr'>de</span> <span class='ocrx_word' id='word_1_702' title='bbox 2266 5129 2462 5190; x_wconf 83' lang='lat' dir='ltr'><strong>medio</strong></span> <span class='ocrx_word' id='word_1_703' title='bbox 2487 5130 2857 5206; x_wconf 88' lang='lat' dir='ltr'><strong>sustulerint,</strong></span> <span class='ocrx_word' id='word_1_704' title='bbox 2893 5133 2965 5193; x_wconf 91' lang='lat' dir='ltr'>ad</span> <span class='ocrx_word' id='word_1_705' title='bbox 2997 5142 3229 5214; x_wconf 88' lang='lat' dir='ltr'><strong>tempus</strong></span> <span class='ocrx_word' id='word_1_706' title='bbox 3259 5132 3320 5193; x_wconf 93' lang='lat' dir='ltr'>in</span> <span class='ocrx_word' id='word_1_707' title='bbox 3351 5130 3694 5210; x_wconf 85' lang='lat' dir='ltr'><strong>cognitione</strong></span> 
     </span>
    </p>
   </div>
   <div class='ocr_carea' id='block_1_109' title="bbox 2043 5217 3692 5302">
    <p class='ocr_par' dir='ltr' id='par_1_109' title="bbox 2043 5217 3692 5302">
     <span class='ocr_line' id='line_1_109' title="bbox 2043 5217 3692 5302; baseline -0.001 -20"><span class='ocrx_word' id='word_1_708' title='bbox 2043 5218 2323 5282; x_wconf 88' lang='lat' dir='ltr'><strong>antistitis</strong></span> <span class='ocrx_word' id='word_1_709' title='bbox 2355 5217 2633 5299; x_wconf 82' lang='lat' dir='ltr'><strong>positum,</strong></span> <span class='ocrx_word' id='word_1_710' title='bbox 2661 5238 2694 5279; x_wconf 90' lang='lat' dir='ltr'>a</span> <span class='ocrx_word' id='word_1_711' title='bbox 2730 5238 3033 5282; x_wconf 81' lang='lat' dir='ltr'><strong>sacrorum</strong></span> <span class='ocrx_word' id='word_1_712' title='bbox 3064 5220 3408 5302; x_wconf 89' lang='lat' dir='ltr'><strong>operatione</strong></span> <span class='ocrx_word' id='word_1_713' title='bbox 3436 5226 3692 5295; x_wconf 88' lang='lat' dir='ltr'><strong>cessent,</strong></span> 
     </span>
    </p>
   </div>
   <div class='ocr_carea' id='block_1_110' title="bbox 2044 5307 3693 5390">
    <p class='ocr_par' dir='ltr' id='par_1_110' title="bbox 2044 5307 3693 5390">
     <span class='ocr_line' id='line_1_110' title="bbox 2044 5307 3693 5390; baseline 0.001 -21"><span class='ocrx_word' id='word_1_714' title='bbox 2044 5308 2204 5389; x_wconf 87' lang='lat' dir='ltr'><strong>quod</strong></span> <span class='ocrx_word' id='word_1_715' title='bbox 2228 5307 2548 5386; x_wconf 83' lang='lat' dir='ltr'><strong>diligenter</strong></span> <span class='ocrx_word' id='word_1_716' title='bbox 2577 5326 2695 5369; x_wconf 92' lang='lat' dir='ltr'>non</span> <span class='ocrx_word' id='word_1_717' title='bbox 2726 5310 3010 5371; x_wconf 86' lang='lat' dir='ltr'><strong>caverint.</strong></span> <span class='ocrx_word' id='word_1_718' title='bbox 3044 5310 3166 5373; x_wconf 87' lang='lat' dir='ltr'><strong>Alii</strong></span> <span class='ocrx_word' id='word_1_719' title='bbox 3191 5316 3412 5385; x_wconf 88' lang='lat' dir='ltr'><strong>autem,</strong></span> <span class='ocrx_word' id='word_1_720' title='bbox 3450 5308 3551 5389; x_wconf 91' lang='lat' dir='ltr'>qui</span> <span class='ocrx_word' id='word_1_721' title='bbox 3585 5327 3693 5390; x_wconf 87' lang='lat' dir='ltr'><strong>pa-</strong></span> 
     </span>
    </p>
   </div>
   <div class='ocr_carea' id='block_1_111' title="bbox 2047 5395 3698 5479">
    <p class='ocr_par' dir='ltr' id='par_1_111' title="bbox 2047 5395 3698 5479">
     <span class='ocr_line' id='line_1_111' title="bbox 2047 5395 3698 5479; baseline -0.001 -18"><span class='ocrx_word' id='word_1_722' title='bbox 2047 5415 2156 5461; x_wconf 92' lang='lat' dir='ltr'>nes</span> <span class='ocrx_word' id='word_1_723' title='bbox 2185 5398 2247 5460; x_wconf 93' lang='lat' dir='ltr'>in</span> <span class='ocrx_word' id='word_1_724' title='bbox 2269 5395 2569 5459; x_wconf 90' lang='lat' dir='ltr'><strong>oblatione</strong></span> <span class='ocrx_word' id='word_1_725' title='bbox 2617 5416 2725 5478; x_wconf 93' lang='lat' dir='ltr'>per</span> <span class='ocrx_word' id='word_1_726' title='bbox 2766 5416 2966 5461; x_wconf 92' lang='lat' dir='ltr'><strong>mures</strong></span> <span class='ocrx_word' id='word_1_727' title='bbox 3013 5399 3364 5475; x_wconf 90' lang='lat' dir='ltr'><strong>amiserunt,</strong></span> <span class='ocrx_word' id='word_1_728' title='bbox 3409 5397 3698 5479; x_wconf 89' lang='lat' dir='ltr'><strong>inculpati</strong></span> 
     </span>
    </p>
   </div>
   <div class='ocr_carea' id='block_1_112' title="bbox 1641 5563 2375 5632">
    <p class='ocr_par' dir='ltr' id='par_1_112' title="bbox 1641 5563 2375 5632">
     <span class='ocr_line' id='line_1_112' title="bbox 1641 5563 2375 5632; baseline 0.008 -6"><span class='ocrx_word' id='word_1_729' title='bbox 1641 5563 1895 5628; x_wconf 70' lang='lat' dir='ltr'><strong>VARIE</strong></span> <span class='ocrx_word' id='word_1_730' title='bbox 1942 5566 2375 5632; x_wconf 79' lang='lat' dir='ltr'>LECTIONES.</span> 
     </span>
    </p>
   </div>
   <div class='ocr_carea' id='block_1_113' title="bbox 384 5683 1963 5777">
    <p class='ocr_par' dir='ltr' id='par_1_113' title="bbox 384 5683 1963 5777">
     <span class='ocr_line' id='line_1_113' title="bbox 384 5683 1963 5777; baseline -0.004 -29"><span class='ocrx_word' id='word_1_731' title='bbox 384 5685 803 5777; x_wconf 61' lang='lat' dir='ltr'><strong>gsacerdotes.</strong></span> <span class='ocrx_word' id='word_1_732' title='bbox 888 5691 917 5734; x_wconf 74' lang='grc' dir='ltr'>ι</span> <span class='ocrx_word' id='word_1_733' title='bbox 941 5688 1307 5768; x_wconf 76' lang='lat' dir='ltr'><strong>promiscue.</strong></span> <span class='ocrx_word' id='word_1_734' title='bbox 1395 5683 1618 5749; x_wconf 79' lang='lat' dir='ltr'>lSm‘d.</span> <span class='ocrx_word' id='word_1_735' title='bbox 1651 5684 1963 5763; x_wconf 82' lang='grc' dir='ltr'>ἆντιμίσιον.</span> 
     </span>
    </p>
   </div>
   <div class='ocr_carea' id='block_1_114' title="bbox 755 5792 1432 5860">
    <p class='ocr_par' dir='ltr' id='par_1_114' title="bbox 755 5792 1432 5860">
     <span class='ocr_line' id='line_1_114' title="bbox 755 5792 1432 5860; baseline -0.003 -4"><span class='ocrx_word' id='word_1_736' title='bbox 755 5794 1018 5858; x_wconf 66' lang='lat' dir='ltr'><strong>Parnm.</strong></span> <span class='ocrx_word' id='word_1_737' title='bbox 1066 5792 1176 5860; x_wconf 75' lang='lat' dir='ltr'><strong>Gn.</strong></span> <span class='ocrx_word' id='word_1_738' title='bbox 1223 5795 1432 5859; x_wconf 76' lang='lat' dir='ltr'><strong>CXIX.</strong></span> 
     </span>
    </p>
   </div>
   <div class='ocr_carea' id='block_1_115' title="bbox 2048 5688 2303 5768">
    <p class='ocr_par' dir='ltr' id='par_1_115' title="bbox 2048 5688 2303 5768">
     <span class='ocr_line' id='line_1_115' title="bbox 2048 5688 2303 5768; baseline 0.008 -18"><span class='ocrx_word' id='word_1_739' title='bbox 2048 5688 2303 5768; x_wconf 63' lang='grc' dir='ltr'>ωρὼω.</span> 
     </span>
    </p>
   </div>
  </div>
