4192 6220
552 397 663 462 811

1973 394 2005 463 J
2013 401 2105 464 US
2145 395 2587 466 CANONICUM

3821 396 3933 461 812

557 539 836 594 maneant
883 531 1092 612 (multa
1129 529 1286 592 enim
1320 531 1616 610 ejusmodi
1662 550 1820 613 sape
1868 533 2183 612 accidunt),

2282 534 2464 614 ἄρτους
2495 537 2596 592 ὑπὸ
2647 544 2793 612 μυῶν
2835 538 2886 594 ἐν
2946 542 3015 613 τῇ
3072 535 3403 614 προσκομιδῇ
3459 535 3764 609 ὀλέσαντες,
3822 537 3935 592 ἆνε-

555 621 655 702 qui
701 621 875 683 etiam
929 619 1103 680 aliam
1157 618 1516 680 oblationem
1552 638 1772 683 mensae
1797 641 1980 684 sacra
2009 642 2194 704 appo-

552 720 696 774 nent
726 709 1140 790 oblationeque
1171 708 1320 772 facta
1347 709 1706 772 sacriﬁcium
1741 711 2073 792 perﬁcient.

627 885 1180 962 Excommunicati,
1243 885 1342 967 qui
1401 886 1762 964 sacriﬁcant,
1825 888 2194 969 depositione

549 983 688 1038 sunt
719 975 903 1054 digni,
931 974 1110 1056 idque
1137 974 1199 1036 in
1231 974 1495 1056 episcopi
1544 974 1808 1056 ipsorum
1859 975 2195 1057 cognitione

550 1067 802 1148 positum
837 1075 984 1129 esto.

624 1155 737 1228 Qui
767 1155 954 1218 tertiis
984 1155 1205 1236 nuptiis
1239 1153 1531 1234 implicari
1559 1154 1789 1231 vulunt,
1810 1166 1947 1236 post
1973 1174 2193 1217 annum

545 1245 732 1307 alatis
759 1245 1296 1326 quadragesimum,
1331 1251 1393 1305 ut
1424 1243 1813 1323 polygamiam
1848 1244 2196 1307 Christianis

547 1353 666 1396 non
715 1334 1163 1396 convenientem
1216 1340 1571 1414 quarentes,
1607 1351 1672 1394 re
1714 1332 1929 1394 infecta
1989 1333 2192 1395 dimit-

547 1432 775 1486 tentur:
811 1422 967 1504 quod
985 1423 1034 1484 si
1060 1421 1237 1484 etiam
1266 1421 1381 1482 vim
1404 1420 2005 1492 inferant,censuram
2034 1421 2195 1484 subi-

547 1511 715 1576 bunL

625 1599 998 1663 Antimensia
1045 1600 1108 1661 in
1154 1597 1430 1662 omnibus
1480 1599 1699 1660 sanctis
1775 1599 1997 1660 mensis
2051 1599 2191 1679 poni

546 1709 792 1752 necesse
821 1709 938 1751 non
971 1697 1081 1765 est,
1115 1688 1219 1750 sed
1251 1688 1310 1750 in
1343 1688 1439 1767 iis,
1495 1688 1569 1749 de
1625 1688 1844 1768 quibus
1896 1688 2186 1749 incertum

546 1786 906 1841 consecrata
934 1778 1291 1857 sint,necne.
1329 1778 1476 1838 Nam
1505 1776 1857 1838 antimensin
1879 1794 2183 1838 consecra-

2274 1787 2425 1864 άγίας
2496 1784 2778 1864 τραπέζας,
2853 1783 2972 1841 ἀλλ’
3043 1787 3115 1848 εἷς
3173 1786 3234 1849 ἃς

2279 627 2555 697 πιτίμητοι
2587 625 3012 702 διαμεινάτωσιν·
3032 625 3147 683 ἐπεὶ
3170 625 3401 683 πλεῖστα
3430 635 3646 685 τοιαῦτα
3675 625 3933 690 πολλάκις

2279 714 2507 790 γίνονται
2542 733 2557 749 ⁸
2591 717 2644 771 οἳ
2691 718 2778 773 καὶ
2823 716 3002 796 ἑτέραν
3033 717 3335 796 προσφορὰν
3364 718 3418 771 ἐν
3444 721 3512 792 τῇ
3542 715 3665 793 ἁγίᾳ
3695 715 3929 794 τραπέζῃ

2279 800 2565 868 εἷστάξουσι
2609 806 2696 861 καὶ
2751 804 3114 884 προσκομιδῆν
3157 806 3460 879 ποιήσουσι,
3494 806 3581 861 καὶ
3609 805 3708 871 τὴν
3735 807 3929 883 ἱερουρ-

2277 892 2394 966 γίαν
2437 891 2826 957 τελειώσουσιν.
3215 900 3220 906 ’

2357 984 2416 1038 Οἱ
2447 982 2802 1062 ἀφωρισμένοι
2833 985 2920 1040 καὶ
2962 986 3369 1063 ἱερουργοῦντες,
3401 983 3752 1062 καθαιρέσεώς
3797 985 3926 1039 εἰσιν

2277 1065 2406 1132 ἄξιοι
2442 1085 2455 1099 ’
2518 1073 2605 1128 καὶ
2635 1074 2705 1136 εἷς
2750 1074 2847 1140 τὴν
2877 1079 2968 1129 τοῦ
3027 1073 3315 1131 ἐπισκόπο)
3355 1076 3526 1131 «eum
3555 1079 3709 1128 τοῦτο
3737 1071 3927 1127 κείσθω

2276 1155 2553 1236 διάκρισιν,

2358 1251 2417 1304 Οἱ
2493 1252 2622 1329 τρισὶ
2707 1252 2900 1329 γάμοις
2959 1251 3337 1328 συμπλακῆναι
3423 1249 3733 1326 βουλόμενοι
3792 1250 3930 1324 μετᾶ

2275 1344 2372 1402 τὴν
2400 1344 2955 1422 τεσσαρακονταετίαν,
2988 1344 3062 1405 ὡς
3121 1339 3452 1419 πολυγαμίαν
3510 1353 3625 1401 τοῖς
3683 1347 3932 1418 Χριστια-

2277 1437 2392 1487 νοῖς
2477 1427 2572 1484 οὒκ
2653 1428 2948 1498 ἀνήκουσαν
3033 1436 3336 1504 ζητοῦντες,
3443 1428 3698 1508 ἄπρακτοι
3783 1429 3928 1484 ἀπο-

2273 1521 2672 1596 πεμφθήσονται
2708 1537 2721 1551 ·
2772 1519 2814 1574 εἰ
2856 1516 2910 1573 δὲ
2966 1521 3053 1575 καὶ
3106 1519 3222 1595 βίαν
3280 1518 3553 1598 ἐπάγουσι,
3603 1521 3689 1576 καὶ
3746 1518 3926 1575 ἐπιτι-

2275 1610 2604 1684 μηθήσονται
2619 1655 2632 1668 ,

2354 1698 2429 1755 Τὰ
2458 1697 2754 1770 ἀντιμίνσια
2803 1700 2898 1755 οὐκ
2945 1698 3017 1762 εἷς
3074 1697 3248 1760 πάσας
3305 1696 3512 1775 ἀνάγκη
3568 1700 3782 1753 κεῖσθαι
3830 1697 3925 1757 τὰς

3311 1789 3369 1844 οὔ
3441 1785 3704 1864 γνώριμόν
3776 1787 3922 1840 ἐστιν

546 1875 736 1929 tarum
767 1875 1102 1929 sanctarum
1131 1884 1469 1928 mensarum
1499 1864 1696 1927 locum
1728 1864 2000 1926 obtinent
2028 1883 2041 1927 :
2081 1884 2183 1928 nec

2274 1873 2386 1931 εἴτε
2432 1873 2813 1952 καθιερωμέναι
2871 1876 3022 1954 εἰσιν,
3080 1873 3191 1929 εἴτε
3247 1873 3306 1930 ού
3347 1875 3412 1930 τὰ
3471 1875 3568 1953 γὰρ
3622 1874 3922 1948 ἆντιμίνσια

541 1956 615 2021 iis
663 1975 810 2038 opus
858 1963 968 2031 est,
1019 1954 1122 2017 ubi
1157 1973 1392 2017 mensas
1448 1961 1822 2016 consecratas
1869 1973 1999 2016 esse
2040 1973 2187 2016 con-

544 2053 676 2110 stat.

622 2133 995 2208 Sacerdotes,
1041 2132 1143 2214 qui
1190 2132 1250 2194 in
1307 2151 1516 2211 magna
1545 2131 1808 2195 Carrena
1835 2164 1863 2194 ιι
1893 2133 2188 2211 nuptiales

541 2224 814 2287 fecerunt
872 2222 1341 2301 benedictiones,
1377 2220 1429 2282 si
1477 2239 1584 2301 per
1639 2220 2080 2300 simplicitatem
2127 2221 2182 2281 id

541 2312 811 2393 fecerint,
842 2309 1131 2373 mediocri
1160 2309 1532 2371 correctione
1565 2318 1702 2370 sunt
1731 2308 1893 2387 digni
1921 2330 1936 2383 ;
1969 2308 2060 2370 sin
2085 2327 2186 2370 au-

540 2412 658 2465 tem
691 2419 797 2482 per
829 2400 1112 2462 malitiam
1162 2405 1221 2460 et
1269 2398 1421 2458 clam
1475 2397 1908 2473 commiserint,
1959 2399 2184 2477 majore

541 2509 736 2572 pana,
773 2508 906 2570 qua
959 2486 1242 2550 antistitis
1287 2486 1515 2566 judicio
1573 2485 1955 2564 irrogabitur.
1993 2486 2080 2549 Ab
2112 2487 2185 2548 iis

539 2588 733 2641 autem
766 2580 914 2640 facta
943 2575 1260 2646 connubia,
1315 2581 1376 2636 ut
1427 2592 1598 2635 sacra
1647 2576 1988 2656 precatione
2049 2593 2180 2635 mu-

539 2667 661 2728 nita
688 2674 812 2728 rata
841 2667 1311 2743 inconcussaque
1360 2663 1702 2726 manebunt.
1738 2661 1957 2724 Habuit
2011 2663 2179 2739 illud,

539 2773 746 2818 mense
799 2754 991 2834 Julio,
1040 2751 1247 2814 indict.
1305 2751 1364 2830 8,
1430 2759 1488 2812 et
1542 2752 1746 2814 viridis
1805 2770 1958 2814 cera
2011 2751 2175 2830 sigil-

539 2843 685 2906 lum.

855 3023 928 3088 II.
967 3027 1049 3086 De
1079 3024 1479 3087 translatione
1500 3028 1934 3103 episcomrum.

617 3131 819 3195 Mense
839 3131 1018 3207 Julio,
1053 3129 1285 3192 decima
1316 3129 1415 3192 die
1440 3145 1488 3204 ο,
1528 3138 1580 3202 ι,
1615 3129 1822 3191 indict.
1859 3129 2182 3210 θαρραιεὶ-

2271 1962 2671 2042 καθιερωμένων
2722 1963 2882 2040 άγίων
2929 1969 3200 2041 τραπεζῶν
3255 1964 3418 2020 τόπον
3470 1962 3722 2040 ἐπέχουσι
3759 1977 3773 1992 ⁸
3835 1962 3924 2016 καὶ

2273 2051 2389 2109 ἔνθα
2418 2053 2514 2108 είσὶ
2556 2052 2812 2131 γνώριμοι
2857 2050 3235 2132 καθιερωμένη
3293 2052 3568 2131 τράπεζαι,
3641 2055 3701 2110 οὗ
3765 2052 3923 2129 χρεία

2269 2141 2605 2216 ἀντιμινσίων
2648 2141 2785 2199 ἐκεῖ.

2350 2234 2410 2288 Οἱ
2473 2230 2828 2297 πεποιηκότες
2886 2231 2981 2294 τὰς
3064 2230 3296 2308 γαμικὰς
3383 2229 3674 2307 ἱερολογίας
3759 2232 3924 2306 ἱερεῖς

2265 2321 2320 2375 ἐν
2352 2325 2420 2396 τῇ
2449 2318 2659 2397 μεγάλῃ
2689 2325 3119 2396 Τεσσαρακοστῇ,
3180 2320 3224 2374 εἰ
3281 2319 3378 2393 μὲν
3423 2317 3476 2383 ἐξ
3505 2317 3749 2397 ἀφελείας
3795 2327 3917 2374 τοῦ·

2266 2430 2325 2464 το
2395 2409 2745 2482 πεποιήκασι,
2818 2409 3040 2486 μετρίων
3099 2407 3377 2483 ἐπιτιμίων
3435 2408 3560 2462 εἰσὶν
3612 2406 3745 2471 ἄξιοι
3784 2425 3797 2436 ³
3875 2408 3918 2462 εἰ

2266 2495 2311 2552 δ’
2369 2497 2430 2554 ἐκ
2488 2499 2828 2560 σκαιοτοπίας
2895 2498 2984 2553 καὶ
3068 2498 3259 2575 κρύφα,
3346 2495 3664 2573 μειζοτέρων
3736 2495 3916 2551 ἐπιτι-

2267 2589 2422 2661 μίων,
2472 2592 2574 2641 τῶν
2607 2587 2746 2665 παρὰ
2775 2591 2841 2661 τῇ
2876 2582 3124 2663 διακρίσει
3177 2585 3436 2659 κειμένων
3479 2591 3569 2641 τοῦ
3621 2583 3915 2663 ἀρχιερέως

2267 2676 2457 2735 αὖτ’ὖν.
2506 2675 2580 2731 Τὰ
2610 2672 2663 2728 δὲ
2695 2671 2819 2752 παρ’
2863 2673 3033 2729 αὐτῶν
3075 2673 3328 2750 γινόμενα
3381 2673 3700 2752 ουνοικέσια,
3731 2674 3804 2736 ὡς
3834 2676 3916 2728 ἱε-

2260 2761 2504 2840 ρολογίαν
2533 2759 2808 2836 δεξάμενα,
2844 2763 2903 2818 τὸ
2935 2761 3152 2840 στέργον
3173 2760 3339 2826 ἕξουσι
3361 2762 3447 2817 καὶ
3468 2760 3916 2840 ἅπερικλόνητον,

2261 2839 2409 2930 Εἶχε
2433 2852 2516 2931 τὸ,
2550 2852 2678 2926 μηνὶ
2709 2850 2930 2924 Ἰουλίῳ,
2967 2839 3329 2926 ἐπινεμήσεως
3347 2839 3426 2925 η’,
3448 2852 3535 2907 καὶ
3567 2839 3666 2918 τὴν
3695 2850 3922 2928 κηρίνην

2259 2941 2518 3018 πρασίνην
2550 2937 2838 3020 σφραγῖδα,

2598 3037 2658 3092 Β,
2693 3030 2815 3106 Περὶ
2845 3028 3170 3103 μεταθέσεως
3200 3029 3525 3091 ἐπισκόπων,

2345 3127 2483 3193 Μηνὶ
2513 3124 2715 3199 Ἰουλίῳ
2745 3117 2806 3199 ι’,
2852 3125 3024 3204 ἡμέρᾳ
3081 3115 3158 3202 α’,
3231 3126 3590 3202 ἐπινεμήσεως
3635 3116 3693 3182 κ’

3698 3173 3715 3205 ι
3781 3149 3918 3204 ’⁸90⁸

536 3221 717 3284 dente
748 3201 1122 3283 sanctissimo
1155 3218 1395 3281 domino
1429 3201 1632 3280 nostro
1666 3201 2033 3280 acumenico
2072 3239 2178 3300 pa-

2273 3215 2560 3290 ιιαθημένου
2639 3221 2730 3272 τοῦ
2812 3217 3216 3293 παναγιωτάτου
3297 3217 3452 3291 ἡμῶν
3509 3213 3766 3272 δεσπότου
3823 3222 3921 3271 τοῦ

537 3311 813 3383 triarcha,
841 3309 1084 3372 domino
1109 3307 1400 3383 Manuele,
1430 3309 1490 3369 in
1513 3305 1902 3369 celeberrima
1924 3317 1982 3368 et
2002 3327 2182 3388 super

535 3399 750 3463 illustri
782 3399 1004 3481 synodo
1033 3398 1367 3477 imperialis
1395 3411 1420 3452 ρ
1452 3397 1789 3458 mansionis.
1831 3417 1960 3479 qua
1982 3398 2175 3459 hono-

535 3498 662 3553 rata
692 3497 781 3551 est
806 3488 1050 3550 nomine
1092 3486 1484 3549 immaculata
1513 3485 1619 3549 Dei
1653 3486 1851 3547 Matris
1876 3486 2178 3567 Gorgepe-

537 3579 654 3656 coi,
675 3577 1039 3642 Saudrorum
1070 3577 1499 3656 cognominata:
1526 3574 1923 3636 assidentibus
1957 3594 2178 3653 magna

537 3666 832 3730 sanctitati
863 3672 990 3743 ejus
1027 3674 1084 3727 et
1111 3665 1528 3726 sacratissimis
1559 3663 1941 3736 antistitibus,
1977 3665 2177 3726 Casa-

535 3774 654 3819 rea
683 3754 1088 3836 Cappadocia,
1123 3751 1506 3834 Metrophane
1540 3770 1553 3816 :
1591 3751 1864 3814 Sardium
1917 3760 1971 3813 et
2004 3753 2180 3814 totius

536 3844 729 3924 Lydia
777 3843 1062 3917 exarcho,
1114 3841 1457 3903 Andronico
1500 3840 1976 3919 :Philadelpliia
2009 3849 2065 3902 et
2095 3842 2180 3902 lo-

536 3950 671 3995 cum
701 3930 1050 4012 Syracusani
1080 3929 1385 3992 obtinente
1415 3929 1609 3990 Phoca
1652 3951 1664 3987 :
1703 3929 2180 3991 l'ontoheraclea

536 4031 595 4084 et
651 4019 1144 4100 Claudiopolitani
1203 4019 1396 4097 legato
1453 4017 1838 4098 Nicephoro:
1892 4015 2176 4098 Smyrna,

538 4110 789 4190 Georgio
825 4132 838 4174 :
872 4108 1203 4190 Dyrrachii,
1267 4111 1533 4170 Romano
1580 4127 1593 4168 :
1643 4109 2010 4188 Methymna,
2064 4109 2178 4170 Mi-

535 4200 742 4262 chaele
775 4217 788 4262 :
823 4197 1237 4261 assistentibus
1289 4205 1345 4257 et
1377 4195 1659 4276 piissimis
1700 4196 2016 4257 dominicis
2049 4216 2176 4258 ma-

535 4287 902 4370 gistratibus.

619 4545 785 4618 Quod
821 4545 884 4607 in
915 4543 1265 4625 corporibus
1294 4543 1530 4617 anima,
1563 4544 1621 4606 id
1655 4544 1715 4604 in
1742 4543 1994 4623 negotiis
2025 4551 2180 4604 tem-

536 4653 743 4716 porum
778 4635 1123 4696 occasiones
1154 4653 1168 4692 :
1205 4641 1261 4693 et
1302 4631 1401 4694 illa
1452 4633 1577 4694 hac
1630 4641 1893 4702 movent,
1928 4641 1986 4694 et
2013 4633 2187 4694 aliter

534 4724 836 4787 interdum
867 4729 1114 4797 mutant,
1173 4720 1578 4801 probabilibus
1629 4721 1824 4782 causis
1874 4721 2180 4784 cedentes.

538 4812 834 4886 Quorsum
866 4831 1002 4874 vero
1035 4811 1380 4891 temporalis
1403 4809 1518 4872 ista
1531 4809 1934 4890 transpositio,
1955 4829 2188 4872 rerum-

537 4920 651 4983 que
682 4900 926 4963 mutatio
958 4908 1016 4963 et
1046 4897 1859 4980 transitus?0ratio,tempore
1880 4897 2183 4979 exigente,

539 4992 646 5052 has
675 4991 1082 5065 transferat,et
1101 4989 1160 5050 in
1184 4987 1444 5068 apertius
1465 4985 1910 5050 immutet.Joan
1922 5005 2027 5048 nes
2048 5007 2188 5068 pon-

541 5078 825 5142 tiﬁcatum
872 5077 1122 5160 adeptus
1173 5074 1533 5137 sanctissimi
1573 5074 1946 5155 episcopatus
1995 5074 2186 5158 Ezeri,

539 5168 641 5249 qui
670 5174 760 5230 est
786 5165 896 5228 sub
921 5167 1152 5228 Larissa
1183 5164 1521 5245 metropoli,
1553 5163 1914 5243 longumque
1938 5183 2184 5245 perpes-

539 5273 640 5318 sus
671 5259 805 5328 iter,
836 5262 1228 5335 praruptum,
1261 5263 1318 5314 et
1348 5251 1649 5334 equitibus
1679 5253 1944 5332 difﬁcile,
1977 5261 2034 5314 et
2085 5273 2182 5317 se-

541 5363 677 5415 nex,
711 5343 1076 5406 mundanum
1129 5341 1336 5404 adiens
1394 5342 1758 5418 Luciferum,
1808 5341 2096 5421 optimum
2129 5353 2187 5406 et

2263 3305 2622 3379 οἷκουμενικοῦ
2664 3303 2998 3384 πατριάρχου
3065 3305 3242 3384 κυρίου
3299 3303 3549 3371 Μανουὴλ
3593 3304 3741 3366 ἐντὸς
3814 3310 3918 3370 τῆς

2262 3393 2590 3472 περιωνύμου
2654 3393 2741 3448 καὶ
2809 3392 3290 3473 πανυπερλάμπρου
3367 3391 3582 3450 συνόδου
3608 3392 3674 3442 39
3752 3394 3909 3469 βασι-

2260 3482 2415 3550 λικῆς
2465 3486 2658 3561 μονῆς,
2703 3487 2800 3549 τῆς
2874 3481 2958 3538 ἐπὶ
3014 3482 3233 3557 ὀνόματι
3293 3482 3388 3556 μὲν
3444 3483 3752 3558 τιμωμένης
3811 3488 3915 3549 τῆς

2259 3575 2615 3654 ὑπεραμώμου
2714 3577 3047 3655 Θεομήτορος
3137 3579 3234 3645 τῆς
3320 3577 3715 3654 Γοργεπηκόου,

2261 3660 2504 3740 Σάνδρων
2571 3661 2624 3717 δὲ
2666 3661 3093 3739 ἐπικεκλημένης
3129 3683 3143 3697 ·
3191 3661 3621 3742 ουνεδριαζόντων
3678 3669 3745 3739 τῇ
3803 3685 3911 3738 με·

2260 3749 2401 3827 γάλῃ
2473 3751 2739 3828 ἁγιωσύνῃ
2825 3755 2980 3810 αύτοῦ
3059 3753 3147 3807 καὶ
3227 3752 3522 3830 ἱερωτάτων
3586 3751 3908 3831 ἀρχιερέων,

2261 3841 2353 3895 τοῦ
2425 3839 2758 3918 Καισαρείας,
2841 3838 3236 3915 Καππαδοκίας,
3316 3841 3691 3920 Μητροφάνους
3727 3857 3741 3869 ’
3820 3851 3919 3900 τοῦ

2263 3925 2502 4006 Σάρδεων
2561 3930 2648 3984 καὶ
2718 3927 2940 4008 ἐξάρχου
2991 3930 3168 3996 πάσης
3233 3927 3446 4002 Λυδίας,
3532 3927 3858 4006 Ἀνδρονίκου
3896 3946 3914 3960 ⁸

2259 4022 2350 4071 τοῦ
2392 4013 2766 4096 Φιλαδελφίας,
2828 4019 2914 4073 καὶ
2969 4019 3060 4073 τὸν
3102 4017 3266 4073 τόπον
3323 4017 3611 4096 ἐπέχοντος
3667 4017 3757 4074 τοῦ
3814 4025 3923 4074 Συ-

2261 4105 2545 4184 ρακούσης,
2590 4111 2754 4160 Φωκᾶ
2787 4121 2800 4135 ⁸
2865 4115 2957 4165 τοῦ
3019 4104 3494 4184 Ποντοηρακλείας,
3539 4107 3624 4162 καὶ
3677 4107 3768 4162 τὸν
3811 4106 3918 4162 τό·-

2259 4214 2356 4248 πον
2430 4193 2720 4273 ἐπέχοντος
2804 4201 2894 4250 τοῦ
2977 4192 3466 4268 Κλαυδιουπόλεως,
3555 4197 3856 4274 Νικηφόρου
3895 4214 3916 4230 °

2257 4291 2347 4340 τοῦ
2390 4285 2658 4362 Σμύρνης,
2708 4285 2964 4364 Γεωργίου
2996 4301 3010 4316 '
3056 4295 3149 4344 τοῦ
3195 4284 3505 4365 Δυῤῥαχίου,
3584 4285 3854 4362 Ῥωμανοῦ
3889 4305 3905 4318 ·

2260 4375 2347 4428 καὶ
2375 4381 2466 4428 τοῦ
2498 4375 2813 4454 Μηθύμνης,
2849 4374 3073 4454 Μιχαήλ
3109 4393 3122 4407 ⁸
3174 4375 3572 4454 περισταμένων
3615 4376 3702 4432 καὶ
3731 4379 3917 4456 θεοφι-

3802 3580 3912 3631 τῶν

2201 4440 2242 4488 D
2264 4461 2530 4544 λεστάτων
2573 4461 2894 4520 δεσποτικῶν
2938 4465 3236 4544 ἀρχόντων.

2342 4537 2404 4608 ”Ο
2437 4550 2491 4606 ἐν
2547 4552 2790 4628 σώμασιν
2832 4556 2882 4608 αἱ
2941 4537 3132 4632 ila-uvidi,
3178 4552 3320 4611 τοῦτ’
3377 4553 3430 4609 ἐν
3501 4555 3806 4632 πράγμασιν
3863 4576 3920 4610 οι

2263 4640 2435 4719 καιροί
2468 4659 2484 4676 ⁸
2546 4642 2633 4697 καὶ
2680 4643 2906 4697 κινοῦσιν
2938 4643 3088 4714 αὐτὰ,
3141 4643 3229 4698 καὶ
3284 4641 3459 4705 ἄλλως
3503 4641 3693 4699 ἄλλοτε
3749 4650 3920 4698 ταῦτα

2266 4729 2637 4804 μετατιθέασιν
2726 4729 3088 4806 εὖπροσώποις
3163 4731 3350 4794 αἰτίαις
3433 4731 3758 4797 ὑπείκοντες,
3828 4735 3920 4795 Εἷς

2269 4818 2316 4874 τί
2339 4817 2392 4874 δὲ
2436 4820 2471 4886 ἡ
2500 4819 2714 4897 καιρικὴ
2764 4817 2897 4886 αὕτη
2942 4821 3241 4894 μετάθεσις,
3300 4821 3387 4877 καὶ
3433 4820 3469 4888 ἢ
3527 4826 3631 4877 τῶν
3662 4821 3922 4899 πραγμά-

2268 4930 2373 4964 των
2405 4906 2670 4986 ἐναλλαγῆ
2717 4911 2804 4965 καὶ
2861 4907 3190 4990 μετάϐασις;
3246 4900 3303 4968 Ὀ
3358 4908 3540 4990 λόγος,
3586 4918 3766 4989 καιροῦ
3809 4933 3921 4967 κα-

2269 4995 2505 5075 λοῦντος,
2595 4997 2945 5072 μετατιθέσθω
3027 4999 3243 5078 ταύτας,
3336 5000 3424 5054 καὶ
3522 4997 3922 5055 ἐναλλαττέσθω

2270 5086 2399 5163 πρὸς
2429 5087 2491 5140 τὸ
2535 5085 2873 5165 σαφέστερον.
2926 5077 2982 5144 Ὀ
3024 5093 3120 5154 τῆς
3178 5077 3279 5144 ὑπὸ
3336 5088 3436 5154 τῆν
3479 5092 3579 5154 τῆς
3648 5088 3918 5164 Λαρίσσης

2272 5169 2599 5250 μητρόπολιν
2655 5175 2957 5250 ἁγιωτάτης
3029 5174 3324 5242 ἐπισκοπῆς
3385 5173 3595 5253 Ἐζεροῦ
3652 5174 3920 5254 ἀρχιερα-

2268 5264 2427 5323 τικῶς
2485 5261 2873 5339 προϊστάμενος
2928 5258 3205 5337 Ἰωάννης,
3279 5263 3483 5341 μακράν
3568 5260 3617 5319 τ’
3685 5263 3918 5327 ἀνατλὰς

2269 5346 2564 5427 ὁδοιπορίαν
2638 5347 2867 5428 ἕγκοπόν
2946 5372 3001 5406 τε
3057 5351 3144 5406 καὶ
3199 5349 3474 5430 δύσιππον,
3533 5353 3620 5408 καὶ
3692 5349 3925 5431 πρέσϐυς

1886 5509 2138 5575 νΑῐιΙΑῑ
2182 5511 2610 5580 LECTIONES.

619 5632 674 5677 3°
704 5632 1004 5710 σεϐασμίαι.

623 5752 650 5782 ιι
681 5740 1172 5819 quadragesima.
1218 5749 1241 5779 ο
1269 5741 1495 5800 mensis
1523 5739 1679 5802 Julii
1707 5735 1812 5802 die
1842 5755 1901 5818 x,
1935 5740 2092 5816 feria
2116 5741 2344 5821 prima.
2390 5752 2415 5794 ρ
2445 5741 2502 5803 ei
2530 5739 3019 5820 splendidissima
3041 5740 3377 5805 venerabili
3394 5746 3704 5809 mansione
3725 5743 3927 5821 regia.
