4192 6220
325 437 444 508 813

1655 444 2347 510 GMGO—ROMANUM

3589 456 3705 520 814

324 578 642 658 ἀφικόμενος
696 585 828 662 πρὸς
881 585 970 639 τὸν
1015 582 1271 657 κοσμικὸν
1331 582 1628 662 φωσφόρον,
1693 581 1786 635 τὸν
1841 577 1960 656 κρά-

2047 585 2314 639 sanctum
2349 595 2546 640 meum
2575 579 3022 660 imperatorem,
3058 583 3337 646 mandato
3369 585 3702 648 felicissimi

323 690 496 727 τιστον
526 673 612 728 καὶ
640 672 790 750 ἅγιόν
849 693 950 747 μου
1007 669 1386 747 αὒτοκρᾶτορα,
1433 668 1484 735 ἐξ
1542 666 1845 734 ἀποστολῆς
1875 667 1967 723 τοῦ

321 761 807 838 πινευτυχεστάτου
891 758 1144 816 δεσπότου
1235 760 1323 813 καὶ
1409 755 1779 814 ποθεινοτάτου
1857 757 1966 812 υἱοῦ

320 844 416 911 τῆς
485 848 640 921 ἡμῶν
714 847 1081 926 μετριότητος⁷
1150 847 1238 902 καὶ
1291 843 1503 919 ἆμέσ·›ις
1567 843 1738 917 τούσῳ
1807 863 1980 920 προσ-

321 933 606 1009 ομιλήσας,
667 938 755 994 καὶ
824 937 952 1011 πρὸς
1008 938 1068 991 τὸ
1125 933 1240 990 καθ’
1315 935 1458 1008 ἡμᾶς
1527 931 1965 998 ἐκκλησιαστικὸν

317 1024 650 1104 ἐπεχωρίασε
719 1024 994 1103 στερέωμα
1026 1043 1041 1057 ⁸
1098 1024 1184 1078 καὶ
1237 1023 1353 1086 τοὺς
1415 1019 1633 1103 φαιδρὸν
1702 1019 1798 1075 ἴσα
1878 1020 1966 1075 καὶ

319 1109 536 1190 ἀστράσι
577 1113 882 1189 λάμποντας
942 1113 1218 1192 ίεράρχας,
1278 1110 1528 1191 ἀδελφοὺς
1601 1111 1691 1167 καὶ
1746 1107 1962 1164 συλλει-

318 1201 563 1279 τουργοὺς
606 1205 703 1271 τῆς
727 1203 880 1276 ἡμῶν
911 1200 1277 1280 μετριότητος,
1323 1205 1391 1275 τῇ
1419 1201 1575 1275 ἡμῶν
1613 1198 1774 1276 εὑρών
1805 1217 1961 1253 συνε-

318 1285 615 1367 δριάζοντας
645 1292 980 1370 μετριότητι,
1013 1291 1222 1369 χάρτην
1251 1289 1338 1344 ἐπὶ
1368 1297 1461 1346 τοῦ
1489 1287 1651 1362 μέσου
1673 1285 1962 1364 προέτεινε,

318 1378 405 1432 καὶ
433 1377 720 1457 ἀπολογίαν
750 1378 921 1450 ἐζήτει
952 1379 1253 1457 ἐγκάνονον.
1308 1377 1450 1456 Εἶχε
1493 1375 1548 1431 δὲ
1591 1374 1729 1432 οὕτω
1769 1374 1836 1430 τὰ
1875 1380 1969 1431 τοῦ

317 1464 693 1546 προϐλήματος
726 1488 739 1501 ·

396 1561 516 1621 Φῶς
588 1557 833 1634 γνώσεως
905 1555 1081 1612 δοῦναί
1135 1578 1226 1630 μοι
1295 1554 1593 1630 ἐξαιτοῦμαι
1645 1552 1787 1630 παρὰ
1868 1556 1958 1606 τοῦ

316 1645 718 1721 παναγιωτάτου
771 1644 1023 1702 δεσπότου
1067 1667 1163 1718 μοι
1232 1646 1320 1700 καὶ
1374 1644 1572 1714 κυρίου,
1628 1643 1721 1697 τοῦ
1778 1641 1956 1695 οἰκου-

317 1740 529 1807 μενικοῦ
560 1738 860 1812 φωστῆρος,
904 1735 992 1790 καὶ
1049 1738 1147 1800 τῆς
1205 1731 1324 1789 κατ’
1383 1733 1536 1788 αὺτὸν
1592 1732 1731 1792 θείας
1757 1729 1844 1784 καὶ
1874 1731 1952 1784 ἱε-

2049 665 2273 728 domini
2305 675 2364 756 et
2390 666 2761 731 dilectissimi
2791 715 2816 756 ς
2848 679 3065 735 nostra
3097 672 3529 737 mediocritatis
3560 675 3693 744 ﬁlii,

2050 761 2108 814 et
2137 772 2244 833 per
2267 753 2527 834 seipsum
2559 776 2692 818 cum
2729 753 2814 819 θο
2833 759 3178 832 collocutus,
3217 762 3290 822 ad
3324 761 3694 826 ecclesiasti-

2049 860 2182 902 cum
2220 851 2486 904 nostrum
2531 845 2759 925 appulit
2787 848 3250 920 ﬁrmamentum,
3287 858 3346 910 et
3375 868 3492 911 non
3523 851 3700 914 aliter

2049 948 2118 992 ac
2146 939 2324 1012 astra,
2356 932 2516 994 clare
2545 934 2840 1013 fulgentes
2870 936 3418 1016 pontiﬁces,fratres
3439 947 3498 1000 et
3521 959 3692 1002 com-

2049 1019 2353 1081 ministros
2382 1030 2596 1083 nostrae
2629 1023 3087 1086 mediocritatis:
3121 1026 3216 1087 cui
3237 1025 3570 1089 assidentes
3591 1047 3693 1091 eos

2045 1106 2378 1173 inveniens.
2412 1109 2672 1172 chartam
2703 1109 2763 1171 in
2798 1112 3059 1174 medium
3121 1113 3387 1195 protulit,
3446 1117 3693 1178 canoni-

2049 1215 2176 1346 Earl?
2206 1196 2670 1346 Ldefensionem
2730 1200 3333 1281 requirens.Quwstio
3378 1213 3574 1266 autem
3608 1205 3694 1268 sic

2091 1303 2124 1346 a
2170 1304 2202 1346 θ
2246 1294 2350 1346 at:

2091 1294 2304 1347 abebat
2336 1307 2350 1345 :

2123 1552 2338 1614 Lucem
2373 1553 2595 1615 notitiae
2622 1593 2643 1625 ,
2673 1553 2800 1614 dari
2832 1553 2976 1615 mihi
3001 1554 3232 1635 postulo
3259 1572 3295 1616 a
3313 1556 3690 1620 sanctissimo

2041 1637 2185 1700 hero
2239 1657 2370 1702 meo
2428 1650 2486 1704 et
2529 1642 2794 1714 domino,
2829 1643 3198 1706 mcumenico
3233 1643 3534 1720 luminari,
3570 1654 3628 1707 et
3656 1664 3692 1708 a

2039 1725 2236 1789 divina
2258 1747 2542 1812 sacraque
2575 1731 2945 1808 pontificum.
2984 1751 3114 1813 quae
3142 1732 3251 1794 sub
3306 1752 3376 1794 eo
3418 1735 3501 1813 ﬁt,
3535 1754 3687 1796 con-

316 1826 409 1898 ρᾶς
446 1823 550 1876 τῶν
603 1825 864 1902 ἱεραρχῶν
907 1823 1238 1900 ὁμηγύρεως,
1301 1820 1386 1877 ἐπὶ
1439 1825 1507 1896 τῇ
1563 1819 1819 1916 ἀναιρορᾷ²
1889 1817 1956 1883 ἣν

2043 1816 2408 1916 gregatione:
2444 1817 2520 1879 ad
2553 1818 3111 1916 relatione-miquam
3133 1819 3331 1882 divino
3361 1821 3692 1916 conlidens'

313 1910 445 1986 πρὸς
474 1911 534 1965 τὸ
575 1909 772 1986 ὕψωμα
819 1916 1016 1968 τούτων
1065 1911 1381 1979 ποιήσασθαι
1425 1905 1822 1981 κατετόλμησα,
1881 1912 1956 1979 τῷ

2043 1905 2246 1978 verbo,
2281 1921 2487 1970 eorum
2520 1906 2856 1968 celsitudini
2891 1907 3086 1969 facere
3110 1927 3288 1970 ausus
3309 1927 3466 1971 sum.
3492 1908 3688 1973 Inter-

311 1998 434 2072 θείῳ
475 2000 700 2064 πεισθεὶς
728 2001 950 2076 ῥήματι.
985 1997 1286 2077 Ἐρώτησον
1329 1997 1473 2076 (γὰρ,
1519 1994 1696 2075 φησὶ),
1730 1996 1822 2050 τὸν
1850 2015 1958 2050 πα-

310 2086 435 2164 τέρα
464 2107 578 2166 σο),
624 2089 710 2144 καὶ
749 2086 1027 2167 ἓναγγελεϊ
1069 2110 1151 2144 σοι
1187 2103 1202 2118 ⁸
1248 2087 1366 2148 τοὺς
1420 2081 1794 2162 πρεσϐυτέρους
1841 2104 1955 2155 σου⁹

310 2177 408 2256 καὶᾲ
424 2174 612 2256 -ἐροῦσί
638 2198 743 2234 σοι.

396 2254 613 2330 ’Ἔξεστι
644 2279 760 2330 τοῖς
804 2263 1240 2343 μητροπολίταις,
1301 2263 1512 2341 γνώμῃ.
1575 2262 1676 2317 τοῦν
1721 2258 1809 2316 ὕπ’
1852 2263 1952 2318 αὖ·

308 2354 432 2416 τοὺς
476 2352 801 2433 ἐπισκόπων,
834 2351 900 2408 δι’
954 2354 1119 2410 αἰτίαν
1175 2353 1533 2430 εὖπρόσωπον,
1580 2350 1646 2416 ἣν
1691 2351 1719 2404 ὁ
1773 2349 1953 2426 καιρὸς

309 2441 530 2498 ἀπαιτεῖ
585 2443 671 2498 καὶ
751 2443 815 2497 τὰ
894 2442 1203 2520 πράγματα,
1293 2442 1597 2515 μεταθεῖναι
1669 2435 1954 2493 ἐπίσκοπον

309 2530 416 2587 ἀπὸ
461 2529 756 2597 ἐπισκοπῆς
811 2533 883 2592 εἰς
941 2530 1260 2607 ἐπισκοπὴν,
1320 2530 1420 2584 ὑπὸ
1462 2529 1556 2594 τὴν
1615 2526 1780 2592 αὖτην
1839 2548 1946 2600 μη-

884 2618 908 2637 ν
1102 2621 1113 2634 .
1218 2619 1232 2636 ς
1450 2618 1461 2632 ε
1673 2614 1696 2633 ν
1809 2613 1822 2637 ,

308 2619 556 2698 τρόπολιν
586 2619 832 2684 τελούσας
879 2642 1036 2699 αμφω
1064 2641 1157 2683 τας
1215 2639 1530 2689 επισκοπας,
1563 2615 1598 2684 ἢ
1643 2634 1746 2694 ους
1831 2622 1955 2671 Επι-

307 2709 587 2789 τετράφθαι
657 2710 755 2788 γὰρ
819 2710 918 2776 τὴν
989 2710 1287 2784 μετάθεσιν,
1367 2708 1455 2762 καὶ
1540 2703 1765 2768 πολλοὺς
1849 2705 1954 2758 τῶν

2041 2010 2183 2071 roga
2213 1993 2453 2074 (inquit)
2489 2002 2715 2076 patrem
2750 2004 2938 2065 tuum.
2981 2004 3040 2058 et
3068 1997 3436 2059 renuntiabit
3464 1999 3596 2076 tibi,
3628 2008 3689 2062 et

2041 2081 2311 2146 seniores
2337 2091 2491 2165 tuos,
2523 2093 2582 2146 et
2610 2083 2812 2146 dicent
2848 2083 2974 2147 tibi.

2117 2259 2360 2322 Licetne
2389 2259 2884 2340 metropolitanis,
2913 2261 3359 2341 episcoporum,
3394 2283 3542 2345 quos
3573 2264 3684 2328 sub

2036 2365 2100 2409 se
2130 2346 2912 2430 babent,sententia,justam
2939 2349 3016 2412 ob
3046 2369 3313 2428 causam,
3346 2372 3520 2434 quam
3541 2363 3691 2416 tem-

2037 2454 2145 2516 pus
2175 2445 2232 2497 et
2262 2455 2359 2498 res
2388 2437 2704 2517 postulant,
2738 2441 2812 2500 ab
2847 2438 3126 2520 episcope
3174 2440 3235 2502 in
3277 2443 3603 2524 episcopen
3634 2465 3682 2518 ι,

2037 2544 2169 2585 cum
2199 2524 2388 2587 ambae
2417 2525 2536 2586 sint
2585 2526 2694 2587 sub
2748 2528 2879 2607 ejus
2937 2529 3276 2609 metropoli,
3332 2531 3677 2612 episcopum
3759 2545 3762 2554 ‘

2039 2613 2382 2696 transferre,
2417 2613 2993 2678 necneYConcessam
3023 2616 3184 2678 enim
3217 2617 3403 2680 fuisse
3427 2619 3682 2682 transla-

2039 2701 2353 2774 tionem,et
2383 2704 2596 2765 multos
2627 2703 3134 2778 antistites,variis
3158 2707 3530 2788 temporibus
3561 2727 3680 2770 non

311 2796 624 2876 ἀρχιερέων,
685 2799 820 2854 κατὰ
862 2795 1135 2876 διαφόρους
1198 2796 1410 2874 καιροὺς
1493 2797 1587 2852 οὒκ
1633 2794 1704 2854 εἷς
1777 2791 1958 2866 ὁμοτί-

2043 2789 2292 2870 impares
2321 2791 2799 2868 conditione,sed
2827 2801 2885 2854 et
2912 2791 3208 2856 subliores
3228 2795 3403 2856 sedes
3429 2795 3679 2858 transla-

313 2907 465 2961 μους,
518 2885 634 2942 ἀλλ’
693 2885 794 2953 ἤδη
840 2888 926 2942 καὶ
979 2887 1050 2950 είς
1093 2882 1514 2964 ὑπερϐεϐηκότας
1578 2882 1788 2960 θρόνους
1849 2900 1951 2954 με·

2043 2886 2128 2938 tos
2151 2879 2332 2940 fuisse
2376 2879 2581 2941 dicunt
2630 2899 2931 2942 sacrarum
2966 2881 3297 2945 tabularum
3331 2883 3526 2964 periti.
3561 2882 3678 2947 Sed

309 2977 607 3046 τατεθῆναι,
661 2976 707 3030 οἱ
760 2980 865 3030 τῶν
917 2977 1066 3053 ἱερῶν
1118 2973 1376 3030 πυκτίδων
1432 2970 1672 3048 λέγουσιν
1727 2968 1953 3038 ἐπιστή-

2043 2984 2148 3026 nos
2178 2967 2352 3046 hujus
2383 2968 2468 3029 rei
2499 2968 2920 3030 certitudinem
2967 2988 3002 3031 a
3049 2980 3240 3033 vestra
3287 2971 3679 3052 amplitudine

312 3084 468 3137 μονες
510 3059 657 3119 Ἀλλ’
719 3065 881 3137 ἡμεῖς
951 3063 1008 3119 ἐκ
1062 3068 1160 3128 τῆς
1217 3063 1364 3136 ὑμῶν
1407 3057 1823 3138 μεγαλειότητος
1893 3059 1954 3114 τὸ

2043 3053 2192 3116 scire
2238 3073 2502 3117 avemus.
2555 3058 2690 3118 Haec
2735 3057 3048 3137 questione
3089 3059 3583 3122 continebantur:
3620 3069 3679 3122 et

308 3152 425 3229 περὶ
454 3151 637 3208 τούτου
685 3148 896 3227 βέϐαιον
940 3152 1186 3229 γνωρίσαι
1236 3147 1479 3224 δεόμεθα.
1543 3137 1746 3224 ’Ἐλεγε
1788 3153 1952 3201 ταῦτα

2043 3142 2344 3205 Ezerensis
2371 3144 2646 3225 scriptam
2662 3145 2736 3206 de
2750 3164 2820 3242 ep
2844 3148 3293 3227 responsionem
3321 3147 3675 3227 postulabat.

306 3240 368 3295 τὸ
410 3237 694 3318 πρόϐλημα
727 3259 741 3272 ⁸
803 3242 890 3296 καὶ
934 3242 961 3295 ὁ
1006 3237 1208 3317 Ἐζεροζ
1270 3238 1442 3308 ἐζήτει
1497 3233 1581 3292 ἐπ’
1638 3235 1780 3308 αὐτῷ
1824 3235 1954 3291 ἄπο-

2043 3230 2249 3293 Nostra
2296 3232 2473 3310 igitur
2519 3230 2920 3308 mediocritas,
2955 3253 3087 3294 cum
3120 3253 3287 3298 sacra
3332 3235 3522 3316 ipsius
3553 3237 3677 3299 fra-

307 3329 459 3408 λογία
502 3329 786 3410 ἔγγραφον.
841 3321 904 3387 Ἠ
954 3339 1077 3408 γοῦν
1123 3329 1404 3409 μετριότης
1460 3330 1637 3402 ἡμῶν,
1696 3326 1830 3401 μετᾶ
1857 3329 1954 3392 τῆς

2043 3321 2312 3383 lernitate
2338 3331 2362 3362 '
2391 3323 2516 3383 haec
2573 3321 2873 3383 communi
2922 3322 3171 3384 consilio
3220 3331 3499 3394 tractans,
3539 3325 3678 3386 talia

305 3422 444 3498 ἱερᾶς
475 3419 637 3486 αὖτῆς
690 3417 1043 3497 ἀδελφότητπ
1099 3420 1165 3474 τὰ
1219 3420 1336 3496 περὶ
1390 3416 1574 3472 τούτου
1628 3413 1952 3492 κοινολογη-

2043 3410 2300 3490 quaedam
2335 3410 2613 3490 synodice
2645 3410 3064 3490 pronuntiavit.
3097 3410 3159 3474 Si
3191 3410 3436 3492 quidem
3467 3412 3677 3492 synodi

305 3508 534 3583 σαμένη,
594 3508 811 3567 τοιαῦτά
851 3530 967 3563 τινα
1037 3505 1316 3570 συνοδικῶς
1388 3505 1728 3584 ἂποφαίνεται
1761 3521 1776 3536 ⁶
1850 3505 1948 3575 ὡς,

2043 3498 2540 3579 metropolitanus.
2585 3517 2827 3559 suorum
2887 3498 3300 3580 episcoporum
3355 3519 3674 3575 consensu,

308 3597 462 3674 εἴπερ
525 3599 553 3652 ὁ
609 3597 706 3662 τῆς
765 3594 977 3652 συνόδου
1031 3594 1450 3674 μητροπολίτης,
1507 3591 1794 3649 συναινέσει
1850 3596 1957 3646 τῶν

2043 3586 2181 3648 dare
2209 3585 2466 3667 cuipiam
2499 3586 2772 3654 voluerit.
2806 3587 3162 3650 incrementi
3214 3588 3468 3669 ratione,
3499 3588 3675 3650 aliam

305 3683 393 3741 ὑπ’
437 3686 592 3741 αὐτὸν
621 3682 953 3758 ἐπισκόπων,
1009 3681 1183 3740 δοῦναί
1238 3706 1339 3740 τινι
1389 3681 1624 3754 θελήσει,
1671 3681 1808 3736 κατὰ
1861 3681 1954 3736 τὸν

2043 3675 2380 3756 episcopen,
2406 3675 2466 3735 in
2495 3693 2604 3736 Sua
2639 3674 2938 3755 provincia
2986 3674 3157 3737 sitam
3194 3693 3208 3739 :
3242 3676 3372 3737 sine
3401 3676 3675 3758 praejudi-

304 3774 400 3841 τῆς
469 3771 749 3836 ἐπιδόσεως
806 3772 988 3852 λόγον,
1059 3771 1155 3828 καὶ
1215 3773 1395 3852 ἑτέραν
1474 3769 1792 3845 ἐπισκοπὴν,
1853 3769 1954 3824 ὑπὸ

2043 3763 2128 3852 cio
2155 3774 2182 3806 ι
2208 3762 2269 3823 id
2298 3762 2491 3852 faciet.
2522 3765 2672 3852 Nam
2705 3772 2763 3825 et
2792 3762 3073 3852 ainobisv
3103 3763 3241 3852 talia
3286 3783 3397 3852 per
3434 3765 3674 3827 modum

303 3862 401 3928 τὴν
458 3861 718 3940 ἐπαρχίαν
789 3861 944 3918 αὐτοῦ
974 3850 1092 3917 -καὶ
1151 3850 1348 3928 ταύτην
1389 3857 1666 3936 τελοῦσαν,
1725 3857 1950 3935 ἀποκρι-

2043 3851 2308 3940 fraterna
2331 3850 2674 3940 dilectionis
2696 3851 2960 3932 quotidie
2983 3851 3228 3915 fiunt.Et
3255 3851 3425 3914 faciet
3447 3853 3676 3933 episco-

305 3951 568 4024 ματίστως
601 3959 753 4008 τοῦτο
808 3951 1019 4018 ποιήσει
1078 3947 1190 4006 ἐπεὶ
1247 3951 1334 4004 καὶ
1388 3944 1511 4026 παρ’
1552 3949 1687 4020 ἡμῖν
1739 3953 1951 4002 τοιαῦτα

2043 3957 2146 4031 pus
2161 3937 2337 4031 etiam
2359 3941 2415 3999 in
2433 3957 2503 4002 ea
2522 3938 2803 4031 episcope
2833 3948 2888 4001 to
2898 3949 3082 4031 taque
3092 3940 3219 4020 ejus
3233 3940 3480 4031 dioecesi
3495 3941 3678 4003 admi-

302 4035 387 4092 διὰ
441 4039 530 4092 τὸν
582 4041 680 4104 τῆς
751 4035 1089 4118 φιλαδελφίας
1149 4035 1408 4112 ὁσημέραι
1477 4035 1670 4111 τρόπον
1722 4034 1954 4110 ὶινεργεϊ⁴⁹

2043 4027 2452 4090 nistrationem
2481 4027 2747 4088 omnium
2768 4027 3193 4108 pontiﬁcalium
3221 4029 3472 4111 jurium,
3508 4049 3676 4112 quaa-

301 4147 387 4180 ται
420 4140 436 4157 ⁸
497 4126 584 4180 καὶ
625 4127 907 4194 ποιήσεται
965 4117 992 4182 ὃ
1048 4125 1332 4188 ἐπίσκοπος
1380 4124 1468 4179 καὶ
1509 4121 1564 4177 ἐν
1618 4127 1686 4197 τῇ
1729 4119 1948 4196 τοιαύτῃ

2043 4134 2270 4197 cunque
2301 4125 2360 4178 et
2387 4117 2679 4196 genuinus
2708 4117 2952 4178 antistes
2983 4117 3114 4196 ejus
3139 4136 3153 4181 :
3183 4128 3432 4199 excepto
3464 4138 3557 4194 eo,
3603 4138 3678 4182 ne

301 4212 565 4290 ἐπισκοπῇ
621 4216 708 4270 καὶ
749 4215 900 4290 πάσῃ
949 4220 1018 4290 τῇ
1057 4215 1251 4280 ταύτης
1307 4211 1478 4290 ἐνορίᾳ
1536 4210 1634 4276 τὴν
1690 4207 1944 4285 διεξαγω-

2043 4205 2092 4266 in
2124 4222 2292 4267 sacro
2320 4205 2648 4266 conthrono
2679 4203 3199 4278 collocetur.Quod
3231 4206 3280 4267 si
3315 4224 3521 4268 rursus
3537 4227 3673 4270 cum

542 4271 565 4290 .-
877 4271 900 4290 .-
993 4271 1018 4290 ,.
1211 4271 1249 4280 .-
1396 4271 1406 4290 ,
1457 4271 1468 4283 ,
1592 4271 1603 4276 -
1781 4271 1790 4273 ἡ
1843 4271 1854 4285 ,

300 4302 404 4379 γὴν
431 4302 536 4358 τῶν
592 4303 911 4381 ἱεραρχικῶν
968 4303 1213 4358 ἁπάντων
1269 4299 1506 4378 δικαίων,
1538 4297 1636 4354 ὅσα
1679 4299 1763 4352 καὶ
1806 4297 1943 4374 γνή-

2043 4311 2136 4356 sua
2165 4293 2386 4374 syuodo
2413 4293 2904 4375 metropolitanus
2926 4293 3001 4355 ob
3024 4311 3260 4356 causam
3294 4295 3678 4376 laudabilem,

300 4371 414 4452 σιος
457 4371 950 4470 ἀρχιερεὺςηαῦτῆς
985 4403 999 4424 ⁸
1076 4390 1237 4466 παρὲξ
1274 4396 1362 4446 τοῦ
1420 4371 1504 4444 ἐν’
1533 4394 1609 4461 τῷ
1632 4389 1793 4480 *πρῷ-
1815 4371 1942 4480 συν-

2043 4389 2089 4444 et
2119 4371 2502 4480 probabilem
2517 4371 2858 4480 praetextum
2896 4383 3137 4480 (utilitas
3165 4391 3360 4480 autem
3393 4385 3518 4480 haec
3547 4371 3676 4446 ani;

297 4479 466 4558 θρόνῷ
494 4477 932 4557 ἐγκαθιδρύεσθαι.
983 4483 1038 4538 Εἰ
1067 4479 1112 4536 δ’
1163 4479 1227 4536 αὖ
1282 4499 1343 4558 γε
1400 4476 1532 4552 μετὰ
1595 4474 1690 4541 τῆς
1749 4473 1942 4538 υίκείας

2043 4490 2257 4532 marum
2291 4479 2350 4533 et
2380 4471 2770 4536 ecclesiastici
2803 4479 2990 4534 status
3024 4471 3456 4535 administratio
3491 4473 3671 4552 (com-

296 4565 509 4624 συνόδου
575 4568 604 4622 δ
674 4568 1093 4649 μητροπολίτης,
1153 4566 1219 4624 δι’
1298 4566 1463 4622 αἰτίαν
1534 4560 1942 4637 ἐπαινουμένην,

2043 4559 2462 4640 probaverit,ut
2510 4561 2642 4641 quis
2700 4559 3037 4649 episcorum
3089 4561 3200 4622 sub
3250 4580 3314 4623 se
3345 4561 3670 4642 positorum

296 4657 384 4712 καὶ
413 4654 700 4734 ἀπολογίαν
731 4648 1084 4735 εὖπρόσωπον
1122 4653 1374 4737 (ὠφέλεια
1421 4651 1466 4708 δ’
1532 4650 1665 4716 αὕτη
1727 4654 1942 4729 ψυχῶν,

2043 4649 2283 4730 leponat
2297 4648 2538 4737 quidem
2563 4648 2769 4710 sedem
2794 4657 2852 4710 et
2874 4648 3137 4730 episcopi
3159 4650 3478 4723 nomen,ad
3498 4649 3670 4712 aliam

297 4745 385 4800 καὶ
466 4741 774 4822 κυϐέρνησις
859 4736 1306 4814 ἐκκλησιαπικῆς
1381 4737 1775 4818 καταστάσεως)
1851 4738 1944 4794 εὖ-

2043 4747 2220 4799 tutem
2250 4736 2360 4798 sub
2388 4738 2517 4817 ipso
2544 4737 2998 4816 metropolitano
3027 4737 3406 4799 exsistentem
3430 4737 3681 4799 transfe-

295 4829 509 4902 δοκήσει
551 4831 834 4889 ἇποθέσται
889 4836 987 4910 μὲν
1043 4836 1132 4891 τὸν
1175 4835 1356 4912 θρὸνον
1411 4831 1500 4885 καὶ
1556 4830 1616 4884 τὸ
1667 4827 1763 4895 τῆς
1821 4826 1944 4884 ἐπι-

2043 4835 2199 4888 ratur'
2217 4827 2538 4906 episcopen
2589 4847 2602 4885 :
2650 4825 2710 4886 id
2743 4825 2873 4887 sine
2903 4824 3082 4887 dubio
3135 4835 3196 4888 et
3242 4823 3673 4905 impedimento

297 4926 503 4988 σκοπῆς
536 4918 705 4995 ὄνομά
746 4943 861 4978 τινα
890 4929 994 4979 τῶν
1038 4921 1122 4979 ὑπ’
1157 4923 1314 4978 αὐτὸν
1375 4916 1700 4976 ἐπισκόπων
1771 4936 1941 4991 μετα-

2043 4915 2221 4987 'aciet,
2264 4914 2420 4994 quod
2471 4914 2778 4976 hominum
2811 4913 3061 4976 salutem
3105 4923 3162 4975 et
3205 4913 3674 4976 ecclesiasticum

292 5013 464 5066 θεῖναι
521 5007 576 5064 δὲ
632 5019 813 5068 τοῦτον
882 5010 936 5066 ἐν
984 5011 1134 5090 ἑτέρᾳ
1183 5013 1448 5083 ἐπισκοπῇ
1515 5003 1602 5060 ὑπ’
1649 5003 1805 5060 αὐτὸν
1877 5001 1942 5071 δὴ

2043 5004 2210 5065 iecus
2239 5009 2438 5064 nostra
2489 5001 2890 5090 mediocritas,
2923 5020 3208 5084 sacraque
3249 5001 3437 5090 ipsius
3465 5001 3678 5090 frater-

292 5101 384 5154 τὸν
442 5096 840 5176 μητροπολίτην
903 5088 1128 5176 τελούσῃ
1163 5117 1177 5132 ·
1233 5095 1606 5158 ἀνενδοιάστως
1648 5099 1803 5149 τοῦτο
1859 5094 1948 5151 καὶ

2043 5092 2205 5163 nitas,
2240 5109 2374 5152 cum
2406 5089 2719 5176 aﬂ'ectione
2751 5091 3036 5172 requirat.
3069 5089 3467 5164 Quamobrem
3493 5097 3550 5151 et
3578 5088 3680 5150 ad-

295 5175 582 5248 ἀκωλύτως
626 5183 980 5266 διαπράξεται,
1013 5192 1086 5254 ὡς
1129 5194 1224 5265 τῇς
1279 5190 1386 5243 τῶν
1443 5181 1729 5261 ἀνθρώπων
1772 5202 1952 5248 σωτη-

2043 5179 2323 5242 mittenda
2352 5175 2696 5276 censebitur
2726 5178 3142 5276 translatio.ob
3172 5177 3512 5276 praedictam
3541 5195 3680 5276 can:

290 5276 404 5354 ρίας
475 5275 561 5330 καὶ
628 5264 760 5341 τῆς.
817 5264 1264 5344 ἐκκλησιαστικῂ
1349 5271 1630 5347 εὐκοσμίας
1714 5269 1950 5338 ποθητῆς

2043 5285 2204 5343 sam;
2265 5275 2323 5329 et
2377 5273 2505 5328 rata
2546 5265 2840 5349 firmaque
2895 5267 3201 5342 manebit,
3253 5275 3322 5330 ut
3376 5266 3475 5329 cui
3523 5264 3674 5328 nihil

1621 5426 1884 5492 VARLE
1912 5424 2352 5493 LECTIONES.

363 5603 388 5646 q
419 5566 935 5656 desideratissimi.
981 5581 1002 5613 τ
1034 5572 1392 5652 Responsum
1423 5561 1756 5656 canonfbits
1785 5567 2250 5656 consentaneum
2300 5570 2321 5604 ⁸
2353 5557 2724 5652 Intellectus.
2769 5557 3244 5656 ‘obtcmpcrant:
3280 5557 3429 5656 “ab,
3443 5556 3650 5656 episco

273 5636 430 5728 paiu
452 5647 532 5709 ad
562 5649 1002 5729 episcopatum.
1051 5689 1073 5718 ν
1106 5636 1237 5714 vitm
1271 5665 1442 5711 sacro
1466 5662 1572 5707 suo
1603 5643 1866 5721 fratrum
1890 5647 2064 5706 cantu.
2109 5652 2134 5684 ι
2163 5640 2297 5704 sine
2323 5641 2680 5719 cuiusquam
2702 5636 3077 5719 prwjudr'cio.
3125 5681 3149 5724 ε
3178 5645 3235 5700 et
3267 5636 3429 5718 apud
3455 5636 3590 5699 nos.
