4192 6220
541 430 658 495 815

1917 429 1950 491 Ι
1958 427 2049 491 US
2089 423 2536 491 CANONICUM

3794 425 3912 490 816

540 564 907 627 adversetur.
931 564 1226 628 Canonica
1241 565 1396 624 enim
1415 562 1754 625 observatio
1768 561 2181 624 novitdiversis

2269 559 2428 627 οὔσης
2481 562 2568 617 καὶ
2612 561 2752 640 ποιρά
2806 566 2875 638 τῇ
2931 563 3084 637 ἡμῶν
3142 561 3444 639 μετριότητι
3515 563 3600 616 καὶ
3667 567 3737 637 τῇ
3792 563 3907 639 ἱερᾷ

544 653 911 732 temporibus
943 652 1356 714 translationes
1386 651 2180 732 antistitum,episcoporum,

542 750 600 804 et
630 741 1218 823 metropolitanorum
1255 741 1584 821 factas,non
1617 742 1677 802 in
1702 741 1958 822 aequales
1987 740 2183 810 sedes.

539 832 642 892 sed
677 832 823 892 etin
886 831 1268 892 sublimiores
1323 838 1382 892 et
1441 831 1916 911 excellentiores,
1951 836 2190 909 propter

536 920 915 981 rationalium
965 919 1249 980 Ecclesiae
1303 918 1516 981 Christi
1574 921 1766 982 ovium
1799 918 2184 982 refocillatio-

538 1028 699 1083 nem,
738 1017 798 1071 et
831 1009 1363 1070 ecclesiasticarum
1418 1028 1617 1070 rerum
1669 1009 2181 1088 gubernationem.

535 1096 673 1158 Haec
705 1116 738 1157 e
769 1097 977 1160 diariis
1007 1097 1304 1177 synodicis
1331 1099 1812 1160 annotationibus
1854 1098 2095 1172 emissa,
2131 1103 2186 1157 et

537 1187 976 1268 subscriptione
990 1188 1279 1267 signoque
1294 1187 1652 1249 sanctissimi
1681 1188 1906 1248 domini
1928 1187 2116 1248 nostri
2131 1195 2187 1247 et

539 1277 890 1337 mcumenici
922 1276 1294 1356 patriarchae,
1333 1275 1559 1336 domini
1607 1276 1913 1356 Manuelis,
1968 1275 2181 1337 conﬁr-

538 1373 692 1425 mata
724 1385 737 1426 :
774 1365 907 1426 data
937 1373 1073 1426 sunt
1107 1383 1309 1427 mense
1363 1373 1420 1425 et
1466 1365 1792 1426 indictione
1837 1365 2184 1443 subscriptis

537 1453 680 1514 anni
714 1454 895 1517 6758.
929 1452 1276 1514 Habuerunt
1301 1454 1435 1526 hoc,
1471 1472 1674 1515 mense
1703 1453 1882 1524 Julio,
1911 1453 2185 1514 indictio-

539 1560 614 1602 ne
645 1542 705 1613 8,
740 1561 845 1623 per
893 1542 1342 1621 patriarchalem
1391 1542 1766 1623 divinamque
1815 1561 2082 1617 manum,
2126 1551 2184 1604 et

537 1630 768 1691 solitam
802 1631 1138 1711 plumbeam
1173 1631 1417 1692 bullam.

2268 652 2430 716 αὐτῆς
2487 647 2826 730 ἀδελφότητι.
2871 649 3028 706 Ὀθεν
3075 651 3164 706 καὶ
3218 647 3377 717 δεκτὴ
3432 649 3801 728 λογισθήσεται
3872 650 3907 716 ἡ

2269 739 2564 814 μετάθεσις,
2627 735 2712 793 διὰ
2761 738 2862 805 τὴν
2924 737 3208 816 εἰρημένην
3264 739 3451 818 αἰτίαν,
3522 738 3610 794 καὶ
3678 736 3778 802 ἔξει
3848 739 3910 793 τὸ

2269 826 2506 906 στέργον,
2566 827 2653 882 καὶ
2721 825 2932 906 ἐτεργὸν
2985 829 3055 892 ὡς
3125 824 3290 901 μηδὲν
3345 828 3407 882 τὸ
3491 827 3911 905 προσιστάμενον

2268 915 2594 992 κεκτημένη.
2685 913 2934 991 Ἐπείπερ
3003 913 3148 973 οἶδεν
3199 917 3233 984 ἡ
3306 915 3583 994 ἐγκάνονος
3661 917 3910 994 παρατή-

2267 1031 2419 1088 ρησις
2461 1008 2596 1064 κατὰ
2656 1004 2933 1087 διαφόρους
2984 1008 3196 1087 καιροὺς
3252 1011 3553 1083 μεταθὲσεις
3623 1007 3912 1086 γενομένας

2266 1095 2582 1176 ἀρχιερέων,
2655 1095 2958 1152 ἐπισκόπων
3013 1099 3098 1153 καὶ
3169 1095 3596 1175 μητροπολιτῶν,
3672 1096 3767 1152 οὐκ
3841 1097 3912 1160 εἰς

2266 1187 2587 1252 ίσοστασίους
2644 1187 2875 1265 Θρόνους,
2922 1185 3057 1244 ἀλλά
3112 1209 3171 1265 γε
3228 1185 3293 1254 δὴ
3349 1189 3435 1244 καὶ
3491 1189 3564 1250 εἷς
3635 1185 3911 1261 ὑψηλοτέ-

2268 1297 2384 1356 ρους
2427 1277 2513 1332 καὶ
2541 1276 2920 1355 ὑπερέχοντας,
2981 1275 3063 1332 διὰ
3129 1277 3478 1356 καταρτισμὸν
3519 1282 3623 1332 τῶν
3677 1274 3912 1353 λογικῶν

2267 1366 2578 1445 θρεμμάτων
2649 1371 2746 1431 τῆς
2819 1363 3136 1432 Ἐκκλησίας
3213 1372 3457 1443 Χριστοῦ,
3544 1366 3631 1421 καὶ
3709 1363 3912 1429 ἐκκλη-

2266 1459 2550 1511 σιαστικῶν
2605 1455 2928 1534 πραγμάτων
2985 1451 3318 1527 κυϐέρνησιν.
3379 1461 3551 1511 Ταῦτα
3609 1449 3913 1531 παρεκϐλη-

2263 1545 2414 1603 θέντα
2473 1544 2576 1599 ἀπὸ
2646 1549 2752 1599 τῶν
2812 1543 3115 1622 ἡμερησίων
3173 1540 3452 1599 συνοδικῶν
3519 1541 3912 1622 παρασημειώ-

2263 1655 2420 1707 σειυν,
2467 1634 2554 1688 καὶ
2607 1654 2677 1707 τῃ
2720 1633 3000 1712 ὑπογραφῇ
3055 1632 3142 1687 καὶ
3198 1629 3446 1711 σφραγῖδι
3495 1639 3586 1687 τοῦ
3640 1652 3909 1708 παναγιω-

535 1721 693 1776 τάτου
721 1724 872 1796 ἡμῶν
897 1721 1149 1777 δεσπότου
1201 1724 1288 1779 καὶ
1339 1724 1700 1795 οἷκουμενικοῦ
1757 1722 2088 1801 πατριάρχου
2145 1723 2320 1800 κυρίου
2379 1719 2626 1788 Μανουὴλ
2668 1717 3041 1801 βεϐαιωθέντα,
3074 1719 3294 1787 ἐπεδόθη
3327 1722 3454 1795 μηνὶ
3483 1722 3572 1776 καὶ
3601 1721 3914 1795 ἐπινεμήσει

535 1821 653 1872 τοῖς
683 1810 1195 1889 προγεγραμμένοις,
1237 1810 1385 1874 ἔτους
1435 1811 1648 1886 ςψνη¹,
1684 1811 1826 1889 Εῖχε
1869 1813 1951 1885 τὸ,
1987 1813 2114 1886 μηνῖ
2147 1809 2350 1884 Ἰουλίῳ
2378 1811 2742 1886 ἐπινεμήσεως
2787 1809 2872 1890 η’,
2933 1807 3016 1865 διὰ
3066 1814 3164 1876 τῆς
3207 1815 3600 1888 πατριαρχικῆς
3630 1809 3717 1864 καὶ
3771 1809 3912 1871 θείας

537 1899 742 1977 χειρὸς,
772 1901 858 1954 καὶ
888 1901 987 1966 τὴν
1019 1901 1214 1968 συνήθη
1247 1896 1550 1974 μολιϐδίνην
1581 1898 1829 1975 βοῦλλαν,

979 2003 1080 2067 IIl.
1113 2005 1203 2066 De
1229 2007 1364 2082 iure
1388 2013 1769 2084 patronatus.

613 2110 999 2172 Moderationi
1028 2119 1243 2172 nostris
1269 2128 1290 2158 ι
1320 2112 1566 2173 relatum
1596 2121 1685 2175 est
1705 2131 1738 2174 a
1768 2113 2031 2193 piissimo
2053 2113 2184 2193 epi-

537 2217 716 2278 scopo
747 2199 1060 2262 Dominico
1090 2201 1412 2276 Demetrio,
1447 2202 1548 2282 qui
1581 2201 1688 2262 sub
1709 2202 2019 2282 proirincia
2048 2221 2180 2264 me-

541 2290 875 2369 tr0politani
907 2291 1305 2364 Larissmi,eos
1331 2290 1432 2371 qui
1467 2292 1567 2370 jus
1610 2291 1973 2354 tundationis
2004 2309 2179 2354 revo-

537 2387 672 2439 cant
693 2392 717 2422 ι
748 2379 806 2439 in
840 2380 1220 2454 monasterio,
1251 2379 1406 2460 quod
1437 2380 1507 2441 ab
1541 2380 1707 2441 initio
1741 2379 1850 2442 sub
1871 2382 2001 2460 ejus
2025 2381 2178 2461 epis-

537 2486 685 2548 cope
714 2468 846 2547 fuit,
881 2471 1078 2547 magni
1108 2469 1263 2531 inter
1292 2478 1526 2530 sanctos
1558 2471 1830 2551 martyris
1864 2471 2175 2552 Demetrii,

534 2555 855 2618 Procovico
904 2557 1317 2636 indigenarum
1371 2559 1571 2636 tingua
1600 2560 2037 2635 cognominato,
2074 2580 2175 2622 cu-

537 2645 765 2724 pientes
796 2646 1033 2725 quidem
1068 2647 1408 2724 huiusmodi
1439 2648 1864 2709 monasterium
1899 2649 1960 2710 in
2009 2667 2176 2711 suam

539 2741 887 2814 potestatem
919 2734 1214 2813 redigere,
1245 2744 1305 2797 et
1349 2736 1708 2798 consecratis
1764 2737 1850 2798 eis
1910 2737 2087 2799 rebus
2118 2747 2182 2799 ut

537 2821 793 2902 propriis
824 2824 1039 2893 uti,sed
1071 2843 1177 2903 per
1208 2823 1548 2902 praedictum
1577 2825 1918 2905 episcopum
1949 2846 2044 2903 eo,
2078 2827 2178 2907 qui

537 2917 750 2990 praeter
797 2910 1088 2972 rationem
1148 2920 1295 2992 erat,
1345 2911 1568 2992 impetu
1613 2912 1911 2990 inhibitos.
1956 2923 2014 2976 et
2063 2933 2179 2975 non

537 2999 675 3061 data
718 3000 992 3062 facultate
1029 3001 1366 3080 bujusmodi
1399 3001 1720 3064 absurdum
1773 3003 2174 3084 perpetrandi,

533 3088 602 3148 ad
639 3089 922 3150 ultionem
947 3089 1076 3167 ejus
1099 3090 1370 3150 videlicet
1390 3090 1986 3172 excitatos,templum
2019 3092 2177 3154 aliud

536 3185 843 3239 exstruere
873 3179 1073 3238 conari
1115 3178 1224 3239 sub
1258 3179 1632 3259 patriarchali
1661 3182 2032 3261 stauropegio
2075 3199 2088 3243 :
2123 3189 2188 3242 et

533 3265 608 3329 ab
649 3267 1356 3359 episcopalimonasterio
1407 3269 1689 3332 divellere
1748 3270 2235 3359 possessiones,C

537 3374 666 3436 quae
697 3374 731 3416 a
765 3355 1085 3433 majoribus
1117 3375 1344 3433 eorum,
1400 3366 1496 3419 aut
1545 3357 1901 3439 quibusdam
1957 3358 2175 3421 Christi

535 3443 870 3506 amantibus
903 3447 1164 3524 cognatis
1195 3447 1524 3522 illorum,ei
1556 3448 1788 3509 tributae
1816 3456 1954 3510 sunt
1985 3469 1999 3509 :
2036 3457 2180 3512 tem-

535 3535 628 3614 plo
653 3544 850 3594 autem
871 3533 942 3594 ab
973 3536 1057 3596 eis
1079 3536 1186 3596 sub
1220 3537 1590 3616 patriarchali
1621 3557 1799 3599 cruce
1823 3537 2180 3599 exstruendo

532 3622 1313 3702 consecrare.Nostraigitur
1346 3626 1667 3688 moderatio
1701 3626 1960 3706 iniquam
1982 3627 2181 3706 hujus-

535 3712 696 3771 modi
727 3711 988 3791 ipsorum
1023 3715 1439 3791 cogitationem
1497 3715 1780 3776 radicitus
1831 3716 2182 3777 exscindere

535 3734 696 3771 IIlOUl
727 3734 988 3791 ipsorum
1023 3734 1090 3772 co
1138 3734 1439 3775 ttauonem
1497 3734 1780 3776 raatcuus
1831 3734 2173 3777 exscmaere

534 3800 832 3874 volens,ut
849 3801 1032 3862 sacris
1053 3734 1379 3864 cfnonibus
1402 3804 1566 3864 omni
1590 3805 1762 3865 modo
1795 3803 2173 3884 prohibitam,

537 3905 640 3966 per
665 3898 983 3966 praesentes
1003 3907 1139 3951 suas
1159 3891 1390 3952 litteras
1410 3892 2026 3974 deﬁnit,quascunque
2051 3911 2180 3972 poso

535 3977 953 4052 sessiones,vel
985 3979 1434 4058 res,episc0pali
1470 3983 1828 4044 monasterio
1861 3983 2048 4044 sancti
2071 3981 2176 4042 De-

537 4065 733 4125 metrii
763 4085 998 4146 semper
1027 4067 1100 4127 ab
1132 4087 1200 4128 eo
1232 4069 1552 4130 indivulsas
1581 4071 1884 4144 bmanere,
1919 4069 2179 4151 idqueab

535 4153 811 4234 episcopo
872 4157 1181 4218 Dominico
1231 4158 1656 4230 administrari,
1695 4170 1752 4222 et
1797 4159 2180 4241 spiritualiter

537 4242 717 4320 dirigi
746 4241 792 4302 ι’.
826 4245 948 4306 Nec
989 4246 1146 4306 enim
1179 4247 1658 4323 aadiﬂcatoribus,
1693 4269 1886 4329 neque
1915 4250 2014 4310 alii
2045 4251 2176 4311 cui-

537 4349 713 4411 quam
745 4332 885 4395 licet
909 4334 982 4395 ab
1017 4335 1335 4415 episcopali
1368 4336 1725 4398 monasterio
1773 4338 2179 4418 possessiones

537 4421 841 4502 divellere,
878 4442 1093 4504 easque
1127 4424 1505 4504 patriarchali
1528 4428 1884 4488 monasterio
1917 4427 2004 4487 vel
2039 4445 2177 4487 ora-

537 4509 688 4571 torio
749 4513 968 4592 templo
1023 4515 1160 4592 jure
1216 4513 1593 4593 proprietatis
1641 4514 2098 4587 tribuere.Quod
2130 4514 2180 4576 si

536 4599 668 4678 quis
698 4602 1120 4663 monasterium
1147 4603 1239 4664 vel
1270 4602 1595 4664 oratorium
1645 4611 1876 4683 septum
1927 4604 2036 4664 sub
2070 4622 2175 4683 pa-

539 4687 1269 4770 triarchalicstauropegio
1320 4698 1629 4754 exstruere
1669 4692 1828 4765 velit,
1858 4711 1892 4752 a
1936 4693 2178 4754 nemine

539 4776 779 4855 quidem
809 4778 1259 4858 prohibebitur:
1292 4779 1452 4859 prius
1484 4788 1678 4840 tamen
1697 4781 1748 4841 ei
1777 4781 2180 4860 possessiones

539 4881 610 4925 ex
645 4867 898 4946 propriis
931 4867 1220 4944 assignari
1253 4875 1438 4928 curet.
1475 4867 1631 4938 Quas
1661 4868 1817 4930 enim
1852 4870 2179 4949 possessio-

540 4971 648 5014 nes
679 4956 1014 5036 episcopale
1047 4955 1470 5018 monasterium
1504 4956 1701 5038 habet,
1736 4957 1808 5018 ab
1868 4977 1936 5019 eo
1985 4959 2182 5021 divelli

538 5044 632 5117 (ut
661 5043 882 5105 dictum
917 5047 1035 5122 est)
1065 5045 1226 5106 nullo
1281 5063 1540 5125 unquam
1573 5053 1840 5126 tempore
1881 5053 2178 5126 poterunt.

541 5128 612 5192 Et
640 5130 766 5194 haec
799 5131 1039 5212 quidem
1072 5132 1146 5194 de
1173 5153 1266 5195 eo.

2537 2027 2560 2062 α
2596 1995 2676 2064 Γ’.
2729 2006 2847 2084 Περὶ
2876 2005 3237 2084 οίκτητορικοῦ
3264 2001 3314 2046 ³ί
3359 2001 3574 2063 δικαίου.
3616 2026 3645 2058 ι

2349 2113 2652 2192 Ἀνηνέχθη
2681 2113 2935 2190 τῇξὴμῶν
2992 2112 3295 2191 μετριότητι
3353 2111 3497 2190 παρὰ
3539 2117 3630 2166 τοὺ
3683 2111 3786 2166 ὑπὸ
3815 2109 3915 2176 τὴν

2265 2203 2525 2282 ἐπαρχίαν
2583 2204 2680 2268 τῆς
2738 2199 3119 2281 μητροπόλεως
3189 2203 3452 2280 Λαρίσσης
3510 2198 3914 2279 θεοφιλεστάτου

2265 2291 2555 2347 ἐπισκόπου
2609 2291 2888 2366 Δομινίκου
2934 2288 3260 2368 Δημητρίου,
3323 2290 3396 2351 ὡς
3466 2289 3830 2366 οίκτητορικὸν
3861 2285 3916 2328 ³²

2263 2377 2456 2436 δίκαιον
2542 2377 2958 2453 ἀνακαλούμενοι
3017 2377 3071 2432 ἐν
3139 2379 3216 2452 τῷ
3275 2379 3375 2433 ὑπὸ
3447 2386 3544 2444 τὴν
3614 2376 3911 2444 ἐπισκοπὴν

2262 2469 2418 2526 αύτοῦ
2489 2466 2720 2526 τελοῦντι
2769 2467 3013 2523 ἀνέκαθεν
3075 2465 3411 2544 μοναστηρίῳ
3481 2473 3572 2522 τοῦ
3641 2465 3695 2521 ἐν
3740 2467 3912 2543 ἁγίοις

2263 2555 2726 2635 μεγαλομάρτυρος
2763 2556 3088 2634 Δημητρίου,
3148 2561 3224 2628 τῷ
3281 2551 3586 2633 Προκοϐίκῳ
3628 2553 3910 2634 ἐγχωρίως

2262 2645 2701 2722 ἐπονομαζομένῳ
2729 2664 2742 2676 ’
2815 2643 3118 2723 ὀρεγόμενοι
3174 2642 3270 2706 μὲν
3339 2641 3753 2714 κατεξουσιάζειν
3824 2643 3912 2698 τέ-

2262 2733 2381 2791 λεον
2435 2738 2533 2802 τῆς
2590 2735 2835 2800 τοιαύτης
2905 2738 3096 2809 μονῆς,
3171 2733 3258 2788 καὶ
3321 2745 3439 2793 τοῖς
3525 2731 3906 2811 ἀφιερωμένοις

2263 2828 2394 2899 αὐτῇ
2449 2823 2750 2901 πράγμασιν
2806 2824 2877 2884 ὡς
2937 2823 3144 2884 οἰκείοις
3202 2822 3458 2900 χρῆσθαι,
3519 2827 3615 2888 τῆς
3646 2819 3701 2876 δὲ
3729 2843 3912 2900 παρα-

2261 2911 2418 2991 λόγου
2474 2911 2671 2978 ταύτης
2729 2911 2898 2989 ὁρμῆς
2960 2911 3101 2988 παρά
3171 2917 3263 2966 σοῦ
3313 2910 3557 2988 ῥηθέντος
3616 2910 3913 2967 ἐπισκόπου

2263 3001 2708 3076 ἀνακαπτόμενοι,
2779 3003 2867 3057 καὶ
2922 3001 3000 3075 μὴ
3076 2999 3472 3079 ἐγχωρούμενοι
3540 3001 3602 3055 τὸ
3669 3006 3913 3056 τοιοῦτον

2264 3085 2460 3146 ἄτοπον
2529 3087 2951 3167 διαπράττεσθαι,
3006 3089 3077 3152 εἷς
3131 3085 3330 3162 ἄμυναν
3387 3087 3571 3146 τούτου
3617 3085 3768 3154 δῆθεν
3824 3086 3913 3143 δι-

2264 3179 2609 3258 εγειρόμενοι,
2693 3184 2976 3256 πειρῶνται
3063 3176 3238 3255 ἕτερον
3325 3176 3591 3256 ἀνεγεῖραι
3643 3178 3767 3232 ναὸν
3827 3176 3916 3232 ἐπὶ

2263 3269 2638 3347 σταυροπηγίῳ
2693 3271 3089 3346 πατριαρχικῷ,
3138 3265 3225 3321 καὶ
3289 3263 3592 3322 ἀποσπᾶσαι
3648 3265 3754 3321 ἀπὸ
3818 3272 3915 3322 τοῦ

2264 3355 2609 3414 ἐπισκοπικοῦ
2639 3357 2992 3434 μοναστηρίου
3049 3356 3114 3411 τὰ
3152 3355 3292 3432 παρὰ
3329 3361 3434 3410 τῶν
3475 3354 3752 3432 προγόνων
3810 3359 3911 3413 αὖ·

2263 3451 2391 3518 τῶν,
2441 3444 2476 3512 ἦ
2518 3467 2675 3500 τινων
2725 3450 3026 3524 προσγενιῖη
3085 3446 3252 3502 αὐτῶν
3297 3441 3678 3523 φιλοχρίστων,
3738 3465 3913 3522 προσ-

2263 3533 2557 3612 κυρωθέντα
2614 3535 2745 3609 αὖτῇ
2801 3535 3048 3608 κτήματα
3082 3547 3096 3561 ⁸
3183 3532 3467 3612 ἀφιερῶσαι
3541 3529 3585 3587 δ’
3646 3533 3778 3588 αὖτά
3838 3540 3915 3606 τῷ

2264 3619 2388 3700 παρ’
2453 3622 2624 3678 αὐτῶν
2685 3622 2770 3678 ἐπὶ
2838 3622 3210 3700 σταυροπηγίῳ
3265 3627 3636 3700 πατριαρχικῷ
3692 3620 3913 3699 ἀνεγερ-

2263 3712 2542 3786 θησομένῳ
2573 3717 2703 3784 ναῷ.
2755 3701 2811 3768 (Ο
2873 3719 2996 3788 γοῦν
3057 3710 3339 3790 μετριότης
3397 3711 3552 3785 ἡμῶν
3582 3711 3642 3765 τὸ
3677 3710 3915 3766 τοιοῦτον

2267 3803 2436 3857 αὐτῶν
2518 3796 2818 3876 παράλογον
2896 3797 3156 3873 διανόημα
3252 3795 3523 3876 πρόῤῥιζον
3607 3797 3913 3873 ἀποτεμεῖν

2260 3886 2576 3963 βουλομένη,
2637 3889 2710 3952 ὡς
2779 3901 2898 3950 τοϊς
2954 3889 3116 3966 ἱεροῖς
3188 3887 3399 3943 κανόσιν
3480 3885 3915 3964 ἀπηγορευμένον

2262 3978 2586 4052 παντάπασι,
2620 3976 2892 4056 διορίζεται
2949 3973 3032 4031 διὰ
3075 3981 3165 4031 τοῦ
3223 3975 3480 4053 παρόντος
3537 3974 3698 4041 αὐτῆς
3729 3976 3914 4053 γράμ-

2264 4087 2428 4141 ματος
2502 4067 2884 4124 ἀναπόσπαστα
2927 4066 3089 4145 μέχρι
3148 4063 3344 4128 παντὸς
3402 4063 3577 4138 μένειν
3634 4067 3778 4142 παρα
3844 4070 3916 4140 τῇ

2261 4157 2581 4233 ἓπισκοπικῇ
2627 4162 2764 4232 μονῇ
2823 4162 2914 4211 τοῦ
2970 4155 3117 4232 ἁγίου
3178 4153 3484 4230 Δημητρίου
3525 4154 3590 4208 τὰ
3643 4153 3913 4232 προσόντα

2263 4242 2394 4320 αὒτῇ
2425 4243 2648 4315 ὃποιαδή
2706 4266 2823 4300 τινα
2885 4243 3140 4318 Κτήματά
3184 4263 3240 4299 τε
3283 4244 3370 4298 καὶ
3427 4242 3711 4320 πράγματα
3747 4258 3760 4271 ⁸
3825 4253 3921 4306 καὶ

2262 4334 2402 4410 παρὰ
2456 4339 2548 4388 τοῦ
2611 4333 2900 4390 ἐπισκόπου
2960 4332 3238 4408 Δομινίκου
3309 4329 3628 4408 διεξάγεσθαι
3685 4331 3914 4406 ταύτην,

2260 4423 2348 4476 καὶ
2390 4428 2757 4498 πνευματικῶς
2815 4420 3140 4480 διιθύνεσθαι.
3206 4420 3334 4479 Οὔτε
3387 4421 3484 4498 γὰρ
3542 4432 3658 4484 τοῖς
3733 4417 3914 4493 δομή-

2260 4531 2460 4589 τορσιν,
2535 4510 2640 4567 οὔθ’
2713 4510 2876 4590 ἑτέρῳ
2945 4511 3044 4566 τινὶ
3113 4509 3309 4575 ἔξεστιν
3374 4509 3480 4564 ἀπὸ
3556 4508 3917 4575 ἐπισκοπικῆς

2261 4601 2429 4674 μονῆς
2507 4599 2752 4672 ἀποσπᾷν
2832 4601 3104 4678 κτήματα,
3187 4601 3274 4654 καὶ
3342 4597 3664 4676 προσκυροῦν
3746 4604 3917 4654 ταῦτα

2260 4693 2624 4767 πατριαρχικῇ
2653 4693 2812 4764 μονῇ,
2880 4687 2916 4755 ἢ
2959 4686 3216 4766 εὖκτηρίῳ
3260 4691 3392 4759 ναῷ,
3439 4687 3498 4743 Ei
3541 4685 3595 4741 δέ
3652 4707 3732 4748 τις
3775 4687 3915 4762 βού-

2264 4778 2411 4832 λεται
2455 4777 2728 4856 ἀνεγεῖραι
2788 4777 2957 4852 μονὴν
3000 4776 3036 4844 ἢ
3097 4777 3368 4855 εύκτήριον
3419 4777 3588 4842 σηκὸν
3645 4775 3729 4832 ἐπὶ
3758 4797 3923 4832 σταυ-

2264 4865 2506 4944 ροπηγίῳ
2538 4873 2933 4946 πατριαρχικῷ,
2965 4867 3037 4927 εἷς
3069 4865 3165 4941 μὲν
3194 4866 3378 4923 τούτου
3421 4862 3690 4942 ἀνέγερσιν
3721 4865 3782 4922 οὒ
3809 4887 3919 4920 κω·

2263 4952 2544 5024 λυθήσεται
2576 4955 2716 5032 παρά
2757 4976 2899 5020 τινος
2933 4971 2947 4986 ·
3011 4953 3339 5034 φροντισάτω
3377 4950 3432 5008 δὲ
3460 4953 3711 5032 πρότερον
3740 4974 3919 5032 προσ-

2263 5047 2492 5121 κυρῶσαι
2536 5044 2677 5117 αὒτῷ
2734 5044 2983 5117 κτήματα
3040 5042 3146 5098 ἀπὸ
3191 5043 3296 5098 τῶν
3354 5041 3578 5100 οἰκείων.
3614 5042 3688 5098 Τὰ
3719 5042 3820 5119 γὰρ
3850 5047 3920 5117 τῇ

2265 5131 2537 5208 ἐπισκοπῇ
2567 5137 2704 5208 μονῇ
2745 5133 3006 5212 προσόντα
3057 5133 3330 5205 κτήματα.
3375 5129 3759 5186 ἀναπόσπαστα
3788 5127 3918 5206 παρ’

2266 5225 2424 5296 αὐτῇ,
2452 5222 2525 5284 ὡς
2551 5219 2789 5300 εἴρηται,
2825 5221 2876 5284 ἐς
2906 5223 2968 5277 τὸ
3027 5218 3264 5288 διηνεκὲς
3323 5217 3558 5280 ἔσονται.
3612 5218 3709 5276 Καὶ
3749 5227 3920 5278 ταῦτα

2268 5312 2366 5385 μὲν
2397 5311 2512 5388 περὶ
2556 5311 2758 5368 τούτου.

1827 5483 2086 5547 νΑΒΙιΕ
2133 5477 2444 5546 LECTION
2463 5475 2569 5540 ES.

623 5580 670 5622 31
702 5595 1033 5664 κτητορικοῦ.

627 5717 651 5746 z
683 5690 969 5754 Mediocri
974 5700 1108 5754 tati.

540 5765 588 5806 δ’
615 5769 974 5848 gubernari.

1120 5583 1174 5627 δε
1202 5590 1536 5667 κτητορικόν,

1061 5785 1083 5816 ο
1111 5776 1444 5835 oratoriam
1470 5775 1674 5837 aedem.

1197 5706 1221 5738 ι
1249 5702 1560 5778 repetant._
1627 5711 1652 5752 δ
1683 5697 1847 5776 apud
1901 5695 2245 5778 episcopale
2297 5693 2730 5755 monasterium
2787 5691 2857 5755 S.
2921 5693 3232 5757 Demetrii
3283 5710 3521 5776 semper
3550 5691 3920 5756 indivulsas-
