4192 6220
311 359 432 425 817
746 372 792 432 2.
1629 363 1955 431 ΘΜΟΟδῙ

2039 361 2335 427 ΜΑΝΠΜ.
3570 354 3686 422 818

390 494 540 552 Ἐπεὶ
596 494 651 552 δὲ
713 499 801 554 καὶ
867 499 984 576 περὶ
1026 499 1205 579 ἑτέρας
1251 504 1418 575 μονῆς
1474 500 1707 580 ἀρχῆθεν
1775 497 1955 578 διαφε-

2120 493 2266 556 Cum
2298 501 2491 556 autem
2527 500 2585 556 et
2612 493 2688 555 de
2717 493 2831 556 alio
2855 493 3218 556 monasterio
3248 492 3592 580 pertinente
3609 489 3683 551 ab

312 584 504 662 ρούσης
574 591 643 663 τῇ
713 592 805 642 τοῦ
868 588 1148 663 Δομινίκου
1203 589 1493 666 ἐπισκοπῇ,
1553 579 1625 653 εἰς
1682 589 1955 668 Κρομποὺς

2045 580 2213 644 initio
2236 586 2307 644 ad
2338 581 2633 645 Dominici
2667 581 3015 663 episcOpen,
3048 582 3110 644 in
3139 581 3410 662 Crompis
3440 579 3682 661 quidem

312 672 411 749 μὲν
453 671 636 753 οὔσης,
668 673 753 731 ἐπ’
796 675 1018 751 ὀνόματι
1062 674 1116 733 δὲ
1174 683 1280 733 τῶν
1336 679 1497 755 ἁγίων
1542 677 1790 758 μεγάλων
1832 700 1955 755 μαρ-

2045 670 2387 745 exsistente,
2449 678 2656 733 ornato
2705 679 2902 733 autem
2950 678 3285 733 sanctorum
3339 687 3685 746 magnorum

309 763 481 841 τύρων
553 762 834 844 Θεοδώρων
886 765 1194 842 τιμωμένης
1253 766 1465 847 ἀνέυρερε
1522 774 1590 844 τῇ
1641 769 1795 842 ἡμῶν
1856 790 1955 844 με-

2046 767 2372 847 martyrum
2386 758 2762 822 Theodorum
2782 758 3451 830 nomine,mediocritati
3469 764 3687 820 nostra:

310 852 548 931 τριότητι
580 855 607 909 ὃ
649 855 803 918 αὐτὸς
859 852 1169 929 ἐπίσκοπος,
1227 858 1302 919 ὡς
1359 846 1569 936 φθάσειε
1611 857 1700 913 καὶ
1761 857 1955 924 ταύτην

2040 846 2198 908 idem
2232 847 2551 929 episcopus
2576 847 3086 936 retulerit,herum
3118 848 3285 910 illum
3314 848 3344 892 δ
3374 846 3683 908 dominum

314 942 342 997 ὁ
399 937 659 1008 δεσπότης
720 945 925 1005 ὲκε·’νος
995 944 1168 1023 κύριος
1251 935 1500 1013 Μανουὴλ
1554 946 1825 1002 ὑποθεῖναι
1884 946 1955 1008 εἰς

2039 935 2373 998 Manuelem
2405 937 2519 999 hoc
2547 935 2876 1015 subjecisse
2903 935 2963 997 in
3002 937 3363 999 metochium
3422 936 3679 1023 patriar:

315 1030 573 1108 μετόχιον
628 1037 694 1107 τῇ
762 1031 816 1088 ἐν
874 1039 951 1107 τῷ
1006 1032 1191 1108 θέματι
1249 1039 1356 1090 τῶν
1410 1032 1638 1113 Σερϐίων
1696 1056 1955 1113 πατριαρ-

314 1125 451 1198 χικῇ
494 1124 631 1195 μονῇ
660 1123 763 1177 τῶν
819 1121 982 1200 ἁγίων
1011 1120 1292 1200 Θεοδώρων
1325 1140 1340 1155 ⁸
1399 1125 1446 1179 οἱ
1502 1121 1556 1179 δὲ
1599 1124 1830 1203 μοναχοὶ
1856 1128 1955 1191 τῆς

311 1207 556 1275 τοιαύτης
626 1214 1016 1289 πατριαρχικῆς
1073 1216 1266 1291 μονῆς,
1337 1218 1427 1268 τοῦ
1488 1211 1776 1269 ἐπισκόπου
1832 1234 1957 1269 κατ-

314 1294 735 1371 εξανιστάμενοι,
781 1299 867 1354 καὶ
908 1299 1009 1365 τὴν
1066 1301 1222 1357 αὐτοῦ
1273 1299 1680 1375 ἀπαναινόμενοι
1724 1301 1957 1376 ποίμαν-

2038 1024 2195 1086 chali
2226 1024 2582 1087 monasterio
2612 1032 2954 1086 sanctorum
2998 1024 3446 1087 Theodororum
3478 1071 3494 1099 ,
3527 1022 3686 1104 quod

2038 1112 2197 1174 estin
2221 1112 2559 1176 Serviorum
2584 1113 2886 1192 provincia
2905 1133 2919 1148 ·
2952 1115 3280 1175 monachos
3302 1122 3501 1176 autem
3524 1111 3686 1174 illius

2037 1201 2811 1282 patriarchalis'monasterii
2831 1202 2891 1263 in
2911 1202 3256 1282 episcopum
3282 1202 3680 1281 insurgentes,

2040 1292 2287 1371 ejusque
2310 1291 2648 1372 passionem
2679 1291 3405 1366 renuentes°,relationem
3440 1291 3680 1370 quidem

313 1406 420 1463 σιν,
449 1384 547 1452 τὴν
578 1384 675 1459 μὲν
724 1385 985 1466 ἀναφορὰν
1036 1388 1193 1447 αὒτοῦ
1234 1388 1339 1445 ἀπὸ
1391 1395 1484 1445 τοῦ
1539 1388 1785 1467 ῥηθέντος
1840 1390 1954 1446 ἐπι-

2040 1380 2230 1459 ejusa
2262 1380 2539 1460 praedicto
2593 1379 2918 1459 episcOpali
2973 1379 3361 1451 monasterio,
3422 1378 3569 1459 ipsis
3597 1385 3685 1452 (ut

314 1482 569 1532 σκοπικοῦ
599 1477 970 1554 μοναστηρίου,
1003 1483 1095 1533 τοῦ
1153 1479 1225 1539 εἰς
1278 1478 1556 1556 μετόχιον,
1603 1481 1677 1543 ὡς
1720 1478 1953 1557 εἴρηται,

2040 1468 2263 1530 dictum
2295 1473 2404 1543 est)
2429 1469 2489 1530 in
2524 1467 2884 1529 metochium
2919 1487 3220 1542 concesso,
3258 1468 3493 1529 tandem
3529 1471 3683 1546 reje-

313 1558 610 1626 ἐκδοθέντος
663 1563 867 1635 αὐτοῖς,
917 1562 1096 1620 τέλεον
1138 1563 1424 1645 tensum,
1477 1566 1575 1633 τὴν
1631 1556 1955 1645 πατριαρχι-

2041 1558 2223 1630 cisse;
2259 1558 2704 1637 patriarchalem
2733 1565 2930 1619 autem
2962 1576 3069 1639 pro
3100 1574 3171 1620 ea
3223 1556 3625 1618 iutroduxisse
3660 1576 3674 1617 :

314 1651 417 1716 κήν
444 1647 500 1705 δὲ
529 1649 911 1730 ἀντεισήγαγον
944 1668 957 1682 ·
1019 1655 1106 1710 καὶ
1145 1655 1206 1709 τὸ
1234 1660 1471 1711 τοιοῦτον
1512 1656 1585 1718 ὡς
1616 1655 1955 1712 ἀκανόνιστον

2039 1665 2166 1709 rem
2195 1647 2557 1727 hujusmodi,
2593 1654 2659 1709 ut
2688 1646 3015 1708 cauonibus
3070 1647 3511 1720 adversantem,
3545 1664 3679 1707 om-

314 1738 487 1806 πάντη
518 1738 835 1818 ἀπείργουσα
863 1743 895 1809 ἡ
955 1743 1236 1818 μετριότης
1293 1745 1471 1823 ἡμῶν,
1529 1742 1823 1823 διορίζεται,
1883 1748 1955 1808 ὡς

2042 1736 2183 1797 nino
2213 1735 2569 1815 [prohibens
2621 1744 2821 1797 nostra
2874 1736 3201 1799 moderatio
3255 1734 3490 1810 deﬁnit,
3519 1735 3568 1795 si
3599 1741 3681 1809 (ut

314 1827 404 1883 ἐὰν
435 1829 527 1901 (ὡς
571 1831 600 1885 ὁ
630 1817 915 1895 ἐπίσκοπος
967 1832 1248 1911 ἀνήνεγκε)
1302 1817 1402 1911 πρὸ
1441 1817 1532 1890 τοῦ
1584 1817 1656 1898 είς
1699 1817 1955 1913 μετόχιον

2040 1825 2352 1905 episcopus
2376 1824 2601 1902 retulit)
2632 1823 3023 1906 Cromporum
3056 1824 3681 1897 monasterium,aute-

311 1916 627 1984 ὑποτεθῆναι
657 1924 725 1995 τῇ
755 1928 1063 2000 πατριαρχῇ
1095 1928 1254 1998 μονῇ,
1289 1923 1351 1977 τὸ
1381 1923 1453 1988 εἷς
1512 1923 1794 2001 Κρομποὺς
1847 1945 1953 1997 μο-

2039 1932 2211 1993 quam
2243 1913 2302 1974 in
2330 1913 2689 1975 metochium
2722 1914 3097 1994 patriarchali
3127 1913 3527 1992 subjiceretur
3558 1931 3677 1973 mo-

314 2006 594 2084 ναστήριον
625 2006 969 2065 ἐπισκοπικὸν
1010 2010 1100 2089 ἦν,
1159 2012 1245 2066 καὶ
1300 2011 1441 2089 παρὰ
1495 2019 1587 2069 τοῦ
1639 2011 1775 2069 κατά
1841 2033 1955 2067 και-

2040 2003 2321 2089 nasterio,
2386 2002 2719 2082 episcopale
2776 2003 2904 2075 fuit,
2959 2011 3017 2064 et
3070 2002 3146 2064 ab
3204 2002 3364 2063 illius
3396 2001 3684 2081 temporis

2038 2088 2345 2151 Dominico
2374 2090 2930 2168 regebaturmabeat
2957 2110 3190 2153 rursum
3227 2089 3539 2170 episcopus
3557 2108 3683 2169 pro-

2040 2177 2228 2259 priam
2260 2179 2321 2240 in
2353 2197 2421 2240 eo
2452 2180 2832 2257 relationem,
2880 2188 3078 2261 utpote
3130 2179 3433 2260 legitimus
3491 2178 3682 2240 antis-

2042 2276 2151 2328 tes.
2193 2271 2345 2331 Nam
2377 2268 2478 2349 qui
2506 2268 2652 2330 illud
2686 2270 2992 2330 monachis
3038 2269 3099 2329 in
3131 2267 3491 2330 metochium
3522 2268 3542 2310 ί
3560 2267 3680 2328 lar-

2038 2356 2193 2436 gitus
2234 2367 2342 2427 est,
2398 2357 2804 2438 pecuniarium
2833 2359 3025 2421 solum
3056 2357 3385 2418 dominium
3416 2357 3683 2418 tribuere

2043 2445 2374 2525 potuit,non
2405 2454 2596 2507 autem
2629 2445 2992 2527 spiritualem
3018 2446 3277 2527 episcopi
3302 2445 3678 2519 relationem,

2038 2542 2096 2594 et
2123 2533 2467 2595 animalium
2529 2544 2901 2615 peccatorum
2935 2535 3332 2612 cognitionem
3363 2533 3683 2605 g.Praedic-

2039 2633 2161 2684 tum
2192 2622 3172 2703 igitursanctorumTheodororum
3185 2622 3606 2684 monasterium
3624 2622 3685 2682 in

2038 2709 2310 2793 Crompis
2360 2711 2679 2786 situm,sub
2718 2713 3041 2794 episcopali
3086 2720 3370 2793 potestate
3397 2720 3454 2772 et
3479 2710 3681 2773 admi-

2040 2799 2388 2863 nistratione
2418 2800 2787 2862 dimittetur:
2820 2801 2935 2862 nisi
2970 2800 3377 2882 patriarchicae
3413 2798 3680 2860 mansio-

2035 2891 2128 2950 nis
2161 2888 2436 2950 monachi
2494 2891 2810 2952 ostcndere
2874 2889 3195 2971 potuerint,
3230 2890 3345 2951 tale
3377 2896 3678 2949 monaste-

313 2092 431 2171 ροὺς
462 2093 752 2155 ἐπισκόπου
797 2097 1077 2171 Δομινίκου
1104 2096 1396 2175 διεξήγετο,
1426 2098 1518 2155 ’ίνα
1565 2096 1671 2178 ἔχη
1698 2100 1787 2156 καὶ
1816 2099 1956 2164 αὖθις

313 2183 341 2237 ὁ
373 2181 665 2267 ἐπίσκοποςΔ
690 2184 788 2251 τὴν
817 2186 1011 2241 οἰκείαν
1038 2185 1301 2267 ἀναφορὰν
1356 2186 1411 2243 ἐν
1440 2186 1603 2261 αὐτῷ,
1635 2188 1708 2251 ὡς
1738 2188 1956 2265 γνήσιος

313 2269 611 2349 ἀρχιερεύς.
652 2263 708 2329 Ὀ
736 2273 836 2351 γὰρ
866 2263 1163 2337 ἐκδεδωκὼς
1211 2263 1367 2331 τοῦτο
1415 2288 1533 2339 τοῖς
1576 2263 1841 2354 μοναχοτς
1884 2276 1955 2339 εἷς

315 2359 595 2440 μετόχιον,
627 2360 727 2428 τὴν
786 2363 1130 2441 χρηματικῆν
1174 2364 1343 2438 μόνην
1390 2361 1693 2421 δεσποτείαν
1724 2361 1955 2423 ἐκδοῦναι

313 2445 560 2524 ἠδύνατο,
593 2451 652 2506 οὔ
680 2450 787 2526 μὴν
818 2448 871 2506 δε
926 2453 1014 2507 καὶ
1061 2452 1159 2520 τὴν
1211 2453 1572 2527 πνευματικὴν
1601 2452 1694 2509 τοῦ
1735 2451 1957 2509 ἐπισκό-

311 2559 411 2592 που
437 2537 719 2619 ἀναφορὰν,
752 2541 839 2595 καὶ
880 2540 978 2607 τὴν
1024 2548 1129 2597 τῶν
1172 2546 1419 2621 ψυχικῶν
1467 2539 1790 2621 σφαλμάτων
1820 2540 1955 2596 ἀνά-

310 2647 503 2703 κρισιν.
546 2626 783 2684 Ἐσεϊται
834 2634 956 2706 γοῦν
999 2631 1034 2697 ἡ
1063 2629 1288 2707 ῥηθεῖσα
1332 2635 1438 2686 τῶν
1468 2628 1631 2707 ἁγίων
1675 2626 1955 2707 Θεοδώρων

314 2719 453 2789 μονὴ
481 2717 516 2783 ἡ
562 2717 633 2781 εἰς
666 2718 943 2795 Κρομποὺς
970 2714 1299 2797 διακειμένη,
1333 2719 1435 2774 ὑπὸ
1476 2717 1573 2784 τὴν
1603 2715 1955 2786 ἐπισκοπικην

312 2800 539 2868 ἐξουσίαν
583 2806 672 2861 καὶ
738 2803 992 2873 διοίκησιν
1027 2823 1042 2839 ⁸
1102 2808 1146 2864 εἴ
1215 2807 1293 2883 μή
1349 2828 1465 2870 πως
1535 2803 1823 2873 δυνηθῶσιν
1907 2809 1954 2864 οἱ

310 2898 408 2960 τῆς
478 2899 870 2973 πατριαρχικῆς
947 2895 1113 2969 μονῆς
1184 2897 1415 2975 μοναχοὶ
1485 2891 1651 2961 δεῖξαι
1728 2896 1801 2957 ὡς
1866 2897 1954 2951 καὶ

310 2983 372 3037 τὸ
419 2989 656 3039 τοιοῦτον
724 2985 1074 3063 μοναστήριον
1131 2984 1396 3063 ἀνηγέρθη
1453 2982 1538 3040 ἐπὶ
1580 2984 1953 3080 σταυροπηγίω

2039 2978 2188 3039 rium
2221 2977 2329 3039 sub
2362 2997 2539 3039 cruce
2563 2978 2955 3060 patriarchica
2984 2976 3681 3058 exstructumfuisse.Ha-

310 3075 709 3151 πατριαφχικῴ.
748 3072 889 3152 Εἶχε
918 3075 1002 3153 τὸ,
1033 3074 1160 3149 μηνὶ
1204 3071 1427 3146 Ἰουλίῳ,
1473 3071 1836 3147 ἐπινεμήσεως
1867 3071 1949 3151 η’,

312 3157 396 3215 διὰ
421 3165 518 3228 τῆς
577 3161 970 3239 πατριαρχικῆς
1024 3162 1163 3226 θείας
1219 3162 1428 3241 χειρὸς,
1485 3162 1571 3217 καὶ
1600 3161 1697 3227 τὴν
1732 3162 1951 3240 κηρίνην

310 3250 567 3328 πρασίνην
600 3247 884 3330 σφραγῖδα.

734 3356 1014 3411 ΑΔΗΛΩΝ
1062 3358 1510 3416 ΠΑΤΡΙΑΡΧΩΝ.

317 3479 343 3511 ι
379 3447 444 3514 Α’
473 3462 576 3515 Τοῦ
605 3455 900 3535 ἁγιωτάτου
955 3455 1285 3535 πατριάρχου
1343 3456 1517 3533 κυρίου
1547 3456 1665 3535 περὶ
1693 3461 1792 3524 τῆς
1821 3456 1956 3517 κατὰ

388 3479 419 3514 a
474 3479 576 3515 'i'ou
605 3479 639 3512 α
677 3479 900 3512 ιωτατου
955 3479 1285 3535 πατριαρχου
1343 3479 1517 3533 κυριου
1547 3479 1665 3535 περι
1693 3479 1792 3524 της
1821 3479 1956 3517 κατα

388 3537 488 3604 τὴν
518 3479 766 3615 καθέέραν
797 3534 990 3616 τάξεως
1020 3542 1125 3591 τῶν
1169 3535 1579 3616 μητροπολιτῶν
1630 3537 1719 3592 καὶ
1763 3536 1956 3616 ἀρχιε-

390 3614 691 3696 πισκόπων,
737 3616 908 3678 καθὼς
937 3614 993 3671 ἐν
1024 3622 1102 3690 τῷ
1131 3614 1539 3696 χαρτοφυλακίῳ
1565 3614 1958 3695 ἐπαναγράιρον-

390 3719 505 3760 ται,
543 3718 566 3753 Ι

397 3787 552 3855 ’Ἔδει
599 3797 693 3859 τὰς
736 3795 918 3860 πόλεις
975 3795 1037 3852 αἲ
1074 3802 1151 3871 τῷ
1206 3802 1305 3864 τῆς
1374 3796 1770 3877 ἀρχιερωσύνης
1812 3818 1955 3853 τετι-

312 3908 510 3963 μηνται
555 3883 811 3961 ἀξιώματι
870 3886 957 3942 καὶ
1018 3888 1108 3949 αἶς
1166 3886 1292 3964 ἱεροὶ
1348 3885 1595 3961 ποιμένες
1650 3886 1791 3965 παρὰ
1858 3885 1956 3953 τῆς

312 3980 708 4056 πατριαρχικῆς
765 3974 1189 4054 προχειρίζονται
1246 3973 1437 4046 δεξιᾶς,
1515 3973 1755 4030 ἐνταυθοῖ
1836 3971 1954 4029 δια-

311 4067 616 4146 γράφεσθκι,
678 4063 856 4143 ὥσπερ
913 4065 1013 4120 τινὶ
1070 4062 1351 4140 οἰκουμένη
1424 4063 1651 4142 βραχείᾳ
1722 4083 1954 4142 συνεχο-

311 4154 494 4231 μένας,
549 4155 636 4210 καὶ
688 4160 763 4227 τῷ
821 4150 1128 4230 βουλομένῳ
1202 4150 1583 4229 ἀταλαιπώρως
1639 4171 1955 4230 προσφαινο-

311 4243 497 4319 μένας,
554 4248 633 4319 Τῇ
687 4242 787 4321 γὰρ
856 4241 1167 4317 ἀναιμάκτῳ
1247 4240 1546 4307 ἀνηκούσαις
1600 4238 1748 4318 ἀρχῇ
1807 4237 1954 4305 ἀξιό-

310 4353 487 4412 χρεων
545 4332 734 4393 ταύτας
790 4337 869 4405 τῷ
922 4327 1034 4404 ἰδίῳ
1075 4336 1227 4405 σηκῷ
1255 4330 1670 4385 κατατάττεσθαι
1706 4344 1721 4359 ⁸
1783 4330 1956 4386 ὡσαύ-

2037 3066 2162 3128 buit
2185 3066 2611 3148 subscriptum,
2647 3086 2854 3131 mense
2883 3069 3057 3143 Julio,
3094 3068 3422 3130 indictione
3452 3074 3678 3143 octava,

2036 3155 2415 3234 patriarchali
2471 3155 2671 3218 divina
2728 3175 2907 3219 manu
2935 3203 2953 3229 ,
3013 3165 3071 3219 et
3125 3173 3301 3221 cereo
3364 3154 3539 3217 viridi
3597 3152 3682 3216 si-

2036 3243 2173 3305 aillo
2205 3255 2257 3305 ιι.
3158 3300 3167 3303 -

2205 3263 2257 3310 ιι,
3158 3300 3167 3303 _

2035 3263 2173 3324 gum
2253 3345 2739 3411 INCERTORUM
2783 3344 3460 3411 PATRIARCHARUM.

2036 3448 2084 3511 Ι.
2116 3448 2505 3512 Sanctissimi
2555 3451 2917 3528 patriarcha
2966 3451 3235 3513 domini'
3276 3448 3351 3511 de
3398 3450 3683 3511 sessionis

2115 3529 2331 3591 ordine
2358 3529 2961 3610 metropolitanorum
2991 3538 3047 3592 et
3067 3529 3679 3608 archiepiscoporum,

2115 3615 2184 3671 ut
2208 3611 2275 3670 in
2303 3609 3276 3690 chartaphylacioﬁescribuntur.

2118 3788 2438 3870 Oportebat
2489 3790 2777 3868 civitates,
2828 3811 2961 3873 quae
3007 3791 3323 3856 antistitisi
3361 3789 3684 3870 dignitates

2039 3879 2331 3941 decorata;
2356 3887 2583 3960 sunt,et
2612 3880 2827 3960 quibus
2850 3881 3003 3943 sacri
3044 3889 3310 3962 pastores
3340 3880 3548 3941 dextra
3576 3898 3683 3959 pa-

2041 3967 2341 4030 triarchali
2375 3969 2799 4050 prwﬁciuntur,
2830 3970 2928 4032 hic
2949 3969 3404 4041 describi,velut
3426 3968 3681 4049 quodam

2040 4056 2203 4119 brevi
2233 4060 2378 4119 orbe
2409 4058 2887 4139 comprehensas,
2924 4071 2985 4121 et
3031 4059 3277 4122 cuilibet
3308 4058 3438 4120 sine
3468 4058 3675 4119 labore

2040 4145 2593 4227 conspicuas.Num,
2628 4156 2685 4210 et
2714 4167 2844 4229 qua;
2872 4148 2945 4209 ad
2978 4148 3353 4210 incruentum
3386 4147 3690 4229 pertinent

2040 4234 2456 4315 principatum,
2469 4237 2709 4318 proprio
2724 4246 2892 4318 septo
2902 4237 3204 4300 recenseri
3220 4246 3684 4299 consentaneum

2041 4330 2163 4385 est:
2191 4324 2275 4385 sic
2296 4324 2572 4387 omnibus
2602 4326 2736 4388 aliis
2762 4335 3134 4407 potestatem,
3163 4345 3295 4407 quae
3319 4326 3380 4387 in
3411 4325 3559 4405 ipsis
3593 4332 3689 4387 est

314 4381 481 4412 hrvw'
557 4381 638 4388 ’⁷⁷⁷
655 4381 733 4393 '—‘
803 4381 865 4405 'T
927 4381 1030 4404 'v'T
1081 4381 1223 4405 ""'T
1258 4381 1484 4385 ”’“’““““
1504 4381 1570 4384 ’⁷⁷
1591 4381 1667 4385 ⁷⁷⁷⁷
1788 4381 1922 4386 """

310 4442 414 4486 τως
441 4442 499 4476 τε
527 4421 615 4476 καὶ
644 4425 774 4476 πᾶσι
822 4432 942 4483 τοῖς
993 4417 1174 4483 ἄλλοις
1216 4418 1313 4485 τὴν
1359 4416 1444 4474 ἐπ’
1503 4421 1691 4480 αὐταῖς
1724 4415 1955 4481 ἐξουσίαν

2043 4431 2365 4493 earumque
2396 4415 2663 4476 ordinem
2699 4381 3075 4478 manifestum
3097 4381 3229 4477 essle
3259 4421 3319 4476 et
3345 4381 3689 4492 cogrnitufa-

308 4509 396 4565 καὶ
423 4510 519 4576 τὴν
573 4505 719 4574 τάξιν
773 4508 944 4567 αὐτῶν
1000 4508 1308 4566 εὐσύνοπτον
1359 4506 1499 4563 εἶναι
1554 4506 1641 4562 καὶ
1668 4506 1955 4584 εὖεπίγνω-

2043 4499 2389 4563 ci'em.Cum
2422 4501 2495 4564 iis
2524 4511 2882 4584 autem,quaa
2910 4503 2983 4564 ad
3028 4502 3317 4564 orientem
3348 4502 3569 4574 solem,
3598 4517 3684 4561 eae

310 4619 455 4655 στον.
491 4598 591 4653 Σὺν
645 4609 767 4661 ταῖς
825 4597 953 4675 πρὸς
985 4594 1271 4675 ἀνίσχοντα
1312 4593 1366 4651 δὲ
1409 4593 1585 4668 ἥλιον,
1630 4596 1719 4651 καὶ
1747 4597 1799 4651 αἱ
1828 4596 1955 4673 πρὸς

2042 4608 2171 4670 qua:
2200 4590 2271 4652 ad
2290 4590 3409 4672 occasum,describuntur.Jampridem
3430 4588 3588 4649 enim
3612 4587 3685 4648 ad

309 4684 560 4761 δυόμενον
612 4685 1061 4764 καταγράφονται,
1151 4683 1245 4741 Ἐκ
1325 4681 1555 4740 παλαιοῦ
1628 4683 1727 4763 γὰρ
1799 4684 1957 4749 αὐτὰς

308 4775 456 4831 οὔπω
525 4772 685 4853 μέχρι
741 4777 840 4842 τῆς
898 4770 1047 4850 δεῦρο
1109 4785 1231 4836 ταῖς
1288 4770 1472 4836 ἄλλαις
1534 4772 1952 4853 συντετάχαμεν,

310 4867 385 4919 ῶν
442 4865 489 4919 οἱ
546 4864 643 4931 τήν
703 4860 940 4942 ἔφορείαν
1008 4861 1412 4937 πεπιστευμένοι
1482 4862 1637 4929 ἡνίκα
1706 4860 1955 4939 καθέδρας

310 4952 489 5027 καιρὸς
561 4948 762 5025 ἐκάλει,
829 4951 973 5030 παρά
1015 4957 1121 5007 τῶν
1179 4952 1458 5028 ὁμοταγῶν
1513 4947 1810 5022 διωθοῦντο,
1871 4951 1956 5007 καὶ

307 5042 571 5097 ἀντώθουν
622 5039 860 5116 τούτους,
920 5049 1017 5121 φεῦ
1071 5041 1170 5105 τῆς
1226 5036 1471 5116 ὕϐρεωςί
1530 5044 1608 5111 τῷ
1648 5035 1753 5111 ἴσῳ
1781 5036 1955 5117 μέτριρ

308 5134 408 5197 τῆς
452 5126 808 5198 ὲπιπλήξεως.
874 5127 1023 5185 Ἀλλ’
1091 5127 1183 5206 ὅγε
1228 5125 1572 5208 φιλόχριστος
1628 5123 1953 5192 πανευσεϐὴς

310 5215 556 5294 βασιλεὺς
608 5218 764 5290 ἡμῶν
847 5216 1180 5294 προῦκάθητο
1238 5215 1334 5290 μὲν
1388 5214 1500 5290 ἅμα
1554 5215 1691 5287 ἡμῖν
1759 5212 1812 5268 ἐν
1881 5219 1957 5287 τῷ

310 5303 582 5381 σεϐασμίῳ
637 5312 746 5380 ναῷ
815 5305 912 5373 τῆς
968 5306 1119 5384 ἁγίας
1179 5305 1433 5383 Εἰρήνης,
1493 5303 1649 5371 ἡνίκα
1726 5323 1784 5358 τε
1853 5308 1958 5359 τῶν

310 5393 561 5471 ἀοιδίμων
657 5399 1001 5474 πατριαρχῶν
1080 5395 1300 5471 μνήμην
1383 5389 1732 5466 ἐπετελοῦμεν
1764 5434 1779 5450 .
1868 5392 1959 5448 σὺν

2041 4678 2391 4741 hodiernum
2423 4682 2584 4744 diem
2608 4682 2869 4743 nondum
2893 4682 3022 4743 aliis
3057 4678 3579 4743 annumeravimus
3607 4676 3687 4738 il-

2040 4769 2125 4829 las
2156 4787 2401 4849 quarum
2428 4770 2528 4850 qui
2562 4771 2742 4831 tutela
2793 4777 3201 4850 susceperunt,
3235 4786 3369 4828 cum
3402 4765 3686 4827 sessionis

2042 4865 2274 4937 tempus
2304 4858 2566 4932 vocabat,
2600 4857 2672 4920 ab
2722 4857 2991 4940 ejusdem
3038 4856 3266 4918 ordinis
3311 4853 3680 4917 antistitibus

2040 4945 2267 5026 expulsi
2299 4953 2642 5026 sunt,eteos
2666 4946 3109 5027 vicissim,prob
3139 4945 3330 5007 dolor!
3362 4943 3488 5025 pari
3515 4943 3679 5004 indi-

2037 5032 2328 5114 gnationis
2360 5052 2639 5096 mensura
2669 5034 3171 5116 expulerunt.Sed
3201 5031 3685 5114 religiosissimus

2039 5121 2256 5185 Christi
2270 5122 2800 5205 cultor,imperalor
2811 5124 3101 5201 noster,in
3113 5123 3451 5187 venerando
3467 5130 3687 5184 sancta;

2037 5209 2238 5282 Irenan
2261 5209 2479 5290 templo
2510 5209 2684 5272 simul
2711 5212 3022 5275 nobiscum
3047 5211 3422 5294 praesidebat,
3448 5210 3686 5292 quando

2041 5298 2581 5379 etiaminclytorum
2602 5301 3068 5381 patriarcharum
3088 5302 3451 5364 mentionem
3466 5301 3687 5362 facere-

2043 5406 2211 5451 mus:
2244 5407 2377 5450 cum
2410 5407 2480 5451 eo
2503 5397 2703 5452 autem
2735 5400 2795 5453 et
2815 5390 2939 5454 Deo
2969 5389 3368 5474 acceptissimi
3390 5397 3683 5470 metropo-

1631 5548 1885 5613 VARLE
1930 5548 2362 5615 LECTIONES.

384 5665 408 5707 ά
446 5661 780 5745 Despotam_
821 5659 1020 5724 illum.
1065 5741 1075 5745 Α
1130 5658 1546 5745 {pastoralem

307 5738 588 5809 examen:
676 5748 702 5791 ιι
731 5743 985 5806 (loreum
1013 5738 1212 5806 viride
1238 5740 1537 5825 sigillum.
1621 5738 1979 5821 ipontificis.

1618 5657 2154 5739 gubernationan
2233 5653 2370 5739 {Ad
2421 5658 2891 5738 usumfructum.
2974 5688 3004 5732 ε
3031 5634 3279 5725 Anima
3331 5658 3683 5723 delictorum

2060 5739 2078 5793 i
2106 5734 2315 5800 Pacis.
