4192 6220
462 352 579 418 823

463 576 868 651 Laodicensis,
903 576 1117 638 Paulus
1146 573 1755 649 Xeensis,Dioscorus
1782 572 2112 648 Hermopoo

464 668 706 747 litanus,
736 664 1048 727 Probatius
1078 663 1527 736 Beronicensis,
1579 661 1928 725 Theodorus
1983 660 2113 747 Mc-

465 746 843 838 psuestenus,
872 751 1833 832 BizusSeleuciensis,Epagathus
1864 746 2115 838 Marcia-

466 835 862 924 nopolitanus,
909 841 1227 905 Gerontius
1281 840 1852 921 Claudiopolitanus,
1899 835 2117 915 aliique

463 929 682 995 diversi
719 928 1007 1010 episcopi,
1043 937 1101 992 et
1128 928 1507 992 sacerdotum
1547 936 1733 990 coetus
1764 924 2109 987 universus:

462 1019 745 1101 ingressis
772 1017 1033 1082 Gabadio
1063 1029 1121 1081 et
1150 1018 1394 1099 Agapio,
1449 1016 1760 1081 Nectarius
1800 1014 2116 1095 episcopus

465 1107 1151 1189 Constantinopolitanus
1183 1106 1335 1168 dixit
1365 1126 1377 1166 :

547 1284 691 1349 Cum
719 1285 847 1347 haec
897 1302 1062 1345 sacra
1108 1284 1367 1365 synodus
1419 1301 1526 1363 per
1556 1282 1664 1346 Dei
1697 1278 1943 1358 gratiam
1974 1292 2112 1365 rur-

1821 350 1853 411 J
1858 346 1951 410 US
1998 344 2445 416 CANONICUM

463 489 649 552 terius
677 487 1010 563 Tarsensis,
1040 486 1254 549 Luvlns
1300 483 1806 564 Hierapolitanus,
1843 478 2112 561 Elpidius
2132 488 2176 538 Α
2201 472 2499 560 ’Ἄμμωνος

3724 354 3841 422 824

2625 484 3134 569 Ἀδριανουπόλεως,
3244 490 3501 571 Φαλερίου
3613 499 3843 572 Θαρσοῦ,

2201 574 2418 634 Λουκίου
2481 566 2850 657 (Ιεραπόλεως,
2907 576 3171 637 Ἐλπιδίου
3230 566 3558 653 Λαοδικείας,
3636 566 3846 638 uisio;

2199 662 2373 737 Ξέως,
2442 666 2725 746 Διοσκόρω
2796 658 3219 746 Ἐρμουπόλεως,
3286 666 3572 731 Ποοϐατίου
3626 670 3846 747 Βερονί-

2196 774 2321 831 κης,
2410 752 2676 833 Θεοδώρου
2762 756 3146 832 Μοψουεστίας,
3247 758 3422 830 Βίζου,
3509 755 3845 829 Σελευκείας,

2200 836 2494 921 Ἐπαγάθου
2579 842 3111 923 Μαρκιανουπόλεως,
3225 846 3496 923 Γεροντίου
3578 844 3851 904 Κλαυδια-

2200 929 2521 1008 νουπόλεως,
2607 934 2695 989 καὶ
2778 933 2969 1014 ἐτέρων
3024 931 3284 1014 διαφόρων
3356 931 3680 1005 ἐπισκόπων,
3757 935 3853 990 καὶ

2203 1026 2398 1083 παντὸς
2427 1030 2520 1080 τοῦ
2546 1023 2820 1103 ἱερατείου,
2876 1024 2966 1079 καὶ
3022 1016 3359 1081 εἶσελθόντων
3416 1020 3689 1098 Γαϐαδίου,
3748 1022 3851 1079 καὶ

2198 1104 2473 1187 Ἀγαπίου,
2549 1112 2834 1191 Νεκτάριος
2906 1110 3189 1176 ἐπίσκοπος
3237 1110 3851 1174 Κωνσταντινουπόλεως

2202 1197 2327 1254 εἶπε
2348 1214 2361 1229 ⁸

2278 1293 2383 1354 Τῆς
2421 1289 2573 1368 ἁγίας
2625 1290 2821 1359 ταύτης
2870 1290 3084 1349 συνόδου
3139 1290 3275 1348 κατά
3322 1292 3455 1348 Θεοῦ
3499 1290 3661 1370 χάριν
3689 1288 3856 1347 πάλιν

466 1393 567 1439 sus
598 1374 659 1435 in
693 1374 808 1435 hoc
859 1378 1060 1433 saneto
1103 1363 1231 1433 loco
1277 1372 1527 1434 collecta
1578 1370 1674 1459 sit,
1720 1369 1989 1449 plaeetne
2018 1363 2110 1459 ei-

2211 1399 2248 1433 :v
2291 1384 2368 1452 τῷ
2409 1363 2543 1457 ἁγίῳ
2588 1378 2739 1452 τόπῳ
2796 1380 2966 1456 τούτῳ
3020 1378 3452 1459 συνειλεγμένης,
3503 1363 3556 1435 ἐἰ
3582 1363 3593 1369 η
3629 1376 3857 1454 δοκιμά⁶

466 1466 604 1528 dem
634 1469 967 1524 sanctorum
1000 1460 1243 1522 fratrum
1275 1468 1338 1522 et
1359 1458 1901 1521 comministrorum
1919 1452 2090 1515 conci

2211 1472 2270 1535 ζει
2339 1468 2374 1533 ἡ
2435 1452 2567 1535 αὕτη
2623 1473 2728 1525 τῶν
2784 1452 2949 1547 ὁιγίων⁷
2998 1452 3377 1550 ἀδελφῶν-καὶ
3419 1452 3844 1544 συλλειτουργῶν

466 1550 1055 1632 lio,quandoquidem
1077 1556 1313 1611 stantes
1336 1549 1431 1610 hic
1452 1549 1622 1609 video
1652 1547 1864 1609 fratres
1884 1549 2115 1637 nostros

2211 1553 2429 1628 τύνοδος,
2476 1554 2656 1625 ἐπειδὴ
2709 1559 2795 1615 καὶ
2857 1557 3090 1621 ἑστῶτας
3139 1547 3246 1637 ί)ρῶ
3285 1557 3407 1619 τοὺς
3452 1553 3859 1636 διαφερομέιους

468 1631 797 1705 Gabadium
846 1644 907 1700 et
952 1638 1238 1718 Agapium
1287 1638 1387 1718 qui
1422 1638 1496 1699 de
1526 1638 1950 1726 Bostrenorum
1982 1631 2115 1710 epi-

2211 1645 2325 1721 πρὸς
2359 1644 2571 1707 ἑαυτοὺς
2602 1647 2718 1725 περὶ
2743 1646 2837 1715 τῆς
2868 1631 3182 1726 Βοστρηνῶν
3210 1646 3501 1713 ἐπισκοπῆς
3678 1642 3847 1701 ἀδελ-

470 1736 681 1811 c0patu
711 1728 865 1789 inter
893 1746 958 1789 se
987 1726 1303 1807 dissident,
1335 1734 1397 1788 ut
1426 1726 1500 1787 de
1526 1724 1765 1805 juribus
1795 1721 1920 1783 suis
1940 1736 2115 1800 agere

2211 1733 2323 1811 ρους
2352 1734 2504 1808 ἡμῶν
2536 1721 2786 1790 Γαϐάδιον
2814 1736 2901 1791 καὶ
2932 1721 3212 1813 Ἀγάπιον,
3250 1740 3357 1791 τῶν
3399 1734 3531 1812 πρὸς
3576 1731 3854 1803 ἀλλήλους

470 1817 758 1899 incipiant
777 1814 802 1879 ?

550 1892 635 1971 Ac
691 1913 1001 1988 postquam
1058 1913 1191 1967 acta
1245 1905 1511 1985 quaedam
1545 1903 1617 1965 ab
1651 1902 1736 1963 eis
1787 1904 2012 1969 essent,
2044 1892 2117 1988 ad

472 1982 741 2060 eamdem
774 1982 1014 2057 causam
1046 1982 1427 2075 pertinentia,
1462 2002 1520 2054 et
1546 1991 1843 2053 insinuata
1872 1982 2118 2075 deposi-

471 2088 554 2148 tio
585 2085 729 2148 dicti
753 2084 1025 2159 Gabadii,
1050 2074 1208 2145 tacta
1238 2101 1345 2163 per
1375 2083 1524 2144 duos
1554 2082 1836 2143 duntaxat
1880 2074 2116 2163 episco_-_

472 2194 600 2258 pos,
635 2192 878 2255 eosque,
917 2175 1041 2254 jam
1093 2159 1522 2246 vita'functos,
1579 2169 1848 2250 ejusdem
1880 2159 2119 2258 concilii

476 2251 787 2346 tempore}
818 2251 1153 2325 Arabianus
1182 2261 1499 2342 episcopus
1528 2259 1872 2339 Ancyrauus
1923 2251 2070 2314 dixit
2100 2266 2114 2310 :

553 2440 683 2504 Non
715 2440 791 2502 de
820 2439 1099 2519 praesenti
1153 2438 1438 2500 duntaxat
1494 2436 1623 2512 lite,
1689 2434 1793 2497 sed
1840 2430 2015 2494 etiam
2046 2425 2123 2488 de

476 2529 640 2593 omni
671 2528 1012 2610 posteritate
1041 2527 1356 2601 sollicitus,
1389 2527 1474 2588 uti
1507 2526 1583 2588 de
1611 2528 1724 2588 hoc
1754 2529 1955 2610 sancta
1985 2533 2123 2596 syn-

478 2619 627 2682 odus
650 2608 954 2693 decernat,
993 2624 1150 2696 peto.
1188 2616 1464 2678 Liceatne
1505 2614 1637 2677 ficti
1694 2608 2126 2693 depositionem

477 2727 513 2770 a
541 2706 774 2768 duobus
805 2704 1127 2785 episcopis,
1163 2703 1396 2766 necne?
1420 2723 1559 2766 num
1593 2703 1875 2764 adversus
1904 2696 2125 2785 abseno

479 2804 600 2859 tem
630 2795 692 2856 id
726 2780 861 2856 ﬁeri
899 2780 1095 2867 liceat,
1130 2811 1322 2854 necne
1344 2792 1374 2851 ?
1404 2792 1641 2853 Nullum
1697 2792 1809 2851 hoc
1841 2780 2124 2868 prmjudi-

479 2884 637 2947 cium
694 2883 768 2945 ad
826 2900 1064 2943 causam
1125 2887 1477 2961 praesentcm
1556 2878 1841 2941 attulerit.
1902 2876 2129 2934 Vereor

2203 1820 2504 1901 ἐνάρξασθαι
2534 1820 2753 1879 δικαίων
2787 1841 2803 1903 ;

2284 1912 2381 1969 Καὶ
2424 1911 2557 1987 μετά
2598 1914 2659 1967 τὸ
2714 1913 3019 1992 πραχθῆναί
3088 1933 3206 1968 τινα
3266 1911 3391 1991 παρ’
3436 1911 3629 1984 αὐτῶν,
3688 1909 3855 1989 χάριν

2202 2006 2299 2067 τῆς
2372 2002 2533 2069 αιότῆς
2591 2001 2910 2072 ὑποθέσεως,
2962 2002 3051 2057 καὶ
3106 2000 3488 2082 ἐμφανισθῆναι
3554 1999 3855 2077 καθαίρεσιν

2200 2100 2293 2149 τοῦ
2319 2090 2564 2167 ῥηθέντος
2607 2086 2881 2169 Γαϐαδίου,
2946 2089 3236 2168 γενομένην
3304 2091 3406 2145 ὑπὸ
3474 2087 3563 2145 δύο
3616 2089 3704 2144 καὶ
3742 2087 3856 2162 μό-

2202 2200 2303 2234 νων
2332 2177 2658 2255 ἐπισκόπων,
2710 2184 2818 2236 τῶν
2873 2179 2962 2236 καὶ
3012 2176 3466 2246 τετελευτηκότων
3535 2174 3660 2248 ἤδη,
3709 2176 3853 2232 κατά

2201 2270 2291 2324 τὸν
2319 2269 2500 2346 καιρὸν
2527 2273 2625 2335 τῆς
2674 2272 2839 2334 αὐτῆς
2887 2265 3120 2331 συνόδου,
3179 2265 3488 2348 Ἀραϐιανὸς
3557 2265 3851 2328 ἐπίσκοπος

2206 2353 2460 2435 Ἀγκύρας
2491 2357 2647 2413 τῖπεν
2679 2372 2694 2387 '

2286 2445 2357 2503 Οὔ
2387 2450 2483 2513 τῆς
2540 2448 2809 2523 παρούσης
2864 2444 3018 2503 ἕνεκα
3072 2443 3247 2521 δίκης,
3301 2443 3440 2501 ἀλλά
3493 2450 3584 2500 τοῦ
3638 2440 3851 2521 ἐφεξῆς,

2207 2536 2319 2612 βίου
2359 2536 2555 2599 παντὸς
2611 2533 2880 2609 δεδοικὼς,
2936 2539 3093 2591 τοῦτο
3134 2532 3263 2599 ἀξιῶ
3310 2534 3408 2600 τὴν
3456 2532 3608 2611 ἁγίαν
3639 2528 3857 2589 σύνοδον

2209 2622 2525 2691 διαλαλῆσαι
2562 2640 2576 2655 ·
2637 2612 2853 2689 ’Ἔξεστι
2910 2621 3149 2702 γενέσθαι
3205 2623 3499 2698 καθαίρεσιν
3554 2619 3696 2698 παρά
3765 2616 3859 2675 δύο

2212 2710 2537 2786 ἐπισκόπων,
2583 2711 2620 2780 ἢ
2650 2710 2755 2792 οὸ;
2814 2713 2903 2769 καὶ
2943 2711 3080 2768 κατὰ
3137 2709 3364 2774 ἀπόντος
3419 2707 3638 2783 ἔξεστιν,
3670 2706 3707 2775 ἢ
3750 2706 3853 2785 οὖς

2209 2799 2365 2858 Οὒδὲν
2407 2800 2675 2879 πρόκριμα
2734 2802 2861 2880 πρὸς
2928 2800 3028 2866 τὴν
3082 2798 3345 2875 παροῦσαν
3415 2798 3679 2857 ὑπόθεσιν,
3743 2794 3852 2850 Δέ-

2209 2888 2357 2945 δοικα
2399 2887 2477 2961 δὲ,
2512 2891 2589 2964 μὴ
2619 2890 2679 2947 ἐκ
2725 2895 2831 2945 τῶν
2885 2888 3284 2963 ὑπομνημάτων
3310 2886 3504 2944 τούτων
3554 2886 3691 2951 τινὲς
3745 2882 3855 2940 λα-

480 2981 704 3050 autem,
757 2990 833 3034 ne
881 2971 971 3031 his
1020 2990 1090 3034 ex
1149 2969 1551 3031 monumentis
1610 2967 1795 3047 aliqui
1842 2965 2126 3046 potestate

2211 2976 2424 3053 ϐόμενοι
2495 2976 2747 3054 ἐξουσίας,
2825 2986 3040 3036 τοιαῦτα
3097 2974 3455 3053 τολμήσωσιν.
3504 2973 3660 3041 Ἀξιῶ
3712 2974 3851 3048 ὑμᾶς

480 3068 783 3143 usurpata,
816 3060 1107 3141 ejusmodi
1140 3066 1393 3121 tentent.
1429 3060 1591 3137 Rogo
1628 3076 1724 3120 vos
1773 3063 1838 3117 ut
1877 3067 2126 3130 respon-

2215 3050 2587 3144 ἀποκρίνασθαι
2597 3112 2609 3126 .

479 3152 690 3215 deatis.

560 3239 874 3305 Nectarius
902 3239 1216 3320 episcopus
1245 3236 1779 3318 Constantinopolis
1810 3229 2128 3296 dixitzLau-

481 3330 758 3395 dabiliter
787 3329 1015 3392 monuit
1061 3327 1591 3391 reverendissimus
1633 3325 1944 3407 episcopus
1973 3322 2127 3384 Ara-

482 3420 715 3483 bianus.
787 3417 903 3482 Sed
963 3436 1096 3480 cum
1176 3417 1252 3480 lis
1308 3434 1415 3497 Per
1486 3414 1923 3478 confessionem
2006 3407 2130 3470 tolli

482 3518 761 3591 nequeat,
822 3507 1190 3589 praeteritum
1241 3524 1360 3567 non
1413 3504 1903 3581 condemnantes,
1935 3500 2129 3561 futuro

484 3616 823 3662 caveamus.

561 3686 912 3749 Arabiamns
961 3685 1278 3766 episcopus
1333 3684 1682 3765 Ancyranus
1731 3679 1925 3742 dixit:
1961 3677 2129 3751 Quod

483 3774 791 3859 praeteriit,
847 3781 1187 3835 sanctorum
1244 3772 1456 3835 Nicaea),
1512 3779 1851 3834 coactorum
1896 3771 2126 3829 Patrum

483 3857 744 3945 synodus
771 3861 1151 3937 condemnat,
1186 3881 1316 3941 quae
1349 3861 1637 3943 praecipit,
1691 3879 1766 3921 ne
1826 3857 2133 3939 pauciores

485 3952 606 4015 sint
634 3949 846 4026 tribus,
882 3949 984 4030 qui
1011 3950 1289 4011 ordinant
1341 3968 1452 4012 nec
1510 3949 1569 4009 id
1620 3949 1834 4009 faciant
1888 3946 2132 4008 absente

487 4037 962 4119 metropolitano.
987 4038 1112 4118 Ego
1134 4055 1273 4101 vero
1304 4039 1377 4100 de
1410 4037 1603 4099 futuro
1635 4036 1947 4109 sollicitus,
1982 4035 2134 4095 hanc

484 4125 1012 4206 interrogationem
1067 4126 1371 4207 preposui.
1426 4125 1797 4205 Quapropter
1850 4141 2017 4199 rogo,
2073 4128 2137 4181 ut

486 4218 802 4299 perspicue
830 4222 1176 4290 statuamus,
1209 4233 1328 4276 non
1359 4232 1649 4294 suspense
1690 4231 1804 4275 nec
1834 4209 2132 4290 ambigue,

487 4305 644 4389 quod
680 4324 798 4367 non
824 4304 1003 4366 liceat
1031 4323 1066 4365 a
1094 4303 1328 4365 duobus
1382 4302 1729 4365 hominibus
1788 4300 2135 4381 episcopum

2290 3243 2571 3323 Νεκτάριος
2644 3244 2927 3308 ἐπίσκοπος
2995 3239 3603 3307 Κωνσταντινουπόλεως
3674 3240 3854 3300 εἶπεν.

2210 3333 2533 3397 Ἐπαινετῶς
2618 3335 2943 3413 εἰσηγήσατο
3026 3336 3053 3390 δ
3138 3329 3511 3393 εύλαϐέστατος
3567 3329 3856 3391 ἐπίσκοπος

2215 3418 2544 3501 Ἀραϐιανός.
2578 3424 2649 3479 Οὐ
2696 3423 2803 3499 μὴν
2844 3421 3134 3494 δυναμένης
3192 3418 3340 3488 δίκης
3396 3417 3856 3497 ἐξωμολογῐγίσθαι³

2210 3512 2270 3566 τὸ
2316 3509 2571 3590 παρελθὸν
2630 3512 2708 3587 μή
2760 3512 3180 3591 κατακρίνοντες,
3240 3510 3301 3566 τὸ
3358 3507 3481 3575 ἑξῆς
3538 3505 3856 3586 ἀσφαλισώ-

2213 3603 2343 3676 μεθα
2356 3650 2369 3663 ,

2296 3688 2604 3768 Ἀραϐιανὸς
2662 3690 2944 3753 ἐπίσκοπος
2986 3686 3247 3768 Ἀγκύρας
3319 3686 3444 3742 εἶπε
3478 3704 3490 3718 ·
3568 3687 3640 3743 Τὸ
3713 3706 3859 3759 παρ-

2214 3778 2361 3836 ελθὸν
2404 3780 2437 3845 ἡ
2469 3781 2572 3836 τῶν
2622 3780 2891 3858 μακαρίων
2935 3777 3179 3858 Πατέρων
3235 3781 3342 3832 τῶν
3386 3775 3440 3831 ἐν
3496 3773 3683 3846 Νικαίᾳ
3725 3774 3858 3829 σύν-

2215 3867 2331 3932 οδος
2388 3868 2711 3948 κατακρίνει,
2781 3870 2816 3937 ἡ
2886 3866 3171 3923 κελεύουοα
3240 3866 3319 3941 μὴ
3393 3862 3640 3927 ἐλάττους
3711 3863 3856 3919 εἶναι

2213 3965 2371 4039 τριῶν
2427 3960 2545 4023 τοὺς
2605 3966 3059 4039 χειροτονοῦντας,
3132 3954 3267 4032 μηδὲ
3352 3955 3578 4018 ἀπόντος
3650 3977 3858 4034 μητρο-

2214 4048 2453 4109 πολίτου.
2485 4056 2587 4106 Τοῦ
2626 4046 2680 4104 δὲ
2723 4047 3012 4124 μέλλοντος
3070 4046 3247 4103 ἕνεκεν
3296 4042 3541 4108 δεδοικὼς
3585 4043 3715 4123 ἐγὼ,
3760 4044 3864 4103 τὴν

2216 4138 2471 4216 ἐρώτησιν
2542 4139 2904 4213 ἐποιησάμην.
2963 4134 3123 4201 Ἀξιῶ
3178 4134 3266 4192 οὖν
3307 4134 3443 4209 ὑμᾶς
3499 4138 3680 4213 σαφῶς
3736 4130 3859 4187 δια-

2215 4225 2463 4299 λαλῆσαι,
2538 4229 2626 4285 καὶ
2698 4228 2834 4301 μήτε
2920 4223 3256 4305 ἠρτημένως,
3320 4223 3455 4298 μήτε
3523 4218 3858 4300 ἀμφιϐόλως,

2216 4314 2352 4372 ὥστε
2411 4316 2488 4391 μὴ
2533 4314 2728 4381 ἐξεῖναι
2784 4316 2886 4371 ὑπὸ
2943 4312 3033 4370 δύο
3078 4312 3362 4392 ἀνθρώπων
3413 4310 3549 4385 μήτε
3606 4330 3861 4389 χειροτο-

485 4393 772 4470 ordinari,
804 4412 917 4456 nec
947 4392 1188 4473 deponi,
1264 4391 1517 4455 Nicaeum
1549 4389 1759 4473 synodi
1808 4390 2126 4451 auctorita-

2216 4389 2421 4460 νεῖσθαι
2464 4406 2601 4480 μήτε
2643 4406 2999 4483 καθαιρεῖσθαι
3072 4389 3378 4478 ἐπίσκοπον,
3422 4396 3716 4462 ἀκολούθως
3788 4404 3861 4474 τῇ

488 4491 607 4547 tem
637 4482 699 4544 in
729 4483 841 4545 hoc
871 4484 1205 4563 sequendo.
1716 4524 1723 4531 -

571 4574 706 4634 Post
733 4570 870 4653 alia,
916 4568 1283 4652 TheOphilus
1326 4568 1644 4651 episcOpus
1694 4566 2134 4631 Alexandrinus

488 4660 637 4724 dixit
671 4681 685 4721 :

569 4748 656 4811 De
700 4748 947 4811 mortuis
994 4748 1123 4810 ﬁeri
1166 4746 1370 4827 nequit
1418 4756 1484 4811 ut
1531 4745 1953 4826 indignationis
1989 4762 2132 4807 sen-

486 4836 674 4900 tentia
705 4836 952 4920 feratur,
985 4836 1466 4919 quandoquidem
1497 4856 1617 4898 non
1649 4843 1969 4917 praesentes
2004 4840 2141 4895 sunt

488 4926 894 4989 condemnati.
936 4925 1159 4989 Verum
1221 4930 1267 4986 si
1326 4925 1523 4987 futura
1582 4926 1718 5007 quis
1776 4923 2135 4997 considerat,

488 5014 769 5077 nimirum
826 5015 928 5097 qui
981 5015 1287 5097 deponere
1344 5013 1627 5091 debeant,
1692 5012 1838 5075 mihi
1895 5011 2135 5093 quidem

487 5103 742 5177 videtur,
800 5123 921 5166 non
972 5104 1164 5167 solum
1219 5112 1339 5165 tres
1384 5103 1598 5166 adesse
1659 5103 1904 5177 debere,
1934 5119 2138 5164 verum

490 5192 667 5256 etiam
697 5193 763 5273 (si
793 5193 925 5256 ﬁeri
955 5193 1161 5274 possit)
1192 5192 1503 5254 universos
1534 5192 1850 5273 episcopos
1894 5190 2138 5271 provin-

489 5280 691 5356 ciales,
731 5290 798 5345 ut
826 5281 1087 5363 plurium
1139 5282 1365 5344 calculo
1415 5281 1835 5344 condemnatio
1880 5279 2139 5342 hominis

488 5368 864 5450 depositione
918 5369 1083 5449 digni
1130 5370 1344 5450 majori
1400 5388 1536 5432 cum
1579 5369 1955 5432 accuratione
2011 5368 2132 5445 ﬁat,

490 5457 668 5521 etiam
697 5477 804 5521 reo
834 5465 1149 5539 praesente.

569 5544 879 5610 Nectarius
933 5546 1248 5629 episcopus
1303 5546 1842 5626 Constantinopolis
1912 5544 2060 5608 dixit
2116 5565 2129 5609 :

488 5633 682 5711 Quum
709 5634 987 5717 legitima;
1034 5636 1184 5698 ﬁunt
1232 5635 1631 5718 expositiones
1660 5643 1836 5717 atque
1866 5634 2128 5711 decreta,

2213 4491 2268 4547 ἐν
2300 4494 2488 4565 Νικαίᾳ
2516 4491 2737 4567 συνόδῳ.

2299 4582 2395 4638 Καὶ
2444 4581 2558 4657 μεθ’
2618 4580 2789 4661 ἕτερα,
2850 4578 3101 4661 Θεόφιλος
3144 4577 3426 4641 ἐπίσκοπος
3469 4572 3859 4655 Ἀλεξανδρείας

2217 4669 2369 4725 εἶπεν
2409 4686 2423 4700 ·

2303 4755 2422 4819 Ἐπὶ
2483 4764 2587 4814 τῶν
2629 4756 2959 4815 ἀπελθόντων
3019 4778 3077 4813 ου
3132 4752 3347 4811 δυνατὸν
3391 4757 3567 4833 ψῆφον
3626 4751 3861 4832 ἐκφέρειν

2221 4846 2651 4924 ἀγανακτήσεως,
2724 4846 2937 4925 ἐπειπερ
2993 4845 3069 4915 μή
3123 4844 3378 4922 παρόντες
3442 4840 3855 4919 κατεκρίθησαν.

2223 4937 2281 4993 El
2311 4935 2552 5013 μέντοιγε
2600 4937 2717 5016 περὶ
2759 4941 2863 4991 τῶν
2907 4932 3209 5011 μελλόντων
3268 4930 3577 4996 διασκοποίη
3621 4951 3701 4992 τις
3753 4934 3862 4985 τῶν

2222 5025 2539 5107 ὀφειλόντων
2582 5025 2850 5101 καθελεῖν,
2911 5024 3144 5106 φαίνεταί
3199 5045 3315 5098 μοι,
3373 5022 3451 5096 μὴ
3508 5020 3667 5095 μόνον
3713 5032 3862 5097 τρεῖς

2221 5127 2468 5195 παρεῖναι
2550 5117 2862 5195 προσήκειν,
2947 5111 3084 5169 ἀλλὰ
3165 5112 3253 5167 καὶ
3335 5108 3403 5187 (εἰ
3458 5107 3692 5180 δυνατὸν)
3738 5108 3863 5170 τοὺς

2220 5205 2422 5267 πάντας
2468 5205 2839 5286 ἐπαρχεώτας,
2883 5201 2975 5259 ’ίνα
3014 5208 3082 5278 τῇ
3112 5205 3218 5256 τῶν
3243 5198 3456 5256 πολλῶν
3499 5199 3664 5277 ψήφω
3705 5197 3861 5277 ἀκρι-

2219 5292 2434 5375 ϐεστέρα
2462 5297 2497 5364 ἡ
2552 5295 2859 5375 κατάκρισις
2911 5302 3002 5352 τοῦ
3043 5289 3183 5357 ἀξίου
3212 5295 3309 5357 τῆς
3336 5288 3686 5368 καθαιρέσεως
3715 5287 3863 5346 δεικ-

2218 5384 2426 5460 νύηται,
2461 5385 2719 5465 παρόντος
2751 5390 2844 5440 τοῦ
2873 5378 3203 5464 κρινομένου.

2296 5554 2578 5635 Νεκτάριος
2637 5552 2923 5614 ἐπίσκοπος
2997 5546 3601 5635 Κωνσταντινουπόλεως
3657 5551 3811 5605 εἶπεν
3842 5563 3859 5581 ⁶

2216 5643 2562 5722 Είσηγήσεων
2633 5642 2871 5718 νομίμων
2949 5638 3037 5694 καὶ
3117 5634 3397 5717 δογμάτων
3466 5635 3863 5717 πρυτανευομέ-
