4192 6220
406 374 526 440 825

1767 365 2451 438 GREGO-BOMANUM

3680 376 3800 442 826

406 525 536 566 νων,
596 499 880 559 ἀκόλουθον
938 504 998 561 οὒ
1039 498 1123 558 διὰ
1190 500 1488 580 προσώπων
1541 500 1689 566 τινὰς
1770 503 1935 568 αἰτίας
1989 501 2047 560 τὰ

2139 507 2607 590 consentaneum
2643 509 2732 564 est
2761 502 2897 565 talia
2931 523 3049 566 non
3101 506 3280 568 statui
3313 514 3554 589 propter
3582 508 3793 590 culpa8

410 600 626 652 τοιαῦτα
694 590 1111 671 δογματίζεσθαι.
1187 596 1474 669 Τοιγαροῦν
1541 591 1774 672 καθάπερ
1803 595 1831 649 ὁ
1886 595 2054 672 ἁγιώ-

411 702 568 745 τατος
653 678 938 744 ἐπίσκοπος
995 677 1302 757 Ἀραϐιανὸς
1387 678 1731 759 εἰσηγήσατο,
1786 680 1853 736 τὰ
1919 678 2056 755 μὲλ-

412 769 573 827 λοντα
616 767 996 850 ἀσφαλίσασθαι
1061 766 1406 844 βουλόμενος,
1465 764 1749 831 ἀκόλουθος
1812 770 1900 825 καὶ
1930 767 2057 848 φιλ-

415 860 686 939 ἅνθρωπος
715 860 751 927 ἡ
774 864 868 915 τοῦ
914 857 1212 937 ἁγιωτάτου
1273 855 1564 913 ἐπισκόπου
1635 856 1885 935 Θεοφίλου
1941 862 2057 935 ψῆ-

414 971 532 1029 φος,
578 945 917 1027 διορισαμένη
973 946 1051 1022 μὴ
1122 950 1322 1026 χρῆναι
1380 946 1511 1024 πρὸς
1570 946 1632 1001 τὸ
1701 942 1847 1019 ἑξῆς,
1921 944 2058 1022 μηδὲ

414 1037 553 1116 παρὰ
579 1041 761 1114 τριῶν,
807 1036 1001 1112 μήτιγε
1045 1034 1187 1113 παρᾶ
1254 1031 1364 1107 δύο,
1423 1036 1515 1090 τὸν
1583 1035 1862 1093 ὑπεύθυνον
1905 1033 2056 1093 δοκι-

412 1124 708 1201 μαζόμενον
737 1126 1096 1202 καθαιρεῖσθαι
1133 1142 1148 1157 ·
1217 1120 1354 1178 ἀλλὰ
1395 1122 1493 1202 γὰρ
1540 1121 1785 1188 πλείονος
1844 1122 2057 1182 συνόδου

413 1215 601 1295 ψήφῳ,
685 1214 772 1270 καὶ
825 1216 932 1270 τῶν
997 1217 1100 1279 τῆς
1179 1211 1441 1291 ἐπαρχίας
1489 1230 1505 1247 ’
1579 1214 1753 1276 καθὼς
1832 1215 1921 1271 καὶ
2009 1216 2056 1272 οἱ

413 1300 751 1361 ἀποστολικοὶ
783 1301 997 1366 κανόνες
1027 1300 1353 1380 διωρίσαντο.

493 1389 790 1455 Φλαϐιανὸς
849 1390 1134 1453 ἐπίσκοπος
1205 1390 1536 1469 Ἀντιοχείας
1608 1391 1763 1448 εἶπεν
1796 1408 1811 1424 ⁶
1875 1381 2054 1471 “Amp

412 1481 689 1538 κατέθεντο
758 1483 805 1537 οἱ
886 1480 1004 1558 περὶ
1072 1479 1163 1536 τὸν
1254 1478 1546 1556 ἁγιώτατον
1604 1481 1691 1536 καὶ
1764 1480 2053 1538 ὁσιώτατον

411 1571 693 1628 ἐπίσκοπον
743 1568 1019 1648 Θεόφιλον,
1074 1565 1230 1635 δῆλα.
1323 1569 1420 1625 Καὶ
1504 1567 1787 1648 στέργομεν
1860 1570 2050 1635 πάντες

410 1661 456 1719 οἱ
485 1659 936 1727 ὲκκλησιαστικοί.

824 1766 1163 1820 ΝΙΚΟΛᾹΟΥ
1192 1769 1320 1818 ΤΟΥ
1349 1767 1643 1819 ΠΑΛΑΙΟΥ

416 1890 440 1925 σ
497 1868 626 1947 ,Περὶ
680 1868 794 1939 τοῦ,
852 1864 947 1928 τὰς
1031 1865 1423 1947 πατριαρχικᾷς
1511 1864 1794 1947 ἐπιστολὰς
1868 1868 2050 1943 ἀμισθὶ

489 1944 715 2003 δίδοσθαι
795 1956 913 2007 τοῖς
996 1945 1225 2001 αἰτοῦσιν
1258 1962 1277 1980 ·
1350 1945 1424 2009 ὡς
1515 1944 1804 2025 γέγραπται
1851 1948 1908 2002 ἒν
1973 1954 2051 2023 τῷ

489 2026 917 2108 χαρτοφυλακίῳ.
951 2044 982 2083 ι

491 2127 734 2187 Χαλεπὸν
762 2127 881 2201 μὲν,
908 2126 1071 2191 πάθος
1116 2127 1335 2208 σαρκὸς,
1386 2126 1600 2207 χρόνιον
1658 2125 1760 2194 ἤδη
1819 2129 2048 2206 γενόμε-

407 2242 519 2292 νον,
564 2215 946 2297 ἐκμοχλεῦσαι.
1002 2214 1382 2296 Χαλεπώτερον
1439 2214 1498 2297 δὲΔ
1534 2222 1762 2296 χρονικῇ
1835 2216 2051 2296 παρόδῳ

406 2293 858 2388 βεϐαιωθὲνηέθος
915 2293 1394 2370 ἀποσκευάσασθαι,
1462 2293 1670 2383 ’Ἄμφω
1767 2307 1866 2386 γὰρ
1915 2293 2052 2387 πρές

408 2397 513 2464 ἕξιν
542 2396 658 2454 τινὰ
704 2403 1250 2475 μεταστοιχειοῦνται,
1324 2400 1542 2473 πρᾶγμα
1588 2394 1836 2473 γινομένα
1892 2417 2050 2472 μονι-

409 2488 664 2566 μώτερον.
739 2487 828 2541 καὶ
881 2480 1067 2561 ῥᾳδίως
1137 2485 1330 2550 ἣκιστα
1412 2481 1693 2559 δυνάμενον
1790 2484 2052 2566 μεθαρμότ

408 2564 606 2649 ςεσθαι.
640 2571 792 2631 Ἀλλ’
841 2573 885 2628 εἰ
913 2572 1002 2629 καὶ
1056 2568 1200 2632 ταῦθ’
1257 2571 1395 2629 οὕτω
1445 2578 1522 2646 τῷ
1565 2569 1674 2628 ὄντι
1722 2569 1894 2649 δοκεῖ,
1927 2564 2053 2630 ἀλλ’

405 2668 569 2741 ἡμεῖς
601 2683 662 2742 γε
689 2662 813 2741 ῥᾷον
882 2659 1111 2717 παλαιὰν
1171 2661 1469 2740 συνήθειαν,
1536 2661 1599 2716 τὸ
1645 2658 1843 2741 φαῦλον
1909 2662 2045 2740 πρό-

404 2753 564 2822 δηλον
594 2750 845 2831 ἔχουσαν,
887 2756 980 2806 τοῦ
1023 2751 1238 2828 εὖαγοῦς
1285 2747 1433 2806 τοῦδε
1488 2750 1653 2807 τόπου
1719 2749 2045 2831 ἐξεφορήσα-

404 2865 524 2919 μεν,
548 2840 608 2898 τό
634 2837 1001 2910 ἁκαπήλευτον
1069 2840 1211 2913 αὔτῷ
1266 2847 1742 2915 μνηστευσάμενοι.
1794 2842 1890 2897 Καὶ
1947 2841 2047 2920 γὰρ

406 2933 435 2989 δ
460 2928 608 2988 τοῦδε
662 2928 762 2995 τὴν
820 2927 1058 3008 φυλακὴν
1112 2927 1618 3005 ἐμπεπιστευμὲνος,
1680 2930 1739 2985 ὃν
1784 2928 2049 3008 ὑστιάριον

403 3022 439 3090 ἦ
506 3009 778 3094 Ῥωμαίων
877 3015 1094 3095 γλῶσσα
1178 3014 1357 3089 καλεῖ,
1444 3017 1565 3080 τοὺς
1658 3017 2048 3095 πατριαρχικὰς

2139 588 2421 678 quasdam
2452 610 2868 672 personarum.
2919 592 3123 674 Itaque
3170 595 3323 657 sicut
3353 588 3621 678 exposuit
3650 588 3792 659 san-

2138 677 2436 740 ctissimus
2516 679 2834 762 episcopus
2900 683 3258 763 Arabianus,
3322 684 3532 746 futuris
3584 704 3792 749 cavere

2138 765 2365 847 volens,
2420 776 2813 831 consentanea
2893 770 3278 854 benignaque
3358 774 3652 836 sententia
3704 782 3793 837 est

2140 854 2499 917 sanctissimi
2557 857 2822 939 episcopi
2882 858 3221 940 Theophili,
3257 880 3397 942 quae
3416 863 3639 936 statuit,
3671 883 3788 925 non

2140 942 2364 1032 debere
2392 945 2454 1005 in
2483 954 2786 1026 posterum
2818 948 3136 1029 nequidem
3196 968 3229 1011 a
3262 949 3472 1032 tribus,
3508 952 3728 1012 nedum
3757 971 3792 1013 a

2139 1031 2394 1115 duobus,
2428 1051 2597 1096 reum
2634 1036 2960 1098 examinari
2990 1056 3057 1099 ac
3083 1037 3301 1119 deponi
3332 1058 3347 1114 ;
3379 1038 3487 1101 sed
3516 1040 3789 1121 frequen-

2139 1121 2308 1183 tioris
2337 1122 2596 1203 concilii,
2631 1132 2687 1185 et
2705 1124 3155 1205 provincialium
3183 1127 3600 1208 episcoporum
3619 1147 3789 1190 com-

2140 1211 2302 1273 muni
2337 1212 2628 1275 sententia
2666 1234 2679 1273 :
2714 1213 3213 1295 quemadmodum
3255 1224 3312 1277 et
3342 1215 3651 1296 apostolici
3682 1235 3785 1279 ca-

2138 1317 2325 1362 nones
2355 1301 2778 1367 deﬁniverunt.

2219 1388 2528 1451 Flavianus
2586 1392 2900 1472 episcopus
2949 1392 3360 1454 Antiochenus
3419 1392 3566 1454 dixit
3600 1411 3613 1453 :
3647 1393 3790 1466 Quae

2137 1476 2545 1558 deposuerunt
2584 1480 2871 1560 episcopi,
2903 1481 3002 1560 qui
3035 1480 3470 1542 sanctissimum
3501 1488 3557 1542 et
3588 1481 3788 1562 piissi-

2135 1584 2297 1626 mum
2331 1566 2669 1648 episcopum
2695 1568 3091 1650 Theophilum
3120 1570 3791 1650 sequuntur,manifesta

2135 1664 2293 1719 sunt.
2328 1657 2416 1718 Ea
2445 1657 2767 1737 probamus
2798 1677 3008 1719 omnes
3044 1657 3454 1720 ecclesiastici.

2417 1757 2727 1831 NICOLAI
2770 1758 3006 1824 ILLIUS
3050 1758 3293 1824 PRISCI
3341 1759 3496 1841 (19).

2135 1859 2302 1934 Quod
2332 1858 2547 1945 litterae
2572 1862 3014 1945 patriam/tates
3056 1863 3250 1943 gratis
3270 1863 3676 1945 concedantur
3686 1882 3785 1945 pe-

2173 1940 2431 2003 tantibus
2461 1957 2585 2021 eas,
2618 1945 2714 2004 uti
2763 1940 3139 2022 descriptum
3167 1949 3366 2004 exstat
3402 1944 3466 2003 in
3492 1940 3740 2006 scrinio.

2211 2119 2464 2184 Difﬁcile
2492 2119 2732 2201 quidem
2785 2128 2875 2183 est
2902 2122 3108 2184 vitium
3152 2123 3413 2200 carnale,
3475 2123 3628 2205 quod
3683 2123 3786 2186 diu

2132 2208 2739 2290 duravit,exscindere
2774 2230 2788 2274 :
2822 2211 2927 2274 sed
2953 2212 3780 2287 tlillicilius,consuetudinem

2132 2299 2292 2378 longi
2314 2298 2600 2379 temporis
2616 2299 2943 2382 irreptione
2968 2303 3262 2363 ﬁrmatum
3285 2302 3783 2364 amoliri.Etenim

2132 2387 2308 2450 ambo
2331 2388 2393 2450 in
2418 2387 2685 2450 habitum
2716 2390 3035 2471 quemdam
3067 2399 3397 2459 transeunt,
3427 2400 3486 2452 ιιι
3515 2390 3784 2453 durabile

2134 2478 2417 2560 quiddam
2450 2480 2780 2561 ﬁunt,quod
2813 2480 3263 2562 haudquaquam
3292 2480 3598 2544 reformari
3614 2481 3784 2543 facile

2132 2568 2340 2648 possit.
2376 2567 2520 2641 Quae
2573 2567 2828 2646 licetjta
2856 2588 2921 2631 se
2971 2568 3193 2633 habere
3246 2587 3455 2651 reapse
3484 2570 3780 2653 videntur,

2130 2676 2240 2718 nos
2254 2665 2450 2719 tamen
2466 2656 2621 2719 facili
2654 2669 2958 2720 momento
2984 2658 3478 2721 consuetudinem
3492 2666 3779 2736 veterem,

2130 2745 2654 2826 quaevitiositatem
2679 2747 3052 2809 manifestam
3069 2746 3325 2809 habebat
3339 2766 3411 2809 ex
3427 2746 3784 2826 hocreligio-

2130 2853 2193 2896 so
2213 2834 2343 2897 loco
2361 2835 2743 2912 removimus,
2770 2836 3146 2918 cauponandi
3176 2837 3477 2900 licentiam
3491 2854 3781 2900 coercen-

2131 2934 2242 2987 tes.
2268 2926 2565 2986 Hactenus
2582 2924 2741 2997 enim
2766 2924 2840 2999 is,
2878 2926 2973 2987 cui
2995 2925 3222 2989 credita
3248 2934 3336 2988 est
3356 2926 3488 3007 ejus
3516 2924 3783 2988 custodia

2136 3013 2412 3091 (Romani
2443 3014 2749 3077 ostiarium
2772 3014 2971 3093 lingua
2992 3033 3095 3077 sua
3121 3014 3478 3095 vocant),ab
3507 3014 3648 3089 illis,
3679 3013 3781 3095 qui

408 3106 742 3184 αἰτουμένους
814 3103 1121 3179 ἐπιστολὰς,
1207 3105 1417 3180 μισθοὺς
1499 3106 1589 3180 (ὡς
1662 3107 1757 3163 οὐκ
1816 3102 2041 3184 ὤφελεν)

2131 3100 2355 3163 litteras
2383 3103 2815 3182 patriarchales
2848 3103 3147 3185 petebant,
3171 3122 3241 3167 eo
3277 3104 3516 3166 nomine
3545 3120 3782 3165 merce-

406 3197 601 3274 ἆπῄτει
629 3199 729 3264 τῆς
797 3192 1180 3275 παραλήψεως.
1259 3196 1356 3251 Καὶ
1411 3194 1475 3262 ἦν
1530 3195 1592 3250 τὸ
1648 3199 1865 3272 πρᾶγμα
1936 3192 2049 3250 λίαν

408 3283 710 3367 ἐφύϐριστόν
765 3304 823 3340 τε
882 3284 970 3340 καὶ
1051 3280 1465 3361 κσταγέλαστον,
1539 3286 1599 3340 οὗ
1689 3282 1848 3357 μόνον
1920 3283 2050 3338 Θεὸν

407 3373 743 3455 παροργίζον,
775 3371 913 3429 ἀλλὰ
939 3373 1027 3428 καὶ
1082 3373 1173 3428 τὸν
1244 3373 1436 3448 σεμνὸν
1519 3372 1681 3428 τόπον
1752 3369 2046 3450 ὲξατιμοῦν,

398 3464 487 3520 καὶ
545 3462 671 3518 αὒτὸ
726 3462 787 3518 τὸ
841 3464 940 3529 τῆς
1011 3461 1294 3539 ἰερωσύνης
1380 3457 1690 3541 ἐκφαυλίζον
1756 3457 2044 3534 αἰδέσιμον,

398 3547 551 3608 Ἀλλ’
580 3552 745 3627 ἡμεῖς
774 3571 836 3629 γε
877 3550 976 3618 τὴν
1032 3550 1293 3629 ὀστιαρίςιυ
1361 3553 1560 3624 σκῆψιν
1627 3547 2046 3630 ἐκφυλοφοροῦν-

397 3662 507 3715 τες,
558 3640 729 3714 τούτῳ
803 3639 899 3715 μὲν
954 3638 1112 3717 ρόγαν
1171 3639 1378 3709 ἐτήσιον
1433 3636 1653 3694 δίδοσθαι
1736 3636 1991 3711 ὶτᾶξαμεν
2026 3653 2040 3668 ·

400 3732 497 3798 τὴν
527 3728 767 3807 πονηρὰν
827 3726 881 3783 δὲ
932 3729 1229 3807 συνήθειαν,
1284 3725 1425 3803 λήθῃ
1480 3727 1682 3803 βαθείᾳ,
1753 3726 1841 3781 καὶ
1894 3723 2048 3799 ἀϊδίῳ

398 3819 657 3898 ὑπεροπίᾳ
738 3815 1200 3891 παρεπεμψάμεθα
1234 3831 1247 3845 ⁸
1319 3815 1408 3884 Ξῆν
1513 3812 1774 3891 μηδαμῶ)
1864 3814 2047 3893 χώραν

401 3905 550 3986 ’ἐχειν
578 3905 677 3975 ἔτι,
729 3904 783 3961 ἐν
854 3905 988 3984 ἁγίῳ
1044 3901 1372 3982 διοριζόμεθα
1423 3904 1684 3980 Πνεόματι
1732 3921 1745 3934 ⁶
1809 3901 2046 3960 ἐντελλόο

401 4017 550 4071 μενοι
615 4008 737 4059 τοῖς
782 4016 839 4050 τε
896 3993 1032 4052 κατᾶ
1105 3994 1318 4071 καιροὺς
1375 3990 1752 4073 χαρτοιρύλαξι,
1800 3994 2045 4055 καὶτοῖς

397 4081 531 4165 ἀμφ’
594 4085 780 4146 αὐτοὺς
850 4082 1134 4162 νοταρίοις,
1191 4081 1474 4161 ἄθραυστον
1529 4083 1619 4137 τὸν
1662 4081 1896 4161 παρόντα
1950 4081 2045 4137 τύ-

396 4195 495 4229 πον
525 4170 823 4252 διατηρεῖν,
868 4173 957 4228 καὶ
986 4171 1170 4228 τούτου
1227 4169 1594 4248 ἐπιμελεῖσθαι
1627 4170 1707 4226 ἀεί
1756 4188 1767 4199 ·
1837 4171 1910 4232 ὡς
1965 4170 2043 4245 μὴ

395 4261 637 4340 ῥᾳστώνῃ
679 4262 781 4318 τινὶ
809 4261 897 4317 καὶ
942 4258 1193 4338 ὀλιγωρίᾳ
1251 4258 1303 4339 (ὃ
1359 4257 1425 4327 δὴ
1483 4260 1571 4315 καὶ
1627 4255 2036 4331 ὑπολαμϐάνειν,

396 4351 593 4428 μήτιγε
648 4349 920 4428 πράττειν,
1021 4347 1344 4427 ἐφάμαρτον)
1428 4345 1526 4403 κᾶν
1583 4347 1641 4402 ob
1710 4345 2043 4426 βραχύτατον

396 4439 815 4519 περιτρέπεσθαι,
879 4439 936 4494 Εἰ
992 4434 1046 4492 δὲ
1102 4436 1368 4517 παρόπται
1451 4435 1591 4499 τινὲς
1647 4444 1739 4494 τοῦ
1792 4435 2041 4492 τοσούτου

2132 3190 2269 3252 dem
2292 3191 2471 3272 (quod
2495 3191 2741 3254 minime
2764 3192 2979 3253 factum
3012 3193 3286 3272 oportuit)
3312 3192 3612 3273 poscebat.
3639 3189 3782 3263 Quas

2131 3278 2371 3360 quidem
2384 3298 2482 3341 res
2496 3279 2869 3360 eratinjuriaa
2883 3280 3242 3362 ludibriique
3255 3281 3431 3362 plena
3462 3297 3655 3360 neque
3672 3278 3780 3341 Dei

2130 3366 2412 3428 duntaxat
2439 3368 2723 3429 offensam
2746 3367 3154 3430 commovebat
3175 3386 3408 3441 ;verum
3437 3368 3615 3430 etiam
3639 3365 3780 3428 huic

2129 3464 2372 3534 augusto
2404 3457 2537 3517 loco
2566 3455 2830 3537 pariebat
2862 3457 3254 3531 infamiam,et
3275 3454 3668 3518 venerandam
3691 3455 3780 3535 ip-

2129 3543 2254 3605 sius
2277 3543 2593 3606 sacerdotii
2618 3544 2961 3624 dignitatem
2991 3544 3403 3606 imminuebat.
3430 3543 3549 3605 Nos
3577 3552 3776 3605 autem

2130 3632 2243 3693 hoc
2272 3632 2602 3694 institutum
2628 3632 2854 3694 ostiarii
2879 3633 2953 3694 de
2977 3631 3174 3696 medio
3198 3631 3617 3713 tollentes,ipsi
3636 3631 3775 3712 qui-

2128 3720 2264 3783 dem
2294 3740 2557 3784 annuum
2588 3721 2868 3783 salarium
2901 3721 3316 3784 constituimus
3351 3740 3365 3784 :
3391 3721 3606 3783 malam
3636 3737 3775 3782 vero

2129 3810 2623 3872 consuetudinem
2654 3809 2940 3872 oblivioni
3008 3811 3337 3893 profundat,
3369 3830 3440 3874 ac
3494 3818 3775 3892 perpetuo

2132 3898 2483 3961 tradidimus
2508 3898 2716 3961 exsilio
2751 3920 2766 3959 :
2802 3919 2914 3962 nec
2944 3919 3073 3962 eam
3105 3900 3298 3962 locum
3334 3899 3619 3981 deinceps
3653 3899 3775 3960 ullo

2127 3986 2458 4049 habituram
2493 3988 2691 4064 modo,
2746 3988 2807 4050 in
2860 3988 3083 4069 Spiritu
3114 3996 3316 4051 sancto
3345 3989 3727 4051 decernimus
3755 4006 3769 4048 :

2128 4078 2433 4139 mandates
2457 4084 2572 4138 tam
2599 4077 3000 4159 quorumlibet
3025 4085 3357 4159 temporum
3376 4076 3770 4153 chartulariis,

2126 4184 2300 4247 quam
2334 4183 2539 4227 eorum
2570 4165 2912 4242 notariis,ut
2938 4165 3303 4229 sanctionem
3332 4168 3484 4229 hanc
3518 4166 3771 4229 inviola-

2124 4263 2240 4315 tam
2273 4263 2530 4333 servent,
2559 4255 2806 4336 ejusque
2851 4272 3055 4318 curam
3087 4264 3373 4338 perpetuo
3410 4266 3615 4336 gerant
3652 4276 3665 4315 :
3696 4272 3772 4317 ne

2123 4343 2399 4405 socordia
2427 4343 2679 4424 quadam
2738 4349 2799 4405 et
2841 4344 3204 4424 negligentia
3249 4345 3430 4426 (quod
3482 4362 3625 4406 sane
3681 4342 3770 4404 vel

2124 4431 2635 4510 cogitare,nedum
2660 4433 3082 4512 agere,delicto
3123 4451 3239 4494 non
3266 4432 3565 4508 vacat),vel
3591 4430 3770 4493 mini-

396 4506 591 4604 ἀγαθόῦ
634 4526 694 4583 ἐκ
723 4525 963 4604 μεγάλης
1046 4506 1190 4603 περὶ.
1233 4526 1299 4581 τὰ
1368 4527 1485 4581 θεῖα
1529 4527 1817 4604 φωραθεῖεν
1867 4545 2039 4579 κατα-

2131 4506 2225 4583 ma
2236 4539 2303 4583 ex
2332 4506 2494 4598 parte
2518 4506 2909 4582 subvertatur.
2940 4520 3107 4594 Quod
3128 4521 3178 4582 si
3199 4522 3301 4599 qui
3325 4506 3548 4583 tantum
3573 4521 3766 4598 negli-

394 4615 720 4694 φρονήσεως,
779 4622 964 4671 τοῦτον
1041 4614 1139 4690 μὲν
1206 4614 1396 4693 γνώμη
1453 4611 1692 4694 φιλόθεος
1750 4613 1880 4690 πρὸς
1942 4612 2040 4679 τὴν

393 4700 660 4768 ἁξιὲπαιον
700 4701 943 4768 ἐπανάξει
1001 4700 1286 4780 εὗγένειαν,
1350 4702 1493 4758 αὒτοὶ
1549 4699 1595 4756 δ’
1665 4700 1722 4756 εὖ
1777 4698 2036 4779 ἴστωσαν,

392 4792 466 4853 ὡς
495 4788 640 4856 δίκας
674 4797 788 4865 Θεῷ
812 4788 1052 4862 δώσουσι,
1121 4796 1209 4846 νῦν
1278 4811 1336 4846 τε
1397 4791 1486 4846 καὶ
1554 4789 1782 4857 ὁπηνίκα
1851 4792 1911 4847 οὐ
1974 4789 2040 4845 τὰ

393 4878 559 4953 μοίζω
587 4880 763 4955 μόνων
794 4885 899 4935 τῶν
971 4878 1391 4958 ἁμαρτημάτων,
1463 4876 1600 4933 ἀλλὰ
1673 4878 1760 4932 καὶ
1816 4876 1960 4958 what
1978 4897 2039 4952 γε

392 4968 459 5023 τὰ
528 4967 715 5049 μέτρια
775 4969 894 5047 πυρί
950 4955 1322 5024 ταλαντεύεται
1375 4955 1465 5023 καὶ
1523 4964 1873 5044 διακρίνεται.
1947 4955 2039 5027 (Ως

392 5057 495 5137 γὰρ
522 5058 588 5114 τὰ
614 5062 734 5116 θεῖα
790 5065 890 5125 τῖς
941 5056 1217 5136 ἀξιολόγου
1286 5058 1670 5127 καθεστήκασιν
1728 5053 2040 5117 ἀντιδόσεως

393 5141 534 5226 ἄξια,
566 5146 703 5204 οὕτω
730 5149 818 5204 καί
846 5148 913 5204 τὰ
952 5151 1050 5216 τῆς
1082 5146 1324 5210 ἆναντίας
1377 5147 1585 5224 μοίρας,
1643 5144 1743 5212 τὴν
1811 5142 2040 5212 ἰσοπαλῆ

387 5247 504 5301 τοῖς
546 5234 718 5317 ἔργοις
737 5236 1032 5317 παρέχεται
1062 5233 1311 5312 ἀμοιϐην.

2123 4628 2263 4688 gere
2284 4609 2505 4672 bonum
2536 4610 2816 4690 deprensi
2849 4610 3089 4691 fuerint,
3138 4628 3205 4672 ex
3240 4630 3450 4690 magno
3482 4628 3621 4686 erga
3670 4624 3769 4669 res

2121 4698 2350 4761 divinas
2405 4706 2770 4779 contemptu,
2850 4698 3217 4761 sanctionem
3278 4699 3519 4780 quidem
3580 4697 3766 4778 ipsam

2121 4787 2397 4869 religiosa
2427 4805 2597 4849 mens
2656 4785 2833 4847 nitori
2887 4805 2996 4847 suo
3046 4787 3420 4849 laudabiliter
3472 4787 3763 4861 restituet,

2121 4895 2323 4938 verum
2356 4876 2472 4958 ipsi
2504 4876 2678 4958 plane
2729 4875 2951 4957 norint,
2987 4894 3051 4937 se
3084 4893 3294 4957 [uenas
3326 4875 3448 4938 Deo
3497 4876 3764 4949 daturos,

2126 4973 2241 5027 tam
2275 4983 2640 5046 nunc,quam
2673 4964 2731 5025 id
2766 4963 3202 5045 temporis.quo
3232 4983 3349 5026 non
3377 4966 3601 5045 majora
3628 4972 3767 5024 tan-

2123 5055 2429 5116 tummodo
2462 5062 2724 5134 peccata,
2760 5071 2963 5115 verum
2987 5053 3165 5113 etiam
3190 5053 3407 5116 leviora
3439 5072 3543 5135 per
3574 5055 3765 5133 ignem

2124 5140 2618 5205 examinabuntur
2645 5149 2705 5203 et
2753 5140 3254 5221 dujudicabuntur.
3286 5141 3361 5206 Ut
3388 5143 3547 5204 enim
3575 5141 3771 5204 divina

2117 5230 2381 5293 facinora
2407 5248 2473 5292 se
2500 5229 2734 5310 dignam
2767 5229 3312 5293 remunerationem
3347 5229 3767 5313 merentur,sic

2119 5319 2298 5383 etiam
2323 5320 2399 5382 iis
2427 5318 2728 5382 contraria
2753 5320 3214 5400 respondentem
3238 5320 3408 5383 factis
3439 5320 3587 5404 ipsis
3608 5340 3769 5385 com-

2118 5407 2533 5491 pensationem
2563 5406 2826 5470 tribuere
2856 5406 3065 5469 solent.

1938 5538 2190 5607 ΝΟΤΛΕ.

474 5662 605 5744 (19)
632 5662 853 5750 Fuerat
879 5664 979 5730 hic
1009 5672 1188 5732 antea
1215 5663 1499 5749 mysticus
1526 5662 1590 5728 in
1617 5661 1770 5727 aula.
1806 5662 1966 5727 Vixit
2022 5663 2133 5730 sub
2186 5668 2386 5735 Leone
2448 5665 2833 5750 Philosopbo,
2900 5665 3258 5749 Alexandro,
3294 5668 3678 5737 Constantino
3709 5678 3771 5738 et

383 5741 699 5825 Lacapeno
728 5744 921 5828 Augg.
