4192 6220
416 317 547 384 827
1796 330 1928 391 JUS
1968 331 2071 393 CA?

2149 330 2413 396 )NICUM
3686 331 3804 401 828

1019 461 1267 523 ALEXII
1306 462 1463 542 (20).
2081 474 2122 519 Α
2805 476 3126 528 stur-310:3

419 561 467 625 Ι.
505 568 950 654 Monumentum
993 570 1361 654 sanctissimi
1406 572 1786 654 patriarchae
1835 571 2062 654 Διεαίἱ,

2148 580 2279 654 Α.)
2335 562 2679 654 Τπόμνημοι⁸
2738 579 2827 654 τού
2882 574 3177 654 ἁγιωτάτου
3233 574 3570 654 πατριάρχου
3631 571 3797 631 Ἀλε-

498 645 578 733 de
617 645 873 733 diuersis
902 649 1097 710 causis
1124 645 1566 733 ecclesiasticis,
1623 650 2066 731 pertinentibus

2227 648 2355 723 ξίου,
2461 645 2590 733 περῖ
2660 645 2942 733 διαφόρων
3052 645 3531 733 ἐκκλησιαστικῶν
3615 654 3798 712 ὑποθέ-

497 723 578 785 ad
596 726 914 789 univeréas
932 727 1289 809 metmpoles
1317 738 1373 792 ct
1394 723 1961 812 archiepiscopatus.

2227 751 2385 803 σεων,
2457 723 2779 800 ἀνηπουσαν’
2824 723 3030 796 ’πάσαις
3095 747 3218 797 ταῖς
3276 732 3636 812 μητροπόλεσι
3706 735 3796 791 καὶ

1380 862 1383 867 .
2230 827 2682 891 αρχιεπισκοπαϊς
2694 861 2708 876 .
2746 838 2773 869 ι

495 900 736 1003 Alexius
792 904 1172 969 miseratione
1228 906 1353 971 Dei'
1385 908 1869 990 archiepiscopus
1900 910 2063 972 Con-

2234 918 2464 985 Ἀλέξιος
2547 921 2680 996 ἐλέιμ
2750 930 2880 981 Θεοῦ
2935 923 3352 1004 ἀρχιεπίσκοπος
3440 927 3778 983 numma-

415 990 846 1091 stantinopolis,
882 1012 1045 1058 nova;
1074 996 1298 1072 Romae,
1339 1007 1396 1060 et
1422 998 1774 1062 universalis
1809 999 2062 1080 patriar-

2150 1008 2472 1091 νουπόλεως,
2570 1011 2689 1077 νέας
2794 990 3044 1088 Ῥὠμηιςῗ
3097 1014 3185 1070 καὶ
3257 1015 3616 1090 οἷκουμενικὸς
3676 1036 3790 1070 πα-

415 1080 546 1168 εδει.

2150 1089 2339 1168 τριάρχ
2343 1112 2431 1157 ης,

493 1166 635 1263 Cum
662 1169 842 1234 divini
867 1174 1137 1263 sacrique
1168 1195 1426 1239 canones
1457 1177 1778 1258 unicuique
1812 1176 2059 1257 religio-

2226 1179 2342 1235 Τῶν
2370 1179 2521 1236 θείων
2552 1182 2636 1237 οιαὶ
2703 1185 2854 1262 ἱερῶν
2909 1182 3146 1239 κανόνων
3204 1181 3410 1256 ἐκάσττρ
3463 1189 3569 1239 τῶν
3619 1186 3796 1263 θεοφι-

411 1255 783 1345 sissimorum
814 1261 1231 1344 episcoporum
1259 1275 1607 1345 potestatem
1640 1255 1840 1328 rerum
1872 1255 2062 1327 eccle-

2144 1263 2410 1322 λεστάτων
2439 1268 2744 1327 ἐπισκόπων
2803 1270 2902 1338 τὴν
2962 1269 3195 1335 ἐξουσίαν
3248 1276 3352 1326 τῶν
3409 1269 3793 1338 ἐκκλησιαστι-

411 1344 778 1437 siasticarum
815 1351 1176 1435 permittant,
1207 1344 1276 1416 ea
1306 1362 1499 1416 tamen
1533 1355 1684 1434 lege,
1720 1363 1785 1416 ut
1815 1364 1873 1417 et
1904 1354 2060 1416 indi-

2140 1356 2248 1409 κῶν
2306 1354 2695 1435 ἐπιτρεπόντων
2791 1360 3140 1437 πραγμάτων,
3215 1359 3350 1416 οὕτω
3405 1360 3609 1436 μέντοι.
3654 1359 3794 1417 ὣστε

414 1436 686 1530 gentibus
716 1438 978 1502 adhibita
1028 1444 1302 1508 cautione
1353 1444 1429 1505 de
1458 1444 1532 1505 iis
1560 1443 1963 1524 suppeditent,
2001 1454 2059 1508 et

2138 1444 2226 1499 καὶ
2279 1458 2395 1508 τοῖς
2450 1443 2716 1522 δεομένοις
2814 1436 2921 1506 σὺν
2983 1436 3225 1522 εὒλαϐείᾳ
3268 1449 3643 1530 ἐπιχορηγεῖν,
3704 1451 3793 1506 καὶ

414 1528 667 1615 ipsemet
687 1545 783 1588 res
798 1531 1164 1592 necessarias
1178 1532 1801 1613 percipiantzepiscopi
1816 1533 2055 1612 quidam

2141 1531 2328 1596 αὖτοὺς
2365 1540 2469 1590 τῶν
2538 1533 2763 1593 δεόντων
2889 1534 3336 1615 μεταλαμϐάνειν,
3434 1537 3568 1600 τινὲς
3680 1543 3790 1593 τῶν

411 1612 844 1689 inditl‘erenter,
881 1628 943 1679 ut
971 1618 1049 1680 ita
1077 1612 1355 1693 dixerim,
1378 1629 1434 1682 et
1465 1640 1673 1698 magna
1698 1621 1934 1682 licentia
1963 1641 2060 1683 res

2141 1617 2444 1677 ἐπισκόπων
2512 1621 2829 1703 ἀδιαφόρως,
2889 1628 2962 1689 ὡς
3008 1625 3069 1681 ἄν
3126 1648 3204 1689 τις
3264 1623 3433 1700 εἴποι,
3487 1627 3573 1682 καὶ
3619 1623 3784 1688 ἀδεῶς

413 1721 513 1794 eas
533 1703 904 1780 invadentes,
938 1718 994 1768 et
1025 1709 1156 1770 usui
1188 1728 1294 1770 suo
1328 1710 1714 1789 vindicantes,
1753 1729 1866 1769 non
1900 1711 2059 1791 ipsos

2141 1721 2256 1771 τοῖς
2286 1710 2557 1788 πράγμασι
2605 1714 3040 1793 προσφερόμενοι,
3084 1715 3173 1771 καὶ
3228 1718 3327 1780 τῆς
3384 1715 3582 1770 ἑαυτῶν
3651 1716 3785 1794 χρὴ·

411 1791 693 1853 duntaxat
722 1794 1095 1875 episcopatus
1126 1816 1230 1877 per
1276 1799 1646 1860 occasionem
1697 1797 2060 1861 difﬁcultatis

2142 1817 2275 1862 σεως
2317 1805 2478 1856 ταῦτα
2509 1802 2838 1877 ποιούμενοι,
2873 1805 2932 1860 οὔ
2961 1804 3120 1878 μόνον
3179 1802 3337 1866 αὐτὰς
3406 1804 3499 1866 τὰς
3555 1805 3781 1859 ἐπισκο-

413 1888 741 1961 temporum
776 1883 834 1943 in
865 1895 1186 1947 extremam
1213 1887 1543 1966 perniciem
1574 1887 2055 1967 praecipitarunt;

2142 1887 2243 1950 πᾶς
2276 1890 2529 1967 προφάσει
2588 1888 2740 1956 δῆθεν
2798 1896 2897 1958 τῆς
2952 1899 3059 1948 τῶν
3115 1898 3311 1970 καιρῶν
3380 1890 3652 1954 δυσκολίας
3712 1893 3785 1956 εἰς

409 1987 611 2033 verum
665 1972 839 2033 etiam
889 1976 1246 2054 metropoles
1296 1976 1450 2047 illas,
1512 1976 1731 2055 quibus
1786 1979 2053 2055 subsunt,

2143 1973 2369 2054 ἔσχατον
2401 1980 2734 2056 κατήνεγκαν
2784 1979 3017 2060 ὄλεθρον,
3081 1978 3217 2037 ἀλλὰ
3271 1982 3359 2036 καὶ
3428 1980 3521 2044 τὰς
3578 2002 3785 2058 μητρο-

407 2058 795 2123 intolerandis
807 2061 1258 2126 detrimentisac
1282 2064 1633 2126 novitatibus
1652 2064 2057 2144 subjecerunt,

2144 2063 2349 2133 πόλεις,
2381 2066 2468 2145 ὑφ’
2520 2068 2580 2130 ἃς
2632 2058 2918 2140 τελουσιν,
2972 2070 3259 2150 άφορήτοις
3316 2083 3433 2131 τοῖς
3476 2069 3785 2143 ζημιώμασι

407 2149 547 2210 dum
581 2169 765 2211 onera
794 2152 864 2212 ad
900 2153 1273 2233 episcopatus
1308 2153 2061 2235 pertinentia,metropoles

2147 2153 2233 2207 καὶ
2261 2153 2385 2216 ταῖς
2430 2158 2786 2231 καινοτομίαις
2816 2154 3103 2230 ὑπέϐαλυν,
3135 2158 3196 2214 ἐκ
3262 2165 3354 2213 τοῦ
3407 2158 3471 2213 τὰ
3519 2156 3785 2226 ἀνήκοντα

403 2238 720 2312 sustinent,
759 2257 827 2301 ac
861 2242 1135 2321 paulatim
1190 2242 1261 2303 ad
1321 2242 1627 2304 interitum
1688 2244 2056 2308 consimilem

2143 2237 2362 2304 ἐκείναις
2451 2243 2587 2318 βάρη
2656 2244 2849 2307 ταύτας
2904 2246 3322 2324 εἰσπράττεσθαι,
3393 2246 3483 2301 καὶ
3537 2248 3780 2302 νυνωθεῒ-

402 2326 1145 2406 adtgnntnr.Quamobrem
1166 2340 1367 2392 nostra
1386 2332 1764 2393 mediocritas
1791 2351 1905 2393 una
1925 2353 2057 2394 cum

2144 2329 2258 2383 σθαι
2319 2333 2452 2387 κατὰ
2483 2335 2667 2411 μικρὸν
2700 2335 2772 2397 εἰς
2833 2334 2932 2401 τὴν
2978 2336 3163 2408 ὁμοίαν
3205 2334 3594 2413 καταστροφήν.
3660 2332 3779 2388 Διό-

400 2417 730 2479 venerabili
785 2422 896 2480 hac
945 2421 1017 2482 ad
1082 2420 1289 2481 urbem
1324 2421 1555 2499 synodo
1589 2439 1653 2481 re
1703 2421 2054 2492 deliberata,

2142 2438 2239 2495 περ
2268 2420 2301 2485 ἡ
2333 2421 2612 2497 μετριότης
2653 2424 2808 2497 ἡμῶν
2852 2422 2963 2498 ἅμα
3032 2428 3100 2498 τῇ
3142 2420 3438 2498 ἐνδημούσῃ
3524 2418 3783 2496 σεϐασμίᾳ

403 2507 648 2567 omnino
678 2515 800 2568 rata
832 2526 1040 2586 grave,
1074 2508 1381 2588 dubioque
1413 2509 1616 2589 procul
1654 2508 1964 2587 injustum,
1994 2513 2056 2571 ut

2140 2508 2338 2585 σ)νόδῳ
2405 2512 2471 2566 τα
2524 2518 2614 2567 τοῦ
2668 2512 2975 2589 πράγματος
3063 2510 3477 2588 διασκεψαμένη,
3539 2508 3782 2590 χαλεπὸν

405 2593 541 2655 talia
573 2603 848 2675 tantaque
867 2595 1083 2657 damna
1106 2596 1465 2676 metropoles
1483 2596 1927 2676 episcopatuum
1957 2617 2059 2659 no-

2139 2600 2302 2663 ὅντως
2354 2602 2570 2677 κρίνασα
2637 2602 2723 2658 καὶ
2766 2601 3006 2682 ἀτεχνῶς
3077 2598 3279 2679 ἄδικον,
3360 2602 3420 2657 τὸ
3462 2599 3779 2681 τηλικαύτας

405 2683 566 2743 mine
598 2682 951 2756 sustineant,
984 2704 1019 2744 ει
1046 2682 1263 2763 quibus
1285 2684 1511 2745 nullum
1552 2684 1624 2745 ad
1648 2685 1806 2765 ipsas
1827 2686 2050 2746 lucrum

2137 2690 2327 2763 ζημίας
2384 2688 2688 2768 ὒφίστασθαι
2748 2690 2842 2753 τὰς
2892 2688 3251 2769 μητροπὸλεις
3307 2689 3439 2767 ὑπὲρ
3494 2690 3599 2746 τῶν
3655 2688 3780 2745 ἐπι-

402 2770 558 2832 redit
594 2794 606 2829 :
642 2771 880 2831 modum
915 2771 1341 2833 inveniendum
1373 2772 1607 2834 censuit
1636 2792 1670 2832 a
1699 2774 1885 2834 sacris
1916 2793 2055 2835 con-

2137 2786 2372 2853 σκοπῶν,
2411 2778 2462 2845 ἐξ
2505 2783 2577 2837 ῶν
2648 2778 2816 2852 οὖδὲν,
2904 2779 3082 2860 κέρδος
3150 2781 3366 2844 ταύταις
3424 2781 3778 2859 προσγίνεται,

399 2857 806 2920 stitutionibus
818 2859 968 2921 haud
986 2860 1395 2950 alienum,imo
1410 2879 1769 2950 magnopere
1782 2862 1852 2922 ad
1872 2862 2049 2924 tinem

2134 2866 2244 2924 δεῖν
2318 2866 2454 2945 ἔγνω
2512 2870 2704 2947 τρόπον
2787 2857 3036 2950 ἐξευρεῒν,
3115 2874 3175 2929 ού
3258 2868 3401 2935 ξένον
3466 2875 3571 2925 τῶν
3625 2870 3779 2948 ἱερῶν

401 2956 460 3009 et
478 2957 1088 3029 consentaneum,quo
1103 2967 1303 3009 earum
1320 2948 1781 3020 indemnitati,et
1802 2969 2047 3012 onerum

2133 2954 2436 3030 διατάξεων,
2508 2957 2642 3014 ἀλλὰ
2715 2961 2801 3015 καὶ
2871 2948 2988 3015 λίαν
3059 2961 3257 3017 οίκετον
3326 2960 3415 3015 καὶ
3471 2958 3775 3037 σύμφωνον,

399 3036 773 3117 relaxationi,
805 3045 1086 3118 quantum
1112 3038 1239 3117 ejus
1264 3036 1389 3099 ﬁeri
1408 3037 1646 3117 poterit.
1682 3038 2046 3103 consulatur.

2131 3050 2177 3116 ᾧ
2230 3048 2291 3102 τὸ
2349 3046 2574 3120 ἀζήμιον
2669 3049 2881 3112 ταύταις
2938 3048 3024 3104 καὶ
3109 3045 3298 3124 ἂϐαρὲς
3370 3048 3506 3104 κατὰ
3546 3049 3606 3103 τὸ
3689 3048 3781 3103 ἐν-

398 3124 562 3188 Uede
591 3144 660 3186 ex
695 3126 1047 3187 auctoritate
1077 3144 1377 3187 sacrorum
1412 3145 1705 3187 canonum
1728 3128 1946 3203 statuit,
1982 3138 2047 3190 ut

2132 3128 2421 3211 δεχόμενον
2478 3137 2965 3213 περιποιηθήσεται,
3055 3124 3249 3193 ⁹⁹Ενθεν
3317 3157 3397 3192 τοι
3450 3136 3538 3191 καὶ
3593 3132 3776 3213 διωρί-

399 3212 909 3293 areligiosissimis
923 3213 1694 3294 metropolitanismconomi
1711 3215 1833 3276 sive
1848 3196 2045 3277 rerum

2193 3196 2231 3211 η
2265 3196 2275 3207 .
2547 3196 2557 3213 .
2715 3196 2726 3202 -
2784 3196 2795 3205 .
2956 3196 2963 3197 κ
3690 3196 3700 3213 .

2132 3241 2260 3275 σατο
2290 3221 2395 3277 ἀπὸ
2424 3224 2520 3288 της
2589 3229 2694 3279 τῶν
2739 3225 2891 3302 ἱερῶν
2933 3224 3169 3281 κανόνων
3212 3225 3500 3296 αὖθεντίας,
3564 3224 3774 3280 οἰκονό-

395 3301 909 3364 administratorvs
929 3320 1033 3383 pro
1055 3302 1490 3382 episcopalibus
1506 3302 1576 3364 iis
1591 3304 2045 3385 constituantur,

2129 3333 2257 3384 μους
2287 3312 2623 3370 καθίστασθαι
2698 3316 2839 3394 παρὰ
2908 3321 3013 3371 τῶν
3095 3312 3510 3394 θεοφιλεστάτων
3568 3335 3776 3391 μητρο-

395 3389 664 3471 aquibus
684 3390 917 3452 illorum
956 3391 1149 3481 culpa,
1193 3391 1295 3481 qui
1323 3410 1423 3452 eos
1445 3390 1822 3471 adeptisunt;
1855 3393 2047 3455 detri-

2127 3397 2379 3474 πολιτῶν,
2456 3400 2540 3481 ἐφ’
2596 3401 2741 3464 ὅσαις
2777 3389 2915 3459 ’τῶν
2984 3403 3313 3475 ἐπισκοπῶν,
3387 3402 3602 3481 ἀφελείᾳ
3666 3408 3776 3459 τῶν

397 3487 660 3541 mentum
696 3479 1054 3560 metropoles
1082 3480 1353 3561 capiunt;
1380 3481 1569 3540 donec
1586 3491 1894 3560 acceptum
1920 3482 2044 3543 sin-

2125 3486 2391 3545 λαϐόντων
2441 3479 2622 3563 αύτὰς,
2680 3495 2731 3547 αἱ
2788 3491 3142 3572 μητροπόλεις
3198 3479 3538 3567 ἐζημίωνται,
3613 3490 3771 3571 ἄχρις

392 3569 665 3648 gulorunt
695 3569 935 3631 nomine
965 3568 1245 3631 damnum
1296 3568 1728 3649 metropolibus
1756 3579 2044 3633 resartum

2131 3579 2190 3632 οὗ
2217 3579 2277 3633 τὸ
2344 3579 2473 3658 ὑπὲρ
2514 3580 2738 3637 ἑκάστου
2782 3568 2954 3636 αὐτῶν
3011 3581 3265 3656 ζημίωμα
3321 3592 3444 3643 ταῖς
3492 3568 3774 3659 μητροπό-

394 3658 999 3738 fuerit,etjndiciaria
1044 3657 1336 3720 sententia
1368 3657 1703 3728 deﬁnitum,
1750 3660 2046 3748 undenam

2131 3664 2243 3722 λεσι
2328 3670 2571 3743 πορισθῇ,
2673 3669 2759 3725 καὶ
2829 3666 3107 3748 διάγνωσις
3177 3667 3417 3746 γένηται,
3465 3657 3650 3725 ὁπόθεν
3706 3670 3778 3734 εἰς

393 3745 465 3807 ad
488 3764 615 3838 eam
632 3754 948 3838 egestatem
963 3755 1022 3806 et
1038 3745 1746 3838 inopiamlrediga_ntur.Et
1766 3747 1981 3838 quoniu
1992 3767 2044 3808 m

2130 3756 2348 3835 ἀπορίαν
2416 3759 2503 3813 καὶ
2541 3756 2793 3815 στένωσιν
2850 3745 3257 3838 καταφέρονται.
3315 3757 3461 3816 Ἐπεὶ
3542 3756 3597 3812 δὲ
3654 3758 3776 3814 ἑτέ-

395 3852 470 3895 ne
501 3833 749 3894 aliorum
777 3834 1170 3914 episcopatus,
1200 3834 1274 3895 ob
1308 3834 1753 3913 improbitatem
1785 3843 1841 3897 et
1874 3837 2045 3896 mali-

2130 3867 2233 3923 ρων
2305 3845 2596 3911 ἐπισκοπὰς
2655 3845 2739 3902 διὰ
2794 3848 3093 3927 μοχθηρίαν
3142 3848 3233 3903 καὶ
3299 3847 3615 3916 κακοήθειαν
3667 3850 3773 3903 τῶν

398 3922 536 3983 tiam
569 3922 832 4001 ipsorum
866 3922 1207 4002 ptaesidum,
1242 3941 1388 3984 cons
1415 3924 1575 3984 milia
1611 3922 2042 4003 patiantur,ve-

2131 3931 2390 4012 προέδρων
2443 3936 2634 4010 αὒτῶν,
2710 3934 2869 4011 ὅμοια
2927 3936 3193 3993 πείσεσθαι
3250 3936 3563 3993 ὑποπτεύειν
3620 3937 3774 4016 φασὶν

395 4009 515 4071 reri
533 4028 596 4070 se
620 4010 940 4091 perhibent
963 4009 1422 4092 metropolitani;
1449 4030 1773 4091 eorumque
1793 4012 2048 4073 nonnul-

2128 4025 2175 4079 οἱ
2239 4023 2655 4102 μητροπολτται,
2715 4027 2803 4081 καί
2897 4047 3043 4089 τινας
3127 4025 3298 4084 αὐτῶν
3398 4022 3776 4099 σπουδάσματα

395 4099 483 4159 los
511 4102 609 4178 qui
645 4116 946 4159 sacrorum
1001 4118 1295 4160 canonum
1349 4108 1691 4180 contemptu
1753 4100 1813 4160 in
1871 4100 2042 4162 laude

2126 4111 2455 4186 ποιουμένων
2485 4114 2580 4180 τὴν
2609 4120 2715 4170 τῶν
2763 4114 2913 4171 θείων
2971 4113 3207 4176 κανόνως
3264 4113 3572 4192 παρόρασιν,
3649 4113 3773 4169 εἶτα

395 4194 639 4268 ponunt,
666 4186 1053 4248 nihilominus
1079 4187 1490 4249 imminentem
1535 4207 1603 4251 ex
1642 4188 1729 4249 eis
1759 4189 2043 4249 condem-

2127 4199 2222 4267 τὴν
2249 4200 2301 4265 ἐξ
2358 4201 2528 4257 αὐτῶν
2565 4202 2850 4270 καταδίκην
2906 4201 3295 4282 ὑφορωμένους,
3352 4202 3475 4266 τούς
3518 4223 3578 4257 τε
3635 4222 3768 4280 καρ-

396 4275 693 4337 nationem
751 4284 1102 4348 metuentes,
1160 4286 1275 4337 tam
1306 4276 1553 4351 fructus,
1588 4295 1760 4357 quam
1816 4277 2044 4339 reditus

2130 4288 2255 4352 ποὺς
2286 4290 2372 4345 καὶ
2398 4290 2493 4354 τὰς
2553 4289 2717 4355 ἄλλας
2776 4275 3064 4370 προσόδους
3106 4297 3212 4347 τῶν
3267 4288 3567 4357 ἐκκλησιῶν
3608 4291 3769 4370 ὑφαι-

395 4364 782 4426 ecclesiarnm
814 4373 1059 4426 caeteros
1110 4364 1277 4426 aiunt
1305 4366 1565 4436 auferre,
1601 4383 1834 4444 quoque
1864 4364 2044 4426 velint

2127 4380 2327 4453 ρεῖσθαι
2380 4380 2469 4433 καὶ
2526 4382 2895 4455 μετακομίζειν
2966 4379 3086 4437 ἔνθα
3153 4380 3241 4435 καὶ
3312 4377 3570 4454 βουλητόν
3626 4378 3769 4434 ἐστιν

392 4454 506 4533 ipsi
533 4463 956 4533 transportare,
992 4453 1319 4534 detixisque
1372 4454 1429 4514 in
1456 4453 1767 4514 adventum
1802 4462 2040 4514 exacto-

2127 4455 2329 4527 αὺτοῖς,
2376 4459 2462 4513 καὶ
2522 4453 2739 4516 σκοπὸν
2776 4459 2998 4539 ἔχοντας
3070 4453 3469 4532 ἐπιδημούντων
3525 4458 3763 4525 ἀπαιτη-

389 4561 523 4604 rum
554 4542 766 4617 oculis,
821 4543 944 4605 suis
999 4543 1268 4605 ecclesiis
1321 4544 1631 4611 excedere,
1693 4549 1870 4621 atque
1926 4541 2043 4601 alio

2126 4550 2254 4622 τῶν,
2330 4545 2631 4623 ἀποδημετν
2675 4554 2782 4606 τῶν
2838 4548 3139 4629 λαχουσῶν,
3218 4549 3305 4604 καὶ
3374 4545 3615 4626 ἀλλαχοῦ
3672 4570 3774 4603 που

390 4631 804 4712 commigrare,
841 4643 897 4695 et
945 4634 1015 4695 ad
1078 4633 1436 4713 metropoles
1492 4630 1821 4692 debitorum
1870 4631 1943 4693 ad
1981 4649 2044 4691 se

2128 4634 2481 4708 μεθίστασθαι,
2537 4638 2811 4697 κάντεῦθεν
2868 4639 3000 4718 πρὸς
3055 4639 3150 4700 τὰς
3202 4635 3558 4712 μητροπόλεις
3629 4635 3769 4710 ἀμύ-

396 4721 822 4802 pertinentium
860 4723 1223 4785 exactionem
1258 4720 1621 4783 defensionis
1656 4718 1824 4782 titulo
1848 4726 2044 4780 trans-

2127 4743 2223 4788 νης
2243 4721 2432 4801 τρέπον
2461 4731 2567 4781 τῶν
2616 4730 2800 4790 αὗτοϊς
2858 4731 3235 4805 προσηκόντων
3291 4723 3617 4804 ὀφλημάτων
3671 4726 3772 4792 τὴν

392 4810 629 4872 mittere
662 4831 678 4872 :
716 4812 1117 4875 necessarium
1164 4821 1253 4874 est
1312 4820 1371 4871 ut
1430 4814 1484 4870 in
1526 4808 1620 4870 his
1651 4817 1823 4869 etiam
1860 4825 2040 4887 prius,

2128 4809 2400 4889 εἴσπραξιν
2429 4815 2823 4894 παραπέμπειν,
2892 4816 3184 4894 ἀναγκαῖον
3254 4815 3351 4870 κὰν
3423 4813 3637 4876 ταύταις
3669 4816 3771 4891 πρὸ

390 4917 566 4979 quam
594 4901 751 4979 quod
784 4901 1128 4976 moliuntur,
1165 4898 1237 4962 ad
1266 4899 1483 4960 exitum
1507 4897 1884 4978 perducatur.
1919 4915 2045 4957 cer-

2125 4902 2220 4957 τοῦ
2261 4902 2332 4964 εἷς
2363 4900 2513 4966 τέλος
2544 4903 2775 4982 ἀχθῆναι
2841 4907 2902 4960 τὸ
2961 4901 3398 4977 σπουδαξὸμενον,
3483 4899 3769 4981 ἀσφαλείας

393 4986 665 5050 titudinis
685 4988 1203 5070 gratia,quasique
1222 4987 1609 5050 correctionis
1631 4993 1688 5047 et
1722 4998 1848 5045 cant
1865 4984 2040 5071 ionis.

2130 4989 2310 5069 χάριν,
2342 4992 2430 5046 καὶ
2459 4994 2574 5047 οἷον
2642 4993 2941 5071 θεραπείας,
2995 4994 3083 5048 καὶ
3150 4989 3409 5071 φυλακῆς,
3468 4991 3555 5045 τὸν
3612 4988 3767 5045 αὐτὸν

393 5073 603 5136 eadem
638 5075 786 5138 ratio
817 5069 1086 5138 servetur
1106 5069 1119 5070 ί
1143 5076 1409 5157 adeoque
1440 5082 1745 5136 curatores
1769 5069 2048 5163 similiter

2129 5081 2420 5156 τηρηθῆναι
2450 5081 2610 5137 τύπον
2644 5097 2659 5111 ⁸
2702 5069 2805 5138 -καὶ
2852 5069 3174 5163 φροντιστὰς-
3201 5080 3397 5155 ὁμοίως
3467 5078 3609 5155 παρὰ
3661 5078 3767 5134 τῶν

386 5181 421 5223 a
452 5164 918 5245 metropolitanis
968 5166 1184 5227 dentur
1254 5165 1354 5245 qui
1383 5162 1656 5225 ecclesiis
1686 5159 1848 5250 omni
1875 5159 2041 5250 adhi-

2131 5166 2543 5245 μητροπολιτῶν
2622 5159 3021 5246 δυθῆναιίτοὺς
3092 5168 3394 5250 ὀφείλοντας
3451 5164 3656 5224 ἅπασάν
3711 5188 3769 5223 τε

389 5251 509 5314 bita
521 5252 926 5316 sollicitudine
943 5273 1076 5315 cum
1106 5253 1400 5334 episcopis
1422 5272 1623 5314 earum
1642 5247 2041 5332 'prospiciant,

2129 5254 2229 5322 τὴν
2284 5257 2532 5333 πρόνοιαν
2600 5263 2703 5315 τῶν
2777 5257 3076 5326 ἐκκλησιῶν
3138 5247 3437 5328 ποιεῖσθαι,
3498 5254 3597 5335 ἄρα
3652 5269 3772 5318 τοῖς

387 5341 1000 5404 etadministrationis
1028 5361 1245 5407 annuae
1269 5342 1530 5405 rationes
1555 5340 1795 5416 exigant
1822 5356 1835 5398 :
1859 5337 2042 5426 quod-

2129 5343 2298 5399 αὒτῶν
2355 5346 2686 5424 ἐπισκόποις,
2786 5349 2874 5405 καὶ
2928 5348 3120 5426 λόγους
3199 5351 3298 5414 τῆς
3369 5344 3488 5401 κατ’
3541 5344 3776 5401 ἐνιαυτὸν

387 5449 503 5510 quo
534 5432 895 5511 superﬂuum
930 5440 1018 5494 est
1053 5450 1119 5492 ex
1152 5430 1464 5509 reditibus,
1490 5429 1784 5510 siquidem
1819 5425 2041 5505 aliquid

2126 5433 2526 5511 εἰσπράττεσθιι
2585 5433 2904 5506 διοικήσεως
2940 5453 2954 5468 ’
3011 5425 3120 5492 καὶ
3201 5436 3262 5491 τὸ
3317 5438 3616 5514 περιττεῦον
3673 5438 3779 5488 τῶν

941 5640 950 5649 ι
1954 5556 2203 5628 nom.

470 5692 599 5774 {‘20)
632 5695 715 5769 De
747 5696 919 5785 hujus
946 5704 1117 5769 aetate
1150 5696 1369 5763 dictum
1405 5693 1512 5756 lib.
1548 5690 1921 5779 praecedente
1957 5706 2164 5781 (supra
2195 5702 2306 5769 τοι.
2347 5704 2517 5784 743).
