4192 6220
414 306 535 372 829
554 321 559 325 ’
1740 314 2203 380 GRJECO-ROM
2210 317 2313 379 AN
2324 317 2428 378 UM
2441 364 2454 377 .
3671 311 3794 376 830

408 437 704 517 προσόδων,
782 440 836 497 εἴ
891 462 952 517 γε
1008 443 1096 499 καὶ
1154 445 1477 526 περισσεύοι,
1530 449 1591 503 τὸ
1650 449 1767 524 μὲν,
1824 448 1884 507 ἐκ
1953 454 2003 507 τό

2089 469 2120 504 ει
2140 452 2379 527 superat
2409 447 2619 528 partim
2639 446 2715 510 iis
2742 445 3220 529 ademptum,qui
3254 443 3567 528 metropoli
3592 450 3791 506 aucto-

404 527 600 616 ζημίας
660 529 837 586 αἰτίων
908 531 1200 609 γινομένων
1310 542 1377 611 τῇ
1453 536 1802 616 μητροπολει,
1889 540 2003 597 ταύι

2136 552 2233 596 res
2262 527 2491 616 accepti
2522 536 2868 599 detrimenti
2898 527 3057 616 sunt,
3084 527 3281 599 eidem
3299 534 3584 597 reddatur
3607 532 3788 596 :reli-

404 612 649 707 δηλονότι
679 616 1006 676 ἀναδίδοσθαι
1055 636 1068 650 ·
1102 622 1164 677 τὸ
1191 618 1236 677 δ’
1268 621 1327 679 ἐκ
1355 623 1462 679 τῶν
1517 612 1721 682 λοιπῶν
1777 645 2003 707 συντηρε

2136 641 2317 703 quum
2349 612 2634 703 ecclesia,
2669 625 2829 689 nulla
2859 612 3243 687 innovatione
3297 624 3474 700 facta,
3509 620 3623 684 sibi
3652 640 3785 683 ser-

411 703 525 785 τήν
541 703 825 774 ἐκκλησίαν
856 707 1300 785 ἀκαινοτόμητον.
1942 703 1951 707 ⁷
2136 719 2250 774 vet.

489 783 620 853 ’Ὁτι
651 792 706 850 δὲ
775 802 1055 865 κανονικῆς
1099 783 1317 878 ἔχονται
1360 798 1623 880 ἀκριϐείας
1653 804 1718 859 τα
1761 805 2003 884 ὁρισθέντε

2215 798 2381 872 Quod
2404 809 2597 862 autem
2621 801 2745 863 haec
2768 819 2802 863 a
2821 799 2993 863 nobis
3014 801 3092 862 ita
3116 800 3786 872 deﬁnita,consontanea

403 879 456 947 ἐξ
525 882 698 973 αύτῶν
766 883 917 941 θείων
971 887 1208 943 κανόνων
1279 886 1560 951 δείκνυται.
1636 894 1732 949 Καὶ
1793 879 1950 973 ’γὰρὸ

2131 886 2562 951 sintaccuratae
2610 908 2903 952 canonum
2938 889 3146 963 menti,
3182 908 3249 950 ex
3282 887 3427 968 ipsis
3457 886 3784 948 canonibus

403 970 495 1026 καὶ
522 958 580 1026 κ’
605 975 705 1038 τῆς
773 971 829 1027 ἐν
874 970 1174 1053 Ἀντιοχείᾳ
1226 975 1439 1033 συνόδου
1481 978 1678 1051 κανὼν,
1752 958 1883 1045 τοῖςΙ
1926 980 2003 1037 ἐπι

2132 976 2320 1037 sacris
2351 986 2606 1039 constat.
2658 976 2801 1039 Nam
2842 977 3080 1059 quintus
3111 985 3172 1040 et
3219 958 3537 1038 vicesimus
3567 974 3778 1036 Antio-

403 1057 624 1124 σκόποις
672 1059 771 1128 τὴν
822 1059 1052 1126 ἐξουσίαν
1122 1066 1225 1120 νῶν
1306 1064 1760 1132 ἐκκλησιαστικῶν
1834 1068 2003 1148 ἐπιτρὲ

2130 1066 2336 1126 chenaa
2354 1066 2561 1145 synodi
2580 1084 2793 1142 canon,
2822 1057 3168 1146 potesta'em
3189 1066 3247 1126 in
3269 1083 3365 1127 res
3411 1062 3779 1125 ecclesiasti-

402 1169 518 1203 πων
546 1151 893 1228 πραγμάτων,
952 1150 1144 1209 κωλύει
1201 1150 1546 1229 μεταϐάλλειν
1618 1158 1747 1213 αὐτὰ
1788 1160 1861 1222 εἷς
1915 1156 2043 1218 ἰδίας

400 1236 607 1316 χρείας,
662 1240 750 1294 καὶ
807 1241 1016 1305 οἰκείοις
1087 1243 1257 1301 αὐτῶν
1322 1244 1592 1321 συγγενέσι
1661 1245 1938 1326 παρέχειν,
1971 1248 2042 1312 εἰς

395 1326 458 1381 τὸ
480 1323 565 1381 διὰ
590 1326 776 1384 τοῦτου
799 1325 1099 1395 λεληθότως
1129 1329 1447 1407 βλάπτεσθαι
1515 1334 1637 1396 τοὺς
1689 1323 1879 1411 λόγους
1925 1323 2041 1391 τῶν

394 1412 712 1505 ἐκκλησιῶν.
763 1419 855 1474 Διὸ
897 1418 991 1475 καί
1035 1420 1344 1483 ὓπευθύνους
1421 1435 1544 1487 ταῖς
1600 1421 1718 1479 κατ’
1777 1425 2038 1505 ἐπαρχίαν

394 1500 627 1566 συνόδοις
684 1507 865 1584 τιθεὶς,
932 1508 996 1563 τὸ
1049 1508 1248 1587 πρέπον
1305 1509 1489 1574 αὖτοὺς
1558 1509 1853 1587 δοκιμάζειν
1884 1500 2032 1569 -ἐπι-

389 1589 593 1668 τρέπει.
630 1593 728 1650 Καὶ
776 1594 945 1651 τοίνυν
1000 1596 1279 1668 κάνταῦθα,
1328 1596 1441 1655 ἐπεὶ
1507 1601 1642 1656 κατὰ
1694 1602 1757 1656 τὸ
1814 1599 2035 1669 λεληθὸς

390 1680 524 1759 πρὸς
570 1681 664 1745 τὰς
725 1683 1083 1762 μητροπόλεις
1144 1685 1358 1765 ᾧχεται
1426 1688 1492 1744 τὰ
1542 1694 1637 1756 τῆς
1690 1687 1914 1766 βλάϐης,
1975 1693 2037 1747 τὸ

2128 1172 2226 1214 cas
2257 1153 2550 1234 episcopis
2593 1155 2950 1226 concedens,
2985 1154 3303 1235 quominus
3358 1171 3458 1214 eas
3516 1151 3576 1212 in
3639 1169 3778 1212 usus

2123 1237 2261 1302 suos
2282 1252 2646 1314 convertant,
2682 1243 3061 1323 cognatisque
3083 1241 3205 1302 suis
3238 1240 3630 1322 praebeantmt
3664 1240 3777 1301 hoc

2124 1329 2301 1390 modo
2332 1329 2592 1392 rationes
2617 1331 3002 1393 ecclesiarum
3026 1331 3202 1391 tacite
3225 1329 3646 1391 detrimentum
3670 1346 3773 1388 ca-

2120 1416 2305 1497 piant,
2361 1418 2659 1498 prohibet.
2694 1418 2955 1500 Ideoque
3005 1419 3333 1481 rationibus
3388 1417 3459 1479 ad
3518 1416 3774 1496 synodos

2121 1507 2512 1585 provinciales
2545 1507 2868 1569 reddendis
2919 1507 3205 1569 obnoxios
3262 1505 3507 1580 faciens,
3569 1503 3772 1565 decori

2119 1594 2463 1675 explorandi
2479 1615 2678 1658 curam
2696 1598 2782 1659 eis
2805 1595 3453 1677 injungit.Quapr0pter
3465 1593 3560 1655 hic
3571 1593 3767 1668 etiam,

2120 1701 2253 1745 cum
2286 1685 2460 1746 tacite
2487 1686 2767 1748 damnum
2800 1687 2872 1747 ad
2925 1686 3085 1767 ipsas
3143 1683 3501 1765 metropoles
3537 1683 3764 1755 ledeat,

388 1766 588 1860 πρέπον
628 1769 811 1860 ηκαθ⁹
837 1773 982 1848 ἡμᾶς
1014 1773 1136 1853 ἁγία
1176 1773 1390 1840 σύνοδος
1446 1774 1793 1854 δοκιμάσασα,
1868 1779 2000 1857 ἀναγ

2089 1772 2244 1857 ,haec
2266 1782 2471 1837 sancta
2486 1776 2743 1856 synodus
2789 1784 3010 1851 nostra,
3046 1773 3251 1836 decori
3280 1774 3505 1835 ratione
3536 1770 3759 1860 habita,

389 1856 550 1921 καίως
618 1859 719 1927 τὴν
743 1937 753 1946 _
786 1866 894 1916 τῶν
949 1862 1241 1938 οἰκονόμων
1334 1868 1670 1946 προχείρισιν
1742 1856 2003 1933 διετάξατο

2118 1865 2455 1924 necessario
2476 1863 2926 1925 constituendos
2946 1862 3459 1925 administratores
3479 1858 3759 1934 decrevit,

383 1942 632 2027 κ-ανὰξτὸν
677 1937 753 2003 ια’
794 1947 1038 2016 δηλονότι
1082 1955 1179 2020 τῆς
1248 1937 1480 2027 ἐϐδόμηέ
1546 1953 1756 2012 συνόδου
1812 1958 2028 2017 κανόνα.

389 2021 612 2093 ’Ἄδειαν
655 2037 754 2115 γὰρ
783 2035 988 2104 ἐκεῖνος
1050 2037 1224 2096 δίδωσι
1281 2021 1378 2099 καὶ,
1437 2049 1514 2118 τῷ
1570 2044 1850 2122 ἁγιωτάτῳ
1918 2068 2029 2101 πα-

384 2123 639 2204 τριάρχῃ,
712 2127 799 2182 καὶ
852 2141 970 2191 τοῖς
1027 2130 1327 2208 ἱερωτάτοις
1386 2132 1822 2210 μητροπολίταις,
1879 2137 2026 2192 οἷκο-

377 2211 567 2304 νόμους
609 2217 860 2287 καθιστᾷν
890 2219 946 2273 ἓν
1016 2232 1136 2284 ταῖς
1202 2219 1529 2297 ἐκκλησίαις,
1588 2224 1663 2279 ὧν
1718 2226 1764 2279 οἱ
1819 2247 2025 2304 μητρο-

374 2298 596 2357 πολῖται
638 2303 726 2359 καὶ
755 2306 802 2359 οἱ
833 2304 1109 2364 ἐπίσκοποι
1138 2318 1290 2368 τοῦτο
1319 2324 1495 2368 ποιεῖν
1537 2316 1630 2372 οὐκ
1656 2298 1958 2391 ἀνέχονται·
1986 2313 2021 2383 ἢ

379 2390 467 2446 καὶ
498 2397 673 2457 κακῶς
703 2394 770 2448 τά
816 2400 921 2469 τῷν
981 2395 1313 2464 Ἐκκλησιῶν
1365 2397 1647 2463 διέπουσιν,
1725 2390 1853 2460 ’Ὁτι
1908 2401 1960 2459 δὲ
1993 2407 2022 2460 ὁ

375 2485 609 2543 τοιοῦτος
651 2481 826 2537 κανὼν
855 2489 933 2559 τῷ
958 2490 1051 2540 τοῦ
1100 2488 1354 2565 προτεροῦ
1407 2486 1608 2561 συνᾴδει
1677 2498 1882 2565 σκοπῷ,
1930 2493 2020 2548 οὗ·

374 2565 497 2658 δένα
526 2568 687 2658 οἶμαι
735 2566 1136 2651 διαμφιϐαλλειν
1191 2580 1296 2631 τῶν
1366 2577 1444 2652 μὴ
1503 2577 1778 2658 παρέργως
1835 2581 2018 2645 αὐτοῖς

371 2657 466 2712 τὸν
495 2664 614 2715 νοῦν
672 2656 1029 2739 ἐφιστώντωυ,
1062 2658 1212 2720 Ἐπεὶ
1254 2663 1342 2720 οὗν
1412 2656 1650 2747 ἐνταῦθα,
1688 2656 1783 2731 νὼς
1837 2676 2017 2749 σαφῶς

370 2743 757 2822 ἀποδέδεικται,
790 2762 907 2812 τοῖς
938 2750 1096 2815 θείοις
1127 2752 1340 2809 κανόσιν
1389 2743 1645 2828 ἑπόμενοι⁷
1679 2756 1746 2812 τὰ
1774 2743 2018 2838 ἀνωτέρω

369 2834 623 2925 εἰρημένα
705 2834 1127 2919 διετυπώσαμεν,
1222 2838 1305 2898 δεῖ
1402 2845 1565 2899 ταῦτα
1632 2834 2013 2925 διενεργεῖσθαι

363 2922 790 3005 ἀναμφιλέκτως,
821 2924 907 2982 ἐπί
960 2949 1017 2984 τε
1059 2934 1167 2985 τῶν
1219 2927 1324 2998 ἠδη
1381 2930 1643 3010 προξένων
1716 2922 2016 3013 γεγονότων

362 3012 555 3101 ζημίας
609 3025 733 3101 ταῖς
790 3015 1181 3095 μητροπόλεσιν
1230 3018 1558 3101 ἐπισκόπων,
1630 3024 1718 3079 καὶ
1758 3012 1845 3079 ἐπὶ
1901 3030 2008 3080 τῶν

2113 1951 2441 2012 secundum
2475 1970 2536 2014 x1
2564 1952 2793 2014 scilicet
2821 1951 3058 2013 concilii
3110 1951 3673 2033 septimicanonem.
3707 1948 3762 2010 Is

2113 2038 2270 2100 enim
2307 2039 2600 2102 licentiam
2635 2042 2733 2101 dat
2775 2047 2897 2101 tum
2956 2040 3333 2101 sanctissimo
3382 2038 3752 2120 patriarchae,

2112 2132 2234 2188 tum
2269 2128 2684 2190 sacratissimis
2719 2128 3196 2207 metropolitanis
3224 2146 3570 2188 mconomos
3607 2126 3663 2186 in
3687 2126 3760 2188 iis

2111 2215 2382 2277 ecclesiis
2439 2216 2861 2292 constituendi,
2911 2235 3157 2298 quarum
3217 2216 3653 2297 metropolitani
3703 2224 3762 2279 et

2107 2303 2374 2383 episcopi
2405 2305 2518 2366 hoc
2556 2306 2752 2367 facere
2784 2325 2902 2367 non
2955 2305 3274 2382 sustinent,
3307 2314 3408 2366 aut
3457 2305 3611 2367 male
3660 2324 3759 2368 res

2107 2392 2501 2454 ecclesiarum
2530 2393 2968 2456 administrant.
3007 2392 3172 2466 Quod
3215 2403 3409 2455 autem
3443 2412 3631 2454 canon
3658 2393 3760 2457 ille

2103 2498 2241 2542 cum
2274 2500 2454 2562 scopo
2478 2482 2692 2563 prioris
2723 2482 3385 2555 consentiat,neminem
3419 2500 3488 2542 ex
3518 2481 3591 2542 iis
3623 2501 3751 2543 am-

2102 2567 2305 2648 bigere
2324 2569 2713 2652 arbitror,qui
2745 2588 2862 2632 non
2881 2570 3075 2651 otiose
3102 2580 3360 2632 mentem
3393 2569 3452 2631 in
3484 2588 3584 2631 eos
3608 2572 3756 2632 deti-

2101 2665 2266 2736 gunt.
2302 2656 2444 2721 Cum
2476 2658 2656 2735 igitur
2700 2659 2822 2733 hic,
2857 2658 2941 2720 uti
3002 2657 3227 2739 liquido
3286 2658 3752 2720 demonstratum

2100 2753 2520 2822 est,sacrorum
2554 2766 2848 2809 canonum
2879 2746 3138 2825 vestigiis
3168 2745 3535 2829 insistentes,
3567 2766 3747 2828 snpe-

2099 2833 2227 2895 rius
2259 2835 2515 2898 indicata
2562 2835 3019 2911 sanciverimns,
3054 2844 3288 2917 oportet
3317 2854 3386 2898 ea
3425 2835 3569 2898 citra
3601 2855 3749 2899 con-

2101 2923 2513 2987 tradictionem
2566 2925 2834 3006 exsequi,
2887 2932 3003 2986 tam
3062 2924 3122 2986 in
3179 2924 3253 2986 iis
3295 2925 3616 3008 episcopis,
3650 2926 3751 3008 qui

2102 3011 2388 3075 hactenus
2418 3020 2692 3076 auctores
2713 3013 3048 3076 exstiterint
3070 3014 3298 3095 accepti
3321 3014 3749 3097 metrOpotibus

365 3098 469 3167 ἤδη
500 3099 973 3180 προσδοκωμένων,
1046 3108 1131 3163 καὶ
1203 3114 1381 3174 κακῶς
1437 3109 1504 3165 τὰ
1543 3098 1662 3167 -τῶν
1718 3110 2003 3179 ἐκκλησιῶν

2100 3099 2325 3178 damni,
2359 3121 2535 3184 quam
2569 3103 2666 3184 qui
2699 3103 2984 3183 deinceps
3040 3110 3476 3183 exspectantur,
3511 3112 3568 3164 et
3599 3104 3750 3167 male

366 3189 820 3273 καταχρωμὲνων,
877 3194 965 3250 καὶ
1052 3196 1466 3271 ἐκποιουμένων,
1540 3200 1631 3255 καὶ
1688 3200 2004 3280 σκορπίζόν-

363 3298 471 3366 των
527 3278 897 3362 ἀνελευθέρως,
957 3281 991 3338 ἃ
1033 3284 1127 3341 οὐκ
1195 3284 1581 3366 ἐπισυνήγαγον
1650 3278 1856 3358 αὐταῖς,
1920 3290 2008 3346 καὶ

361 3364 595 3442 μάλιστα
636 3374 742 3425 τῶν
797 3370 864 3425 τὰ
904 3368 1156 3451 ἀλλότρια
1214 3374 1462 3449 κτήματα
1502 3364 2001 3452 ἐκλαμϐανομένων,

357 3453 525 3545 ᾒκαὶ
591 3458 852 3545 κοσμικὰς
903 3458 1124 3526 ἀναξίως
1199 3463 1717 3541 μεταχειριζομένων
1787 3487 2004 3545 φροντι-

357 3540 472 3616 δας,
544 3551 653 3601 τῶν
693 3543 749 3602 δὲ
798 3553 898 3615 τῆς
954 3547 1230 3629 λαχούσης
1300 3540 1487 3616 αὐτοὺς
1515 3540 2001 3632 καταφρονούντων.

361 3629 524 3690 Ἀλλὰ
552 3635 639 3691 καὶ
698 3641 803 3692 τῶν
857 3638 1132 3720 τοιούτων,
1178 3640 1223 3695 εἰ
1276 3639 1353 3715 μὴ
1420 3629 1859 3722 μεταϐάλλοιντο,
1916 3644 2004 3699 καὶ

356 3721 652 3801 καθαίρεσιν
681 3721 885 3782 τελείαν
915 3728 962 3783 oi.
1018 3733 1110 3784 τοῦ
1180 3726 1341 3805 λόγου
1409 3728 1602 3804 μύσται
1672 3732 1759 3787 καί
1828 3721 1998 3807 μυστ-

355 3813 553 3888 αγωγοὶ
581 3817 688 3867 τῶν
732 3812 977 3894 Πατὲρων
1025 3816 1117 3871 σὺν
1173 3817 1356 3881 αὖτοῖς
1414 3815 1631 3882 ἐκείνοις
1685 3820 1994 3894 καταψηφί-

352 3904 551 3972 ζονται,
579 3903 812 3976 μηκενὸς
872 3900 1119 3978 ἐμποδίου
1183 3904 1324 3982 παρὰ
1364 3911 1470 3962 τῶν
1533 3905 1837 3963 ἐπισκόπων
1906 3908 1988 3963 ὲπ-

354 3987 614 4066 αγομένου
654 4002 773 4053 τοῖς
804 3991 1129 4070 πράγμασιν,
1174 3991 1333 4073 ἄχρις
1377 3995 1438 4049 οὗ
1465 3994 1530 4053 τά
1584 4016 1641 4051 τε
1672 3997 1996 4071 ζημιώματα

342 4088 477 4166 ἰταῖς⁸
518 4076 911 4156 μητροπόλεσιν
967 4083 1221 4158 ίκανωθῇ,
1314 4080 1365 4147 ἐξ
1421 4080 1495 4138 ὤν
1552 4084 1639 4139 καὶ
1693 4082 1990 4166 ἐπηνέχθη,

342 4165 431 4220 καὶ
457 4162 741 4243 διαγνωσις
771 4166 989 4245 γένηται
1018 4176 1111 4225 τοῦ
1139 4167 1348 4243 λοιποῦ,
1384 4169 1495 4227 εἴτε
1564 4173 1694 4250 πρὸς
1756 4174 1821 4228 τὰ
1862 4162 1998 4232 *ἐπιλ-

338 4252 553 4328 κείμένα
600 4254 814 4320 ταύταις
868 4255 1139 4335 ἐξαρκοῦσι
1208 4258 1367 4337 βάρη,
1441 4256 1552 4316 εἴτε
1636 4262 1722 4316 καὶ
1778 4262 1876 4336 μή.
1940 4264 1999 4319 Εἰ

334 4338 396 4397 δέ
423 4363 485 4418 γε
523 4344 625 4422 πρὸ
681 4344 773 4399 τοῦ
844 4345 1008 4401 ταῦτα
1063 4345 1324 4424 γενέσθαι,
1403 4345 1692 4423 τολμήσειέ
1753 4372 1834 4415 τις
1892 4357 1997 4407 τῶν

336 4429 654 4488 ἐπισκόπων
737 4432 999 4513 πρόφασιν
1083 4433 1412 4510 ἐμποδισμοῦ
1489 4450 1606 4500 τοῖς
1696 4438 1993 4514 οἰκονόμοις

331 4516 677 4599 ἐπενεγκεῖν,
736 4521 772 4590 ἢ
842 4521 1243 4602 παρενοχλῆσαι
1313 4537 1433 4587 τοῖς
1493 4525 1789 4604 πράγμασι,
1848 4526 1990 4595 πλὴν

341 4608 435 4665 τοῦ
464 4607 835 4669 ἀναδιδάσκειν
890 4610 944 4666 εἴ
970 4633 1019 4667 τι
1070 4612 1174 4667 τῶν
1243 4614 1372 4691 πρὸς
1429 4612 1687 4693 ὠφέλειαν
1738 4621 1843 4670 τῶν
1892 4615 1986 4672 ἐκ·

331 4695 571 4764 κλησιιῦν
646 4698 949 4757 ἕπίστανται
1036 4698 1328 4768 συντελεῖν,
1401 4704 1555 4765 αὐτὸς
1653 4703 1821 4777 ἑαυτῷ
1888 4706 1985 4770 τῆς

327 4785 573 4860 μείζονος
604 4784 890 4854 καταδίκης
923 4789 1200 4866 γενήσεται
1231 4788 1503 4868 πρόξενος,
1551 4792 1623 4853 ὡς
1690 4805 1807 4853 τοῖς
1863 4814 1954 4847 συν

329 4872 523 4939 οδικῶς
627 4877 714 4931 καὶ
792 4883 1082 4939 κανονικῶς
1186 4878 1469 4956 ὁρισθεῖσιν
1555 4880 1974 4954 ἐναντιούμενος,

329 4959 499 5020 Ἀλλὰ
540 4962 679 5039 μηδὲ
709 4970 808 5032 τῆς
841 4966 972 5022 κατᾶ
1004 4966 1099 5032 τὴν
1144 4964 1407 5046 ἐπαρχιαν
1465 4966 1679 5025 συνόδου
1737 4968 1976 5046 ἀπολιμ-

332 5053 584 5110 πάνεσθαι
666 5055 788 5116 τοὺς
864 5054 1202 5126 ἐπισκόπους,
1280 5056 1446 5135 χωρὶς
1510 5056 1796 5129 ἀναγκαίας
1837 5061 1976 5123 τινὸς

320 5142 412 5197 καὶ
470 5141 830 5226 ἀπαραιτήτου
900 5144 1090 5217 αἰτίας,
1151 5143 1394 5212 σονοδικῆ
1466 5146 1630 5226 ψήφῳ
1671 5147 1757 5201 καὶ
1812 5147 1974 5225 κρίσει

326 5227 677 5308 διοριζόμεθα,
751 5221 837 5294 ἐὶς
922 5232 1022 5311 γὰρ
1077 5230 1160 5288 ἐπὶ
1243 5221 1572 5304 λυοίτελείτῃ⁷
1619 5221 1857 5288 πολλῶν⁷
1886 5236 1973 5291 καὶ

313 5315 604 5395 οἰκοδομῇ,
663 5319 812 5399 τάχα
884 5317 939 5375 δὲ
1034 5321 1125 5378 καὶ
1179 5318 1445 5395 διορθώσει
1510 5322 1758 5378 ἐναντίων
1813 5329 1971 5379 τινῶν

310 5408 723 5482 συμπιπτόντων
782 5408 1089 5489 ἐκασταχῆ,
1144 5406 1227 5465 δεῖ
1280 5408 1339 5465 ἐκ
1394 5410 1593 5473 παντὸς
1646 5410 1811 5467 τόπου
1867 5412 1969 5480 τὴν

317 5494 613 5552 συνέλευσιν
670 5498 900 5576 γίνεσθαι
937 5511 951 5527 ’
1012 5499 1099 5554 καὶ
1156 5499 1184 5553 ὁ
1256 5495 1553 5576 ἆνευλόγως
1612 5498 1809 5566 ταύτης
1871 5500 1969 5581 ἀφ-

315 5590 567 5663 υστερῶν,
683 5584 1010 5660 καλούμενος
1039 5585 1290 5656 ἀπειθῶν,
1345 5586 1388 5640 εί
1417 5586 1495 5663 μὴ
1555 5587 1967 5671 εὖπροιράσιστον

2094 3189 2274 3251 rebus
2302 3191 2697 3253 ecclesiarum
2739 3191 3086 3266 abutuntur,
3123 3209 3343 3271 easque
3373 3191 3655 3266 alienant,
3689 3201 3748 3254 et

2089 3276 2466 3341 illiberaliter
2494 3279 2945 3360 dissipant,qu:e
2964 3297 3069 3359 pro
3093 3278 3179 3339 eis
3195 3277 3309 3358 ipsi
3340 3298 3457 3340 non
3481 3281 3744 3358 college-

2089 3374 2324 3448 runl;ac
2343 3365 3013 3447 praesertim,quialiena
3036 3365 3257 3445 przedia
3277 3365 3614 3427 conducunt
3645 3377 3744 3429 aut

2091 3454 2398 3534 indignum
2431 3455 2493 3516 in
2526 3457 2767 3515 modum
2804 3453 3137 3515 mundanas
3161 3454 3498 3517 curationes
3523 3456 3583 3515 in
3607 3474 3742 3519 sese

2089 3542 2587 3624 suscipiunt,cum
2613 3561 2712 3605 res
2733 3542 3002 3605 ecclesiae
3019 3541 3134 3603 sibi
3166 3543 3595 3606 commendata:
3627 3563 3735 3608 ne-

2088 3630 2497 3710 gligant.Quin
2531 3634 2706 3692 etiam
2743 3629 3033 3704 tales,nisi
3064 3638 3387 3706 mutentur,
3420 3630 3740 3712 depositio-

2086 3722 2180 3780 nis
2211 3717 2402 3800 plenae
2430 3720 2726 3781 sententia
2759 3728 2961 3799 mystae
2990 3717 3153 3780 verbi
3175 3720 3400 3794 Patres,
3427 3728 3484 3781 et
3516 3729 3737 3801 myste-

2081 3808 2310 3869 riorum
2337 3808 2638 3884 doctores,
2687 3827 2801 3870 una
2831 3826 2969 3869 cum
3000 3807 3145 3887 ipsis
3195 3809 3520 3874 damnant:
3575 3811 3737 3873 nullo

2078 3897 2508 3977 impedimento
2530 3898 2713 3959 rebus
2734 3916 2844 3979 per
2873 3897 3186 3978 episcopos
3206 3897 3738 3971 ati‘erendo,donec

2078 3985 2134 4046 ei
2160 3984 2236 4046 de
2266 3985 2500 4048 damnis
2544 3986 2910 4049 satisfactum
2969 3985 3403 4066 metropolibus
3454 3986 3633 4050 fuerit
3660 3989 3734 4052 ab

2079 4072 2218 4145 iis,a
2249 4074 2467 4154 quibus
2497 4074 2659 4136 illata
2709 4083 2870 4149 sunt,
2905 4082 2962 4136 et
3012 4074 3349 4152 cognitione
3378 4074 3549 4151 facta,
3582 4094 3733 4139 con-

2081 4163 2299 4225 stiterit
2328 4162 2389 4223 in
2421 4171 2744 4243 posterum,
2780 4182 2856 4225 an
2907 4162 3390 4225 incumbentibus
3418 4165 3530 4227 sibi
3564 4167 3729 4229 sufﬁ-

2080 4249 2240 4312 ciant
2266 4251 2549 4314 oneribus
2591 4252 2972 4334 metropoles,
3008 4271 3224 4314 necne.
3256 4250 3422 4324 Quod
3459 4254 3511 4316 si
3541 4256 3726 4338 prius,

2080 4357 2255 4419 quam
2287 4340 2414 4403 haec
2439 4342 2604 4417 ﬁant,
2640 4341 3054 4423 episcodorum
3086 4341 3378 4421 quispiam
3412 4343 3588 4404 fuerit
3616 4362 3727 4404 au-

2080 4444 2182 4489 sus
2212 4429 2628 4509 impedimenti
2659 4450 2894 4492 causam
2954 4429 3285 4491 ceconomis
3315 4431 3602 4508 objicere,
3634 4433 3728 4494 vel

2081 4516 2411 4578 molestiam
2446 4517 2701 4596 negotiis
2731 4519 2943 4579 aﬂ'erre
2969 4533 2983 4575 :
3032 4524 3195 4577 extra
3224 4535 3399 4596 quam
3430 4518 3478 4577 si
3510 4519 3730 4581 docere

2072 4604 2213 4665 velit
2241 4605 2464 4686 aliquid
2498 4625 2730 4687 eorum,
2779 4624 2910 4686 quae
2966 4606 3280 4666 commodo
3336 4606 3727 4670 ecclesiarum

2069 4694 2357 4756 servitura
2391 4697 2590 4757 norint
2624 4715 2637 4755 :
2682 4695 2733 4756 is
2756 4695 2943 4775 ipsius
2978 4692 3091 4754 sibi
3118 4693 3405 4771 gravioris
3434 4698 3725 4759 condem-

2068 4782 2326 4844 nationis
2355 4784 2706 4845 conciliator
2729 4783 2863 4857 erit,
2921 4791 2978 4842 ut
3031 4782 3135 4863 qui
3193 4783 3456 4845 deﬁnitis
3486 4804 3553 4848 ex
3614 4805 3725 4848 aii-

2065 4871 2336 4934 ctorilate
2370 4874 2727 4954 synodorum
2762 4880 2820 4934 et
2850 4890 3144 4933 canonum
3180 4872 3546 4935 adversetur.
3569 4874 3724 4948 Quin

2064 4960 2245 5024 etiam
2278 4981 2355 5027 ne
2375 4963 2837 5045 provincialibus
2859 4960 3120 5042 episcopi
3163 4962 3403 5041 synodis
3428 4963 3722 5027 interesse

2062 5050 2385 5131 negligant,
2420 5052 2645 5133 absque
2677 5052 3017 5114 necessaria
3072 5056 3322 5130 quadam
3357 5061 3415 5115 et
3472 5053 3724 5117 minime

2058 5140 2309 5219 rejicula
2325 5160 2502 5203 causa
2524 5140 2787 5222 synodali
2816 5139 3059 5200 decreto
3078 5140 3491 5222 sententiaque
3508 5150 3662 5204 statu
3675 5143 3725 5205 i-

2060 5246 2214 5290 mus.
2246 5229 2474 5313 Quippe
2502 5245 2780 5311 tanquam
2820 5229 2892 5290 ad
2932 5226 3251 5290 utilitatem
3310 5233 3629 5293 multorum
3663 5252 3722 5310 ei
3780 5232 3783 5234 ’

2058 5316 2615 5395 aediﬁcationem,“
2641 5316 2906 5382 fortassis
2930 5316 3102 5379 etiam
3118 5321 3552 5380 correctionem
3577 5339 3719 5382 con-

2058 5408 2372 5471 trariorum
2406 5428 2542 5491 quo:
2563 5409 2837 5482 umdam,
2870 5406 3124 5488 singulis
3153 5407 3521 5488 temporibus
3551 5409 3713 5472 inci-

2056 5498 2352 5576 dentium,
2379 5519 2411 5561 e
2433 5497 2644 5582 quovis
2678 5494 3150 5561 conveniendum
3178 5505 3267 5557 est
3297 5495 3427 5558 loco
3461 5515 3476 5562 τ
3517 5504 3576 5559 et
3604 5499 3710 5580 qui

2052 5587 2274 5675 absque
2292 5590 2451 5672 justa
2482 5608 2656 5661 causa
2704 5608 2735 5651 a
2779 5594 3068 5657 conventu
3121 5586 3308 5683 abest,
3344 5594 3444 5648 aut
3475 5599 3715 5666 vocatus
