4192 6220
428 358 549 433 833

1766 370 2342 440 GRECO-ROMAN
2349 368 2457 440 UM

3690 368 3807 442 834

426 504 612 591 αὐτοῦ,
644 502 699 560 ἐν
753 516 871 591 τοῖς
928 504 1206 588 ἐγγράφοις
1263 507 1434 565 αὐτῶν
1474 523 1744 590 τυπικοτς,
1804 507 2067 567 ἀναστέλ-

2159 505 2275 566 suis
2297 505 2536 585 judices
2565 516 2876 585 coercent,
2911 510 3233 590 quominus
3272 509 3335 572 in
3388 526 3675 591 personas
3703 526 3810 571 ec-

428 589 578 652 λουσι
608 592 732 656 τοὺς
799 590 1047 658 δικαστὰς
1113 603 1332 663 τοιαῦτα
1392 599 1465 662 εἰς
1536 600 1602 654 τὰ
1659 589 2072 666 ἐκκλησιαστικᾶ

428 680 778 738 νεανιεύεσθαι
834 683 1113 763 πρόσωπα.
1218 677 1633 766 ’Υφαρπάζεσθαι
1716 689 1816 767 γὰρ
1867 689 1933 747 τὰ
1976 688 2071 744 ἐκ-

428 766 808 844 κλησιαστικᾶ,
896 774 983 829 καὶ
1053 774 1188 855 ἱερὰ,
1247 778 1335 832 καὶ
1388 779 1508 833 θεια
1565 766 1849 856 προνόμια,
1931 778 2074 856 παρὰ

432 863 539 915 τῶν
598 861 896 934 θεματικῶν
949 860 986 930 ἢ
1054 861 1341 921 πολιτικῶν
1424 862 1704 932 δικαστῶν,
1787 866 1925 930 ὅλως
1983 871 2077 926 οὐκ

434 945 759 1026 ἀνεχόμεθα.
790 945 958 1006 Ἀλλὰ
990 951 1075 1007 καὶ
1102 952 1205 1030 πρὸ
1248 954 1402 1028 ἡμῶν
1442 955 1470 1009 ὁ
1510 954 1612 1010 ὑπὸ
1667 955 1864 1011 τούτων
1906 977 2076 1013 κατα-

434 1036 785 1117 φρονούμενος
894 1041 982 1097 καὶ
1062 1041 1510 1121 μυκτηριζόμενος
1621 1045 1773 1116 Θεὸς,
1870 1040 2076 1101 ἔκδικον

434 1129 616 1214 αὐτοῖς
646 1125 842 1184 ἐποίσει
911 1129 1011 1195 τὴν
1053 1129 1436 1211 ἀγανάκτησιν,
1506 1134 1596 1189 καὶ
1662 1155 1761 1200 την
1820 1132 2078 1214 ῥομφαίαν

436 1211 638 1302 δικαίαν
720 1214 997 1274 στιλϐώσει
1076 1222 1174 1286 τῆς
1253 1219 1592 1291 ἐκδικήσεως.
1666 1224 1907 1302 Αἱσχύνη
1939 1211 1948 1214 ν
1978 1223 2108 1299 γὰρ,

434 1303 522 1358 καὶ
572 1298 742 1384 ὕϐρις,
785 1306 906 1371 τοὺς
975 1307 1073 1375 τῆς
1128 1308 1391 1387 θειοτέρας
1462 1311 1550 1367 καὶ
1589 1298 1883 1390 κρείττονος
1950 1298 2074 1385 μοίέ-

438 1412 554 1468 ρας,
614 1391 698 1448 ἐπὶ
754 1400 1025 1470 κοσμικιῖιν
1080 1394 1561 1474 διαπληκτίζεσθαι,
1614 1400 1701 1456 καὶ
1754 1401 1846 1464 τὰς
1906 1396 2077 1456 λοιδό-

437 1499 555 1557 ρους
640 1476 929 1560 διερεθίζειν
1012 1482 1257 1562 γλώσσας
1340 1488 1474 1543 κατὰ
1559 1489 1756 1551 παντὸς
1828 1494 1920 1545 τοῦ
1974 1493 2073 1555 τῆς

435 1565 756 1634 Ἐκκλησίας
829 1571 1211 1651 πληρώματος.
1277 1564 1355 1632 ’Ὁ
1424 1576 1512 1633 καὶ
1578 1574 1807 1652 μάλιστα
1867 1579 1914 1634 οἱ
1970 1583 2075 1634 τῶν

434 1654 722 1732 βασιλικῶν
777 1657 1077 1737 λεγομένων
1136 1668 1313 1739 μονῶν
1363 1666 1453 1722 καὶ
1518 1664 1732 1745 κλήρων
1830 1664 2076 1744 κληρικοὶ

433 1744 523 1800 καὶ
552 1745 862 1820 μονάζοντες
932 1747 1229 1817 ἀνευλαϐῶς
1288 1767 1463 1810 ποιεῖν
1510 1744 1637 1811 καὶ-ν
1666 1754 1886 1819 ἀνοσίως
1946 1757 2077 1833 θρα-

436 1833 698 1914 σύνονται,
752 1836 854 1892 ὑπὸ
921 1840 1191 1916 κοσμικῶν
1247 1842 1544 1921 αἱρούμενοι
1611 1843 1696 1900 ἐπὶ
1749 1842 2076 1921 καταγνώσει

438 1921 636 1979 ἑαυτῶν
693 1924 952 2003 κρίνεσθαι
1020 1929 1109 1985 καὶ
1206 1931 1626 2011 κατακρίνεσθαι,
1699 1932 1787 1997 οὕς
1839 1930 2074 2009 βελτιοῦν

437 2011 581 2067 αὐτοὶ
611 2014 695 2069 καὶ
736 2014 995 2101 ῥυθμίζειν
1038 2017 1322 2096 ἐτάγησαν,
1356 2020 1392 2088 ἢ
1460 2021 1760 2101 ἀρχιερεῦσι
1816 2021 1947 2078 Θεοῦ
2002 2022 2075 2084 εἰς

437 2104 633 2175 γνῶσιν
661 2102 726 2159 τὰ
752 2099 969 2184 διάφορα
996 2107 1315 2186 προτιθέναι,
1347 2110 1434 2165 καὶ
1491 2099 1585 2174 τὰς
1624 2099 1825 2166 τούτων
1882 2111 2074 2183 αἰτίας,

437 2188 525 2243 καὶ
553 2188 651 2256 τὴν
719 2191 1046 2270 ἁρμόζουσαν
1115 2195 1315 2254 ἐκεῖθεν
1368 2200 1645 2276 θεραπείαν
1717 2202 1790 2262 ὡς
1845 2198 1896 2265 ἐξ
1953 2198 2076 2256 ἐπι-

434 2278 718 2363 στημόνων
746 2280 1045 2356 κομίζεσθαι
1073 2286 1291 2363 ἰατρῶν,
1339 2289 1424 2343 καὶ
1473 2288 1602 2362 πρὸς
1671 2287 1767 2355 τὴν
1824 2294 1916 2344 τοῦ
1970 2310 2075 2344 κα-

434 2362 529 2454 λού
558 2364 787 2440 μελέτην
856 2362 1272 2450 ἐπιθαρῤύνεσθαι
1315 2376 1415 2442 τὴν
1457 2375 1669 2454 ἀρετήν.
1732 2375 1898 2434 Ἀλλά
1954 2378 2075 2442 τοὺς

434 2453 541 2509 τῶν
600 2457 849 2513 τοιούτων
909 2463 1277 2542 μοναστηρίων
1363 2453 1633 2545 μοναγχούς
1691 2465 1904 2522 τοιαῦτα
1958 2464 2078 2523 τολ-

432 2547 648 2631 μῶντας
707 2546 989 2614 συνοδικῶς
1073 2549 1495 2631 ἀποφαινόμεθα,
1599 2555 1736 2629 μήτε
1790 2556 1911 2619 τοὺς
1980 2554 2076 2623 τῆς

435 2629 695 2723 ἐπαρχίας
725 2632 928 2703 ἐκείνης
1000 2629 1340 2715 ἐπισκόπους,
1402 2643 1538 2718 μήτε
1591 2644 1713 2708 τοὺς
1783 2666 1911 2723 παρ,
1985 2644 2076 2701 ἐν-

436 2720 601 2799 ορίαν,
648 2721 683 2791 ἢ
728 2726 1053 2803 χειροθεσίας
1122 2728 1419 2805 καταξιοῦν,
1492 2731 1527 2799 ἢ
1597 2731 1837 2811 εὐλογίας
1863 2720 1871 2723 -
1897 2720 2076 2812 ἐτέρας

434 2813 523 2899 καὶ
553 2814 828 2877 κοινωνίας
860 2814 1211 2889 μεταδιδόναι.
1267 2818 1337 2876 Οὐ
1418 2820 1518 2899 γὰρ
1575 2820 1807 2898 πάραδον
1863 2822 2076 2885 ἑαυτοῖς

434 2895 519 2954 ἐπὶ
546 2905 710 2957 ταῦτα
736 2904 1249 2981 πραγματευόμενοι,
1281 2905 1416 2964 ἀλλὰ
1433 2895 1504 2964 ⁷τό
1547 2895 1739 2985 σεμνὸν
1794 2909 1855 2966 ἐκ
1882 2912 2077 2975 παντὸς

432 2987 628 3074 τρόπου
696 2991 784 3047 καὶ
863 2995 925 3048 τὸ
1012 2994 1185 3070 τίμιον
1261 3002 1359 3063 τῆς
1443 2997 1730 3074 μοναδικῆς
1808 2998 2077 3063 πολιτείας

2155 592 2522 657 clesiasticas
2574 595 2711 658 talia
2734 596 3083 677 juveniliter
3123 599 3380 661 audeant
3407 597 3804 661 committere.

2155 680 2386 763 Quippe
2415 684 2642 766 subripi
2673 683 2845 747 nobis
2867 685 3293 762 ecclesiastica,
3318 697 3375 749 et
3403 705 3570 749 sacra
3603 706 3618 747 :
3644 686 3808 748 diva-

2157 788 2274 850 que
2298 771 2622 852 privilegia.
2659 772 2781 835 sive
2830 792 2865 835 a
2897 775 3380 854 provincialibus,
3408 776 3532 837 sive
3560 775 3808 837 urbanis

2151 859 2483 939 judicibus,
2515 862 2757 924 omnino
2791 881 2909 924 non
2968 863 3248 943 patimur.
3280 863 3406 925 Imo
3438 864 3612 926 etiam
3670 870 3809 924 ante

2159 965 2268 1009 nos
2300 949 2429 1030 ipse
2448 952 2629 1025 Dens,
2665 951 2766 1033 qui
2813 951 2887 1014 ab
2918 951 3006 1013 eis
3032 955 3434 1015 contemnitur
3464 962 3523 1015 et
3548 953 3807 1013 subsan-

2158 1044 2355 1110 natur,
2392 1038 2663 1101 ultricem
2697 1040 2758 1101 in
2787 1058 2891 1101 eos
2940 1041 3406 1121 indignationem
3446 1040 3716 1120 stringet,
3751 1047 3811 1101 et

2153 1125 2381 1205 justum
2438 1128 2712 1190 vindictae
2768 1129 3024 1208 gladium
3085 1147 3404 1192 coruscare
3454 1128 3650 1191 faciet.
3710 1127 3810 1189 Est

2158 1215 2315 1277 enim
2350 1225 2408 1279 et
2437 1217 2697 1279 dedecus
2728 1230 2783 1280 et
2807 1217 3433 1299 probrum,divinioris
3453 1236 3521 1280 ac
3542 1216 3807 1278 melioris

2156 1304 2332 1365 sortis
2354 1305 2627 1368 homines
2640 1324 2838 1369 coram
2863 1306 3179 1368 mundanis
3200 1305 3808 1386 litigare,linguasque

2155 1394 2615 1456 contumeliosas
2665 1395 2971 1457 hominum
3030 1395 3090 1456 in
3128 1395 3465 1458 universum
3528 1394 3810 1456 Ecclesiae

2155 1500 2374 1563 corpus
2395 1502 2610 1547 acuere
2667 1485 2834 1558 Quod
2881 1502 3023 1546 sane
3048 1484 3134 1547 vel
3159 1483 3451 1565 imprimis
3480 1483 3805 1564 imperato-

2154 1569 2376 1631 riarum
2409 1575 2571 1653 (quae
2599 1572 2899 1654 dicuntur)
2957 1573 3333 1635 mansionum
3375 1581 3435 1635 et
3484 1572 3807 1648 clerorum,

2163 1666 2279 1720 tam
2312 1660 2538 1736 clerici,
2570 1682 2744 1743 quam
2789 1662 3063 1724 monachi
3126 1663 3369 1743 profane
3399 1670 3575 1743 atque
3630 1658 3810 1740 impie

2160 1746 2360 1809 facere
2392 1768 2498 1829 per
2537 1769 2829 1812 summam
2886 1750 3196 1813 audaciam
3227 1751 3510 1829 gestiunt,
3547 1749 3687 1811 dum
3733 1745 3806 1809 ad

2099 1874 2137 1924 Β
2160 1835 2381 1924 suimet
2402 1839 2960 1901 condemnationem
2982 1838 3240 1918 judicari
3269 1837 3655 1919 damnarique
3687 1853 3808 1897 ma-

2158 1922 2289 1985 lunt
2317 1943 2350 1986 a
2381 1927 2720 2003 mundanis,
2741 1927 2958 2009 quibus
2974 1927 3339 2007 corrigendis
3364 1936 3421 1989 et
3441 1927 3500 1988 in
3533 1926 3802 1989 ordinem

2155 2013 2498 2092 redigendis
2526 2015 2639 2097 ipsi
2683 2016 2944 2098 praefecti
2995 2023 3153 2090 sunt,
3215 2035 3390 2096 quam
3418 2015 3524 2079 Dei
3556 2014 3798 2095 pontiﬁ-

2157 2101 2330 2164 cibus
2351 2103 2643 2166 variorum
2672 2105 3041 2184 negotiorum
3077 2104 3471 2183 cognitionem
3488 2102 3802 2185 permitte-

2155 2200 2428 2272 re,atque
2452 2193 2688 2255 illorum
2713 2212 2920 2256 causas
2939 2193 3662 2255 etsanationemidoneam
3680 2198 3805 2253 tan-

2157 2296 2331 2358 quam
2363 2299 2396 2341 a
2416 2281 2618 2361 peritis
2640 2283 2887 2344 medicis
2908 2282 3598 2362 accipere,ipsorumque
3615 2279 3800 2342 virtu-

2158 2374 2277 2429 tem
2307 2368 2380 2430 ab
2413 2371 2622 2432 iisdem
2656 2371 2897 2433 excitari
2918 2370 2989 2432 ad
3020 2370 3165 2432 recti
3201 2365 3798 2432 meditationem.Sed

2160 2462 2505 2523 auctoritate
2526 2460 2789 2540 synodali
2821 2459 3220 2533 decernimus,
3247 2466 3312 2518 ut
3340 2476 3451 2520 nec
3480 2457 3642 2520 illius
3667 2456 3800 2538 epi-

2159 2545 2320 2625 scopi
2347 2547 2688 2626 provinciae,
2722 2567 2833 2609 nec
2863 2547 3081 2609 diversi
3123 2546 3428 2620 territorii,
3480 2547 3802 2608 monachos

2159 2634 2450 2715 ejusmodi
2483 2636 3112 2718 monasteriorum,qui
3140 2636 3277 2698 talia
3305 2634 3798 2711 committunt,vel

2156 2722 2538 2804 impositione
2564 2744 2841 2788 manuum
2864 2725 3301 2806 dignentur,vel
3319 2724 3405 2786 eis
3424 2723 3598 2785 aliam
3620 2723 3797 2786 bene-

2159 2812 2479 2875 dictionem
2502 2822 2600 2876 aut
2616 2815 3098 2878 communionem
3121 2813 3617 2895 impertiant.Non
3637 2813 3797 2875 enim

2161 2901 2287 2962 haec
2315 2902 2451 2967 ideo
2502 2905 2824 2979 sancimus,
2889 2913 2953 2966 nt
3003 2902 3447 2984 nobismetipsis
3473 2902 3699 2964 aditum
3728 2901 3801 2964 ad

2163 2990 2298 3051 talia
2322 2992 2740 3070 patefaciamus
2764 3014 2779 3067 ;
2801 2993 2904 3054 sed
2924 2992 3086 3054 omni
3109 2991 3281 3053 modo
3316 2994 3446 3053 vitae
3464 2991 3804 3053 monasticae

436 3073 735 3166 διώκὸντες,
764 3080 830 3136 τὰ
858 3082 1089 3160 παρόντα
1119 3082 1464 3165 διοριζόμεθα.
1528 3077 1703 3144 (Ὠστε
1759 3090 1804 3145 εἰ
1862 3089 1940 3166 μὴ
1978 3090 2077 3157 τὴν

2161 3079 2505 3160 dignitatem
2535 3090 2592 3142 et
2610 3083 2974 3144 honestatem
2999 3080 3515 3162 quaerimusAdeo
3534 3080 3803 3161 quidem,

437 3165 700 3258 ἀναφορὰν
734 3167 962 3258 ἐκεῖνοι.
997 3174 1084 3229 καὶ
1125 3174 1224 3242 τὴν
1252 3173 1420 3244 ἀλλην
1445 3177 1607 3252 τιμὴν
1633 3190 1751 3240 τοϊς
1793 3182 1889 3244 τῆς
1919 3178 2080 3258 ἐπαρ-

436 3257 562 3335 χίας
620 3255 979 3317 ἀπςδώσουσιν
1087 3263 1417 3339 ἐπισκόποις,
1536 3266 1632 3324 οὐκ
1698 3255 2076 3342 ἀντιλήψονται

436 3343 560 3432 παρ’
593 3347 760 3404 αὐτῶν
810 3348 846 3416 ἢ
875 3371 981 3430 παρ
1011 3350 1201 3430 ἐτέρων
1248 3354 1533 3432 ἱερωσύνης
1593 3353 1796 3432 ἀξίωμα
1849 3355 1965 3412 οὐδέ
1993 3356 2070 3418 ἓν.

439 3430 733 3526 βληρικοὺς
763 3433 817 3492 δὲ
846 3437 1186 3504 ἀπειθοῦντας
1214 3430 1332 3508 τοὶς
1369 3444 1576 3510 οἰκείοις
1635 3430 2071 3526 μητροπολίταις,

436 3520 700 3611 ἐπίταγμα
783 3526 965 3592 αὐτοῖς
1049 3528 1485 3598 ἐκκλησιαστικὸν
1566 3520 1948 3611 ἆμειησικάκως
2015 3520 2075 3591 cf:

437 3609 652 3668 δυνατὸν
748 3614 1135 3693 ἐπιτάττουσιν,
1210 3620 1501 3680 εὐθύνεσθαι
1557 3609 1933 3701 ἐπιτάσσομεν,
2008 3625 2080 3682 Οὐ

436 3721 538 3791 γαρ
559 3699 908 3791 ανυποταξίαν
954 3709 1045 3764 καὶ
1098 3698 1359 3777 ἆνηκοίαν
1430 3715 1464 3780 ἡ
1526 3713 1760 3791 Κυριακῆ
1803 3698 2078 3788 νομοθετεῖ

438 3786 651 3866 ἐντολὴ,
684 3790 806 3871 ἆλλ⁶
872 3794 1157 3853 εὐπείθειαν
1212 3801 1299 3855 καὶ
1350 3786 1614 3877 ὑπακοήν-
1694 3786 1875 3857 "una
1919 3803 1948 3856 ὁ
2002 3801 2079 3876 μὴ

438 3878 625 3955 ταύτῃ,
666 3888 921 3962 ποιχῶν,
956 3886 1042 3942 καὶ
1083 3892 1183 3954 τῆς
1224 3886 1467 3957 κλήσεως
1496 3891 1584 3946 καὶ
1611 3894 1711 3957 τῆς
1758 3888 2078 3957 Ἐκκλησίας

438 3965 737 4048 ἀλλότριος.
792 3974 923 4038 Τοὺς
977 3971 1031 4030 δὲ
1089 3974 1350 4042 διακονίας
1421 3975 1861 4045 ἐκκλησιαστικὰς
1920 3978 2083 4055 ἐμπε-

437 4058 835 4135 πιστευμένους,
908 4064 997 4119 καὶ
1048 4061 1239 4143 λόγους
1296 4068 1371 4121 ὧν
1425 4065 1824 4142 ἐπιστεύθησαν,
1897 4065 2077 4125 δοῦναι

439 4147 516 4220 μὴ
545 4143 929 4230 ἀνεχομένους,
979 4159 1267 4217 κανονικῶς
1340 4153 1655 4230 εὐθύνεσθαι,
1728 4156 1815 4211 καὶ
1872 4153 2084 4234 ἐκλογι-

440 4247 601 4325 σμοις
668 4238 755 4294 καὶ
810 4237 1036 4305 ἄκοντας
1091 4239 1472 4299 ὑποϐάλλεσθαι
1529 4245 1665 4320 μετὰ
1733 4242 2081 4325 κληρονόμων

437 4325 525 4379 καὶ
555 4322 757 4414 λοιπῶν
798 4328 892 4384 τοῦ
959 4328 1138 4407 γένους
1192 4328 1477 4412 διαδόχων,
1550 4333 1687 4393 κατὰ
1736 4322 1859 4398 τοὺς
1914 4333 2080 4414 ἱεροὺς

2159 3179 2223 3231 ut
2252 3170 2366 3231 nisi
2395 3170 2745 3233 relationem
2779 3174 2826 3234 κ.
2858 3171 2974 3232 lilli
3005 3178 3180 3250 atque
3200 3169 3350 3230 alios
3383 3170 3639 3232 honores
3663 3169 3797 3250 epi-

2160 3259 2356 3339 sc0pis
2384 3278 2507 3322 suae
2538 3260 2850 3338 provinciae
2888 3259 3240 3333 tribuerint;
3292 3257 3551 3318 vicissim
3585 3257 3657 3319 ab
3692 3256 3805 3332 eis,

2159 3348 2249 3409 vel
2273 3348 2346 3410 ab
2396 3348 2550 3429 aliis,
2592 3368 2703 3410 nec
2732 3368 2908 3410 unam
2937 3348 3176 3428 quidem
3206 3345 3522 3407 sacerdotii
3552 3346 3808 3424 dignita-

2164 3444 2280 3497 tem
2300 3436 2586 3517 accipiant
2600 3438 2879 3498 .Clericos
2897 3445 3091 3497 autem
3115 3441 3496 3495 contumaces
3518 3452 3658 3513 erga
3678 3452 3808 3496 me-

2167 3525 2551 3605 tropolitanos
2580 3544 2738 3600 suos,
2765 3526 2865 3604 qui
2896 3524 3231 3583 mandatum
3263 3521 3497 3600 aliquod
3520 3522 3808 3583 ecclesia-

2165 3614 2374 3675 sticum
2399 3617 2631 3687 eis,non
2657 3611 2980 3692 injuriandi
2997 3611 3219 3685 animo,
3245 3610 3524 3690 quodque
3542 3619 3810 3691 praestari

2163 3707 2371 3786 possit,
2406 3705 2742 3785 imponunt,
2778 3704 2837 3764 in
2868 3703 3136 3764 ordinem
3168 3703 3295 3779 cogi
3340 3701 3642 3780 jubemus.
3678 3699 3808 3764 Non

2165 3793 2324 3856 enim
2378 3795 2808 3855 contumaciam
2870 3800 2929 3853 et
2982 3789 3450 3852 inobedientiam
3511 3788 3810 3851 dominico

2166 3895 2461 3964 praecepto
2494 3881 2911 3953 docemur,sed
2942 3880 3281 3942 facilitatem
3340 3878 3400 3938 in
3434 3877 3717 3959 parendo,
3753 3887 3811 3941 et

2163 3971 2621 4051 subjcclionem.
2674 3970 2799 4044 Quo
2858 3988 3001 4031 sane
3040 3968 3142 4049 qui
3175 3987 3239 4029 se
3291 3986 3409 4028 non
3441 3967 3656 4046 dirigit,
3692 3975 3807 4029 tam

2165 4060 2492 4138 vocatione,
2546 4079 2721 4142 quam
2778 4059 3045 4121 Ecclesia
3114 4056 3357 4119 excidit.
3414 4054 3527 4117 Eos
3583 4066 3806 4128 autem,

2165 4150 2380 4231 quibus
2411 4150 2815 4212 ecclesiastica
2863 4146 3197 4210 ministeria
3249 4144 3477 4208 credita
3506 4153 3665 4219 sunt,
3699 4164 3810 4207 nec

2162 4241 2429 4303 rationes
2461 4239 2577 4301 sibi
2603 4239 3055 4303 commissorum
3086 4236 3339 4297 reddere
3370 4234 3807 4312 sustinent,se-

2165 4328 2424 4390 cundum
2451 4347 2712 4390 canones
2743 4328 2803 4389 in
2829 4327 2928 4407 jus
2965 4325 3187 4388 debere
3218 4323 3439 4398 vocari,
3471 4333 3531 4386 et
3556 4324 3629 4385 ad
3666 4323 3807 4385 red-

440 4413 664 4480 κανόνας
720 4416 809 4472 καὶ
863 4414 1167 4485 πολιτικους
1221 4411 1435 4498 νόμους,
1504 4422 1767 4502 ὁρίζομεν,
1841 4411 1988 4480 Ἐπεὶ
2029 4419 2078 4476 δὲ

2166 4416 2392 4480 dendas
2416 4417 2673 4479 rationes
2693 4417 2869 4478 etiam
2893 4415 3129 4495 invitos,
3161 4431 3280 4475 una
3307 4431 3440 4502 cum
3465 4411 3591 4473 suis
3613 4412 3810 4474 haere-

439 4502 528 4558 καὶ
581 4504 698 4584 περὶ
748 4505 1112 4586 μοναστηρίων
1194 4506 1540 4585 ὶκδιδομὲνων
1632 4508 1717 4567 διὰ
1771 4508 1967 4591 δωρεᾶς
2037 4513 2084 4567 οἱ

440 4592 711 4672 ἱερώτατοι
740 4591 954 4675 ἀδελφοὶ
1020 4595 1341 4677 ἀνήγγειλαν
1390 4601 1477 4655 καὶ
1535 4597 1956 4677 συλλειτουργοι,
2009 4599 2084 4661 ὡς

441 4678 739 4749 ἐπιϐλαϐὦς
791 4685 923 4761 πρὸς
1004 4686 1167 4741 ταῦτα
1245 4682 1559 4752 διατεθέντες
1636 4689 1683 4745 οἱ
1738 4689 1832 4753 τὰς
1886 4685 2082 4765 δωρεὰς

442 4769 718 4853 εἰληφότες
786 4774 860 4839 εἰς
928 4771 1160 4853 ἔσχατον
1216 4775 1344 4831 αὐτὰ
1402 4774 1699 4846 συνήλασαν
1786 4777 2083 4856 ἀφανισμὸν

439 4863 534 4927 τὰς
564 4863 764 4920 τούτων
791 4862 1077 4944 προσόδους
1146 4865 1286 4922 οἴκοι
1328 4866 1788 4943 μετακομίζοντες.
1851 4870 1937 4923 καὶ
1979 4888 2082 4945 γυ-

442 4951 549 5029 μνὰ
588 4958 693 5010 τῶν
750 4953 953 5011 οἰκείων
1011 4954 1200 5018 ἐῶντες
1257 4954 1490 5033 ἀγαθῶν,
1545 4955 1697 5036 ἕτερα
1771 4953 1826 5012 δὲ
1882 4957 1970 5013 καὶ
2007 4957 2079 5020 εἰς

441 5041 674 5118 κοσμικὰ
749 5040 962 5109 τελείως
1067 5041 1442 5120 μεταμείϐουσι
1542 5045 1876 5125 καταγώγια,
1959 5045 2080 5107 τούς

441 5130 639 5188 τούτων
682 5133 955 5213 μοναχοὺς
1007 5134 1153 5211 πάσῃ
1209 5129 1377 5206 ἐνδείᾳ
1429 5134 1517 5191 καὶ
1569 5134 1895 5215 στενοχωρίᾳ
1948 5152 2084 5209 μετ-

443 5227 755 5278 αναστεῦσαι
809 5222 897 5279 καὶ
973 5220 1197 5286 ἄκοντας
1280 5220 1483 5279 ἐκεῖθεν
1562 5222 2081 5302 καταναγκάσαντες,

444 5306 646 5375 ἐξέσται
671 5309 881 5388 αὐτοῖς,
950 5312 1071 5377 τοὺς
1122 5309 1391 5375 τοιούτους
1445 5309 1667 5369 εὐθύνειν
1736 5310 1872 5367 κατὰ
1911 5315 2086 5367 πᾶσαν

443 5395 619 5456 ἄδειαν
648 5401 722 5460 εἰς
765 5399 844 5458 ὅτι
873 5398 937 5457 ἂν
979 5402 1236 5480 εὐρεθεῖεν
1305 5399 1373 5457 τὰ
1442 5399 1768 5479 μοναστήρια
1835 5420 2084 5456 καινοτοο

2166 4507 2364 4583 dibus,
2396 4524 2466 4569 ac
2493 4506 2731 4568 caeteris
2760 4502 3208 4567 successoribus
3260 4500 3440 4580 adigi,
3471 4502 3807 4563 secundum

2166 4615 2367 4659 sacros
2393 4614 2652 4658 canones
2682 4602 2739 4656 et
2772 4593 2934 4673 leges
2963 4591 3191 4665 civiles,
3224 4588 3627 4652 decernimus.
3664 4587 3813 4660 Quia

2164 4702 2303 4747 vero
2334 4685 2513 4748 etiam
2546 4684 2621 4747 de
2681 4681 3074 4756 monasteriis,
3127 4697 3258 4761 quae
3290 4695 3395 4760 per
3427 4676 3809 4740 donationem

2165 4775 2456 4845 locantur,
2514 4771 2874 4835 sanctissimi
2925 4772 3137 4833 fratres
3195 4776 3256 4830 et
3309 4766 3703 4828 comministri
3737 4767 3811 4828 ad

2165 4881 2273 4926 nos
2298 4863 2657 4936 retulerunt,
2687 4860 2844 4941 quod
2890 4860 2991 4941 qui
3023 4858 3372 4920 donationes
3400 4855 3530 4917 illas
3558 4873 3810 4937 accepe-

2164 4961 2322 5027 runt,
2355 4952 2484 5033 ipsa
2513 4949 2873 5012 monasteria
2904 4966 3109 5030 parum
3139 4946 3326 5027 aequis
3347 4945 3543 5007 affecti
3582 4945 3655 5007 ad
3705 4964 3813 5008 ex-

2164 5048 2416 5103 tremum
2448 5058 2518 5102 ea
2556 5038 2827 5118 redigant
2873 5036 3202 5111 interitum,
3239 5035 3479 5097 domum
3511 5052 3677 5096 suam
3709 5053 3813 5097 re-

2163 5129 2320 5190 ditus
2337 5145 2541 5189 eorum
2561 5126 2963 5206 deportantes,
2991 5125 3238 5204 ipsaque
3255 5121 3427 5185 bonis
3452 5122 3575 5184 suis
3593 5121 3814 5184 nudata

2162 5216 2589 5298 relinquentes,
2614 5216 2893 5296 quodque
2920 5214 3206 5276 nonnulla
3255 5228 3498 5294 prorsus
3519 5211 3580 5272 in
3603 5211 3811 5293 hospi-

2168 5307 2250 5368 tia
2279 5304 2578 5368 mundana
2605 5310 2991 5376 commutent,
3019 5303 3242 5365 coactis
3269 5320 3475 5365 eorum
3507 5300 3817 5363 monachis

2171 5414 2276 5478 per
2304 5392 2499 5457 omnis
2520 5392 2759 5474 generis
2779 5410 2979 5456 rerum
3001 5390 3260 5473 inopiam
3294 5398 3350 5454 et
3379 5389 3732 5472 angustiam,
3754 5398 3816 5453 ut

1755 5565 2010 5632 νΑιιυΕ
2054 5562 2367 5630 LECTION
2375 5565 2486 5628 ES.

521 5670 595 5716 H
630 5673 897 5735 nominis
928 5675 1544 5738 commemorationem
1575 5674 1642 5736 in
1669 5671 1887 5738 sacris.
