4192 6220
472 369 590 435 835

478 593 636 653 modi
669 594 938 654 homines
969 592 1213 664 impune
1244 610 1380 653 reos
1412 611 1604 672 peragi
1628 610 1694 652 re
1726 592 1799 652 de
1817 591 2122 672 quibusvis

473 681 708 742 damnis
741 689 801 743 et
829 679 1311 741 innovationibus
1369 679 1583 761 quibus
1615 680 1889 741 nocuisse
1919 698 2121 741 mona-

471 769 671 831 steriis
695 768 1049 849 deprehensi
1092 768 1311 830 fuerint
1343 785 1356 828 τ
1393 776 1572 850 atque
1601 769 1800 837 etiam,
1857 777 1919 828 ut
1949 767 2122 828 malis

473 876 677 918 eorum
699 857 1072 919 curatoribus
1094 876 1162 918 ex
1187 857 1274 918 eis
1291 877 1422 918 cum
1449 858 1810 918 contumelia
1828 856 2115 936 expulsis,

469 945 656 1008 libere
681 945 923 1025 juribus
955 962 1021 1006 ea
1058 945 1578 1024 metropolitanum
1610 943 2114 1017 vinditent.Qu0d

467 1034 517 1094 si
550 1037 796 1095 fortasse
812 1042 1116 1095 curatores
1147 1052 1348 1094 eorum
1372 1033 1594 1114 aliquid
1629 1033 1879 1094 habeant
1903 1032 2114 1114 proba-

467 1121 609 1195 bile,
647 1123 800 1203 quod
837 1122 930 1183 his
951 1121 1235 1201 objiciant
1270 1145 1283 1181 :
1319 1142 1434 1183 non
1467 1121 2118 1184 adeantmundanatrio

465 1210 722 1272 bunalia.
759 1211 988 1290 Quippe
1019 1212 1131 1272 hoc
1186 1211 1338 1272 facto
1371 1211 1598 1292 seipsos
1657 1211 1817 1270 omni
1841 1211 1978 1289 jure
2009 1229 2113 1271 suo

467 1301 810 1362 excludent.
847 1299 961 1361 Sed
987 1299 1057 1360 ad
1083 1318 1309 1361 sacram
1332 1301 1617 1380 synodum
1654 1310 1914 1360 nostram
1938 1317 2113 1360 acce-

470 1388 640 1462 dant,
675 1387 950 1469 quodque
999 1388 1085 1448 fas
1144 1407 1374 1468 aequum
1434 1388 1630 1459 fuerit,
1690 1388 2106 1464 impetrabunt.

463 1476 672 1558 Neque
699 1495 840 1538 vero
869 1475 1170 1537 credimus
1200 1495 1557 1557 quemquam
1578 1475 2105 1537 sacratissimorum

465 1563 1077 1645 metropolitanorum,
1111 1573 1168 1625 et
1197 1573 1541 1626 caeterorum
1579 1564 1938 1645 pontificum,
1966 1564 2106 1626 abs-

463 1672 577 1733 que
609 1671 786 1714 causa
815 1663 870 1714 et
893 1652 1446 1734 immerito,perque
1476 1653 1659 1714 solam
1693 1652 2106 1732 injuriam,be-

474 1741 825 1802 neftciorum
856 1741 1164 1802 mansione
1195 1744 1494 1822 expellere
1526 1761 1539 1804 :
1574 1742 1687 1803 nisi
1717 1742 1850 1821 quis
1870 1741 2110 1820 indigne

1851 374 1882 436 ,ἶ
1889 371 1982 434 US
2021 370 2466 436 CANONICUM

475 501 614 566 inde
648 503 737 566 vel
768 503 938 567 inviti
969 502 1292 566 abscedant
1333 523 1348 564 :
1383 503 1608 564 licitum
1667 503 1754 563 eis
1784 511 1932 571 esto.
1969 502 2091 581 ejus

2175 504 2458 578 ιμέσαντές
2528 528 2583 562 τε
2658 509 2740 562 καὶ

3727 365 3847 434 836

2823 504 3254 582 καταϐλέψαντες
3291 523 3307 539 ⁶
3372 506 3497 563 εἶτα
3569 505 3658 561 καὶ
3725 515 3844 562 τοῖς

2201 590 2418 658 δικαίοις
2472 602 2577 650 τῶν
2661 595 3043 674 μητροπόλεων
3097 595 3383 667 ἀνασώζειν
3441 593 3528 650 ἐπ’
3614 591 3841 668 ἐξουσίᾳ,

2200 682 2319 744 τοὺς
2349 684 2538 744 κακοὺς
2584 683 2752 739 αὖτῶν
2783 685 3088 763 φροντιστὰς
3149 683 3260 758 μεθ’
3320 680 3516 761 ὕϐρεως
3587 679 3639 746 ἐξ
3670 681 3841 735 αὖτῶν

2200 768 2545 832 ἆπελάσασιν.
2596 774 2650 829 Εἰ
2681 771 2735 827 δέ
2776 794 2826 828 τι
2869 775 3034 852 τυχὸν
3082 772 3260 852 ἔχοιεν
3313 774 3443 851 πρὸς
3492 779 3655 830 ταῦτα
3683 767 3840 824 εὔλο-

2198 879 2292 935 γον
2339 861 2625 937 προτείνειν
2683 861 2728 916 οἱ
2791 861 2987 917 τούτων
3055 862 3364 938 προνοηταὶ,
3437 860 3514 935 μὴ
3555 868 3839 933 κοσμικαῖς

2198 949 2526 1025 προσίτωσαν
2583 948 2965 1023 δικαστηρίοις.
3027 947 3176 1006 Ἐπεὶ
3247 947 3570 1004 ἐκκλείσουσι
3639 947 3838 1007 παντὸς

2199 1033 2397 1090 δικαίου
2441 1038 2673 1101 ἑαυτοὺς,
2723 1035 2887 1094 Ἀλλὰ
2927 1043 2994 1113 τῇ
3045 1037 3159 1093 καθ’
3214 1039 3356 1112 ἡμᾶς
3413 1039 3523 1114 ἱερᾷ
3577 1056 3839 1114 προσφοι-

2197 1124 2437 1180 τάτωσαν
2465 1124 2618 1181 συνόδ
2635 1149 2682 1205 ρ,
2743 1129 2830 1182 καὶ
2883 1131 2984 1192 τῆς
3043 1124 3398 1206 ἐνδεχομένης
3449 1129 3543 1184 οὒκ
3598 1124 3837 1198 ἀμοιρή-

2198 1234 2343 1270 σουσι
2403 1211 2748 1278 δικαιώσεως.
2805 1211 3079 1278 Ἀναιτίως
3152 1214 3230 1292 δὲ,
3313 1216 3401 1270 καὶ
3472 1211 3838 1290 ἀνεγκλήτως,

2194 1302 2282 1357 καὶ
2350 1299 2432 1356 διὰ
2488 1301 2656 1377 μόνην
2717 1303 2987 1381 ἐπήρειαν,
3069 1302 3249 1360 οὐδένα
3341 1303 3661 1376 πιστεύομεν
3730 1307 3838 1356 τῶν

2192 1390 2485 1467 ἰερωτάτων
2558 1391 2963 1468 μητροπολιτῶν
3045 1393 3132 1448 καὶ
3206 1390 3405 1448 λοιπῶν
3515 1388 3832 1468 ἀρχιερέων,

2192 1479 2607 1558 χαριστηκᾶριον
2661 1479 2917 1547 ἐξωθῆσαι
2976 1487 3142 1555 μονῆς
3180 1501 3191 1512 ·
3264 1482 3307 1535 εἰ
3338 1481 3414 1556 μή
3473 1501 3551 1543 τις
3608 1477 3830 1542 ἀναξίως

2192 1565 2375 1622 ἑαυτοῦ
2422 1566 2662 1642 βούλοιτο
2704 1567 3085 1644 πολιτεύεσθαι,
3131 1571 3217 1626 καὶ
3270 1569 3370 1636 τὴν
3425 1566 3622 1624 ἀδικίαν
3652 1566 3827 1623 ἀσπα-

2190 1657 2386 1724 ζεσθαι,
2423 1657 2479 1711 Εἰ
2515 1653 2569 1711 δέ
2624 1678 2739 1713 τινα
2794 1658 2900 1713 τῶν
2957 1659 3364 1736 ιρρο-ιτιστηρίων
3433 1658 3596 1713 τύπον
3665 1655 3829 1734 εἶχον

2192 1743 2251 1800 ὲκ
2281 1744 2508 1802 παλαιοῦ
2565 1748 2901 1826 συνεισφοραν
2955 1769 3072 1804 τινα
3129 1747 3478 1828 συνεισφέρειν
3537 1760 3658 1811 τα⁴ς
3715 1770 3831 1812 μη-

462 1849 528 1892 se
551 1849 760 1909 gerere
791 1830 1018 1910 velit,et
1041 1831 1384 1909 injustitiam
1402 1829 1874 1911 amplecti.Quod
1901 1830 1949 1890 si
1973 1831 2091 1912 qui-

2191 1831 2521 1913 τροπόλεσιν,
2596 1833 2707 1890 εἴτε
2792 1835 2876 1891 ἐπὶ
2933 1837 3363 1915 μονοπροσώπων
3432 1843 3671 1914 παροχῂ,
3720 1835 3830 1890 ε”τε

465 1917 579 1979 bus
611 1918 990 1980 monasteriis
1020 1920 1248 1980 ratione
1279 1920 1488 2000 prisca;
1515 1919 1836 1981 sanctionis
1855 1919 2108 2000 alicujus

455 2017 580 2070 erat
615 2008 1046 2087 injunctum,nt
1077 2009 1452 2070 collationem
1481 2009 1733 2088 aliquam
1767 2009 2107 2089 metropoli-

455 2096 566 2156 bus
599 2103 967 2177 praestarent,
1024 2097 1147 2158 sive
1198 2097 1466 2176 personis
1522 2097 1914 2175 singularibus
1971 2115 2098 2159 eam

453 2185 797 2264 prmbendo,
827 2184 1230 2264 sivejudicum
1257 2193 1310 2244 et
1331 2195 1667 2247 exactorum
1693 2185 1823 2246 fisci
1844 2186 2097 2247 alimen-

465 2273 539 2334 tis
564 2272 1074 2346 exhibendis,sive
1091 2273 1387 2354 alioquin;
1436 2284 1613 2354 atque
1636 2275 1735 2335 illa
1753 2274 1900 2335 forte
1921 2275 2098 2337 dein-

463 2380 602 2443 ceps
634 2381 815 2424 onera
843 2362 1086 2441 contigit
1107 2361 1236 2423 aliis
1253 2381 1382 2424 esse
1407 2363 1676 2443 imposita
1708 2382 1720 2425 :
1761 2363 2096 2443 statuimus,

455 2459 516 2510 ut
544 2469 613 2511 ea
635 2450 872 2512 collatio
904 2449 1034 2510 sine
1063 2449 1538 2530 defraudatione,
1572 2469 1679 2511 nec
1708 2451 1829 2512 ulla
1863 2451 2076 2529 innova

452 2538 612 2599 tione
643 2539 812 2610 facta,
873 2537 1303 2617 metropolibus
1356 2546 1687 2619 praastetur.
1721 2539 2098 2622 Quaecunque

449 2644 587 2687 vero
619 2627 868 2707 quadam
903 2645 972 2686 ex
1005 2636 1168 2705 parte
1189 2645 1505 2688 commune
1549 2628 1686 2707 quid
1711 2647 1846 2689 cum
1871 2637 2096 2690 metro-

449 2715 683 2796 polibus
740 2714 978 2787 habent,
1043 2723 1142 2776 aut
1195 2734 1323 2794 qua:
1379 2716 1473 2795 jus
1504 2715 1727 2796 aliquid
1761 2716 1988 2778 viciniae
2039 2726 2097 2779 et

448 2802 883 2884 permissionis,
943 2821 1076 2864 cum
1138 2802 1225 2864 eis
1255 2804 1510 2880 copulat,
1544 2822 1652 2865 nec
1682 2813 1816 2864 ante
1847 2807 1958 2865 hac
1978 2805 2092 2866 ali-

446 2890 659 2972 quibus
675 2892 811 2971 jure
847 2891 1226 2952 lieneficiario
1278 2910 1556 2954 concessa
1590 2902 1726 2954 sunt
1763 2915 1775 2952 :
1811 2911 1878 2954 ea
1922 2893 2090 2954 nobis

445 2979 598 3041 haud
629 2980 822 3059 placet
853 2978 991 3041 ullis
1024 2979 1291 3060 personis
1320 2979 1686 3042 donarilmo
1709 3000 1846 3043 vero
1877 2981 1927 3042 si
1958 3000 2089 3042 ma—

443 3070 600 3129 xime
623 3067 836 3158 donata
863 3068 1001 3158 sint,
1035 3085 1133 3129 eas
1159 3067 1505 3158 donationes
1535 3069 1752 3150 irritas,
1787 3077 1844 3131 et
1869 3069 2087 3132 nullius
2106 3109 2145 3158 ο
2169 3073 2380 3146 τήματα
2437 3077 2542 3128 τῶν

2190 1919 2272 1976 ἐπὶ
2300 1935 2522 2001 τροφαῖς
2567 1926 2757 2000 κριτὺν
2812 1925 2899 1979 καὶ
2955 1931 3060 1979 τῶν
3128 1932 3220 1980 τοῦ
3291 1923 3543 1999 δημοσίου
3591 1923 3828 1990 ἀπαιτη-

2185 2014 2312 2084 τῶν,
2347 2010 2456 2065 εἴτε
2485 2013 2571 2066 καὶ
2611 2010 2874 2092 ἀλλαχοῦ,
2908 2016 2994 2069 καὶ
3017 2013 3175 2092 ἔτυχε
3231 2023 3394 2071 ταῦτα
3449 2012 3660 2090 ὕστερον
3692 2013 3827 2067 ἀνα-

2183 2099 2393 2164 τεθῆναί
2459 2120 2588 2178 τισι,
2645 2099 2743 2166 τὴν
2790 2103 3128 2181 συνεισφορὰν
3187 2099 3512 2180 διοριζόμεθα
3567 2098 3824 2179 παρέχειν

2183 2188 2313 2268 πρὸς
2394 2188 2488 2250 τὰς
2540 2187 2896 2266 μητροπόλεις
2955 2191 3316 2268 ἆνυστερῆτως
3384 2188 3817 2264 ἀκοινοτόμητον,

2183 2263 2330 2333 ιὈειά
2371 2273 2424 2332 δὲ
2455 2291 2699 2332 κοινωνεῖ
2729 2279 2866 2333 κατέ
2890 2301 2940 2334 τι
2980 2293 3100 2344 ταῖς
3144 2278 3556 2357 μητροπόλεσιν,
3604 2278 3640 2345 ἢ
3670 2276 3820 2343 πλη-

2179 2367 2403 2439 σιασμὸν
2444 2364 2499 2420 ἐν
2543 2367 2756 2430 ταύταις
2812 2365 2954 2448 ἔχει,
3009 2369 3098 2424 καί
3153 2369 3514 2439 ἀνακοίιωσιν,
3572 2368 3660 2422 καὶ
3727 2367 3822 2422 οὒκ

2179 2453 2510 2532 ἀπεχαρίσθη
2579 2456 2678 2530 πρὸ
2749 2457 2933 2512 τούτου
2987 2458 3144 2536 τισὶν,
3211 2459 3282 2521 εἷς
3345 2453 3540 2535 δωρεὰς
3596 2453 3818 2511 δίδοσθαι

2179 2543 2481 2620 προσώποις
2552 2542 2646 2598 οὒκ
2716 2541 3025 2619 εὖδοκοῦμεν
3139 2542 3286 2600 ’ἁλλ’
3360 2546 3402 2600 εί
3485 2545 3571 2599 καὶ
3638 2542 3816 2609 ἐδόθη,

2177 2629 2394 2709 ἀκύρους
2427 2631 2567 2687 εἶναι
2599 2632 2684 2686 καὶ
2727 2633 3040 2712 ἁνισχύρους
3086 2634 3181 2697 τὰς
3225 2631 3418 2713 δωρεὰς
3477 2631 3771 2708 βουλόμεθα
3801 2648 3814 2661 ⁶

2179 2720 2263 2774 καὶ
2343 2720 2409 2774 τὰ
2462 2721 2831 2799 φροντιστήρια
2899 2722 3112 2778 αὗτόθεν
3167 2721 3611 2802 ἀντιστρέφεσθαι,
3687 2723 3818 2799 πρὸς

2175 2807 2266 2870 τὰς
2301 2805 2682 2886 μητροπόλεις,
2715 2809 2750 2877 ἢ
2798 2809 3112 2875 ἐπισκοπάς.
3179 2813 3254 2868 Τὰ
3294 2813 3393 2889 γὰρ
3450 2811 3677 2879 μήκοθεν
3729 2811 3817 2865 καὶ

2174 2893 2572 2973 ἰδιοπεριόριστα
2615 2895 2922 2975 δωρεῖσθαι,
2967 2901 3053 2954 καὶ
3107 2912 3221 2964 τοῖς
3272 2901 3372 2977 πρὸ
3429 2901 3582 2974 ἡμῶν
3639 2899 3809 2975 ἁγίοις

2171 2983 2396 3061 πατράσι
2425 2983 2602 3047 καλῶς
2626 2981 2787 3058 ἔδοξε,
2860 2989 2949 3043 καὶ
2990 2989 3125 3062 ἡμῖν
3156 3007 3169 3022 ο
3229 2988 3294 3044 τὰ
3349 2985 3403 3042 δέ
3455 2991 3573 3044 οἷον
3615 2984 3811 3042 ἐνδιαι-

2640 3073 3044 3152 μητροπολιτῶν
3139 3077 3226 3132 καὶ
3333 3073 3661 3154 ἐπισκόπων,
3724 3076 3813 3130 καὶ

445 3177 575 3219 esse
611 3157 846 3219 roboris
874 3156 1140 3218 volumus
1168 3178 1183 3230 ;
1206 3157 1449 3238 ipsaque
1476 3159 1834 3220 monasteria
1858 3167 2084 3220 metro-

2175 3161 2517 3238 ὅνπερείσματα
2574 3163 2662 3217 καὶ
2713 3165 3118 3242 συγκροτῆματα
3189 3169 3296 3219 τῶν
3388 3165 3548 3241 ἁγίων
3619 3161 3814 3230 ἐκκλη-

445 3246 680 3326 polibus
711 3265 742 3308 e
775 3245 1043 3324 vestigio,
1073 3245 1163 3307 vel
1199 3246 1636 3326 episcopalibus
1678 3247 1927 3308 restitui.
1955 3246 2082 3309 Non

443 3335 620 3411 longe
640 3334 1119 3414 dissita,suisque
1136 3334 1431 3414 descripta
1444 3335 1658 3396 finibus
1677 3343 1741 3396 ut
1761 3335 2078 3411 donentur,

2166 3253 2314 3320 σιτῦν,
2351 3249 2588 3326 οὒδαμῶς
2620 3270 2636 3287 ο
2684 3251 2798 3311 οὒδὲ
2826 3256 2859 3322 ἡ
2891 3256 3043 3328 ἡμῶν
3103 3262 3256 3310 τοῦτο
3313 3252 3670 3332 παραδέχεται
3703 3276 3809 3330 με·

2163 3337 2376 3418 τριότης
2407 3341 2466 3395 τὸ
2499 3337 2712 3397 σύνολον

435 3425 719 3505 praeclare
751 3432 869 3484 tum
904 3422 1174 3485 Patribus
1206 3423 1305 3503 qui
1333 3432 1468 3484 ante
1500 3423 1798 3492 exstitere,
1836 3431 1954 3484 tum
1990 3424 2162 3487 nobis
2191 3425 2410 3506 placuit
2445 3446 2458 3486 :
2525 3427 2686 3489 nullo
2717 3434 2916 3489 autem
2963 3428 3137 3490 modo
3170 3447 3263 3510 ea,
3297 3447 3428 3509 quas
3459 3430 3809 3511 metropoli-

433 3521 702 3575 tanorum
736 3521 794 3573 et
823 3512 1236 3592 episcoporum
1268 3513 1438 3592 quasi
1471 3511 1770 3574 domicilia
1805 3520 1962 3586 sunt,
1999 3523 2055 3575 et
2085 3513 2270 3576 fulcro
2306 3515 2822 3597 sustentaculaque
2853 3524 3191 3578 sanctarum
3226 3518 3610 3581 ecclesiarum
3646 3541 3660 3582 :
3697 3539 3809 3582 nec

433 3611 634 3662 nostra
666 3601 723 3661 id
756 3619 996 3680 prorsus
1025 3600 1278 3661 admittit
1310 3601 1710 3664 mediocritas.

517 3693 631 3752 Per
661 3689 968 3752 locationis
998 3698 1191 3752 autem
1224 3698 1615 3764 contractum,
1643 3701 1698 3754 et
1729 3690 1914 3761 (verbi
1937 3710 2074 3770 gra-

433 3780 534 3848 tia)
563 3779 634 3840 ad
665 3797 854 3839 annos
910 3795 988 3839 xx
1046 3787 1104 3839 et
1160 3795 1217 3840 lx
1277 3779 1722 3853 monasterium,
1775 3780 1864 3840 vel
1896 3779 2076 3841 certis

429 3867 616 3947 pactis
641 3867 1019 3945 metropolim
1039 3875 1098 3928 et
1121 3866 1524 3947 episcopatum
1551 3868 1762 3937 locari;
1797 3876 2073 3950 tanquam

431 3957 696 4018 alienum
729 3954 800 4016 ab
862 3955 1200 4034 evangelica
1259 3957 1557 4036 mandato,
1619 3966 1678 4018 et
1730 3958 2074 4036 apostolicis

430 4045 762 4124 patriisque
819 4043 1234 4105 traditionibus
1289 4045 1532 4105 omnino
1589 4045 2002 4107 interdicimus
2052 4067 2066 4106 :

427 4141 486 4192 et
518 4133 738 4212 pariter
762 4140 884 4194 tum
908 4149 1031 4205 eos,
1093 4131 1192 4212 qui
1247 4133 1356 4193 hoc
1413 4133 1633 4198 audent
1675 4134 1890 4214 facere,
1949 4143 2070 4196 tum

427 4223 550 4301 qui,
583 4221 632 4283 si
667 4223 784 4295 fiat,
849 4221 1183 4301 negligunt;
1245 4220 1521 4299 indignos
1571 4223 1868 4303 pontificia
1928 4243 2069 4304 per-

425 4310 684 4372 tectione
707 4309 1070 4390 judicamus,
1105 4317 1164 4370 et
1191 4327 1494 4370 sacrorum
1537 4329 1826 4373 canonum
1854 4312 2068 4374 adver-

2240 3691 2554 3760 Ἐκδοτικὼς
2587 3694 2662 3768 δὲ,
2724 3696 2808 3751 καὶ
2877 3699 2994 3752 οἷον
3052 3695 3137 3752 ἐπὶ
3219 3695 3433 3776 χρόνοις
3491 3697 3662 3754 εἴκοσι
3718 3698 3806 3753 καὶ

2157 3781 2303 3838 ἐννέα
2355 3787 2726 3864 μοναστήριον,
2779 3783 2814 3852 ἢ
2871 3791 3140 3849 πακτικῶς
3197 3785 3524 3866 μητρόπολιν
3602 3785 3806 3844 ἐκδίδο-

2156 3873 2294 3942 σθαι,
2353 3874 2441 3928 καὶ
2498 3873 2818 3945 ἐπισκοπὴν,
2902 3875 2975 3935 ὡς
3049 3871 3192 3938 ξένον
3274 3881 3370 3941 τῆς
3455 3873 3802 3953 εὖαγγελικῆς

2155 3955 2458 4033 διατάξεως,
2557 3963 2646 4018 καὶ
2744 3965 2847 4016 τῶν
2949 3961 3322 4019 ἆποσεολικὼν
3407 3985 3464 4019 τε
3559 3965 3646 4020 καὶ
3702 3985 3801 4019 πα-

2155 4054 2345 4125 τρικῶν
2441 4049 2803 4129 παραδόσεων,
2907 4050 3082 4116 πάντη
3181 4052 3577 4131 ἀπαγορεύομεν
3611 4071 3628 4087 ο

2152 4137 2273 4199 τούς
2329 4159 2385 4193 τε
2454 4137 2762 4215 τολμῶντας
2841 4140 2976 4214 ἅμα,
3048 4141 3134 4196 καὶ
3232 4142 3350 4204 τοὺς
3397 4143 3456 4196 τὸ
3525 4142 3801 4219 γινόμενον

2152 4232 2510 4308 παρορῶντας,
2595 4227 2826 4293 ἀναξίους
2913 4227 3008 4294 τῆς
3082 4228 3459 4308 ἀρχιερατικῆς
3555 4231 3800 4307 κρίνομεν

2143 4305 2507 4395 τελειότητος,
2537 4317 2624 4372 καὶ
2665 4322 2770 4372 τῶν
2829 4319 2978 4394 ἱερῶν
3052 4305 3287 4373 κανόνων
3343 4305 3740 4398 ἐναντιόφρονας
3777 4337 3793 4353 ⁸

3714 4055 3802 4109 καὶ

423 4399 652 4462 sarios:
691 4418 799 4461 nec
830 4398 994 4459 hisce
1043 4397 1221 4459 rebus
1269 4397 1550 4461 ultionem
1581 4400 2070 4464 convenientissi-

2175 4403 2236 4458 ιαὶ
2290 4417 2408 4468 τοῖς
2477 4405 2778 4484 πράγμασιν
2850 4403 3115 4474 ἐκδίκησιν
3185 4407 3284 4473 τὴν
3353 4397 3796 4486 πρεπωδεστάτην

423 4505 578 4549 mam
611 4488 936 4549 secundum
986 4504 1244 4548 canones
1301 4487 1588 4550 adhibere
1620 4489 1906 4568 singulari
1936 4509 2068 4552 cum

2175 4499 2445 4559 ιανονικῶς
2539 4495 2998 4573 προμηθεύσασθαι
3083 4498 3176 4554 οὐκ
3244 4495 3636 4571 ἀποκνήσομεν.
3725 4499 3798 4554 Οὐ

424 4576 792 4657 providentia
853 4575 1241 4638 cessabimus.
1297 4575 1426 4637 Non
1479 4580 1637 4638 enim
1691 4579 1981 4656 patiemur
2009 4589 2072 4642 ut

2175 4580 2250 4658 νὰρ
2319 4580 2703 4650 καπηλεύεσθαι
2750 4583 2848 4650 τὴν
2919 4584 3059 4660 ἱερὰν
3132 4583 3313 4663 χάριν,
3374 4584 3461 4640 καὶ
3517 4597 3795 4640 κοινωνεῖν

419 4683 588 4728 sacra
635 4666 737 4727 illa
793 4665 976 4745 gratia
1026 4665 1247 4727 venalis
1299 4664 1603 4741 habeatur,
1665 4675 1723 4728 et
1781 4667 1893 4747 ipsi
1923 4687 2064 4729 con-

2175 4680 2264 4732 τοῖς
2294 4679 2555 4728 κοινούσιν
2586 4672 2934 4734 ἀκανονίστως
2977 4672 3044 4726 τὰ
3112 4671 3261 4750 ἅγια,
3335 4673 3422 4727 καὶ
3479 4673 3572 4734 τὰς
3627 4693 3794 4728 πνευ-

419 4764 610 4816 sortes
668 4773 873 4816 eorum
932 4753 1138 4826 simus,
1201 4754 1302 4834 qui
1359 4772 1525 4814 sacra
1572 4763 1780 4816 contra
1808 4773 2069 4817 canones

2175 4759 2374 4823 ιατικὲις
2431 4759 2628 4838 δωρεὰς
2700 4763 2772 4823 ὼς
2831 4762 3009 4823 κοινὰς
3068 4758 3441 4839 ἐμπορεύεσθαι
3513 4759 3798 4832 ἀδεξόμεθα

419 4843 750 4924 profanant,
811 4850 992 4923 utque
1067 4841 1218 4904 lucri
1295 4860 1475 4903 causa
1527 4841 1683 4904 dona
1731 4842 2064 4924 spiritualia

2177 4850 2398 4926 μπορίας
2444 4850 2624 4928 χάριν.
2689 4851 2811 4928 Περὶ
2879 4846 2933 4904 δὲ
2977 4855 3076 4916 τῆς
3132 4855 3239 4904 τῶν
3296 4848 3598 4906 Emam.wa
3658 4853 3793 4906 καθ-

418 4931 798 5013 profanorum
825 4933 1010 4994 instar
1039 4931 1556 4994 distrahantur.De
1579 4933 1844 4994 sessione
1865 4942 2059 4995 autem

2175 4933 2317 5014 δρας,
2351 4935 2698 5015 διοριζόμεθα,
2759 4940 2904 4996 Κατὰ
2961 4941 3060 5006 τὴν
3115 4936 3260 5004 τάξιν
3329 4939 3513 5001 αὐτοὺς
3569 4943 3676 4996 τὼν
3720 4941 3792 4994 οἱ·

415 5020 827 5102 episroporum
853 5019 1522 5101 sancimus,utepiscopi
1552 5021 1878 5084 secundum
1904 5022 2062 5084 ordi-

2177 5025 2296 5079 είων
2351 5026 2654 5097 καθέζεσθαι
2725 5025 3152 5105 μητροπολιτῶν,
3215 5028 3302 5083 καὶ
3359 5026 3414 5082 ἐν
3469 5024 3781 5104 συνθρόνοις,

411 5128 550 5171 nem
584 5129 826 5171 suorum
857 5108 1445 5190 metropolitanorum
1492 5111 1762 5184 sedeant,
1792 5111 1969 5192 idque
1998 5111 2056 5173 in

2175 5113 2227 5168 αὶ
2268 5111 2322 5168 ἐν
2350 5113 2602 5189 συνόδοις,
2634 5116 2720 5170 καὶ
2749 5113 2803 5170 ἐν
2849 5115 3110 5174 ἑστιάσεσι
3145 5134 3160 5147 °
3215 5117 3302 5171 καὶ
3360 5115 3438 5190 μὴ
3491 5116 3586 5178 τὰς
3641 5137 3780 5194 προ-

417 5197 799 5260 concessibus
842 5197 1047 5271 sacris,
1082 5203 1140 5258 et
1193 5196 1251 5257 in
1280 5197 1521 5277 synodis
1550 5206 1608 5259 et
1632 5197 1690 5260 in
1722 5199 2003 5262 conviviis
2038 5221 2051 5258 :

2175 5197 2304 5279 Βρίας
2359 5203 2632 5281 ἁρπάζειν,
2689 5206 2776 5258 καὶ
2831 5205 2891 5259 τὸ
2959 5203 3314 5283 φιλόπρωτον,
3374 5202 3592 5270 ἀναξίως
3651 5205 3779 5260 ἐαυ-

2137 5294 2264 5364 τῶν,
2319 5293 2438 5356 τοὺς
2505 5297 2604 5358 τῆς
2661 5288 3044 5357 ὑποϐεϐηκυίας
3115 5290 3494 5372 μητροπόλεως
3566 5291 3782 5349 ἐπισκό-

2133 5399 2262 5442 πους
2312 5398 2326 5412 ⁸
2359 5379 2476 5437 ἀλλ’
2506 5383 2579 5443 ὡς
2623 5380 2752 5458 πρὸς
2782 5378 3006 5445 κανόνας
3053 5382 3138 5436 καὶ
3208 5380 3379 5461 ὅρους,
3453 5382 3572 5445 τσὺς
3623 5380 3776 5446 ἰδίους

2134 5469 2256 5546 ὁρᾷν
2286 5469 2698 5551 μητροπολίτας,
2744 5469 2839 5527 καί
2881 5478 3071 5529 τυποῦν
3115 5473 3327 5538 ἑαυτοὺς
3400 5472 3454 5529 ἔν
3520 5493 3580 5529 τε
3642 5477 3778 5530 καθ-

2135 5553 2329 5634 έδραις,
2363 5562 2448 5616 καὶ
2505 5566 2807 5640 πανταχοῦ.
2867 5556 3015 5616 Ἐπεὶ
3055 5557 3110 5616 δὲ
3166 5562 3254 5617 καί
3307 5582 3445 5626 τινες
3495 5567 3602 5618 τῶν
3642 5563 3778 5619 κατὰ

2131 5643 2329 5710 τόπους
2385 5645 2613 5707 δυνατῶν
2669 5651 2725 5706 ἓν
2785 5661 2902 5713 τοῖς
2944 5655 3051 5706 τῶν
3093 5647 3262 5708 οἴκων
3321 5651 3612 5731 εὒκτηρίοις
3679 5671 3778 5718 ση-

412 5306 608 5368 neque
635 5286 977 5368 superiores
1006 5285 1181 5349 sedes
1209 5297 1267 5350 et
1319 5285 1604 5368 primatus
1653 5288 1910 5351 studium
1963 5289 2055 5350 af-

406 5376 630 5440 fectent
658 5375 916 5456 indignis
960 5394 1092 5438 sese
1147 5377 1340 5438 modis
1362 5375 1712 5438 inferiorum
1742 5385 2050 5458 metropo-

406 5465 550 5528 lium
603 5465 865 5546 episcopi
907 5486 922 5525 :
957 5465 1061 5528 sed
1121 5464 1180 5524 in
1213 5482 1352 5524 suos
1383 5465 1888 5545 metropolitanos,
1916 5474 2051 5528 tan-

405 5571 582 5635 quam
636 5553 698 5614 in
729 5571 986 5614 canones
1030 5559 1088 5614 et
1149 5551 1483 5614 sanctiones
1512 5553 1818 5634 quasdam,
1850 5555 2054 5617 oculos

402 5641 700 5721 dirigant;
757 5641 1086 5704 secundum
1167 5658 1316 5721 quos
1401 5639 1464 5702 in
1535 5643 1918 5706 consessibus
1991 5654 2052 5705 et
