4192 6220
392 377 509 449 837

1724 379 2427 447 GB/ECO-ROMANUM.

3640 382 3760 453 838

391 522 586 597 μείνειν
616 544 673 577 τε
730 523 816 578 καὶ
868 522 1107 599 συνάγειν
1165 519 1540 601 φιλονεικοῦσι,
1597 522 1685 577 καὶ
1737 517 2028 598 ἱερολογίας

2136 510 2356 601 Ibique.
2417 532 2550 576 sese
2605 514 2994 577 conforment.
3058 515 3124 578 Et
3203 518 3482 601 quoniam
3542 518 3761 582 alicubi

389 612 477 668 καὶ
506 612 868 687 βαπτίσματα,
901 613 990 668 καὶ
1042 609 1193 679 ἕτερα
1262 609 1551 689 ἐπιτελεῖν,
1624 607 2036 687 πατριάρχικοῖς

392 697 547 766 δῆθεν
589 700 1001 780 σταυροπηγίοις
1033 700 1069 768 ἢ
1125 701 1212 756 καὶ
1281 698 1652 763 ἐπισκοπικοῒς
1706 695 2032 775 θαρροῦντες,

389 790 486 852 τὰς
550 788 836 853 καθολικὰς
894 789 1326 868 παραιτούμενοι,
1384 791 1472 844 καὶ
1526 795 1633 845 τῶν
1690 785 1775 843 ἐπὶ
1825 785 2035 846 ταύταις

391 876 652 944 συνάξεων
707 880 1178 958 καταφρονοῦντες,
1261 876 1401 943 ἄξιον
1477 881 1567 932 καὶ
1654 877 1771 954 περὶ
1835 872 2035 930 τούτων

392 966 731 1047 διορίσασθαι,
764 967 900 1023 ὥστε
933 966 1131 1042 μηκέτι
1183 967 1416 1023 τοιοῦτόν
1469 989 1520 1022 τι
1582 975 1883 1044 συγιωρεϊν
1913 961 2035 1024 τοὺς

390 1062 487 1124 τῆς
532 1056 795 1136 ἐπαρχίας
851 1056 1171 1118 ἐπισκόπους
1226 1057 1457 1134 γίνεσθαι
1490 1068 1504 1083 ⁸
1568 1051 1704 1109 ἀλλὰ
1758 1051 1879 1112 τοὺς
1939 1049 2036 1124 μὲν

391 1146 576 1225 ἱερεῖς,
622 1146 743 1208 τοὺς
798 1144 941 1212 πλὴν
997 1146 1098 1224 πρὸ
1162 1143 1509 1222 λειτουργίας,
1567 1140 1816 1206 κάκείνην
1870 1138 2037 1217 τυχὸν

392 1234 446 1291 ἐν
477 1234 656 1313 ἑορτῇ,
705 1236 792 1291 καὶ
812 1233 928 1290 κατ’
993 1234 1286 1312 ἐπιτροπὴν
1334 1238 1428 1289 τοῦ
1484 1230 1794 1299 ἐπισκόπου,
1857 1227 2035 1305 ἑτέραν

392 1322 699 1380 ἀκολουθίαν
755 1325 894 1403 ἱερὰν
978 1323 1032 1379 ἐν
1104 1322 1393 1401 εὖκτηρίοις
1489 1317 1785 1376 ἐπιτελέσαι
1827 1314 2037 1390 τολμή-

393 1434 603 1482 σοντας,
661 1413 956 1493 καθαιρέσει
990 1430 1005 1446 ⁸
1069 1413 1191 1474 τοὺς
1292 1410 1349 1467 δὲ
1435 1412 1513 1486 μὴ
1578 1404 2037 1487 καταδεχομένους

394 1511 550 1561 τοῦτο
579 1509 683 1559 τῶν
707 1501 934 1562 δυνατῶν
992 1500 1275 1576 ἆναθέματι
1322 1496 1661 1556 ὑποϐάλλειν.
1718 1497 1858 1563 Φησὶ
1887 1494 1986 1573 γάρ
2020 1509 2033 1523 ’

395 1590 465 1649 Εἴ
491 1614 569 1655 τις
599 1590 831 1648 διδάσκοι
860 1593 950 1647 τὸν
980 1591 1135 1647 οἶκον
1164 1595 1256 1667 τοῦ
1287 1591 1418 1645 Θεοῦ
1460 1583 1910 1667 εὔκαταφρόνητον
1951 1581 2038 1638 εἴ·

393 1705 500 1760 ναι,
526 1682 615 1738 καὶ
657 1683 751 1745 τὰς
783 1680 837 1736 ἐν
865 1684 1006 1752 αὖτῷ
1034 1665 1291 1749 συνάξὲις,
1323 1679 1412 1734 καὶ
1465 1676 1607 1755 παρὰ
1664 1674 1762 1741 τὴν
1818 1672 2037 1729 καθολι-

2121 600 2359 681 quidam
2390 610 2659 682 potentes
2717 602 2779 664 in
2841 606 3114 667 oratoriis
3141 606 3463 688 imperium
3515 608 3758 682 habere,

2119 698 2420 770 cmtusque
2450 709 2664 770 cogere
2718 692 3004 767 nituntur,
3068 703 3126 756 et
3155 714 3357 757 sacras
3386 715 3616 776 preces,
3649 696 3759 757 ba-

2120 778 2388 858 ptismos,
2419 779 2650 860 aliaque
2712 781 2848 842 talia
2901 800 3211 865 peragere,
3273 784 3762 865 patriarchalibus

2119 865 2349 954 scilicet
2401 870 2668 929 crucium
2729 869 3122 932 delixionibus
3167 881 3271 933 aut
3326 872 3763 954 episcopalibus

2116 953 2274 1030 freti,
2308 957 2615 1034 generales
2644 957 2882 1018 interim
2922 960 3218 1021 Ecclesias
3269 953 3672 1041 repudiantes,
3705 970 3764 1023 et

2118 1052 2323 1118 coetus,
2355 1044 2455 1124 qui
2481 1045 2541 1105 in
2571 1046 2657 1106 eis
2688 1046 3002 1122 habentur,
3036 1058 3485 1113 contemnentes
3521 1071 3534 1113 :
3568 1069 3764 1131 operae

2119 1132 2373 1213 pretium
2407 1144 2518 1205 est,
2564 1132 2639 1194 de
2672 1134 2767 1194 his
2793 1136 2971 1197 etiam
3005 1136 3354 1213 decernere,
3408 1147 3469 1200 ut
3498 1138 3764 1220 episc0pi

2121 1220 2516 1301 provinciales
2543 1226 2655 1282 tale
2700 1223 2838 1303 quid
2888 1224 3142 1304 amplius
3175 1227 3305 1289 ﬁeri
3338 1246 3452 1288 non
3512 1228 3762 1308 permit-

2122 1317 2264 1382 tant,
2304 1310 2408 1371 sed
2443 1311 2786 1374 sacerdotes
2816 1312 3055 1392 quidem
3086 1314 3186 1394 qui
3218 1324 3604 1397 praterquam
3627 1330 3766 1380 ante

2123 1397 2517 1460 ministerium
2553 1419 2813 1470 sacrum,
2877 1400 3079 1482 ibique
3111 1404 3357 1465 t'ortasse
3403 1405 3501 1466 die
3531 1407 3763 1481 feriato,

2123 1494 2182 1549 et
2206 1486 2472 1567 episcopi
2506 1490 2825 1569 permissu,
2859 1490 3017 1551 aliud
3046 1492 3186 1572 quid
3220 1493 3304 1553 rei
3334 1512 3517 1555 sacrae
3536 1494 3596 1556 in
3627 1515 3765 1558 ora-

2125 1580 2294 1639 toriis
2328 1598 2610 1658 peragere
2642 1580 2861 1641 furrint
2885 1581 3445 1662 ausi,depositioni:
3497 1594 3769 1666 potentes

2120 1678 2343 1747 autem,
2406 1669 2509 1749 qui
2564 1671 2676 1731 hoc
2733 1689 2852 1731 non
2910 1670 3373 1752 amplectuntur,
3409 1676 3767 1738 anathemati

393 1757 496 1835 κῆν
541 1768 859 1835 Ἐκκλησίαν
913 1767 1015 1840 ἰδίᾳ
1085 1767 1448 1837 έκκλησιαζοι,
1513 1766 1601 1821 καὶ
1657 1764 1734 1838 μὴ
1793 1762 2036 1826 συνόντος

2130 1757 2464 1836 subjiciam.
2521 1758 2657 1820 llazc
2716 1759 2876 1820 enim
2912 1761 3158 1822 canonis
3186 1784 3225 1814 In
3255 1763 3431 1825 verba
3463 1774 3600 1826 sunt
3633 1784 3645 1829 :
3706 1764 3765 1829 Si

393 1860 592 1923 παντὸς
659 1866 747 1915 τοῦ
845 1854 1230 1937 πρεσϐυτερίου,
1330 1855 1562 1928 ἀνάθεμα
1634 1851 1793 1912 ἔστω.
1866 1850 2039 1909 Ταῦτα

396 1945 536 2002 οὕτω
582 1944 1104 2027 συγκεφαλαιωθέντα
1146 1946 1234 2001 καὶ
1288 1942 1577 2023 ὁρισθέντα,
1631 1941 1720 1997 καὶ
1783 1940 1868 1996 ἐπὶ
1911 1960 2037 1994 συν-

397 2033 584 2113 εδριων
623 2042 727 2091 τῶν
785 2034 1201 2115 θεοφιλεστάτων
1262 2029 1691 2108 μητροπολιτῶν,
1756 2033 2034 2106 Κυριακοῦ,

394 2125 615 2197 Ἐφέσου
653 2144 665 2158 ·
757 2124 1101 2203 Δημητρίου,
1145 2128 1366 2193 Κυζικου
1400 2136 1415 2150 ⁶
1477 2117 1892 2196 Κωνσταντίνου,
1951 2125 2041 2173 Νι-

394 2216 548 2277 καίας
593 2230 612 2292 ς
688 2211 978 2292 Θεοδώρου,
1042 2208 1380 2278 Χαλκηδόνος
1415 2226 1430 2241 ⁶
1481 2206 1894 2285 Κωνσταντίνου,
1942 2204 2038 2259 Σί-

395 2301 489 2370 δης
526 2321 541 2335 ·
591 2290 875 2379 Ἰωάννου,
916 2299 1218 2366 Μελιτηνῆς
1253 2318 1265 2332 ⁸
1325 2298 1735 2369 Κωνσταντίνου,
1782 2295 1993 2352 Τυάνων
2022 2312 2034 2325 ·

394 2389 663 2464 ἰωάννου,
712 2388 1176 2451 Κλαυὸιουπόλεως
1211 2408 1224 2421 ⁸
1287 2384 1674 2466 Θεοιρυλάκτου,
1740 2393 2040 2441 Νεοκαισα-

404 2481 541 2560 ρείας
576 2493 590 2509 ⁸
669 2475 937 2550 Ἰωάννου,
1010 2476 1225 2534 ’[κονίυυ
1257 2492 1272 2508 ⁸
1359 2474 1642 2552 Γεωργίου,
1746 2474 1988 2549 Κορίνθου
2021 2487 2038 2505 ⁶

398 2566 645 2647 Μιχαὴλ,
680 2566 916 2634 Ἀθηνῶν
949 2582 962 2596 ³
1015 2566 1375 2643 Θεογνώστου,
1434 2569 1680 2617 Μωκισου
1714 2580 1726 2593 ⁸
1768 2570 2041 2617 Κωνσταν-

395 2636 557 2730 τίνοι),
593 2661 811 2735 Πατρῶν
846 2675 859 2689 ο
894 2655 1309 2725 Κωνσταντίνου,
1368 2656 1754 2731 Τραπεζοῦντος
1787 2664 1801 2677 ⁶
1861 2647 2040 2705 Ἰωάν-

397 2769 508 2818 νου,
624 2743 907 2801 Φιλίππων
937 2764 950 2777 ⁸
1071 2741 1405 2821 Ἀγαπητοῦ,
1503 2736 1984 2817 Ἀδριανουπόλεως
2018 2753 2032 2768 ⁶

398 2833 686 2913 Θεοδώρου,
762 2834 1048 2913 Καμάχου,
1127 2829 1538 2907 Κωνσταντίνου,
1611 2831 1808 2883 Χωνῶν
1855 2842 1869 2857 '
1906 2833 2038 2882 Στε-

402 2908 587 3004 φάνου,
661 2922 876 3002 Κρήτης
1029 2920 1259 2998 Νικήτα,
1349 2908 1698 2995 ιἰ’δροῦντος·
1787 2916 2041 2987 Σισινίου,

402 3010 751 3082 Κελτζηνῆς
830 3012 919 3066 καὶ
975 3009 1433 3089 ἀρχιεπισκόπων,
1490 3006 1716 3078 Νικήτα,
1804 3004 1992 3075 Βιζύης
2023 3018 2038 3035 ⁸

2121 1847 2253 1925 quis
2283 1847 2489 1907 doceat
2518 1848 2708 1908 autem
2740 1847 2843 1909 Dei
2882 1851 3181 1911 contemni
3212 1862 3469 1931 posse,et
3491 1855 3591 1935 qui
3620 1856 3770 1918 ﬁunt

2127 1934 2185 1994 in
2213 1952 2281 1995 ea
2310 1953 2665 2013 congressus
2691 1953 2707 2008 ;
2740 1937 2908 2016 sique
2933 1955 3202 1999 seorsum
3236 1939 3368 2020 quis
3396 1934 3561 2002 extra
3581 1962 3730 2021 gene
3749 1977 3769 1990 ι

2125 2022 2308 2083 ralem
2340 2023 2665 2085 Ecclesiam
2700 2035 2885 2087 coetus
2931 2035 3118 2105 cogat,
3193 2037 3313 2089 toto
3348 2029 3713 2110 presbyterio
3741 2043 3770 2074 ιι

2124 2130 2241 2172 non
2273 2112 2448 2173 simul
2482 2122 2799 2193 przesente,
2833 2115 3148 2176 anathema
3165 2126 3315 2179 esto.
3341 2117 3476 2178 Haec
3500 2120 3577 2180 ita
3598 2137 3767 2180 sum-

2125 2199 2324 2260 matim
2386 2201 2658 2280 eXposita
2715 2212 2773 2263 et
2824 2203 3091 2273 deﬁnita,
3152 2204 3335 2284 inque
3391 2207 3769 2269 consessibus

2120 2287 2706 2366 religiosissimorum
2793 2292 3430 2371 metropolitanorum,
3519 2294 3766 2375 Cyriaci,

2121 2376 2462 2457 Epheseni;
2497 2377 2805 2452 Demetrii,
2869 2379 3176 2459 Cyziceni;
3238 2382 3629 2457 Constantini,
3661 2384 3769 2445 Ni-

2124 2467 2318 2542 caeni;
2375 2466 2596 2529 Theod.
2625 2467 2697 2540 ri,
2757 2468 3296 2547 Chalcedonensis;
3375 2472 3767 2550 Constantini,

2123 2553 2391 2617 Sidensis
2416 2574 2432 2631 ;
2457 2556 3026 2636 Joannis,Melitenae
3051 2577 3065 2637 ;
3091 2559 3771 2642 Constantini,Tyanen-

2121 2643 2203 2705 sis
2232 2664 2247 2719 ;
2275 2644 2541 2717 Joannis,
2572 2643 3102 2725 Claudiopolitani;
3148 2645 3577 2727 Theophilacti,
3611 2652 3770 2713 Neo-

2121 2733 2529 2805 caesariensis;
2562 2732 2826 2808 Joannis,
2859 2731 3184 2795 Iconiensis
3209 2757 3224 2807 ;
3253 2735 3516 2817 Georgii,
3552 2738 3766 2801 Corin-

2123 2821 2267 2895 thii,
2332 2821 2661 2896 Michaelis,
2721 2820 3141 2897 Atheniensxs;
3201 2824 3587 2906 Theognosti,
3638 2828 3771 2888 Mo-

2125 2909 2296 2984 cisii;
2328 2909 2721 2991 Constantini,
2755 2910 3055 2972 Patrensis
3090 2934 3104 2987 ;
3166 2912 3561 2990 Constantini,
3621 2913 3773 2977 Tra-

2129 2998 2426 3079 pezuntii;
2464 2999 2730 3074 Joannis,
2761 2998 3206 3080 Philippensis;
3250 3002 3523 3082 Agapeti,
3556 3002 3772 3066 Adria-

401 3099 723 3177 Διονυσίου,
780 3087 1140 3177 Προικονῆσου
1171 3112 1188 3129 ⁶
1250 3095 1574 3174 Νικηφόρου,
1635 3095 1758 3156 Κίου
1790 3109 1806 3123 ⁸
1868 3100 2043 3171 Στρα-

2131 3088 2499 3169 nopolilani;
2534 3087 2857 3177 Theodori,
2916 3088 3317 3165 Camacheni;
3378 3089 3772 3168 Constantini,

395 3189 609 3267 τηγίου,
686 3176 890 3267 ’Ἄπρω
922 3202 937 3217 ’
1025 3183 1292 3265 Ἀνδρέου,
1362 3189 1638 3261 Χερσῶνος
1685 3187 1702 3212 ⁸
1793 3179 2043 3255 Λέοντος,

398 3278 637 3355 Βρύσεως
669 3292 683 3307 ’
760 3274 1040 3348 Νικολάου,
1117 3275 1334 3348 Λήμνου
1367 3289 1380 3303 ⁹
1461 3271 1729 3346 Ἰωάννου,
1775 3271 2046 3349 Βοσπόρου

400 3366 689 3445 Ἀρσενίου,
752 3362 1039 3443 Σουγόαίας
1070 3382 1083 3397 ⁸
1178 3363 1231 3418 ἐν
1307 3362 1680 3437 ὑπομνήμασι-ρ
1752 3359 2041 3432 ἐντεθέντα,

397 3460 467 3531 τῇ
551 3456 761 3524 συνήθει
822 3452 907 3510 διὰ
962 3449 1209 3529 μολίϐδου
1264 3447 1512 3530 σφραγῖδι
1588 3446 1900 3531 ἐϐεϐαιώθη,
1957 3449 2045 3503 καὶ

402 3526 624 3610 ἐπεδόθη
695 3544 823 3620 μηνὶ
920 3526 1245 3620 Ἰανουαρίῳ,
1313 3526 1683 3615 -ἐπινεμήσεως
1741 3526 1836 3598 ια’,
1897 3536 2044 3600 ἔτους

400 3631 660 3723 ,ςφλςα

2129 3177 2504 3254 Chonensis;
2564 3175 2871 3258 Stephani,
2958 3178 3296 3254 Cretensis;
3350 3178 3595 3261 Nicetae,
3653 3181 3775 3262 Hy-

2130 3266 2439 3341 druntini;
2505 3264 2734 3340 Sisinii,
2805 3265 3116 3339 Celaenae;
3172 3275 3231 3326 et
3288 3268 3772 3349 archiepisc0po-

2127 3373 2260 3416 rum
2318 3354 2560 3433 Nicetes,
2624 3353 2968 3432 Bizyensis;
3028 3352 3315 3434 Dionysii,
3373 3357 3773 3429 Prmconesii;

2128 3443 2472 3524 Nicephori,
2586 3440 2859 3516 Ciensis;
2948 3440 3244 3521 Strategii,
3357 3444 3574 3524 Aproi;
3660 3446 3777 3506 An-

2128 3533 2310 3606 dreae,
2396 3530 2752 3605 Chersonis;
2840 3530 3093 3605 Leonis,
3182 3530 3430 3611 Brysei;
3515 3533 3772 3611 Nicolai,

2130 3620 2406 3697 Lemnii;
2437 3619 2702 3693 Joannis,
2735 3621 3064 3699 Bosporani
3093 3643 3110 3695 ;
3136 3620 3417 3695 ,Arsenii,
3453 3622 3776 3701 Sugdaeen-

402 3708 525 3801 'sis’;
561 3717 967 3781 monumentis
998 3716 1184 3794 illata,
1209 3721 1496 3779 consueto
1529 3713 1809 3796 plumbeo
1837 3712 2032 3793 sigillo
2063 3709 2442 3774 corroborata
2472 3718 2628 3786 sunt,
2681 3716 2737 3769 et
2767 3708 2900 3770 data
2929 3727 3137 3772 mense
3162 3708 3465 3786 Januario,
3498 3711 3778 3776 indictio-

404 3807 499 3870 nis
527 3824 614 3883 x1,
646 3807 789 3869 anni
815 3826 872 3870 v1
902 3823 995 3870 σιξ)
1025 3824 1079 3872 to
1108 3822 1306 3869 xxxvn

404 3905 488 3976 θ’.
526 3942 551 3972 α
602 3908 753 3975 ’Ἴσον
796 3916 1179 3993 ὒπομνήματος
1213 3912 1677 3993 ἐναποτεθειμένου
1705 3919 1782 3987 τῷ
1824 3910 1879 3968 ἐν
1911 3921 2056 3970 Κων-

485 3991 913 4054 σταντινουπόλει
1000 3997 1183 4074 εὐαγεϊ
1280 3991 1720 4074 χαρτοφυλακείιρ
1759 4073 1762 4074 ν
1796 3993 1890 4074 τοιῖι
1942 4013 2053 4047 πα-

485 4078 744 4157 τριάρχου
797 4098 955 4156 κυρου
1009 4069 1479 4157 Ἀλὶεξίου,”’τὶτερὶ⁷
1529 4080 1642 4157 *τῶν
1700 4070 1784 4128 διὰ
1852 4069 2047 4157 δωρεᾶς

485 4149 878 4232 λαμϐανόντων
976 4149 1327 4233 μοναστήρια,
1410 4149 1539 4233 ’περί
1616 4173 1771 4208 τινων
1869 4149 2045 4206 ἄλλων

487 4238 787 4315 ἀναγκαίων
925 4233 1377 4301 ἐκκλησιαστικῶν
1502 4232 1821 4305 ὑποθέσεων,
1919 4252 1983 4286 τα
1991 4242 2039 4295 ῖς

490 4313 873 4396 μητροπόλεσι,
972 4327 1096 4378 ταῖς
1179 4313 1659 4393 ἀρχιεπισκοπατς,
1753 4314 1840 4369 καὶ
1922 4322 2045 4374 ταῖς

490 4396 811 4460 ἐπισκοπαϊς
843 4395 1172 4463 ἀνηκωσῶν.
1209 4418 1237 4449 ι

493 4500 637 4556 Μετὰ
663 4505 770 4555 τῶν
799 4496 975 4555 ἄλλων
1034 4496 1280 4554 ἁπάντων
1350 4495 1703 4577 παρατρέχων
1771 4497 1800 4551 ὁ
1856 4492 2048 4573 χρόνος

2217 3906 2293 3970 Il.
2325 3905 2687 3988 Exemplum
2717 3914 2740 3941 °
2766 3908 3236 3988 monumenti,in
3264 3910 3591 3973 venerabili
3619 3914 3777 3975 scri-

2214 3989 2321 4071 nio
2370 3987 3047 4071 Constantinopolitano
3095 3989 3410 4071 reconditi,
3473 3991 3634 4071 quod
3689 4000 3780 4055 est

2212 4068 2452 4151 domini
2478 4068 2681 4130 Alexii
2710 4068 3108 4148 patriarcha,
3147 4068 3221 4131 de
3250 4069 3353 4142 iis,
3387 4068 3501 4150 qui
3520 4089 3634 4151 per
3670 4073 3775 4135 do-

2210 4149 2523 4211 nationem
2552 4155 2923 4211 monasteria
2952 4149 3426 4228 consequuntur,
3463 4149 3782 4217 et’dealiis

2209 4228 2572 4312 quibusdam
2628 4230 3013 4312 necessariis
3045 4229 3483 4312 ecclesiasticis
3550 4236 3780 4312 causis,

2208 4306 2341 4387 eum
2368 4308 2447 4370 ad
2475 4308 2854 4388 metropoles,
2884 4306 3428 4388 archiepiscopatus
3456 4316 3515 4373 et
3543 4306 3775 4391 cpiam;

2211 4397 2385 4468 palus
2411 4391 2738 4467 pertinent.

2218 4489 2292 4554 Ut
2323 4489 2608 4570 temporis
2661 4508 3005 4572 progressus
3060 4490 3176 4552 alia
3220 4492 3373 4554 solet
3405 4493 3627 4575 omnia,
3689 4498 3778 4558 sic

409 4592 499 4652 καὶ
552 4592 646 4655 τὰς
717 4591 1106 4671 πατριαρχικὸις
1208 4570 1627 4667 ἐκαινοτόμησεη
1677 4570 1922 4667 δωρεάςζ
1969 4588 2043 4643 κατ

2141 4578 2564 4671 patriarcbales
2594 4570 2767 4671 etiam
2799 4578 3150 4671 donationes
3178 4579 3509 4644 innovavit:
3565 4570 3623 4643 et
3651 4591 3780 4646 ten-

410 4682 504 4747 τὰς
585 4679 671 4737 ἐπὶ
727 4676 953 4756 διαμονῇ
1029 4679 1118 4735 καὶ
1200 4676 1407 4751 εὖθηνία
1461 4679 1548 4734 καὶ
1601 4675 1898 4751 πλατυσμῷ
1951 4680 2057 4731 τῶν

412 4771 536 4842 ἱειρῶ
616 4768 1029 4850 φροντιστηρίων
1128 4764 1341 4846 πράξεις
1424 4772 1531 4823 τῶν
1641 4763 2057 4842 μακαριωτάτων

414 4863 784 4938 πατριαρχῶν,
869 4857 1086 4937 πράσεις
1158 4855 1543 4934 ἀνελευθέρους,
1603 4855 1690 4911 καὶ
1761 4853 2059 4931 μεταφορὰς

414 4946 521 5003 ἀπὸ
575 4946 861 5025 προσώπου
924 4947 998 5009 εἰς
1054 4946 1312 5026 πρόσωπα
1394 4941 1666 5014 καπήλους
1723 4943 1812 4999 καὶ
1882 4941 2057 5007 πάσης

415 5034 760 5115 βωμολοχίας
801 5034 1244 5114 πεπληρωμένας,
1298 5035 1394 5093 Καὶ
1456 5032 1693 5095 εἰκότως.
1742 5028 2060 5088 Ἐκλειπόν-

416 5128 524 5181 τῶν
576 5124 676 5203 γὰρ
736 5131 843 5181 τῶν
916 5124 1214 5201 ἆμέμπτιος
1308 5120 1696 5203 πορευομένων,
1769 5117 2062 5188 ἐπλήθυναν

419 5214 466 5269 οἱ
493 5211 837 5292 ἂροτριὼντες
880 5213 946 5272 τὰ
1006 5211 1202 5289 ἄτοπα,
1259 5213 1395 5270 κατὰ
1473 5212 1566 5266 τὸν
1621 5205 1767 5282 Ἰὼϐ,
1824 5208 1910 5263 καὶ
1965 5205 2067 5273 τὴν

418 5300 609 5381 ἀρετὴν
638 5300 1073 5380 παρετημέρησεν
1102 5303 1137 5370 ἡ
1192 5300 1370 5360 κακία.
1422 5304 1533 5363 Πᾶς
1588 5295 1645 5354 δέ
1712 5318 1793 5360 τις
1835 5294 2066 5374 κέχηνεν

419 5390 493 5454 εἰς
523 5389 790 5470 ἀργύριον,
841 5388 1020 5449 οὐδένα
1085 5390 1246 5468 πόρον
1291 5389 1532 5469 αἰσχρὸν,
1579 5386 1616 5455 ἢ
1680 5383 1860 5465 κέρδος
1889 5381 2065 5439 ἄδικον

419 5479 860 5558 παραιτούμενος,
910 5477 1047 5536 ἀλλὰ
1100 5479 1188 5536 καὶ
1261 5477 1368 5535 ἀπὸ
1411 5480 1614 5557 εὖαγῶν
1668 5476 1756 5532 καὶ
1825 5473 1931 5529 ἀπὸ
1973 5470 2064 5527 ἒν-

2142 4668 2356 4731 dentes
2383 4668 2453 4729 ad
2488 4667 2858 4729 durationem
2893 4675 2949 4726 et
2980 4666 3341 4749 felizitatem,
3374 4678 3433 4730 et
3461 4671 3785 4751 ampliﬁca-

2141 4758 2364 4819 tionem
2390 4774 2689 4817 sacrorum
2723 4753 3212 4816 monasteriorum
3235 4757 3500 4819 actiones
3519 4758 3786 4823 beatissi-

2143 4864 2374 4908 morum
2435 4845 2925 4926 patriarcharum,
2981 4843 3270 4906 convertit
3311 4844 3373 4906 in
3422 4857 3786 4913 mercaturas

2141 4935 2485 5005 illiberales,
2538 4951 2609 4994 ac
2668 4931 3085 4995 translationes
3140 4933 3214 4995 ab
3265 4952 3380 4995 una
3427 4953 3680 5016 persona
3724 4939 3787 5001 in

2143 5022 2339 5097 aliam,
2376 5024 2734 5108 cauponaria
2794 5021 3048 5096 levitate,
3110 5031 3284 5102 atque
3333 5024 3495 5086 omni
3525 5028 3791 5108 nequitia

2145 5111 2372 5192 plenas.
2398 5107 2518 5171 Nec
2556 5109 2662 5172 abs
2690 5128 2755 5171 re
2783 5109 3049 5190 quidem.
3082 5109 3233 5171 Dum
3281 5110 3438 5174 enim
3479 5107 3785 5195 deﬁciunt,

2147 5200 2248 5282 qui
2279 5199 2425 5262 citra
2481 5198 3014 5279 reprehensionem
3076 5196 3401 5274 ambulant,
3459 5211 3669 5267 auctus
3701 5216 3794 5269 est

2148 5306 2356 5351 eorum
2386 5305 2690 5369 numerus,
2750 5287 2853 5369 qui
2894 5293 3064 5349 arant
3091 5285 3367 5366 absurda,
3402 5293 3794 5371 quemadmo-

2150 5378 2291 5441 dum
2322 5376 2507 5438 Johus
2560 5376 2842 5452 loquitur,
2895 5386 2953 5439 et
2997 5376 3272 5438 virtutem
3302 5377 3652 5456 improbitas
3679 5383 3797 5446 fer-

2146 5468 2361 5532 tilitate
2415 5485 2518 5528 sua
2567 5467 2888 5549 superavit.
2945 5464 3207 5540 Quilibet
3280 5466 3470 5529 inhiat
3522 5482 3791 5552 argento,

1753 5639 2010 5707 VARIIE
2050 5634 2484 5702 LECTIONES.

504 5779 544 5810 π,
575 5738 1002 5819 Apostolorum
1028 5739 1278 5803 scilicet.

1364 5748 1392 5779 ³
1411 5736 1891 5820 presbyterorum
1919 5735 2154 5800 ordine.

2242 5738 2268 5773 ο
2299 5729 2486 5811 Vulgo
2530 5730 2765 5812 copiam
2797 5730 3025 5796 dicunt.
