4192 6220
451 331 570 408 839

1811 334 1844 403 J
1850 338 1944 401 US
1987 329 2434 401 CANONICUM

3716 324 3842 396 840

453 469 684 532 nullum
714 477 940 554 turpem
973 479 1261 553 quaestum
1294 471 1387 534 vel
1419 470 1652 531 lucrum
1683 469 1964 548 injustum
1999 486 2102 529 re-

2188 475 2332 546 αγῶν
2383 468 2578 543 ὁμοίως
2635 471 2809 540 ζητῶν
2881 469 3323 548 χρηματίζεσθαι,
3371 458 3461 531 Ὠς
3518 466 3831 524 κινδυνεύειν

455 558 732 638 pudians,
770 561 873 622 sed
908 579 978 622 ex
1013 559 1310 636 religiosis
1356 559 1580 639 pariter
1610 576 1676 619 ac
1709 556 2107 638 piacularibus

454 646 750 710 ditescere
779 648 1050 728 cupiens.
1104 647 1230 720 Quo
1289 647 1352 708 fit
1402 656 1465 707 ut
1493 647 1823 728 periculum
1877 647 1975 723 sit,
2033 665 2108 706 ne

453 754 622 798 sacra
652 737 860 798 eodem
896 737 1227 799 habeantur
1273 737 1426 810 loco,
1460 755 1575 817 quo
1607 737 1862 817 impura,
1920 745 1976 796 et
2033 754 2108 796 ne

452 833 653 885 sancta
683 826 1104 903 profanentur;
1162 835 1218 888 et
1260 828 1359 906 qui
1389 825 1710 887 discrimen
1771 825 1925 885 inter
1979 843 2104 885 rem

454 929 680 974 sacram
709 913 1135 996 profanamque
1166 914 1362 988 iaciat,
1395 913 1490 975 vel
1536 915 1808 975 virtutem
1841 914 2016 992 colat,
2050 920 2108 974 et

449 1000 666 1077 videat,
699 1010 757 1063 et
785 1011 947 1065 recte
977 1003 1262 1077 ambulet,
1291 1021 1473 1084 prope
1503 1021 1678 1064 nemo
1711 1002 1785 1062 sit
1813 1001 1874 1063 in
1905 1000 2102 1062 homi-

452 1108 592 1150 num
625 1089 745 1151 vita
769 1090 1057 1172 reliquus.
1091 1094 1178 1154 Ac
1202 1092 1358 1165 vide,
1395 1109 1615 1171 quaeso,
1649 1090 1788 1171 quid
1824 1089 1934 1150 sibi
1967 1089 2107 1150 velit

452 1177 566 1239 hoc.
597 1197 792 1241 meum
823 1180 1161 1241 exordium.
1208 1181 1419 1242 Omnis
1470 1179 1530 1240 in
1562 1180 1870 1240 hominum
1924 1179 2101 1240 vitam

455 1267 631 1328 modo
655 1267 943 1338 vitiositas
965 1269 1225 1350 irrepsit,
1258 1280 1317 1331 et
1347 1268 1658 1329 inhonesta
1680 1286 1783 1346 per
1813 1285 2101 1328 summam

453 1355 753 1418 licentiam
814 1356 1057 1436 impune
1145 1358 1617 1419 committuntur.
1680 1353 1992 1417 Simulatio
2051 1362 2108 1415 et

453 1444 632 1520 larva,
689 1464 798 1526 pro
850 1464 916 1507 re
947 1446 1196 1508 honesta
1248 1445 1649 1525 laudabilique
1682 1445 1914 1506 ducitur
1946 1461 1959 1506 :
1996 1463 2109 1506 nec

451 1533 611 1594 aliud
634 1533 953 1614 quidquam
980 1534 1240 1597 universi
1267 1553 1451 1616 prope
1480 1534 1758 1596 mortales
1785 1532 1967 1612 magis
1980 1533 2106 1594 sol-

453 1620 618 1682 licito
647 1623 1123 1703 complectuntur
1174 1623 1394 1697 studio,
1429 1643 1601 1704 quam
1670 1623 1827 1683 unde
1859 1622 2010 1702 quis,
2047 1630 2108 1685 et

453 1710 988 1790 quomodolucrari
1015 1713 1220 1794 possit,
1255 1722 1312 1774 et
1344 1713 1604 1774 avaritiae
1627 1719 1912 1792 quaestum
1937 1714 2104 1774 inve-

2189 557 2417 616 ἐντεῦθεν
2472 559 2537 614 τὰ
2577 558 2689 636 ἱερά
2745 557 2799 614 ἐν
2857 555 2963 631 ἴσῳ
3019 561 3226 614 κεῖσθαι
3268 570 3384 619 τοϊς
3446 569 3683 636 μιαροῖς,
3744 557 3834 612 καὶ

2189 650 2482 703 κοινουσθαι
2540 647 2605 703 τὰ
2671 646 2806 725 ἅγια
2839 661 2855 676 ⁹
2929 647 3016 702 καὶ
3084 648 3173 702 τὸν
3256 644 3583 724 διακρίνοντα
3637 643 3832 720 μεταξὺ

2189 738 2327 816 ἱεροῦ
2395 737 2480 792 καὶ
2535 733 2786 812 βεϐήλου,
2886 735 2922 804 ἢ
2991 739 3363 814 κατορθοῦντα,
3448 736 3537 791 καὶ
3602 736 3828 813 δρῶντα,

2190 827 2277 882 καὶ
2329 830 2711 903 περιπατοῦντα
2782 825 2968 904 ὀρθῶς,
3026 825 3103 900 μὴ
3179 824 3321 880 εἶναι
3393 821 3608 904 σχεδὸν,
3695 820 3831 899 μηδὲ

2188 912 2544 976 πολιτεύσθαι,
2582 915 2678 972 Καὶ
2721 912 2929 985 σκόπει,
2959 914 3009 970 τί
3049 936 3141 988 μοι
3173 912 3415 990 βούλεται
3438 914 3500 968 τὸ
3529 912 3826 991 προοίμιον.

2190 1003 2498 1084 Παρεφθάρη
2540 1009 2619 1077 τῷ
2662 1002 2758 1078 βίῳ
2800 1008 2944 1084 πᾶσα
2965 1001 3232 1083 φαυλότης
3262 1004 3440 1082 τανῦν,
3500 1003 3590 1058 καὶ
3620 999 3827 1076 τολμᾶ-

2185 1114 2271 1148 ται
2316 1089 2502 1158 ἀνέδην
2532 1092 2598 1146 τὰ
2625 1089 2848 1165 ἄσεμνα.
2878 1081 2939 1148 Ἠ
2969 1088 3023 1146 δὲ
3055 1092 3228 1158 σκηνὴ
3258 1092 3344 1150 καὶ
3373 1092 3433 1147 τὸ
3462 1103 3825 1170 προσωπεῖον,

2185 1182 2259 1245 ὣς
2304 1181 2476 1255 τίμιον
2520 1177 2862 1254 ἐπιτήδευμα,
2906 1181 2993 1236 καὶ
3025 1179 3298 1236 ἐπαινετόν
3333 1195 3346 1208 ⁸
3407 1180 3496 1236 καὶ
3524 1176 3670 1237 οῦδὲν
3699 1175 3827 1233 ἄλλο

2187 1269 2270 1325 διά
2299 1267 2745 1349 πεφροντισμένης
2776 1267 3005 1337 σπουδῆς
3036 1271 3084 1325 οἱ
3126 1270 3316 1333 πάντες
3380 1267 3576 1348 σχεδὸν
3605 1269 3826 1324 τίθενται

2191 1357 2479 1435 ἅνθρωποι,
2513 1357 2548 1426 ἢ
2578 1357 2734 1413 πόθεν
2793 1356 2856 1412 ἄν
2898 1380 3001 1436 τις,
3073 1360 3161 1414 καὶ
3229 1356 3374 1420 ὅπως
3426 1355 3696 1436 κερδήσοι,
3741 1358 3831 1413 καὶ

2189 1453 2257 1524 τῇ
2297 1445 2697 1526 φιλογρηματίᾳ
2739 1448 2899 1524 πόρον
2931 1445 3147 1525 ἐξεύροι,
3191 1448 3278 1502 καὶ
3333 1459 3450 1508 τοῖς
3481 1445 3600 1503 οὖσι
3657 1466 3830 1523 προσ-

2189 1536 2359 1603 θὴκην
2443 1535 2995 1614 ἐμπραγματεύσαιτο,
3069 1537 3157 1590 καὶ
3239 1533 3469 1599 ἐπινοίας
3567 1534 3828 1609 ἐπινοήσῃ

2190 1622 2427 1703 ἄντικρυς
2485 1623 3003 1703 αἷχμαλωτιζούσαςο
3046 1625 3152 1679 ἀπὸ
3211 1625 3362 1685 Θεοῦ.
3410 1625 3506 1681 Καὶ
3576 1629 3828 1696 ποιοῦμεν

2188 1716 2253 1770 τὰ
2283 1702 2548 1792 χρήματα
2566 1717 2665 1780 τῆς
2697 1714 2895 1768 ἑαυτῶν
2924 1716 3106 1792 ψυχῆς
3162 1713 3536 1793 προτιμότερα,
3572 1702 3827 1786 υΗψαντο

455 1799 598 1871 niat,
631 1816 700 1863 ac
733 1801 1122 1880 praesentibus
1181 1801 1400 1882 aliquid
1433 1801 1753 1881 adjiciendi
1813 1802 1961 1862 viam
1993 1799 2105 1861 sibi

2188 1805 2276 1860 καὶ
2317 1808 2421 1857 τῶν
2451 1801 2732 1876 ἀψαύστων
2775 1799 2985 1876 πολλοὶ,
3045 1804 3132 1858 καὶ
3189 1801 3284 1858 οὐκ
3325 1801 3617 1882 ἐφείσαντο.
3659 1799 3828 1857 Ἀλλὰ

455 1887 706 1963 muniat,
769 1907 992 1970 easque
1049 1890 1404 1952 subtilitates
1434 1891 1750 1970 excogitet,
1789 1908 1919 1971 quae
1949 1889 2105 1950 haud

2189 1892 2287 1958 τὴν
2337 1890 2536 1946 ἑαυτῶν
2602 1889 2890 1957 ἐπληστίαν
2959 1887 3044 1945 ϐαὶ
3122 1890 3284 1970 μέχρι
3353 1897 3458 1947 τῶν
3511 1888 3828 1965 ἀτολμήτων

452 1976 634 2038 dubie
692 1987 892 2059 captos
931 1979 1164 2040 animos
1216 1980 1513 2041 abducant
1541 1998 1574 2040 a
1602 1979 1751 2041 Deo.
1785 1978 2105 2040 Pecuniam

2188 1979 2464 2052 ἐξέτειναν,
2542 1980 2626 2034 καὶ
2693 1991 2811 2042 τοῖς
2885 1979 3241 2054 ἀνακειμένοις
3313 1985 3426 2053 Θεῷ
3489 1975 3829 2035 πλεονέκτιδα

453 2065 688 2145 majori,
726 2085 901 2146 quam
935 2068 1164 2130 animas
1198 2077 1452 2141 nostras,
1480 2067 1539 2128 in
1567 2068 1757 2148 pretio
1790 2067 2102 2130 habemus.

2189 2069 2483 2147 ἐπιθυμίαν,
2546 2069 2632 2124 καὶ
2693 2066 2984 2124 ἀκόλαστον
3028 2065 3284 2124 ἐπέϐαλον
3354 2067 3522 2146 ὄρεξιν
3556 2085 3569 2099 ⁸
3648 2067 3827 2131 οἴκους

450 2156 717 2234 Attigere
733 2155 857 2235 jam
889 2157 1156 2217 nonnulli
1189 2157 1366 2219 etiam
1403 2176 1519 2217 non
1547 2157 1980 2233 tangendamec
2015 2155 2102 2218 eis

2188 2179 2239 2214 τε
2281 2156 2458 2234 ἁγίους
2501 2156 2829 2235 ἠχρείωσαν,
2868 2157 2956 2212 καὶ
3003 2157 3115 2235 ἱερά
3161 2157 3456 2235 ἠρήμωσαν
3506 2157 3825 2235 φροντιστή-

453 2261 816 2324 pepercere;
853 2245 957 2306 sed
990 2245 1412 2327 inexplebilem
1446 2245 1628 2306 animi
1661 2245 1753 2306 sui
1785 2243 2098 2305 libidinem

2188 2269 2270 2326 ρια
2317 2263 2331 2276 ⁸
2378 2247 2465 2302 καὶ
2506 2244 2700 2320 τεμένη
2745 2249 2885 2319 θεῖα,
2973 2247 3124 2325 ἱερῶν
3166 2244 3456 2321 κειμηλίων
3509 2245 3770 2320 ἐψίλῳσαν
3809 2261 3824 2276 ⁸

451 2341 847 2411 porrexerunt
875 2335 946 2394 ad
973 2335 1221 2395 minime
1241 2335 1850 2413 attentanda.Deoque
1869 2332 2103 2395 dedica-

2188 2337 2275 2391 τὸν
2305 2335 2461 2412 ἁγνὸν
2489 2340 2581 2389 τοῦ
2611 2341 2742 2390 Θεοῦ
2787 2331 2972 2413 φόϐον,
3045 2336 3133 2389 καὶ
3189 2335 3287 2402 τὴν
3343 2334 3429 2390 ἐπὶ
3498 2335 3702 2396 τούτοις
3730 2333 3824 2389 νέ-

451 2421 525 2481 tis
585 2421 967 2502 cupiditatem
1028 2442 1260 2484 avaram
1308 2431 1365 2484 et
1427 2423 1719 2484 infrenem
1780 2421 2102 2503 appetitum

2188 2445 2362 2498 μεσιν,
2395 2420 2572 2500 πορῤω
2600 2444 2698 2478 που
2769 2424 2856 2477 καὶ
2912 2423 3114 2501 μακρὰν
3173 2423 3371 2478 ἑαυτῶν
3453 2422 3820 2488 ἐξοικίσαντες,

451 2509 808 2588 injecerunt,
850 2509 1008 2572 aedes
1064 2521 1299 2574 sanctas
1355 2513 1743 2574 reddiderunt
1794 2511 2056 2580 inutiles,
2123 2509 2485 2572 monasteria
2541 2528 2710 2571 sacra
2765 2509 2826 2570 in
2857 2510 3234 2573 solitudinem
3267 2511 3574 2589 redegere,
3609 2509 3830 2590 templa

449 2597 648 2658 divina
678 2599 939 2659 donariis
969 2605 1155 2662 sacris
1185 2601 1515 2682 spoliarunt
1548 2623 1561 2662 :
1598 2601 1739 2663 dum
1772 2609 1994 2663 castum
2025 2599 2132 2662 Dei
2159 2600 2464 2682 timorem,
2500 2608 2560 2663 et
2590 2599 2802 2660 borum
2861 2599 3155 2662 scelerum
3197 2600 3544 2681 vindictam,
3577 2598 3700 2660 suis
3750 2597 3826 2660 ab

453 2685 640 2746 oculis
670 2687 844 2765 longe
875 2697 1163 2750 remotam
1197 2689 1440 2752 habent.

530 2775 615 2837 Ita
644 2774 862 2837 factum
923 2786 1036 2857 est,
1097 2787 1158 2838 ut
1205 2787 1408 2839 sancta
1463 2779 1567 2840 Dei
1599 2777 1780 2840 verba
1812 2775 2105 2838 mendacii

2265 2778 2367 2836 o"-
2772 2779 2783 2795 ‘
2857 2779 2881 2797 "
3152 2779 3164 2799 '
3449 2787 3470 2798 ν
3632 2780 3658 2791 ’

2308 2802 2415 2835 meo
2455 2779 2664 2856 ῥήματα
2732 2800 2798 2834 τα
2845 2800 2971 2857 αγια
3040 2778 3328 2857 ἐψευσαντο
3383 2801 3476 2837 του
3531 2785 3682 2853 Θεου,
3736 2779 3827 2833 καὶ

449 2871 717 2943 arguant,
751 2873 810 2924 et
841 2856 1028 2941 legem
1062 2867 1193 2947 ejus
1234 2867 1546 2929 irrideant.
1580 2866 1915 2940 Quinetiam
1946 2884 2100 2926 non-

2188 2868 2274 2928 τὸν
2304 2867 2466 2943 νόμον
2490 2871 2647 2925 αὐτοῦ
2675 2856 3055 2944 ἐμυκτήρισαν,
3107 2856 3257 2934 ’Ήδη
3295 2865 3350 2922 δέ
3405 2889 3542 2930 τινες
3598 2867 3686 2922 καὶ
3744 2867 3824 2940 μὴ

453 2951 598 3012 nulli
627 2951 702 3012 ob
734 2970 968 3034 ea,quae
1006 2955 1414 3038 designantur,
1446 2957 1841 3035 ingemiscere
1871 2954 2103 3036 perspi-

2188 2955 2539 3025 ἐπιστενάζειν
2566 2969 2682 3019 τοῖς
2715 2955 3104 3034 πεπραγμένοις
3175 2958 3264 3012 τὸν
3306 2961 3403 3022 τῆς
3475 2953 3621 3022 δίκης
3680 2953 3824 3020 ἄλη-

452 3058 652 3102 cacem
684 3040 849 3102 illum
888 3043 1122 3104 oculum
1150 3044 1398 3124 justitiae
1420 3064 1523 3125 per
1539 3063 1806 3106 errorem
1841 3064 1955 3105 non
1993 3064 2101 3124 pu-

2188 3067 2310 3100 στον
2371 3042 2770 3113 ἐξαπατώμενοι
2829 3042 3119 3124 ὀφθαλμὸν,
3189 3043 3445 3101 ’ἔσπευσαν
3515 3042 3630 3120 μεθ’
3684 3045 3825 3099 υπο-

452 3129 746 3237 tanltes,ad
765 3130 820 3237 id
847 3150 1090 3237 operam
1105 3132 1926 3209 dederunt,utanimiocculto
1939 3133 2100 3233 dolo,

2188 3133 2548 3212 κεκρυμμένου
2615 3135 2970 3213 φρονήματος,
3064 3135 3150 3190 καὶ
3214 3134 3461 3212 γλώσσης
3516 3131 3820 3208 ἀπατηλῆς,

454 3225 512 3278 et
542 3217 745 3296 lingua
775 3219 1147 3283 fraudulenta
1186 3232 1523 3284 sanctorum
1582 3241 1817 3304 quoque
1847 3222 2101 3303 patriar-

2188 3223 2272 3278 καὶ
2301 3229 2641 3302 πατριαρχῶν
2673 3224 2834 3301 ἀγίων
2890 3225 2977 3279 καὶ
3034 3222 3212 3301 ἱερέων
3267 3221 3455 3301 ἑτέρων
3525 3220 3828 3288 ἀπλόνητος

452 3306 1029 3389 charum,reliquoru
1042 3329 1218 3390 mque
1248 3313 1628 3376 sacerdotum
1655 3310 2028 3391 simplicitati
2050 3319 2107 3370 et

453 3403 675 3456 sanctae
733 3398 1039 3460 modestiae
1099 3402 1475 3482 insultarent,
1538 3421 1604 3463 ac
1663 3409 1935 3482 peterent
1991 3398 2106 3480 ipsi

457 3483 697 3564 quidem
727 3487 1086 3549 monasteria
1120 3507 1224 3569 per
1265 3489 1643 3552 donationem
1675 3489 1750 3551 ab
1783 3491 1867 3550 eis
1889 3506 2105 3550 conse-

455 3573 578 3654 qui,
638 3593 771 3636 cum
855 3577 1151 3656 promisso
1211 3579 1438 3640 nullum
1500 3599 1616 3640 non
1694 3576 2108 3640 beneficentia:

455 3680 647 3739 genus
677 3663 737 3723 in
790 3682 860 3724 ea
917 3665 1289 3740 declarandi,
1348 3677 1403 3730 et
1452 3667 1671 3744 illatam
1707 3667 1792 3728 eis
1845 3669 2106 3746 ipsorum

453 3751 683 3811 ratione
716 3761 1051 3831 temporum
1085 3763 1553 3836 caeterorumque
1577 3775 1818 3816 casuum
1843 3753 2105 3817 infelici-

454 3845 633 3898 tatem
669 3838 1022 3920 dissipandi,
1053 3842 1424 3924 formamque
1462 3845 1889 3926 pulcherimam
1923 3847 2109 3907 resti-

454 3927 660 3988 tuendi
699 3949 711 3984 :
749 3929 853 3988 sed
916 3938 1141 3991 tantum
1206 3933 1416 4006 abfuit,
1477 3943 1538 3994 ut
1593 3953 1662 3994 ea
1693 3934 1871 4009 nacti,
1932 3935 2110 3997 verba

452 4013 624 4075 factis
659 4025 1036 4095 praestarent,
1076 4029 1136 4082 et
1172 4021 1462 4100 promissa
1493 4023 1902 4102 imp'erent,ut
1932 4023 2109 4085 etiam

454 4103 856 4166 inverecunde
878 4107 1080 4168 omnia
1100 4111 1391 4170 contraria
1419 4111 1817 4189 designent,et
1840 4114 2108 4174 vestatio-

463 4210 572 4252 nes
597 4211 804 4283 eorum
830 4196 1254 4258 vastationibus
1279 4200 1582 4260 cumulent
1608 4217 1621 4260 :
1649 4199 1787 4260 dum
1812 4199 1983 4261 bonis
2006 4202 2101 4283 iis,

459 4298 590 4360 quae
606 4281 900 4364 auferunt,
935 4285 1006 4346 ad
1032 4285 1361 4348 satietatem
1381 4288 1677 4363 fruuntur,
1704 4307 1905 4349 eorum
1939 4281 2102 4368 vero,

2185 3311 2271 3366 καὶ
2380 3311 2660 3375 ἐπιεικείας
2761 3313 3114 3391 ἁγιοπρεποῦς
3211 3313 3668 3391 κατορχήσασθαι,
3741 3311 3830 3365 καὶ

2185 3401 2491 3468 αἰτήσασθαι
2524 3401 2619 3475 μὲν
2647 3403 3017 3480 φροντιστήρια
3087 3399 3168 3456 δίά
3223 3399 3418 3481 δωρεᾶς
3460 3397 3643 3456 λαϐεῖν
3698 3396 3823 3478 παρ’

2189 3489 2376 3560 αὐτῶν,
2455 3487 2535 3566 ἐφ’
2611 3488 2900 3568 ὑποσχέσει
2956 3498 3048 3548 τοῦ
3100 3495 3204 3544 πᾶν
3258 3491 3489 3554 εὐποιίας
3549 3487 3691 3552 εἶδος
3752 3490 3824 3550 εἰς

2190 3575 2320 3632 αῦτά
2381 3573 2748 3656 ἐπιδείξασθαι,
2819 3579 2908 3633 καὶ
2965 3575 3317 3634 ἀποσκεδάσαι
3373 3580 3471 3645 τὴν
3539 3573 3828 3652 ἐπισυμϐἇο

2189 3685 2285 3718 σαν
2311 3664 2514 3730 τούτοις
2558 3662 2838 3745 δυστυχίαν
2894 3667 2952 3722 ἔκ
3019 3688 3076 3722 τε
3143 3673 3248 3722 τῶν
3306 3674 3502 3746 καιρῶν
3565 3669 3654 3722 καὶ
3720 3672 3825 3722 τῶν

2191 3751 2366 3809 ἄλλων
2437 3753 2720 3834 ἐπιφορῶν,
2807 3757 2892 3811 καὶ
2947 3755 3068 3831 ὅψιν
3145 3761 3327 3820 αὐτοῖς
3399 3755 3824 3834 εὐπρεπεστάτην

2191 3839 2554 3905 ἐπισκευάσαι,
2625 3842 2891 3908 Λαϐόντας
2990 3842 3044 3900 δὲ
3127 3846 3376 3902 τοσούτου
3474 3843 3657 3910 δεῆσαι
3751 3845 3823 3905 εἷς

2192 3927 2318 4008 ἔργα
2346 3932 2468 3993 τοὺς
2526 3931 2712 4010 λόγους
2771 3931 3113 4009 ἀποτελέσαι,
3171 3936 3258 3990 καὶ
3342 3934 3436 3996 τὰς
3509 3931 3823 4011 ἐπαγγελίας

2191 4017 2600 4098 ἀποπληρῶσαι,
2635 4019 2712 4076 ὅτι
2758 4023 2846 4077 καὶ
2887 4023 3132 4081 τάναντία
3187 4022 3358 4079 πάντα
3417 4022 3824 4102 ἆνερυθριάστως

2191 4110 2539 4166 νεανιεύονται
2571 4126 2584 4143 ·
2644 4111 2730 4166 καὶ
2774 4125 2894 4173 ταῖς
2951 4112 3252 4191 ἐρημώσεσι
3321 4113 3541 4186 τούτων,
3604 4111 3824 4190 ἐρημώ-

2191 4220 2298 4263 σεις
2353 4200 2733 4280 ἀπεργάζονται
2770 4217 2782 4230 ⁸
2830 4209 2936 4258 τῶν
2991 4203 3110 4278 μὲν,
3171 4205 3244 4259 ῶν
3301 4202 3565 4281 φέρουσιν,
3618 4201 3826 4280 ἀγαθῶν

2215 4290 2228 4310 9
2375 4289 2384 4307 ν
2723 4290 2734 4310 r
3046 4297 3072 4306 α
3193 4292 3209 4312 κ
3311 4294 3336 4312 τι·
3433 4289 3477 4309 ν
3747 4288 3818 4312 ’λι

2189 4309 2261 4352 εις
2322 4310 2474 4366 κορον
2531 4289 2884 4355 ἀπολαυοντες
2919 4311 2931 4324 ⁸
3007 4314 3111 4347 των
3163 4289 3238 4365 δε,
3299 4314 3372 4346 ων
3428 4303 3652 4362 οεονται,
3713 4310 3825 4346 ουοε

456 4369 672 4459 quibus
701 4369 970 4450 indigent
999 4373 1134 4454 ipsi,
1167 4393 1242 4437 ne
1276 4376 1585 4436 minimum
1620 4376 1861 4456 quidem
1895 4396 2105 4459 repen-

2188 4378 2247 4431 τὸ
2278 4376 2480 4443 εὐτελὲς
2525 4377 2971 4457 ἀντεισφέροντες.
3021 4369 3173 4443 υΕως
3245 4381 3316 4442 εἰς
3374 4378 3611 4459 ἐσχάτην
3695 4378 3826 4434 αὔτα

456 4458 621 4539 dant,
655 4459 848 4522 donec
883 4480 953 4523 ea
986 4464 1226 4525 tandem
1260 4465 1331 4525 ad
1367 4465 1733 4526 eversionem
1770 4483 1841 4528 ac
1862 4458 2103 4528 vastita-

2188 4467 2558 4545 καταστροφὴν
2615 4469 2704 4524 καὶ
2759 4467 3026 4544 ἐρήμωσιν
3097 4458 3492 4528 συνελάσουσιν.
3577 4464 3824 4525 Ἐπειδὰν

456 4555 573 4606 tem
605 4555 935 4612 extremam
963 4553 1522 4634 redegerint.Atque
1546 4554 1656 4615 hoc
1679 4554 1855 4616 modo
1879 4555 2105 4635 perdita

2188 4551 2236 4608 δὲ
2297 4553 2433 4610 οὕτω
2517 4563 2680 4612 ταῦτα
2760 4556 3219 4636 καταλυμήνηται,
3293 4556 3476 4624 ἐπίσης
3561 4561 3745 4623 κοινῆς
3773 4553 3828 4598 ³6

457 4637 817 4699 monasteria
865 4640 1114 4720 perinde
1157 4641 1503 4723 divendunt,
1537 4651 1711 4723 atque
1769 4646 2109 4706 communia

455 4725 820 4806 profanaque
872 4727 1118 4810 praedia,
1176 4731 1266 4792 vel
1300 4731 1429 4793 aliis
1479 4751 1547 4794 ea
1575 4731 1759 4810 gratis
1788 4733 2004 4803 locant,
2044 4741 2105 4794 ut

457 4829 653 4901 erucae
673 4815 912 4878 residua
934 4817 1175 4880 devoret
1194 4819 1505 4896 locusta,et
1529 4821 1756 4901 plagam
1780 4829 2104 4883 extremam

460 4900 674 4990 plenus
704 4905 960 4985 excipiat
1008 4908 1282 4969 interitus
1313 4930 1325 4967 :
1371 4928 1438 4971 ac
1470 4900 1682 4990 siquid
1715 4909 1848 4971 illos
1878 4911 2100 4990 effugit,

456 4988 648 5078 abhis
670 5003 1050 5056 consumatur
1075 5013 1088 5058 :
1110 4995 1170 5057 in
1213 5017 1328 5078 quo
1378 5017 1520 5060 sane
1541 4988 1768 5060 facinus
1789 4988 2108 5061 admittunt

453 5077 722 5142 incursui
782 5083 1090 5147 barbarico
1156 5077 1370 5164 simile,
1431 5087 1537 5149 sed
1591 5088 1924 5150 Christiana
1981 5097 2105 5150 tum

453 5166 796 5254 honestate,
833 5182 955 5235 tum
1017 5176 1308 5238 modestia
1339 5194 1582 5257 prorsus
1611 5177 1942 5254 indignum.
1974 5177 2104 5241 Jam

455 5257 616 5344 quod
641 5260 814 5323 etiam
843 5263 936 5324 his
980 5263 1126 5342 ipsis
1155 5274 1213 5326 et
1240 5265 1612 5328 inhonestius
1642 5275 1753 5344 est,
1789 5276 1847 5329 et
1873 5268 2104 5331 alienus

452 5361 488 5407 a
509 5343 754 5426 decoro,
788 5351 1058 5416 virilibus
1096 5355 1472 5418 monasteriis
1503 5343 1784 5418 mulieres
1814 5369 2096 5439 praesunt,

2184 4641 2501 4710 κτησειδίοις
2555 4645 2971 4720 ἀπεμπολοῦσιν,
3057 4645 3094 4715 ἢ
3164 4644 3360 4725 δωρεὰν
3439 4644 3622 4709 ἄλλοις
3678 4643 3825 4701 ἐκδι-

2186 4728 2388 4811 δόασιν,
2434 4735 2506 4797 ὡς
2537 4732 2600 4789 ἂν
2627 4735 2692 4789 τά
2733 4733 3031 4792 κατάλοιπα
3083 4736 3179 4804 τῆς
3246 4736 3464 4811 κάμπης
3531 4735 3825 4816 καταφάγοι

2186 4821 2220 4888 ἡ
2251 4820 2396 4899 ἀκρὶς
2425 4823 2513 4877 καὶ
2541 4822 2638 4889 τὴν
2677 4822 2916 4903 ἐσχάτην
2973 4823 3191 4904 πληγὴν
3234 4825 3263 4880 ὃ
3321 4823 3590 4892 παντελὴς
3647 4822 3825 4881 διαδέ-

2188 4907 2337 4975 ξηται
2388 4907 2599 4990 ὄλεθρος
2629 4927 2642 4940 ⁸
2704 4914 2790 4967 καὶ
2860 4911 2912 4968 εἴ
2967 4935 3016 4969 τι
3099 4914 3323 4976 ἐκείνους
3392 4911 3650 4993 διέφυγεν,
3724 4915 3826 4970 ὑπὸ

2187 4998 2384 5053 τούτων
2440 4998 2733 5077 ἀναλωθείη
2769 5017 2782 5030 ·
2842 5000 3097 5078 τόλμημα
3151 5000 3449 5078 τελμῶντες
3505 4998 3827 5080 βαρϐαρικῆς

2189 5084 2480 5166 ἐπιδρομῆς
2539 5088 2744 5169 ὅμοιον,
2814 5092 3180 5170 Χριστιανικῆς
3251 5089 3307 5147 δέ
3405 5090 3825 5165 σεμνοπρεπείας

2187 5177 2275 5232 καὶ
2303 5176 2656 5251 κοσμιότητος
2699 5180 2872 5246 πάντη
2939 5179 3169 5245 ἀνάξιον,
3218 5182 3316 5239 Καὶ
3382 5180 3444 5236 τὸ
3497 5178 3572 5234 ἔτι
3626 5181 3826 5237 τούτων

2188 5265 2536 5345 ἀσεμνότερόν
2644 5290 2702 5324 τε
2776 5271 2865 5326 καὶ
2931 5269 3338 5350 ἀπρεπέστερον,
3420 5281 3670 5347 γυναῖκες
3723 5269 3825 5344 μὲν

2185 5353 2430 5435 ἀνδρῴων
2537 5356 2869 5418 ἐπιστατοῦσι
2954 5361 3395 5440 φροντιστηρίων,
3507 5355 3686 5438 ἄνδρες
3769 5355 3826 5415 δὲ

1760 5517 2017 5582 νΑΒΙιΕ
2059 5512 2375 5583 LECTION
2383 5514 2497 5581 ES.

530 5644 599 5699 81
635 5659 856 5711 κοινοῖς.
