4192 6220
309 320 419 387 841
1653 322 2342 393 ΘΒιΕΟΟ-ΒΟΜΑΝΠΜ
3582 328 3700 398 842

306 462 616 539 γυναικείων
696 465 1051 543 φροντίζουσιν
1090 483 1110 503 ο
1197 464 1368 539 λύκοι,
1443 466 1621 546 φασὶν,
1683 461 1869 541 ἄνδρας
1896 453 1942 507 ⁵(

2046 458 2103 546 et
2128 452 2238 514 viri
2267 455 2649 519 muliebrium
2701 476 2907 521 curam
2964 467 3178 538 gerunt
3213 480 3227 524 :
3264 480 3297 523 a
3326 461 3505 542 lupis,
3538 460 3699 542 quod

303 539 794 628 ποιμαίνοντεςξῆ
871 554 959 610 καὶ
1029 561 1130 631 πῦρ
1202 556 1273 621 εἰς
1340 539 1536 635 χόρτοι
1591 539 1935 634 ἒπαφιέμενοι

2044 539 2231 635 aiunt,
2266 553 2593 623 pascuntur
2622 545 2757 635 agni
2786 564 2802 623 ;
2864 548 2953 609 vel
2987 547 3142 627 ignis
3173 548 3310 611 feno
3337 539 3699 626 immittitur,

306 639 480 699 Ὅπου
546 642 647 719 γὰρ
683 627 686 628 ν
718 639 832 698 οὑδὲ
888 627 1114 722 πάροδος
1170 627 1383 723 τυχαία
1418 627 1527 699 ’καὶ
1584 627 1942 720 ἀπερίσκεπτος

2045 627 2274 711 Quippe
2293 652 2427 693 cum
2456 653 2529 695 ne
2554 634 2831 723 fortuitus
2860 636 3206 716 quidem,ac
3223 638 3470 699 minime
3500 638 3696 701 medi-

307 725 521 806 ἆνδράσι
570 730 669 804 μὲν
727 731 800 795 εἰς
859 720 1135 810 γυναικεῖα
1194 720 1399 813 ἐφεῖται
1458 732 1601 810 παρὰ
1653 737 1756 787 τῶν
1812 727 1942 785 θείω

2046 723 2204 779 tatus
2235 720 2431 784 aditus
2460 722 2603 785 viris
2632 722 2703 784 ad
2738 723 3055 787 muliebria
3081 727 3437 788 monasteria
3460 727 3700 789 sacrisa

310 817 570 893 κανόνων,
650 817 684 887 ἢ
764 807 1063 877 τοὺναντίον
1121 807 1346 898 γυναιξὶν
1418 823 1489 885 εἷς
1540 807 1769 899 ’ἀνδρῶν
1838 837 1938 873 κατ

2045 807 2373 871 canonibus
2407 811 2804 892 permittatur,
2825 820 2923 874 aut
2953 831 2986 873 ο
3018 814 3315 875 contrario
3348 813 3699 877 mulieribus

310 904 519 984 αγώγια
552 922 567 937 ⁸
613 905 815 964 πολλοῦ
867 930 927 987 γε
984 906 1066 965 δεῖ
1120 897 1385 976 ἔνδοθῆναι
1436 907 1619 989 ἄνδρας
1651 897 1746 983 μὲν
1776 926 1942 985 γυναι-

2047 897 2118 956 ad
2153 898 2414 961 virorum
2476 901 2826 964 domicilia:
2884 904 3135 965 multum
3192 906 3454 985 profecto
3508 905 3695 982 abest,

310 999 419 1050 κῶν
498 992 683 1074 ἄρχειν
751 997 963 1073 τιμίων,
1051 1004 1167 1072 Θεῷ
1250 998 1397 1074 μόνῳ
1478 1004 1575 1071 ζῇν
1644 994 1908 1071 ἑλομένων

2044 1003 2393 1075 concessum
2428 1000 2652 1065 esse,ut
2681 993 2741 1052 in
2776 992 3143 1055 venerabiles
3168 994 3418 1056 feminas
3436 1012 3568 1075 quae
3586 994 3699 1055 soli

307 1095 563 1160 γυναῖκας
605 1081 659 1140 δὲ
703 1086 859 1142 ὁσίων
902 1086 1252 1165 προΐστασθαι
1296 1084 1523 1161 ἀνδρῶν.
1584 1087 1642 1143 Εἰ
1687 1085 1854 1158 μήπω
1880 1104 1942 1136 τυ

2043 1074 2166 1136 Deo
2192 1075 2392 1140 vivere
2424 1080 2837 1155 decreverunt,
2874 1080 3191 1162 imperium
3214 1083 3324 1143 viri
3356 1074 3588 1165 gerant,
3624 1101 3693 1145 ac

308 1170 506 1246 ἄμικτα
588 1173 826 1252 μιγνύειν
886 1172 1078 1247 ἐθέλοι,
1140 1177 1228 1232 καὶ
1283 1180 1388 1230 τῶν
1435 1175 1585 1232 θείων
1642 1174 1817 1249 νόμων
1873 1171 1961 1226 καὶ

306 1267 405 1329 τῆς
485 1261 705 1330 ἐντολῆς
789 1263 1131 1334 καταπαίζειν
1219 1261 1599 1335 αὑθαδιάζοιτο,
1687 1258 1835 1318 Ἀλλ’
1921 1261 1955 1326 ἡ

309 1352 597 1431 μετριότης
655 1354 809 1428 ἡμῶν
852 1357 951 1420 τῆς
1002 1373 1060 1408 τε
1102 1351 1340 1433 φυλακῆς
1369 1355 1472 1409 τῶν
1502 1353 1653 1432 ἱερῶν
1696 1349 1951 1422 κανόνων,

304 1442 395 1497 καὶ
469 1447 576 1498 τῶν
665 1442 815 1498 θείων
870 1440 1239 1517 δικαιωμάτων
1311 1443 1730 1522 παρατηρήσεως
1791 1435 1956 1513 μηδὲν

306 1552 357 1585 τι
413 1532 837 1610 προύργιαίτερον
893 1531 1178 1605 πιουμένη,
1252 1532 1340 1588 καὶ
1395 1532 1460 1588 τὰ
1500 1537 1717 1587 τοιαῦτα
1778 1526 1955 1603 ὥσπερ

306 1617 569 1697 φθάνουσα
615 1620 702 1676 καὶ
750 1619 945 1675 ἱστῶσα
1001 1615 1164 1693 δεινὰ,
1224 1620 1312 1675 καὶ
1370 1624 1467 1687 τῆς
1525 1618 1610 1676 ἐπὶ
1666 1617 1731 1673 τὰ
1773 1614 1955 1694 πρόσω

306 1711 469 1785 φορᾶς
562 1705 951 1781 ἀνακόπτουσα,
1055 1705 1352 1787 διορίζεται,
1470 1709 1607 1783 μήτε
1692 1702 1952 1780 μετένεξιν

2044 1164 2325 1229 mulieres
2382 1168 2525 1230 viris
2581 1168 2877 1249 religiosis
2935 1170 3198 1251 praesint,
3237 1174 3347 1233 nisi
3381 1173 3513 1253 quis
3541 1172 3693 1234 forte

2041 1271 2157 1341 non
2178 1255 2482 1319 miscenda
2498 1258 2752 1321 miscere
2775 1259 3005 1341 velit,et
3029 1261 3460 1323 contumaciter
3474 1261 3693 1323 divinis

2041 1339 2271 1421 legibus
2304 1362 2373 1407 ac
2403 1354 2695 1426 praecepto
2729 1339 3280 1409 illudat.Enimvero
3313 1350 3693 1411 mediocritas

2040 1439 2241 1493 nostra
2272 1436 2721 1497 conservatione
2770 1454 3077 1498 sacrorum
3123 1455 3439 1515 canonum,
3485 1446 3543 1500 et
3586 1437 3687 1519 ju-

2039 1519 2193 1608 rium
2225 1520 2559 1584 divinorum
2620 1523 3030 1587 observatione
3073 1524 3221 1587 nihil
3253 1527 3551 1608 antiquius
3579 1529 3691 1589 ha-

2038 1605 2223 1683 bens;
2259 1611 2435 1672 simul
2470 1620 2528 1673 et
2560 1613 2685 1675 haec
2743 1614 2899 1675 mala
2958 1615 3117 1677 velut
3154 1605 3474 1697 .nticipahs
3504 1635 3573 1679 ac
3603 1617 3689 1678 si-

2037 1702 2227 1778 stens,
2261 1708 2318 1760 et
2350 1701 2669 1780 quominus
2716 1702 2966 1765 ulterius
3016 1712 3275 1784 serpant,
3311 1705 3683 1769 retundens:

304 1792 411 1854 ἆπὸ
456 1801 548 1850 τοῦ
595 1795 874 1873 παρόντος,
922 1785 1273 1876 μοναστηρίου
1329 1797 1553 1875 γίνεσθαι
1614 1791 1942 1865 οἱανδήποτε,

2038 1785 2238 1876 statuit
2266 1795 2329 1848 ut
2353 1807 2423 1851 ex
2451 1789 2561 1851 hoc
2596 1797 2859 1872 tempore
2911 1810 3105 1873 neque
3139 1793 3444 1855 translatio
3476 1813 3688 1857 mona-

302 1880 409 1937 ἀπὸ
477 1889 571 1939 τοῦ
645 1880 729 1939 διὰ
800 1882 995 1962 δωρεᾶς
1052 1884 1373 1964 κατέχοντος
1426 1884 1581 1942 τοῦτο
1637 1886 1707 1948 εἷς
1778 1880 1952 1959 ἕτερον

302 1971 586 2049 πρόσωπον
630 1993 640 2003 ·
695 1969 817 2028 ἀλλ’
867 1973 913 2028 εἰ
964 1974 1051 2029 καὶ
1107 1973 1325 2052 γένηταί
1375 1974 1530 2048 πότε,
1588 1972 1777 2051 ἄκυρον
1809 1969 1950 2025 εἶναι

298 2060 516 2134 ταύτην,
589 2061 675 2116 καὶ
743 2058 982 2135 ἄδεκτον,
1056 2064 1143 2118 καὶ
1228 2061 1457 2126 εὑθύναις
1553 2059 1745 2140 ἔνοχον
1828 2071 1949 2126 ταῖς

296 2146 741 2229 ἀρμοδιωτάταις,
788 2151 938 2221 Μήτε
994 2164 1243 2227 γυναῖκα,
1306 2149 1427 2216 ο’ἷας
1499 2148 1559 2206 ἂν
1605 2149 1697 2217 εἴη
1746 2150 1943 2230 τύχης,

297 2235 530 2317 ἀνδρῴου
609 2236 884 2310 δεσπόζειν
968 2239 1319 2314 μοναστηρίου
1365 2256 1378 2269 ·
1488 2239 1524 2307 ἣ
1627 2240 1945 2309 τούναντίον,

298 2322 459 2406 ἄνδρα
512 2329 806 2405 γυναικείου
842 2345 856 2359 ”
918 2329 1007 2384 καὶ
1075 2326 1327 2404 μάλιστα,
1389 2327 1599 2396 ἡλικίας
1657 2329 1950 2385 ὑποπτευο-

298 2414 469 2491 μὲνης
536 2417 893 2497 τυγχάνοντα,
951 2418 1041 2473 καὶ
1124 2415 1421 2474 σκανδάλοο
1504 2416 1750 2498 ἀφορμὴν
1833 2432 1949 2481 τοῖς

298 2516 512 2565 πιστοῖς
542 2503 937 2585 ἐμπαρέχοντα.
1001 2507 1100 2564 Καὶ
1156 2512 1309 2561 τοῦτο
1363 2503 1708 2585 φυλάττεσθαι
1764 2506 1852 2561 καὶ
1894 2506 1948 2561 ἐν

297 2591 683 2671 μητροπόλεσι,
741 2595 830 2650 καὶ
900 2593 954 2652 ἑν
1041 2592 1386 2668 ἐπισκοπαῖς,
1472 2595 1563 2650 καὶ
1643 2604 1944 2672 πανταχοῦ.

298 2679 574 2739 Ἐκποδὼν
641 2683 741 2761 γὰρ
799 2679 882 2738 δεῖ
948 2687 1214 2740 ποιεῖσθαι
1284 2683 1376 2749 τὰς
1432 2682 1665 2761 πονηρὰς
1719 2683 1947 2756 ὑποψίας

296 2770 444 2848 πάσῃ
496 2778 747 2852 μηχανῇ.
808 2768 925 2828 ἀλλ’
998 2773 1119 2852 οὐχὶ
1200 2773 1289 2829 καὶ
1369 2771 1632 2848 πτώματα
1717 2770 1947 2830 ἐντεῦθεν

293 2873 602 2940 συγχωρεῖν
632 2860 1024 2932 ἀποτίκτεσθαι,
1082 2862 1169 2918 καὶ
1215 2862 1275 2916 τὸ
1319 2862 1490 2936 τίμιον
1547 2865 1646 2928 τῆς
1706 2857 1945 2927 Ἐκκλη-

294 2949 409 3013 σίας
505 2946 890 3027 καθυϐρίζεσθαι
971 2948 1262 3029 πλήρωμα,
1339 2940 1432 3014 Ὠς
1518 2948 1581 3005 ἂν
1637 2949 1725 3006 οὖν
1810 2951 1945 3026 μήτε

294 3039 569 3118 μεταφορὰ
626 3038 717 3093 τὸν
772 3037 1034 3114 μέλλοντα
1089 3040 1284 3119 χρόνον
1355 3039 1461 3096 ἀπὸ
1531 3061 1815 3118 προσῳπου
1872 3041 1944 3101 εἰς

292 3127 578 3206 πρόσωπον
658 3130 796 3207 ἱεροῦ
879 3130 1277 3208 φρυντιστηρίου
1378 3126 1817 3207 πλημμεληθείη,
1906 3128 1942 3196 ἢ

294 3215 666 3293 ἀπεμπόλησις
726 3217 901 3293 (τοῦτο
969 3214 1015 3272 δ’
1072 3217 1301 3298 αἰσχύνη
1376 3217 1463 3273 καὶ
1517 3215 1939 3296 ὑπολογίζεσθαι,

295 3306 372 3381 μή
416 3327 464 3361 τι
492 3302 665 3384 λέγειν
694 3305 783 3361 καὶ
838 3308 1099 3362 πιστεύειν
1154 3302 1352 3385 γράφῇ)
1415 3305 1552 3381 μήτε
1595 3304 1703 3379 μὴν
1754 3327 1942 3382 γυναι-

292 3394 448 3451 κείων
526 3391 705 3471 ἄνδρες
791 3395 1044 3470 σεμνείων
1126 3394 1488 3468 ἑπιστατοῖεν,
1574 3393 1609 3461 ἢ
1694 3406 1943 3469 γυναῖκες

293 3480 539 3562 ἀνδρῴων
594 3484 955 3562 προίσταιντο,
1015 3484 1078 3539 τὸ
1132 3484 1299 3563 παρὸν
1339 3482 1628 3559 ὑπόμνημα
1682 3478 1886 3548 ἐξετέθη
1919 3497 1942 3519 ·

283 3572 416 3650 πρὸς
457 3583 575 3634 τοῖς
620 3570 919 3648 εἰρημένοις
990 3569 1066 3627 ἔτι
1124 3573 1212 3628 καὶ
1268 3577 1444 3628 πᾶσαν
1498 3568 1701 3627 ’ἐκδοσιν
1759 3592 1938 3649 παρα-

287 3656 510 3740 λαυρίων
581 3680 639 3716 τε
696 3660 783 3716 καὶ
837 3661 987 3737 ἱερῶν
1057 3658 1491 3739 φροντιστηρίων,
1564 3659 1652 3714 καὶ
1723 3659 1938 3734 κτημά-

285 3770 415 3829 των,
492 3749 578 3805 καὶ
631 3748 829 3805 τοπίων
898 3746 1081 3812 ἁπλῶς
1127 3749 1214 3805 καὶ
1271 3746 1629 3828 ἀμπελώνων,
1686 3746 1807 3815 ἥτις
1864 3748 1939 3823 μὴ

288 3838 422 3894 κατὰ
485 3836 708 3916 γνώμην
777 3838 1194 3919 πατριαρχικήν,
1262 3836 1298 3905 ἢ
1377 3835 1586 3905 εἴδησιν
1670 3843 1777 3893 τῶν
1851 3843 1941 3893 τοῦ

286 3927 533 4006 σεκρέτου
638 3932 731 3982 τοῦ
841 3927 1056 4005 εὑαγοῦς
1155 3924 1609 4008 χαρτοφυλακείου
1714 3923 1934 4002 προέϐη,

286 4016 585 4096 ἀναργύρως
659 4014 951 4094 ἀνατρέπον
1018 4016 1108 4072 καὶ
1192 4016 1437 4093 ἀκυροῦν.
1527 4012 1677 4072 Οὕτω
1733 4013 1934 4091 μέντοι,

286 4104 422 4162 ὥστε
476 4102 738 4182 μηδεμίαν
795 4104 1033 4161 ἐντεῦθεν
1080 4105 1275 4180 ζημίαν
1344 4104 1411 4160 τὰ
1479 4105 1645 4181 εὑαγῆ
1718 4115 1939 4179 σεμνεῖα

286 4194 591 4274 ὑφίστασθαι
627 4213 639 4226 ·
702 4192 820 4252 ἀλλ’
874 4195 1059 4257 αὐτοὺς
1117 4193 1344 4256 ἐκείνους
1386 4194 1509 4256 τοὺς
1557 4189 1937 4272 ἐκδεδωκότας,

290 4283 500 4339 οἴκοθεν
553 4283 750 4351 ταύτην
800 4282 1186 4361 ἐπιγινώσκειν,
1235 4283 1324 4339 καὶ
1366 4282 1497 4361 πρὸς
1566 4283 1656 4345 οὒς
1714 4279 1936 4337 ἐκδεδώ-

2036 1874 2629 1965 steriiquaacunque
2694 1879 2794 1939 ﬁat
2842 1878 2915 1940 ab
2974 1900 3044 1941 ea
3092 1898 3368 1963 persona,
3420 1900 3551 1963 quae
3580 1900 3690 1965 per

2034 1960 2419 2052 donationem
2467 1965 2525 2026 id
2578 1966 2864 2046 possidet,
2898 1967 2969 2027 ad
2997 1960 3169 2029 aliam
3202 1960 3514 2049 personam
3549 1960 3683 2052 z-et,

2033 2050 2083 2110 si
2104 2050 2255 2113 facta
2282 2052 2357 2114 sit
2393 2054 2651 2129 forte,sit
2680 2054 2987 2131 irrita,nec
3009 2056 3375 2123 admittatur.
3405 2067 3462 2120 et
3495 2050 3685 2140 poenis

2032 2142 2524 2204 convenientibus
2560 2145 2942 2224 reprimatur.
3002 2144 3125 2207 Nec
3178 2154 3244 2207 ut
3293 2146 3434 2208 item
3470 2148 3686 2210 mulier

2033 2230 2444 2312 cujuscunque
2504 2233 2863 2294 conditionis
2931 2235 3023 2305 sit,
3098 2234 3287 2296 virilis
3339 2237 3687 2300 monasterii

2032 2317 2363 2381 dominium
2398 2319 2613 2382 habeat
2646 2342 2659 2381 ε
2694 2330 2793 2382 aut
2820 2325 2949 2384 vice
2980 2341 3170 2403 versa,
3204 2324 3293 2385 vir
3332 2325 3683 2403 muliebris;

2033 2409 2389 2486 praesertim,
2422 2409 2523 2489 qui
2555 2417 2844 2490 suspectae
2874 2411 2949 2472 sit
2971 2414 3183 2488 aetatis,
3219 2420 3275 2474 et
3308 2413 3683 2476 occasionem

2034 2495 2300 2557 scandali
2331 2497 2611 2557 ﬁdelibus
2662 2499 2940 2578 praebeat.
2977 2501 3169 2580 Atque
3199 2501 3311 2561 hoc
3358 2501 3681 2565 observan-

2032 2583 2172 2671 dum
2210 2592 2323 2645 tam
2360 2587 2415 2647 in
2466 2586 2897 2666 metropolibus
2927 2605 3103 2669 quam
3136 2588 3595 2671 episcopalibus,
3626 2599 3686 2654 et

2030 2670 2269 2754 ubique.
2304 2673 2449 2735 Nam
2475 2675 2637 2736 omni
2661 2686 2874 2739 conatu
2904 2679 3283 2740 removendte
3313 2670 3449 2739 sunt
3480 2680 3682 2762 suspi-

2031 2759 2234 2821 ciones
2267 2762 2459 2838 malae,
2516 2764 2822 2845 multoque
2865 2766 3062 2828 minus
3094 2759 3683 2846 permittendum—ut

2030 2846 2231 2928 lapsus
2280 2850 2420 2912 inde
2478 2854 2847 2931 proveniant,
2914 2861 2971 2916 et
3041 2854 3288 2915 infamia
3342 2856 3682 2919 venerabile

2029 2954 2246 3018 corpus
2279 2940 2567 3001 Ecclesiae
2615 2941 2926 3005 afﬁciatur.
2971 2940 3044 3005 Ut
3074 2942 3256 3022 igitur
3285 2944 3345 3005 in
3377 2952 3679 3025 posterum

2027 3045 2222 3109 neque
2244 3030 2546 3090 translatio
2580 3035 2728 3092 sacri
2763 3031 3013 3111 alicujus
3038 3034 3386 3095 monasterii
3416 3053 3449 3095 a
3466 3053 3676 3115 perso-

2028 3116 2183 3176 nain
2218 3136 2531 3198 personam
2581 3120 3005 3201 committatur,
3058 3130 3155 3183 aut
3186 3123 3444 3185 venditio
3495 3124 3679 3204 (quod

2022 3205 2112 3266 vel
2146 3207 2399 3285 cogitatu
2431 3215 2604 3288 turpe
2636 3208 2837 3283 fuerit,
2872 3211 3089 3271 nedum
3123 3224 3186 3269 ut
3240 3210 3494 3292 dicatur,
3529 3220 3589 3273 et
3618 3214 3677 3274 in

2026 3292 2250 3355 litteras
2279 3298 2618 3377 referatur),
2672 3315 2867 3377 neque
2898 3297 3009 3358 viri
3041 3298 3395 3360 mulieribus
3450 3301 3677 3365 scholis

2026 3382 2349 3445 honestatis
2368 3384 2631 3464 praesint,
2660 3393 2757 3445 aut
2778 3384 3047 3447 virilibus
3068 3386 3387 3449 mulieres:
3418 3406 3680 3467 praesens

2026 3469 2138 3531 hoc
2169 3480 2615 3533 monumentum
2648 3472 2980 3553 expositum
3012 3483 3122 3549 est,
3173 3476 3327 3554 quod
3363 3484 3580 3554 praeter
3610 3495 3680 3538 ea

2024 3577 2151 3639 quae
2181 3559 2338 3620 dicta
2365 3569 2520 3633 sunt,
2550 3560 2722 3621 etiam
2757 3579 2996 3621 omnem
3016 3561 3370 3622 locationem
3400 3564 3676 3643 paralau-

2023 3646 2249 3706 riorum
2303 3654 2360 3707 et
2390 3665 2692 3708 sacrorum
2754 3648 3271 3725 monasteriorum,
3329 3659 3389 3711 et
3418 3652 3676 3731 praedio-

2022 3752 2180 3808 rum,
2208 3742 2267 3796 et
2293 3735 2613 3797 fundorum
2647 3735 3017 3817 simpliciter,
3077 3756 3145 3799 ac
3174 3738 3510 3814 vinearum,
3544 3760 3677 3823 qua:

2024 3824 2099 3886 de
2130 3826 2428 3888 sententia
2488 3827 2862 3907 patriarchae,
2921 3845 2988 3889 ac
3044 3828 3376 3891 scientibus
3429 3830 3523 3913 iis,
3574 3833 3677 3913 qui

2023 3917 2343 3976 secretario
2375 3914 2728 3976 venerabilis
2756 3914 2962 3976 scrinii
2992 3925 3404 3998 praesunt,non
3437 3937 3677 3999 proces-

2023 4002 2099 4062 sit
2132 4022 2145 4063 :
2181 4002 2407 4085 absque
2439 4003 2612 4085 pretii
2643 4004 3022 4066 restitutione
3056 4004 3342 4069 rescindit
3370 4015 3427 4069 et
3452 4008 3673 4074 abolet.

2021 4087 2106 4152 Ita
2130 4100 2424 4169 tamen,ut
2453 4092 2822 4156 venerabiles
2852 4093 3183 4157 honestatis
3211 4096 3429 4159 scholae
3447 4098 3671 4160 nullum

2021 4184 2163 4247 inde
2192 4181 2615 4246 detrimentum
2648 4184 2998 4261 sustineant,
3052 4185 3157 4247 sed
3188 4192 3252 4245 ut
3281 4185 3425 4249 illud
3460 4187 3535 4250 de
3566 4207 3673 4250 suo

2020 4275 2313 4337 locatores
2346 4279 2672 4349 agnosmnt
2705 4280 2763 4334 et
2806 4273 3202 4336 conductores
3235 4296 3248 4332 :
3282 4275 3370 4337 illi
3403 4278 3670 4358 quidem,

290 4395 439 4447 κασι,
469 4373 589 4437 τοὺς
619 4373 740 4448 μὲν,
785 4373 856 4436 ὡς
890 4360 1152 4453 δολεροὺς,
1203 4373 1289 4431 καὶ
1345 4370 1378 4427 ἃ
1412 4360 1511 4446 μὴ
1566 4371 1937 4448 ἒπετράπησαν

2026 4371 2085 4425 ut
2113 4360 2493 4435 fraudulenti,
2528 4368 2585 4421 et
2615 4360 2715 4439 qui
2748 4379 2867 4421 non
2900 4361 3188 4441 permissa
3216 4380 3249 4423 a
3279 4364 3671 4426 sanctissimis

289 4462 433 4541 παρὰ
484 4468 590 4518 τῶν
660 4462 975 4539 ἁγιωτάτων
1059 4459 1375 4541 ἀρχιερέων,
1447 4459 1531 4515 ἐπὶ
1601 4456 1769 4539 κέρδει
1825 4457 1937 4534 ἰδίῳ

240 4594 245 4597 »
289 4555 469 4613 κακῶς
496 4549 897 4625 ἐκποιουμένους
925 4565 939 4579 ⁸
1002 4551 1126 4614 τοὺς
1167 4545 1599 4625 ἒκλαμϐἀνοντας
1630 4545 1706 4623 δὲ,
1740 4547 1819 4605 ὅτι
1859 4549 1935 4623 μὴ

289 4639 594 4721 ἐφρόντισαν
684 4634 1067 4717 ἀκριϐώσασθαι
1154 4635 1281 4717 παρ’
1364 4640 1438 4693 ὧν
1522 4634 1605 4694 δεῖ
1673 4634 1937 4713 ἐκλαμϐά-

286 4749 418 4800 νειν,
489 4727 579 4784 καὶ
629 4724 985 4806 ἠσφαλίσαντο
1069 4726 1284 4790 ἑαυτούς
1320 4741 1335 4757 '
1414 4726 1500 4783 καὶ
1555 4723 1809 4805 μάλιστα,
1891 4726 1935 4781 εί

290 4818 368 4894 μὴ
410 4815 672 4898 προφανὲς
726 4814 816 4882 εἴη
869 4816 955 4871 καὶ
1004 4813 1162 4884 δἠλον
1221 4814 1303 4872 ὅτι
1361 4817 1433 4879 εἷς
1504 4810 1777 4894 χρειώδεις
1846 4815 1935 4870 καὶ

288 4908 574 4985 ἀναγκαίας
626 4902 831 4971 ὶξόδους
888 4910 992 4962 τῶν
1063 4907 1475 4986 φροντιστηρίων
1543 4902 1933 4982 προεχώρησαν

287 4997 353 5053 τὰ
410 4993 722 5057 εἷσδεκτικά,
798 4993 932 5050 Ἀπὸ
1014 4993 1068 5050 δὲ
1140 5001 1235 5052 τοὺ
1304 4993 1586 5073 παρόντος,
1644 4987 1809 5066 μηδέν
1880 5012 1930 5044 τι

288 5085 485 5142 τούτων
528 5084 779 5164 γίνεσθαι.
845 5080 994 5139 Ἀλλ’
1052 5084 1097 5140 εἰ
1164 5085 1252 5139 καὶ
1321 5082 1493 5153 δεήσει
1551 5078 1807 5159 γενέσθαι,
1864 5084 1933 5154 τῇ

286 5176 443 5250 ἡμῶν
495 5171 769 5253 ἀναφέρειν
807 5171 1134 5251 μετριότητι,
1200 5172 1237 5241 ἢ
1289 5174 1376 5228 καὶ
1428 5177 1506 5245 τῷ
1547 5166 1932 5247 θεοφιλεστὰτῳ

285 5260 671 5345 χαρτοφύλακι,
759 5262 844 5320 καὶ
926 5274 1044 5326 τοῖς
1116 5263 1235 5342 περὶ
1317 5262 1471 5317 αὑτὸν
1528 5254 1928 5318 εὐλαϐεστάτοις

282 5334 547 5416 διακόνίκς
605 5351 692 5409 καὶ
775 5334 1196 5430 πατριαρχικοῖς¹
1271 5350 1525 5428 νοταρίοις
1560 5366 1574 5381 ·
1647 5346 1734 5401 καὶ
1800 5366 1928 5424 προ-

2021 4450 2393 4533 pontiﬁcibus
2425 4449 2649 4530 proprii
2708 4449 2859 4511 lucri
2918 4468 3094 4512 causa
3150 4451 3303 4513 male
3352 4452 3664 4514 alienent:

2022 4542 2413 4603 conductores
2442 4540 2771 4619 vero,quod
2793 4558 2996 4601 curam
3018 4540 3237 4601 nullam
3261 4540 3662 4619 adhibuerint,

2020 4641 2085 4693 ut
2124 4630 2405 4692 certiores
2435 4637 2659 4704 essent,
2693 4646 2727 4688 a
2773 4628 2989 4708 quibus
3047 4628 3502 4691 conductionem
3537 4630 3672 4692 ﬁeri

2019 4725 2426 4799 oporteat,nec
2457 4735 2527 4776 eo
2562 4716 2738 4777 modo
2764 4716 2878 4777 sibi
2898 4716 3160 4778 caverint
3183 4737 3195 4777 :
3218 4735 3286 4777 ac
3309 4718 3664 4797 praesertim,

2017 4808 2066 4869 si
2097 4826 2213 4868 non
2246 4803 2556 4866 manifesto
2584 4804 2974 4886 pareat,quod
3007 4804 3078 4866 ad
3112 4804 3284 4866 utiles
3308 4812 3667 4869 etnecessa-

2015 4895 2137 4956 rias
2169 4910 2462 4974 expensas
2519 4893 3019 4955 monasteriorum
3078 4902 3317 4972 erogata
3358 4894 3497 4971 sint,
3533 4914 3664 4975 quae

2014 4990 2252 5062 recepta
2274 4999 2341 5041 ex
2374 4980 2666 5042 reditibus
2699 4990 2887 5045 erant.
2913 4982 3209 5063 Deinceps
3236 4982 3475 5061 quidem
3513 4985 3666 5046 nihil

2016 5074 2222 5134 horum
2254 5069 2383 5130 ﬁt‘l‘i
2423 5068 2622 5131 debet.
2658 5073 2742 5132 Ac
2773 5071 2823 5132 si
2857 5070 3112 5133 maxime
3145 5071 3274 5133 ﬁeri
3307 5074 3660 5153 oportuerit,

2014 5163 2082 5225 ad
2111 5158 2577 5221 mediocritatem
2621 5170 2879 5221 nostram
2934 5161 3246 5235 referatur,
3291 5162 3381 5222 vel
3412 5161 3484 5222 ad
3516 5163 3664 5224 reli-

2012 5248 2412 5333 giosissimum
2438 5247 2953 5330 chartularium,et
2982 5249 3293 5329 adjunctos
3323 5250 3377 5311 ei
3409 5269 3662 5313 venera-

2013 5341 2163 5403 biles
2192 5336 2479 5399 diaconos
2507 5355 2574 5397 ac
2607 5338 3030 5417 patriarchales
3051 5338 3315 5401 notarios
3329 5338 3664 5421 horumque

1619 5509 1876 5577 VARIE
1918 5502 2350 5575 LECTIONES.

361 5645 427 5696 38
455 5644 633 5724 ἄρνας.

724 5776 985 5880 Parnm"
1032 5768 1143 5837 Gn.
1189 5770 1395 5836 CXIX.

3100 5756 3175 5823 2'7
