4192 6220
591 308 709 376 843

1944 313 2076 377 JUS
2116 310 2587 378 CANONICUM.

3851 315 3976 381 844

585 453 757 531 jussu
817 459 875 512 et
926 468 1220 513 conseusu
1278 447 1527 528 scripto,
1606 444 2028 508 alienationem
2105 442 2237 506 fieri

2319 452 2515 533 τροπῇ,
2545 448 2646 533 ,καὶ
2700 448 2987 507 συναινέσει
3034 450 3304 533 ἒγγράφῳ,
3364 451 3670 533 προϐαίνειν
3740 452 3845 520 τὴν
3894 449 3979 507 ἱκ-

591 541 881 601 volumus.
927 539 1165 620 Absque
1219 556 1336 618 quo
1395 536 1470 598 sit
1521 535 1735 597 locatio
1787 534 1948 597 nulla
1992 540 2154 596 certa
2183 540 2242 595 et

592 628 891 708 indirupta
950 626 1254 689 manebit:
1291 626 1395 688 sed
1450 633 1574 688 tum
1634 623 1960 686 conductor
2008 620 2243 684 excidet

594 718 785 798 pretio
818 724 1148 792 numerato,
1209 714 1538 777 secundum
1588 732 1880 775 canonum
1926 713 2243 793 legumque

593 806 1074 867 constitutionem
1101 827 1118 886 ;
1148 813 1270 866 tum
1296 804 1473 866 etiam
1492 804 1716 865 locator
1734 799 2094 863 multabitur.
2119 799 2244 861 Hoc

590 903 784 956 autem
817 903 876 956 et
900 894 963 956 in
986 893 1415 975 metropolibus
1443 892 1719 967 valeat,et
1745 890 1804 952 in
1837 889 2241 971 archiepisco-

592 983 825 1064 patibus
863 992 920 1046 et
976 982 1435 1064 episcopalibus.
1469 982 1554 1042 Ac
1612 998 1808 1061 neque
1836 978 2074 1040 donatio
2107 996 2239 1038 mo-

590 1074 837 1135 nasterii
868 1074 1063 1134 locnm
1094 1072 1584 1152 haheatunquam
1613 1068 1674 1129 in
1707 1085 1985 1150 persona,
2020 1085 2149 1148 quae
2179 1065 2241 1126 in

591 1181 661 1224 ea
689 1182 807 1223 non
839 1172 928 1224 est
986 1162 1211 1224 inserta
1246 1180 1259 1224 :
1294 1179 1489 1240 neque
1545 1158 1656 1219 viri
1704 1155 2106 1231 muliebrium,
2148 1155 2239 1218 vel

593 1252 875 1312 mulieres
903 1250 1163 1311 virilium
1198 1246 1692 1310 monasteriorum
1753 1264 1954 1308 curam
1983 1251 2234 1325 gerant:

594 1358 791 1419 neque
822 1339 1036 1402 locatio
1068 1337 1535 1419 paralauriorum
1593 1336 1682 1397 vel
1713 1334 1965 1414 alicujus
1992 1333 2240 1396 alterius

590 1429 916 1489 immobilis
946 1428 1057 1503 rei,
1093 1428 1224 1490 sine
1262 1425 1692 1507 approbatione
1740 1423 2099 1486 sanctissimi
2129 1441 2237 1503 pa-

595 1519 889 1592 triarchae,
915 1519 1004 1578 vel
1036 1515 1476 1597 metrOpolitani
1521 1523 1580 1575 et
1627 1512 2088 1594 archiepiscopi,
2115 1512 2234 1574 ﬁat.

590 1609 767 1669 Facta
824 1626 991 1679 vero.
1046 1606 1256 1668 litteris
1323 1603 1726 1666 tantummodo
1783 1602 2231 1664 continebltur:

594 1715 725 1758 cum
780 1715 846 1757 re
892 1696 1022 1776 ipsa
1108 1714 1184 1757 ne
1252 1703 1476 1755 tantum
1547 1692 1787 1773 quidem
1846 1691 2231 1767 eiﬁcacitalis,

590 1792 872 1865 quantum
909 1772 1162 1859 somnia,
1198 1783 1273 1843 sit
1301 1772 1594 1857 habitura,
1621 1781 1711 1842 vel
1747 1780 2053 1862 profutura
2082 1800 2233 1843 con-
2257 1772 2296 1821 Β

589 1873 958 1936 ductoribus.
1024 1872 1179 1945 Quin
1236 1872 1409 1934 etiam
1469 1870 1755 1951 episcopi,
1835 1877 2121 1950 quotquot
2165 1888 2235 1931 ex

590 1963 1184 2043 metropolitanorum
1211 1959 1630 2022 donationibus
1653 1958 2017 2021 monasteria
2037 1959 2235 2039 possi-

594 2052 759 2128 dent,
799 2052 848 2112 si
880 2052 1243 2132 metropoles
1272 2051 1334 2111 in
1364 2059 1553 2111 artum
1597 2048 1746 2127 cogi,
1782 2057 1840 2108 et
1867 2047 2079 2128 inopes
2108 2049 2235 2110 ﬁeri

588 2140 1133 2219 contigerit,beatos
1145 2146 1340 2201 autem
1361 2149 1419 2200 et
1437 2137 1763 2218 locupletes
1776 2154 1908 2197 esse
1923 2136 2235 2218 episcopa-

590 2236 684 2290 tus
718 2251 732 2289 :
770 2230 979 2291 merito
1014 2228 1365 2290 donationes
1388 2226 1520 2287 illas
1544 2226 1880 2299 restituent,
1908 2243 1979 2286 ac
2009 2234 2237 2288 metro-

591 2318 825 2399 polibus
857 2317 1218 2379 monasteria
1239 2317 1488 2396 cedent;
1517 2323 1577 2376 ut
1610 2332 1814 2376 eorum
1846 2322 2091 2392 angusta
2108 2332 2238 2377 sors

592 2407 829 2487 paulum
864 2425 931 2468 ex
964 2426 1035 2469 eo
1069 2405 1265 2468 solatii
1296 2404 1507 2484 capiat.
1539 2403 1827 2467 Similiter
1847 2411 1904 2464 et
1933 2402 2064 2464 aliae
2094 2422 2235 2484 per-

592 2517 753 2560 sonm
782 2500 1019 2562 facient.
1051 2499 1197 2560 Nam
1255 2499 1413 2560 haud
1463 2496 1644 2559 dubie
1674 2495 1999 2558 absurdum
2036 2503 2145 2571 est,
2180 2503 2239 2558 et

593 2588 852 2669 alienum
905 2606 938 2648 a
988 2588 1239 2663 ratione,
1301 2586 1495 2648 omnis
1550 2585 1788 2664 generis
1832 2584 2237 2647 exactionibus

597 2677 824 2752 gravari
882 2677 1244 2757 metropoles
1323 2676 1765 2756 episcOpatuum
1821 2674 1892 2735 ad
1972 2674 2234 2755 inopiam

588 2766 963 2828 redactorum
1002 2784 1220 2828 causa:
1256 2764 1580 2845 locupletes
1609 2775 1807 2825 autem
1866 2764 2236 2844 episcopatus

588 2873 710 2915 non
731 2873 971 2916 manum
996 2856 1624 2934 porrigere,necopem
1643 2852 1801 2913 ferre
1814 2851 2238 2933 metropolibus

592 2944 718 3006 suis
751 2943 1059 3023 egentibus
1117 2962 1226 3005 nec
1276 2940 1713 3024 pertinentibus
1760 2940 1832 3002 ad
1865 2958 1929 3003 se
1957 2941 2010 3001 si
2039 2948 2243 3021 poscat

594 3051 755 3109 usus,
790 3033 1164 3095 monasteriis
1215 3032 1450 3095 cedere.
1514 3028 1734 3093 Verum
1796 3037 1860 3090 ut
1915 3029 2084 3101 illud,
2126 3048 2238 3093 ceu

592 3123 994 3184 necessarium
1032 3131 1089 3184 et
1112 3120 1523 3197 irrecusabile,
1549 3118 1918 3200 publicorum
1941 3118 2237 3182 redituum

586 3212 773 3273 illatio
806 3218 1020 3292 praeter
1069 3209 1559 3274 consuetudinem
1616 3206 1746 3270 ﬁeri
1769 3208 1980 3287 jubet:
2016 3209 2095 3271 ita
2126 3210 2240 3272 hoc

587 3319 853 3382 praesens
884 3301 1275 3377 sententia,ex
1308 3307 1468 3361 certa
1497 3296 1923 3359 deliberatione
1955 3298 2234 3377 profecta,

588 3390 1013 3472 disponit,etin
1047 3399 1349 3471 posterum
1381 3387 1781 3451 exercendum
1811 3387 2251 3466 peragendum

588 3500 701 3560 que
725 3480 1072 3542 tradit.Haec
1087 3477 1467 3542 audientibus
1486 3474 1752 3558 perlecta
1771 3474 2239 3553 religiosissimis

585 3568 1088 3658 metropolitanis,
1127 3568 1413 3658 Cyriaco,‘
1444 3563 1747 3658 Ephesino
1777 3584 1792 3638 ;
1825 3565 2236 3658 Gonstantino,

579 3656 818 3719 Nicaeno
845 3679 860 3726 ;
893 3656 1228 3731 Theodoro,
1276 3653 1790 3729 Chalcedonensi;
1821 3653 2237 3737 Constantino;

583 3743 817 3807 Sidensi
844 3765 857 3807 :
881 3745 1468 3821 Joanne,Melitena'e;
1495 3740 2232 3822 Constantino,Tyanensi;

578 3833 829 3909 Joanne,
865 3834 1375 3915 Claudiopolitano
1403 3832 1801 3912 ;Theophane
1830 3864 1879 3908 p,
1915 3832 2232 3893 Neocaesa-

507 3992 515 3997 ,
579 3922 1084 3998 riensi;Joanne,
1143 3922 1480 3995 lconiensi;
1541 3918 1745 3999 Sergio
1773 3932 1823 3995 ιι,
1882 3918 2229 3996 Corinthio;

584 4011 897 4091 Michaele,
933 4011 1281 4073 Atheniensi
1311 4007 1994 4089 ;Theognosto,Mocisio
2023 4028 2038 4083 ;
2072 4006 2228 4069 Con-

583 4100 869 4175 stantino,
905 4099 1296 4181 Trapezuntio
1322 4124 1339 4175 ;
1373 4095 2228 4179 Agapeto,Adrianopolitano;

582 4187 905 4268 Stephano,
972 4188 1284 4263 Cretensi;
1349 4186 1614 4267 Nicolao,
1699 4185 2113 4266 Hydrunttno;
2171 4194 2232 4247 et

580 4278 1071 4360 archiepiscopis,
1136 4278 1412 4360 Dionysio
1455 4273 1834 4339 Praeconesio
1864 4294 1880 4350 ;
1913 4273 2223 4353 Strategio,

578 4367 778 4447 Aproo
805 4389 820 4443 ;
852 4367 1355 4449 Leone,Brysensi
1380 4385 1395 4443 ;
1418 4362 1990 4444 Petro,Cypsellensi
2014 4382 2030 4439 ;
2056 4362 2228 4425 Nico—

2249 4419 2295 4473 D

2322 531 2482 623 δοσιν.
2545 524 2765 603 ἸΑλλως
2815 535 2894 612 δὲ,
2950 539 3012 595 τὸ
3325 524 3419 599 καί
3482 541 3704 623 ἆῤῥαγές
3765 538 3976 617 οὐδεμία

2323 620 2519 688 δέξεται
2546 626 2651 681 τῶν
2700 622 2960 683 ἒκδόσεων
2992 643 3009 660 ⁸
3073 627 3211 687 ἀλλὰ
3263 631 3351 688 καὶ
3408 634 3437 689 ὁ
3494 620 3841 705 ἐκλαμϐάνων
3881 627 3976 686 τοῦ

2322 713 2626 787 τιμήματος
2666 717 2997 789 ἔκπεσετται,
3069 718 3205 773 κατὰ
3260 718 3358 787 τὴν
3413 720 3521 777 τῶν
3577 721 3813 778 κανόνων
3884 715 3976 775 καὶ

2323 809 2429 858 τῶν
2500 803 2677 881 νόμων
2734 804 2959 874 διάσυξιν
2989 808 3077 889 57,
3121 811 3208 867 καὶ
3250 813 3278 868 ὁ
3335 809 3564 877 ἐκδιδοὺς
3625 812 3966 887 ζημιωθήσε-

2322 913 2435 955 ται,
2496 901 2659 951 Τοῦτο
2715 892 2771 951 δὲ
2825 896 2915 953 καὶ
2956 896 3040 954 ἐπὶ
3095 899 3476 979 μητροπόλεων
3536 903 3821 979 κρατείτω,
3884 898 3975 957 καὶ

2325 979 2786 1065 ἀρχιεπισκοπῶν,
2868 987 2959 1042 καὶ
3033 986 3368 1051 ἐπισκοπῶν.
3442 990 3540 1049 Καὶ
3597 991 3735 1067 μήτε

2321 1072 2672 1152 μοναστηρίου
2715 1075 2787 1137 εἷς
2845 1073 3133 1155 πρόσωπον
3193 1078 3526 1156 ἁμωσγέπως
3582 1076 3971 1154 μεταϐαινέτῶ,

2319 1159 2380 1213 τὸ
2424 1159 2501 1234 μὴ
2572 1160 2992 1238 ἆναταττόμενον
3050 1164 3104 1220 ἐν
3160 1167 3317 1244 αὐτῇ,
3364 1168 3503 1242 μήτε
3547 1165 3723 1248 ἄνδρες
3779 1188 3971 1246 γυναι-

2317 1248 2494 1327 κείων,
2568 1248 2605 1318 ἢ
2660 1264 2909 1330 γυναῖκες
2971 1251 3216 1333 ἀνδρῴων
3290 1257 3658 1337 μοναστηρίων
3713 1253 3976 1337 φροντιζὲ-

2320 1356 2519 1426 τωσαν,
2581 1340 2717 1414 μήτε
2803 1341 2912 1416 μὴν
2995 1340 3197 1406 ἔκδυσις
3266 1343 3657 1426 παραλαυρίων,
3725 1346 3763 1414 ἢ
3833 1365 3975 1410 τινος

2320 1424 2568 1494 ἀκινήτου
2631 1426 2832 1508 ἐτέρου,
2904 1431 3072 1509 χωρὶς
3145 1428 3470 1503 εὐδοκήσεως
3515 1424 3632 1491 ττοῦ
3673 1434 3975 1513 ἁγιωτάτου

2320 1514 2671 1603 πατριάρχου,
2757 1515 2794 1584 ἢ
2878 1517 3290 1598 μητροπολίτου,
3377 1523 3464 1578 καὶ
3545 1522 3974 1603 ἆρχιεπισκόπου

2318 1602 2564 1680 γινέσθω.
2616 1611 2874 1685 Γεγονυτα
2918 1604 2997 1687 δὲ,
3044 1609 3099 1664 ἐν
3154 1610 3429 1688 γράμμασι
3470 1602 3699 1668 κείσεται
3754 1612 3919 1688 μόνον
3951 1628 3970 1644 ⁹

2320 1691 2373 1747 ἐν
2403 1693 2676 1772 πράγμασι
2729 1692 2806 1771 δὲ,
2854 1692 2960 1754 οὐδ’
3005 1695 3104 1752 ὅσα
3146 1697 3335 1778 ὄνειροι
3397 1700 3693 1780 ἐνεργήσει,
3752 1701 3788 1770 ἢ
3831 1702 3971 1771 ὀνή-

2318 1801 2396 1836 σει
2439 1783 2562 1846 τοὺς
2633 1780 3082 1858 ὲκλαμϐάνοντας,
3143 1785 3306 1844 Ἀλλὰ
3347 1789 3435 1845 καὶ
3492 1789 3793 1866 ἐπίσκοποι,
3852 1790 3974 1847 ὅσοι
4034 1818 4037 1819 ν

2318 1866 2542 1959 δωρεαῖς
2617 1870 3023 1951 μητροπολιτῶν
3091 1875 3378 1955 κατέχουσι
3448 1880 3799 1959 μοναστήρια,
3879 1881 3975 1936 καὶ

2278 1957 2477 2051 ,ἔτυχε
2506 1961 2599 2025 τὰς
2656 1961 2753 2051 μεν
2806 1962 3165 2042 μητροπόλεις
3207 1970 3505 2023 στενοῦσθαι
3558 1970 3647 2025 καὶ
3694 1957 3972 2051 εὐπορεῖν,

2282 2049 2648 2115 “εὖθηνεῒσθαι
2708 2047 2763 2106 δὲ
2806 2052 2895 2107 καὶ
2937 2053 3181 2133 εὐπορεῖν
3229 2055 3322 2119 τὰς
3382 2055 3698 2135 ἐπισκοπᾶς,
3754 2047 3973 2123 δίκαίως

2317 2142 2411 2230 τὰς
2470 2138 2666 2220 δωρεὰς
2723 2140 3145 2226 ἂντιστρέψουσι,
3218 2147 3306 2203 καὶ
3378 2152 3484 2204 τὼν
3553 2151 3971 2230 φροντιττηρίων

2317 2229 2405 2287 ὑπ’
2451 2230 2675 2288 ἐκστῶσι
2743 2244 2866 2297 ταῖς
2924 2233 3342 2316 μητροπόλεσιν,
3410 2238 3485 2302 ὡς
3557 2238 3619 2293 ἂν
3674 2229 3860 2318 μικρόν
3918 2263 3972 2296 τι

2319 2318 2549 2378 ἐντεῦθεν
2598 2321 2649 2405 Δἡ
2714 2319 3011 2401 σόγκληρος
3076 2322 3247 2380 αὐτῶν
3325 2328 3698 2405 παραμυθῖπαι
3775 2349 3972 2384 στενο-

2318 2408 2519 2498 χωρία,
2598 2399 2868 2475 Ὡσαύτως
2923 2399 3026 2468 ’καὶ
3106 2410 3366 2493 πρόσωπα
3404 2399 3605 2496 ⁷ἕτερα.
3694 2413 3968 2498 ’Λτεχνῶς

2319 2499 2418 2586 γὰρ
2486 2494 2683 2555 ἄτοπόν
2738 2498 2846 2555 ἐστι
2906 2502 2994 2557 καί
3034 2501 3361 2582 παράλογον,
3416 2494 3526 2568 τὰς
3567 2506 3665 2581 μὲν
3693 2494 3971 2586 μητροπό-

2317 2585 2428 2651 λεις
2510 2589 2783 2651 παντοίαις
2866 2590 3172 2669 βραρεϊσθαι
3258 2591 3582 2670 είσπράξεσιν
3665 2585 3816 2674 ὑπὲρ
3856 2602 3970 2652 τῶν

2319 2674 2744 2756 ἐξαπορουμένων
2812 2676 2984 2733 αὐτῶν
3052 2677 3354 2736 ἐπισκοπῶν
3388 2700 3403 2716 ⁸
3480 2683 3576 2746 τὰς
3645 2684 3969 2764 εὗποροόσας

2316 2764 2373 2819 δὲ
2429 2771 2535 2821 τῶν
2604 2765 2909 2823 ἐπισκοπῶν
2964 2767 3042 2844 μὴ
3120 2783 3430 2850 συγκροτεῖν
3483 2773 3570 2828 καὶ
3641 2774 3966 2853 συναίρεσθαι

2318 2866 2440 2942 ταῖς
2522 2853 2841 2942 ᾇπορούσαις
2945 2859 3114 2915 αὐτῶν
3219 2859 3604 2942 μητροπόλεσι,
3688 2864 3776 2918 καὶ
3857 2869 3967 2919 τῶν

2318 2940 2666 3023 διαφερόντων
2721 2943 2927 3018 αὐτοῖς,
2986 2947 3031 3002 εί
3084 2947 3265 3028 τύχοι,
3340 2940 3706 3029 μοναστηρίων
3777 2973 3963 3029 παρα-

2320 3045 2545 3112 χωρεῖν,
2631 3029 2805 3113 Ἀλλ’,
2865 3033 3042 3114 ὥσπερ
3118 3035 3292 3093 ἐκεῖνο
3374 3039 3447 3101 ὡς
3529 3038 3823 3118 ἀναγκαῖον
3875 3044 3965 3099 καὶ

2321 3122 2678 3200 ἀπαραίτητον
2741 3123 2777 3190 ἡ
2846 3124 3058 3203 εἰσφορὰ
3135 3140 3446 3203 καινοτομεϊ
3521 3132 3627 3183 τῶν
3693 3127 3965 3204 δημοσίων

2321 3208 2657 3289 εἰσπράξεων,
2743 3209 2879 3268 οὕτω
2957 3219 3112 3269 τοῦτο
3193 3215 3228 3282 ἡ
3310 3222 3545 3295 παροῦσα
3609 3215 3965 3296 λελογισμένη

2320 3300 2485 3378 κρίσις
2527 3301 2820 3387 οἰκονομεῖ,
2888 3302 2977 3357 καὶ
3030 3300 3235 3358 δίδωσιν
3292 3302 3611 3383 ἐνεργεῖσθαι
3669 3308 3757 3363 καὶ
3797 3308 3968 3387 πρά-ι-

2320 3392 2498 3446 τεσθαι
2554 3386 2858 3452 τουλοιποῦ.
2915 3395 3091 3447 Ταῦτα
3134 3393 3206 3457 εἷς
3263 3391 3505 3463 ἆπήκοον
3562 3386 3964 3473 ἀναγνωσθέντα

2318 3475 2732 3557 θεοφιλεστάτων
2812 3477 3237 3558 μητροπολιτῶν,
3333 3488 3612 3562 Κυριακοῦ,
3685 3481 3910 3563 Ἐφέσου
3943 3501 3960 3516 ⁸

2322 3566 2735 3646 Κωνσταντίνου,
2820 3568 3037 3633 Νικαίας
3073 3583 3089 3598 ⁸
3177 3565 3465 3645 Θεοδώοου,
3566 3569 3909 3639 Χαλκηδόνος
3941 3594 3960 3612 ·

2326 3655 2738 3731 Κωνσταντίνου,
2797 3654 2956 3724 Σίδης
2989 3672 3003 3688 '
3087 3656 3351 3735 Ἰωάννου,
3426 3658 3708 3729 Μελιτινῆς
3741 3677 3757 3692 ·
3817 3672 3965 3721 Κων-

2323 3746 2614 3821 σταντίνου,
2702 3745 2912 3803 Τυάνων
2944 3764 2964 3785 ο
3076 3742 3340 3823 Ἰωάννου,
3428 3746 3893 3815 Κλαυδιουπόλεως
3940 3768 3956 3782 ⁸

2316 3834 2610 3913 Θεοφάνους
2636 3833 2728 3909 58,
2805 3836 3211 3915 Νεοκαισαρείας
3243 3851 3259 3867 ⁶
3335 3831 3599 3913 Ἰωάννου,
3684 3835 3903 3896 ἰκονίου
3938 3861 3954 3876 ⁸

2314 3924 2529 4001 Σεργίου
2555 3922 2639 4000 59,
2718 3924 2961 4002 Κορίνθου
2993 3938 3007 3953 ⁸
3067 3921 3311 4004 Μιχαὴλ,
3380 3923 3617 3992 Ἀθηνῶν
3649 3940 3667 3957 ⁸
3720 3930 3960 4009 Θεογνώο

2315 4034 2461 4089 στου,
2546 4018 2824 4071 Μωκιστοῦ
2854 4031 2869 4046 ·
2975 4014 3387 4089 Κωνσταντίνου,
3494 4022 3887 4094 Τραπεζοῦντος
3932 4034 3951 4057 ⁸

2312 4101 2642 4180 Ἀγαπητοῦ,
2683 4183 2695 4187 Δ
2725 4101 3202 4182 Ἀδριανουπόλεως
3238 4118 3252 4132 ⁸
3327 4104 3611 4184 Στεφάνου,
3688 4108 3903 4187 Κρήτης
3936 4128 3955 4147 ο

2313 4189 2597 4268 Νικολάου,
2682 4183 3002 4273 Ὑδροῦντος,
3083 4193 3172 4248 καὶ
3240 4183 3698 4273 ἀρχιεπέσκόπων,
3735 4183 3745 4187 ⁷
3778 4204 3961 4255 Διονυ-

2310 4281 2444 4360 σίου,
2509 4269 2863 4360 Προικονήσου
2897 4299 2912 4315 ⁸
2972 4269 3345 4361 Στρατηγίουξή
3385 4269 3583 4361 ’Άπρω
3617 4299 3633 4318 ·
3703 4285 3952 4364 Λέοντος,

2312 4369 2547 4455 Βρύσεως
2582 4384 2596 4398 ⁶
2645 4369 2862 4450 Πέτρου,
2897 4369 3184 4445 Κυψὲλλων
3218 4388 3231 4404 ⁸
3265 4368 3551 4445 Νικολάου,
3582 4373 3799 4449 Λήμνου
3832 4392 3852 4411 ⁸
3882 4383 3954 4455 τῇ

579 4454 694 4532 lao,
758 4456 1045 4539 Lemnio;
1109 4458 1300 4537 sigillo
1356 4453 1637 4538 plumbeo
1687 4452 1913 4514 munita
1959 4460 2229 4541 sunt,ret

2319 4454 2393 4513 διὰ
2445 4456 2688 4533 μολίϐδου
2743 4457 2991 4540 σφραγῖδι
3049 4459 3337 4535 ἐπιστώθη,
3409 4461 3498 4517 καὶ
3563 4452 3947 4541 ἒπεόεὸαιὼθη,

578 4544 981 4633 corroborata,
1020 4547 1275 4626 dataque
1308 4562 1512 4607 mense
1544 4541 1885 4614 Novembri,
1940 4540 2225 4603 indictio-

2319 4547 2395 4601 καὶ
2438 4545 2658 4633 ἐπεδόθη
2702 4551 2832 4624 μηνὶ
2886 4546 3180 4629 Νοεμϐρίῳ,
3233 4548 3598 4627 ἐπινεμήσεως
3648 4542 3746 4633 ια’,
3803 4540 3955 4621 ἔτους

576 4632 671 4694 nis
701 4652 785 4704 χι,
819 4636 959 4697 anni
989 4653 1045 4698 vr
1077 4650 1434 4700 Gloioxxxvr.

501 4776 507 4784 ς
572 4734 671 4799 ΠΙ.
732 4738 818 4800 De
852 4739 1117 4801 sobrinis
1165 4739 1419 4812 duobus,
1502 4751 1759 4812 quorum
1800 4749 1955 4796 unus
2003 4739 2223 4797 matri-

656 4822 926 4881 monium
983 4824 1301 4881 contramz‘t
1329 4834 1464 4879 cum
1493 4813 1626 4892 ﬁlia
1657 4813 1973 4892 cujusdam
2025 4814 2227 4876 adhuc

657 4898 985 4980 impubere,
1021 4899 1131 4961 hoc
1148 4904 1253 4973 est,
1290 4892 1635 4980 amzos'YS.
1666 4902 1869 4980 nam;
1904 4892 2060 4980 alter
2088 4911 2226 4956 vero

657 4973 983 5057 copulatus
1002 4989 1089 5041 est
1120 4979 1295 5040 illius
1340 4977 1552 5050 matri,
1601 4981 1750 5057 post
1786 4976 1920 5057 ejus
1974 4973 2221 5057 obitum,

652 5052 808 5134 qu'od
834 5076 1071 5138 priores
1114 5060 1349 5136 nuptia:
1373 5074 1484 5137 pro
1511 5052 1701 5138 nullis
1727 5052 2116 5129 haberentur,
2150 5053 2223 5116 ob
2298 5085 2304 5089 ι

653 5135 886 5200 (etatem
914 5135 1136 5219 puella
1161 5135 1411 5218 prorsus
1432 5135 1867 5216 imperfectam.

650 5313 1017 5387 Quaestiones
1046 5315 1362 5396 nuptiales,
1395 5332 1527 5376 cum
1560 5313 1635 5375 de
1665 5330 1730 5374 re
1776 5328 1943 5373 sacra
1972 5309 2137 5385 ﬁant,
2162 5319 2221 5372 et

2308 4625 2545 4715 ς’φλς’-

2316 4757 2340 4794 α
2373 4728 2455 4825 ’.
2509 4741 2632 4821 Περὶ
2685 4738 3060 4825 δισεξαδέλφων
3102 4740 3209 4819 δύο,
3270 4744 3344 4797 ὧν
3385 4744 3415 4799 ὁ
3472 4743 3570 4825 μὲν
3622 4747 3705 4811 εἷς
3764 4749 3957 4807 συνάλ-

2388 4816 2597 4901 λαγμας
2626 4816 2981 4894 συνεστήσατο
3059 4816 3203 4899 μετα
3274 4816 3526 4901 θυγατρός
3608 4845 3749 4890 τινος
3832 4829 3957 4886 ἀτε-

2387 4897 2508 4987 λονξς
2540 4898 2698 4987 οὔσης
2728 4904 2826 4971 τὴν
2867 4897 3099 4987 ἠλικίαν,
3131 4902 3247 4987 ἤτοι
3277 4897 3502 4987 χρόνων-
3535 4903 3690 4962 πέντε
3716 4907 3848 4987 πρὸς
3876 4917 3958 4986 τῷ

2384 4979 2565 5068 ἡμίσει
2588 4998 2617 5068 ,ο
2661 4981 2845 5064 ἅτερος
2897 4982 2971 5068 δὲ,
2995 4979 3581 5068 τῇταύτηςξσυνεζύγη
3625 4979 3787 5068 μητρὶ
3817 4979 3957 5065 μετᾶ

2382 5057 2635 5146 τελευτήν
2688 5057 2877 5146 αὐτῆς,
3090 5063 3204 5146 ἀντ’
3256 5061 3461 5146 οὖδενρς
3517 5057 3790 5133 δοκοῦντος
3818 5057 3829 5065 ’
3858 5080 3957 5130 τώ

2384 5140 2594 5218 πρώτου
2661 5140 2872 5219 γάμου,
2941 5142 3023 5201 διὰ
3104 5145 3166 5200 τὸ
3232 5141 3502 5211 παντελῶς
3585 5143 3770 5213 ἀτελὲς
3849 5156 3951 5218 τῆς

2379 5220 2568 5283 κόρης.
2589 5242 2631 5278 9

2380 5241 2444 5277 κο
2553 5268 2568 5283 .
2589 5242 2631 5278 θ

2380 5241 2630 5367 Αἱρηῗτῶν
2706 5310 2893 5388 γάμων
2960 5314 3212 5385 ζητήσεις
3268 5313 3411 5394 παρὰ
3478 5314 3614 5373 θείου
3669 5318 3950 5396 γινόμεναι

1890 5477 2144 5542 VARUE
2191 5475 2621 5543 LECTIONES.

645 5592 706 5642 57
736 5591 982 5659 διάταξιν.
1068 5594 1134 5643 58
1164 5592 1553 5674 Θεοφυλάκτου,
1638 5590 1691 5633 39
1721 5591 1995 5669 Γεωργίου,

647 5746 673 5787 ρ
705 5709 1177 5791 Thenphylacto.
1263 5720 1288 5763 τι
1320 5712 1598 5790 Georgio.
