4192 6220
305 331 425 398 849

1647 320 2224 391 GRECO-ROMAN
2232 323 2341 386 UM

3553 318 3670 383 850

296 462 377 538 μὴ
469 462 712 542 γεγονυίᾳ
795 460 1088 522 δωδεκάτου
1161 463 1420 538 ἐνιαυτοῦ,
1504 461 1718 543 φθορεύς
1788 460 1949 533 ἐστιν,

2038 455 2326 537 sequitur,
2358 474 2515 537 cum,
2551 453 2652 536 qui
2696 472 2830 516 cum
2862 453 3128 519 nondum
3181 462 3320 519 nata
3366 453 3682 517 duodecim

298 546 418 606 ἀλλ’
452 555 513 611 οὗ
553 550 816 629 γαμέτης.
875 553 975 610 Καὶ
1044 551 1281 609 διατοῦτο
1342 551 1370 607 6
1418 556 1517 619 τῆς
1572 549 1794 617 ἥττονος
1850 552 1954 606 τῶν

301 637 504 697 δώδεκα
571 640 822 697 ἐνιαυτῶν
893 640 1172 722 ἀπείρηται
1229 641 1423 718 γάμος,
1481 641 1579 699 Καὶ
1648 641 1677 696 6
1744 636 1955 719 ἱερολο-

305 734 416 807 γῶν
469 729 657 805 ἱερεὺς,
727 729 997 805 αἰτιάματι
1066 731 1469 791 καθυποπίπτει,
1550 729 1627 807 Τᾷ
1698 728 1825 787 αὒτᾶ
1899 724 1955 784 δὲ

306 806 392 873 καὶ
442 819 560 896 περὶ
600 820 700 886 τῆς
756 819 1043 893 μνηστείας
1098 817 1525 897 ἐπιλογιζόμεθα.
1602 806 1695 881 Ὠς
1765 818 1800 884 ἡ
1858 817 1954 890 μὲν

302 908 479 977 ἥττων
765 908 899 964 ἐπτᾶ
985 908 1256 988 ἐνιαυτῶν,
1328 906 1629 987 διακρίσεως
1712 904 1950 968 ἐντελοῦς

303 995 537 1076 ἀμοιρεῖ.
623 987 682 1054 Ὀ
764 994 818 1052 δὲ
894 998 973 1073 μὴ
1047 987 1344 1077 διακρίνων,
1430 994 1544 1053 οὐδὲ
1627 993 1953 1073 λεγισμὲνως

300 1081 510 1141 δυναται
574 1086 866 1147 συναινεῖν.
938 1084 1291 1151 Συναινὲσεως
1360 1084 1415 1141 δὲ
1490 1085 1680 1165 χωρὶς,
1741 1083 1954 1159 συμφώ-

300 1194 403 1231 νων
488 1176 732 1238 σύστασις
818 1175 878 1232 o6
961 1171 1252 1254 προϐαίνει.
1344 1175 1488 1230 Διότι
1553 1174 1715 1249 νόμος
1773 1173 1899 1251 φησί
1931 1188 1943 1203 ·

301 1263 592 1343 ξύμφωνόν
663 1264 773 1320 ἐστι
844 1261 933 1321 δύο
988 1264 1059 1329 εἷς
1115 1264 1302 1321 ταυτὸν
1361 1263 1578 1341 ἀρεστὸν
1637 1261 1945 1324 συναίνεσις.

304 1340 482 1407 “uoce
526 1355 573 1408 οἱ
604 1351 879 1428 νομοθέται
924 1352 1175 1428 ἑπόμενοι
1204 1365 1321 1416 τοῖς
1366 1340 1609 1429 φυσικοῖς
1652 1348 1855 1430 λόγοις,
1886 1349 1951 1405 τὰ

301 1440 420 1519 περὶ
460 1446 566 1496 τῶν
617 1441 802 1520 γάμων
861 1438 1095 1507 διέταξαν
1137 1439 1397 1519 δόγματα.
1472 1439 1667 1497 Οὐκοῦν
1721 1436 1834 1495 ἐπεὶ
1890 1439 1951 1494 τὸ

301 1530 402 1595 τῆς
438 1526 696 1597 Θεοδότης
724 1531 901 1587 καὶτὸ
949 1536 1040 1586 τοῦ
1093 1530 1353 1608 Γεωργίου
1410 1525 1777 1606 συνάλλαγμα,
1834 1527 1950 1583 οὔτε

300 1630 421 1683 τοῖς
450 1617 651 1694 νόμοις,
699 1618 813 1674 οὔτε
841 1624 910 1695 τῇ
965 1618 1112 1697 φύσει
1170 1616 1431 1696 γνώριμόν
1488 1615 1627 1672 ἐστιν
1661 1633 1675 1648 ⁸
1734 1613 1948 1672 ἀκωλύ-

300 1728 406 1770 τως
477 1710 505 1763 6
580 1713 672 1763 τοῦ
742 1708 1000 1786 Γεωργίου
1071 1703 1433 1786 δισεξάδελφος
1495 1706 1766 1786 Εὖφήμιος
1849 1704 1948 1772 τὴν

2036 563 2224 606 annos
2240 545 2785 624 coit,stupratorem
2804 562 3084 621 esse,non
3104 543 3403 605 maritum.
3430 543 3687 623 Ideoque

2036 633 2258 714 nuptiae
2288 652 2420 695 cum
2455 648 2548 707 ea,
2595 651 2727 713 quas
2776 632 2971 694 minor
3018 639 3108 694 est
3135 632 3310 695 annis
3342 632 3683 707 duodecim,

2038 722 2351 803 prohibita;
2380 730 2536 783 sunt.
2571 720 2645 783 Et
2686 720 2786 803 qui
2842 720 3143 784 benedicit
3173 722 3259 783 eis
3292 721 3590 795 sacerdos,
3623 740 3687 782 se

2038 812 2226 892 culpa;
2256 811 2455 874 reddit
2485 809 2828 872 obnoxium.
2865 810 3086 895 Eadem
3119 818 3177 871 et
3205 814 3280 873 de
3312 810 3688 890 sponsalibus

2038 901 2481 964 ratiocinamur.
2507 898 2803 961 Nimirum
2844 916 2996 971 eam,
3033 918 3164 980 qua;
3190 900 3385 960 minor
3414 902 3489 960 sit
3516 900 3689 960 annis

2035 998 2288 1070 septem,
2316 987 2545 1069 judicio
2579 988 2756 1069 pleno
2809 987 3071 1050 destitui.
3105 987 3214 1062 Qui
3276 1007 3413 1049 vero
3460 988 3687 1067 judicio

2036 1086 2219 1152 caret,
2247 1076 2298 1139 is
2320 1096 2431 1138 nec
2456 1095 2524 1138 ex
2547 1095 2655 1138 usu
2707 1077 2963 1139 rationis
2990 1077 3330 1140 consentire
3362 1086 3575 1158 potest.
3612 1081 3689 1138 At
3770 1092 3778 1099 '

2034 1164 2258 1248 absque
2288 1184 2609 1236 consensu,
2642 1173 2813 1246 pacta
2873 1174 3148 1228 constare
3178 1174 3505 1247 nequeunt.
3543 1165 3684 1229 Cum

2036 1255 2159 1317 haec
2191 1254 2336 1336 legis
2363 1255 2541 1316 verba
2572 1254 2692 1316 sint
2724 1275 2738 1315 :
2769 1258 3015 1317 Pactum
3036 1262 3125 1316 est
3147 1254 3399 1317 duorum
3432 1255 3492 1316 in
3523 1255 3683 1318 idem

2034 1343 2313 1425 placitum
2347 1362 2695 1406 consensus.
2731 1342 2902 1407 Unde
2947 1352 3131 1424 paret,
3161 1344 3317 1423 juris
3348 1344 3687 1407 conditores

2031 1434 2331 1496 rationum
2383 1442 2605 1496 natura}
2654 1432 2899 1512 vestigia
2952 1441 3298 1510 sequentes,
3333 1433 3407 1495 de
3465 1434 3687 1514 nuptiis

2032 1530 2245 1584 statuta
2285 1522 2711 1604 promulgasse.
2747 1520 3235 1603 Quandoquidem
3269 1540 3406 1601 ergo
3440 1534 3682 1584 contra-

2031 1619 2188 1673 ctum
2220 1613 2380 1674 hunc
2401 1610 2722 1673 Theodotaz
2744 1629 2810 1672 ac
2838 1611 3287 1693 Georgiineque
3318 1612 3479 1691 leges
3504 1631 3682 1688 agno-

2030 1709 2223 1763 scunt.
2248 1708 2703 1782 nequenatura:
2759 1700 2905 1763 citra
2954 1700 3442 1781 impedimentum
3494 1701 3679 1761 ullum

300 1800 401 1862 τῆς
447 1792 704 1863 Θεοδότης
762 1779 965 1875 μητέρα
1016 1796 1150 1875 πρὸς
1194 1779 1366 1873 γάμον
1421 1779 1673 1872 ἠγάγετο,
1732 1779 1794 1851 ”Ο
1851 1795 1949 1873 γὰρ

2037 1789 2272 1869 Georgii
2328 1779 2608 1851 sobrinus
2664 1779 3054 1869 Euphemius
3091 1789 3411 1851 Theodotaz
3438 1797 3683 1850 matrem

300 1884 416 1940 ἀντ’
446 1882 652 1950 οὒδενὺς
709 1882 877 1958 δοκεῖ,
925 1886 1075 1940 τοῦτο
1130 1890 1246 1946 πῶς
1317 1882 1464 1939 ἔσται
1506 1889 1583 1957 τῷ
1643 1881 1822 1947 καλῶς
1864 1883 1951 1939 καὶ

300 1973 533 2049 ἒννόμως
587 1973 848 2053 γινομένῳ
921 1971 1192 2049 κώλυμας
1285 1970 1484 2029 πολλοῦ
1560 1994 1620 2050 γε
1705 1973 1792 2029 καὶ
1842 1969 1943 2029 δεῖ.

299 2068 473 2121 Ταῦτα
527 2060 899 2139 συνεδοκίμασε
944 2060 1059 2138 μεθ’
1116 2061 1271 2130 ἡμῶν
1315 2061 1368 2117 ἐν
1424 2066 1493 2137 τῇ
1549 2059 1772 2137 βασιλίδι
1843 2061 1948 2117 πό-

298 2148 403 2225 λει,
448 2152 537 2208 καὶ
592 2152 1045 2231 συναπεφήνατος,
1108 2152 1197 2206 καὶ
1254 2148 1480 2229 Μιχαὴλ
1534 2153 1562 2207 6
1618 2150 1951 2229 θεοφιλέστα-

299 2262 392 2303 τος
424 2239 819 2320 μητροπολίτης
862 2239 1119 2307 Ἀθηνῶν,
1175 2242 1338 2303 Οὗτος
1408 2239 1506 2319 γὰρ
1563 2240 1651 2296 καὶ
1678 2240 1773 2307 τῆς
1804 2237 1950 2307 δίκης

300 2327 429 2409 παρ’
461 2331 603 2405 αὐτῷ
644 2329 1162 2408 προκαταρχθείσης,
1212 2326 1517 2408 προσήκατό
1546 2349 1602 2384 τε
1630 2329 1723 2385 τὸν
1752 2328 1944 2408 γάμον,

300 2419 390 2474 καὶ
433 2419 648 2499 γφαφὴν
676 2420 808 2497 πρὸς
849 2419 941 2474 τὸν
986 2417 1278 2495 ἁγιώτατον
1308 2417 1647 2497 πατριάρχην
1677 2415 1821 2493 μάλα
1864 2416 1942 2474 δι-

295 2507 582 2574 καιοτάτην
627 2508 716 2563 καὶ
784 2502 1163 2585 άκριδεστάτην
1209 2503 1494 2574 Ἀθήνηθεν
1552 2504 1828 2586 πέπομφεν
1870 2508 1943 2571 είς

294 2602 470 2672 τοῦτο,
518 2598 607 2654 καὶ
648 2596 975 2676 ὑπέγραψεν.

718 2792 924 2869 Σχῆμα
964 2788 1071 2843 τῶν
1113 2784 1506 2867 προλαϐόντων,

581 2873 947 2957 Δισεξάδελφοι

375 2967 679 3048 Εὐφήμιος,
723 2966 1010 3046 Τοώργιος,
1517 2965 1690 3043 Μαρία
1732 2963 1935 3042 μήτηρ.

1426 3148 1656 3219 Θεοδόθη
1685 3150 1938 3229 θυγάτηρ.
1962 3111 2002 3159 C

381 3243 641 3323 Γεώργιος
685 3244 713 3299 6
761 3251 853 3301 τοῦ
910 3242 1180 3323 Εὐφημίου
1221 3237 1497 3318 ἐξάδελφος
1530 3239 1594 3289 45
1634 3236 1788 3296 ἔλαϐε
1844 3239 1943 3305 τὴν

300 3330 584 3406 Θεοδότην,
657 3329 875 3394 ἀτελοῦς
934 3330 1090 3387 οὖσαν
1144 3328 1379 3398 ἡλικίας,
1441 3328 1710 3395 Θανοόσης
1780 3331 1941 3393 αὐτῆς

298 3422 434 3498 μετᾶ
476 3421 687 3500 μικρὸν,
719 3417 903 3475 ἔλαϐεν
954 3421 983 3476 6
1043 3420 1315 3500 Εὗφήμιος
1369 3418 1469 3487 τὴν
1525 3417 1726 3497 Μαρίαν
1783 3418 1943 3482 αὐτῆς

296 3508 524 3589 μητέρα.
602 3509 699 3566 Καὶ
753 3509 979 3586 κρίνεται
1038 3509 1065 3565 6
1108 3515 1342 3574 τοιοῦτος
1396 3508 1568 3586 γάμος
1595 3504 1790 3586 Ιᾶθῶος
1858 3505 1944 3559 καὶ

296 3598 512 3676 ἔννομος
522 3645 537 3662 .

970 3705 1258 3760 ΜΙΧΑΗΑ.

296 3789 384 3861 Α’.
417 3796 705 3878 Ἐπιστολὴ
750 3806 843 3857 τοῦ
871 3798 1222 3878 πατριάρχου,
1259 3796 1433 3878 κυρίου
1463 3792 1689 3878 Μιχαὴλ
1717 3794 1808 3849 τοῦ
1838 3802 1949 3860 Κη-

551 3820 705 3865 ττοΛη
750 3820 843 3857 του
871 3820 1222 3934 πατριαρχου,
1259 3820 1433 3877 κυριου
1463 3820 1677 3875 mxuma

551 3877 851 3959 ρουλαρίου,
882 3900 981 3957 περ
1028 3879 1200 3957 γάμου
1224 3874 1614 3955 κεκωλυμένου,
1648 3897 1677 3930 ι

378 3976 641 4050 Ἀκήκοεν
696 3981 731 4049 ἡ
787 3980 1070 4060 μετριότης
1126 3982 1306 4053 ἡμῶν,
1381 3976 1745 4053 εὖκλεὲστατε,
1804 3976 1945 4055 παρὰ

2033 1879 2306 1959 conjugio
2339 1877 2453 1939 sibi
2477 1876 2887 1959 junxit.Quod
2925 1877 3082 1938 enim
3108 1897 3213 1957 pro
3232 1878 3394 1939 nullo
3424 1878 3685 1957 ducitur,

2032 1986 2289 2048 quonam
2321 1967 2497 2028 modo
2520 1966 2708 2048 possit
2729 1983 2864 2029 esse
2896 1965 3205 2028 obstaculo
3234 1966 3309 2040 ei,
3345 1969 3500 2047 quod
3526 1975 3687 2027 recte

2031 2056 2098 2118 fit
2155 2076 2225 2117 ac
2274 2055 2575 2136 legitime?
2618 2055 2865 2120 Minime
2903 2054 3166 2135 quidem.
3201 2055 3338 2118 Haec
3370 2054 3682 2116 nobiscum

2032 2145 2386 2207 examinavit
2418 2146 2476 2206 in
2510 2144 2657 2206 urbe
2716 2144 3120 2224 imperatrice,
3174 2163 3241 2206 ac
3273 2164 3387 2205 una
3419 2163 3682 2224 pronun-

2033 2234 2196 2295 tiavit
2229 2234 2405 2296 etiam
2434 2234 2683 2295 Michael
2720 2233 2873 2315 (2!),
2910 2232 3398 2313 religiosissimus
3429 2232 3528 2293 ille
3565 2252 3687 2295 me-

2031 2324 2422 2404 tropolitanus
2450 2322 2857 2386 Atheniensis.
2892 2324 3001 2386 Hic
3028 2323 3223 2397 enim,
3258 2323 3358 2384 lite
3389 2342 3584 2384 coram
3621 2342 3685 2384 se

2028 2412 2325 2487 inchoata,
2363 2420 2420 2473 et
2451 2411 2686 2490 nuptias
2711 2412 2871 2493 ipsas
2920 2411 3211 2491 probavit,
3246 2418 3305 2473 et
3332 2412 3404 2472 ad
3437 2412 3680 2473 sanctis-

2026 2502 2244 2563 simum
2291 2500 2684 2583 patriarcham
2716 2500 3005 2581 scriptum
3035 2500 3442 2578 aequissimum
3477 2508 3533 2561 et
3571 2519 3677 2561 ac-

2024 2591 2462 2653 curatissimum
2524 2590 2773 2652 Athenis
2829 2589 2943 2651 hoc
2993 2590 3236 2650 nomine
3287 2590 3471 2665 misit,
3505 2598 3679 2669 atque

2024 2678 2402 2761 subscripsit.

2476 2774 2706 2851 Figura
2728 2771 3214 2852 prwmissorum.

2345 2858 2585 2921 Sobrini

2102 2947 2456 3031 Ephemius,
2493 2947 2803 3027 Georgius.
3223 2948 3430 3029 Maria,
3463 2956 3677 3010 mater.

3157 3133 3485 3208 Theodote,
3521 3134 3667 3198 (ilia.

2106 3224 2394 3304 Georgius
2422 3222 2737 3304 Euphemii
2760 3223 3043 3287 sobrinus
3071 3222 3420 3285 Theodoten
3448 3224 3678 3304 accepit

2027 3312 2222 3374 adhuc
2275 3310 2679 3393 impuberem.
2712 3310 2794 3372 Ea
2848 3311 3020 3391 paulo
3064 3317 3197 3391 post
3225 3317 3477 3386 mortua,
3513 3310 3681 3370 duxit

2026 3399 2396 3481 Euphemius
2410 3399 2677 3472 Mariam,
2704 3398 3030 3462 Theodotze
3048 3409 3324 3460 matrem.
3349 3402 3532 3478 Atque
3564 3397 3678 3458 hoc

2030 3488 2470 3551 matrimonium
2506 3488 2646 3551 vitio
2674 3506 2879 3551 carere
2905 3487 3237 3567 judicatur,
3271 3492 3332 3547 et
3360 3503 3495 3548 esse
3526 3485 3678 3565 legi-

2029 3577 2238 3639 timum
2251 3625 2267 3640 .

2644 3674 3067 3741 MICHAELIS.

2028 3780 2074 3846 Ι.
2108 3782 2386 3864 Epistula
2411 3780 2798 3864 patriarchae,
2851 3779 3106 3842 Domini
3135 3776 3446 3864 Michaelis
3477 3781 3672 3841 Ceru-

2323 3860 2491 3935 lar’ii,
2520 3861 2593 3924 de
2623 3866 3020 3923 matrimonio
3045 3860 3379 3940 prohibito.

2092 3962 2331 4026 Audivit
2344 3962 2723 4025 mediocritas
2736 3960 3060 4037 nostra,vir
3075 3959 3465 4040 clarissiine,a
3480 3961 3681 4023 Leone

300 4067 518 4132 Λέοντος
586 4075 678 4126 τοῦ
748 4050 1057 4149 κρεμνίτου,
1148 4050 1378 4146 γαμικὸν
1474 4050 1741 4145 προϐῆναι.
1816 4050 1943 4123 συν-

2037 4051 2353 4133 Cremnita,
2409 4050 2852 4113 matrimonium
2909 4068 3041 4112 esse
3089 4057 3486 4126 contractum,
3522 4050 3677 4131 quod

301 4156 552 4231 οικέσιον,
635 4138 985 4237 ἀναίσχυντον
1222 4138 1467 4231 -ἆνομίαν
1518 4138 1946 4232 λπισυρόμενον.

2037 4161 2165 4204 cum
2187 4141 2534 4237 impudente
2566 4138 2785 4237 ﬂagitio
2816 4139 3199 4237 conjunctum
3252 4142 3545 4237 est._Sunt
3571 4140 3683 4201 fra-

301 4245 448 4303 Λέων
476 4227 598 4325 γάρ,
643 4227 928 4327 φησὶ,“καὶ
975 4244 1294 4325 Νικηφόρος,
1347 4227 1585 4323 αδελφοί.
1632 4227 1862 4316 Τοότιυν,
1921 4244 1949 4299 6

2037 4239 2173 4327 tres,
2195 4230 2408 4312 inquit,
2438 4229 2644 4327 Leo_et
2671 4227 3300 4327 Nicephoruleorum
3333 4229 3504 4327 aiter,
3541 4232 3679 4327 beo.

299 4335 396 4411 μὶν
656 4316 814 4412 γεννᾷ
880 4335 949 4402 τὴ
996 4316 1225 4404 Καλῆνλ
1271 4336 1299 4390 6
1350 4316 1647 4413 Ntanadpoc
1703 4329 1782 4413 δὲ,
1855 4333 1947 4389 τὸν

2037 4320 2207 4413 Calen
2231 4316 2952 4413 procreatzNicephorus,
2989 4316 3331 4413 Georgium.
3364 4317 3682 4413 _Hinc_Cale

1135 4388 1293 4501 Ιπρὸς
1560 4388 1879 4477 ικοινωνίαν
1908 4422 1945 4489 ἡ

2037 4409 2087 4471 in
2122 4388 2482 4470 matrimonii
2536 4388 2878 4469 societatem
2935 4388 3073 4468 cum
3132 4388 3419 4467 biichaele
3450 4406 3588 4484 coit,
3626 4415 3683 4466 et

300 4512 450 4581 Καλὴ
479 4520 557 4588 τῷ
587 4511 834 4593 Μιχαὴλ,
878 4514 967 4569 καὶ
1019 4514 1047 4568 6
1101 4511 1362 4591 Γεώργιος
1419 4513 1448 4566 6
1490 4509 1687 4575 ταύτης
1730 4507 1945 4593 ἐξάδελ-

298 4624 418 4682 φος,
450 4615 618 4680 γαμεῖ
661 4589 912 4681 έῖρήνην,
967 4601 1067 4668 τὴν
1109 4589 1228 4658 τοῦ.
1254 4589 1480 4680 Μιχαὴλ
1539 4596 1790 4678 ἀδελφήν.
1854 4589 1946 4661 ιΩς

301 4688 676 4765 συμπλακῆναι
744 4687 831 4747 δύο
916 4688 1140 4768 πρώτων
1195 4686 1488 4766 ἐξαδὲλφων
1559 4687 1754 4765 γάμον,
1814 4688 1947 4766 πρὸς

298 4777 389 4835 δύο
431 4776 707 4859 ἃδελφοὺς,
740 4777 917 4856 ἐτέρου
966 4777 1175 4858 γένους,
1227 4776 1358 4856 ὅπερ
1415 4774 1576 4843 δῆλον
1631 4774 1806 4841 πάντη
1865 4777 1953 4832 καὶ

302 4882 422 4932 το’ς
465 4866 764 4933 πολιτικοῖς
807 4867 1014 4943 νόμοις,
1045 4868 1133 4924 καὶ
1168 4879 1286 4930 τοῖς
1329 4868 1493 4945 ἱεροῖς
1537 4864 1750 4921 κανόσιν
1807 4863 1954 4920 ἀπα-

306 4954 555 5036 ράδεκτόν
596 4956 727 5016 ἐστι.
764 4954 1066 5015 κωλύονται
1124 4956 1248 5035 γὰρ,
1294 4955 1455 5036 φησὶν
1511 4955 1540 5010 6
1582 4953 1768 5028 νόμος,
1826 4953 1956 5031 πρὸς

306 5044 482 5124 γάμου
507 5045 806 5124 κοινωνίαν,
860 5042 1093 5124 ἀδελφοὶ,
1150 5042 1443 5124 ἒξάδελφοι,
1500 5042 1588 5098 καὶ
1647 5043 1695 5098 οἱ
1744 5040 1804 5097 ἐκ
1827 5040 1955 5097 τού-

301 5155 409 5190 των
438 5134 793 5213 καταγόμενοι
845 5134 934 5189 καὶ
977 5130 1160 5205 μόνον.
1208 5132 1329 5191 Ἐπὶ
1384 5129 1440 5188 δὲ
1486 5136 1590 5187 τῶν
1617 5129 1678 5185 ὲκ
1706 5128 1956 5209 πλαγίου,

301 5221 413 5278 imi
439 5245 519 5288 τις
570 5222 822 5287 κώλυσις.
866 5227 1031 5281 Τοῦτο
1072 5223 1194 5300 γοῦν
1248 5222 1309 5277 τὸ
1364 5219 1441 5283 τίς
1494 5218 1664 5298 ῥῆμα,
1732 5217 1956 5297 μερικὴν

2029 4497 2423 4560 consobrinus
2445 4497 2575 4576 ejus
2599 4493 3145 4573 Georgius,lrenam
3168 4493 3351 4567 ducit,
3376 4493 3684 4554 Michaelis

2028 4604 2321 4648 sororem.
2354 4584 2439 4647 Ita
2467 4584 2732 4663 quidem,
2769 4589 2833 4644 ut
2863 4582 2980 4642 duo
3012 4581 3353 4643 consobrini
3375 4600 3506 4641 cum
3540 4580 3682 4640 duo-

2031 4675 2143 4737 bus
2172 4673 2476 4748 fratribus,
2511 4673 2739 4735 ditersi
2782 4670 3043 4751 generis,
3100 4669 3335 4749 nuptias
3372 4676 3684 4732 contraxe-

2034 4764 2157 4827 rint
2188 4782 2202 4826 :
2247 4763 2403 4845 quod
2447 4761 2602 4823 haud
2627 4761 2806 4823 dubie
2837 4779 2948 4822 nec
2979 4758 3211 4838 legibus
3242 4758 3539 4831 civilibus,
3572 4777 3683 4819 nec

2037 4851 2362 4913 (anonibus
2393 4850 2577 4913 sacris
2609 4847 2966 4910 admittitur.
3026 4846 3197 4927 Nam,
3231 4853 3296 4907 ut
3342 4845 3680 4925 lexinquit,

2037 4950 2317 5002 arcentur
2343 4960 2377 5002 a
2418 4938 2702 5000 societate
2733 4936 2992 5016 conjugii
3044 4935 3283 5015 fratres,
3315 4933 3681 5009 consobrini,

2040 5037 2098 5091 et
2124 5027 2225 5109 qui
2253 5047 2322 5090 ex
2376 5027 2467 5088 bis
2518 5031 2907 5106 procreantur
2958 5032 3207 5086 tantum.
3260 5023 3326 5084 lu
3357 5021 3431 5083 iis
3462 5030 3680 5097 autem,

2038 5119 2140 5201 qui
2168 5128 2304 5179 sunt
2361 5134 2430 5178 ex
2487 5122 2854 5194 transverso,
2915 5112 3237 5195 prohibitio
3270 5111 3680 5201 quaedamgest.

2038 5198 2174 5277 Haec
2205 5222 2345 5284 ergo
2375 5222 2504 5279 vox,
2540 5202 2847 5284 quadam,
2898 5202 3312 5284 particularem
3337 5198 3687 5282 prohibitio-

1624 5372 1887 5438 VARIE
1918 5365 2356 5438 LECTIONES.

388 5474 442 5520 ιθ
470 5474 887 5556 διστεξάδελφος.

1883 5558 2134 5624 NOTE.

1883 5558 1931 5622 N
1988 5558 2134 5624 TE.

389 5672 521 5756 (21)
555 5674 670 5738 Hic
700 5670 1006 5756 proximus
1036 5670 1513 5755 praecedentibus
1544 5668 1721 5734 etiam
1750 5557 2009 5733 decretis
2040 5661 2412 5744 subscripsit.
