4192 6220
445 342 553 407 851
1822 353 1854 414 J
1861 353 1952 414 US
1993 352 2126 414 CAN

2206 348 2437 415 NICUM
3700 345 3821 412 852

445 495 585 569 nem
613 479 1107 561 inferens,nonin
1136 483 1432 544 infinitum
1471 503 1535 547 se
1577 485 1864 566 porrigit;
1903 485 2008 549 sed
2025 483 2126 544 in}

2206 485 2366 562 πάγον
2420 489 2515 556 τὴν
2573 487 2822 569 κώλυσιν,
2894 493 2988 547 οὐκ
3042 491 3114 552 εἰς
3170 486 3458 568 ἀπέραντον
3512 485 3818 551 ἐξικνεῖται,

449 567 659 630 eodem
689 571 1176 652 genere,septimi
1207 590 1445 652 quoque
1473 574 1693 652 gradus
1714 575 1935 655 nuptiae
1961 592 2091 656 pro-

447 658 886 721 hibentur.Non
909 661 1068 720 enim
1106 668 1297 739 potest
1326 663 1602 724 sobrinus
1635 663 1864 725 sobrini
1893 666 1982 726 sui
2015 663 2088 723 ﬁ-

448 746 589 807 liam
622 747 1008 823 ducere,licet
1042 767 1110 809 ex
1128 748 1385 810 sobrinis
1411 753 2093 833 procreatorumnuptiaa

448 855 568 897 non
600 835 718 896 sint
747 835 1079 916 prohibitaa.
1115 836 1226 908 Qui
1249 847 1445 900 autem
1477 859 1546 902 ex
1579 849 1910 905 transverso
1932 848 2090 916 sunt,

451 926 526 987 iis
552 924 724 986 etiam
758 924 1049 1005 septimus
1078 926 1294 1006 gradus
1321 929 1788 1004 permittitur.At
1807 933 1868 994 in
1901 931 2095 992 delato

451 1013 526 1075 ad
556 1033 663 1074 nos
693 1013 1091 1087 matrimonio,
1119 1015 1333 1093 gradus
1365 1027 1571 1081 sextus
1594 1021 1893 1082 invenitur
1947 1018 2093 1080 Nam

455 1101 590 1165 Cale
621 1121 693 1163 ac
721 1101 1026 1180 Georgius,
1052 1123 1184 1165 cum
1217 1105 1441 1166 sobrini
1468 1107 1606 1184 sint,
1632 1110 1692 1169 in
1725 1117 1930 1191 quarto
1961 1125 2099 1186 erga

456 1211 520 1253 se
549 1192 807 1254 invicem
838 1191 1023 1270 gradu
1056 1193 1404 1257 consistunt.
1437 1197 1510 1257 At
1541 1199 1791 1261 Michael
1823 1198 1896 1261 ab
1929 1200 2100 1260 Irena

458 1281 641 1361 gradu
672 1281 857 1342 altero
890 1281 1078 1357 abest,
1115 1290 1178 1343 ut
1204 1285 1374 1362 cujns
1425 1286 1554 1366 ipse
1583 1287 1762 1350 frater
1790 1287 1881 1349 sit.
1908 1287 2099 1366 Atque

456 1371 573 1432 hoc
604 1369 781 1430 modo
834 1388 968 1430 cum
1028 1371 1243 1448 gradus
1301 1381 1501 1435 sextus
1559 1377 1885 1456 colligatur,
1918 1374 2106 1436 Irenae

462 1458 906 1520 matrimonium
960 1458 1329 1539 prohibetur.
1384 1461 1548 1534 Quod
1600 1465 1838 1546 quidem
1901 1471 1987 1538 tu,
2023 1463 2108 1523 vir

463 1548 828 1628 doctissime,
891 1549 986 1610 vel
1077 1568 1194 1610 non
1270 1560 1635 1614 contractum
1692 1553 1961 1634 prohibe,
2019 1553 2108 1614 vel

2171 571 2291 628 ἀλλ’
2363 574 2448 631 ἐπὶ
2518 578 2674 636 αύτοῦ
2729 577 2909 656 γένους
2966 579 3053 634 καὶ
3116 581 3142 634 6
3212 587 3306 636 τοῦ
3345 573 3569 651 ἑϐδόμου
3621 573 3824 650 βαθμοῦ

2171 661 2425 719 κωλύεται
2503 665 2698 743 γάμος.
2782 667 2854 724 Οὔ
2918 667 3016 746 γὰρ
3084 665 3295 723 δύναται
3373 667 3401 721 6
3456 661 3818 740 δισεξάδελφος

2172 750 2270 817 τὴν
2313 751 2715 833 τρισεξαδέλιρην
2774 770 2994 832 γαμεῖν,
3067 755 3165 811 κᾶν
3233 755 3261 810 6
3319 759 3424 810 τῶν
3481 748 3816 832 τρισεξαδέλ-

2175 862 2286 918 φων
2328 841 2497 920 γάμος
2543 865 2637 900 οτκ
2685 844 3038 924 ἀπειρημένος
3111 844 3238 903 ἐστί.
3299 844 3435 922 Πρὸς
3479 839 3534 898 δὲ
3586 841 3705 902 τοὺς
3763 839 3824 894 ἐκ

2176 927 2400 1007 πλαγίου
2430 932 2515 986 καὶ
2547 935 2574 987 6
2631 929 2851 1008 ἕϐδομος
2895 947 3255 1013 συγχωρεϊται
3314 929 3538 1008 βαθμύς.
3594 930 3713 987 Ἐπὶ
3769 925 3823 982 δὲ

2176 1027 2267 1076 τοῦ
2351 1020 2832 1100 προσαγγελθέντος
2897 1025 3238 1097 συνοικεσίου,
3311 1021 3460 1084 ἕκτος
3537 1019 3826 1098 εὑρίσκεται

2179 1086 2403 1182 βαθμός.¹
2441 1086 2498 1166 ἸΙ
2673 1112 2771 1191 γὰρ
2835 1110 2983 1168 Καλῆ
3040 1114 3171 1185 πρὸς
3213 1086 3304 1167 τὸν
3354 1086 3613 1188 Γεώργιον
3670 1106 3824 1182 πρῶ-

2179 1217 2258 1250 τοι
2303 1195 2336 1251 ὅ
2362 1220 2390 1234 η·
2496 1198 2509 1218 ’
2562 1197 2609 1217 "
2872 1199 2882 1216 '
3128 1199 3168 1232 "-
3443 1200 3455 1215 ‘
3567 1197 3580 1216 ’
3765 1217 3774 1234 .

2333 1219 2450 1280 vta;
2492 1198 2782 1280 εξαοελφοι,
2828 1223 3073 1279 τέταρτον
3130 1223 3152 1255 ε
3159 1222 3314 1280 χουσι
3368 1220 3498 1277 προς
3559 1194 3824 1265 αλλήλοος

2181 1285 2401 1360 βαθμόν,
2439 1278 2495 1344 (Ο
2545 1285 2597 1343 δὲ
2659 1278 2880 1368 Μιχαὴλ
2928 1278 3061 1369 πρὸς
3117 1278 3215 1348 τὴν
3273 1289 3523 1366 Εἰρήνην,
3568 1284 3655 1342 δύο
3717 1283 3832 1339 ἀπ-

2190 1373 2305 1452 έχει
2358 1377 2611 1451 βαθμοὺς,
2672 1378 2763 1433 ἅτε
2819 1376 3041 1458 ἀδελφὸς
3107 1377 3179 1434 ὢν
3223 1377 3444 1442 ταύτης.
3497 1373 3601 1432 Καὶ
3658 1371 3831 1434 οὕτως

2189 1469 2279 1519 τοῦ
2309 1462 2460 1523 ἕκτου
2512 1467 2712 1542 βαθμοῦ
2763 1467 3136 1546 συναγομένου,
3196 1465 3456 1523 κωλύεται
3499 1466 3558 1520 τὸ
3588 1462 3834 1520 συνοικέ-

2192 1574 2304 1608 σιον
2334 1559 2432 1619 τῆς
2465 1556 2712 1634 Εἰρήνης.
2767 1564 2806 1614 Ο
2837 1554 2902 1623 δὴ
2927 1561 3013 1613 καὶ
3044 1559 3220 1629 αὐτὸς,
3253 1559 3280 1612 6
3308 1554 3658 1633 λογιώτατος,
3689 1552 3725 1620 ἢ
3760 1553 3839 1626 μὴ

458 1639 582 1718 jam
616 1644 982 1698 contractum
1005 1637 1293 1701 dissolve:
1325 1659 1456 1701 cum
1485 1660 1555 1703 ex
1574 1643 1866 1704 relatione
1896 1642 2109 1704 Leonis

2206 1642 2497 1720 γενόμενον,
2553 1644 2787 1702 κώλυσον
2820 1662 2834 1675 ⁸
2904 1646 2940 1714 ἢ
2997 1646 3304 1724 γενόμενον,
3360 1642 3600 1700 διάλυσον
3634 1662 3648 1677 ·
3696 1641 3840 1720 εὕρε-

465 1725 782 1806 intelligas,
813 1725 874 1786 id
907 1725 1064 1814 intra
1084 1735 1313 1788 sextum
1345 1730 1590 1806 gradum
1617 1732 1832 1793 claudi.
1868 1731 1989 1793 Nec
2021 1741 2110 1791 est

2206 1754 2332 1787 muv
2403 1743 2555 1792 τοῦτο
2623 1736 2758 1791 κατά
2813 1736 2910 1803 τὴν
2967 1733 3354 1814 προσαγγελίαν
3426 1740 3519 1788 τοῦ
3591 1730 3836 1801 Λέοντος,

467 1814 622 1906 quod
655 1813 1068 1906 vereare.Nam
1098 1817 1296 1895 plures
1323 1819 1513 1880 habeo
1548 1820 1649 1882 tibi
1673 1821 2113 1901 patrocinantes

2206 1826 2275 1897 τῷ
2304 1823 2438 1898 ἕκτῳ
2481 1825 2928 1906 περικλειόμενον,
2964 1829 3050 1882 καὶ
3098 1825 3265 1901 μηδὲν
3308 1821 3567 1905 φοϐηθῆς,
3605 1820 3842 1882 Πολλοὺς

468 1905 530 1966 in
560 1904 672 1965 hoc
703 1903 1001 1986 facto,tam
1035 1905 1196 1984 leges
1227 1907 1453 1982 civiles,
1488 1929 1662 1989 quam
1696 1929 1899 1970 sacros
1929 1929 2112 1972 cano—

2206 1914 2295 1991 γὰρ
2325 1912 2437 1994 ἔχω
2464 1917 2582 1978 τοὺς
2614 1915 3010 1994 συναιρομένους
3031 1937 3114 1971 σοι
3137 1925 3228 1973 τυῦ
3245 1913 3396 1993 ἔργου
3420 1915 3508 1969 καὶ
3538 1910 3841 1974 πολιτικοὺς

470 2011 599 2084 nes,
642 1993 971 2084 ipsumque
1023 1995 1317 2058 novellum
1372 2006 1594 2058 tomum
1630 2007 1918 2079 perpetuo
1950 1999 2111 2062 cele-

2206 2001 2411 2077 νόμους,
2456 2006 2543 2060 καὶ
2571 2006 2735 2084 ἱεροὺς
2765 2005 3010 2081 κανόνας,
3043 2006 3131 2060 καὶ
3161 2005 3314 2060 αὐτὸν
3343 2004 3434 2058 τὸν
3464 2002 3645 2080 νεαρὸν
3677 1999 3844 2074 τόμον

471 2082 705 2162 brandi,
740 2090 799 2143 et
844 2083 1122 2164 religiose
1178 2086 1463 2163 defuncti,
1511 2087 1735 2150 domini
1771 2087 1975 2151 Sisinii
2005 2107 2112 2170 pa-

2206 2098 2286 2147 τοῦ
2317 2091 2638 2167 ἀειμνήστου
2665 2095 2753 2150 καὶ
2782 2095 2936 2158 ὁσίως
2967 2091 3405 2167 ἀναπαυσαμένου
3435 2096 3590 2170 κυροῦ
3620 2089 3850 2146 Σισινίου

475 2171 769 2236 triarcbaa.

2206 2187 2290 2237 τοῦ
2319 2183 2646 2263 πατριάρχου
2656 2230 2667 2243 .

1177 2279 1430 2360 Figura.

2908 2291 3136 2366 Σχῆμα.

599 2380 856 2444 Fratres.
1735 2385 1996 2447 Fiatres.

2287 2385 2526 2467 Ἀδελφοὶ
3527 2385 3769 2467 Ἀδελφοὶ

680 2471 824 2544 Leo,
877 2467 1274 2550 Nicephorus.
1318 2488 1342 2519 ι
1371 2469 1644 2548 Michael,
1676 2474 1703 2515 ι)
1725 2473 1919 2535 Irena.

2208 2475 2378 2549 Λέων,
2466 2477 2783 2557 Νικηφόρος,
3152 2485 3177 2518 ³
3208 2476 3428 2557 Μιχαὴλ
3458 2477 3545 2533 καὶ
3572 2475 3598 2517 δ
3628 2477 3854 2555 Εἰρήνη.

563 2673 776 2736 aCale.
901 2665 1260 2752 bGeorgius.
1371 2574 1381 2654 Ι

2294 2677 2318 2708 ³
2351 2668 2524 2738 Καλη,
2727 2568 2738 2644 Ι
2769 2669 2796 2711 δ
2826 2670 3109 2749 Γεώργιος.

485 2777 558 2841 ll.
590 2777 694 2840 E:c
719 2775 998 2857 Epistola
1019 2775 1358 2857 Michaelis,
1393 2781 1762 2843 sanctissimi
1790 2786 1846 2843 et
1875 2781 2126 2844 univer-

2219 2793 2240 2826 ο
2278 2760 2362 2831 Β’.
2391 2769 2476 2836 Ἐξ
2509 2769 2826 2839 Ἐπιστολῆς
2886 2770 3135 2853 Μιχαὴλ,
3171 2781 3279 2857 Δτοῦ
3321 2771 3619 2850 ἀγιωκάτου
3645 2771 3732 2826 καὶ
3776 2773 3860 2825 οἷ-

1020 2856 1166 2918 salis
1182 2861 1586 2938 patriarchae.

2650 2863 2963 2930 κουμενικοῦ
2991 2853 3344 2931 πατριάρχου.
3377 2875 3405 2906 ι)

570 2959 882 3035 Sacerdos,
907 2959 1007 3040 qui
1033 2961 1188 3020 novit
1221 2980 1460 3022 uxorem
1483 2981 1648 3023 suam
1681 2963 1973 3024 adulterio
2007 2961 2126 3040 pol-

2298 2944 2484 3032 ’ἰερεὺς
2525 2955 2676 3031 γνοὺς
2745 2955 2842 3022 τὴν
2905 2955 3140 3011 σύνοικον
3211 2952 3612 3032 μοιχευθεῖσαν,
3672 2953 3868 3007 ἀπωσ-

493 3049 697 3123 lutam,
726 3047 774 3109 si
806 3039 940 3108 eam
971 3047 1284 3128 expulerit,
1316 3068 1348 3109 a
1395 3069 1644 3112 munere
1675 3071 1782 3113 suo
1814 3071 1929 3112 non
1962 3039 2126 3112 arce-

2220 3043 2412 3118 άμενος
2458 3044 2580 3122 μὲν,
2649 3043 2918 3108 ἀκώλυτος
2953 3062 2966 3078 ⁸
3015 3039 3438 3122 παραδεξάμενος
3496 3040 3571 3120 δὲ,
3634 3041 3866 3119 ἀνίερος,

497 3147 590 3199 tur
621 3155 635 3199 :
669 3137 761 3198 sin
793 3136 1111 3217 receperit,
1142 3139 1540 3199 sacerdotium
1572 3140 1806 3204 amittit.
1833 3140 1998 3202 Dotis
2027 3159 2126 3201 au-

2221 3143 2329 3198 Της
2375 3130 2430 3187 δὲ
2458 3134 2672 3210 προικὸς
2701 3135 2797 3198 τῆς
2829 3133 3202 3211 μοιχευθείσης
3233 3137 3324 3186 τοῦ
3353 3129 3557 3210 ἱερέως,
3589 3133 3866 3209 γυναικὸς,

499 3236 822 3307 tem,quam
851 3244 956 3305 per
985 3225 1338 3288 adulterium
1371 3230 1609 3308 cognita
1640 3229 1962 3290 sacerdotis
1993 3247 2126 3290 ux0|

2220 3223 2280 3278 τὸ
2326 3221 2420 3296 μὲν
2452 3220 2682 3301 δίμοιρον
2711 3222 2838 3300 ὑπὲρ
2866 3231 2958 3281 τοῦ
3005 3223 3282 3300 τεχθέντος
3327 3221 3507 3283 αὺτοῖς
3565 3221 3872 3298 ἀποκρατη-

498 3315 706 3376 marito
737 3313 952 3394 attulit,
985 3315 1101 3375 duo
1133 3314 1382 3376 trientes
1408 3307 1513 3395 pro
1549 3324 1685 3378 nalo
1717 3317 1983 3397 utrisque
2019 3317 2126 3377 ﬁlic

2221 3312 2436 3380 θήσεται
2481 3307 2664 3372 παιδός
2699 3325 2713 3339 ⁶
2774 3313 2836 3366 τὸ
2886 3308 2940 3364 δὲ
2989 3311 3156 3387 τρίτον
3187 3309 3648 3388 παρασχεθήσεται
3704 3312 3868 3387 αὒτῇ,

495 3403 915 3467 retinebuntur
941 3421 954 3466 :
979 3403 1247 3484 reliquus
1266 3404 1378 3485 ipsi
1403 3405 2126 3486 concedetur,ei:tribuen-

2225 3397 2574 3474 δοθησόμενον
2604 3400 2676 3462 εἷς
2720 3400 3084 3478 μοναστήριον,
3113 3397 3165 3452 ἐν
3208 3400 3254 3471 ᾧ
3282 3397 3699 3475 ἀποκαρήσεται,

496 3493 1024 3570 dus,monasterio,
1058 3493 1120 3553 in
1153 3511 1267 3573 quo
1299 3494 1664 3556 tondebitur.

1086 3600 1186 3665 ΙΙΙ.
1237 3602 1544 3683 Ejusdem.

584 3707 833 3780 Quidam
893 3704 1174 3769 sacerdos
1231 3705 1516 3785 quosdam
1569 3713 1783 3787 praeter
1839 3713 2126 3787 parentun

2312 3694 2495 3780 ἰερεὺς
2526 3703 2667 3765 τινὰς
2725 3704 2866 3779 παρὰ
2923 3702 3142 3780 γνώμην
3193 3707 3298 3757 τῶν
3353 3699 3549 3778 γονέων
3607 3721 3875 3759 συναπτο-

505 3796 865 3859 sententiam
889 3794 950 3855 in
975 3793 1416 3855 matrimonium
1445 3803 1726 3856 coeuntes
1760 3795 2039 3875 precibus
2062 3814 2125 3855 sa

2230 3793 2416 3870 μένους
2459 3792 2780 3872 ηὗλόγησεν.
2847 3797 2981 3852 Εἶτα
3039 3793 3348 3851 διαστάντας
3402 3789 3493 3848 ἀπ’
3541 3791 3734 3867 αὐτῶν,
3790 3793 3878 3846 καὶ

507 3887 623 3948 cris
651 3883 925 3946 initiavit.
959 3881 1104 3944 Inde
1132 3881 1378 3944 divulsis
1431 3903 1464 3945 a
1512 3903 1575 3945 se
1626 3884 1904 3964 invicem,
1956 3892 2015 3946 et
2040 3885 2126 3946 ali:

2232 3881 2652 3958 συναπτομένους
2697 3883 2892 3961 ἑτέροις
2948 3885 3082 3938 κατὰ
3153 3883 3373 3960 γνώμην
3427 3887 3532 3936 τῶν
3589 3878 3872 3951 τεκόντων,

509 3973 782 4053 conjugia
812 3970 1610 4044 contrahentibus,sacerdos
1641 3972 1790 4033 alius
1820 3973 1976 4034 bene
2010 3991 2126 4054 pret

2236 3969 2521 4047 εὐλόγησεν
2577 3969 2752 4049 ἕτερος
2813 3972 2998 4050 ἱερεύς,
3079 3973 3136 4028 Εἰ
3193 3971 3290 4045 μὲν
3360 3966 3591 4046 ἡγνόησε
3657 3969 3718 4022 τὸ
3772 3972 3880 4021 τπῦν

511 4071 677 4125 catus
709 4070 820 4124 est.
853 4059 1159 4141 Siquidem
1201 4059 1510 4140 ignoravit,
1537 4070 1812 4140 parentes
1857 4081 1976 4123 non
2007 4080 2126 4122 con

2237 4058 2494 4114 τεκόντων
2539 4057 2851 4131 ἀϐούλητον,
2899 4059 2983 4116 ἐπὶ
3026 4058 3220 4139 χρόνον
3268 4057 3384 4113 τινὰ
3434 4056 3593 4133 ῥητὸν
3653 4060 3749 4122 τῆς
3795 4058 3878 4110 ἱε-

513 4150 735 4213 sentire
764 4167 780 4225 ;
813 4157 1040 4210 certum
1075 4147 1368 4227 quoddam
1399 4148 1469 4208 ad
1506 4158 1740 4228 tempus
1770 4168 1801 4210 a
1827 4149 2126 4211 ministerii

2239 4149 2474 4227 ρουργίας
2533 4147 2965 4228 ἐπισχεθήσεται,
3024 4149 3110 4204 καὶ
3180 4147 3276 4213 τὴν
3338 4144 3392 4199 ἓν
3453 4145 3722 4228 Δνηστείαις
3791 4145 3881 4199 καὶ

514 4257 685 4301 sacro
707 4238 1007 4300 abstinere
1023 4224 1674 4317 jubebitur,etjejuniis
1696 4257 1764 4300 ac
1793 4237 2126 4300 orationibu

2239 4250 2570 4317 προσευχαῖς
2602 4236 2960 4317 ταλαιπωρίαν
3015 4237 3388 4305 ὕποστήσεται.
3452 4224 3510 4290 Ὀ
3565 4231 3756 4313 χρόνος
3819 4253 3881 4309 γε

517 4335 708 4390 semet
735 4327 976 4405 afﬂiget.
1001 4324 1192 4407 Ipsius
1216 4344 1404 4406 paenae
1427 4336 1659 4406 tempus
1689 4327 1760 4388 ad
1793 4327 1921 4389 dies
1946 4345 2045 4404 XL,
2070 4345 2126 4388 ve

2206 4327 2322 4407 \p‘i‘,
2353 4331 2447 4392 τῆς
2478 4325 2759 4400 ἐπιτιμίας.
2824 4317 2884 4402 μ’
2934 4325 3127 4403 ἡμέραι
3170 4325 3204 4392 ἢ
3262 4322 3336 4386 δὶς
3391 4329 3660 4383 τοσαῦται,
3712 4323 3766 4378 El
3825 4319 3882 4376 δὲ

519 4418 668 4482 alios
699 4393 942 4479 totiddm
996 4393 1127 4477 sese
1171 4393 1450 4496 porriget.
1486 4393 1584 4477 Sin
1613 4424 1800 4490 norat,
1838 4393 2126 4477 sacerdoti

2206 4393 2384 4490 3136a,
2447 4420 2542 4481 τῆς
2615 4416 2904 4494 ἱερωσύνης
2965 4418 3292 4472 ἐκπεσεῖται.
3361 4409 3512 4469 E162;
3568 4410 3884 4488 προσωτέρω

2826 3606 2861 3654 Γ
2875 3588 2906 3661 ’.
2958 3609 3060 3659 Τοῦ
3089 3603 3266 3660 αὐτοῦ.

519 4505 947 4579 excidet.Quod
973 4505 1022 4566 si
1046 4504 1431 4584 provectioris
1457 4513 1624 4566 erant
1643 4505 1830 4566 aetatis
1870 4505 2070 4580 liberi,
2107 4509 2168 4568 et

523 4601 660 4678 quia
693 4595 1036 4659 dilationem
1053 4601 1326 4674 parentes
1357 4587 2070 4674 interponeb’antjdcirco
2085 4593 2169 4655 eis

523 4685 732 4747 invitis
790 4683 1142 4746 contrahere
1206 4683 1654 4744 matrimonium
1714 4683 1903 4744 coacti
1959 4683 2162 4745 fuere:

528 4773 1009 4856 quandoquidem
1040 4772 1099 4833 id
1133 4772 1295 4849 leges
1341 4771 1518 4832 etiam
1555 4771 1827 4851 probant,
1874 4781 1932 4833 et
1961 4773 2034 4847 is,
2071 4771 2171 4853 qui

500 4932 501 4935 η
532 4881 741 4947 preces
771 4880 968 4926 sacras
1021 4860 1316 4942 concepit,
1351 4860 1523 4940 culpa
1553 4867 1732 4933 caret,
1795 4869 1853 4921 et
1876 4860 2173 4921 secundus

531 4971 788 5036 quoque,
823 4951 918 5012 cui
939 4949 1014 5012 de
1044 4949 1242 5031 priore
1273 4947 1648 5010 matrimonio
1679 4966 1794 5010 non
1847 4947 2172 5036 constabat,

534 5035 977 5106 excusatur.Sin
1010 5037 1335 5110 constabat,
1397 5037 1585 5117 pomis
1617 5035 1954 5098 mitioribus
1985 5035 2174 5117 subji-

2247 4509 2344 4569 τῆς
2383 4502 2592 4571 ἡλικίας
2636 4502 2862 4577 ἤλασαν,
2908 4510 3012 4560 τῶν
3068 4501 3266 4581 γονέων
3323 4499 3753 4576 ὑπερτιθεμένων,
3797 4496 3887 4553 καὶ

2250 4593 2390 4670 παρά
2485 4603 2637 4651 τοῦτο
2732 4593 3139 4671 ἠναγκάσθησαν
3222 4593 3541 4668 συναφθῆναι
3625 4588 3884 4659 ἀκόντων,

2252 4681 2363 4737 ἐπεὶ
2405 4682 2466 4736 τὸ
2519 4688 2751 4738 τοιοῦτον
2814 4683 2901 4738 καὶ
2941 4695 3058 4744 τοῖς
3101 4681 3282 4755 νόμοις
3342 4675 3510 4752 δοκεῖ,
3543 4678 3687 4732 καῖ’ἱ)
3730 4677 3886 4735 εὐλο-

2253 4772 2420 4847 γήσας
2448 4771 2694 4842 ἀναίτιος,
2731 4773 2817 4827 καὶ
2849 4773 2876 4826 6
2903 4769 3135 4847 δεύτερος
3194 4765 3248 4822 δὲ
3306 4767 3511 4844 ἀγνοῶν
3565 4767 3626 4820 τὸ
3681 4770 3893 4842 πρῶτον

2253 4859 2596 4939 συνοικέσιον,
2667 4861 2987 4922 ἀναιτίατος.
3076 4855 3235 4922 Εἰδὼς
3299 4854 3377 4934 δὲ,
3456 4853 3732 4928 ἐπιτιμίοις
3791 4875 3893 4927 με-

2256 4947 2550 5026 τριωτέροις
2597 4946 3040 5023 ὑποϐληθήσεται,
3087 4946 3166 5002 ὅτι
3220 4946 3340 5008 τοὺς
3408 4945 3646 5022 περνεὶας
3687 4941 3896 5020 ἐγκλή-

2259 5061 2383 5113 ματι
2416 5039 2660 5112 ἁλόντας,
2707 5043 2777 5106 ὼς
2821 5043 3098 5120 καθαροὺς,
3159 5036 3540 5114 ἐστεφάνωσεν,
3601 5037 3658 5092 Ei
3715 5055 3896 5112 μεντοι

534 5129 909 5212 cietur,quod
934 5127 1220 5190 obnoxios
1243 5127 1481 5189 crimini
1498 5125 2126 5207 scortationis,tanqua1

2260 5128 2449 5206 γνώμῃ
2502 5135 2605 5186 τῶν
2659 5129 2854 5208 γονέων
2913 5131 2940 5185 6
2995 5135 3199 5207 πρῶτος
3255 5124 3476 5191 συνέστη
3520 5124 3712 5201 γάμος,
3771 5124 3901 5179 εἶτα

534 5241 737 5305 puros,
779 5217 1102 5282 coronarit.
1139 5215 1306 5289 Quod
1339 5217 1388 5277 si
1419 5217 1494 5279 de
1550 5223 1861 5297 parentum
1892 5222 2124 5277 sentent

2263 5217 2577 5297 παραλόγως
2621 5217 2898 5285 διέστησαν
2936 5236 2948 5249 '
2995 5219 3023 5272 6
3077 5217 3173 5293 μὲν
3223 5219 3429 5294 πρῶτος
3456 5213 3642 5292 ἱερεὺς,
3676 5212 3844 5274 ἀθῶος
3879 5229 3899 5248 ο

537 5303 746 5394 primae
767 5315 1086 5371 contractae
1115 5315 1250 5369 sunt
1282 5307 1526 5388 nuptiae,
1564 5305 1778 5368 deinde
1811 5323 1919 5366 nec
1949 5305 2124 5384 opina

2266 5311 2293 5365 6
2335 5306 2567 5386 δεύτερος
2611 5305 2686 5382 δέ,
2749 5311 2845 5376 τῆς
2905 5308 3187 5386 ἱερωσύνης
3231 5303 3504 5384 ἀλλότριος
3539 5318 3552 5332 ⁸

3602 5303 3703 5358 εἶτε
3755 5323 3900 5380 παρ-

537 5399 857 5462 divortium
869 5395 1237 5458 intercessit:
1262 5395 1541 5458 sacerdos
1569 5394 1794 5475 primus
1812 5395 1982 5475 culpa
1998 5412 2126 5456 care

2266 5403 2402 5465 ῆσαν
2444 5400 2489 5453 οἱ
2518 5410 2718 5476 γονεῖς,
2751 5395 2863 5454 εῗτε
2894 5397 2992 5474 μή.

537 5489 686 5552 alter
713 5484 1113 5549 sacerdotium
1143 5486 1391 5548 amittit:
1425 5483 1548 5547 sive
1561 5490 1839 5566 parentes
1857 5482 2180 5555 adfuerint,

540 5594 664 5641 me
692 5593 812 5638 non
823 5626 836 5640 .
