4192 6220
293 276 415 344 853
482 292 498 301 ‘
1610 278 2330 345 GMCO-ROMANUM.
3548 285 3663 348 854

306 432 334 464 ς
371 399 453 469 Δ’.
487 406 576 476 Ἐξ
619 408 937 480 Ἐπιστολῆς
965 421 1059 473 τοῦ
1088 414 1243 471 αὑτοῦ
1269 413 1600 494 πατριάρχου
1629 411 1876 494 Μιχαὴλ.
1913 435 1941 467 ι
1967 458 1970 466 ι

2053 410 2132 472 ἰν.
2175 410 2278 473 Ea:
2310 410 2594 491 Epistula
2619 414 2885 492 ejusdem
2919 414 3292 495 patriarcha:
3321 418 3674 482 Michaelis.

384 498 505 557 Ἐπὶ
550 502 655 556 τῶν
706 500 767 556 ἐκ
794 504 884 558 τοῦ
927 506 1083 560 αὐτοῦ
1111 501 1316 581 γένους,
1361 503 1449 560 καὶ
1492 504 1520 559 ὁ
1576 504 1669 559 τοῦ
1724 499 1948 577 ἑϐδόμου

2108 495 2174 559 In
2204 497 2300 574 iis,
2325 500 2425 579 qui
2457 500 2668 562 eodem
2701 503 2821 565 orti
2861 510 2999 564 sunt
3028 505 3515 585 genere,septimi
3537 525 3678 586 quo-

300 590 503 666 βαθμοῦ
575 587 836 647 κωϐύεται
892 592 1088 671 γάμος.
1154 595 1227 651 Οὖ
1269 592 1369 672 γὰρ
1421 590 1634 649 δύναται
1693 593 1721 648 ὁ
1776 588 1948 656 δισεξ-

2053 603 2146 667 lue
2170 589 2386 665 gradus
2416 590 2634 670 nuptiae
2665 591 3081 672 prohibentur.
3133 592 3349 672 Nequit
3384 594 3540 655 enim
3576 613 3679 656 so-

304 675 525 757 άδελφος
602 678 700 746 τὴν
773 686 866 736 τοῦ
947 678 1308 759 δισεξαδέλφου
1389 678 1645 759 θυγατέρα
1728 691 1947 757 γαμεῖν,

2053 674 2193 737 irini
2225 676 2406 739 filiam
2438 697 2681 741 uxorem
2714 680 2960 751 ducere,
2994 682 3131 743 licet
3162 690 3579 762 prognatorum
3614 704 3684 746 ex

302 763 402 822 κᾶν
462 766 491 821 ὁ
558 768 662 822 θῶν
713 765 1124 848 τρισεξαδέλφων
1180 769 1351 846 γάμος
1420 767 1516 825 οὒκ
1570 768 1951 847 ἀπηγόρευται.

2053 762 2299 826 sobrinis
2329 767 2774 831 matrimonium
2804 770 3052 833 minime
3077 772 3153 832 sit
3191 772 3454 834 velitum.
3480 778 3555 834 At
3584 773 3682 849 iis,

306 855 441 933 Πρὸς
471 852 526 911 δὲ
568 856 690 920 τοὺς
719 856 779 913 ἐκ
806 855 1043 936 πλαγίου
1074 856 1127 923 ἐξ
1185 857 1521 937 ἀγχιστείας,
1579 859 1667 914 καὶ
1724 859 1752 913 ὃ
1809 855 1955 913 ἕϐδο-

2053 853 2136 934 ιυί
2167 871 2236 916 ex
2261 860 2600 919 transverso
2630 866 2768 920 sunt
2787 859 3020 937 afﬁnes,
3054 860 3230 922 etiam
3264 861 3478 937 gradus
3495 862 3684 942 septi-

314 968 413 1020 μος
456 960 815 1026 συγχωρετται
880 948 1105 1026 βαθμός.
1192 955 1397 1027 Πρῶτοι
1453 948 1541 1005 οὖν
1599 946 1863 1028 ἐξάδελφοι
1920 948 1964 1003 εἰ

2053 961 2178 1005 tuus
2208 945 2799 1029 permittitunltaque
2820 949 2871 1010 si
2890 949 3235 1011 consobrini
3266 951 3522 1031 copulati
3551 952 3685 1013 fue-

307 1035 644 1115 συνήφθησαν
697 1034 954 1117 ἀδελφαῖς
1008 1036 1060 1103 ἐξ
1133 1036 1309 1117 ἑτέρου
1381 1037 1588 1116 γένους,
1647 1040 1676 1095 ὁ
1746 1035 1961 1116 ὕστερος

2053 1031 2161 1093 rint
2186 1052 2318 1095 cum
2351 1034 2658 1098 sororibus
2679 1037 2826 1100 ortis
2849 1038 2969 1100 alio
2983 1057 3226 1119 genere,
3246 1040 3686 1101 matrimonium

310 1123 482 1201 γάμος
535 1123 800 1199 ἂθέμιτος.
869 1126 968 1184 Καὶ
1007 1125 1293 1205 γενόμενος
1350 1127 1471 1203 μὲν,
1530 1124 1908 1197 διασπασθήτω
1941 1144 1956 1160 ·

2053 1124 2336 1203 posterius
2394 1133 2483 1187 est
2530 1125 2825 1200 illicitum,
2870 1146 2940 1189 ac
2991 1128 3283 1209 siquidem
3317 1138 3687 1192 contractum

313 1210 392 1287 μὴ
450 1212 726 1291 γενόμενος
800 1210 879 1288 δὲ,
956 1213 1270 1286 κωλυθήτω.
1332 1215 1591 1293 Τετάρτου
1677 1216 1774 1292 μὲν
1860 1215 1959 1294 γὰρ

2053 1210 2139 1287 sit,
2176 1212 2488 1276 divellatur
2520 1234 2533 1275 :
2572 1216 2826 1278 necdum
2859 1235 2996 1279 vero
3053 1224 3445 1294 contractum,
3477 1220 3685 1300 prohi-

312 1301 516 1378 βαθμοῦ
567 1304 615 1357 οἱ
669 1300 956 1384 ἐξάδελφοι,
1016 1302 1254 1383 δευτέρου
1308 1302 1363 1361 δὲ
1436 1308 1484 1362 οἱ
1554 1302 1787 1384 ἀδελφοί.
1864 1304 1961 1360 Καὶ

315 1391 637 1468 εὑρίσκονται
718 1391 871 1450 ἕκτου
951 1393 1175 1475 βαθμοῦ,
1258 1394 1388 1475 ὅπερ
1442 1395 1532 1451 καὶ
1600 1396 1629 1450 ὁ
1687 1392 1958 1457 πολιτικὸς

315 1477 553 1559 ἀπείργει
583 1476 765 1555 νόμος.

570 1678 1085 1732 ΚΩΝΣΤΑΝΤΙΝΟΥ
1128 1680 1256 1732 ΤΟΥ
1301 1678 1705 1731 ΛΕΙΧΟΥΔΟΥ.

321 1760 406 1833 Α’.
484 1794 506 1827 ι
578 1773 871 1849 Σημείωμα
924 1772 1191 1835 συνοδικόν
1260 1775 1377 1854 περὶ
1433 1771 1615 1831 δούλου
1670 1772 1953 1852 ἐγκλημα-

1028 1878 1176 1912 τικου
1185 1904 1198 1919 ,
1237 1878 1265 1910 D

404 1961 801 2021 Κωνστανττνος
844 1957 977 2031 ἐλέῳ
1022 1965 1153 2016 Θεοῦ
1194 1956 1610 2036 ἂρχιεπίσκοπος
1671 1967 1955 2015 Κωνσταν-

324 2040 704 2123 τινουπόλεως,
767 2043 883 2109 νέας
938 2037 1171 2123 Ῥώμης,
1220 2047 1308 2103 καὶ
1354 2047 1711 2122 οἰκούμενικὸς
1764 2067 1956 2124 πατρι-

323 2131 524 2211 ἀρχης.

405 2221 553 2277 Μετὰ
593 2223 696 2279 τῶν
766 2221 938 2280 ἄλλων
994 2225 1238 2281 ἁπάντων
1298 2228 1403 2279 τῶν
1460 2223 1557 2292 τῆς
1600 2230 1730 2281 Θεοῦ
1790 2225 1963 2303 μεγά-

325 2307 426 2376 λης
456 2308 777 2378 Ἐκκλησίας
808 2310 1017 2371 δικαίων
1065 2335 1124 2370 τε
1183 2314 1272 2369 καὶ
1324 2310 1525 2388 καλῶν,
1569 2311 1685 2373 οὐδὲ
1727 2314 1791 2370 τὰ
1847 2315 1964 2392 περὶ

322 2405 430 2455 τῶν
498 2397 696 2458 δούλων
780 2399 1126 2478 οὖδοκούμενά
1195 2423 1254 2459 τε
1325 2403 1412 2458 καὶ
1484 2400 1817 2480 διοριζόμενα
1872 2410 1964 2460 τοῦ

328 2484 528 2545 δικαίου
554 2491 642 2545 καὶ
698 2488 984 2569 πρέποντος
1033 2490 1437 2571 ἧλλοτρίωνται.
1501 2480 1663 2549 υΟσοι
1718 2492 1818 2572 γὰρ
1877 2493 1966 2548 καὶ

326 2577 525 2634 τούτων
547 2582 705 2656 φόνου
734 2578 873 2653 μίσει
902 2580 967 2632 45
1021 2583 1317 2661 χρανθῶσι,
1356 2581 1445 2637 καὶ
1484 2585 1592 2637 τῶν
1621 2580 1771 2636 θείων
1802 2584 1965 2647 αὐτῆς

325 2663 617 2745 περιϐόλων
646 2666 793 2731 ἐντὸς
825 2670 1102 2747 γένωνται,
1134 2671 1403 2749 προσίεται
1433 2673 1742 2745 συμπαθῶς,

330 2755 428 2812 Καὶ
482 2756 704 2814 θανάτου
760 2757 856 2833 μὲν
913 2759 1101 2827 ἐπίσης
1157 2771 1275 2824 τοῖς
1318 2756 1495 2824 ἄλλοις
1540 2758 1711 2836 ῥύεται
1767 2781 1969 2838 μητρι-

326 2846 461 2923 urbe,
535 2844 739 2919 δουλείᾳ
804 2845 860 2903 δὲ
934 2846 1189 2920 διηνεκεῖ,
1282 2848 1832 2928 συμπαρεκτεινομένη
1902 2855 1968 2926 τῇ

2040 1298 2426 1363 beatur.Nam
2456 1304 2645 1383 gradu
2687 1313 2896 1386 quarto
2920 1307 3114 1386 juncti
3142 1307 3255 1368 sibi
3301 1316 3437 1370 sunt
3469 1298 3688 1370 conso—

2039 1388 2219 1466 brini,
2253 1393 2517 1455 secundo
2567 1394 2807 1459 fratres.
2856 1396 3139 1477 Adeoque
3187 1405 3353 1459 sexto
3385 1398 3689 1460 constituti

2041 1478 2223 1580 gradu
2254 1479 2969 1580 deprehenduntur,quod
2996 1486 3237 1567 quidem
3264 1487 3418 1550 civili
3449 1506 3687 1569 quoque

2035 1577 2173 1649 jure
2201 1577 2451 1632 vetatur.

2322 1671 2821 1741 CONSTANTINI
2863 1676 3205 1743 LICHUDlS
3253 1681 3402 1761 (ea).

2042 1759 2087 1822 Ι.
2117 1759 2426 1841 Scriptum
2455 1765 2522 1825 in
2546 1766 2773 1845 synodo
2794 1768 3183 1909 subpetatum
3211 1792 3225 1847 ;
3269 1759 3542 1833 tle—servo
3561 1772 3683 1833 cri-

2737 1864 2906 1909 mma
2936 1868 2979 1907 ι.

2737 1864 2979 1909 mmau.

2122 1941 2540 2031 Constantinus
2592 1943 2975 2008 miseratione
3034 1947 3142 2010 Dei
3205 1950 3691 2031 archiepiscopus

2042 2026 2606 2120 ConstantinOpolis,
2640 2052 2806 2095 novre
2833 2035 3056 2113 Romae,
3105 2047 3162 2100 et
3204 2026 3694 2120 universalis-pa-

2044 2118 2326 2183 triarcha.

2127 2211 2288 2272 Inter
2316 2210 2517 2273 omnia
2561 2213 2676 2275 alia
2713 2216 2958 2294 majoris
3002 2215 3282 2280 Ecclesiae
3333 2219 3439 2280 Dei
3463 2221 3600 2299 jura
3632 2226 3692 2281 et

2046 2297 2344 2389 bona,nec
2376 2318 2447 2362 ea
2489 2319 2621 2382 quae
2669 2301 2745 2364 de
2800 2304 2991 2366 servis
3039 2315 3301 2369 statuere
3350 2297 3587 2389 placuit,
3620 2307 3693 2368 ab

2044 2387 2318 2467 aequitate
2335 2406 2403 2450 ac
2425 2389 2648 2452 decoro
2667 2400 2804 2453 sunt
2834 2392 3049 2457 aliena.
3085 2396 3234 2457 Nam
3264 2387 3552 2477 quotquot
3578 2398 3695 2457 ho-

2047 2494 2179 2536 rum
2210 2496 2445 2558 quoque
2474 2479 2650 2542 caedis
2684 2481 2914 2559 piaculo
2940 2482 3153 2565 polluti
3184 2484 3423 2561 fuerint,
3461 2494 3517 2547 et
3541 2485 3698 2547 intra

2048 2582 2217 2626 sacra
2245 2565 2374 2645 ejus
2403 2576 2572 2647 septa
2603 2572 3005 2651 pervenerint,
3065 2573 3334 2635 adhibita
3375 2575 3698 2636 commise-

2048 2652 2277 2716 ratione
2305 2656 2697 2737 recipiuntur.

2132 2746 2203 2806 Et
2231 2761 2265 2804 a
2296 2753 2486 2808 morte
2514 2747 2757 2829 quidem
2781 2749 2942 2830 ipsos
2960 2749 3246 2827 Ecclesia,
3275 2760 3543 2813 materna
3574 2752 3702 2830 pie-

2053 2831 2355 2907 tate,sieut
2381 2843 2439 2895 et
2461 2836 2629 2911 alios,
2662 2836 2875 2900 liberal
2910 2860 2924 2900 :
2953 2856 3157 2901 verum
3192 2841 3434 2902 eosdem
3469 2840 3545 2902 ad
3578 2858 3701 2901 ser-

328 2920 541 2990 ἐκείνων
570 2940 703 3012 ζωῇ,
737 2937 876 2994 κατὰ
915 2938 1010 3005 τὴν
1039 2938 1271 3018 ἀρχῆθεν
1328 2920 1810 3013 ἐμπολιτευομένην
1838 2920 1970 3015 αὐτῇ

2053 2920 2295 2984 vitutem
2327 2933 2700 3005 perpetuam,
2742 2947 2874 3009 qua:
2929 2946 3065 2990 cum
3098 2947 3303 2990 eorum
3338 2937 3454 2991 tota
3488 2948 3552 2993 se
3582 2929 3703 2991 vita

330 2997 629 3104 συνήθειαν,
657 2997 1010 3106 Πκατακρίνει
1075 2997 1426 3107 ’θῖεόπρεπόλῃ
1522 2997 1684 3091 θείοίς
1764 2997 1970 3107 ἐρροντιῖ

2053 2997 2461 3107 ροττξείιξρτό
2483 3033 2589 3076 sua
2615 2997 3046 3080 consuetudine
3064 3019 3326 3100 antiqua,
3361 3038 3474 3081 ceu
3504 3018 3703 3080 divino

327 3112 563 3190 στηρίοις
605 3099 692 3169 καὶ
748 3099 982 3192 εὖαγέσιν
1036 3115 1211 3181 οἴκοις
1231 3099 1647 3192 άπεμπολοῦσα,
1687 3099 1855 3179 ὡς’άν
1883 3118 1970 3172 καὶ

2053 3099 2308 3181 quodam
2340 3102 2559 3182 rigore,
2596 3105 2857 3187 damnat,
2914 3106 3100 3169 sacris
3139 3099 3300 3186 ipSos
3332 3107 3706 3169 monasteriis

328 3189 443 3256 τὸν
462 3198 528 3256 δι’
572 3199 780 3266 ἐλπίδος
852 3189 1135 3263 ἆδέσποτον
1192 3206 1302 3282 βίον
1349 3189 1463 3271 -τῆς
1533 3201 1762 3269 διανοίας
1819 3202 1970 3260 ἐκϐά-

2053 3208 2119 3250 ac
2153 3189 2427 3251 domibus
2457 3193 2753 3273 religiosis
2782 3196 3047 3257 vendens
3073 3214 3089 3271 ;
3120 3206 3184 3257 ut
3214 3197 3390 3258 etiam
3419 3216 3525 3276 spe
3555 3216 3705 3257 con-

329 3286 495 3369 λοιεν,
550 3291 639 3347 καὶ
692 3292 784 3347 τὸν
837 3297 934 3360 τῆς
1018 3279 1238 3359 ἀτοπίας
1295 3291 1521 3372 ἔλεγχον
1591 3292 1970 3370 ἐγκαλούμενον

2054 3285 2286 3357 ceptam
2316 3279 2490 3341 vitam
2514 3281 2587 3343 ab
2606 3282 2780 3345 herili
2804 3283 3055 3345 liberam
3093 3284 3344 3364 imperio
3366 3286 3489 3345 suis
3512 3285 3708 3345 exclu-

330 3367 511 3458 ἔχοιεν
555 3379 634 3454 τῷ
682 3384 782 3448 τῆς
839 3377 1073 3447 δουλείας
1130 3382 1373 3458 ὀνόματι,
1398 3367 1519 3437 ’.καὶ
1560 3367 1644 3437 διᾶ
1694 3367 1970 3457 μετανοίας

2055 3368 2197 3428 dant
2224 3367 2527 3443 animis,et
2555 3370 2683 3451 ipso
2717 3372 2957 3435 nomine
3000 3373 3299 3434 servitutis
3329 3382 3706 3434 accusantem

327 3454 401 3523 ei;
430 3473 526 3523 τοῦ
566 3470 725 3548 φόνου
768 3468 964 3528 ἄτοπον
1010 3471 1430 3551 ἆποκαθαίροιεν.
1480 3470 1580 3528 Καὶ
1633 3468 1801 3528 τοίνυν
1859 3478 1970 3536 Δη-

2058 3454 2289 3551 facinus
2337 3458 2642 3551 stimulum
2702 3460 2976 3534 habeant,
3021 3480 3243 3551 perque
3299 3461 3705 3551 paenitentiam

333 3557 558 3635 μήτριον
580 3544 591 3548 ’
624 3558 718 3613 τὸν
773 3557 977 3627 οἰκέτην
1033 3568 1126 3620 τοῦ
1192 3544 1385 3629 δείνος,
1462 3558 1722 3635 μιάσματι
1778 3565 1970 3637 φονικῷ

2060 3544 2239 3637 caedis
2270 3547 2699 3637 turpitudinem
2734 3557 3084 3628 expurgant.
3108 3550 3311 3630 Itaque
3340 3549 3706 3613 Demetrium

332 3633 655 3725 χρανθέντα,
738 3647 827 3703 καὶ
903 3646 1335 3728 ἐξαγορεύσαντα,
1405 3648 1542 3705 κατὰ
1609 3648 1672 3703 τὸ
1727 3646 1970 3703 ἀνέκαθεν

2059 3633 2206 3728 Titii
2226 3653 2486 3710 servum,
2517 3636 2695 3728 caedis
2723 3637 3170 3728 inquinamento
3204 3639 3710 3728 pollutum,idque

333 3722 473 3806 ἔθος,
528 3722 731 3799 ἐξέδοτο
767 3737 841 3799 ὡς
882 3722 1228 3817 ἡμαρτηκότα
1286 3722 1469 3793 τδῦτον
1522 3735 1681 3815 φόνου
1725 3744 1886 3810 μῦσος
1943 3736 1970 3802 ἡ

2063 3722 2422 3794 confessum,
2461 3724 2638 3786 veluti
2684 3726 2787 3808 qui
2837 3725 3133 3807 piaculum
3168 3728 3346 3790 caedis
3375 3727 3708 3817 admiserit,

334 3829 428 3879 τοῦ
471 3830 603 3882 Θεοῦ
657 3822 869 3903 μεγάλη
925 3823 1212 3893 Ἐκκλησία
1277 3823 1362 3881 διὰ
1401 3830 1509 3880 τῶν
1564 3821 1982 3880 θεοσεϐεστάτων

332 3908 574 3992 ὶκδίκων,
622 3914 911 3993 Δημητρίῳ
954 3912 1227 3994 ἐπισκόπῳ
1280 3914 1543 3994 [Ιριηίνης
1571 3909 1657 3985 46,
1711 3910 1795 3968 ἐπὶ
1851 3934 1982 3991 παρ.

337 4007 450 4080 οχῇ
506 4002 845 4077 νομισμάτων
899 3992 981 4059 κδ’
1014 4021 1027 4036 ·
1108 4002 1245 4059 ὥστε
1314 4009 1487 4059 πᾶσαν
1561 4003 1717 4058 αὐτοῦ
1786 3998 1984 4057 δεσπο-

335 4090 478 4146 τείαν
537 4088 681 4170 ἔχειν
737 4091 826 4147 καὶ
884 4089 1188 4169 κυριότητα,
1237 4092 1326 4147 καὶ
1391 4089 1591 4167 μηδένα
1645 4090 1751 4147 τῶν
1811 4090 1985 4146 ἀπαν-

336 4199 428 4233 τον
481 4177 658 4257 ἕτερον
700 4178 970 4236 αὐθεντεῖν
1021 4183 1198 4238 αὐτοῦ.
1248 4185 1574 4259 Παραινοῦσα
1627 4176 1711 4235 διὰ
1768 4183 1987 4245 ταυτησὶ

336 4272 437 4335 τῆς
493 4268 933 4348 ὑπηγορευθείσης
1000 4274 1206 4349 γραφῆς
1276 4269 1364 4325 καὶ
1414 4281 1530 4333 τοῖς
1592 4267 1729 4324 κατὰ
1769 4268 1982 4347 καιροὺς

2067 3827 2137 3871 ex
2166 3830 2330 3873 more
2360 3815 2555 3893 prisco
2586 3814 2712 3877 haec
2744 3834 2954 3895 magna
3000 3816 3110 3878 Dei
3137 3817 3402 3880 Ecclesia
3433 3835 3538 3897 per
3564 3815 3711 3878 reli-

2067 3900 2432 3979 giosissimos
2481 3902 2848 3980 defensores,
2911 3904 3211 3968 Demetrio
3242 3905 3711 3984 l’rienensiepi-

2068 4007 2273 4071 scopo,
2294 4008 2437 4054 XXIV
2457 4009 2771 4055 aureorum
2809 3992 3000 4073 pretio
3031 3996 3352 4076 persoluto,
3387 3994 3470 4056 sic
3503 3994 3713 4056 vendi-

2070 4077 2177 4151 dit,
2207 4089 2268 4140 ut
2296 4080 2347 4141 is
2405 4100 2583 4143 omne
2626 4082 2956 4146 dominium
2989 4093 3047 4147 et
3103 4088 3523 4165 proprietatem
3586 4084 3716 4163 ejus

2072 4167 2305 4245 habeat,
2342 4189 2453 4232 nec
2479 4170 2631 4233 alius
2653 4171 2963 4254 quisquam
3022 4174 3361 4236 mortalium
3392 4172 3507 4234 sibi
3538 4172 3713 4253 quid-

2070 4274 2245 4337 quam
2270 4256 2428 4337 juris
2460 4259 2522 4320 in
2580 4279 2717 4323 eum
2774 4263 3054 4325 vindicet.
3090 4262 3276 4327 Simul
3305 4280 3411 4342 per
3437 4264 3589 4322 hanc
3619 4260 3716 4321 di-

335 4355 753 4436 θεοφιλεστάτοις
829 4357 1135 4424 ἐπισκόποις
1216 4361 1315 4425 τῆς
1397 4358 1564 4423 αὒτῆς
1653 4355 1970 4436 ἐπισκοπῆς,

2053 4352 2278 4416 ptatum
2332 4349 2410 4409 ab
2494 4368 2559 4413 se
2637 4352 2987 4432 scripturam
3073 4349 3553 4429 religiosissimos
3612 4367 3717 4427 pro

334 4423 582 4516 κήδεσθαι
636 4452 734 4515 τῆς
799 4449 954 4505 αὐτοῦ
995 4423 1154 4504 πλέον
1213 4423 1498 4525 σωτηρίας,
1559 4447 1646 4502 καὶ
1711 4447 1776 4503 τὰ
1846 4423 1970 4526 πρὸς

2054 4446 2335 4517 tempore
2390 4440 2684 4502 antistites
2718 4423 3095 4521 episcopatus
3123 4423 3281 4500 illius
3322 4423 3719 4509 hortatum—ut

335 4532 662 4592 λυσιτέλειαν
728 4537 817 4593 καὶ
886 4534 1069 4614 ἄφεσιν
1122 4542 1214 4593 τοῦ
1289 4534 1526 4593 τοιούτου
1585 4536 1776 4610 μύσους
1832 4536 1970 4614 ἐγκε-

2065 4526 2349 4605 majorem
2380 4528 2441 4589 in
2474 4529 2714 4590 modum
2751 4529 2957 4590 salutis
2997 4530 3124 4609 ejus
3169 4546 3369 4590 curam
3399 4532 3628 4605 gerant,
3664 4532 3724 4585 et

337 4623 573 4681 λεύεσθαί
626 4646 685 4682 τε
762 4627 851 4683 καὶ
919 4604 1200 4684 διδάσκειν.
1286 4625 1375 4692 Μὴ
1450 4604 1631 4699 μέντοι
1685 4604 1970 4705 πειρᾶσθαι1

2068 4633 2199 4697 quae
2228 4616 2302 4678 ad
2332 4618 2712 4679 commodum
2743 4617 2957 4697 ipsius,
2984 4604 3044 4678 et
3061 4617 3279 4697 piaculi
3300 4604 3718 4677 remissionem

338 4712 436 4781 τῆς
491 4711 738 4782 δουλικῆς
796 4716 951 4772 αὐτὸν
1008 4716 1181 4795 τύχης
1236 4711 1554 4793 ἐλευθεροῦν,
1603 4713 1739 4788 μήτε
1780 4712 1970 4791 πιπρά-

2070 4706 2875 4795 Spectantjmperentiatque
2905 4706 3330 4795 doceant.__Non
3355 4711 3555 4795 tamen
3583 4720 3722 4764 eum

339 4823 487 4858 σκειν
537 4804 609 4866 εἰς
659 4804 968 4882 πρόσωπον,
1026 4793 1112 4869 ἐξῇ
1135 4805 1199 4860 σῦ
1251 4807 1350 4869 τῆς
1409 4801 1680 4870 διηνεκοῦς
1752 4798 1970 4860 δουλείας

2070 4794 2273 4856 servili
2305 4794 2644 4857 conditione
2674 4793 3075 4869 liberare,nec
3107 4793 3211 4856 ulli
3242 4793 3434 4854 ausint
3454 4809 3724 4871 persona:

335 4892 422 4948 καὶ
490 4898 582 4949 τοῦ
669 4890 1106 4959 ἐκκλησιαστικοῦ
1186 4891 1449 4968 ἐπιτιμίου
1526 4890 1829 4961 λυθήσεται,
1922 4890 1970 4947 El

2067 4884 2346 4957 vendere,
2385 4902 2491 4963 per
2520 4902 2693 4963 quam
2727 4901 2759 4944 e
2791 4883 3071 4944 servitute
3099 4890 3407 4963 perpetua,
3444 4891 3501 4944 et
3522 4882 3722 4942 eccle-

338 4980 440 5059 γάρ
481 5001 610 5036 ποτε
669 4979 1004 5060 καταγγελθῇ
1072 4984 1100 5038 ὁ
1169 4980 1442 5060 εἰρημένος
1498 4979 1786 5059 ἐλευθερίαν
1856 4978 1970 5035 ἐπι-

2063 4974 2305 5038 siastica
2336 4991 2509 5053 paena
2540 4972 2847 5053 eripiatur.
2883 4970 3113 5053 Quippe
3155 4972 3204 5033 si
3262 4975 3592 5033 nuntiatum
3624 4970 3727 5031 ali-

337 5069 650 5149 φερόμενος,
698 5071 852 5136 αὐτὸς
908 5071 1007 5146 μὲν
1060 5071 1158 5138 τὴν
1214 5067 1426 5134 δικαίως
1484 5070 1627 5143 αὐτῷ
1679 5067 1970 5147 ὡρισμένην

2064 5062 2299 5144 quando
2378 5060 2576 5134 fuerit,
2636 5060 2963 5123 indicatum
3026 5061 3396 5124 Demetrium
3453 5060 3726 5123 libertate

340 5154 627 5225 καταδίκην
684 5160 778 5215 οὐκ
831 5156 1151 5240 ἐκφεύξεται,
1232 5155 1351 5215 ἀλλ’
1420 5155 1753 5227 ἐκδοθήσεται
1822 5156 1970 5212 πάλιεΙ

2066 5150 2313 5234 potitum
2343 5167 2357 5213 :
2390 5149 2519 5232 ipse
2571 5150 2813 5231 quidem
2848 5151 3169 5231 irrogatum
3196 5151 3310 5215 sibi
3334 5151 3475 5231 jure
3506 5149 3729 5230 suppli-

1672 5273 1920 5338 VARLE
1964 5268 2400 5337 LECTIONES.

420 5385 485 5440 ιιι
509 5389 684 5466 μύσει.
769 5386 834 5439 46
860 5390 1110 5470 πριήνης.
1934 5396 1945 5407 “

1899 5485 2149 5554 now.

420 5600 544 5683 (22)
594 5604 892 5668 Successit
921 5595 1244 5684 Cerulario,
1275 5601 1482 5683 Isaacii
1511 5598 1801 5665 Comneni
1834 5603 1894 5661 et
1921 5592 2305 5663 Constantini
2336 5590 2515 5657 Ducas
2550 5594 2940 5676 temporibus.
