4192 6220
474 326 593 394 855
1830 333 1863 394 J
1870 331 1961 395 US
2007 327 2455 397 CANONICUM
3733 330 3858 396 856

473 459 635 551 cium
668 479 787 523 non
814 462 1078 543 eﬂ‘ugiet,
1112 460 1215 551 sed
1274 460 1609 551 denuofper
1640 461 2113 551 religiosissimos

2208 466 2297 523 διὰ
2336 470 2442 523 τῶν
2482 466 2895 549 θεοφιλεστάτων
2944 466 3161 526 ἐκδίκων
3211 467 3575 551 χαλεπωτάτῃ
3617 467 3851 542 δουλείᾳ,

473 548 823 613 defensores
875 550 1314 613 molestissima:
1344 550 1629 624 servituti,
1650 550 2113 633 gravissimoque

2203 558 2291 613 καὶ
2360 548 2622 636 βαρυτάτῃ
2690 558 2946 637 ὑπηρεσίᾳ
2980 577 2993 592 ⁶
3064 548 3461 635 ζημιωθήσεται
3506 558 3563 617 δὲ
3633 561 3668 628 ἡ
3725 556 3854 613 ἐπι·-

470 638 667 701 labori
690 639 1166 720 mancipabitur;
1199 638 1579 720 episcopatus
1607 648 1800 702 autem
1840 639 2113 704 multabi-

2204 646 2404 720 σκοπὴ,
2451 648 2524 711 ὡς
2579 648 2671 713 τὰς
2732 647 3102 727 γεγραμμένας
3173 649 3472 720 ἀθετήσασα
3540 646 3797 713 διατάξεις
3832 660 3851 678 ⁶

386 750 389 751 ⁷
454 736 660 819 _tur,ut
688 727 1274 819 qui_constitutiones
1294 727 1546 819 scriptas
1578 728 1748 793 ﬂocci
1774 728 2043 819 fecerit;
2068 737 2113 793 et

2208 736 2305 793 Καὶ
2374 738 2402 792 ὁ
2472 736 2607 793 κατὰ
2673 738 2886 815 καιροὺς
2945 738 3141 806 ταύτης
3190 739 3486 819 προεστὼς,
3528 740 3630 795 ὑπὸ
3699 735 3857 803 δίκην

454 806 758 897 ὀυλιιείιιὶθ
788 816 1029 878 demum
1060 816 1348 898 temporis
1378 806 1650 894 antistes,
1684 818 1784 899 qui
1809 818 1864 879 ei
1887 825 2120 898 praeest,

471 921 667 985 paenae
686 904 989 967 canonica:
1021 905 1391 987 subjicietur.
1422 904 1605 984 Igitur
1636 907 1708 966 ad
1738 905 2120 968 avertendum

471 998 740 1079 eum,qui
796 998 950 1060 servi
986 998 1264 1061 dominus
1314 997 1629 1079 aliquando
1681 998 1808 1075 fuit,
1840 1007 1899 1061 et
1929 999 2123 1060 exclu-

469 1084 729 1149 dendum
769 1105 1009 1149 omnem
1041 1087 1101 1147 in
1161 1087 1339 1167 hujus
1370 1086 1532 1147 modi
1564 1086 1798 1148 casibus
1827 1088 2121 1149 actionem

474 1181 798 1261 caeteroqui
845 1180 1166 1259 legitimam
1228 1190 1287 1243 et
1327 1198 1583 1262 aequam,
1620 1199 1694 1242 ne
1744 1180 1976 1242 scilicet
2005 1180 2123 1241 ullo

472 1269 649 1330 modo
676 1269 969 1351 corporali
1004 1277 1191 1331 morte
1216 1268 1535 1331 distractus
1552 1268 1650 1330 hic
1672 1270 2009 1333 Demetrius
2029 1269 2120 1330 af-

468 1360 723 1443 ﬁciatur,
754 1380 863 1423 nec
908 1360 1063 1423 male
1120 1368 1423 1438 tractetur,
1459 1369 1558 1421 aut
1603 1361 1675 1423 ab
1728 1362 1839 1423 alia
1872 1379 2124 1443 persona

471 1448 751 1530 puniatur
786 1466 799 1511 :
835 1449 961 1511 haec
1007 1449 1088 1510 ita
1136 1449 1383 1524 sancita,
1420 1459 1477 1511 et
1521 1449 1924 1512 ecclesiastico
1956 1469 2123 1513 more

471 1538 826 1618 perscripta,
897 1545 959 1599 et
1006 1537 1315 1617 obsignata
1363 1556 1472 1619 per
1500 1537 1720 1599 bullam
1756 1538 2119 1620 plumbeam,

469 1624 608 1689 data
638 1633 777 1688 sunt
835 1644 1041 1688 mense
1071 1625 1413 1702 Decembri,
1475 1627 1815 1691 indictionis
1842 1645 1945 1704 xu,
1981 1628 2126 1691 anni

470 1730 623 1779 VICIO
651 1732 708 1780 ID
735 1731 917 1780 LXVII.

663 1817 736 1881 II.
768 1817 859 1879 De
886 1819 1194 1882 sacerdote
1220 1818 1400 1881 caedis
1430 1835 1532 1880 reo
1562 1827 1614 1881 et
1645 1819 1933 1898 deposito.

546 1995 809 2058 Priscam
840 1995 1244 2074 legislatorum
1278 1994 1438 2057 circa
1471 1995 1717 2058 delubra
1744 1996 2115 2076 religionem,

465 2106 599 2149 cum
632 2086 708 2148 de
738 2085 1011 2167 pluribus
1040 2085 1173 2148 aliis
1214 2085 1558 2165 perspicere
1592 2085 1746 2160 licet,
1779 2094 1900 2147 tum
1934 2087 2115 2148 multo

461 2176 714 2238 maxime
743 2174 817 2236 de
846 2174 945 2249 iis,
1006 2194 1136 2255 quae
1195 2174 1536 2237 humaniter
1594 2193 1661 2236 ac
1701 2174 1959 2253 benigne
1989 2185 2114 2237 sta-

460 2264 705 2340 tuendo,
739 2282 874 2326 esse
929 2271 1277 2343 argumenta
1324 2264 1559 2341 pietatis
1616 2282 1754 2341 erga
1784 2264 2114 2343 benignum

462 2354 652 2417 Deum
706 2372 829 2415 suae
882 2352 1219 2422 voluerunt.
1278 2354 1425 2415 Nam
1487 2352 1580 2427 iis,
1645 2354 1859 2434 quibus
1922 2355 2116 2416 omnis

458 2442 738 2524 adempta
758 2443 892 2504 vitae
908 2447 1045 2523 spes
1067 2442 1263 2523 est,ob
1301 2442 1765 2522 magnitudinem.
1804 2453 2111 2524 perpetra-

459 2539 653 2593 torum
685 2531 757 2592 ab
815 2531 901 2593 eis
942 2532 1262 2607 scelerum,
1317 2539 1482 2611 septa
1529 2550 1713 2593 sacras
1772 2552 2115 2614 magnaeque

458 2620 747 2685 Ecclesiae
796 2620 1225 2701 patefecerunt,
1268 2620 1423 2681 intra
1453 2638 1582 2699 quae
1614 2620 1664 2683 si
1693 2621 1793 2701 qui
1824 2640 1887 2684 se
1936 2640 2109 2684 rece-

457 2709 823 2790 pissent,eos
845 2707 919 2769 ab
944 2708 1108 2768 omni
1130 2716 1294 2768 reatu
1312 2716 1369 2769 et
1391 2708 1701 2770 vexatione
1726 2719 2108 2773 exemerunt:

463 2796 620 2878 quod
657 2814 865 2858 eorum
883 2796 956 2857 ad
993 2796 1182 2857 aedem
1215 2814 1442 2858 sacram
1476 2797 1809 2877 perfugium
1836 2817 1954 2860 non
1985 2800 2117 2864 sine

456 2885 656 2949 divina
688 2885 1149 2967 providentia,et
1174 2903 1308 2946 cum
1340 2886 1601 2966 ipsorum
1630 2887 1818 2949 salute
1839 2888 2116 2952 accidere

456 2974 826 3036 statuissent.
860 2972 1068 3034 Itidem
1093 2973 1265 3052 siqui
1300 2976 1477 3035 etiam
1530 2977 1868 3037 sacerdotes
1889 2976 1960 3038 ad
1994 2977 2114 3057 pia-

461 3063 661 3125 culnm
692 3062 870 3124 caedis
890 3061 1320 3123 admittendum
1356 3063 1614 3143 prolapsi
1651 3063 1894 3139 fuerint,
1929 3085 2113 3147 quan-

461 3151 784 3233 doquidem
815 3150 1070 3233 quodam
1094 3150 1269 3212 modo
1292 3153 1401 3214 Dei
1424 3154 1709 3233 templum
1745 3155 2111 3230 sunt,eidem

459 3240 833 3303 consecrati:
869 3238 1188 3302 sacerdotii
1242 3240 1424 3319 gradu
1469 3241 1711 3321 dejecti,
1742 3243 2111 3306 laicorumiu

459 3328 1071 3411 turba,exploratione
1088 3329 2111 3413 interveniente,degent,quousque

458 3438 522 3482 se
582 3421 759 3502 hujus
806 3418 939 3481 vitae
982 3418 1235 3500 spatium
1294 3418 1582 3500 porrigit;
1635 3439 1748 3501 qua
1805 3421 2110 3501 dignitatis

456 3509 801 3584 amissione,
822 3509 963 3571 satis
987 3527 1222 3586 gravem
1253 3508 1432 3570 cazdis
1464 3508 1857 3589 expiationem
1890 3530 2109 3573 conse-

459 3608 743 3681 quuntur.
791 3598 1051 3661 Proinde
1100 3605 1158 3660 et
1199 3595 1594 3678 Sempronius
1648 3598 1765 3673 hic,
1802 3618 1871 3660 ex
1901 3600 2111 3662 ordine

455 3688 856 3765 sacerdotum,
891 3706 1026 3750 cum
1057 3686 1213 3748 intra
1243 3688 1414 3748 saera
1445 3686 1725 3749 Ecclesiae
1742 3697 1908 3769 septa
1936 3708 1999 3751 se
2018 3708 2105 3750 re-

457 3777 758 3857 cepisset;
787 3778 1093 3841 confessus
1155 3782 1245 3836 est
1299 3793 1364 3836 se
1414 3774 1538 3837 suis
1576 3784 1877 3838 auctorem
1928 3777 2110 3840 fuisse

455 3864 594 3928 filiis
617 3873 683 3927 ut
713 3884 847 3927 cum
877 3864 1003 3943 agri
1051 3863 1144 3925 sui
1195 3863 1427 3944 reliqua
1490 3864 1868 3928 multitudine
1900 3885 2109 3947 perge-

452 3962 869 4034 rent,eamque
889 3952 950 4014 in
964 3951 2109 4034 perpetrandaChalceopuliCatacalonis

456 4041 620 4104 crede
641 4043 939 4122 juvarent.
971 4040 1102 4113 Qua
1124 4040 1501 4103 confessione
1520 4041 1691 4116 facta,
1726 4044 1986 4121 catalogo
2012 4064 2109 4106 sa-

459 4130 923 4205 cro,secundum
948 4128 1181 4191 divinos
1203 4129 1567 4204 canones,ob
1587 4130 1908 4195 admissum
1929 4134 2109 4195 caedis

453 4218 1308 4300 piaculum,excidit.Utautem
1326 4217 1476 4281 liber
1488 4221 2099 4296 maneat,etintactus,

454 4316 513 4371 et
545 4307 864 4371 vexationis
894 4325 1130 4388 expers,
1159 4315 1509 4389 praesentem
1534 4308 1686 4370 hanc
1716 4309 2103 4390 depositionis

2203 824 2484 893 κανονικὴν
2526 824 2846 905 ἀχθήσεται.
2915 827 3052 905 Πρὸς
3105 826 3414 905 ἀποτροπὴν
3470 827 3558 885 οὗν
3606 833 3715 883 “co-3'
3740 847 3852 881 πο-

2202 934 2259 968 τε
2290 910 2663 994 δεσπόσαντος,
2693 913 2791 982 τῆς
2842 936 2899 971 τε
2938 915 3158 990 νομικῆς
3219 915 3303 973 ἐπὶ
3360 917 3537 981 τούοτς
3593 915 3853 977 τοιούτοις

2203 1005 2291 1059 καὶ
2357 1002 2554 1070 δικαίας
2632 1004 2979 1081 ἀποτολμίας,
3056 1015 3149 1065 τοῦ
3221 1005 3482 1084 μηδαμῶς
3554 1007 3850 1064 εὗθύνεσθαι

2206 1104 2496 1172 σωματικῷ
2522 1098 2751 1174 θανάτῷ,
2788 1100 2924 1174 μήτε
2984 1100 3094 1175 μὴν
3137 1099 3533 1180 ἐπηρεάζεσθαι,
3597 1099 3632 1167 ἢ
3674 1120 3843 1174 τιμωο

2207 1189 2407 1264 ρεϊσθαι
2453 1185 2576 1267 παρ’
2629 1187 2805 1267 ἑτέρου
2847 1189 3133 1269 προσώπου
3187 1191 3278 1246 τὸν
3336 1187 3667 1263 ἐκδεδομένον
3726 1198 3846 1255 Δη-

2208 1276 2452 1355 μήτριον,
2498 1275 2700 1357 ἐγράφη
2742 1278 2808 1334 τὰ
2850 1276 3165 1358 διωρισμένα
3232 1277 3656 1352 ἐκκλησιαστικῷ
3713 1276 3841 1351 ἔθει,

2204 1364 2289 1419 καὶ
2346 1365 2718 1444 σγραγισθέντα
2801 1373 2877 1441 τῷ
2955 1364 3039 1423 διὰ
3120 1364 3367 1443 μολίϐδου
3449 1364 3841 1445 βωλλωτηρίῳ,

2203 1450 2424 1548 ἐτξδόθη
2496 1455 2622 1530 μηνὶ
2697 1453 3017 1534 Δεκεμϐρίῳ,
3108 1444 3474 1537 ἐπινεμήσεως
3542 1444 3616 1532 ιβ’
3697 1444 3845 1520 ἔτους

2207 1827 2231 1859 ιι
2297 1796 2377 1865 Β’.
2444 1809 2563 1887 Περὶ
2616 1818 2707 1868 τοῦ
2776 1811 3117 1888 φονεύσαντος
3171 1810 3373 1891 ἱερέως,
3441 1810 3529 1865 καὶ
3591 1811 3842 1888 καθαιρε-

2883 1891 3083 1955 θέντος.
3123 1914 3147 1949 ι

2280 1987 2387 2053 Τὴν
2431 1983 2627 2043 ἄνωθεν
2681 1993 2786 2044 τῶν
2845 1994 3141 2065 νομοθετῶν
3196 1991 3313 2069 περὶ
3367 1988 3434 2045 τὰ
3501 1988 3695 2064 τεμένη
3755 1990 3843 2045 εὖ·

2197 2072 2434 2150 λάϐειαν,
2499 2076 2663 2142 ἔξεστι
2716 2078 2810 2152 μὲν
2868 2082 2954 2135 καὶ
3004 2078 3085 2136 διὰ
3140 2079 3349 2137 πολλῶν
3404 2076 3596 2157 ἑτέρων
3664 2099 3839 2134 κατα-

2200 2168 2410 2240 μαθεῖν,
2472 2164 2656 2240 πολλῷ
2697 2163 2753 2221 δὲ
2792 2166 3018 2244 μᾶλλον,
3067 2172 3153 2233 οἷς
3209 2176 3285 2244 τῷ
3325 2166 3683 2247 φιλανθρώπῳ
3736 2169 3841 2235 τὴν

2197 2255 2326 2332 πρὸς
2389 2256 2479 2310 τὸν
2528 2254 2890 2335 φιλάνθρωπον
2934 2256 3198 2314 εὐσέϐειαν
3256 2254 3646 2317 ἐπιδείκνυνται.
3706 2265 3838 2321 Τοῖς

2196 2344 2295 2420 γὰρ
2352 2343 2715 2424 ἀφῃρημένοις
2775 2352 2949 2403 πᾶσαν
3013 2344 3194 2403 ἐλπίδα
3256 2350 3394 2418 ζωῆς
3436 2345 3660 2425 *μεγέθει
3727 2351 3839 2401 τῶν

2195 2430 2684 2507 πλημμεληθέντων
2740 2438 2946 2515 αὐτοῖς,
3016 2436 3139 2499 τοὺς
3195 2435 3292 2503 τῆς
3338 2435 3477 2497 θείας
3519 2436 3605 2490 καὶ
3661 2433 3836 2511 μεγά-

2196 2518 2297 2587 λης
2348 2518 2663 2589 Ἐκκλησίας
2707 2521 2917 2589 ἤνοιξαν
2972 2521 3275 2603 περιϐόλους
3308 2541 3323 2557 ⁸
3382 2525 3455 2578 ὧν
3497 2524 3541 2578 εἷ
3584 2522 3836 2603 φθάσαιεν

2194 2611 2339 2674 ἐντὸς
2367 2609 2601 2687 γενέσθαι
2630 2610 2790 2687 τινὲς,
2824 2612 2999 2679 πάσης
3030 2612 3242 2693 ἀφιᾶσιν
3271 2614 3449 2678 αὐτοὺς
3494 2611 3692 2691 ὶνοχῆς
3735 2609 3838 2667 καὶ

2192 2698 2502 2772 κακώσεως,
2533 2699 2633 2766 τὴν
2685 2701 2759 2763 εἷς
2806 2702 2867 2757 τὸ
2915 2702 3053 2780 ἱερὸν
3109 2703 3280 2758 αὐτῶν
3339 2700 3511 2782 ἄφιξιν
3565 2702 3661 2758 οὒκ
3714 2697 3839 2755 ἄνευ

2198 2787 2336 2849 θείας
2407 2788 2649 2866 προνοίας
2730 2790 2819 2845 καὶ
2909 2790 3172 2870 σωτηρίας
3244 2791 3509 2869 κρίναντες
3577 2789 3834 2867 γίνεσθαι.

2199 2875 2347 2933 Οὕτω
2372 2874 2436 2945 δὴ
2478 2875 2590 2948 οὖν,
2634 2879 2722 2935 καὶ
2763 2876 2818 2934 εἴ
2844 2900 2982 2943 τινες
3009 2886 3114 2937 τῶν
3160 2880 3452 2958 ἱερωμένων
3504 2880 3577 2942 εἷς
3619 2879 3679 2935 τὸ
3731 2878 3837 2943 τῆς

2198 2962 2531 3045 ἀνδροφονίας
2574 2966 2927 3025 ἐκκυλισθεῐεν
2976 2975 3162 3049 μῦσος,
3205 2969 3315 3025 ἐπεὶ
3370 2969 3491 3033 ναὸς
3552 2970 3681 3024 Θεοῦ
3733 2969 3837 3024 εἰσι

2195 3055 2386 3132 τρόπον
2416 3056 2555 3136 τινὰ,
2600 3056 2998 3136 καθιερωθέντες
3069 3058 3210 3134 αὒτῷ
3239 3073 3253 3086 ·
3308 3060 3398 3114 τοί
3453 3061 3551 3124 τῆς
3607 3057 3835 3129 ἱερωσύ-

2194 3165 2290 3209 νης
2347 3144 2549 3220 βαθμοῦ
2592 3146 2989 3224 ’καταγόμενοι,
3058 3143 3379 3204 διατελοῦσιν
3452 3148 3527 3210 εἰς
3591 3148 3652 3203 τὸ
3723 3146 3834 3202 τῶν

2193 3229 2399 3289 λαϊκῶν
2456 3230 2814 3309 ἐξεταζόμενοι
2858 3233 3081 3315 πλῆθος,
3142 3236 3332 3317 μέχρις
3377 3234 3439 3293 ἂν
3489 3237 3523 3305 ἡ
3593 3242 3836 3315 παροῦσα

2191 3321 2395 3386 τούτοις
2477 3322 2822 3403 ἐπιμετρῆται
2903 3325 3038 3398 ζωὴ,
3124 3325 3311 3405 ἀρκοῦν
3404 3323 3657 3400 ἐξίλασμα
3738 3333 3838 3383 τοῦ

2192 3415 2350 3494 φόνου
2429 3415 2529 3482 τὴν
2611 3417 2856 3483 τοιαύτην
2938 3416 3199 3474 ἔκπτωσιν
3256 3418 3493 3499 ἔχοντες.
3562 3417 3835 3475 Ἐντεῦθεν

2190 3505 2279 3560 καὶ
2308 3506 2336 3560 ὃ
2366 3502 2513 3560 δεῖνα
2561 3506 2746 3584 ἱερεὺς,
2807 3511 2914 3561 τῶν
2956 3508 3108 3585 ἱερῶν
3162 3512 3260 3574 τῆς
3317 3504 3632 3573 Ἐκκλησίας
3674 3527 3835 3586 περι-

2191 3590 2364 3649 ϐόλων
2433 3592 2576 3651 ἔνδον
2642 3595 2945 3673 γενόμενος,
3030 3595 3354 3677 ἐξηγόρευσε,
3434 3598 3554 3660 τοὺς
3610 3598 3833 3659 οἰκείους

2191 3685 2329 3746 υἱοὺς
2359 3683 2749 3762 προτρέψασθαι
2808 3684 3149 3743 συπανελθετν
3193 3693 3270 3761 τῷ
3307 3684 3479 3761 λοιπῷ
3514 3684 3683 3762 ὁμίλῳ
3736 3692 3834 3742 τοῦ

2192 3772 2390 3851 χωρίου
2420 3774 2612 3847 αὐτῶν,
2670 3774 2756 3829 καὶ
2803 3780 3122 3853 συνεργῆσαι
3168 3777 3242 3838 εἰς
3291 3776 3379 3830 τὸν
3434 3781 3525 3832 τοῦ
3579 3772 3830 3831 Χαλκεωο

2192 3860 2387 3917 πούλου
2446 3860 2766 3918 Κατακαλὼν
2824 3862 3002 3942 φόνον.
3061 3870 3235 3922 Ταῦτα
3302 3861 3661 3943 ἐξαγορεύσας,
3733 3869 3830 3919 τοῦ

2190 3953 2328 4028 ἱεροῦ
2376 3949 2693 4029 καταλόγου,
2754 3952 2889 4007 κατὰ
2944 3953 3064 4017 τοὺς
3118 3953 3282 4016 θείους
3336 3954 3581 4024 κανόνας,
3639 3949 3741 4006 δια.
3767 3953 3830 4007 τὸ

2190 4040 2406 4117 γεγονὸς
2442 4049 2536 4097 τοῦ
2589 4040 2747 4120 φόνου
2795 4041 2979 4116 μύσος,
3039 4040 3277 4106 ἐξέπεσεν
3309 4057 3323 4071 °
3370 4041 3506 4098 ὥστε
3547 4038 3601 4096 δὲ
3642 4038 3827 4097 ἄνετον

2190 4125 2365 4187 μένειν
2442 4126 2620 4201 αὐτὸν,
2684 4126 2949 4208 ἀνέπαφόν
3005 4150 3084 4201 τε,
3143 4133 3231 4187 καὶ
3295 4128 3701 4204 ἀνεπηρέαστον,
3764 4130 3828 4185 τὸ

2189 4216 2355 4293 παρὸν
2436 4218 2793 4294 καθαιρετικὸν
2875 4216 3089 4297 γρέμμα
3170 4224 3426 4299 γραφῆναι
3519 4219 3607 4273 καὶ
3685 4218 3826 4273 ὓπο-

2186 4308 2447 4385 γραφῆναι
2531 4303 2952 4385 προετρέψαμεν.
3042 4309 3179 4375 Μηνῖ
3261 4305 3481 4383 Ἰουλίῳ,
3572 4306 3828 4381 ἐπινεμή-

453 4398 807 4480 scripturam
868 4383 1087 4460 litteris
1134 4383 1428 4475 mandari,
1462 4405 1519 4459 et
1547 4383 1842 4461 subscribi
1868 4401 2100 4463 curavi-
2121 4413 2318 4486 Daewc
2350 4383 2444 4469 ιβ’.

452 4505 609 4551 mus.
641 4486 774 4551 Dat.
811 4488 887 4554 Μ.
917 4486 1097 4563 Julio,
1131 4486 1341 4550 indict.
1373 4504 1481 4549 χιι.

908 4589 1220 4656 JOANNIS
1260 4590 1589 4657 XIPHILIN
1595 4591 1641 4655 Ι.

450 4700 815 4781 Exemplum
871 4700 1094 4781 decreti
1175 4702 1547 4763 sanctissimi
1602 4710 1656 4762 et
1736 4703 2105 4766 universalis

527 4780 921 4862 patriarchae,
1004 4780 1243 4862 domini
1304 4782 1566 4843 Joannis
1624 4781 1719 4862 ad
1776 4784 2105 4862 quemdam

528 4860 1089 4941 metropolitanum,
1167 4861 1243 4922 de
1311 4863 1540 4941 nuptiis
1583 4860 1929 4939 prohibitis,
1994 4865 2101 4925 lit-

530 4942 673 5084 :eris
728 4940 1035 5003 mandatis
1077 4960 1116 5000 a
1160 4943 1372 5003 Nz'ccta
1398 4940 1684 5003 diacono
1730 4949 1788 5002 et
1847 4942 2098 5006 chartu-

554 5038 714 5084 ario.

554 5038 690 5084 ario
700 5071 714 5085 .

530 5122 699 5197 Quod
728 5120 963 5205 illicitas
982 5121 1072 5183 vel
1098 5120 1424 5201 prohibitas
1448 5122 1687 5199 nuptias
1709 5121 1940 5198 attinet,
1968 5143 2100 5187 esse

2558 4596 2853 4646 ΙΩΑΝΝΟΥ
2899 4597 3027 4647 ΤΟΥ
3071 4594 3441 4650 ΞΙΦΙΛῙΝΟΥ.

2193 4710 2218 4746 ε
2267 4691 2618 4769 Ψηφίσματος
2681 4687 2801 4746 ἴσον
2873 4697 2965 4748 τοῦ
3031 4692 3325 4769 ἁγιωτάτου
3378 4693 3466 4748 καὶ
3521 4692 3824 4766 οἷκουμενι-

2265 4777 2360 4826 κοῦ
2453 4770 2805 4849 πατριάρχου,
2888 4773 3063 4849 κυρίου
3147 4771 3411 4843 Ἰωάννου,
3495 4772 3623 4849 πρός
3704 4793 3826 4828 τινα

2267 4849 2685 4929 μητροπολίτην,
2747 4851 2863 4930 περὶ
2937 4851 3316 4928 κεκωλυμένων
3385 4852 3591 4930 γάμων,
3665 4852 3823 4910 ἐκτε-

2260 4930 2435 5014 θέντος
2519 4931 2661 5010 παρὰ
2744 4932 2948 5001 Νικήτα
3047 4930 3287 4990 διακόνου
3391 4933 3478 4988 καὶ
3558 4932 3827 5014 χαρτοφύ-

2261 5009 2448 5073 λακος.
2496 5033 2525 5065 ι

2268 5119 2397 5186 ιὈ¹¹τι
2440 5129 2536 5205 μὲν
2587 5126 2671 5185 ἐπὶ
2726 5132 2828 5185 τῶν
2874 5128 3132 5204 ἀθεμίτων
3187 5129 3223 5197 ἢ
3280 5127 3661 5205 κεκωλυμένων
3712 5129 3823 5206 γά·-

447 5229 734 5295 personas
767 5211 1051 5292 quasdam
1075 5208 1298 5272 diserte
1319 5209 1431 5291 piis
1454 5218 1511 5271 et
1540 5210 1941 5290 imperatoriis
1960 5212 2102 5290 legi-

2196 5239 2318 5292 ιων,
2389 5217 2503 5271 τινα
2570 5217 2829 5295 πρόσωπα
2909 5231 3024 5283 τοῖς
3101 5218 3331 5275 εὗσεόέσι
3396 5221 3474 5276 ιιαὶ
3524 5216 3825 5296 βασιλικοῖς

447 5301 561 5364 bus
594 5318 1066 5383 expressas,quaa
1082 5299 1144 5360 in
1167 5297 1586 5361 contrahendis
1610 5300 2003 5363 matrimoniis
2022 5302 2094 5363 ad

2196 5307 2361 5381 νόμοις
2402 5305 2617 5384 ὥρισται
2673 5306 2847 5384 ῥητῶς
2901 5309 2988 5363 ἐπὶ
3040 5306 3463 5387 συναλλάγμασιν
3516 5307 3645 5364 ἰέναι
3701 5329 3823 5362 κω-

447 5392 786 5471 nuptiarum
818 5390 1140 5452 coitionem
1173 5389 1419 5450 tendere
1450 5388 1879 5469 prohibeantur
1907 5408 2091 5471 prop-

2196 5395 2404 5470 ι’)όμενα
2456 5396 2587 5473 πρὸς
2643 5395 2813 5473 γάμον
2882 5395 3020 5461 ὅλως
3076 5398 3444 5471 συνάπτεσθαι,
3500 5394 3585 5455 διὰ
3625 5397 3685 5452 τὸ
3727 5407 3826 5457 τοῦ

445 5487 633 5555 terea,
661 5479 822 5560 quod
875 5479 1044 5542 nefas
1091 5476 1400 5539 admittant
1434 5495 1448 5539 :
1481 5477 1740 5559 itemque
1775 5479 2090 5541 nonnullas

2196 5484 2485 5562 πράγματος
2536 5481 2779 5558 ἀθέμιτον
2819 5504 2833 5518 '
2881 5486 2977 5542 εἶσὶ
3033 5484 3088 5542 δέ
3128 5508 3244 5542 τινα
3302 5483 3535 5561 μηδεμιᾷ
3593 5483 3820 5542 κωλύσει

441 5585 596 5645 esse,
630 5586 762 5650 quae
790 5568 955 5632 nulla
985 5566 1389 5653 prohibitione
1436 5574 1849 5642 coerceantur,
1881 5567 1985 5629 sed
2016 5568 2080 5630 in

2196 5572 2508 5651 ιποκείμενα,
2550 5570 2668 5627 ἀλλ’
2725 5571 2906 5630 ἄνετον
2947 5572 3144 5653 ἔχοντα
3185 5575 3247 5631 τὸ
3303 5573 3510 5651 θέλημα
3560 5574 3644 5631 ἐπὶ
3688 5596 3820 5631 συν-

440 5655 865 5722 contrahendis
921 5655 1140 5738 nuptiis
1170 5652 1425 5719 liberum
1456 5654 1716 5718 habeant
1740 5654 2074 5734 arbitrium,

2198 5660 2459 5739 λλάγματι
2513 5668 2747 5742 γαμικῷ,
2798 5660 2881 5719 διὰ
2918 5666 2978 5721 τὸ
3008 5652 3304 5723 ἀκώλυτον
3365 5666 3465 5733 τῆς
3522 5663 3759 5747 πράξεως
3797 5674 3814 5691 '
