4192 6220
383 346 501 412 857

1724 343 2180 414 GR/ECO-ROM
2186 348 2288 411 AN
2298 351 2342 410 U
2352 352 2428 412 M.

3649 339 3770 408 858

383 487 477 542 οὐκ
507 486 669 560 οἶμαί
696 507 752 542 σε
787 485 1023 564 ἀγνοεῖν,
1077 486 1466 566 θεοφιλέστατε.
1530 476 1698 544 ΗΕνθα
1752 485 1805 541 δὲ
1866 486 2019 562 ῥητῶι

2125 479 2280 555 quod
2304 498 2399 542 res
2431 481 2678 544 minime
2693 483 2868 544 vetita
2888 482 2966 545 sit
2992 499 3005 544 :
3033 480 3308 562 equidem
3334 477 3513 544 te,vir
3537 474 3771 554 religio-

383 597 433 630 τι
467 575 545 650 μὴ
578 573 912 652 διηγόρευται
943 589 1061 639 τοῖς
1106 577 1289 651 νόμοις
1313 578 1402 632 καὶ
1457 589 1576 639 τοῖς
1629 576 1784 638 θείοις
1827 573 2034 652 κανόσι,

388 661 634 731 συνοδικὴ
666 662 755 720 διὰ
797 665 890 729 τὰς
950 677 1202 744 συνεχεῖς
1259 665 1542 742 ἐρωτήσεις
1612 665 1883 738 οἰκονομία
1952 661 2036 718 ἐπὶ

386 761 479 811 τοῦ
529 759 820 832 μακαρίτου
878 753 1236 834 πατριάρχου.
1302 754 1480 829 κυρίου
1546 752 1797 827 Ἀλεξίου,
1845 751 2036 830 γέγρα-

386 864 511 898 πται
559 855 575 872 ⁹
620 842 854 898 τυποῦσα
885 843 945 898 τὸ
989 841 1206 923 ὀφεῖλον
1236 841 1288 898 ἐν
1344 855 1464 905 τοῖς
1501 842 1756 904 τοιούτοις
1807 837 2032 920 προϐαι-

384 952 512 1010 νειν,
572 929 733 1008 ἤγουν
793 930 1012 1009 ἔνθαπερ
1083 929 1303 1007 ἕϐδομος
1390 931 1487 999 τῆς
1558 931 1856 1008 συγγενείας
1928 928 2036 985 ἐστὶ

381 1019 579 1096 βαθμύς
616 1038 631 1053 '
666 1022 755 1076 καὶ
787 1017 1046 1093 δηλοῦσα,
1092 1023 1164 1084 ὡς
1197 1023 1240 1076 εἰ
1273 1020 1370 1096 μὲν
1427 1019 1667 1100 ἐρωτηθῇ
1720 1021 1782 1076 τὸ
1850 1027 2031 1077 τοιοῦ-

376 1131 465 1165 τον
493 1111 595 1188 πρὸ
646 1115 746 1176 τῆς
806 1107 1113 1172 αὖτοθελοῦς
1183 1109 1420 1189 πράξεως
1504 1111 1723 1166 καὶτοῦ
1783 1105 2036 1165 ἀποτελέ-

376 1220 600 1273 σματος,
637 1197 926 1255 κωλύεσθαι
961 1214 976 1228 ‘
1025 1199 1067 1254 εἰ
1097 1197 1150 1255 δὲ
1180 1198 1326 1257 λάθοι
1387 1201 1460 1264 ὡς
1505 1199 1874 1277 ἀγνοούμενον,
1945 1196 2030 1251 καὶ

377 1285 778 1366 ἀποτελεσθείη,
825 1287 999 1362 μένειν
1045 1287 1140 1362 μὲν
1203 1285 1489 1366 ἀδιαίρετον
1537 1304 1551 1318 ⁸
1610 1288 1918 1342 ὑποκεῖσθαι
1974 1281 2028 1339 δὲ

379 1375 501 1439 τοὺς
558 1375 909 1455 συναφθέντας
967 1375 1274 1451 ἐπιτιμίοις,
1307 1377 1479 1440 καθὼς
1538 1373 1597 1431 ἂν
1643 1377 1670 1430 6
1732 1381 1823 1430 τοῦ
1865 1372 2028 1429 τόπου

384 1462 562 1541 συνίδῃ
594 1463 904 1527 ἐπίσκοπος.

461 1729 608 1788 Ἐπεὶ
635 1729 836 1788 οὖνκαὶ
889 1732 1050 1804 ἡμεῖς
1097 1731 1449 1809 ἡρωτήθημεν
1506 1730 1646 1808 παρά
1718 1749 1855 1794 τινος
1924 1731 2029 1782 τῶν

2120 566 2377 651 sissime,
2426 590 2542 633 non
2586 573 2864 651 ignorare
2913 571 3190 633 arbitror.
3229 568 3293 630 In
3325 566 3539 648 quibus
3568 573 3764 627 autem

2119 657 2356 721 casibus
2387 659 2531 722 nihil
2567 661 2788 724 diserte
2817 659 3048 741 legibus
3097 667 3154 721 et
3203 656 3528 720 canonibus
3581 652 3766 716 sacris

2119 764 2462 826 expressum
2496 759 2604 823 est,
2638 750 2713 812 de
2742 750 2815 812 iis
2846 749 3171 812 consilium
3206 745 3552 827 syrodicum
3583 743 3657 804 ob
3679 743 3767 804 in-

2119 838 2555 916 terrogationes
2578 841 2889 903 continuas
2914 847 3178 920 tempore
3192 836 3380 900 felicis
3397 832 3763 895 recordatio-

2119 924 2211 986 nis
2243 926 2610 1004 patriarchaa,
2665 929 2887 989 domini
2937 927 3146 995 Alexii,
3199 924 3588 1006 perscriptum
3621 929 3761 997 est;

2119 1013 2272 1094 quod
2305 1016 2514 1089 sancit,
2550 1017 2688 1098 quid
2721 1018 2780 1078 in
2813 1016 3026 1078 talibus
3056 1017 3250 1078 locum
3278 1013 3500 1076 habere
3525 1009 3760 1074 debeat.

2115 1101 2388 1165 videlicet
2422 1104 2521 1165 ubi
2556 1105 2846 1185 septimus
2878 1105 3244 1184 cognationis
3273 1102 3488 1182 gradus
3536 1107 3625 1161 est
3659 1116 3672 1160 :
3708 1109 3766 1160 et

2113 1188 2426 1272 significat,
2464 1193 2512 1253 si
2542 1193 2616 1254 de
2663 1193 2761 1254 tali
2815 1194 3190 1255 matrimonio
3229 1191 3572 1254 consulatur
3625 1195 3762 1248 ante

2109 1295 2237 1338 rem
2270 1289 2479 1360 sponte
2514 1290 2804 1363 peractam
2840 1290 2898 1343 et
2931 1282 3256 1362 impletam,
3294 1278 3598 1362 prohiberi
3623 1295 3635 1340 :
3665 1277 3757 1338 sin

2111 1368 2286 1430 tacite
2334 1371 2499 1450 quasi
2554 1389 2658 1450 per
2699 1370 3128 1447 ignorationem
3191 1369 3522 1431 absolutum
3553 1365 3754 1446 fuerit,

2110 1455 2473 1538 indireptum
2507 1459 2747 1540 quidem
2774 1478 3052 1522 manere:
3089 1458 3192 1521 sed
3225 1457 3529 1538 copulatas
3561 1474 3761 1536 perso-

2111 1563 2216 1606 nas
2245 1548 2433 1626 poenis
2464 1548 2749 1613 obnoxias
2795 1567 2954 1622 esse,
3007 1556 3178 1630 prout
3225 1546 3502 1628 episc0po
3534 1544 3648 1606 loci
3669 1543 3757 1604 vi-

2111 1651 2242 1695 sum
2275 1636 2474 1702 fuerit.

2194 1723 2480 1797 Quoniam
2516 1748 2655 1808 ergo
2686 1748 2793 1790 nos
2826 1729 2999 1790 etiam
3034 1726 3284 1789 consulti
3316 1742 3573 1788 sumusa
3604 1742 3756 1804 quo-

381 1824 436 1878 ἓν
477 1827 546 1898 τῇ
573 1821 674 1876 ὑπὸ
717 1820 776 1875 σὲ
847 1820 1019 1898 ὶνορίᾳ
1063 1821 1137 1882 ὣς
1194 1822 1222 1875 ὁ
1281 1820 1540 1898 Γεώργιος
1610 1820 1697 1875 καὶ
1737 1819 1772 1885 ἡ
1833 1817 2019 1895 Μαρία,

2112 1812 2246 1874 dam
2270 1817 2352 1876 tui
2384 1818 2688 1892 territorii,
2721 1826 3020 1889 narrante,
3054 1816 3375 1894 Georgium
3399 1823 3455 1876 et
3485 1813 3750 1886 Mariam,

381 1909 593 1990 ἀοελφοὶ
635 1908 806 1983 ὅντες,
839 1908 1018 1964 ἔτεκον
1053 1929 1066 1944 ο
1101 1912 1128 1965 ὁ
1187 1908 1306 1983 μὲν,
1365 1909 1460 1975 τὴν
1523 1909 1746 1986 Εἰρήνην
1781 1925 1796 1942 ο
1869 1907 1902 1972 ἡ
1947 1903 2023 1983 δὲ,

381 2001 471 2056 τὸν
501 1996 770 2055 Βασίλειον
817 2014 832 2026 '
868 2000 895 2054 6
926 1995 980 2052 δὲ
1013 1995 1284 2061 Βασίλειος
1329 1996 1576 2076 ἐγέννησε
1631 1997 1728 2062 τὴν
1776 2001 1974 2074 Μαρίαν
2008 2009 2022 2022 ⁹

383 2092 481 2154 τῆς
525 2084 576 2142 δὲ
650 2087 878 2165 Εἰρήνης
947 2091 1024 2158 τῷ
1065 2084 1359 2165 Ἐπιφανίῳ
1427 2085 1792 2165 συναφθείσης,
1837 2081 2026 2159 βούλε-

382 2198 466 2233 ται
498 2179 525 2232 6
571 2181 663 2232 τοῦ
734 2173 1044 2254 Ἐπιφανίου
1101 2172 1416 2253 αὐτάδελφος
1470 2173 1569 2240 τὴν
1616 2175 1816 2249 Μάριαν
1885 2171 2025 2249 ἀγα-

382 2266 557 2344 γέσθαι
589 2283 604 2298 ⁸
653 2264 1034 2344 ἀπεφηνάμεθα
1103 2261 1187 2318 διὰ
1243 2268 1476 2343 γραφῆς,
1549 2265 1621 2326 ὡς
1681 2263 1770 2320 οὒκ
1829 2261 2024 2327 ἔξεστιν

381 2355 522 2429 αὐτῷ
549 2353 802 2422 ἐνωθῆναι
860 2357 993 2429 αὐτῇ
1051 2351 1134 2409 διὰ
1217 2355 1306 2409 τὸν
1376 2359 1468 2408 τοῦ
1525 2350 1858 2432 Ἐπιφανίου]
1889 2353 2023 2427 μετᾶ

378 2448 474 2513 τῆς
518 2445 730 2523 εἰρήνης
759 2448 858 2510 τῆς
905 2442 1045 2505 θείας
1117 2446 1279 2508 αὒτῆς
1337 2439 1442 2508 ἤδη
1514 2440 1872 2520 γεγενημένον
1913 2442 2018 2519 γά-

376 2557 498 2610 μον,
531 2534 630 2591 Καὶ
658 2531 796 2590 ούτω
850 2531 946 2607 μὲν
988 2531 1361 2611 ἀνεχαιτίσθηῖ
1389 2537 1679 2597 τηνικαῦτα
1721 2532 1756 2600 ἡ
1806 2531 2023 2598 τοιαύτη

377 2629 484 2680 τῶυ
539 2621 830 2702 εἰρημένων
887 2621 1183 2700 προσώπων
1267 2617 1478 2683 ἓνωσις.
1539 2620 1765 2697 Θάτερόν
1823 2642 1882 2698 γε
1915 2620 2023 2694 μὴν

378 2716 483 2767 τῶν
566 2717 762 2789 μερῶν.
822 2708 1042 2766 σπεῦδον
1109 2708 1195 2765 ἐπὶ
1252 2709 1348 2776 τὴν
1431 2708 1525 2764 τοῦ
1582 2708 2022 2787 συναλλάγματος

379 2800 664 2879 ἐνέργειαν,
698 2806 791 2855 τοῦ
871 2805 1120 2878 κραταιοῦ
1170 2799 1256 2854 καὶ
1338 2799 1486 2876 ἁγίο)
1555 2799 1708 2872 ἡμῶν
1765 2795 2022 2874 βασιλέως

379 2887 590 2964 ἐδεήθη,
636 2891 709 2952 ὡς
761 2889 822 2945 ἃν
885 2891 913 2944 6
956 2887 1280 2967 λογιώτατος
1325 2885 1618 2968 νομοφύλαξ
1673 2888 1825 2966 κρίνῃ
1907 2887 2025 2960 περὶ

378 2978 562 3036 τούτου
592 2980 680 3035 καὶ
710 2979 1033 3057 ψηφίσηται.
1085 2974 1233 3033 Ἀλλ’
1285 2979 1426 3042 αὖθις
1473 2979 1500 3032 6
1557 2974 1830 3032 ἀντιδικῶν
1884 2978 2024 3051 αὖτῷ

2110 1902 2212 1983 qui
2243 1903 2454 1968 fratres
2483 1907 2878 1982 essent,illum
2913 1905 3149 1988 quidem
3169 1905 3587 1978 Irenam,hanc
3611 1918 3749 1962 vero

2110 1993 2388 2054 Basilium
2425 2015 2791 2075 procreasse,
2827 2015 2896 2058 ex
2929 2014 3044 2075 quo
3077 1993 3256 2056 Maria
3313 2001 3447 2054 nata
3478 1992 3576 2066 sit,
3611 1989 3752 2051 hinc

2110 2079 2281 2143 Irena
2306 2082 2633 2164 Epiphanio
2659 2084 3046 2165 juncta,velle
3067 2101 3416 2163 germanum
3439 2077 3748 2160 Epiphanii

2110 2170 2376 2252 fratrem,
2415 2174 2649 2234 Mariam
2680 2192 2922 2236 uxorem
2967 2173 3225 2234 ducere:
3260 2190 3366 2252 per
3395 2169 3748 2250 scripturam

2107 2261 2638 2338 pronuntiavimus,
2675 2282 2791 2324 non
2820 2263 2873 2322 ei
2904 2262 2990 2323 fas
3029 2281 3161 2324 esse
3211 2260 3476 2342 copulari
3525 2257 3746 2330 Mariae,

2108 2359 2354 2427 propter
2372 2351 2494 2431 jam
2529 2360 2858 2413 contractas
2889 2351 3202 2432 Epiphanii
3227 2368 3361 2412 cum
3393 2349 3586 2420 Irena,
3623 2347 3754 2426 ejus

2103 2438 2301 2513 amita,
2337 2440 2591 2522 nuptias.
2626 2443 2820 2522 Atque
2850 2442 2928 2502 ita
2958 2451 3100 2502 tunc
3143 2439 3425 2520 impedita
3473 2437 3584 2498 fuit
3627 2437 3754 2516 ejus

2109 2527 2272 2588 modi
2322 2528 2610 2591 dictarum
2663 2549 3046 2608 personarum
3109 2529 3470 2608 conjunctio.
3529 2523 3750 2587 Verum

2106 2624 2358 2697 utraque
2391 2637 2524 2698 pars
2553 2637 2795 2699 operam
2844 2619 2993 2680 dans
3038 2625 3098 2679 ut
3154 2623 3492 2679 contractus
3549 2613 3748 2694 reipsa

2106 2707 2475 2781 succederet,
2489 2708 2833 2789 praepotenti
2854 2727 2919 2769 ac
2944 2716 3146 2769 sancto
3169 2703 3511 2786 imperatori
3545 2711 3744 2764 nostro

2107 2795 2577 2878 preceszobtulit,
2610 2796 2824 2879 quibus
2857 2796 3110 2878 petebat,
3139 2805 3200 2856 ut
3221 2793 3600 2856 doctissimus
3631 2811 3742 2854 no-

2105 2884 2413 2965 m0pbylax
2444 2885 2519 2947 de
2549 2905 2614 2948 re
2643 2895 3050 2966 cognosceret.
3095 2892 3273 2964 atque
3308 2885 3743 2964 pronuntiaret.

2105 2970 2216 3034 Sed
2235 2973 2604 3034 adversarius
2617 2975 2668 3053 ej
2679 2995 2745 3036 us
2766 2975 3025 3036 vicissim
3045 2971 3459 3036 sacratissima:
3480 2971 3592 3051 maj
3602 2977 3751 3033 esta-

377 3066 555 3134 δέησιν
635 3075 712 3141 τῷ
765 3067 1017 3140 θειοτάτῳ
1072 3067 1249 3146 κράτει
1329 3067 1826 3142 ἒπανατεινάμενος,
1881 3067 2018 3128 θείας

2105 3061 2144 3121 ti
2177 3062 2464 3142 porrectis
2498 3064 2792 3142 precibus,
2826 3063 3178 3143 rescriptum
3209 3080 3442 3124 sacrum
3463 3060 3746 3141 impetra-

375 3157 686 3236 εὐμοίρησεν
744 3157 1098 3236 ἀντιγραφῆς,
1143 3154 1308 3218 οὕτως
1380 3153 1613 3235 ἐχούσης
1650 3173 1665 3191 ·
1709 3157 1780 3213 Τὸ
1849 3155 2019 3233 κριθὲν

2104 3150 2203 3231 vit,
2226 3151 2286 3211 in
2320 3157 2669 3213 sententiam
2699 3173 2712 3214 :
2738 3155 2906 3224 Quod
2933 3151 3264 3232 judicatum
3311 3159 3398 3212 est
3427 3169 3461 3212 a
3490 3151 3746 3212 maxime

372 3247 514 3325 παρὰ
554 3245 646 3302 τοῦ
687 3246 1006 3321 τιμιωτάτω
1079 3243 1506 3324 χαρτοφύλακος,
1561 3245 1649 3300 καὶ
1705 3243 1906 3318 μᾶλλον
1936 3242 2020 3299 ἐπὶ

373 3334 654 3398 κωλύσεως
710 3335 905 3412 γάμου,
965 3332 1102 3389 οὕτω
1153 3345 1324 3407 μενεῖ,
1413 3333 1589 3411 ὥσπερ
1648 3333 1844 3412 ἐκρίθη,
1911 3333 2019 3399 Τὴν

372 3426 616 3491 τοιαύτην
673 3425 761 3480 οἷν
821 3421 1075 3488 δεξάνενοι
1134 3423 1480 3503 ἂντιγραφὴν,
1568 3421 1828 3498 δτιλοῦμέν
1907 3445 2013 3501 σοι,

374 3514 402 3570 ὃ
429 3513 515 3569 καὶ
544 3513 795 3592 πρότερον
849 3511 934 3568 ἐπὶ
976 3511 1072 3579 τῆς
1135 3513 1386 3578 τοιαύτης
1449 3511 1744 3574 ὑποθέσεως
1817 3511 2016 3588 ἐρωτη-

372 3602 544 3664 θέντες
574 3599 946 3675 δεδηλώκαμεν
978 3617 992 3632 ⁶
1026 3600 1164 3657 ὥστε
1222 3601 1299 3674 μὴ
1371 3599 1586 3679 ἐξεῖναι,
1658 3601 1748 3656 τὸν
1794 3599 2015 3679 Μιχαὴλ

375 3692 544 3764 ἑαυτῷ
561 3691 656 3758 τὴν
702 3691 900 3764 Μαρίαν
930 3689 1336 3760 συνοικίσασθαι,
1408 3687 1492 3744 διὰ
1550 3691 1636 3744 τὸν
1709 3697 1798 3746 τοῦ
1855 3687 2013 3744 Ἐπι-

374 3781 555 3859 φανίου
611 3780 745 3854 μετᾶ
798 3783 899 3845 τῆς
963 3779 1189 3856 Εἰρήνης
1272 3776 1376 3845 ἤδη
1464 3776 1737 3833 ἐκτεθέντα
1817 3777 2012 3854 γάμον,

373 3867 744 3949 συγχεομένων
817 3871 922 3924 τῶν
1020 3868 1292 3943 ὸνομέτων
1372 3872 1469 3934 τῆς
1527 3867 1823 3944 ο·›γγενείας
1853 3882 1870 3898 ⁸
1929 3869 2016 3922 καὶ

372 3957 624 4033 μάλιστα,
655 3959 792 4013 κατὰ
823 3960 915 4012 τὸν
971 3966 1061 4015 τοῦ
1117 3958 1366 4036 θεοφόρου
1448 3958 1534 4012 καὶ
1605 3955 1837 4033 μεγάλου
1910 3962 2015 4012 Πα-

369 4049 490 4126 τρὸς
514 4049 786 4103 Βασιλείου
817 4046 974 4126 λόγον
999 4049 1087 4104 καὶ
1115 4046 1256 4125 ὅρον.
1308 4048 1414 4110 Τὰς
1471 4046 1569 4124 γὰρ
1621 4052 1724 4102 τῶν
1779 4043 2015 4126 ἀδελφῶν

369 4137 629 4216 γαμετὰς,
704 4136 843 4192 θείαν
900 4135 1054 4200 θύσας
1123 4138 1210 4192 καὶ
1267 4136 1648 4216 ἀιθεχιαν,ίκαί
1692 4135 2009 4213 συννύμφας,

372 4224 425 4280 ἐν
474 4225 646 4298 ταύτῳ
703 4222 972 4298 συμϐαίνει
1077 4224 1389 4282 καλεῖσθαι.
1474 4216 1566 4287 Ὠς
1648 4222 2011 4298 κεκωλυμένον

373 4311 737 4390 συνάλλαγμα,
772 4310 1038 4391 ἄπρακτον
1095 4311 1384 4387 διαμεῖναι,
1431 4315 1519 4370 καὶ
1591 4311 1725 4388 μηδέ
1793 4314 2010 4392 πρόστι-

375 4426 474 4478 μον
503 4403 562 4458 ἐκ
605 4398 933 4481 παραιϐασίας
1004 4401 1381 4467 ἆπαιτηθῆναι.
1456 4401 1605 4459 Οὕτω
1661 4403 1758 4480 γὰρ
1809 4404 1895 4458 καὶ
1926 4401 2012 4459 ὅτε

371 4491 646 4570 καταρχὰς
705 4491 1080 4569 ἠρωτήθημεν,
1141 4488 1588 4567 ἂπελογησάμεθα
1623 4507 1637 4524 ⁸

373 4602 537 4657 ματος
566 4579 684 4635 τότε
751 4580 851 4644 τῆς
915 4579 1158 4644 τοιαύτης
1216 4577 1390 4634 ἕνεκεν
1464 4579 1630 4640 αἰτίας
1686 4578 1858 4642 ὄντος.
1920 4581 2016 4637 Καὶ

370 4669 596 4726 διδάσκει
667 4669 701 4735 ἡ
759 4668 1080 4743 ὑποκειμένη
1151 4674 1249 4734 τῆς
1320 4667 1402 4726 διὰ
1441 4674 1646 4748 γραφῆς
1675 4667 1736 4716 47
1762 4673 1861 4734 τῆς
1891 4669 2016 4723 ὑπο-

368 4759 560 4821 θέσεως
658 4757 891 4834 ἡμετέρα
965 4755 1216 4836 ἕθγραφος
1307 4757 1605 4833 ἀπόκρισις.
1683 4759 1739 4813 Εἰ
1818 4754 1872 4811 δὲ
1929 4751 2018 4816 καὶ

365 4861 564 4926 προῖκα
595 4845 730 4908 ἴσως
787 4848 847 4900 τὸ
905 4853 996 4900 τυῦ
1050 4845 1229 4923 ἀνδρὸς
1287 4843 1476 4925 ἔφθασε
1532 4844 1767 4910 δέξασθαι
1827 4845 2005 4924 μέρος,

370 4938 407 5006 ἢ
464 4935 826 5015 προγαμιαίας
885 4932 1080 5012 δωρεᾶς
1161 4935 1516 5014 ὑπόσχεσινῆ
1561 4933 1724 5009 δόσιν,
1781 4936 1840 4990 τὸ
1909 4937 2007 5000 τῆς

368 5025 637 5106 γυναικὸς,
679 5024 738 5078 οὔ
757 5024 900 5102 παρὰ
963 5031 1115 5079 τοῦτο
1168 5024 1615 5100 συννηρηθήσεται
1686 5025 1745 5078 τὸ
1809 5022 2000 5079 συνάλ-

369 5114 568 5192 λαγμα.
629 5109 776 5168 Ἐπεὶ
835 5110 970 5186 μηδὲ
1030 5116 1080 5167 αἱ
1134 5126 1352 5190 προῖκες
1411 5117 1690 5168 συνιστώσι
1746 5113 1866 5174 τοὺς
1901 5113 2006 5190 γά-

371 5225 498 5279 μους
531 5199 844 5274 δυναμένους
897 5202 982 5256 καὶ
1039 5204 1204 5281 χωρὶς
1259 5203 1455 5257 τούτων
1510 5201 1862 5272 συνίστασθαι,
1917 5201 2006 5256 ’ὃνε

2101 3240 2424 3301 venerabili
2455 3241 2850 3313 Chav'tulario,
2886 3260 3021 3301 cum
3065 3240 3248 3318 magis
3272 3239 3472 3300 tendat
3502 3239 3573 3300 ad
3605 3257 3744 3319 pro-

2101 3327 2451 3390 hibitionem
2486 3329 2866 3401 matrimonii,
2893 3330 2980 3390 sic
3016 3328 3390 3400 manebit,uti
3411 3327 3742 3406 judicatum

2102 3427 2210 3479 est.
2239 3416 2420 3494 Igitur
2449 3427 2691 3497 accepto
2729 3418 3065 3498 hujusmodi
3099 3417 3410 3496 rescripto,
3441 3416 3745 3494 significa-

2101 3524 2229 3566 mus
2260 3506 2388 3579 tibi,
2425 3505 2793 3586 quodfetiam
2836 3507 2999 3586 prius
3046 3507 3106 3567 in
3152 3505 3249 3567 tali
3281 3523 3458 3566 causa
3488 3505 3747 3566 consulti

2099 3595 2558 3673 significavimus
2585 3615 2598 3657 :
2629 3613 2746 3656 non
2779 3613 2910 3657 esse
2940 3595 3046 3662 fas.
3080 3603 3141 3655 ut
3189 3593 3463 3656 Michaeli
3495 3593 3738 3655 Mariam

2098 3683 2213 3744 sibi
2247 3684 2519 3764 conjugio
2542 3683 3051 3764 copulet,propter
3069 3683 3386 3764 Epiphanii
3407 3690 3741 3744 contractas

2090 3773 2214 3852 jam
2239 3792 2375 3833 cum
2407 3771 2577 3833 Irena
2609 3774 2864 3852 nuptias,
2897 3792 3030 3834 cum
3083 3773 3324 3834 nomina
3373 3771 3740 3852 cognationis

2099 3861 2570 3925 confundantur:
2600 3863 2777 3944 idque
2799 3863 2884 3923 vel
2919 3863 2976 3922 in
3012 3861 3240 3942 primis.
3267 3862 3592 3923 secundum
3625 3881 3736 3942 gu-

2100 3950 2328 4012 beruati
2355 3951 2639 4014 divinitus
2669 3952 2962 4031 ac‘magni
2992 3953 3175 4032 patris
3208 3951 3406 4014 Basilii
3439 3952 3665 4013 dictum
3683 3960 3738 4012 et

2097 4040 2487 4102 sanctionem.
2553 4041 2778 4122 Quippe
2837 4042 3080 4102 fratrum
3133 4059 3372 4115 uxores,
3404 4059 3536 4122 quae
3565 4040 3742 4102 amita

2097 4137 2254 4202 suut,
2289 4137 2344 4191 et
2377 4130 2495 4191 filia
2517 4129 2734 4205 fratris,
2771 4130 2992 4209 pariter
3021 4149 3254 4210 quoque
3277 4129 3508 4192 fratrias
3544 4129 3742 4210 appel-

2096 4219 2204 4288 lari
2261 4220 2568 4299 contingit,
2611 4220 2876 4300 adeoque
2931 4228 3297 4280 contractum
3351 4219 3738 4300 prohibitum,

2097 4308 2377 4370 infectum
2429 4328 2694 4382 manere,
2743 4326 2852 4370 nec
2899 4325 3132 4389 poenam
3165 4329 3235 4370 ex
3267 4309 3738 4388 transgressione

2097 4406 2332 4478 oportet
2361 4397 2641 4476 exigi.Sic
2672 4397 2828 4459 enim
2861 4406 2915 4458 et
2946 4417 3078 4458 cum
3112 4397 3280 4458 initio
3307 4397 3559 4458 consulti
3585 4397 3734 4456 fuis-

1695 4500 1785 4549 τοῦ
1839 4494 2012 4562 ζητή-
2036 4503 2080 4551 D
2099 4488 2766 4566 semus,respoudiuius,
2792 4486 3119 4567 quaestione
3149 4497 3289 4548 tunc
3320 4485 3394 4546 ob
3427 4486 3556 4564 ejus
3580 4485 3738 4545 modi

2099 4594 2336 4636 causam
2371 4574 2660 4637 instituta.
2718 4576 2778 4637 ld
2827 4575 2983 4656 quod
3036 4574 3300 4654 subjecta
3354 4573 3738 4634 delineationi

2099 4683 2289 4726 causa)
2320 4664 2626 4745 responsio
2660 4673 2879 4738 nostra,
2906 4685 3011 4745 per
3031 4665 3384 4744 scripturam
3419 4663 3590 4733 facta,
3625 4663 3734 4723 de-

2099 4753 2302 4816 clarat.
2325 4752 2489 4826 Quod
2522 4753 2570 4813 si
2606 4753 2757 4815 forte
2789 4754 2984 4814 dotem
3019 4753 3124 4812 viri
3161 4771 3294 4833 pars
3317 4752 3440 4831 jam
3465 4760 3601 4812 ante
3629 4771 3734 4811 ac-

2099 4843 2454 4922 ceperit,aut
2482 4842 2816 4902 donationis
2855 4851 3094 4921 propter
3135 4842 3370 4922 nuptias
3396 4840 3733 4921 promissio,

2090 4933 2182 4994 vel
2216 4931 2530 5013 przestatio,
2579 4931 2846 4990 mulieris
2895 4931 3044 5008 parti
3088 4932 3238 4992 facta
3270 4929 3343 4989 sit
3377 4951 3395 4990 :
3433 4947 3547 4988 non
3594 4948 3735 5008 pro-

2094 5031 2296 5103 pterea
2321 5029 2657 5082 contractus
2689 5017 3538 5100 servabitur.Quandoquidem
3565 5018 3736 5079 dotes

2094 5129 2210 5171 non
2244 5109 2464 5172 faciunt
2507 5108 2764 5186 nuptias,
2810 5127 2941 5188 qua;
2983 5108 3205 5188 absque
3264 5108 3502 5170 dotibus
3558 5107 3733 5170 etiam

2091 5207 2362 5260 constare
2393 5204 2800 5276 possunt,cum
2828 5197 3089 5275 legitime
3111 5198 3564 5258 contrahuntur.
3591 5196 3733 5270 Quae

372 5292 606 5367 νομίμως
639 5287 1100 5352 συναλλάττονται.
1147 5291 1221 5348 Τὰ
1279 5289 1331 5346 δὲ
1362 5289 1451 5346 ἐπὶ
1503 5303 1620 5353 τοῖς
1677 5289 1938 5364 ἀθεμίτοις
1971 5289 2005 5357 ἢ

2104 5305 2224 5350 vero
2247 5285 2490 5348 nefariis
2519 5285 2578 5345 in
2615 5283 2851 5366 nuptiis,
2887 5292 2986 5346 aut
3023 5287 3332 5366 prohibitis
3362 5285 3726 5368 promittun-

1707 5454 1801 5518 VA
1811 5455 1958 5519 RUE
2003 5451 2311 5520 LECTION
2317 5451 2425 5517 ES.

449 5564 509 5614 47
537 5571 606 5642 τῇ
635 5563 895 5646 διαγραφῇ
938 5571 1061 5636 τῆς.

450 5696 472 5726 ι
499 5670 877 5753 Βεεσνίριιινη
910 5680 1056 5756 imp.
