4192 6220
401 332 518 418 859

1768 355 1802 417 Ι
1808 353 1901 415 US
1943 349 2392 416 CANONICUM

3652 341 3772 408 860

405 496 499 550 tur
526 494 624 550 aut
653 488 890 563 dantur,
925 507 1120 570 neque
1149 488 1319 550 dotes
1347 497 1504 563 sunt,
1542 507 1733 570 neque
1757 488 2066 552 donatio—4

2153 483 2504 560 εκωλυμένοις
2561 485 2927 564 ὑπισχούμενα
2982 483 3015 551 ἢ
3085 480 3328 556 διδόμενα
3385 479 3602 557 γάμοις,
3649 478 3770 535 οὔτε

404 597 513 642 nes
541 586 678 640 ante
707 579 939 660 nuptias
975 601 988 636 :
1024 586 1078 639 et
1108 579 1473 641 restituenda
1511 588 1670 654 sunt,
1730 598 1860 660 quae
1905 578 2043 640 data

401 667 641 741 fuerint,
676 687 792 749 quo
823 667 959 729 data
989 675 1128 729 sunt
1173 668 1376 742 modo,
1427 668 1591 731 nullo
1623 688 1691 731 ex
1718 668 1913 731 usuris
1941 667 2040 730 in-

404 762 708 818 cremento
737 757 1078 819 accedente.

1082 949 1334 1029 Figura.

646 1034 905 1100 Fratres.
1545 1038 1783 1102 Fratres

565 1123 874 1204 Georgius,
922 1129 1126 1194 Maria.
1159 1127 1549 1210 Epiphanius,
1609 1127 1886 1192 Michael.

749 1217 1128 1282 Consobrini.

688 1303 885 1368 Irena.
1491 1307 1765 1370 Basilius.

532 1571 914 1636 Interdictum
942 1583 1030 1638 est
1060 1491 1356 1639 M33212}:
1382 1576 1654 1640 Michaeli
1699 1573 1899 1637 nubat.

942 1678 1346 1742 EUSTRA'I‘II
1375 1679 1517 1760 (25).

411 1781 491 1842 De
519 1779 757 1864 duabus
785 1781 1069 1864 sobrinis,
1107 1787 1217 1862 qui
1264 1790 1521 1845 mat-rem
1555 1789 1612 1845 et
1641 1781 1829 1863 ﬁliam
1865 1783 2054 1864 duxe-

2151 1803 2177 1840 ι
2209 1787 2329 1864 Περὶ
2386 1782 2474 1840 δύο
2572 1782 2971 1864 δισεξαδέλφων,

409 1866 602 1931 rant;
645 1862 832 1944 deque
889 1862 1189 1943 dirempto
1255 1865 1586 1944 posteriore
1636 1862 2056 1935 matrimonio,

407 1951 700 2020 tanquam
732 1943 946 2005 illicita
981 1943 1297 2006 contracto

496 2046 853 2109 Praesidente
883 2047 1260 2109 sanctissimo
1297 2047 1633 2128 patriarcha
1663 2045 2057 2121 Euslratio,in

416 2135 644 2198 minore
673 2136 1014 2211 secretario,
1049 2136 1447 2198 assidentibus
1476 2136 1532 2198 ei
1567 2136 1736 2198 Petro
1769 2135 2052 2198 illustris-

414 2225 563 2286 simo
598 2225 1063 2306 protospathario
1096 2234 1153 2288 et
1179 2226 1450 2306 praeside,
1492 2245 1559 2286 ac
1591 2224 2058 2300 religiosissimis

417 2313 909 2395 metropolitanis,
941 2312 2055 2396 Neoczesareaa,Severinae,Chonarum,

420 2410 477 2463 et
507 2403 954 2484 archiepiscopo
980 2405 1266 2476 Zecchiaa,
1301 2403 1695 2484 civilibusque
1749 2403 2052 2482 magistra-

418 2490 605 2570 tibus,
631 2491 816 2554 Potho
852 2493 1324 2572 protospathario
1364 2501 1422 2554 et
1466 2511 1675 2570 magno
1724 2510 2054 2568 oeconomo,

420 2577 752 2641 Theodosio
787 2580 1254 2660 protospathario
1301 2589 1357 2643 et
1397 2601 1706 2643 (economo
1756 2579 2062 2658 religioso-

420 2685 575 2743 rum,
609 2667 835 2730 Joanne
881 2670 1352 2750 protospathario
1405 2681 1461 2732 et
1503 2671 1880 2743 chartulario,
1911 2688 2062 2748 pra:-

423 2754 599 2817 feclo'
620 2757 1015 2839 Generalis,et
1044 2758 1384 2820 libellorum
1409 2761 1738 2840 supplicum
1762 2757 2064 2835 magistro,

430 2846 647 2908 Basilio
677 2847 954 2926 spatharo
987 2847 1298 2909 candidato
1319 2851 2062 2932 etcoadjulore,Romano.

426 2954 458 2997 a
491 2935 737 2996 secretis
767 2954 833 2996 ac
865 2935 1084 3010 scriba,
1114 2939 1310 2997 Leone
1344 2957 1376 2998 a
1406 2941 1747 3015 secretispet'
1767 2942 2067 3020 lugotheta

428 3023 720 3104 pratoris,
755 3023 1072 3085 introducti
1105 3025 2064 3107 suntMalacenus,Bardas,Theo-

2123 587 2342 653 προῖκες
2422 572 2538 630 οὔτε
2637 585 2990 652 προγαμιαται
3075 569 3264 650 δωρεαὶ
3358 568 3713 637 καθεστήκασι
3750 580 3764 594 ⁸

2123 667 2210 722 καὶ
2259 665 2370 745 χρὴ
2429 664 2740 733 ἀναδοθῆναι
2822 664 2889 720 τὰ
2957 660 3206 738 δεδομένα
3258 659 3376 718 καθ’
3444 661 3501 716 ὃν
3571 659 3771 737 τρόπον

2125 751 2398 829 ἐδόθησαν,
2431 751 2694 830 μηδεμιᾶς
2754 751 3019 823 αὐξήσεως
3091 751 3196 808 ἀπὸ
3254 749 3426 807 τόκων
3469 750 3766 829 προστιθη-

2127 842 2317 918 μένης.
3655 850 3660 858 ’

2849 948 3053 1024 Σχῆμα

2369 1044 2613 1128 Ἀδελφοὶ

2130 1137 2411 1216 Γεώργιος,
2444 1138 2637 1215 Μαρία.

3193 1041 3433 1124 Ἀδελφοί
3464 1056 3479 1071 ⁸

3062 1131 3371 1214 Ἐπιφάνιος
3401 1134 3488 1189 καὶ
3519 1129 3770 1212 Μιχαήλ.

2796 1223 3101 1301 Ἐξάδελφοι

2854 1497 3048 1556 Μαρία.

2217 1582 2487 1652 Ἐκωλόθη
2518 1585 2553 1652 ἡ
2600 1585 2771 1664 Μαρία
2801 1517 3106 1641 λαέἷίᾷαέδν
3138 1581 3388 1663 Μιχαήλ,

2741 1693 3150 1744 ΕΥΣΤΡΑΤΙΟΥ
3162 1730 3174 1743 .

2133 1315 2351 1394 Εἰρήνη,
2384 1315 2683 1382 Βασίλειος.

3068 1778 3336 1837 λαϐόντων
3421 1778 3624 1856 μητέρα
3691 1779 3783 1834 καὶ

2219 1859 2494 1944 θυνατέρα,
2526 1866 2614 1920 καὶ
2643 1859 2882 1927 λυθέντος
2912 1873 3003 1921 τοὺ
3031 1859 3267 1941 δευτέρου
3317 1860 3656 1934 συνοικεσίου,
3707 1861 3782 1922 ὡς

2220 1945 2432 2020 ἀνόμως
2465 1945 2746 2010 συστάντὸς
2759 1993 2772 2006 ,
2803 1968 2837 2008 η»

2223 2047 2631 2128 Προκαθημένου
2702 2047 3018 2128 Εὐστρατίου
3129 2045 3221 2102 τοῦ
3315 2043 3611 2123 ἀγιωτάτου
3670 2064 3786 2098 πα-

2140 2138 2395 2216 τριάρχου
2466 2137 2518 2193 ἐν
2605 2159 2683 2210 τῳ
2759 2144 2930 2216 μικρῷ
3031 2134 3262 2214 σεκρέτῷ
3353 2130 3789 2210 συνεδριαζόντων

2139 2229 2304 2306 αὒτῷ,
2363 2227 2562 2306 Πέτρου
2631 2227 2725 2284 τοῦ
2803 2226 3248 2306 περιφανεστάτω
3318 2220 3791 2303 πρωτοσπαθαρίου

2138 2318 2224 2372 καὶ
2254 2317 2515 2396 ἐπάρχου,
2561 2319 2650 2372 καὶ
2706 2315 3127 2397 θεοφιλεστάτων
3196 2310 3628 2392 μητροπολιτῶν,
3695 2315 3788 2365 τοῦ

2144 2406 2566 2484 Νεοκαισαρείας,
2640 2413 2733 2462 τοῦ
2801 2404 3113 2485 Σεϐηρίνης,
3215 2413 3308 2461 10-3
3406 2404 3628 2474 Χωνῶν,
3707 2398 3796 2453 καὶ

2143 2495 2566 2574 ἀρχιεπισκόπου
2597 2505 2688 2554 τοῦ
2744 2495 3007 2574 Ζηκχίας,
3108 2493 3192 2548 καὶ
3253 2488 3538 2546 πολιτικὼν
3596 2486 3797 2566 ἀρχόν-

2144 2605 2274 2660 των,
2323 2584 2491 2642 Πόθου
2519 2583 2987 2663 πρωτοσπαθαρίου
3029 2584 3116 2638 καὶ
3200 2577 3433 2658 μεγάλου
3489 2576 3788 2654 οἰκονόμου,

2150 2670 2393 2729 Θοδοσίου
2421 2674 2889 2752 πρωτοσπαθαρίου
2947 2672 3033 2729 καὶ
3087 2670 3364 2743 οἰκονόμου
3423 2668 3529 2724 τῶν
3585 2664 3793 2742 εὖαγῶν

2149 2761 2394 2821 Ἰωάννου
2481 2761 2947 2842 πρωτοσπαθαρίου
3045 2761 3133 2816 καὶ
3187 2755 3596 2838 χαρτουλαρίου,
3698 2758 3792 2807 τοῦ

2150 2861 2379 2928 γενικοῦ,
2436 2859 2528 2908 τοῦ
2585 2851 2669 2907 ἐπὶ
2725 2857 2829 2906 τῶν
2880 2849 3135 2928 δεήσεων,
3188 2845 3457 2904 Βοσιλείου
3527 2845 3791 2920 σπαθαρο-

2148 2937 2453 2996 κανδιδλτου
2499 2941 2586 2996 καὶ
2643 2941 2936 3015 συμπόνου,
2993 2939 3081 2994 καί
3140 2935 3412 3011 Ῥωμανοῦ
3495 2932 3792 3009 ἆσηκρῆτις

2147 3029 2236 3082 καὶ
2299 3026 2503 3105 σκρίϐα,
2577 3029 2663 3084 καὶ
2719 3026 2942 3090 Λέοντος
2997 3027 3289 3104 ἀσηκρῆτις
3361 3023 3449 3077 καὶ
3515 3018 3795 3096 λογοθέτου

428 3112 634 3186 dorus,
664 3111 977 3189 Helladici,
1030 3116 1507 3194 protospatharii,
1555 3106 2062 3182 ferentesrsecum

2151 3123 2239 3172 τοῦ
2268 3119 2552 3195 παίτωρος,
2588 3118 2816 3196 εἰσήχθη
2847 3118 2874 3172 ὃ
2931 3138 2986 3172 τε
3047 3113 3391 3183 Μαλακηνὸς,
3421 3111 3509 3166 καὶ
3579 3111 3607 3163 ὁ
3661 3106 3792 3185 Βάρε-

428 3200 653 3262 litteras
678 3202 1112 3282 metropolitani
1144 3203 1598 3280 Athenarum,et
1629 3208 2068 3288 metropolitani

432 3288 793 3371 Thebarum,
840 3298 899 3352 et
948 3291 1214 3372 episcopi
1242 3292 1468 3373 Euripi.
1516 3293 1741 3366 Quibus
1787 3298 2066 3358 audiente

431 3396 598 3466 sacra
635 3379 882 3466 synodo,
919 3391 977 3441 et
1003 3381 1487 3466 assidentibusei
1510 3383 1794 3466 icivilibus
1841 3385 2063 3466 judici-

429 3457 560 3531 bus,
598 3457 911 3539 perlectis;
950 3462 1227 3542 quoniam
1259 3464 1317 3523 in
1365 3464 1452 3524 eis
1488 3465 1562 3525 de
1598 3465 1803 3527 illicito
1841 3457 2065 3527 'matri—

436 3547 636 3609 monio
689 3549 1125 3626 continebatur,
1178 3561 1476 3614 contracto
1531 3572 1637 3633 per
1693 3554 2067 3635 Euthymium

431 3637 718 3717 Capulen,
751 3647 809 3700 et
837 3640 1078 3702 Mariam
1132 3641 1339 3703 Bardae
1402 3644 1857 3723 protospatharii
1911 3645 2068 3705 mili-

433 3733 681 3806 tumque
709 3727 955 3789 Tribuni
986 3731 1186 3803 filiam,
1223 3751 1337 3810 quo
1369 3751 1513 3794 sane
1542 3732 1658 3792 duo
1689 3733 2075 3808 sobrini,ma-

437 3821 585 3876 trem
619 3824 793 3896 atque
823 3817 1004 3879 ﬁliam
1037 3818 1097 3878 in
1123 3820 1478 3880 matrimonii
1517 3821 1856 3883 societatem
1901 3841 2078 3884 acce-

437 3903 661 3982 pissent
686 3921 700 3966 :
730 3905 1021 3966 sancitum
1065 3916 1152 3968 est
1199 3915 1260 3967 ut
1291 3917 1346 3968 et
1382 3908 1472 3969 hae
1503 3910 1750 3988 nuptiae,
1800 3927 2078 3991 tanquam

435 3991 698 4072 nefariae,
734 4011 837 4073 pro
870 3995 1049 4056 nullis
1079 3995 1433 4069 habeantur,
1470 4009 1528 4058 et
1562 3997 1812 4059 divortio
1845 4001 2082 4062 solvan-

437 4079 689 4166 tur.Non
725 4094 918 4144 tamen
951 4085 1063 4146 hoc
1106 4085 1165 4145 in
1223 4093 1473 4165 utraque
1527 4094 1689 4166 parte
1737 4086 1935 4149 locum
1971 4089 2080 4149 ha-

440 4165 709 4249 beat,sed
735 4171 792 4232 in
817 4170 1125 4252 Euthymio
1159 4181 1214 4234 et
1245 4174 1618 4248 Maria,velut
1639 4175 1739 4255 qui
1774 4177 2080 4255 postremi,

440 4255 708 4338 adeoque
736 4259 1032 4339 prioribus
1063 4261 1178 4324 illis
1208 4262 1427 4342 nuptiis
1460 4265 1737 4342 peractis,
1775 4265 1833 4325 in
1876 4267 2084 4327 matri-

441 4346 704 4407 monium
739 4347 1046 4411 coiverint.
1081 4353 1131 4412 A
1166 4351 1352 4429 poenis
1386 4360 1576 4412 tamen
1629 4352 1927 4415 immunes
1957 4355 2080 4416 hae-

2148 3203 2239 3268 δας
2263 3207 2351 3262 καὶ
2380 3209 2407 3262 ὁ
2462 3204 2748 3284 Θεόδωρος,
2810 3207 2857 3262 oi
2915 3202 3235 3282 Ἐλλαδικοὶ,
3308 3197 3790 3279 πρωτοσπαθάριοι,

2148 3293 2513 3374 ἐπιφερόμενοι
2615 3297 2704 3351 καὶ
2791 3296 3078 3374 γράμματα
3185 3297 3277 3349 τοῦ

2151 3373 2408 3464 Ἀθηνῶν,
2469 3387 2561 3440 καὶ
2644 3384 2735 3441 τοῖ’)
2809 3373 3208 3464 μητροπολίτου
3292 3377 3506 3450 Θηϐῶν,
3565 3376 3653 3430 καὶ
3707 3373 3800 3429 τοῦ

2151 3473 2441 3531 ἐπισκόπου
2474 3473 2715 3552 Εὐρίπου,
2748 3469 2840 3537 Ὧς
2872 3475 2941 3538 εἰς
3004 3472 3237 3541 ἐπήκοον
3292 3473 3390 3535 τῆς
3461 3468 3601 3552 ἱερᾶς
3657 3485 3788 3518 ων-

2154 3561 2273 3622 όδου
2331 3585 2416 3619 και
2482 3551 2586 3619 τῶν
2657 3560 3085 3637 συνεδριαζόιτων
3163 3557 3452 3615 πολιτικῶν
3535 3551 3797 3637 δικαστῶν

2158 3651 2619 3732 ἀναγνωσθέντων,
2696 3652 2810 3707 ἐπεὶ
2866 3651 2982 3728 περὶ
3041 3646 3459 3724 ἀθεμιτογαμίας
3507 3635 3802 3714 διελάμϐα-

2159 3764 2246 3798 νον
2275 3728 2539 3818 νεγονυίος
2599 3728 2741 3819 παρέ
2793 3761 2850 3796 τε
2920 3740 3174 3813 Εὖθυμίου
3239 3743 3334 3792 τοῦ
3394 3728 3670 3808 Καπουλῆ,
3720 3729 3809 3783 καὶ

2163 3817 2362 3908 Μαρίαξ
2421 3829 2514 3896 τῆς
2596 3817 2846 3908 θυγατρὸς
2934 3825 3103 3904 Βοίρδα
3182 3821 3647 3901 πρωτοσπαθαρίου
3719 3817 3808 3873 καὶ

2163 3917 2468 3996 ταξιάρχου,
2503 3917 2598 3973 οἶα
2654 3915 2743 3974 δύο
2784 3914 3185 3994 δισεξαδέλφων,
3246 3911 3451 3990 μητέρα
3491 3912 3579 3966 καὶ
3631 3911 3802 3985 θυγα-

2163 4007 2286 4085 τέρα
2317 4008 2386 4068 εἷς
2418 4010 2592 4084 γάμου
2660 4006 2940 4061 κοινωνίαν
3000 4003 3307 4060 λαϐόντων³
3370 3999 3566 4078 ὡρίσθη
3623 3997 3711 4051 τὸν
3742 4015 3800 4085 τε

2165 4097 2336 4173 γάμον
2374 4095 2619 4170 ἀθέμιτον
2663 4092 2788 4150 ὅντα
2831 4094 3186 4172 ἀκυρωθῆναι,
3243 4091 3332 4146 καὶ
3399 4087 3659 4163 διαζύγιον
3691 4084 3810 4161 περὶ

2166 4171 2322 4240 αὐτὸν
2348 4183 2610 4261 γενέσθαι.
2687 4183 2775 4251 Μή
2819 4183 2998 4257 μέντοι
3057 4183 3128 4243 εἷς
3202 4179 3473 4259 ἀμφότερα
3538 4175 3604 4229 τὰ
3643 4171 3807 4251 μέρη,

2165 4273 2302 4329 ἀλλὰ
2327 4272 2425 4336 ἐἵς
2456 4295 2510 4328 τε
2543 4275 2630 4328 τὸν
2676 4274 2929 4347 Εὖθύμιον
2976 4273 3063 4327 καὶ
3092 4271 3188 4337 τὴν
3220 4268 3445 4347 Μαρίαν,
3505 4266 3580 4327 ὡς
3635 4261 3810 4340 ἔσχα-

2165 4384 2253 4419 τον
2285 4364 2372 4418 καὶ
2401 4362 2534 4437 μετὰ
2563 4363 2651 4418 τὸν
2683 4367 2890 4440 πρῶτον
2923 4360 3115 4438 (γάμον
3186 4355 3545 4436 συναφθέντων
3612 4352 3808 4411 αὐτῶν,

3403 3285 3792 3366 μητροπολίτου

441 4452 712 4514 personae
733 4439 1544 4520 serventur,quandoquidem
1572 4439 1644 4500 de
1665 4441 1932 4517 synodali
1955 4462 2066 4506 sent

2169 4450 2315 4518 Πλὴν
2347 4429 2525 4526 μέντοι
2597 4429 2843 4507 ἀνεύθυνα
2895 4429 3256 4527 δια-τηρεῖσθαι
3309 4429 3381 4508 εἷς
3439 4443 3504 4498 τὰ
3546 4440 3811 4518 πρόστιμα

441 4523 625 4585 tentia
649 4524 962 4587 divortium
995 4527 1104 4589 hoc
1137 4528 1455 4590 ﬁat.Simul
1490 4529 1668 4590 Maria
1695 4533 2085 4611 tunsa,quod-

441 4612 576 4673 dam
609 4613 668 4674 iu
695 4615 1117 4678 monasterium
1151 4619 1278 4698 ejus
1309 4617 1420 4679 loci
1454 4619 1740 4681 tradatur.

1020 4793 1315 4860 NICOLAI
1349 4795 1498 4876 (24).

719 4895 764 4957 Ι.
800 4895 880 4958 De
901 4905 1294 4977 praestatione
1326 4901 1787 4961 canonicorum.

524 4995 728 5058 Mense
757 4995 1094 5075 Novembri,
1116 4999 1211 5060 die
1238 4999 1616 5074 x,inditionis
1643 5018 1700 5066 x,
1738 4999 2088 5080 prasidene

441 5083 682 5148 Nicolao
713 5086 1084 5150 sanctissimo
1117 5088 1436 5150 universali
1483 5089 1840 5169 patriarcha,
1875 5090 1932 5150 in
1981 5088 2088 5150 mi-

2165 4541 2230 4596 τὰ
2285 4551 2498 4600 τοιαῦτα
2554 4540 2831 4619 πρόσωπα,
2925 4540 2999 4602 ὡς
3071 4534 3350 4596 συνοδικῶς
3405 4539 3498 4588 ἰτοὖ
3551 4528 3815 4605 διαζυγίου

2167 4627 2560 4709 προϐαίνοντος.
2593 4628 2953 4707 Ἀποκαρῆναι
2983 4625 3037 4682 δὲ
3067 4626 3163 4694 τὴν
3212 4623 3413 4704 Μαρίαν
3471 4619 3524 4675 ’ἐν
3578 4639 3678 4673 τινι
3708 4623 3816 4671 τῶν

2168 4720 2303 4776 κατὰ
2332 4719 2492 4776 τόπον
2526 4717 2913 4798 μοναστηρίων,

2799 4825 3164 4878 ΝΙΚΟΛΛΟΥ.

2560 4900 2646 4968 Α’.
2681 4929 2710 4968 (
2742 4911 2864 4988 Περὶ
2891 4914 2997 4965 τῶν
3049 4909 3423 4988 κανονικῶνη»

2253 5002 2390 5068 Μηνὶ
2436 4996 2730 5078 Νοεμϐρίῳ,
2793 4981 2882 5070 ιε’,
2929 4995 3280 5073 ἕπινεμέσεως
3342 4981 3403 5067 ι’,
3461 4987 3811 5070 προκαθημέ-

2169 5112 2260 5146 νου
2323 5086 2582 5148 Νικολάου
2629 5096 2722 5146 τοῦ
2791 5085 3086 5164 ἁγιωτάτου
3126 5085 3214 5140 καὶ
3281 5082 3643 5155 οἱκουμενικοῠ
3697 5097 3813 5132 παο

1764 5248 2020 5313 VARIIE
2066 5246 2500 5313 LECTIONES.

451 5447 454 5450 .
525 5401 548 5434 τ
573 5383 798 5447 scilicet
827 5383 1164 5460 ratiocinii,
1198 5391 1313 5461 vet,

1997 5515 2245 5581 NOTIE.

531 5633 650 5716 (23)
684 5634 792 5698 Hic
820 5644 1205 5716 cognomento
1253 5636 1444 5702 dictus
1482 5646 1570 5701 est
1619 5635 1906 5715 Caridas;
1956 5639 2094 5702 vixit

453 5714 783 5796 imperante
811 5714 1018 5781 Alexio
1046 5719 1376 5783 Comneno.

2203 5640 2386 5734 "(215)
2421 5640 2822 5734 Cognomentp
2873 5634 3404 5734 Grammatifih‘de
3437 5634 3610 5716 cujus
3647 5639 3824 5698 atate

2179 5718 2285 5787 lib.
2316 5718 2538 5786 dictum
2577 5721 2952 5805 praecedente
3007 5719 3148 5801 (col.
3181 5718 3344 5791 766).
