4192 6220
362 321 471 386 861
1684 321 2393 389 ϐΒιΕΕΟ-ΒΟΜΑΝΗΜ.
3624 321 3742 388 862

356 456 609 536 τριάρχου
704 456 759 515 ἐν
851 464 929 533 τῷ
998 462 1171 539 μικρῷ
1251 459 1502 539 σεκρέτῳ.
1577 457 2012 538 συνεδριαζόντων

2104 470 2244 515 noro
2295 455 2643 529 secretario,
2706 455 3107 519 assidentibus
3163 456 3219 519 ei
3275 454 3743 537 religiosissimis

361 549 505 621 αὐτῴ
532 551 637 602 τῶν
712 547 1127 628 θεοφιλεστάτων
1198 547 1629 629 μητροπολιιιτῶν²
1679 554 1772 605 τοῦ
1815 545 2011 626 Ἀγκύ-

2104 542 2589 623 metropolitanis,
2623 546 2962 626 Ancyrano,
3005 545 3317 628 Cyziceno,
3345 542 3742 625 Claudiopoli-

363 657 480 715 ρας,
514 642 607 692 τοῦ
640 638 880 712 Κυζίκου,
940 644 1034 694 τοῦ
1091 636 1584 711 Κλαυδιουπόλεως,
1636 643 1728 693 τοῦ
1757 644 2013 716 Χριστια-

362 722 684 789 νουπόλεως,
768 733 863 784 τοῦ
948 718 1184 793 Ῥωσίας·
1252 728 1338 783 καὶ
1395 725 1858 808 ἀρχιεπισκόπων,
1924 733 2016 783 τοῦ

365 813 793 890 Λεοντοπόλεως,
824 821 916 873 τοῦ
944 813 1267 895 Σουγδαΐας,
1312 821 1406 874 τοῦ
1453 813 1667 875 Ῥωσίου
1700 832 1714 846 ⁶
1747 836 2010 894 παριστα-

364 900 540 986 μένων
571 905 657 962 καὶ
685 903 1010 962 δεσποτικῶν
1041 905 1341 986 ἀρχόντων.

451 980 657 1074 "(gown
699 993 795 1070 μέν
863 1015 1003 1058 τινες
1191 995 1327 1050 κατὰ
1372 994 1558 1074 χώραν
1598 992 2014 1075 θεοφιλεστάτων

366 1079 673 1139 ἐπισκόπων
701 1082 762 1139 ἐκ
813 1090 908 1139 τοῦ
976 1080 1246 1139 συνοδικοῦ
1305 1081 1725 1160 ἐπιστάλματος,
1780 1084 1808 1139 ὃ
1850 1081 2015 1138 πάλαι

365 1170 465 1245 μὲν
494 1172 610 1250 περὶ
635 1176 735 1239 τῆς
804 1179 896 1228 τοῦ
951 1178 1226 1228 κανονικοῦ
1283 1169 1479 1237 δόσεως
1536 1171 1621 1228 ἐπὶ
1690 1178 1784 1228 τοῦ
1842 1192 2016 1246 μακα-

365 1259 507 1338 ρίτου
562 1260 892 1341 πατριάρχου
960 1267 1116 1338 κυροῦ
1184 1258 1417 1327 Ἀλεξίου
1485 1259 1716 1336 ἐξετέθη,
1791 1262 1851 1318 οὐ
1922 1283 2016 1335 μι-

364 1354 506 1427 κρῶς
561 1346 1045 1431 καταϐλάπτεσθαι,
1103 1352 1176 1413 ὡς
1226 1362 1350 1412 ταῖς
1421 1348 1711 1426 μετέπειτα
1782 1349 2015 1428 γενομέ-

370 1459 484 1502 ναις
526 1436 688 1501 θείαις
737 1438 826 1495 καὶ
878 1436 1182 1515 βασιλικαῖς
1239 1438 1375 1494 κατὰ
1426 1439 1522 1503 τὰς
1564 1439 1741 1507 πάσης
1784 1438 1879 1507 τῆς
1934 1440 2015 1495 οἱ·

368 1524 630 1602 θεωμένης
687 1525 868 1591 πόλεις
924 1527 1277 1584 ἐναντιοῦσθαι
1365 1525 1640 1591 δοκοῦντος
1686 1525 2016 1609 χρυσοϐούλ-

367 1613 483 1680 λοις
541 1613 823 1695 διαταγαῖς
871 1630 886 1646 ⁸
962 1618 1193 1685 παρόσον
1261 1618 1324 1673 τὸ
1378 1617 1477 1692 μὲν
1557 1615 1826 1676 συνοδικὸν
1887 1618 2018 1696 ὑπὲρ

369 1714 671 1782 κανονικοῦ,
706 1707 942 1782 νόμισμα
964 1704 1018 1762 ἕν
1076 1712 1303 1787 χρυσοῦν
1358 1705 1418 1763 ἐκ
1467 1707 1629 1782 μόνου
1689 1717 1783 1766 τοῦ
1837 1706 2016 1787 ἱερέως

2097 636 2260 706 tano,
2297 631 2918 717 Christianopolitano,
2977 632 3197 708 Rosiaa,
3248 644 3423 715 atque
3468 633 3609 695 item
3640 649 3743 692 ar-

2098 719 2516 802 chiepiscopis,
2585 722 3098 805 Leontopolilano,
3181 720 3472 802 Sugdaiaa,
3548 719 3741 796 Rosii,

2097 808 2421 872 astantibus
2448 817 2509 873 et
2538 811 2855 875 dominicis
2887 810 3325 892 magistratibus
3351 815 3391 875 ί.
3459 850 3470 858 -

2174 984 2605 1051 Existimabam
2654 989 2897 1071 quidem
2936 990 3207 1054 nonnulli
3237 1009 3345 1073 per
3374 986 3737 1071 provinciam

2098 1074 2530 1155 religiosissimi
2556 1078 2845 1161 episcopi,
2899 1098 2965 1142 se
2996 1098 3115 1141 non
3145 1098 3353 1161 parum
3378 1096 3448 1141 ex
3478 1074 3745 1157 synodali

2099 1172 2422 1245 praecepto,
2481 1168 2637 1249 quod
2697 1169 2838 1232 olim
2903 1172 2977 1231 de
3045 1167 3315 1231 canonici
3368 1164 3745 1248 praestatione

2098 1251 2211 1340 sub
2257 1253 2445 1318 beatae
2494 1260 2796 1321 memoriae
2826 1259 3181 1340 patriarcha,
3216 1259 3457 1321 domino
3507 1252 3741 1323 Alexio,

2099 1339 2210 1402 fuit
2239 1346 2591 1425 expositum,
2629 1339 2838 1409 damni
2887 1348 3233 1430 percipere;
3268 1345 3452 1409 veluti
3480 1342 3635 1424 quod
3663 1341 3743 1430 fa-

2102 1430 2213 1493 ctis
2234 1432 2522 1517 deinceps
2552 1436 2735 1499 sacris
2774 1446 2833 1499 et
2878 1429 3279 1519 imperatoriis
3308 1434 3381 1498 ad
3414 1432 3576 1494 orbis
3606 1429 3742 1491 uni-

2101 1520 2255 1582 versi
2283 1522 2549 1587 civitates
2576 1525 3006 1603 sanctionibus,
3041 1545 3147 1607 per
3174 1543 3386 1588 aureas
3404 1520 3597 1584 bullas
3620 1538 3743 1580 mu-

2103 1612 2574 1689 nitis,adversari
2594 1617 2895 1680 videretur
2919 1637 2938 1681 :
2958 1629 3244 1701 quatenus
3260 1615 3408 1679 illud
3437 1612 3745 1675 decretum

2100 1702 2381 1782 synodale
2439 1705 2713 1767 canonici
2797 1707 3038 1769 nomine
3114 1723 3423 1770 nummum
3497 1717 3742 1763 aureum

368 1794 763 1873 εἰσπράττεσθαι
842 1782 1151 1875 διοριζεταιν,
1235 1801 1340 1852 τῶν
1425 1793 1681 1852 διακόνων
1734 1797 1821 1852 καὶ
1878 1782 2015 1852 ὐπο-

2104 1809 2350 1852 unuma
2402 1795 2711 1856 sacerdote
2761 1796 3041 1858 duntaxat
3114 1794 3467 1874 exigendum
3524 1788 3746 1869 statuit,

368 1881 625 1939 διακόνων
682 1881 847 1959 μηδὲν
906 1907 957 1941 τι
1016 1883 1400 1965 παρεχομένων
1434 1901 1452 1916 ’
1511 1887 1599 1942 καὶ
1653 1885 1742 1966 ἀφ’
1799 1885 2019 1942 ἑκάστου

366 1977 473 2028 τῶν
530 1972 1036 2055 χειροτονουμένων,
1095 1976 1138 2030 εἰ
1197 1974 1295 2049 μὲν
1349 1974 1691 2052 ἀναγνώστης
1749 1975 1864 2051 ε’ίη,
1924 1975 2018 2033 νό-

372 2083 546 2137 μισμα
571 2058 625 2118 ἔν
654 2063 887 2141 χρυσοῦν
914 2076 929 2094 ⁸
964 2062 1009 2118 εί
1059 2059 1114 2118 δὲ
1195 2059 1464 2136 διάκονος,
1539 2063 1836 2139 νομίσμανα
1905 2063 2020 2143 τρία

373 2147 535 2226 ὅμοια
568 2165 584 2181 ⁸
660 2151 704 2206 εἰ
773 2149 827 2205 δὲ
911 2146 1280 2231 πρεσϐύτερος,
1340 2148 1493 2231 ἕτερα
1550 2154 1848 2229 νομίσματα
1904 2152 2019 2232 τρία

372 2239 557 2320 ὅμοια,
586 2240 680 2296 τὸν
720 2242 1121 2319 χειροτονοῦντα
1203 2241 1332 2319 ὑπὲρ
1391 2238 1675 2322 διατροφῆς
1732 2239 2018 2319 λαμϐάνειν

370 2326 703 2385 διατάττεται
754 2344 769 2358 ⁸
802 2327 882 2385 ὅτι
926 2325 1064 2405 μηδὲ
1119 2327 1405 2405 ἀδάπανον,
1466 2328 1564 2387 κᾶν
1620 2330 1838 2407 ἄμισθον
1910 2331 2018 2390 ἐστὶ

368 2418 431 2473 τὸ
501 2415 850 2496 Εὐαγγέλιον.
915 2421 976 2477 Οἱ
1031 2416 1087 2474 δὲ
1154 2419 1298 2499 παρὰ
1351 2419 1457 2476 τῶν
1507 2418 1733 2478 εὐσεϐῶν
1782 2420 2017 2485 τεθέντες

370 2503 751 2587 χρυσόϐουλλοι
809 2505 983 2585 λόγοι,
1041 2509 1348 2587 προσθήκην
1416 2507 1474 2565 τέ
1528 2531 1645 2566 τινα
1708 2523 1824 2576 τοϊς
1877 2510 2019 2591 παρὰ

371 2596 478 2653 τῶν
561 2596 1043 2676 χειροτονούμενων
1140 2596 1543 2677 παρεχομένοις
1626 2597 1828 2680 ἐξεσζρον
1893 2601 2021 2676 μέτ-

373 2682 579 2759 ἐπειτα,
612 2685 703 2740 καὶ
733 2685 827 2748 τὰς
857 2685 963 2742 ἀπὸ
991 2690 1100 2743 τῶν
1172 2683 1379 2743 λα’ίκῶν
1434 2686 1683 2768 ἀπαρχάς
1738 2690 2015 2747 κανονικὸν

372 2772 749 2849 ὀνομάσαντες,
778 2774 1035 2853 ὡρίσαντο
1096 2773 1222 2854 παρ’
1278 2774 1499 2833 ἑκάστου
1549 2777 1748 2835 τούτων
1818 2776 2018 2835 ἀναλό-

372 2885 477 2942 γης
546 2868 616 2939 τῇ
700 2862 870 2920 αὐτῶν
950 2864 1163 2944 εὐπορίᾳ
1258 2865 1666 2945 εἷσπρέττεσθαι,
1740 2870 1829 2925 καὶ
1898 2868 2019 2933 τοῖς

2103 1879 2369 1942 diaconis
2426 1891 2484 1944 et
2541 1884 2923 1947 subdiaconis
2984 1885 3136 1947 nihil
3185 1881 3640 1965 praebentibus:
3682 1885 3749 1965 et

2101 1986 2136 2029 a
2182 1970 2450 2049 quolibet
2506 1991 2737 2049 eorum,
2790 1976 2890 2055 qui
2944 1964 3315 2048 ordinantur,
3348 1971 3399 2032 si
3426 1970 3612 2031 lector
3643 1964 3742 2044 sit,

2102 2076 2430 2133 nummum.
2463 2079 2708 2123 aureum
2741 2082 2919 2125 unum
2946 2084 2963 2141 ;
2991 2064 3043 2125 si
3098 2063 3410 2135 diaconus,
3471 2070 3746 2117 nummos

2105 2154 2225 2209 tres
2245 2147 2474 2212 similes
2499 2170 2515 2230 ;
2551 2149 2599 2211 si
2624 2150 2956 2232 presbyter,
2988 2152 3135 2214 alios
3164 2159 3285 2212 tres
3307 2161 3579 2209 nummos
3604 2159 3739 2232 con-

2102 2238 2334 2302 similes
2361 2231 2979 2315 sumendos,alimenti
3009 2240 3272 2322 nomine,
3304 2235 3573 2301 decernit
3591 2231 3744 2322 abeo

2099 2327 2202 2409 qui
2217 2328 2485 2392 ordinat:
2510 2331 2987 2414 quandoquidem
3020 2331 3071 2392 si
3091 2321 3347 2393 maxime
3378 2321 3741 2414 mercedem,

2099 2435 2218 2478 non
2241 2426 2439 2481 tamen
2456 2426 2515 2483 et
2530 2410 3052 2502 vivendi—sumptus
3064 2419 3324 2483 excludit
3338 2410 3714 2494 Evangelium
3726 2457 3740 2472 .

2098 2506 2311 2569 Aureae
2329 2525 2467 2570 vero
2521 2509 2699 2572 bullae
2733 2510 2846 2592 piis
2874 2531 2908 2572 ιι
2937 2507 3305 2591 principibus
3334 2502 3742 2592 promulgatae,

2102 2602 2224 2658 tum
2255 2596 2655 2677 appendicem
2685 2585 3001 2681 quamdam
3044 2585 3641 2673 invenere'deinceps
3672 2585 3746 2649 ad

2101 2704 2192 2761 ea,
2225 2704 2357 2767 qna;
2379 2687 2454 2748 ab
2484 2688 2832 2751 ordinandis
2877 2697 3263 2770 praestantur:
3301 2695 3425 2749 tum
3454 2681 3686 2746 debitas
3713 2694 3748 2737 a

2101 2773 2267 2836 laicis
2291 2775 2880 2857 primitias,canonici
2905 2779 3145 2841 nomine
3172 2777 3246 2839 iis
3274 2774 3486 2849 indito,
3520 2778 3744 2834 statue-

2103 2873 2243 2926 runt
2265 2865 2338 2927 ab
2364 2882 2570 2930 eorum
2625 2867 2890 2948 quolibet
2939 2866 3281 2947 exigendas,
3314 2882 3420 2947 pro
3449 2860 3624 2924 modo
3656 2858 3746 2918 fa-

375 2949 772 3017 εὐλαϐεττάτοις
841 2952 1031 3032 ἱερεῦσι
1107 2952 1451 3032 πσρέχεσθαι,
1528 2953 1695 3013 Ἀλλὰ
1712 2955 2023 3033 εσυνοδικῶς

2107 2953 2390 3017 collatum
2436 2956 2588 3036 ejus,
2645 2974 2715 3018 ac
2768 2954 3284 3018 reverendissimis
3343 2948 3750 3016 sacerdotibus

374 3041 762 3121 παραστάντες,
794 3042 883 3097 καὶ
938 3041 1004 3100 τὰ
1046 3040 1293 3118 βασιλικά
1362 3040 1689 3123 διατάγματα
1747 3048 1819 3110 εἰς
1864 3046 2024 3123 μέσον

376 3130 710 3211 προθέμενοι,
756 3129 852 3187 καὶ
921 3130 1039 3197 τούς
1107 3130 1484 3212 παλαιοτέρους
1541 3132 1838 3200 συνοδικούς
1908 3139 2023 3215 ὁρι-

376 3220 542 3295 σμοὺς
613 3218 1013 3298 ἀναγνωσθῆναι
1070 3222 1199 3298 πρὸς
1281 3222 1484 3286 τούτοις
1541 3226 2021 3301 καθικετεύσαντες,

378 3308 646 3388 ἐφάνησαν
676 3304 802 3383 μηδ’
832 3309 1005 3366 ὁτιοῦν
1050 3307 1279 3367 ἐντεῦθεν
1308 3309 1394 3367 ἐπὶ
1447 3317 1516 3387 τῇ
1587 3312 1693 3369 τῶν
1735 3319 2024 3370 κανονικῶν

377 3396 633 3477 εἷςπράξει
675 3396 942 3477 πρόκριμα
968 3397 1329 3477 ὑφιστάμενοι.
1406 3388 1535 3457 υΟτι
1592 3402 1658 3457 τὰ
1714 3403 1812 3477 μὲν
1866 3425 2023 3462 συνο-

380 3484 499 3544 δικὰ
569 3485 670 3553 τὴν
725 3484 785 3542 ἐκ
840 3488 948 3541 τῶν
1002 3484 1209 3543 λα’ίκῶν
1276 3494 1366 3544 τοῦ
1406 3499 1683 3549 κανονικοῦ
1752 3489 2023 3570 εἴσπραξιν

376 3575 695 3655 ἀπείργοντα
722 3574 991 3655 φαίνεται,
1022 3573 1089 3631 δι’
1120 3576 1148 3631 ὃ
1179 3574 1293 3634 οὐδὲ
1364 3578 1585 3653 μνήμην
1654 3580 1770 3635 τινὰ
1825 3580 2025 3637 τούτων

377 3666 451 3730 ὡς
492 3663 987 3744 ἀπαγορευομένων,
1021 3664 1075 3720 ἐν
1145 3670 1379 3746 Γραφαϊς
1432 3667 1647 3729 τίθεται,
1708 3670 1783 3726 Τὰ
1833 3667 1888 3725 δὲ
1945 3669 2022 3742 μὴ

378 3751 605 3810 κώλυσιν
658 3754 866 3809 ὁθενοῦν
945 3750 1223 3828 δεξάμενα,
1293 3759 1410 3819 πῶς
1494 3755 1837 3823 ἐναντιότητά
1908 3779 2027 3813 τινα

381 3840 571 3907 εἰσάξει
600 3842 851 3920 γινόμενα
899 3861 916 3921 ς
953 3844 1013 3900 Οἱ
1044 3839 1098 3898 δέ
1154 3864 1215 3921 γε
1283 3844 1541 3902 θειότατοι
1574 3845 1844 3922 ’βασιλεῖς
1896 3847 2027 3923 πρὸς

378 3932 470 3988 τὸν
511 3953 601 3987 και
629 3931 715 4011 ρὸν
745 3929 845 4009 (ὡς
902 3930 1092 4009 ἔοικεν)
1162 3930 1592 4014 ἀποϐλέψαντας,
1646 3936 1733 3991 καὶ
1787 3934 1854 4011 τῇ
1894 3936 2025 4013 πρὸς

381 4020 501 4083 τοὺς
548 4019 820 4099 ἀρχιερεῖς
878 4027 1034 4097 τιμῇ,
1065 4017 1150 4077 διὰ
1204 4026 1304 4088 τῆς
1372 4026 1478 4080 τῶν
1530 4023 1856 4102 πραγμάτων
1913 4025 2027 4079 εἰσ-

2109 3043 2489 3122 praastandas.
2526 3043 2642 3107 Sed
2671 3064 2806 3108 cum
2837 3044 2898 3106 in
2930 3044 3153 3126 synodo
3184 3044 3245 3106 hi
3275 3041 3746 3123 comparuissent

2108 3140 2165 3193 et
2188 3132 2600 3214 imperatorias
2650 3134 2990 3197 sanctiones
3017 3134 3080 3197 in
3111 3132 3380 3196 medium
3411 3128 3750 3214 proposuis-

2106 3229 2263 3297 sent,
2297 3230 2705 3304 praetereaque
2734 3222 3052 3285 vetustiora
3073 3223 3316 3284 decreta
3330 3217 3631 3301 synodalia
3659 3234 3751 3278 re-

2106 3307 2221 3388 legi
2248 3312 2604 3392 petiissent:
2663 3313 2891 3374 nullum
2951 3313 3039 3375 eis
3085 3311 3280 3392 paruit
3336 3310 3397 3370 in
3445 3305 3752 3369 exactione

2104 3398 2527 3461 canonicorum
2554 3400 2962 3482 praejudicium
2986 3398 3132 3462 inde
3161 3398 3383 3460 aﬂ‘erri.
3404 3395 3633 3476 Quippe
3649 3413 3747 3474 sy-

2106 3486 2341 3549 nodalia
2371 3488 2613 3569 quidem
2668 3490 2911 3552 decreta
2970 3489 3342 3552 exactionem
3392 3483 3662 3548 canonici
3718 3500 3752 3542 a

2106 3574 2275 3636 laicis
2306 3577 2625 3657 prohibere
2654 3578 2953 3659 videntur,
2974 3579 3116 3640 dum
3150 3575 3512 3638 mentionem
3538 3574 3751 3635 borum

2111 3664 2330 3725 nullam
2355 3665 2571 3728 faciunt
2587 3667 2785 3747 ,veluti
2806 3667 2993 3729 sacris
3013 3665 3250 3729 Litteris
3271 3661 3748 3726 interdictorum.

2108 3751 2249 3825 Quae
2277 3762 2475 3817 autem
2506 3756 2666 3818 nulla
2712 3755 3113 3838 prohibitione
3163 3763 3458 3830 vetantur,
3491 3767 3750 3833 quonam

2108 3850 2276 3922 pacto
2298 3843 2349 3904 si
2379 3846 2541 3922 fiant,
2569 3846 2960 3909 adversationi
3010 3864 3250 3908 causam
3284 3842 3538 3924 aliquam
3598 3856 3753 3920 prm-

2109 3929 2390 3994 bebunt‘!
2437 3935 2510 3996 At
2538 3954 2678 3999 vero
2710 3934 3093 3997 sacratissimi
3135 3934 3440 4016 principes
3473 3932 3755 4013 temporis

2105 4025 2196 4098 (ut
2244 4022 2484 4102 quidem
2541 4033 2804 4106 apparet)
2879 4024 3107 4087 ratione
3158 4024 3378 4100 habita,
3433 4031 3491 4086 et
3546 4020 3758 4087 honori

382 4114 545 4189 φορᾶς
573 4108 758 4189 χώραν
812 4107 1185 4195 παρέχοντεςῇ
1222 4112 1308 4166 κοὶ
1366 4119 1458 4169 τοῦ
1514 4110 1736 4177 λκϊκοὺς
1789 4118 1857 4189 τῇ
1884 4135 2024 4191 παρ-

2112 4110 2489 4186 pontiﬁcibus
2538 4113 2898 4195 exhibendo,
2956 4131 3061 4193 per
3114 4113 3474 4175 oblationem
3525 4130 3749 4186 rerum,

383 4204 495 4278 οχῇ
560 4197 755 4265 ταύτης
812 4196 1082 4271 ὑπέθεντο,
1148 4189 1342 4258 ἸΕνθεν
1371 4221 1453 4257 τοι
1524 4202 1613 4257 καὶ
1675 4199 2024 4277 δικαιότατον,

2111 4200 2486 4263 occasionem
2507 4189 3048 4282 praebentes,etiam
3063 4202 3247 4265 laicos
3269 4200 3628 4284 prmstationi
3651 4200 3756 4261 hu-

383 4285 577 4366 ἔδοξεν,
624 4285 988 4366 ἀμφοτέρωθεν
1018 4288 1141 4351 τοὺς
1185 4288 1477 4369 ἀρχιερεῖς⁸
1535 4288 1592 4346 ἔκ
1661 4312 1718 4347 τε
1774 4297 1879 4347 τῶν
1946 4294 2024 4347 ἱε-

2106 4287 2206 4368 jus
2226 4288 2515 4351 obnoxios
2538 4309 2666 4352 esse
2689 4291 3022 4353 voluerunt.
3057 4291 3258 4373 anue
3276 4292 3349 4354 de
3372 4308 3547 4353 causa
3567 4288 3751 4350 visum

384 4375 540 4455 ρὲων,
584 4375 672 4432 καὶ
700 4380 805 4431 τῶν
834 4374 1060 4446 λαϊκῶν,
1093 4378 1160 4435 τὰ
1190 4379 1320 4457 ὑπὲρ
1361 4384 1452 4435 νοῦ
1523 4387 1798 4436 κανονικοῦ
1853 4403 2024 4438 τυπω-

2117 4387 2208 4440 est
2249 4378 2651 4460 equissimum
2682 4399 2838 4455 esse,
2883 4390 2945 4443 ut
2975 4382 3250 4463 utrinque
3277 4379 3606 4461 pontifices,
3639 4384 3756 4436 tam

383 4464 560 4533 θέντα,
594 4464 894 4538 κομίζεσθαι
931 4480 945 4494 '
1008 4463 1088 4521 ὅτι
1147 4464 1284 4541 μηδὲ
1340 4468 1673 4545 σνρατεύεταί
1738 4492 1842 4551 τις,
1899 4471 2024 4527 κατᾶ

2115 4484 2148 4528 a
2177 4468 2794 4550 sacerdotibus,quam
2813 4489 2848 4532 a
2869 4469 3334 4544 laicis,cannnici
3353 4466 3593 4528 nomine
3615 4483 3756 4527 san-

389 4555 481 4610 τὸν
507 4556 652 4610 θετον
682 4550 1033 4628 Ἀπόστολον,
1065 4555 1318 4630 ὀψωνίοις
1366 4554 1537 4620 ἰδίοις,
1585 4556 1751 4613 Ἀλλὰ
1790 4560 1879 4616 καὶ
1907 4561 2033 4616 ποί-

393 4664 534 4718 μνην
564 4662 640 4704 τις
699 4642 1018 4722 ποιμαίνων,
1086 4641 1147 4700 ἐκ
1204 4651 1295 4701 τοῦ
1363 4644 1628 4725 γάλακτος
1699 4647 1887 4706 ἐσθιειν
1942 4652 2035 4708 οὐκ

393 4729 786 4806 ἀποτέτραπται
835 4745 850 4761 ⁸
904 4732 993 4786 καὶ
1097 4730 1387 4807 ἀμπελῶνα
1461 4735 1693 4812 φυτεύων
1791 4736 1851 4794 ἐκ
1945 4745 2037 4796 τοῦ

388 4818 593 4898 καρποῦ
641 4815 915 4896 δρέπεσθαι
968 4823 1029 4879 οὐ
1070 4819 1387 4885 κεκώλυται,
1449 4824 1547 4881 Καὶ
1590 4826 1619 4880 ὁ
1686 4814 1913 4891 παλαιὸς
1983 4826 2037 4884 δὲ

2116 4555 2234 4617 cita
2290 4555 2517 4631 ferant;
2575 4558 3054 4639 quandoquidem
3109 4555 3423 4637 stipendiis
3476 4552 3756 4634 propriis,

2116 4645 2445 4708 secundum
2478 4645 2742 4708 divinum
2766 4648 2930 4709 illum
2953 4646 3507 4726 Apostolum,nemo
3525 4642 3756 4720 militat,

2117 4733 2221 4796 sed
2256 4742 2314 4795 et
2346 4743 2544 4814 pastor
2598 4736 2832 4817 aliquis,
2898 4734 3271 4818 pastoriciam
3331 4734 3580 4806 faciens,
3613 4733 3762 4796 lacte

2121 4822 2275 4884 vesci
2292 4842 2409 4885 non
2430 4830 2698 4886 velatur:
2729 4833 2785 4886 et
2810 4825 2910 4906 qui
2932 4824 3160 4886 vineam
3188 4824 3426 4905 plantat,
3463 4822 3538 4884 de
3567 4821 3761 4883 fructu

388 4907 574 4983 νόμος,
597 4903 861 4996 ,ἐμϐαλεῖν
930 4907 994 4964 ἐκ
1033 4916 1140 4967 τῶν
1222 4918 1439 4989 καρπῶν
1510 4913 1583 4976 εὶς
1638 4915 1738 4981 τὴν
1788 4915 2024 4996 κάρταλιπ

2121 4911 2458 4992 decerpere,
2472 4903 2975 4993 non'prohibetur.
2989 4903 3282 4976 Praeterea
3299 4913 3393 4975 lex
3406 4912 3583 4974 etiam
3601 4918 3765 4970 vetus

388 4994 816 5077 παρακελεύεται.
854 4997 944 5053 καὶ
985 4997 1224 5055 εἰσοίσειν
1256 5001 1327 5064 είς
1357 5002 1447 5056 τὸν
1489 5010 1581 5057 τοῦ
1639 5010 1771 5059 Θεοῦ
1830 4994 1984 5063 νΪκον
2019 5026 2024 5041 ⁴

2120 5001 2338 5081 conjici
2392 5002 2688 5063 fructuum
2722 5010 2946 5082 partem
2996 5003 3057 5063 in
3092 5020 3236 5080 quas
3263 5002 3430 5065 illum
3457 4999 3656 5081 jubet,
3707 5006 3765 5059 et

389 5082 650 5160 λήψεσθαι
683 5104 739 5139 τε
768 5089 933 5141 ταῦτα
975 5084 1035 5142 ἐκ
1085 5093 1192 5144 τῶν
1246 5094 1443 5169 χειρῶν
1495 5096 1588 5147 τοῦ
1672 5094 2024 5170 προσοίσοντος

2122 5093 2179 5151 in
2210 5092 2317 5152 Dei
2351 5091 2635 5172 templum
2661 5090 2962 5172 deportari
2996 5113 3008 5151 :
3066 5090 3167 5152 ubi
3195 5092 3271 5153 de
3302 5091 3580 5152 manibus
3610 5089 3759 5151 οιτο-

390 5181 480 5229 τὸν
535 5171 697 5251 ἱερέα,
755 5173 843 5229 καὶ
912 5177 1126 5243 τεθῆναι
1210 5176 1459 5235 ἀπέναντι
1528 5187 1619 5238 τοῦ
1671 5184 2024 5263 θυσιαστηρίοι

2114 5178 2304 5243 rentis
2334 5198 2403 5242 ea
2447 5171 2754 5242 sacerdos,
2774 5179 3051 5261 accipiat,
3085 5189 3145 5244 et
3183 5199 3252 5244 ex
3282 5181 3530 5244 adverso
3558 5179 3763 5241 altaris

391 5259 676 5352 εὐλογῆσαί
703 5280 761 5316 τε
790 5262 877 5317 καὶ
930 5262 1204 5352 εὔξασθαι,
1263 5267 1352 5323 καί
1434 5264 1598 5331 οὕτως
1680 5259 2024 5349 εὐλογημένοι

2115 5272 2388 5344 collocet,
2438 5268 2706 5349 votisque
2761 5259 3064 5351 conceptis
3121 5269 3435 5334 benedicat
3485 5286 3500 5333 :
3548 5268 3766 5352 quibus

391 5350 534 5443 εἶναι
561 5350 649 5407 τὸν
672 5398 691 5423 ,λ
714 5349 1134 5443 Ππροσενέγκανα,
1194 5355 1282 5413 καὶ
1348 5356 1439 5415 τὸν
1496 5359 1651 5415 οἶκον
1712 5360 1886 5435 αὐτοῦ,
1945 5371 2024 5420 καί

2114 5360 2396 5444 peractis,
2427 5356 2785 5422 benedictus
2814 5357 2917 5423 ille
2951 5349 3203 5424 iuturus
3248 5360 3347 5444 sit,
3374 5356 3480 5442 qui
3526 5349 3760 5437 obtulit,

405 5550 412 5568 ι
1688 5525 1950 5622 nam
1982 5495 2316 5601 ‘LECTION
2327 5527 2441 5596 es.

477 5643 495 5684 ι
526 5636 918 5720 Οπὶθίαιὶὺιιε.
2147 5655 2154 5662 '
