  <div class='ocr_page' id='page_1' title='image "/cluster/home/n/w/nwhite01/storage/ocr_20150623/119/hvd.32044073502494/439.png"; bbox 0 0 4192 6220; ppageno 0'>
   <div class='ocr_carea' id='block_1_1' title="bbox 441 329 558 399">
    <p class='ocr_par' dir='ltr' id='par_1_1' title="bbox 441 329 558 399">
     <span class='ocr_line' id='line_1_1' title="bbox 441 329 558 399; baseline 0.034 -4"><span class='ocrx_word' id='word_1_1' title='bbox 441 329 558 399; x_wconf 88' lang='grc'><strong>863</strong></span> 
     </span>
    </p>
   </div>
   <div class='ocr_carea' id='block_1_2' title="bbox 1816 333 2430 398">
    <p class='ocr_par' dir='ltr' id='par_1_2' title="bbox 1816 333 2430 398">
     <span class='ocr_line' id='line_1_2' title="bbox 1816 333 2430 398; baseline -0.003 -1"><span class='ocrx_word' id='word_1_2' title='bbox 1816 335 1948 397; x_wconf 83' lang='lat' dir='ltr'><strong>JUS</strong></span> <span class='ocrx_word' id='word_1_3' title='bbox 1987 333 2430 398; x_wconf 82' lang='lat' dir='ltr'><strong>CANONIGUM</strong></span> 
     </span>
    </p>
   </div>
   <div class='ocr_carea' id='block_1_3' title="bbox 3697 325 3817 388">
    <p class='ocr_par' dir='ltr' id='par_1_3' title="bbox 3697 325 3817 388">
     <span class='ocr_line' id='line_1_3' title="bbox 3697 325 3817 388; baseline 0 -1"><span class='ocrx_word' id='word_1_4' title='bbox 3697 325 3817 388; x_wconf 82' lang='grc'><strong>864</strong></span> 
     </span>
    </p>
   </div>
   <div class='ocr_carea' id='block_1_4' title="bbox 442 458 2070 560">
    <p class='ocr_par' dir='ltr' id='par_1_4' title="bbox 442 479 2070 560">
     <span class='ocr_line' id='line_1_4' title="bbox 442 479 2070 560; baseline -0.001 -19"><span class='ocrx_word' id='word_1_5' title='bbox 442 499 560 541; x_wconf 85' lang='lat' dir='ltr'><strong>una</strong></span> <span class='ocrx_word' id='word_1_6' title='bbox 587 498 720 544; x_wconf 90' lang='lat' dir='ltr'><strong>cum</strong></span> <span class='ocrx_word' id='word_1_7' title='bbox 750 481 924 544; x_wconf 93' lang='lat' dir='ltr'><strong>domo</strong></span> <span class='ocrx_word' id='word_1_8' title='bbox 958 502 1086 555; x_wconf 88' lang='lat' dir='ltr'><strong>sua,</strong></span> <span class='ocrx_word' id='word_1_9' title='bbox 1122 492 1178 544; x_wconf 93' lang='lat' dir='ltr'><strong>et</strong></span> <span class='ocrx_word' id='word_1_10' title='bbox 1228 481 1433 560; x_wconf 86' lang='lat' dir='ltr'><strong>fundo,</strong></span> <span class='ocrx_word' id='word_1_11' title='bbox 1461 490 1518 543; x_wconf 91' lang='lat' dir='ltr'><strong>et</strong></span> <span class='ocrx_word' id='word_1_12' title='bbox 1550 481 1800 560; x_wconf 74' lang='lat' dir='ltr'><strong>reliquis</strong></span> <span class='ocrx_word' id='word_1_13' title='bbox 1828 479 2070 542; x_wconf 81' lang='lat' dir='ltr'><strong>faculta-</strong></span> 
     </span>
    </p>
   </div>
   <div class='ocr_carea' id='block_1_5' title="bbox 2156 458 3818 560">
    <p class='ocr_par' dir='ltr' id='par_1_5' title="bbox 2167 458 3818 544">
     <span class='ocr_line' id='line_1_5' title="bbox 2167 458 3818 544; baseline -0.004 -24"><span class='ocrx_word' id='word_1_14' title='bbox 2167 464 2266 531; x_wconf 72' lang='grc' dir='ltr'><strong>τὴν</strong></span> <span class='ocrx_word' id='word_1_15' title='bbox 2321 465 2504 544; x_wconf 76' lang='grc' dir='ltr'>χώραν</span> <span class='ocrx_word' id='word_1_16' title='bbox 2562 466 2736 537; x_wconf 68' lang='grc' dir='ltr'>αὐτοῦ,</span> <span class='ocrx_word' id='word_1_17' title='bbox 2821 464 2908 520; x_wconf 88' lang='grc' dir='ltr'><strong>καὶ</strong></span> <span class='ocrx_word' id='word_1_18' title='bbox 2963 463 3027 518; x_wconf 77' lang='grc' dir='ltr'><strong>τα</strong></span> <span class='ocrx_word' id='word_1_19' title='bbox 3124 458 3583 540; x_wconf 81' lang='grc' dir='ltr'>ἐγκαταλείμματα</span> <span class='ocrx_word' id='word_1_20' title='bbox 3661 462 3818 517; x_wconf 73' lang='grc' dir='ltr'><strong>οιῦτου</strong></span> 
     </span>
    </p>
   </div>
   <div class='ocr_carea' id='block_1_6' title="bbox 445 568 2085 651">
    <p class='ocr_par' dir='ltr' id='par_1_6' title="bbox 445 568 2085 651">
     <span class='ocr_line' id='line_1_6' title="bbox 445 568 2085 651; baseline -0.001 -21"><span class='ocrx_word' id='word_1_21' title='bbox 445 568 622 631; x_wconf 83' lang='lat' dir='ltr'><strong>libus.</strong></span> <span class='ocrx_word' id='word_1_22' title='bbox 673 569 839 643; x_wconf 89' lang='lat' dir='ltr'><strong>Quod</strong></span> <span class='ocrx_word' id='word_1_23' title='bbox 891 571 941 632; x_wconf 88' lang='lat' dir='ltr'><strong>si</strong></span> <span class='ocrx_word' id='word_1_24' title='bbox 990 571 1114 633; x_wconf 56' lang='lat' dir='ltr'><strong>haec</strong></span> <span class='ocrx_word' id='word_1_25' title='bbox 1146 571 1381 632; x_wconf 91' lang='lat' dir='ltr'><strong>illorum</strong></span> <span class='ocrx_word' id='word_1_26' title='bbox 1427 570 1586 646; x_wconf 88' lang='lat' dir='ltr'><strong>talia,</strong></span> <span class='ocrx_word' id='word_1_27' title='bbox 1620 591 1736 651; x_wconf 93' lang='lat' dir='ltr'><strong>quo</strong></span> <span class='ocrx_word' id='word_1_28' title='bbox 1770 579 1935 651; x_wconf 89' lang='lat' dir='ltr'><strong>pacto</strong></span> <span class='ocrx_word' id='word_1_29' title='bbox 1968 586 2085 630; x_wconf 89' lang='lat' dir='ltr'><strong>non</strong></span> 
     </span>
    </p>
   </div>
   <div class='ocr_carea' id='block_1_7' title="bbox 442 658 2082 740">
    <p class='ocr_par' dir='ltr' id='par_1_7' title="bbox 442 658 2082 740">
     <span class='ocr_line' id='line_1_7' title="bbox 442 658 2082 740; baseline -0.001 -22"><span class='ocrx_word' id='word_1_30' title='bbox 442 658 727 738; x_wconf 86' lang='lat' dir='ltr'><strong>majorem</strong></span> <span class='ocrx_word' id='word_1_31' title='bbox 779 659 891 721; x_wconf 91' lang='lat' dir='ltr'><strong>ista</strong></span> <span class='ocrx_word' id='word_1_32' title='bbox 919 658 1399 721; x_wconf 79' lang='lat' dir='ltr'><strong>benedictionem</strong></span> <span class='ocrx_word' id='word_1_33' title='bbox 1460 666 1914 740; x_wconf 79' lang='lat' dir='ltr'><strong>consequantur,</strong></span> <span class='ocrx_word' id='word_1_34' title='bbox 1949 675 2082 719; x_wconf 91' lang='lat' dir='ltr'><strong>cum</strong></span> 
     </span>
    </p>
   </div>
   <div class='ocr_carea' id='block_1_8' title="bbox 443 747 2084 829">
    <p class='ocr_par' dir='ltr' id='par_1_8' title="bbox 443 747 2084 829">
     <span class='ocr_line' id='line_1_8' title="bbox 443 747 2084 829; baseline 0 -21"><span class='ocrx_word' id='word_1_35' title='bbox 443 747 650 808; x_wconf 80' lang='lat' dir='ltr'><strong>divina</strong></span> <span class='ocrx_word' id='word_1_36' title='bbox 667 747 1097 810; x_wconf 89' lang='lat' dir='ltr'><strong>sacrosanctior</strong></span> <span class='ocrx_word' id='word_1_37' title='bbox 1125 748 1197 810; x_wconf 91' lang='lat' dir='ltr'><strong>sit</strong></span> <span class='ocrx_word' id='word_1_38' title='bbox 1231 758 1410 828; x_wconf 88' lang='lat' dir='ltr'><strong>atque</strong></span> <span class='ocrx_word' id='word_1_39' title='bbox 1432 747 1752 829; x_wconf 77' lang='lat' dir='ltr'><strong>perfectior</strong></span> <span class='ocrx_word' id='word_1_40' title='bbox 1773 755 1800 810; x_wconf 86' lang='lat'><strong>?</strong></span> <span class='ocrx_word' id='word_1_41' title='bbox 1833 750 1896 810; x_wconf 91' lang='lat' dir='ltr'><strong>ln</strong></span> <span class='ocrx_word' id='word_1_42' title='bbox 1926 748 2084 808; x_wconf 92' lang='lat' dir='ltr'><strong>hunc</strong></span> 
     </span>
    </p>
   </div>
   <div class='ocr_carea' id='block_1_9' title="bbox 442 836 2085 918">
    <p class='ocr_par' dir='ltr' id='par_1_9' title="bbox 442 836 2085 918">
     <span class='ocr_line' id='line_1_9' title="bbox 442 836 2085 918; baseline 0 -20"><span class='ocrx_word' id='word_1_43' title='bbox 442 854 581 913; x_wconf 81' lang='lat' dir='ltr'><strong>ergo</strong></span> <span class='ocrx_word' id='word_1_44' title='bbox 612 836 853 897; x_wconf 92' lang='lat' dir='ltr'><strong>modum</strong></span> <span class='ocrx_word' id='word_1_45' title='bbox 915 857 1048 899; x_wconf 92' lang='lat' dir='ltr'><strong>cum</strong></span> <span class='ocrx_word' id='word_1_46' title='bbox 1108 837 1273 918; x_wconf 90' lang='lat' dir='ltr'><strong>prius</strong></span> <span class='ocrx_word' id='word_1_47' title='bbox 1317 837 1642 899; x_wconf 89' lang='lat' dir='ltr'><strong>indicatum</strong></span> <span class='ocrx_word' id='word_1_48' title='bbox 1675 836 1956 917; x_wconf 80' lang='lat' dir='ltr'><strong>synodale</strong></span> <span class='ocrx_word' id='word_1_49' title='bbox 1986 836 2085 898; x_wconf 88' lang='lat' dir='ltr'><strong>de-</strong></span> 
     </span>
    </p>
   </div>
   <div class='ocr_carea' id='block_1_10' title="bbox 437 925 2080 1007">
    <p class='ocr_par' dir='ltr' id='par_1_10' title="bbox 437 925 2080 1007">
     <span class='ocr_line' id='line_1_10' title="bbox 437 925 2080 1007; baseline -0.001 -21"><span class='ocrx_word' id='word_1_50' title='bbox 437 933 688 999; x_wconf 89' lang='lat' dir='ltr'><strong>cretum,</strong></span> <span class='ocrx_word' id='word_1_51' title='bbox 724 932 782 986; x_wconf 92' lang='lat' dir='ltr'><strong>et</strong></span> <span class='ocrx_word' id='word_1_52' title='bbox 811 925 1084 989; x_wconf 85' lang='lat' dir='ltr'><strong>insecuta</strong></span> <span class='ocrx_word' id='word_1_53' title='bbox 1133 926 1514 1007; x_wconf 81' lang='lat' dir='ltr'><strong>imperatoria</strong></span> <span class='ocrx_word' id='word_1_54' title='bbox 1547 943 1714 987; x_wconf 87' lang='lat' dir='ltr'><strong>sacra</strong></span> <span class='ocrx_word' id='word_1_55' title='bbox 1737 927 1990 999; x_wconf 89' lang='lat' dir='ltr'><strong>sanctio,</strong></span> <span class='ocrx_word' id='word_1_56' title='bbox 2021 925 2080 985; x_wconf 93' lang='lat' dir='ltr'><strong>in</strong></span> 
     </span>
    </p>
   </div>
   <div class='ocr_carea' id='block_1_11' title="bbox 438 1016 2083 1100">
    <p class='ocr_par' dir='ltr' id='par_1_11' title="bbox 438 1016 2083 1100">
     <span class='ocr_line' id='line_1_11' title="bbox 438 1016 2083 1100; baseline 0.001 -21"><span class='ocrx_word' id='word_1_57' title='bbox 438 1016 598 1079; x_wconf 89' lang='lat' dir='ltr'><strong>nullo</strong></span> <span class='ocrx_word' id='word_1_58' title='bbox 626 1017 784 1080; x_wconf 91' lang='lat' dir='ltr'><strong>inter</strong></span> <span class='ocrx_word' id='word_1_59' title='bbox 812 1036 876 1080; x_wconf 87' lang='lat' dir='ltr'><strong>se</strong></span> <span class='ocrx_word' id='word_1_60' title='bbox 906 1018 1270 1100; x_wconf 78' lang='lat' dir='ltr'><strong>discrepent,</strong></span> <span class='ocrx_word' id='word_1_61' title='bbox 1333 1026 1609 1080; x_wconf 88' lang='lat' dir='ltr'><strong>statutum</strong></span> <span class='ocrx_word' id='word_1_62' title='bbox 1641 1027 1729 1079; x_wconf 91' lang='lat' dir='ltr'><strong>est</strong></span> <span class='ocrx_word' id='word_1_63' title='bbox 1759 1027 1822 1080; x_wconf 90' lang='lat' dir='ltr'><strong>ut</strong></span> <span class='ocrx_word' id='word_1_64' title='bbox 1871 1027 2083 1096; x_wconf 68' lang='lat' dir='ltr'><strong>praeter</strong></span> 
     </span>
    </p>
   </div>
   <div class='ocr_carea' id='block_1_12' title="bbox 435 1105 2078 1188">
    <p class='ocr_par' dir='ltr' id='par_1_12' title="bbox 435 1105 2078 1188">
     <span class='ocr_line' id='line_1_12' title="bbox 435 1105 2078 1188; baseline 0.001 -22"><span class='ocrx_word' id='word_1_65' title='bbox 435 1105 560 1167; x_wconf 69' lang='lat' dir='ltr'><strong>haec</strong></span> <span class='ocrx_word' id='word_1_66' title='bbox 591 1106 739 1168; x_wconf 90' lang='lat' dir='ltr'><strong>nihil</strong></span> <span class='ocrx_word' id='word_1_67' title='bbox 773 1106 929 1168; x_wconf 81' lang='lat' dir='ltr'><strong>aliud</strong></span> <span class='ocrx_word' id='word_1_68' title='bbox 982 1108 1123 1170; x_wconf 79' lang='lat' dir='ltr'><strong>fiat:</strong></span> <span class='ocrx_word' id='word_1_69' title='bbox 1188 1107 1292 1170; x_wconf 92' lang='lat' dir='ltr'><strong>sed</strong></span> <span class='ocrx_word' id='word_1_70' title='bbox 1323 1125 1690 1188; x_wconf 68' lang='lat' dir='ltr'><strong>quazcuuque</strong></span> <span class='ocrx_word' id='word_1_71' title='bbox 1722 1117 2078 1188; x_wconf 59' lang='lat' dir='ltr'><strong>praeceptum</strong></span> 
     </span>
    </p>
   </div>
   <div class='ocr_carea' id='block_1_13' title="bbox 437 1195 2080 1270">
    <p class='ocr_par' dir='ltr' id='par_1_13' title="bbox 437 1195 2080 1270">
     <span class='ocr_line' id='line_1_13' title="bbox 437 1195 2080 1270; baseline 0.001 -15"><span class='ocrx_word' id='word_1_72' title='bbox 437 1202 526 1256; x_wconf 90' lang='lat' dir='ltr'><strong>est</strong></span> <span class='ocrx_word' id='word_1_73' title='bbox 557 1213 591 1256; x_wconf 93' lang='lat' dir='ltr'><strong>a</strong></span> <span class='ocrx_word' id='word_1_74' title='bbox 618 1195 1027 1257; x_wconf 88' lang='lat' dir='ltr'><strong>sacerdotibus</strong></span> <span class='ocrx_word' id='word_1_75' title='bbox 1083 1197 1253 1270; x_wconf 89' lang='lat' dir='ltr'><strong>solvi,</strong></span> <span class='ocrx_word' id='word_1_76' title='bbox 1300 1216 1369 1258; x_wconf 91' lang='lat' dir='ltr'><strong>ea</strong></span> <span class='ocrx_word' id='word_1_77' title='bbox 1397 1197 1739 1270; x_wconf 84' lang='lat' dir='ltr'><strong>solventur;</strong></span> <span class='ocrx_word' id='word_1_78' title='bbox 1771 1197 1820 1258; x_wconf 91' lang='lat' dir='ltr'><strong>si</strong></span> <span class='ocrx_word' id='word_1_79' title='bbox 1853 1196 2080 1258; x_wconf 90' lang='lat' dir='ltr'><strong>nummi</strong></span> 
     </span>
    </p>
   </div>
   <div class='ocr_carea' id='block_1_14' title="bbox 432 1282 2069 1366">
    <p class='ocr_par' dir='ltr' id='par_1_14' title="bbox 432 1282 2069 1366">
     <span class='ocr_line' id='line_1_14' title="bbox 432 1282 2069 1366; baseline -0.001 -20"><span class='ocrx_word' id='word_1_80' title='bbox 432 1282 640 1362; x_wconf 87' lang='lat' dir='ltr'><strong>sint,in</strong></span> <span class='ocrx_word' id='word_1_81' title='bbox 667 1284 926 1345; x_wconf 92' lang='lat' dir='ltr'><strong>nummis</strong></span> <span class='ocrx_word' id='word_1_82' title='bbox 954 1303 966 1348; x_wconf 92' lang='lat'><strong>:</strong></span> <span class='ocrx_word' id='word_1_83' title='bbox 997 1285 1088 1346; x_wconf 90' lang='lat' dir='ltr'><strong>sin</strong></span> <span class='ocrx_word' id='word_1_84' title='bbox 1111 1285 1403 1362; x_wconf 85' lang='lat' dir='ltr'><strong>autem,in</strong></span> <span class='ocrx_word' id='word_1_85' title='bbox 1428 1286 1847 1365; x_wconf 89' lang='lat' dir='ltr'><strong>proportionali</strong></span> <span class='ocrx_word' id='word_1_86' title='bbox 1878 1304 2069 1366; x_wconf 90' lang='lat' dir='ltr'><strong>quan-</strong></span> 
     </span>
    </p>
   </div>
   <div class='ocr_carea' id='block_1_15' title="bbox 433 1372 2072 1454">
    <p class='ocr_par' dir='ltr' id='par_1_15' title="bbox 433 1372 2072 1454">
     <span class='ocr_line' id='line_1_15' title="bbox 433 1372 2072 1454; baseline 0.002 -22"><span class='ocrx_word' id='word_1_87' title='bbox 433 1372 598 1433; x_wconf 89' lang='lat' dir='ltr'><strong>titate</strong></span> <span class='ocrx_word' id='word_1_88' title='bbox 645 1391 844 1435; x_wconf 88' lang='lat' dir='ltr'><strong>rerum</strong></span> <span class='ocrx_word' id='word_1_89' title='bbox 907 1373 1316 1437; x_wconf 83' lang='lat' dir='ltr'><strong>sanctionibus</strong></span> <span class='ocrx_word' id='word_1_90' title='bbox 1376 1374 1769 1454; x_wconf 87' lang='lat' dir='ltr'><strong>imperatoriis</strong></span> <span class='ocrx_word' id='word_1_91' title='bbox 1794 1393 2072 1454; x_wconf 79' lang='lat' dir='ltr'><strong>expresse</strong></span> 
     </span>
    </p>
   </div>
   <div class='ocr_carea' id='block_1_16' title="bbox 433 1460 2070 1544">
    <p class='ocr_par' dir='ltr' id='par_1_16' title="bbox 433 1460 2070 1544">
     <span class='ocr_line' id='line_1_16' title="bbox 433 1460 2070 1544; baseline 0.002 -24"><span class='ocrx_word' id='word_1_92' title='bbox 433 1460 831 1528; x_wconf 86' lang='lat' dir='ltr'><strong>insertarum;</strong></span> <span class='ocrx_word' id='word_1_93' title='bbox 895 1481 1005 1524; x_wconf 92' lang='lat' dir='ltr'><strong>nec</strong></span> <span class='ocrx_word' id='word_1_94' title='bbox 1036 1463 1130 1524; x_wconf 89' lang='lat' dir='ltr'><strong>his</strong></span> <span class='ocrx_word' id='word_1_95' title='bbox 1161 1463 1413 1542; x_wconf 91' lang='lat' dir='ltr'><strong>amplius</strong></span> <span class='ocrx_word' id='word_1_96' title='bbox 1441 1463 1662 1544; x_wconf 89' lang='lat' dir='ltr'><strong>aliquid</strong></span> <span class='ocrx_word' id='word_1_97' title='bbox 1699 1463 1937 1524; x_wconf 89' lang='lat' dir='ltr'><strong>nomine</strong></span> <span class='ocrx_word' id='word_1_98' title='bbox 1959 1463 2070 1524; x_wconf 85' lang='lat' dir='ltr'><strong>ali-</strong></span> 
     </span>
    </p>
   </div>
   <div class='ocr_carea' id='block_1_17' title="bbox 434 1551 2070 1633">
    <p class='ocr_par' dir='ltr' id='par_1_17' title="bbox 434 1551 2070 1633">
     <span class='ocr_line' id='line_1_17' title="bbox 434 1551 2070 1633; baseline 0.002 -23"><span class='ocrx_word' id='word_1_99' title='bbox 434 1557 767 1613; x_wconf 88' lang='lat' dir='ltr'><strong>mentorum</strong></span> <span class='ocrx_word' id='word_1_100' title='bbox 800 1551 1089 1633; x_wconf 86' lang='lat' dir='ltr'><strong>illius,qui</strong></span> <span class='ocrx_word' id='word_1_101' title='bbox 1120 1552 1458 1628; x_wconf 76' lang='lat' dir='ltr'><strong>ordinat,ab</strong></span> <span class='ocrx_word' id='word_1_102' title='bbox 1493 1552 1824 1615; x_wconf 88' lang='lat' dir='ltr'><strong>ordinando</strong></span> <span class='ocrx_word' id='word_1_103' title='bbox 1849 1571 2070 1632; x_wconf 88' lang='lat' dir='ltr'><strong>expen-</strong></span> 
     </span>
    </p>
   </div>
   <div class='ocr_carea' id='block_1_18' title="bbox 432 1637 2065 1723">
    <p class='ocr_par' dir='ltr' id='par_1_18' title="bbox 432 1637 2065 1723">
     <span class='ocr_line' id='line_1_18' title="bbox 432 1637 2065 1723; baseline 0.002 -23"><span class='ocrx_word' id='word_1_104' title='bbox 432 1637 626 1701; x_wconf 89' lang='lat' dir='ltr'><strong>detur.</strong></span> <span class='ocrx_word' id='word_1_105' title='bbox 687 1639 1062 1722; x_wconf 71' lang='lat' dir='ltr'><strong>Quaecunque</strong></span> <span class='ocrx_word' id='word_1_106' title='bbox 1137 1661 1273 1704; x_wconf 90' lang='lat' dir='ltr'><strong>vero</strong></span> <span class='ocrx_word' id='word_1_107' title='bbox 1349 1643 1734 1723; x_wconf 90' lang='lat' dir='ltr'><strong>requiruntur</strong></span> <span class='ocrx_word' id='word_1_108' title='bbox 1787 1661 1820 1702; x_wconf 90' lang='lat' dir='ltr'><strong>a</strong></span> <span class='ocrx_word' id='word_1_109' title='bbox 1878 1642 2065 1717; x_wconf 89' lang='lat' dir='ltr'><strong>laicis,</strong></span> 
     </span>
    </p>
   </div>
   <div class='ocr_carea' id='block_1_19' title="bbox 2170 546 3814 632">
    <p class='ocr_par' dir='ltr' id='par_1_19' title="bbox 2170 546 3814 632">
     <span class='ocr_line' id='line_1_19' title="bbox 2170 546 3814 632; baseline -0.005 -22"><span class='ocrx_word' id='word_1_110' title='bbox 2170 555 2226 610; x_wconf 85' lang='grc' dir='ltr'><strong>Εἰ</strong></span> <span class='ocrx_word' id='word_1_111' title='bbox 2256 551 2310 609; x_wconf 77' lang='grc' dir='ltr'><strong>δὲ</strong></span> <span class='ocrx_word' id='word_1_112' title='bbox 2339 560 2553 610; x_wconf 84' lang='grc' dir='ltr'>τοιαῦτα</span> <span class='ocrx_word' id='word_1_113' title='bbox 2581 555 2646 610; x_wconf 78' lang='grc' dir='ltr'>τὰ</span> <span class='ocrx_word' id='word_1_114' title='bbox 2677 553 2912 632; x_wconf 84' lang='grc' dir='ltr'>ἐκείνων,</span> <span class='ocrx_word' id='word_1_115' title='bbox 2944 557 3056 614; x_wconf 80' lang='grc' dir='ltr'>πῶς</span> <span class='ocrx_word' id='word_1_116' title='bbox 3089 551 3209 631; x_wconf 73' lang='grc' dir='ltr'>οὒχὶ</span> <span class='ocrx_word' id='word_1_117' title='bbox 3276 550 3512 626; x_wconf 77' lang='grc' dir='ltr'><strong>μείζονος</strong></span> <span class='ocrx_word' id='word_1_118' title='bbox 3582 546 3814 612; x_wconf 80' lang='grc' dir='ltr'>τεύξεται</span> 
     </span>
    </p>
   </div>
   <div class='ocr_carea' id='block_1_20' title="bbox 2167 635 3816 722">
    <p class='ocr_par' dir='ltr' id='par_1_20' title="bbox 2167 635 3816 722">
     <span class='ocr_line' id='line_1_20' title="bbox 2167 635 3816 722; baseline -0.003 -25"><span class='ocrx_word' id='word_1_119' title='bbox 2167 640 2430 722; x_wconf 72' lang='grc' dir='ltr'>εὐλογίας,</span> <span class='ocrx_word' id='word_1_120' title='bbox 2479 642 2755 722; x_wconf 79' lang='grc' dir='ltr'>ἱερωτέρας</span> <span class='ocrx_word' id='word_1_121' title='bbox 2815 641 2977 708; x_wconf 75' lang='grc' dir='ltr'>οῧσης</span> <span class='ocrx_word' id='word_1_122' title='bbox 3039 645 3137 707; x_wconf 83' lang='grc' dir='ltr'>τῆς</span> <span class='ocrx_word' id='word_1_123' title='bbox 3205 638 3370 718; x_wconf 85' lang='grc' dir='ltr'>θείας,</span> <span class='ocrx_word' id='word_1_124' title='bbox 3424 640 3512 696; x_wconf 77' lang='grc' dir='ltr'><strong>καὶ</strong></span> <span class='ocrx_word' id='word_1_125' title='bbox 3566 635 3816 694; x_wconf 84' lang='grc' dir='ltr'>τελεωτέ-</span> 
     </span>
    </p>
   </div>
   <div class='ocr_carea' id='block_1_21' title="bbox 2167 723 3814 812">
    <p class='ocr_par' dir='ltr' id='par_1_21' title="bbox 2167 723 3814 812">
     <span class='ocr_line' id='line_1_21' title="bbox 2167 723 3814 812; baseline -0.004 -24"><span class='ocrx_word' id='word_1_126' title='bbox 2167 750 2308 812; x_wconf 84' lang='grc' dir='ltr'>ρας;</span> <span class='ocrx_word' id='word_1_127' title='bbox 2370 731 2519 789; x_wconf 58' lang='grc' dir='ltr'>Οὕτω</span> <span class='ocrx_word' id='word_1_128' title='bbox 2576 741 2722 812; x_wconf 91' lang='grc' dir='ltr'>γοῦν,</span> <span class='ocrx_word' id='word_1_129' title='bbox 2823 740 2916 789; x_wconf 89' lang='grc' dir='ltr'><strong>τοῦ</strong></span> <span class='ocrx_word' id='word_1_130' title='bbox 2973 730 3462 811; x_wconf 77' lang='grc' dir='ltr'>προεκφωνηθέντος</span> <span class='ocrx_word' id='word_1_131' title='bbox 3547 723 3814 788; x_wconf 82' lang='grc' dir='ltr'>συνοδικοῦ</span> 
     </span>
    </p>
   </div>
   <div class='ocr_carea' id='block_1_22' title="bbox 2166 814 3812 896">
    <p class='ocr_par' dir='ltr' id='par_1_22' title="bbox 2166 814 3812 896">
     <span class='ocr_line' id='line_1_22' title="bbox 2166 814 3812 896; baseline -0.002 -20"><span class='ocrx_word' id='word_1_132' title='bbox 2166 819 2554 896; x_wconf 81' lang='grc' dir='ltr'>ἐπιστάλματος</span> <span class='ocrx_word' id='word_1_133' title='bbox 2638 823 2725 876; x_wconf 89' lang='grc' dir='ltr'><strong>καὶ</strong></span> <span class='ocrx_word' id='word_1_134' title='bbox 2813 826 2905 875; x_wconf 88' lang='grc' dir='ltr'><strong>τοῦ</strong></span> <span class='ocrx_word' id='word_1_135' title='bbox 2988 817 3440 888; x_wconf 76' lang='grc' dir='ltr'>ἀκολουθήσαντος</span> <span class='ocrx_word' id='word_1_136' title='bbox 3535 814 3812 894; x_wconf 74' lang='grc' dir='ltr'>βασιλικοῦ</span> 
     </span>
    </p>
   </div>
   <div class='ocr_carea' id='block_1_23' title="bbox 2163 905 3812 989">
    <p class='ocr_par' dir='ltr' id='par_1_23' title="bbox 2163 905 3812 989">
     <span class='ocr_line' id='line_1_23' title="bbox 2163 905 3812 989; baseline -0.003 -23"><span class='ocrx_word' id='word_1_137' title='bbox 2163 911 2298 966; x_wconf 83' lang='grc' dir='ltr'>θεὶου</span> <span class='ocrx_word' id='word_1_138' title='bbox 2354 911 2762 989; x_wconf 85' lang='grc' dir='ltr'>προστάγματος</span> <span class='ocrx_word' id='word_1_139' title='bbox 2845 905 2964 964; x_wconf 83' lang='grc' dir='ltr'>κατ’</span> <span class='ocrx_word' id='word_1_140' title='bbox 3017 906 3163 966; x_wconf 76' lang='grc' dir='ltr'>οὐδὲν</span> <span class='ocrx_word' id='word_1_141' title='bbox 3260 905 3633 987; x_wconf 75' lang='grc' dir='ltr'>διεφονούντων</span> <span class='ocrx_word' id='word_1_142' title='bbox 3679 906 3812 985; x_wconf 85' lang='grc' dir='ltr'>πρὸς</span> 
     </span>
    </p>
   </div>
   <div class='ocr_carea' id='block_1_24' title="bbox 2165 995 3804 1076">
    <p class='ocr_par' dir='ltr' id='par_1_24' title="bbox 2165 995 3804 1076">
     <span class='ocr_line' id='line_1_24' title="bbox 2165 995 3804 1076; baseline -0.004 -21"><span class='ocrx_word' id='word_1_143' title='bbox 2165 997 2393 1074; x_wconf 66' lang='grc' dir='ltr'>ἄλληλα,</span> <span class='ocrx_word' id='word_1_144' title='bbox 2427 997 2571 1055; x_wconf 71' lang='grc' dir='ltr'>οῦδὲν</span> <span class='ocrx_word' id='word_1_145' title='bbox 2599 999 2739 1076; x_wconf 82' lang='grc' dir='ltr'>παρᾶ</span> <span class='ocrx_word' id='word_1_146' title='bbox 2769 1007 2930 1056; x_wconf 87' lang='grc' dir='ltr'>ταῦτα</span> <span class='ocrx_word' id='word_1_147' title='bbox 2971 995 3148 1073; x_wconf 78' lang='grc' dir='ltr'>ἕτερόν</span> <span class='ocrx_word' id='word_1_148' title='bbox 3177 1019 3226 1052; x_wconf 89' lang='grc' dir='ltr'><strong>τι</strong></span> <span class='ocrx_word' id='word_1_149' title='bbox 3269 995 3498 1074; x_wconf 87' lang='grc' dir='ltr'>γίνεσθαι</span> <span class='ocrx_word' id='word_1_150' title='bbox 3529 995 3752 1075; x_wconf 75' lang='grc' dir='ltr'>ὥρισται</span> <span class='ocrx_word' id='word_1_151' title='bbox 3789 1011 3804 1026; x_wconf 78' lang='grc'><strong><em>⁵</em></strong></span> 
     </span>
    </p>
   </div>
   <div class='ocr_carea' id='block_1_25' title="bbox 2163 1081 3810 1164">
    <p class='ocr_par' dir='ltr' id='par_1_25' title="bbox 2163 1081 3810 1164">
     <span class='ocr_line' id='line_1_25' title="bbox 2163 1081 3810 1164; baseline -0.002 -22"><span class='ocrx_word' id='word_1_152' title='bbox 2163 1085 2280 1142; x_wconf 78' lang='grc' dir='ltr'>ἀλλ’</span> <span class='ocrx_word' id='word_1_153' title='bbox 2309 1085 2407 1144; x_wconf 80' lang='grc' dir='ltr'>ὅσα</span> <span class='ocrx_word' id='word_1_154' title='bbox 2437 1087 2534 1163; x_wconf 75' lang='grc' dir='ltr'>μὲν</span> <span class='ocrx_word' id='word_1_155' title='bbox 2594 1087 2653 1143; x_wconf 81' lang='grc' dir='ltr'>ἐκ</span> <span class='ocrx_word' id='word_1_156' title='bbox 2702 1091 2806 1142; x_wconf 79' lang='grc' dir='ltr'>τῶν</span> <span class='ocrx_word' id='word_1_157' title='bbox 2881 1085 3062 1164; x_wconf 78' lang='grc' dir='ltr'><strong>ἱερέων</strong></span> <span class='ocrx_word' id='word_1_158' title='bbox 3131 1085 3424 1141; x_wconf 84' lang='grc' dir='ltr'>τετύπωται</span> <span class='ocrx_word' id='word_1_159' title='bbox 3478 1081 3810 1140; x_wconf 81' lang='grc' dir='ltr'>καταϐάλλε-</span> 
     </span>
    </p>
   </div>
   <div class='ocr_carea' id='block_1_26' title="bbox 2163 1172 3812 1249">
    <p class='ocr_par' dir='ltr' id='par_1_26' title="bbox 2163 1172 3812 1249">
     <span class='ocr_line' id='line_1_26' title="bbox 2163 1172 3812 1249; baseline -0.003 -17"><span class='ocrx_word' id='word_1_160' title='bbox 2163 1179 2301 1249; x_wconf 85' lang='grc' dir='ltr'>σθαι,</span> <span class='ocrx_word' id='word_1_161' title='bbox 2346 1181 2506 1232; x_wconf 77' lang='grc' dir='ltr'>ταῦτα</span> <span class='ocrx_word' id='word_1_162' title='bbox 2535 1173 2599 1242; x_wconf 76' lang='grc' dir='ltr'><strong>δὴ</strong></span> <span class='ocrx_word' id='word_1_163' title='bbox 2629 1176 2715 1231; x_wconf 88' lang='grc' dir='ltr'><strong>καὶ</strong></span> <span class='ocrx_word' id='word_1_164' title='bbox 2747 1172 3206 1244; x_wconf 79' lang='grc' dir='ltr'>καταϐληθήσεται</span> <span class='ocrx_word' id='word_1_165' title='bbox 3241 1188 3255 1203; x_wconf 85' lang='grc'><strong>⁸</strong></span> <span class='ocrx_word' id='word_1_166' title='bbox 3313 1174 3653 1248; x_wconf 77' lang='grc' dir='ltr'><strong>νομισμάτων</strong></span> <span class='ocrx_word' id='word_1_167' title='bbox 3711 1173 3812 1248; x_wconf 82' lang='grc' dir='ltr'>μὲν</span> 
     </span>
    </p>
   </div>
   <div class='ocr_carea' id='block_1_27' title="bbox 2159 1257 3812 1339">
    <p class='ocr_par' dir='ltr' id='par_1_27' title="bbox 2159 1257 3812 1339">
     <span class='ocr_line' id='line_1_27' title="bbox 2159 1257 3812 1339; baseline -0.002 -20"><span class='ocrx_word' id='word_1_168' title='bbox 2159 1263 2346 1335; x_wconf 75' lang='grc' dir='ltr'>ὄντων,</span> <span class='ocrx_word' id='word_1_169' title='bbox 2381 1261 2463 1318; x_wconf 75' lang='grc' dir='ltr'><strong>διὰ</strong></span> <span class='ocrx_word' id='word_1_170' title='bbox 2491 1263 2832 1339; x_wconf 80' lang='grc' dir='ltr'>νομισμάτων</span> <span class='ocrx_word' id='word_1_171' title='bbox 2869 1278 2882 1291; x_wconf 90' lang='grc'><strong>·</strong></span> <span class='ocrx_word' id='word_1_172' title='bbox 2905 1261 2984 1338; x_wconf 72' lang='grc' dir='ltr'><strong>μή</strong></span> <span class='ocrx_word' id='word_1_173' title='bbox 3009 1261 3172 1318; x_wconf 77' lang='grc' dir='ltr'>ὅντων</span> <span class='ocrx_word' id='word_1_174' title='bbox 3201 1259 3278 1334; x_wconf 76' lang='grc' dir='ltr'>δὲ,</span> <span class='ocrx_word' id='word_1_175' title='bbox 3312 1257 3395 1316; x_wconf 80' lang='grc' dir='ltr'>διὰ</span> <span class='ocrx_word' id='word_1_176' title='bbox 3423 1266 3523 1328; x_wconf 79' lang='grc' dir='ltr'>τῆς</span> <span class='ocrx_word' id='word_1_177' title='bbox 3549 1258 3812 1339; x_wconf 72' lang='grc' dir='ltr'><strong>ἀναλόγου</strong></span> 
     </span>
    </p>
   </div>
   <div class='ocr_carea' id='block_1_28' title="bbox 2152 1348 3809 1427">
    <p class='ocr_par' dir='ltr' id='par_1_28' title="bbox 2152 1348 3809 1427">
     <span class='ocr_line' id='line_1_28' title="bbox 2152 1348 3809 1427; baseline -0.002 -20"><span class='ocrx_word' id='word_1_178' title='bbox 2152 1351 2452 1418; x_wconf 86' lang='grc' dir='ltr'>ποσότητος</span> <span class='ocrx_word' id='word_1_179' title='bbox 2496 1357 2601 1406; x_wconf 82' lang='grc' dir='ltr'>τῶν</span> <span class='ocrx_word' id='word_1_180' title='bbox 2631 1350 2830 1416; x_wconf 79' lang='grc' dir='ltr'>έν-τοϊς</span> <span class='ocrx_word' id='word_1_181' title='bbox 2877 1348 3179 1427; x_wconf 74' lang='grc' dir='ltr'>βασιλικοῖς</span> <span class='ocrx_word' id='word_1_182' title='bbox 3221 1362 3468 1412; x_wconf 78' lang='grc' dir='ltr'>τυπικοϊς</span> <span class='ocrx_word' id='word_1_183' title='bbox 3512 1348 3809 1404; x_wconf 81' lang='grc' dir='ltr'>ἀναταττο-</span> 
     </span>
    </p>
   </div>
   <div class='ocr_carea' id='block_1_29' title="bbox 2153 1436 3810 1518">
    <p class='ocr_par' dir='ltr' id='par_1_29' title="bbox 2153 1436 3810 1518">
     <span class='ocr_line' id='line_1_29' title="bbox 2153 1436 3810 1518; baseline -0.001 -23"><span class='ocrx_word' id='word_1_184' title='bbox 2153 1439 2323 1516; x_wconf 83' lang='grc' dir='ltr'>μένων</span> <span class='ocrx_word' id='word_1_185' title='bbox 2365 1456 2378 1469; x_wconf 90' lang='grc'><strong>·</strong></span> <span class='ocrx_word' id='word_1_186' title='bbox 2409 1441 2494 1496; x_wconf 85' lang='grc' dir='ltr'><strong>καὶ</strong></span> <span class='ocrx_word' id='word_1_187' title='bbox 2525 1441 2584 1496; x_wconf 72' lang='grc' dir='ltr'>οὗ</span> <span class='ocrx_word' id='word_1_188' title='bbox 2604 1438 2765 1495; x_wconf 81' lang='grc' dir='ltr'>πλέον</span> <span class='ocrx_word' id='word_1_189' title='bbox 2795 1440 3016 1518; x_wconf 88' lang='grc' dir='ltr'>τούτων,</span> <span class='ocrx_word' id='word_1_190' title='bbox 3040 1439 3169 1518; x_wconf 77' lang='grc' dir='ltr'>ὑπὲρ</span> <span class='ocrx_word' id='word_1_191' title='bbox 3200 1436 3485 1518; x_wconf 74' lang='grc' dir='ltr'>διατροφῆς</span> <span class='ocrx_word' id='word_1_192' title='bbox 3507 1444 3600 1494; x_wconf 90' lang='grc' dir='ltr'><strong>τοῦ</strong></span> <span class='ocrx_word' id='word_1_193' title='bbox 3622 1457 3810 1517; x_wconf 79' lang='grc' dir='ltr'>χειρο·</span> 
     </span>
    </p>
   </div>
   <div class='ocr_carea' id='block_1_30' title="bbox 2153 1523 3802 1609">
    <p class='ocr_par' dir='ltr' id='par_1_30' title="bbox 2153 1523 3802 1609">
     <span class='ocr_line' id='line_1_30' title="bbox 2153 1523 3802 1609; baseline -0.002 -25"><span class='ocrx_word' id='word_1_194' title='bbox 2153 1535 2451 1602; x_wconf 84' lang='grc' dir='ltr'>τονοῦντος,</span> <span class='ocrx_word' id='word_1_195' title='bbox 2483 1527 2542 1585; x_wconf 79' lang='grc' dir='ltr'>ἐκ</span> <span class='ocrx_word' id='word_1_196' title='bbox 2583 1538 2675 1586; x_wconf 89' lang='grc' dir='ltr'><strong>τοῦ</strong></span> <span class='ocrx_word' id='word_1_197' title='bbox 2709 1525 3182 1609; x_wconf 70' lang='grc' dir='ltr'>χειροτονουμένοδ</span> <span class='ocrx_word' id='word_1_198' title='bbox 3220 1549 3255 1582; x_wconf 92' lang='grc' dir='ltr'><strong>κ</strong></span> <span class='ocrx_word' id='word_1_199' title='bbox 3282 1535 3372 1584; x_wconf 89' lang='grc' dir='ltr'><strong>τοῦ</strong></span> <span class='ocrx_word' id='word_1_200' title='bbox 3414 1523 3802 1595; x_wconf 80' lang='grc' dir='ltr'>καταϐληθήσε-</span> 
     </span>
    </p>
   </div>
   <div class='ocr_carea' id='block_1_31' title="bbox 2153 1606 3807 1691">
    <p class='ocr_par' dir='ltr' id='par_1_31' title="bbox 2153 1606 3807 1691">
     <span class='ocr_line' id='line_1_31' title="bbox 2153 1606 3807 1691; baseline -0.003 -18"><span class='ocrx_word' id='word_1_201' title='bbox 2153 1639 2261 1680; x_wconf 90' lang='grc' dir='ltr'>ται,</span> <span class='ocrx_word' id='word_1_202' title='bbox 2288 1606 2434 1674; x_wconf 63' lang='lat' dir='ltr'><strong>&quot;(tu</strong></span> <span class='ocrx_word' id='word_1_203' title='bbox 2465 1615 2518 1674; x_wconf 75' lang='grc' dir='ltr'><strong>δὲ</strong></span> <span class='ocrx_word' id='word_1_204' title='bbox 2549 1618 2694 1683; x_wconf 73' lang='grc' dir='ltr'>αὖθις</span> <span class='ocrx_word' id='word_1_205' title='bbox 2713 1606 2886 1674; x_wconf 67' lang='grc' dir='ltr'>ἐκτῶν</span> <span class='ocrx_word' id='word_1_206' title='bbox 2915 1615 3144 1691; x_wconf 79' lang='grc' dir='ltr'>λα’ίκῶν,</span> <span class='ocrx_word' id='word_1_207' title='bbox 3169 1614 3253 1672; x_wconf 80' lang='grc' dir='ltr'>διὰ</span> <span class='ocrx_word' id='word_1_208' title='bbox 3283 1612 3807 1690; x_wconf 79' lang='grc' dir='ltr'>νομισμάτων,είδῶν</span> 
     </span>
    </p>
   </div>
   <div class='ocr_carea' id='block_1_32' title="bbox 433 1704 2070 1810">
    <p class='ocr_par' dir='ltr' id='par_1_32' title="bbox 433 1704 2068 1810">
     <span class='ocr_line' id='line_1_32' title="bbox 433 1704 2068 1810; baseline 0.002 -21"><span class='ocrx_word' id='word_1_209' title='bbox 433 1728 735 1790; x_wconf 87' lang='lat' dir='ltr'><strong>solventur</strong></span> <span class='ocrx_word' id='word_1_210' title='bbox 765 1728 824 1790; x_wconf 92' lang='lat' dir='ltr'><strong>in</strong></span> <span class='ocrx_word' id='word_1_211' title='bbox 858 1704 1141 1804; x_wconf 77' lang='lat' dir='ltr'><strong>nummis,</strong></span> <span class='ocrx_word' id='word_1_212' title='bbox 1195 1740 1253 1793; x_wconf 92' lang='lat' dir='ltr'><strong>et</strong></span> <span class='ocrx_word' id='word_1_213' title='bbox 1283 1704 1629 1810; x_wconf 82' lang='lat' dir='ltr'><strong>speciebus,</strong></span> <span class='ocrx_word' id='word_1_214' title='bbox 1666 1738 1723 1792; x_wconf 88' lang='lat' dir='ltr'><strong>et</strong></span> <span class='ocrx_word' id='word_1_215' title='bbox 1752 1731 2068 1809; x_wconf 78' lang='lat' dir='ltr'><strong>argenteis,</strong></span> 
     </span>
    </p>
   </div>
   <div class='ocr_carea' id='block_1_33' title="bbox 2156 1704 3805 1810">
    <p class='ocr_par' dir='ltr' id='par_1_33' title="bbox 2158 1704 3805 1810">
     <span class='ocr_line' id='line_1_33' title="bbox 2158 1704 3805 1788; baseline -0.002 -24"><span class='ocrx_word' id='word_1_216' title='bbox 2158 1729 2212 1764; x_wconf 89' lang='grc' dir='ltr'><strong>τε</strong></span> <span class='ocrx_word' id='word_1_217' title='bbox 2246 1709 2332 1764; x_wconf 89' lang='grc' dir='ltr'><strong>καὶ</strong></span> <span class='ocrx_word' id='word_1_218' title='bbox 2361 1709 2639 1788; x_wconf 79' lang='grc' dir='ltr'>ἀργυρίων,</span> <span class='ocrx_word' id='word_1_219' title='bbox 2684 1715 2790 1764; x_wconf 80' lang='grc' dir='ltr'>τῶν</span> <span class='ocrx_word' id='word_1_220' title='bbox 2819 1707 3254 1783; x_wconf 83' lang='grc' dir='ltr'>ἂνατεταγμένων</span> <span class='ocrx_word' id='word_1_221' title='bbox 3311 1705 3364 1760; x_wconf 73' lang='grc' dir='ltr'>ἐν</span> <span class='ocrx_word' id='word_1_222' title='bbox 3405 1705 3639 1771; x_wconf 79' lang='grc' dir='ltr'><strong>⁴τούτοις.</strong></span> <span class='ocrx_word' id='word_1_223' title='bbox 3673 1704 3805 1762; x_wconf 83' lang='grc' dir='ltr'>Οῦτε</span> 
     </span>
     <span class='ocr_line' id='line_1_34' title="bbox 2201 1791 3744 1810; baseline 0 0"><span class='ocrx_word' id='word_1_224' title='bbox 2201 1797 2211 1810; x_wconf 67' lang='grc' dir='ltr'>ι</span> <span class='ocrx_word' id='word_1_225' title='bbox 2363 1797 2375 1810; x_wconf 69' lang='grc' dir='ltr'>ι</span> <span class='ocrx_word' id='word_1_226' title='bbox 2506 1796 2541 1810; x_wconf 67' lang='lat'><strong>1‘</strong></span> <span class='ocrx_word' id='word_1_227' title='bbox 2818 1794 2840 1810; x_wconf 61' lang='grc' dir='ltr'><em>κ</em></span> <span class='ocrx_word' id='word_1_228' title='bbox 2907 1800 2932 1810; x_wconf 66' lang='grc' dir='ltr'><strong><em>ο</em></strong></span> <span class='ocrx_word' id='word_1_229' title='bbox 3059 1796 3071 1810; x_wconf 67' lang='lat'><strong>1</strong></span> <span class='ocrx_word' id='word_1_230' title='bbox 3162 1799 3185 1810; x_wconf 72' lang='grc' dir='ltr'><strong>Α</strong></span> <span class='ocrx_word' id='word_1_231' title='bbox 3204 1794 3213 1810; x_wconf 82' lang='grc' dir='ltr'><strong>Ι</strong></span> <span class='ocrx_word' id='word_1_232' title='bbox 3544 1791 3574 1810; x_wconf 68' lang='grc' dir='ltr'><strong><em>Ω</em></strong></span> <span class='ocrx_word' id='word_1_233' title='bbox 3617 1793 3628 1810; x_wconf 71' lang='grc' dir='ltr'><strong><em>Ι</em></strong></span> <span class='ocrx_word' id='word_1_234' title='bbox 3720 1795 3744 1810; x_wconf 75' lang='grc' dir='ltr'><strong>Α</strong></span> 
     </span>
    </p>
   </div>
   <div class='ocr_carea' id='block_1_34' title="bbox 433 1817 2074 1897">
    <p class='ocr_par' dir='ltr' id='par_1_34' title="bbox 433 1817 2074 1897">
     <span class='ocr_line' id='line_1_35' title="bbox 433 1817 2074 1897; baseline 0.001 -19"><span class='ocrx_word' id='word_1_235' title='bbox 433 1826 607 1897; x_wconf 87' lang='lat' dir='ltr'><strong>prout</strong></span> <span class='ocrx_word' id='word_1_236' title='bbox 657 1817 830 1878; x_wconf 89' lang='lat' dir='ltr'><strong>dictis</strong></span> <span class='ocrx_word' id='word_1_237' title='bbox 879 1819 1287 1881; x_wconf 89' lang='lat' dir='ltr'><strong>sanctionibus</strong></span> <span class='ocrx_word' id='word_1_238' title='bbox 1343 1821 1704 1881; x_wconf 91' lang='lat' dir='ltr'><strong>inseruntur.</strong></span> <span class='ocrx_word' id='word_1_239' title='bbox 1759 1821 1857 1882; x_wconf 75' lang='lat' dir='ltr'><strong>Sic</strong></span> <span class='ocrx_word' id='word_1_240' title='bbox 1915 1819 2074 1880; x_wconf 91' lang='lat' dir='ltr'><strong>enim</strong></span> 
     </span>
    </p>
   </div>
   <div class='ocr_carea' id='block_1_35' title="bbox 432 1905 2076 1987">
    <p class='ocr_par' dir='ltr' id='par_1_35' title="bbox 432 1905 2076 1987">
     <span class='ocr_line' id='line_1_36' title="bbox 432 1905 2076 1987; baseline 0.001 -19"><span class='ocrx_word' id='word_1_241' title='bbox 432 1925 544 1968; x_wconf 86' lang='lat' dir='ltr'><strong>nec</strong></span> <span class='ocrx_word' id='word_1_242' title='bbox 567 1907 705 1968; x_wconf 89' lang='lat' dir='ltr'><strong>olim</strong></span> <span class='ocrx_word' id='word_1_243' title='bbox 731 1905 790 1968; x_wconf 91' lang='lat' dir='ltr'><strong>in</strong></span> <span class='ocrx_word' id='word_1_244' title='bbox 813 1926 869 1987; x_wconf 55' lang='lat' dir='ltr'><strong>sy</strong></span> <span class='ocrx_word' id='word_1_245' title='bbox 888 1908 1059 1970; x_wconf 91' lang='lat' dir='ltr'><strong>nodis</strong></span> <span class='ocrx_word' id='word_1_246' title='bbox 1084 1908 1322 1970; x_wconf 90' lang='lat' dir='ltr'><strong>decreta</strong></span> <span class='ocrx_word' id='word_1_247' title='bbox 1353 1909 1560 1971; x_wconf 88' lang='lat' dir='ltr'><strong>violari</strong></span> <span class='ocrx_word' id='word_1_248' title='bbox 1581 1907 2076 1979; x_wconf 65' lang='lat' dir='ltr'><strong>videbunturmec</strong></span> 
     </span>
    </p>
   </div>
   <div class='ocr_carea' id='block_1_36' title="bbox 429 1994 2073 2078">
    <p class='ocr_par' dir='ltr' id='par_1_36' title="bbox 429 1994 2073 2078">
     <span class='ocr_line' id='line_1_37' title="bbox 429 1994 2073 2078; baseline 0.004 -23"><span class='ocrx_word' id='word_1_249' title='bbox 429 1994 714 2075; x_wconf 90' lang='lat' dir='ltr'><strong>deinceps</strong></span> <span class='ocrx_word' id='word_1_250' title='bbox 748 1995 1132 2077; x_wconf 88' lang='lat' dir='ltr'><strong>imperatorio</strong></span> <span class='ocrx_word' id='word_1_251' title='bbox 1168 1997 1390 2059; x_wconf 89' lang='lat' dir='ltr'><strong>sancita</strong></span> <span class='ocrx_word' id='word_1_252' title='bbox 1405 1997 1856 2078; x_wconf 81' lang='lat' dir='ltr'><strong>jussu,rejicula</strong></span> <span class='ocrx_word' id='word_1_253' title='bbox 1884 1998 2026 2058; x_wconf 78' lang='lat' dir='ltr'><strong>fient</strong></span> <span class='ocrx_word' id='word_1_254' title='bbox 2061 2016 2073 2061; x_wconf 93' lang='lat'>:</span> 
     </span>
    </p>
   </div>
   <div class='ocr_carea' id='block_1_37' title="bbox 429 2083 2078 2164">
    <p class='ocr_par' dir='ltr' id='par_1_37' title="bbox 429 2083 2078 2164">
     <span class='ocr_line' id='line_1_38' title="bbox 429 2083 2078 2164; baseline 0.002 -20"><span class='ocrx_word' id='word_1_255' title='bbox 429 2083 534 2146; x_wconf 88' lang='lat' dir='ltr'><strong>sed</strong></span> <span class='ocrx_word' id='word_1_256' title='bbox 568 2092 810 2164; x_wconf 88' lang='lat' dir='ltr'><strong>utraque</strong></span> <span class='ocrx_word' id='word_1_257' title='bbox 841 2084 1002 2147; x_wconf 90' lang='lat' dir='ltr'><strong>inter</strong></span> <span class='ocrx_word' id='word_1_258' title='bbox 1051 2104 1114 2148; x_wconf 91' lang='lat' dir='ltr'><strong>se</strong></span> <span class='ocrx_word' id='word_1_259' title='bbox 1165 2087 1500 2158; x_wconf 88' lang='lat' dir='ltr'><strong>conciliata,</strong></span> <span class='ocrx_word' id='word_1_260' title='bbox 1561 2087 1788 2147; x_wconf 90' lang='lat' dir='ltr'><strong>cunctis</strong></span> <span class='ocrx_word' id='word_1_261' title='bbox 1819 2087 1879 2146; x_wconf 91' lang='lat' dir='ltr'><strong>in</strong></span> <span class='ocrx_word' id='word_1_262' title='bbox 1933 2086 2078 2148; x_wconf 90' lang='lat' dir='ltr'><strong>locis</strong></span> 
     </span>
    </p>
   </div>
   <div class='ocr_carea' id='block_1_38' title="bbox 425 2173 2073 2256">
    <p class='ocr_par' dir='ltr' id='par_1_38' title="bbox 425 2173 2073 2256">
     <span class='ocr_line' id='line_1_39' title="bbox 425 2173 2073 2256; baseline 0.003 -24"><span class='ocrx_word' id='word_1_263' title='bbox 425 2181 601 2254; x_wconf 89' lang='lat' dir='ltr'><strong>atque</strong></span> <span class='ocrx_word' id='word_1_264' title='bbox 620 2173 886 2255; x_wconf 88' lang='lat' dir='ltr'><strong>urbibus,</strong></span> <span class='ocrx_word' id='word_1_265' title='bbox 909 2175 1054 2236; x_wconf 91' lang='lat' dir='ltr'><strong>citra</strong></span> <span class='ocrx_word' id='word_1_266' title='bbox 1077 2176 1258 2237; x_wconf 93' lang='lat' dir='ltr'><strong>ullum</strong></span> <span class='ocrx_word' id='word_1_267' title='bbox 1275 2175 1766 2256; x_wconf 89' lang='lat' dir='ltr'><strong>impedimentum</strong></span> <span class='ocrx_word' id='word_1_268' title='bbox 1793 2175 2073 2237; x_wconf 86' lang='lat' dir='ltr'><strong>observa-</strong></span> 
     </span>
    </p>
   </div>
   <div class='ocr_carea' id='block_1_39' title="bbox 424 2259 2068 2345">
    <p class='ocr_par' dir='ltr' id='par_1_39' title="bbox 424 2259 2068 2345">
     <span class='ocr_line' id='line_1_40' title="bbox 424 2259 2068 2345; baseline 0.004 -25"><span class='ocrx_word' id='word_1_269' title='bbox 424 2259 864 2342; x_wconf 82' lang='lat' dir='ltr'><strong>buntur.Atque</strong></span> <span class='ocrx_word' id='word_1_270' title='bbox 886 2265 1008 2325; x_wconf 67' lang='lat' dir='ltr'><strong>haac</strong></span> <span class='ocrx_word' id='word_1_271' title='bbox 1023 2273 1317 2345; x_wconf 78' lang='lat' dir='ltr'><strong>excerpta,</strong></span> <span class='ocrx_word' id='word_1_272' title='bbox 1337 2282 1620 2344; x_wconf 89' lang='lat' dir='ltr'><strong>moreque</strong></span> <span class='ocrx_word' id='word_1_273' title='bbox 1633 2266 1860 2326; x_wconf 89' lang='lat' dir='ltr'><strong>munita</strong></span> <span class='ocrx_word' id='word_1_274' title='bbox 1873 2264 2068 2340; x_wconf 91' lang='lat' dir='ltr'><strong>solito,</strong></span> 
     </span>
    </p>
   </div>
   <div class='ocr_carea' id='block_1_40' title="bbox 429 2350 1612 2430">
    <p class='ocr_par' dir='ltr' id='par_1_40' title="bbox 429 2350 1612 2430">
     <span class='ocr_line' id='line_1_41' title="bbox 429 2350 1612 2430; baseline 0.003 -18"><span class='ocrx_word' id='word_1_275' title='bbox 429 2350 569 2414; x_wconf 88' lang='lat' dir='ltr'><strong>data</strong></span> <span class='ocrx_word' id='word_1_276' title='bbox 594 2361 729 2414; x_wconf 91' lang='lat' dir='ltr'><strong>sunt</strong></span> <span class='ocrx_word' id='word_1_277' title='bbox 760 2373 962 2417; x_wconf 84' lang='lat' dir='ltr'><strong>mense</strong></span> <span class='ocrx_word' id='word_1_278' title='bbox 993 2356 1170 2430; x_wconf 80' lang='lat' dir='ltr'><strong>Maio,</strong></span> <span class='ocrx_word' id='word_1_279' title='bbox 1201 2355 1525 2417; x_wconf 88' lang='lat' dir='ltr'><strong>indictione</strong></span> <span class='ocrx_word' id='word_1_280' title='bbox 1552 2373 1612 2417; x_wconf 87' lang='lat' dir='ltr'><strong>x.</strong></span> 
     </span>
    </p>
   </div>
   <div class='ocr_carea' id='block_1_41' title="bbox 1037 2457 1443 2538">
    <p class='ocr_par' dir='ltr' id='par_1_41' title="bbox 1037 2457 1443 2538">
     <span class='ocr_line' id='line_1_42' title="bbox 1037 2457 1443 2538; baseline -0.007 -17"><span class='ocrx_word' id='word_1_281' title='bbox 1037 2457 1443 2538; x_wconf 71' lang='lat' dir='ltr'><strong>bubscriptio.</strong></span> 
     </span>
    </p>
   </div>
   <div class='ocr_carea' id='block_1_42' title="bbox 508 2559 2071 2633">
    <p class='ocr_par' dir='ltr' id='par_1_42' title="bbox 508 2559 2071 2633">
     <span class='ocr_line' id='line_1_43' title="bbox 508 2559 2071 2633; baseline -0.001 -11"><span class='ocrx_word' id='word_1_282' title='bbox 508 2561 737 2633; x_wconf 89' lang='lat' dir='ltr'><strong>Petrus,</strong></span> <span class='ocrx_word' id='word_1_283' title='bbox 773 2560 1016 2621; x_wconf 88' lang='lat' dir='ltr'><strong>humilis</strong></span> <span class='ocrx_word' id='word_1_284' title='bbox 1073 2561 1354 2622; x_wconf 87' lang='lat' dir='ltr'><strong>diaconus</strong></span> <span class='ocrx_word' id='word_1_285' title='bbox 1405 2570 1462 2621; x_wconf 93' lang='lat' dir='ltr'><strong>et</strong></span> <span class='ocrx_word' id='word_1_286' title='bbox 1509 2559 1899 2621; x_wconf 82' lang='lat' dir='ltr'><strong>chartularius</strong></span> <span class='ocrx_word' id='word_1_287' title='bbox 1930 2577 2071 2622; x_wconf 91' lang='lat' dir='ltr'><strong>san-</strong></span> 
     </span>
    </p>
   </div>
   <div class='ocr_carea' id='block_1_43' title="bbox 425 2648 1445 2729">
    <p class='ocr_par' dir='ltr' id='par_1_43' title="bbox 425 2648 1445 2729">
     <span class='ocr_line' id='line_1_44' title="bbox 425 2648 1445 2729; baseline 0.002 -19"><span class='ocrx_word' id='word_1_288' title='bbox 425 2648 700 2710; x_wconf 63' lang='lat' dir='ltr'><strong>ctissima:</strong></span> <span class='ocrx_word' id='word_1_289' title='bbox 735 2648 839 2711; x_wconf 90' lang='lat' dir='ltr'><strong>Dei</strong></span> <span class='ocrx_word' id='word_1_290' title='bbox 874 2650 1112 2729; x_wconf 88' lang='lat' dir='ltr'><strong>majoris</strong></span> <span class='ocrx_word' id='word_1_291' title='bbox 1143 2649 1445 2712; x_wconf 65' lang='lat' dir='ltr'><strong>Ecclesiae.</strong></span> 
     </span>
    </p>
   </div>
   <div class='ocr_carea' id='block_1_44' title="bbox 507 2737 2072 2800">
    <p class='ocr_par' dir='ltr' id='par_1_44' title="bbox 507 2737 2072 2800">
     <span class='ocr_line' id='line_1_45' title="bbox 507 2737 2072 2800; baseline 0.001 -2"><span class='ocrx_word' id='word_1_292' title='bbox 507 2737 743 2799; x_wconf 83' lang='lat' dir='ltr'><strong>Nicetas</strong></span> <span class='ocrx_word' id='word_1_293' title='bbox 765 2737 1049 2798; x_wconf 89' lang='lat' dir='ltr'><strong>diaconns</strong></span> <span class='ocrx_word' id='word_1_294' title='bbox 1074 2746 1132 2798; x_wconf 83' lang='lat' dir='ltr'><strong>et</strong></span> <span class='ocrx_word' id='word_1_295' title='bbox 1153 2739 1545 2800; x_wconf 89' lang='lat' dir='ltr'><strong>chartularius</strong></span> <span class='ocrx_word' id='word_1_296' title='bbox 1563 2738 1950 2799; x_wconf 63' lang='lat' dir='ltr'><strong>sanctissima:</strong></span> <span class='ocrx_word' id='word_1_297' title='bbox 1965 2737 2072 2799; x_wconf 90' lang='lat' dir='ltr'><strong>Dei</strong></span> 
     </span>
    </p>
   </div>
   <div class='ocr_carea' id='block_1_45' title="bbox 427 2825 2068 2908">
    <p class='ocr_par' dir='ltr' id='par_1_45' title="bbox 427 2825 2068 2908">
     <span class='ocr_line' id='line_1_46' title="bbox 427 2825 2068 2908; baseline 0.001 -21"><span class='ocrx_word' id='word_1_298' title='bbox 427 2825 669 2904; x_wconf 87' lang='lat' dir='ltr'><strong>majoris</strong></span> <span class='ocrx_word' id='word_1_299' title='bbox 700 2825 1283 2903; x_wconf 71' lang='lat' dir='ltr'><strong>Ecclesiaa,przeseuti</strong></span> <span class='ocrx_word' id='word_1_300' title='bbox 1315 2829 1586 2908; x_wconf 84' lang='lat' dir='ltr'><strong>exemplo</strong></span> <span class='ocrx_word' id='word_1_301' title='bbox 1618 2847 1751 2888; x_wconf 91' lang='lat' dir='ltr'><strong>cum</strong></span> <span class='ocrx_word' id='word_1_302' title='bbox 1773 2826 2068 2888; x_wconf 79' lang='lat' dir='ltr'><strong>insinuata</strong></span> 
     </span>
    </p>
   </div>
   <div class='ocr_carea' id='block_1_46' title="bbox 429 2913 2068 2996">
    <p class='ocr_par' dir='ltr' id='par_1_46' title="bbox 429 2913 2068 2996">
     <span class='ocr_line' id='line_1_47' title="bbox 429 2913 2068 2996; baseline 0.001 -22"><span class='ocrx_word' id='word_1_303' title='bbox 429 2913 575 2975; x_wconf 92' lang='lat' dir='ltr'><strong>mihi</strong></span> <span class='ocrx_word' id='word_1_304' title='bbox 604 2913 1144 2993; x_wconf 83' lang='lat' dir='ltr'><strong>originali.collato,</strong></span> <span class='ocrx_word' id='word_1_305' title='bbox 1172 2928 1229 2977; x_wconf 90' lang='lat' dir='ltr'><strong>et</strong></span> <span class='ocrx_word' id='word_1_306' title='bbox 1258 2917 1494 2977; x_wconf 89' lang='lat' dir='ltr'><strong>invento</strong></span> <span class='ocrx_word' id='word_1_307' title='bbox 1529 2935 1636 2996; x_wconf 91' lang='lat' dir='ltr'><strong>per</strong></span> <span class='ocrx_word' id='word_1_308' title='bbox 1656 2916 1854 2976; x_wconf 88' lang='lat' dir='ltr'><strong>omnia</strong></span> <span class='ocrx_word' id='word_1_309' title='bbox 1884 2917 2068 2996; x_wconf 66' lang='lat' dir='ltr'><strong>anqui-</strong></span> 
     </span>
    </p>
   </div>
   <div class='ocr_carea' id='block_1_47' title="bbox 422 3002 1724 3087">
    <p class='ocr_par' dir='ltr' id='par_1_47' title="bbox 422 3002 1724 3087">
     <span class='ocr_line' id='line_1_48' title="bbox 422 3002 1724 3087; baseline 0.004 -25"><span class='ocrx_word' id='word_1_310' title='bbox 422 3002 663 3082; x_wconf 83' lang='lat' dir='ltr'><strong>valenti,</strong></span> <span class='ocrx_word' id='word_1_311' title='bbox 694 3002 1044 3085; x_wconf 83' lang='lat' dir='ltr'><strong>subscripsi,</strong></span> <span class='ocrx_word' id='word_1_312' title='bbox 1081 3014 1137 3068; x_wconf 88' lang='lat' dir='ltr'><strong>et</strong></span> <span class='ocrx_word' id='word_1_313' title='bbox 1156 3005 1412 3085; x_wconf 85' lang='lat' dir='ltr'><strong>sigillum</strong></span> <span class='ocrx_word' id='word_1_314' title='bbox 1445 3003 1724 3087; x_wconf 90' lang='lat' dir='ltr'><strong>appendi.</strong></span> 
     </span>
    </p>
   </div>
   <div class='ocr_carea' id='block_1_48' title="bbox 421 3192 2067 3276">
    <p class='ocr_par' dir='ltr' id='par_1_48' title="bbox 421 3192 2067 3276">
     <span class='ocr_line' id='line_1_49' title="bbox 421 3192 2067 3276; baseline 0.002 -20"><span class='ocrx_word' id='word_1_315' title='bbox 421 3192 496 3256; x_wconf 88' lang='lat' dir='ltr'><strong>II.</strong></span> <span class='ocrx_word' id='word_1_316' title='bbox 530 3193 863 3274; x_wconf 67' lang='lat' dir='ltr'><strong>Synodalt&#39;s</strong></span> <span class='ocrx_word' id='word_1_317' title='bbox 921 3197 1174 3276; x_wconf 79' lang='lat' dir='ltr'><strong>epistola</strong></span> <span class='ocrx_word' id='word_1_318' title='bbox 1229 3198 1558 3259; x_wconf 76' lang='lat' dir='ltr'><strong>saetissimi</strong></span> <span class='ocrx_word' id='word_1_319' title='bbox 1607 3205 1667 3259; x_wconf 75' lang='lat' dir='ltr'><strong>et</strong></span> <span class='ocrx_word' id='word_1_320' title='bbox 1696 3201 2067 3260; x_wconf 74' lang='lat' dir='ltr'><strong>universalis</strong></span> 
     </span>
    </p>
   </div>
   <div class='ocr_carea' id='block_1_49' title="bbox 498 3276 2064 3357">
    <p class='ocr_par' dir='ltr' id='par_1_49' title="bbox 498 3276 2064 3357">
     <span class='ocr_line' id='line_1_50' title="bbox 498 3276 2064 3357; baseline 0.002 -21"><span class='ocrx_word' id='word_1_321' title='bbox 498 3279 896 3355; x_wconf 65' lang='lat' dir='ltr'><strong>patriarcha,</strong></span> <span class='ocrx_word' id='word_1_322' title='bbox 956 3277 1188 3338; x_wconf 80' lang='lat' dir='ltr'><strong>domini</strong></span> <span class='ocrx_word' id='word_1_323' title='bbox 1257 3276 1526 3355; x_wconf 77' lang='lat' dir='ltr'><strong>Nicolai,</strong></span> <span class='ocrx_word' id='word_1_324' title='bbox 1589 3278 1668 3338; x_wconf 84' lang='lat' dir='ltr'><strong>ad</strong></span> <span class='ocrx_word' id='word_1_325' title='bbox 1722 3279 2064 3357; x_wconf 72' lang='lat' dir='ltr'><strong>piissimum</strong></span> 
     </span>
    </p>
   </div>
   <div class='ocr_carea' id='block_1_50' title="bbox 497 3357 2060 3437">
    <p class='ocr_par' dir='ltr' id='par_1_50' title="bbox 497 3357 2060 3437">
     <span class='ocr_line' id='line_1_51' title="bbox 497 3357 2060 3437; baseline 0.003 -22"><span class='ocrx_word' id='word_1_326' title='bbox 497 3361 927 3437; x_wconf 75' lang='lat' dir='ltr'><strong>imperatorem</strong></span> <span class='ocrx_word' id='word_1_327' title='bbox 957 3357 1268 3418; x_wconf 75' lang='lat' dir='ltr'><strong>dominum</strong></span> <span class='ocrx_word' id='word_1_328' title='bbox 1317 3357 1608 3419; x_wconf 70' lang='lat' dir='ltr'><strong>Alewium</strong></span> <span class='ocrx_word' id='word_1_329' title='bbox 1664 3360 2060 3437; x_wconf 83' lang='lat' dir='ltr'><strong>Comueuum,</strong></span> 
     </span>
    </p>
   </div>
   <div class='ocr_carea' id='block_1_51' title="bbox 493 3436 2066 3518">
    <p class='ocr_par' dir='ltr' id='par_1_51' title="bbox 493 3436 2066 3518">
     <span class='ocr_line' id='line_1_52' title="bbox 493 3436 2066 3518; baseline 0.003 -22"><span class='ocrx_word' id='word_1_330' title='bbox 493 3436 762 3518; x_wconf 67' lang='lat' dir='ltr'><strong>probans</strong></span> <span class='ocrx_word' id='word_1_331' title='bbox 788 3454 866 3498; x_wconf 76' lang='lat' dir='ltr'><strong>ex</strong></span> <span class='ocrx_word' id='word_1_332' title='bbox 892 3439 1082 3498; x_wconf 82' lang='lat' dir='ltr'><strong>sacris</strong></span> <span class='ocrx_word' id='word_1_333' title='bbox 1112 3437 1442 3500; x_wconf 83' lang='lat' dir='ltr'><strong>canonibus</strong></span> <span class='ocrx_word' id='word_1_334' title='bbox 1473 3444 1653 3518; x_wconf 77' lang='lat' dir='ltr'><strong>atque</strong></span> <span class='ocrx_word' id='word_1_335' title='bbox 1685 3438 2066 3518; x_wconf 55' lang='lat' dir='ltr'><strong>leg-ibusuwn</strong></span> 
     </span>
    </p>
   </div>
   <div class='ocr_carea' id='block_1_52' title="bbox 497 3516 2065 3598">
    <p class='ocr_par' dir='ltr' id='par_1_52' title="bbox 497 3516 2065 3598">
     <span class='ocr_line' id='line_1_53' title="bbox 497 3516 2065 3598; baseline 0.001 -20"><span class='ocrx_word' id='word_1_336' title='bbox 497 3534 623 3578; x_wconf 82' lang='lat' dir='ltr'><strong>esse</strong></span> <span class='ocrx_word' id='word_1_337' title='bbox 664 3516 785 3596; x_wconf 85' lang='lat' dir='ltr'><strong>fas,</strong></span> <span class='ocrx_word' id='word_1_338' title='bbox 818 3527 886 3578; x_wconf 76' lang='lat' dir='ltr'><strong>ut</strong></span> <span class='ocrx_word' id='word_1_339' title='bbox 938 3519 1314 3598; x_wconf 83' lang='lat' dir='ltr'><strong>episcopatus</strong></span> <span class='ocrx_word' id='word_1_340' title='bbox 1369 3535 1406 3578; x_wconf 88' lang='lat' dir='ltr'><strong>a</strong></span> <span class='ocrx_word' id='word_1_341' title='bbox 1436 3516 1858 3598; x_wconf 69' lang='lat' dir='ltr'><strong>melropotibus</strong></span> <span class='ocrx_word' id='word_1_342' title='bbox 1887 3516 2065 3597; x_wconf 80' lang='lat' dir='ltr'><strong>aufe-</strong></span> 
     </span>
    </p>
   </div>
   <div class='ocr_carea' id='block_1_53' title="bbox 499 3604 746 3660">
    <p class='ocr_par' dir='ltr' id='par_1_53' title="bbox 499 3604 746 3660">
     <span class='ocr_line' id='line_1_54' title="bbox 499 3604 746 3660; baseline 0.004 -2"><span class='ocrx_word' id='word_1_343' title='bbox 499 3604 746 3660; x_wconf 80' lang='lat' dir='ltr'><strong>rantur.</strong></span> 
     </span>
    </p>
   </div>
   <div class='ocr_carea' id='block_1_54' title="bbox 497 3696 2064 3779">
    <p class='ocr_par' dir='ltr' id='par_1_54' title="bbox 497 3696 2064 3779">
     <span class='ocr_line' id='line_1_55' title="bbox 497 3696 2064 3779; baseline 0.001 -21"><span class='ocrx_word' id='word_1_344' title='bbox 497 3696 608 3758; x_wconf 90' lang='lat' dir='ltr'><strong>Pro</strong></span> <span class='ocrx_word' id='word_1_345' title='bbox 641 3697 838 3758; x_wconf 88' lang='lat' dir='ltr'><strong>divina</strong></span> <span class='ocrx_word' id='word_1_346' title='bbox 863 3699 989 3777; x_wconf 84' lang='lat' dir='ltr'><strong>lege</strong></span> <span class='ocrx_word' id='word_1_347' title='bbox 1007 3698 1230 3760; x_wconf 90' lang='lat' dir='ltr'><strong>ducens</strong></span> <span class='ocrx_word' id='word_1_348' title='bbox 1258 3698 1368 3778; x_wconf 63' lang='lat' dir='ltr'><strong>pia;</strong></span> <span class='ocrx_word' id='word_1_349' title='bbox 1393 3699 1715 3778; x_wconf 86' lang='lat' dir='ltr'><strong>majestatis</strong></span> <span class='ocrx_word' id='word_1_350' title='bbox 1748 3708 1859 3760; x_wconf 60' lang='lat' dir='ltr'><strong>tua;</strong></span> <span class='ocrx_word' id='word_1_351' title='bbox 1873 3699 2064 3779; x_wconf 88' lang='lat' dir='ltr'><strong>jussa,</strong></span> 
     </span>
    </p>
   </div>
   <div class='ocr_carea' id='block_1_55' title="bbox 418 3785 2068 3868">
    <p class='ocr_par' dir='ltr' id='par_1_55' title="bbox 418 3785 2068 3868">
     <span class='ocr_line' id='line_1_56' title="bbox 418 3785 2068 3868; baseline 0.002 -22"><span class='ocrx_word' id='word_1_352' title='bbox 418 3785 654 3867; x_wconf 85' lang='lat' dir='ltr'><strong>quando</strong></span> <span class='ocrx_word' id='word_1_353' title='bbox 687 3786 862 3847; x_wconf 88' lang='lat' dir='ltr'><strong>etiam</strong></span> <span class='ocrx_word' id='word_1_354' title='bbox 913 3805 1122 3867; x_wconf 86' lang='lat' dir='ltr'><strong>reapse</strong></span> <span class='ocrx_word' id='word_1_355' title='bbox 1170 3787 1328 3866; x_wconf 86' lang='lat' dir='ltr'><strong>justa</strong></span> <span class='ocrx_word' id='word_1_356' title='bbox 1377 3798 1511 3849; x_wconf 84' lang='lat' dir='ltr'><strong>sunt</strong></span> <span class='ocrx_word' id='word_1_357' title='bbox 1569 3802 1628 3850; x_wconf 70' lang='lat' dir='ltr'><strong>et.</strong></span> <span class='ocrx_word' id='word_1_358' title='bbox 1675 3787 1873 3866; x_wconf 74' lang='lat' dir='ltr'><strong>digna,</strong></span> <span class='ocrx_word' id='word_1_359' title='bbox 1938 3807 2068 3868; x_wconf 66' lang='lat' dir='ltr'><strong>qua}</strong></span> 
     </span>
    </p>
   </div>
   <div class='ocr_carea' id='block_1_56' title="bbox 417 3874 2068 3957">
    <p class='ocr_par' dir='ltr' id='par_1_56' title="bbox 417 3874 2068 3957">
     <span class='ocr_line' id='line_1_57' title="bbox 417 3874 2068 3957; baseline 0.001 -20"><span class='ocrx_word' id='word_1_360' title='bbox 417 3874 682 3937; x_wconf 83' lang='lat' dir='ltr'><strong>studiose</strong></span> <span class='ocrx_word' id='word_1_361' title='bbox 713 3875 1042 3949; x_wconf 91' lang='lat' dir='ltr'><strong>servenlur,</strong></span> <span class='ocrx_word' id='word_1_362' title='bbox 1080 3884 1358 3938; x_wconf 90' lang='lat' dir='ltr'><strong>coronate</strong></span> <span class='ocrx_word' id='word_1_363' title='bbox 1416 3877 1694 3938; x_wconf 87' lang='lat' dir='ltr'><strong>divinitus</strong></span> <span class='ocrx_word' id='word_1_364' title='bbox 1745 3885 2068 3957; x_wconf 92' lang='lat' dir='ltr'><strong>sancteque</strong></span> 
     </span>
    </p>
   </div>
   <div class='ocr_carea' id='block_1_57' title="bbox 418 3963 2070 4046">
    <p class='ocr_par' dir='ltr' id='par_1_57' title="bbox 418 3963 2070 4046">
     <span class='ocr_line' id='line_1_58' title="bbox 418 3963 2070 4046; baseline 0 -20"><span class='ocrx_word' id='word_1_365' title='bbox 418 3963 662 4026; x_wconf 90' lang='lat' dir='ltr'><strong>domine</strong></span> <span class='ocrx_word' id='word_1_366' title='bbox 712 3963 811 4036; x_wconf 90' lang='lat' dir='ltr'><strong>mi,</strong></span> <span class='ocrx_word' id='word_1_367' title='bbox 875 3971 932 4024; x_wconf 92' lang='lat' dir='ltr'><strong>et</strong></span> <span class='ocrx_word' id='word_1_368' title='bbox 962 3973 1292 4044; x_wconf 57' lang='lat' dir='ltr'><strong>prapotens</strong></span> <span class='ocrx_word' id='word_1_369' title='bbox 1338 3985 1405 4026; x_wconf 90' lang='lat' dir='ltr'><strong>ac</strong></span> <span class='ocrx_word' id='word_1_370' title='bbox 1439 3966 1713 4027; x_wconf 86' lang='lat' dir='ltr'><strong>sublimis</strong></span> <span class='ocrx_word' id='word_1_371' title='bbox 1746 3966 2070 4046; x_wconf 87' lang='lat' dir='ltr'><strong>imperator</strong></span> 
     </span>
    </p>
   </div>
   <div class='ocr_carea' id='block_1_58' title="bbox 421 4053 2064 4133">
    <p class='ocr_par' dir='ltr' id='par_1_58' title="bbox 421 4053 2064 4133">
     <span class='ocr_line' id='line_1_59' title="bbox 421 4053 2064 4133; baseline 0.001 -19"><span class='ocrx_word' id='word_1_372' title='bbox 421 4060 643 4125; x_wconf 90' lang='lat' dir='ltr'><strong>noster,</strong></span> <span class='ocrx_word' id='word_1_373' title='bbox 682 4063 1060 4132; x_wconf 83' lang='lat' dir='ltr'><strong>posteaquam</strong></span> <span class='ocrx_word' id='word_1_374' title='bbox 1102 4054 1304 4133; x_wconf 91' lang='lat' dir='ltr'><strong>accepi</strong></span> <span class='ocrx_word' id='word_1_375' title='bbox 1337 4053 1536 4116; x_wconf 89' lang='lat' dir='ltr'><strong>datum</strong></span> <span class='ocrx_word' id='word_1_376' title='bbox 1568 4055 1639 4115; x_wconf 87' lang='lat' dir='ltr'><strong>ad</strong></span> <span class='ocrx_word' id='word_1_377' title='bbox 1674 4055 1900 4116; x_wconf 89' lang='lat' dir='ltr'><strong>oblatas</strong></span> <span class='ocrx_word' id='word_1_378' title='bbox 1934 4073 2064 4115; x_wconf 89' lang='lat' dir='ltr'><strong>ma-</strong></span> 
     </span>
    </p>
   </div>
   <div class='ocr_carea' id='block_1_59' title="bbox 412 4139 2065 4223">
    <p class='ocr_par' dir='ltr' id='par_1_59' title="bbox 412 4139 2065 4223">
     <span class='ocr_line' id='line_1_60' title="bbox 412 4139 2065 4223; baseline 0.001 -21"><span class='ocrx_word' id='word_1_379' title='bbox 412 4139 618 4220; x_wconf 88' lang='lat' dir='ltr'><strong>jestati</strong></span> <span class='ocrx_word' id='word_1_380' title='bbox 637 4149 750 4200; x_wconf 73' lang='lat' dir='ltr'><strong>tuae</strong></span> <span class='ocrx_word' id='word_1_381' title='bbox 773 4159 980 4216; x_wconf 89' lang='lat' dir='ltr'><strong>preces</strong></span> <span class='ocrx_word' id='word_1_382' title='bbox 1003 4160 1034 4202; x_wconf 90' lang='lat' dir='ltr'><strong>a</strong></span> <span class='ocrx_word' id='word_1_383' title='bbox 1057 4141 1332 4220; x_wconf 83' lang='lat' dir='ltr'><strong>religioso</strong></span> <span class='ocrx_word' id='word_1_384' title='bbox 1347 4143 1589 4223; x_wconf 67' lang='lat' dir='ltr'><strong>Ancyrae</strong></span> <span class='ocrx_word' id='word_1_385' title='bbox 1613 4143 2065 4221; x_wconf 80' lang='lat' dir='ltr'><strong>metropolitano</strong></span> 
     </span>
    </p>
   </div>
   <div class='ocr_carea' id='block_1_60' title="bbox 419 4229 2062 4311">
    <p class='ocr_par' dir='ltr' id='par_1_60' title="bbox 419 4229 2062 4311">
     <span class='ocr_line' id='line_1_61' title="bbox 419 4229 2062 4311; baseline -0.001 -19"><span class='ocrx_word' id='word_1_386' title='bbox 419 4231 625 4292; x_wconf 85' lang='lat' dir='ltr'><strong>Niceta</strong></span> <span class='ocrx_word' id='word_1_387' title='bbox 657 4247 886 4289; x_wconf 91' lang='lat' dir='ltr'><strong>sacrum</strong></span> <span class='ocrx_word' id='word_1_388' title='bbox 947 4229 1327 4308; x_wconf 89' lang='lat' dir='ltr'><strong>rescriptum,</strong></span> <span class='ocrx_word' id='word_1_389' title='bbox 1393 4250 1499 4311; x_wconf 89' lang='lat' dir='ltr'><strong>per</strong></span> <span class='ocrx_word' id='word_1_390' title='bbox 1531 4232 1790 4310; x_wconf 86' lang='lat' dir='ltr'><strong>sigillum</strong></span> <span class='ocrx_word' id='word_1_391' title='bbox 1825 4251 2062 4293; x_wconf 90' lang='lat' dir='ltr'><strong>cereum</strong></span> 
     </span>
    </p>
   </div>
   <div class='ocr_carea' id='block_1_61' title="bbox 417 4316 2040 4398">
    <p class='ocr_par' dir='ltr' id='par_1_61' title="bbox 417 4316 2040 4398">
     <span class='ocr_line' id='line_1_62' title="bbox 417 4316 2040 4398; baseline 0 -19"><span class='ocrx_word' id='word_1_392' title='bbox 417 4316 820 4398; x_wconf 90' lang='lat' dir='ltr'><strong>puniceasque</strong></span> <span class='ocrx_word' id='word_1_393' title='bbox 855 4319 1106 4398; x_wconf 78' lang='lat' dir='ltr'><strong>propriae</strong></span> <span class='ocrx_word' id='word_1_394' title='bbox 1140 4338 1348 4380; x_wconf 88' lang='lat' dir='ltr'><strong>manus</strong></span> <span class='ocrx_word' id='word_1_395' title='bbox 1379 4321 1605 4381; x_wconf 87' lang='lat' dir='ltr'><strong>titteras</strong></span> <span class='ocrx_word' id='word_1_396' title='bbox 1635 4321 1854 4382; x_wconf 91' lang='lat' dir='ltr'><strong>idonee</strong></span> <span class='ocrx_word' id='word_1_397' title='bbox 1879 4319 2040 4380; x_wconf 92' lang='lat' dir='ltr'><strong>muni</strong></span> 
     </span>
    </p>
   </div>
   <div class='ocr_carea' id='block_1_62' title="bbox 419 4407 2068 4486">
    <p class='ocr_par' dir='ltr' id='par_1_62' title="bbox 419 4407 2068 4486">
     <span class='ocr_line' id='line_1_63' title="bbox 419 4407 2068 4486; baseline 0.001 -20"><span class='ocrx_word' id='word_1_398' title='bbox 419 4414 570 4481; x_wconf 89' lang='lat' dir='ltr'><strong>tum,</strong></span> <span class='ocrx_word' id='word_1_399' title='bbox 631 4424 746 4486; x_wconf 88' lang='lat' dir='ltr'><strong>quo</strong></span> <span class='ocrx_word' id='word_1_400' title='bbox 806 4407 930 4468; x_wconf 65' lang='lat' dir='ltr'><strong>haec</strong></span> <span class='ocrx_word' id='word_1_401' title='bbox 987 4407 1445 4470; x_wconf 89' lang='lat' dir='ltr'><strong>continebantur</strong></span> <span class='ocrx_word' id='word_1_402' title='bbox 1491 4429 1503 4469; x_wconf 94' lang='lat'>:</span> <span class='ocrx_word' id='word_1_403' title='bbox 1570 4432 1592 4464; x_wconf 75' lang='grc' dir='ltr'><strong>(ι</strong></span> <span class='ocrx_word' id='word_1_404' title='bbox 1643 4407 2068 4470; x_wconf 77' lang='lat' dir='ltr'><strong>Sanctissimus</strong></span> 
     </span>
    </p>
   </div>
   <div class='ocr_carea' id='block_1_63' title="bbox 2159 1791 3805 1874">
    <p class='ocr_par' dir='ltr' id='par_1_63' title="bbox 2159 1791 3805 1874">
     <span class='ocr_line' id='line_1_64' title="bbox 2159 1791 3805 1874; baseline -0.003 -23"><span class='ocrx_word' id='word_1_405' title='bbox 2159 1797 2256 1874; x_wconf 82' lang='grc' dir='ltr'><strong>γὰρ</strong></span> <span class='ocrx_word' id='word_1_406' title='bbox 2324 1797 2390 1852; x_wconf 78' lang='grc' dir='ltr'>τὰ</span> <span class='ocrx_word' id='word_1_407' title='bbox 2447 1796 2616 1854; x_wconf 87' lang='grc' dir='ltr'>πάλαι</span> <span class='ocrx_word' id='word_1_408' title='bbox 2689 1794 2970 1858; x_wconf 76' lang='grc' dir='ltr'>σονοδικῶς</span> <span class='ocrx_word' id='word_1_409' title='bbox 3045 1794 3313 1874; x_wconf 74' lang='grc' dir='ltr'>ὁρισθέντα</span> <span class='ocrx_word' id='word_1_410' title='bbox 3397 1791 3805 1872; x_wconf 82' lang='grc' dir='ltr'>παραϐαίνεσθαι</span> 
     </span>
    </p>
   </div>
   <div class='ocr_carea' id='block_1_64' title="bbox 2158 1880 3806 1965">
    <p class='ocr_par' dir='ltr' id='par_1_64' title="bbox 2158 1880 3806 1965">
     <span class='ocr_line' id='line_1_65' title="bbox 2158 1880 3806 1965; baseline -0.002 -25"><span class='ocrx_word' id='word_1_411' title='bbox 2158 1883 2322 1965; x_wconf 75' lang='grc' dir='ltr'>δόξαι,</span> <span class='ocrx_word' id='word_1_412' title='bbox 2385 1883 2499 1942; x_wconf 70' lang='grc' dir='ltr'>οὔτε</span> <span class='ocrx_word' id='word_1_413' title='bbox 2568 1887 2633 1940; x_wconf 75' lang='grc' dir='ltr'>τὰ</span> <span class='ocrx_word' id='word_1_414' title='bbox 2705 1883 2988 1961; x_wconf 87' lang='grc' dir='ltr'>μετέπειτα</span> <span class='ocrx_word' id='word_1_415' title='bbox 3054 1883 3114 1940; x_wconf 83' lang='grc' dir='ltr'><strong>ἐκ</strong></span> <span class='ocrx_word' id='word_1_416' title='bbox 3168 1880 3448 1961; x_wconf 79' lang='grc' dir='ltr'>βασιλικῆς</span> <span class='ocrx_word' id='word_1_417' title='bbox 3503 1880 3806 1937; x_wconf 85' lang='grc' dir='ltr'>τυπωθέντα</span> 
     </span>
    </p>
   </div>
   <div class='ocr_carea' id='block_1_65' title="bbox 2159 1969 3802 2052">
    <p class='ocr_par' dir='ltr' id='par_1_65' title="bbox 2159 1969 3802 2052">
     <span class='ocr_line' id='line_1_66' title="bbox 2159 1969 3802 2052; baseline -0.003 -24"><span class='ocrx_word' id='word_1_418' title='bbox 2159 1972 2515 2052; x_wconf 72' lang='grc' dir='ltr'>προστάξεως,</span> <span class='ocrx_word' id='word_1_419' title='bbox 2576 1973 2828 2040; x_wconf 75' lang='grc' dir='ltr'>ἂθετητέα</span> <span class='ocrx_word' id='word_1_420' title='bbox 2859 1973 3157 2051; x_wconf 82' lang='grc' dir='ltr'>γενήσεται.</span> <span class='ocrx_word' id='word_1_421' title='bbox 3225 1969 3391 2027; x_wconf 72' lang='grc' dir='ltr'>Ἀλλὰ</span> <span class='ocrx_word' id='word_1_422' title='bbox 3471 1971 3559 2025; x_wconf 85' lang='grc' dir='ltr'><strong>καὶ</strong></span> <span class='ocrx_word' id='word_1_423' title='bbox 3621 1969 3802 2048; x_wconf 73' lang='grc' dir='ltr'>ἀμφό-</span> 
     </span>
    </p>
   </div>
   <div class='ocr_carea' id='block_1_66' title="bbox 2161 2057 3802 2141">
    <p class='ocr_par' dir='ltr' id='par_1_66' title="bbox 2161 2057 3802 2141">
     <span class='ocr_line' id='line_1_67' title="bbox 2161 2057 3802 2141; baseline -0.002 -24"><span class='ocrx_word' id='word_1_424' title='bbox 2161 2083 2282 2140; x_wconf 84' lang='grc' dir='ltr'>τερα</span> <span class='ocrx_word' id='word_1_425' title='bbox 2367 2059 2779 2138; x_wconf 77' lang='grc' dir='ltr'>συμϐιϐασθέντα</span> <span class='ocrx_word' id='word_1_426' title='bbox 2831 2063 2962 2141; x_wconf 81' lang='grc' dir='ltr'>πρὸς</span> <span class='ocrx_word' id='word_1_427' title='bbox 3021 2059 3252 2140; x_wconf 75' lang='grc' dir='ltr'>ἄλληλα,</span> <span class='ocrx_word' id='word_1_428' title='bbox 3332 2057 3600 2137; x_wconf 86' lang='grc' dir='ltr'>κρατητέα</span> <span class='ocrx_word' id='word_1_429' title='bbox 3653 2058 3802 2114; x_wconf 80' lang='grc' dir='ltr'>ἔσται</span> 
     </span>
    </p>
   </div>
   <div class='ocr_carea' id='block_1_67' title="bbox 2157 2145 3802 2230">
    <p class='ocr_par' dir='ltr' id='par_1_67' title="bbox 2157 2145 3802 2230">
     <span class='ocr_line' id='line_1_68' title="bbox 2157 2145 3802 2230; baseline -0.003 -26"><span class='ocrx_word' id='word_1_430' title='bbox 2157 2149 2461 2224; x_wconf 74' lang='grc' dir='ltr'>ἀκωλύτως,</span> <span class='ocrx_word' id='word_1_431' title='bbox 2535 2150 2618 2206; x_wconf 82' lang='grc' dir='ltr'>ἐπὶ</span> <span class='ocrx_word' id='word_1_432' title='bbox 2675 2151 2868 2213; x_wconf 88' lang='grc' dir='ltr'>πάσαις</span> <span class='ocrx_word' id='word_1_433' title='bbox 2923 2151 3128 2230; x_wconf 79' lang='grc' dir='ltr'>χώραις</span> <span class='ocrx_word' id='word_1_434' title='bbox 3201 2150 3286 2204; x_wconf 85' lang='grc' dir='ltr'><strong>καὶ</strong></span> <span class='ocrx_word' id='word_1_435' title='bbox 3346 2145 3555 2206; x_wconf 85' lang='grc' dir='ltr'>πόλεσι.</span> <span class='ocrx_word' id='word_1_436' title='bbox 3629 2153 3802 2204; x_wconf 69' lang='grc' dir='ltr'>Ταῦτα)</span> 
     </span>
    </p>
   </div>
   <div class='ocr_carea' id='block_1_68' title="bbox 2154 2233 3798 2318">
    <p class='ocr_par' dir='ltr' id='par_1_68' title="bbox 2154 2233 3798 2318">
     <span class='ocr_line' id='line_1_69' title="bbox 2154 2233 3798 2318; baseline -0.002 -24"><span class='ocrx_word' id='word_1_437' title='bbox 2154 2237 2580 2318; x_wconf 78' lang='grc' dir='ltr'>παρεκκληθέντα</span> <span class='ocrx_word' id='word_1_438' title='bbox 2662 2241 2749 2295; x_wconf 87' lang='grc' dir='ltr'><strong>καὶ</strong></span> <span class='ocrx_word' id='word_1_439' title='bbox 2829 2241 3061 2308; x_wconf 78' lang='grc' dir='ltr'>συνήθως</span> <span class='ocrx_word' id='word_1_440' title='bbox 3134 2235 3479 2310; x_wconf 74' lang='grc' dir='ltr'>πιστωθέντα,</span> <span class='ocrx_word' id='word_1_441' title='bbox 3576 2233 3798 2302; x_wconf 79' lang='grc' dir='ltr'><strong>ἐπεδόθη</strong></span> 
     </span>
    </p>
   </div>
   <div class='ocr_carea' id='block_1_69' title="bbox 2153 2317 2959 2403">
    <p class='ocr_par' dir='ltr' id='par_1_69' title="bbox 2153 2317 2959 2403">
     <span class='ocr_line' id='line_1_70' title="bbox 2153 2317 2959 2403; baseline 0.002 -23"><span class='ocrx_word' id='word_1_442' title='bbox 2153 2329 2282 2402; x_wconf 86' lang='grc' dir='ltr'>μηνὶ</span> <span class='ocrx_word' id='word_1_443' title='bbox 2308 2330 2468 2402; x_wconf 71' lang='grc' dir='ltr'><strong>Μαΐῳ</strong></span> <span class='ocrx_word' id='word_1_444' title='bbox 2499 2327 2865 2403; x_wconf 84' lang='grc' dir='ltr'>έπινεμήσεως</span> <span class='ocrx_word' id='word_1_445' title='bbox 2897 2317 2959 2389; x_wconf 74' lang='grc' dir='ltr'><strong>ι’.</strong></span> 
     </span>
    </p>
   </div>
   <div class='ocr_carea' id='block_1_70' title="bbox 2719 2428 3243 2517">
    <p class='ocr_par' dir='ltr' id='par_1_70' title="bbox 2719 2428 3243 2517">
     <span class='ocr_line' id='line_1_71' title="bbox 2719 2428 3243 2517; baseline 0.004 -25"><span class='ocrx_word' id='word_1_446' title='bbox 2719 2462 2745 2492; x_wconf 78' lang='grc' dir='ltr'><strong>α</strong></span> <span class='ocrx_word' id='word_1_447' title='bbox 2783 2428 2846 2495; x_wconf 61' lang='grc' dir='ltr'><strong><em>Ἠ</em></strong></span> <span class='ocrx_word' id='word_1_448' title='bbox 2873 2437 3178 2517; x_wconf 75' lang='grc' dir='ltr'>ὑπογραφὴ.</span> <span class='ocrx_word' id='word_1_449' title='bbox 3219 2457 3243 2494; x_wconf 76' lang='grc' dir='ltr'>ι</span> 
     </span>
    </p>
   </div>
   <div class='ocr_carea' id='block_1_71' title="bbox 2235 2535 3796 2618">
    <p class='ocr_par' dir='ltr' id='par_1_71' title="bbox 2235 2535 3796 2618">
     <span class='ocr_line' id='line_1_72' title="bbox 2235 2535 3796 2618; baseline -0.001 -24"><span class='ocrx_word' id='word_1_450' title='bbox 2235 2538 2428 2618; x_wconf 86' lang='grc' dir='ltr'>Πέτρος</span> <span class='ocrx_word' id='word_1_451' title='bbox 2491 2541 2518 2596; x_wconf 78' lang='grc' dir='ltr'><em>ὃ</em></span> <span class='ocrx_word' id='word_1_452' title='bbox 2570 2538 2786 2608; x_wconf 65' lang='grc' dir='ltr'>εὖτελὴς</span> <span class='ocrx_word' id='word_1_453' title='bbox 2874 2538 3110 2602; x_wconf 87' lang='grc' dir='ltr'>διάκονος</span> <span class='ocrx_word' id='word_1_454' title='bbox 3168 2539 3255 2595; x_wconf 84' lang='grc' dir='ltr'><strong>καὶ</strong></span> <span class='ocrx_word' id='word_1_455' title='bbox 3307 2535 3643 2618; x_wconf 76' lang='grc' dir='ltr'>χαρτοφύλαξ</span> <span class='ocrx_word' id='word_1_456' title='bbox 3696 2541 3796 2606; x_wconf 78' lang='grc' dir='ltr'>τῆς</span> 
     </span>
    </p>
   </div>
   <div class='ocr_carea' id='block_1_72' title="bbox 2155 2626 3384 2708">
    <p class='ocr_par' dir='ltr' id='par_1_72' title="bbox 2155 2626 3384 2708">
     <span class='ocr_line' id='line_1_73' title="bbox 2155 2626 3384 2708; baseline 0.002 -26"><span class='ocrx_word' id='word_1_457' title='bbox 2155 2626 2460 2705; x_wconf 76' lang='grc' dir='ltr'>ἁγιωτάτης</span> <span class='ocrx_word' id='word_1_458' title='bbox 2489 2638 2582 2686; x_wconf 85' lang='grc' dir='ltr'><strong>τοῦ</strong></span> <span class='ocrx_word' id='word_1_459' title='bbox 2615 2629 2746 2686; x_wconf 77' lang='grc' dir='ltr'>Θεοῦ</span> <span class='ocrx_word' id='word_1_460' title='bbox 2774 2627 3014 2708; x_wconf 80' lang='grc' dir='ltr'>μεγάλης</span> <span class='ocrx_word' id='word_1_461' title='bbox 3039 2626 3384 2694; x_wconf 81' lang='grc' dir='ltr'>Ἐκκλησίας.</span> 
     </span>
    </p>
   </div>
   <div class='ocr_carea' id='block_1_73' title="bbox 2237 2715 3800 2797">
    <p class='ocr_par' dir='ltr' id='par_1_73' title="bbox 2237 2715 3800 2797">
     <span class='ocr_line' id='line_1_74' title="bbox 2237 2715 3800 2797; baseline 0.001 -23"><span class='ocrx_word' id='word_1_462' title='bbox 2237 2719 2470 2786; x_wconf 80' lang='grc' dir='ltr'>Νικήτας</span> <span class='ocrx_word' id='word_1_463' title='bbox 2504 2715 2742 2782; x_wconf 86' lang='grc' dir='ltr'>διάκονος</span> <span class='ocrx_word' id='word_1_464' title='bbox 2786 2719 2873 2773; x_wconf 86' lang='grc' dir='ltr'><strong>καὶ</strong></span> <span class='ocrx_word' id='word_1_465' title='bbox 2942 2715 3276 2797; x_wconf 78' lang='grc' dir='ltr'>χαρτοφυλαξ</span> <span class='ocrx_word' id='word_1_466' title='bbox 3347 2715 3439 2783; x_wconf 75' lang='grc' dir='ltr'>τῆς</span> <span class='ocrx_word' id='word_1_467' title='bbox 3496 2715 3800 2792; x_wconf 70' lang='grc' dir='ltr'>ἁγιωτάτης</span> 
     </span>
    </p>
   </div>
   <div class='ocr_carea' id='block_1_74' title="bbox 2153 2803 3802 2884">
    <p class='ocr_par' dir='ltr' id='par_1_74' title="bbox 2153 2803 3802 2884">
     <span class='ocr_line' id='line_1_75' title="bbox 2153 2803 3802 2884; baseline -0.001 -24"><span class='ocrx_word' id='word_1_468' title='bbox 2153 2811 2244 2861; x_wconf 91' lang='grc' dir='ltr'><strong>τοῦ</strong></span> <span class='ocrx_word' id='word_1_469' title='bbox 2276 2812 2406 2862; x_wconf 88' lang='grc' dir='ltr'>Θεοῦ</span> <span class='ocrx_word' id='word_1_470' title='bbox 2436 2805 2675 2884; x_wconf 81' lang='grc' dir='ltr'>μεγάλης</span> <span class='ocrx_word' id='word_1_471' title='bbox 2750 2805 3092 2876; x_wconf 80' lang='grc' dir='ltr'>Ἐκκλησίας,</span> <span class='ocrx_word' id='word_1_472' title='bbox 3151 2806 3212 2862; x_wconf 85' lang='grc' dir='ltr'>τὸ</span> <span class='ocrx_word' id='word_1_473' title='bbox 3261 2807 3427 2882; x_wconf 82' lang='grc' dir='ltr'>παρὸν</span> <span class='ocrx_word' id='word_1_474' title='bbox 3485 2803 3606 2859; x_wconf 78' lang='grc' dir='ltr'>ἴσον</span> <span class='ocrx_word' id='word_1_475' title='bbox 3659 2803 3802 2859; x_wconf 83' lang='grc' dir='ltr'>ἀντι-</span> 
     </span>
    </p>
   </div>
   <div class='ocr_carea' id='block_1_75' title="bbox 2153 2890 3797 2972">
    <p class='ocr_par' dir='ltr' id='par_1_75' title="bbox 2153 2890 3797 2972">
     <span class='ocr_line' id='line_1_76' title="bbox 2153 2890 3797 2972; baseline 0.001 -24"><span class='ocrx_word' id='word_1_476' title='bbox 2153 2890 2329 2949; x_wconf 80' lang='grc' dir='ltr'>ϐαλὼν</span> <span class='ocrx_word' id='word_1_477' title='bbox 2389 2896 2523 2970; x_wconf 82' lang='grc' dir='ltr'>μετὰ</span> <span class='ocrx_word' id='word_1_478' title='bbox 2581 2905 2672 2952; x_wconf 79' lang='grc' dir='ltr'><strong>τοῦ</strong></span> <span class='ocrx_word' id='word_1_479' title='bbox 2753 2893 3155 2972; x_wconf 65' lang='grc' dir='ltr'>ἐμφανισθέντος</span> <span class='ocrx_word' id='word_1_480' title='bbox 3239 2915 3329 2968; x_wconf 86' lang='grc' dir='ltr'><strong>μοι</strong></span> <span class='ocrx_word' id='word_1_481' title='bbox 3422 2891 3797 2970; x_wconf 78' lang='grc' dir='ltr'>πρωτοτύπου,</span> 
     </span>
    </p>
   </div>
   <div class='ocr_carea' id='block_1_76' title="bbox 2150 2979 3798 3063">
    <p class='ocr_par' dir='ltr' id='par_1_76' title="bbox 2150 2979 3798 3063">
     <span class='ocr_line' id='line_1_77' title="bbox 2150 2979 3798 3063; baseline 0.002 -26"><span class='ocrx_word' id='word_1_482' title='bbox 2150 2984 2237 3038; x_wconf 82' lang='grc' dir='ltr'><strong>καὶ</strong></span> <span class='ocrx_word' id='word_1_483' title='bbox 2278 2983 2441 3063; x_wconf 70' lang='grc' dir='ltr'>εὑρὼν</span> <span class='ocrx_word' id='word_1_484' title='bbox 2469 2985 2605 3039; x_wconf 76' lang='grc' dir='ltr'>κατὰ</span> <span class='ocrx_word' id='word_1_485' title='bbox 2633 2984 2804 3040; x_wconf 86' lang='grc' dir='ltr'>πάντα</span> <span class='ocrx_word' id='word_1_486' title='bbox 2853 2984 3051 3063; x_wconf 76' lang='grc' dir='ltr'>ἰσάζον,</span> <span class='ocrx_word' id='word_1_487' title='bbox 3109 2982 3385 3060; x_wconf 72' lang='grc' dir='ltr'>ὑπέγραψα</span> <span class='ocrx_word' id='word_1_488' title='bbox 3454 2982 3541 3036; x_wconf 86' lang='grc' dir='ltr'><strong>καὶ</strong></span> <span class='ocrx_word' id='word_1_489' title='bbox 3598 2979 3798 3060; x_wconf 73' lang='grc' dir='ltr'><strong>ὲσφρά-</strong></span> 
     </span>
    </p>
   </div>
   <div class='ocr_carea' id='block_1_77' title="bbox 2149 3093 2296 3150">
    <p class='ocr_par' dir='ltr' id='par_1_77' title="bbox 2149 3093 2296 3150">
     <span class='ocr_line' id='line_1_78' title="bbox 2149 3093 2296 3150; baseline 0.014 -24"><span class='ocrx_word' id='word_1_490' title='bbox 2149 3093 2296 3150; x_wconf 83' lang='grc' dir='ltr'>γισα.</span> 
     </span>
    </p>
   </div>
   <div class='ocr_carea' id='block_1_78' title="bbox 2150 3179 3794 3268">
    <p class='ocr_par' dir='ltr' id='par_1_78' title="bbox 2150 3179 3794 3268">
     <span class='ocr_line' id='line_1_79' title="bbox 2150 3179 3794 3268; baseline -0.004 -22"><span class='ocrx_word' id='word_1_491' title='bbox 2150 3179 2212 3246; x_wconf 78' lang='grc' dir='ltr'><strong>Β’</strong></span> <span class='ocrx_word' id='word_1_492' title='bbox 2246 3213 2270 3248; x_wconf 79' lang='grc' dir='ltr'><strong>(ί</strong></span> <span class='ocrx_word' id='word_1_493' title='bbox 2341 3189 2620 3246; x_wconf 80' lang='grc' dir='ltr'>Συνοδικὸν</span> <span class='ocrx_word' id='word_1_494' title='bbox 2690 3191 2910 3268; x_wconf 83' lang='grc' dir='ltr'>γράμμα</span> <span class='ocrx_word' id='word_1_495' title='bbox 2961 3199 3053 3249; x_wconf 88' lang='grc' dir='ltr'><strong>τοῦ</strong></span> <span class='ocrx_word' id='word_1_496' title='bbox 3103 3190 3413 3268; x_wconf 14' lang='grc' dir='ltr'>ἀγιωτάτουᾼ</span> <span class='ocrx_word' id='word_1_497' title='bbox 3457 3185 3550 3268; x_wconf 71' lang='grc' dir='ltr'><strong>καί</strong></span> <span class='ocrx_word' id='word_1_498' title='bbox 3609 3187 3794 3268; x_wconf 71' lang='grc' dir='ltr'>οἱκού-</span> 
     </span>
    </p>
   </div>
   <div class='ocr_carea' id='block_1_79' title="bbox 2227 3266 3794 3351">
    <p class='ocr_par' dir='ltr' id='par_1_79' title="bbox 2227 3266 3794 3351">
     <span class='ocr_line' id='line_1_80' title="bbox 2227 3266 3794 3351; baseline 0.002 -26"><span class='ocrx_word' id='word_1_499' title='bbox 2227 3281 2441 3347; x_wconf 80' lang='grc' dir='ltr'>μενικοῡ</span> <span class='ocrx_word' id='word_1_500' title='bbox 2526 3266 2880 3351; x_wconf 68' lang='grc' dir='ltr'>πατριάρχου,</span> <span class='ocrx_word' id='word_1_501' title='bbox 2972 3266 3161 3351; x_wconf 15' lang='grc' dir='ltr'>νκορίού</span> <span class='ocrx_word' id='word_1_502' title='bbox 3270 3266 3556 3351; x_wconf 54' lang='grc' dir='ltr'>Νικολάοιέ,</span> <span class='ocrx_word' id='word_1_503' title='bbox 3658 3266 3794 3351; x_wconf 62' lang='grc' dir='ltr'><strong>πρρς</strong></span> 
     </span>
    </p>
   </div>
   <div class='ocr_carea' id='block_1_80' title="bbox 2228 3343 3793 3428">
    <p class='ocr_par' dir='ltr' id='par_1_80' title="bbox 2228 3343 3793 3428">
     <span class='ocr_line' id='line_1_81' title="bbox 2228 3343 3793 3428; baseline -0.005 -20"><span class='ocrx_word' id='word_1_504' title='bbox 2228 3343 2318 3408; x_wconf 83' lang='grc' dir='ltr'>τὸν</span> <span class='ocrx_word' id='word_1_505' title='bbox 2399 3343 2796 3407; x_wconf 61' lang='grc' dir='ltr'><strong>εὐσεϐέστατον⁷</strong></span> <span class='ocrx_word' id='word_1_506' title='bbox 2847 3343 3083 3426; x_wconf 77' lang='grc' dir='ltr'>βοσιλέα,</span> <span class='ocrx_word' id='word_1_507' title='bbox 3142 3370 3296 3428; x_wconf 75' lang='grc' dir='ltr'>κῦρον</span> <span class='ocrx_word' id='word_1_508' title='bbox 3383 3343 3616 3428; x_wconf 73' lang='grc' dir='ltr'>Ἀλεξιον</span> <span class='ocrx_word' id='word_1_509' title='bbox 3700 3346 3793 3428; x_wconf 76' lang='grc' dir='ltr'>τὸν</span> 
     </span>
    </p>
   </div>
   <div class='ocr_carea' id='block_1_81' title="bbox 2233 3425 3798 3511">
    <p class='ocr_par' dir='ltr' id='par_1_81' title="bbox 2233 3425 3798 3511">
     <span class='ocr_line' id='line_1_82' title="bbox 2233 3425 3798 3511; baseline -0.007 -21"><span class='ocrx_word' id='word_1_510' title='bbox 2233 3432 2797 3511; x_wconf 72' lang='grc' dir='ltr'>Κομνηνὸν,παρίστών</span> <span class='ocrx_word' id='word_1_511' title='bbox 2849 3425 2917 3486; x_wconf 86' lang='grc' dir='ltr'><strong>έκ</strong></span> <span class='ocrx_word' id='word_1_512' title='bbox 2970 3433 3076 3486; x_wconf 71' lang='grc' dir='ltr'>τῶν</span> <span class='ocrx_word' id='word_1_513' title='bbox 3161 3425 3324 3507; x_wconf 82' lang='grc' dir='ltr'>ἁγίων</span> <span class='ocrx_word' id='word_1_514' title='bbox 3395 3427 3628 3511; x_wconf 76' lang='grc' dir='ltr'>κανόνων</span> <span class='ocrx_word' id='word_1_515' title='bbox 3705 3425 3798 3511; x_wconf 79' lang='grc' dir='ltr'><strong>καὶ</strong></span> 
     </span>
    </p>
   </div>
   <div class='ocr_carea' id='block_1_82' title="bbox 2229 3505 3792 3592">
    <p class='ocr_par' dir='ltr' id='par_1_82' title="bbox 2229 3505 3792 3592">
     <span class='ocr_line' id='line_1_83' title="bbox 2229 3505 3792 3592; baseline -0.005 -25"><span class='ocrx_word' id='word_1_516' title='bbox 2229 3505 2428 3592; x_wconf 84' lang='grc' dir='ltr'>νόμων,</span> <span class='ocrx_word' id='word_1_517' title='bbox 2462 3505 2541 3566; x_wconf 73' lang='grc' dir='ltr'><strong>ὅτι</strong></span> <span class='ocrx_word' id='word_1_518' title='bbox 2572 3505 2664 3567; x_wconf 67' lang='grc' dir='ltr'><strong>οῦκ</strong></span> <span class='ocrx_word' id='word_1_519' title='bbox 2708 3510 2899 3576; x_wconf 75' lang='grc' dir='ltr'>ἔξεστιν</span> <span class='ocrx_word' id='word_1_520' title='bbox 2956 3505 3290 3590; x_wconf 72' lang='grc' dir='ltr'>ἀφαιρεῖσθαι</span> <span class='ocrx_word' id='word_1_521' title='bbox 3344 3509 3438 3572; x_wconf 72' lang='grc' dir='ltr'><strong>τὰς</strong></span> <span class='ocrx_word' id='word_1_522' title='bbox 3491 3505 3792 3568; x_wconf 76' lang='grc' dir='ltr'>ἁπισκοπὰς</span> 
     </span>
    </p>
   </div>
   <div class='ocr_carea' id='block_1_83' title="bbox 2230 3589 2953 3668">
    <p class='ocr_par' dir='ltr' id='par_1_83' title="bbox 2230 3589 2953 3668">
     <span class='ocr_line' id='line_1_84' title="bbox 2230 3589 2953 3668; baseline -0.001 -22"><span class='ocrx_word' id='word_1_523' title='bbox 2230 3592 2336 3648; x_wconf 79' lang='grc' dir='ltr'><strong>ἀπὸ</strong></span> <span class='ocrx_word' id='word_1_524' title='bbox 2364 3589 2468 3648; x_wconf 75' lang='grc' dir='ltr'><strong>τῶν</strong></span> <span class='ocrx_word' id='word_1_525' title='bbox 2492 3589 2887 3668; x_wconf 85' lang='grc' dir='ltr'>μετροπόλεων.</span> <span class='ocrx_word' id='word_1_526' title='bbox 2927 3613 2953 3645; x_wconf 74' lang='lat' dir='ltr'><strong>n</strong></span> 
     </span>
    </p>
   </div>
   <div class='ocr_carea' id='block_1_84' title="bbox 2230 3686 3795 3770">
    <p class='ocr_par' dir='ltr' id='par_1_84' title="bbox 2230 3686 3795 3770">
     <span class='ocr_line' id='line_1_85' title="bbox 2230 3686 3795 3770; baseline -0.004 -21"><span class='ocrx_word' id='word_1_527' title='bbox 2230 3701 2385 3749; x_wconf 82' lang='grc' dir='ltr'>Θετον</span> <span class='ocrx_word' id='word_1_528' title='bbox 2413 3694 2573 3767; x_wconf 88' lang='grc' dir='ltr'>νόμον</span> <span class='ocrx_word' id='word_1_529' title='bbox 2602 3693 2893 3770; x_wconf 83' lang='grc' dir='ltr'>ἡγούμενος</span> <span class='ocrx_word' id='word_1_530' title='bbox 2941 3691 3005 3747; x_wconf 79' lang='grc' dir='ltr'>τὰ</span> <span class='ocrx_word' id='word_1_531' title='bbox 3048 3696 3144 3758; x_wconf 77' lang='grc' dir='ltr'>τῆς</span> <span class='ocrx_word' id='word_1_532' title='bbox 3201 3686 3444 3751; x_wconf 74' lang='grc' dir='ltr'>εὐσεϐοῦς</span> <span class='ocrx_word' id='word_1_533' title='bbox 3501 3709 3593 3743; x_wconf 86' lang='grc' dir='ltr'><strong>σου</strong></span> <span class='ocrx_word' id='word_1_534' title='bbox 3634 3686 3795 3764; x_wconf 83' lang='grc' dir='ltr'>βασι-</span> 
     </span>
    </p>
   </div>
   <div class='ocr_carea' id='block_1_85' title="bbox 2150 3773 3796 3860">
    <p class='ocr_par' dir='ltr' id='par_1_85' title="bbox 2150 3773 3796 3860">
     <span class='ocr_line' id='line_1_86' title="bbox 2150 3773 3796 3860; baseline -0.004 -24"><span class='ocrx_word' id='word_1_535' title='bbox 2150 3780 2293 3846; x_wconf 83' lang='grc' dir='ltr'>λείας</span> <span class='ocrx_word' id='word_1_536' title='bbox 2323 3781 2658 3859; x_wconf 82' lang='grc' dir='ltr'>ἐπιτάγματα</span> <span class='ocrx_word' id='word_1_537' title='bbox 2741 3783 2859 3856; x_wconf 81' lang='grc' dir='ltr'>(εἰσὶ</span> <span class='ocrx_word' id='word_1_538' title='bbox 2916 3781 3014 3860; x_wconf 79' lang='grc' dir='ltr'><strong>γὰρ</strong></span> <span class='ocrx_word' id='word_1_539' title='bbox 3064 3782 3152 3836; x_wconf 87' lang='grc' dir='ltr'><strong>καὶ</strong></span> <span class='ocrx_word' id='word_1_540' title='bbox 3219 3786 3296 3854; x_wconf 80' lang='grc' dir='ltr'>τῷ</span> <span class='ocrx_word' id='word_1_541' title='bbox 3346 3779 3454 3834; x_wconf 87' lang='grc' dir='ltr'>ὀντὶ</span> <span class='ocrx_word' id='word_1_542' title='bbox 3496 3773 3669 3832; x_wconf 84' lang='grc' dir='ltr'>δίκαια</span> <span class='ocrx_word' id='word_1_543' title='bbox 3710 3776 3796 3830; x_wconf 82' lang='grc' dir='ltr'><strong>καὶ</strong></span> 
     </span>
    </p>
   </div>
   <div class='ocr_carea' id='block_1_86' title="bbox 2151 3865 3795 3948">
    <p class='ocr_par' dir='ltr' id='par_1_86' title="bbox 2151 3865 3795 3948">
     <span class='ocr_line' id='line_1_87' title="bbox 2151 3865 3795 3948; baseline -0.004 -23"><span class='ocrx_word' id='word_1_544' title='bbox 2151 3869 2606 3943; x_wconf 76' lang='grc' dir='ltr'>ἀξιοσπούδαστα),</span> <span class='ocrx_word' id='word_1_545' title='bbox 2668 3871 2948 3925; x_wconf 86' lang='grc' dir='ltr'>θεόστεπτε</span> <span class='ocrx_word' id='word_1_546' title='bbox 3033 3869 3148 3948; x_wconf 73' lang='grc' dir='ltr'>ἅγιε</span> <span class='ocrx_word' id='word_1_547' title='bbox 3236 3865 3464 3923; x_wconf 81' lang='grc' dir='ltr'>δέσποτά</span> <span class='ocrx_word' id='word_1_548' title='bbox 3521 3885 3646 3944; x_wconf 82' lang='grc' dir='ltr'>μου,</span> <span class='ocrx_word' id='word_1_549' title='bbox 3707 3866 3795 3919; x_wconf 83' lang='grc' dir='ltr'><strong>καὶ</strong></span> 
     </span>
    </p>
   </div>
   <div class='ocr_carea' id='block_1_87' title="bbox 2149 3949 3797 4038">
    <p class='ocr_par' dir='ltr' id='par_1_87' title="bbox 2149 3949 3797 4038">
     <span class='ocr_line' id='line_1_88' title="bbox 2343 3952 3640 3986; baseline 0 -14"><span class='ocrx_word' id='word_1_550' title='bbox 2343 3958 2355 3972; x_wconf 80' lang='lat'><strong>.</strong></span> <span class='ocrx_word' id='word_1_551' title='bbox 2465 3956 2528 3986; x_wconf 63' lang='grc' dir='ltr'><strong>η.</strong></span> <span class='ocrx_word' id='word_1_552' title='bbox 2629 3956 2675 3972; x_wconf 69' lang='grc'>..</span> <span class='ocrx_word' id='word_1_553' title='bbox 2731 3961 2742 3976; x_wconf 91' lang='grc'><strong>.</strong></span> <span class='ocrx_word' id='word_1_554' title='bbox 2815 3965 2839 3974; x_wconf 79' lang='lat'><strong>-</strong></span> <span class='ocrx_word' id='word_1_555' title='bbox 3136 3964 3158 3973; x_wconf 80' lang='lat'><strong>-</strong></span> <span class='ocrx_word' id='word_1_556' title='bbox 3259 3953 3366 3974; x_wconf 61' lang='grc' dir='ltr'><strong>μιν,</strong></span> <span class='ocrx_word' id='word_1_557' title='bbox 3627 3952 3640 3972; x_wconf 58' lang='grc' dir='ltr'>κ</span> 
     </span>
     <span class='ocr_line' id='line_1_89' title="bbox 2149 3949 3797 4038; baseline -0.005 -24"><span class='ocrx_word' id='word_1_558' title='bbox 2149 3980 2365 4037; x_wconf 83' lang='grc' dir='ltr'>κραταιε</span> <span class='ocrx_word' id='word_1_559' title='bbox 2395 3963 2687 4038; x_wconf 63' lang='grc' dir='ltr'>κα.·δψτιλε</span> <span class='ocrx_word' id='word_1_560' title='bbox 2722 3982 2876 4034; x_wconf 85' lang='grc' dir='ltr'>ημων</span> <span class='ocrx_word' id='word_1_561' title='bbox 2948 3957 3185 4035; x_wconf 79' lang='grc' dir='ltr'>βασιλεύ,</span> <span class='ocrx_word' id='word_1_562' title='bbox 3255 3975 3530 4029; x_wconf 87' lang='grc' dir='ltr'>οεςαμενος</span> <span class='ocrx_word' id='word_1_563' title='bbox 3587 3973 3685 4018; x_wconf 84' lang='grc' dir='ltr'><strong>την</strong></span> <span class='ocrx_word' id='word_1_564' title='bbox 3741 3949 3797 4006; x_wconf 78' lang='grc' dir='ltr'>ἐν</span> 
     </span>
    </p>
   </div>
   <div class='ocr_carea' id='block_1_88' title="bbox 2149 4041 3792 4126">
    <p class='ocr_par' dir='ltr' id='par_1_88' title="bbox 2149 4041 3792 4126">
     <span class='ocr_line' id='line_1_90' title="bbox 2149 4041 3792 4126; baseline -0.004 -25"><span class='ocrx_word' id='word_1_565' title='bbox 2149 4052 2216 4122; x_wconf 81' lang='grc' dir='ltr'>τῇ</span> <span class='ocrx_word' id='word_1_566' title='bbox 2271 4048 2686 4126; x_wconf 62' lang='grc' dir='ltr'>προσενεχθείσης,</span> <span class='ocrx_word' id='word_1_567' title='bbox 2741 4045 2919 4117; x_wconf 79' lang='grc' dir='ltr'>δεήσει</span> <span class='ocrx_word' id='word_1_568' title='bbox 2984 4055 3062 4121; x_wconf 78' lang='grc' dir='ltr'>τῷ</span> <span class='ocrx_word' id='word_1_569' title='bbox 3109 4047 3286 4125; x_wconf 85' lang='grc' dir='ltr'>κράτει</span> <span class='ocrx_word' id='word_1_570' title='bbox 3343 4064 3436 4099; x_wconf 83' lang='grc' dir='ltr'><strong>σου</strong></span> <span class='ocrx_word' id='word_1_571' title='bbox 3504 4041 3646 4118; x_wconf 75' lang='grc' dir='ltr'>παρὰ</span> <span class='ocrx_word' id='word_1_572' title='bbox 3699 4046 3792 4095; x_wconf 86' lang='grc' dir='ltr'><strong>τοῦ</strong></span> 
     </span>
    </p>
   </div>
   <div class='ocr_carea' id='block_1_89' title="bbox 2147 4127 3791 4214">
    <p class='ocr_par' dir='ltr' id='par_1_89' title="bbox 2147 4127 3791 4214">
     <span class='ocr_line' id='line_1_91' title="bbox 2147 4127 3791 4214; baseline -0.006 -22"><span class='ocrx_word' id='word_1_573' title='bbox 2147 4134 2416 4214; x_wconf 75' lang='grc' dir='ltr'>θεοφιλοῦς</span> <span class='ocrx_word' id='word_1_574' title='bbox 2473 4135 2863 4214; x_wconf 82' lang='grc' dir='ltr'>μητροπολίτου</span> <span class='ocrx_word' id='word_1_575' title='bbox 2949 4134 3204 4214; x_wconf 80' lang='grc' dir='ltr'>Ἀγκύρας</span> <span class='ocrx_word' id='word_1_576' title='bbox 3262 4133 3464 4201; x_wconf 83' lang='grc' dir='ltr'>Νικήτα</span> <span class='ocrx_word' id='word_1_577' title='bbox 3547 4127 3791 4185; x_wconf 78' lang='grc' dir='ltr'>δοθεῖσαν</span> 
     </span>
    </p>
   </div>
   <div class='ocr_carea' id='block_1_90' title="bbox 2148 4221 3791 4304">
    <p class='ocr_par' dir='ltr' id='par_1_90' title="bbox 2148 4221 3791 4304">
     <span class='ocr_line' id='line_1_92' title="bbox 2148 4221 3791 4304; baseline -0.006 -24"><span class='ocrx_word' id='word_1_578' title='bbox 2148 4226 2286 4280; x_wconf 86' lang='grc' dir='ltr'>θείαν</span> <span class='ocrx_word' id='word_1_579' title='bbox 2316 4223 2569 4304; x_wconf 70' lang='grc' dir='ltr'>ἐπίλυτιν,</span> <span class='ocrx_word' id='word_1_580' title='bbox 2603 4223 2693 4280; x_wconf 77' lang='grc' dir='ltr'>διὰ</span> <span class='ocrx_word' id='word_1_581' title='bbox 2723 4223 3012 4304; x_wconf 82' lang='grc' dir='ltr'>σφραγῖδος</span> <span class='ocrx_word' id='word_1_582' title='bbox 3070 4224 3128 4281; x_wconf 77' lang='grc' dir='ltr'>ὲκ</span> <span class='ocrx_word' id='word_1_583' title='bbox 3183 4231 3341 4300; x_wconf 85' lang='grc' dir='ltr'>κυροῦ</span> <span class='ocrx_word' id='word_1_584' title='bbox 3394 4221 3482 4277; x_wconf 83' lang='grc' dir='ltr'><strong>καὶ</strong></span> <span class='ocrx_word' id='word_1_585' title='bbox 3538 4224 3791 4298; x_wconf 67' lang='grc' dir='ltr'>φοινικῶν</span> 
     </span>
    </p>
   </div>
   <div class='ocr_carea' id='block_1_91' title="bbox 2148 4306 3796 4393">
    <p class='ocr_par' dir='ltr' id='par_1_91' title="bbox 2148 4306 3796 4393">
     <span class='ocr_line' id='line_1_93' title="bbox 2148 4306 3796 4393; baseline 0.003 -24"><span class='ocrx_word' id='word_1_586' title='bbox 2148 4316 2472 4393; x_wconf 67' lang='grc' dir='ltr'>αὖτοχειρων</span> <span class='ocrx_word' id='word_1_587' title='bbox 2519 4315 2845 4392; x_wconf 82' lang='grc' dir='ltr'>γραμμάτων</span> <span class='ocrx_word' id='word_1_588' title='bbox 2899 4317 2960 4370; x_wconf 82' lang='grc' dir='ltr'><strong>τὸ</strong></span> <span class='ocrx_word' id='word_1_589' title='bbox 3026 4313 3323 4393; x_wconf 73' lang='grc' dir='ltr'>ἀξιόπιστον</span> <span class='ocrx_word' id='word_1_590' title='bbox 3355 4309 3420 4359; x_wconf 76' lang='grc'><strong>48</strong></span> <span class='ocrx_word' id='word_1_591' title='bbox 3491 4306 3796 4382; x_wconf 71' lang='grc' dir='ltr'>κεκτημένα</span> 
     </span>
    </p>
   </div>
   <div class='ocr_carea' id='block_1_92' title="bbox 2147 4392 3797 4483">
    <p class='ocr_par' dir='ltr' id='par_1_92' title="bbox 2147 4392 3797 4483">
     <span class='ocr_line' id='line_1_94' title="bbox 2147 4392 3797 4483; baseline 0.002 -25"><span class='ocrx_word' id='word_1_592' title='bbox 2147 4403 2245 4470; x_wconf 70' lang='grc' dir='ltr'><strong>τὴν</strong></span> <span class='ocrx_word' id='word_1_593' title='bbox 2304 4405 2391 4458; x_wconf 86' lang='grc' dir='ltr'><strong>καὶ</strong></span> <span class='ocrx_word' id='word_1_594' title='bbox 2446 4402 2800 4483; x_wconf 75' lang='grc' dir='ltr'>περιέχουσαν</span> <span class='ocrx_word' id='word_1_595' title='bbox 2855 4403 3021 4466; x_wconf 65' lang='grc' dir='ltr'>οὕτως</span> <span class='ocrx_word' id='word_1_596' title='bbox 3069 4419 3084 4435; x_wconf 84' lang='grc'><strong><em>⁸</em></strong></span> <span class='ocrx_word' id='word_1_597' title='bbox 3167 4426 3195 4457; x_wconf 72' lang='grc' dir='ltr'>ι</span> <span class='ocrx_word' id='word_1_598' title='bbox 3231 4392 3287 4459; x_wconf 50' lang='grc' dir='ltr'><strong>(Ο</strong></span> <span class='ocrx_word' id='word_1_599' title='bbox 3337 4396 3629 4478; x_wconf 81' lang='grc' dir='ltr'>ἅγιώτατός</span> <span class='ocrx_word' id='word_1_600' title='bbox 3692 4417 3797 4472; x_wconf 77' lang='grc' dir='ltr'><strong>μου</strong></span> 
     </span>
    </p>
   </div>
   <div class='ocr_carea' id='block_1_93' title="bbox 422 4485 2070 4578">
    <p class='ocr_par' dir='ltr' id='par_1_93' title="bbox 422 4485 2063 4578">
     <span class='ocr_line' id='line_1_95' title="bbox 422 4485 2063 4578; baseline 0.001 -26"><span class='ocrx_word' id='word_1_601' title='bbox 422 4519 446 4552; x_wconf 80' lang='grc' dir='ltr'>ι</span> <span class='ocrx_word' id='word_1_602' title='bbox 485 4485 765 4556; x_wconf 88' lang='lat' dir='ltr'><strong>dominus</strong></span> <span class='ocrx_word' id='word_1_603' title='bbox 821 4514 990 4557; x_wconf 91' lang='lat' dir='ltr'><strong>meus</strong></span> <span class='ocrx_word' id='word_1_604' title='bbox 1048 4505 1104 4558; x_wconf 92' lang='lat' dir='ltr'><strong>et</strong></span> <span class='ocrx_word' id='word_1_605' title='bbox 1157 4497 1508 4558; x_wconf 68' lang='lat' dir='ltr'><strong>universalis</strong></span> <span class='ocrx_word' id='word_1_606' title='bbox 1568 4497 1918 4578; x_wconf 84' lang='lat' dir='ltr'><strong>patriarcha,</strong></span> <span class='ocrx_word' id='word_1_607' title='bbox 1952 4515 2063 4556; x_wconf 79' lang='lat' dir='ltr'><strong>una</strong></span> 
     </span>
    </p>
   </div>
   <div class='ocr_carea' id='block_1_94' title="bbox 2156 4485 3792 4578">
    <p class='ocr_par' dir='ltr' id='par_1_94' title="bbox 2157 4485 3792 4569">
     <span class='ocr_line' id='line_1_96' title="bbox 2157 4485 3792 4569; baseline -0.002 -23"><span class='ocrx_word' id='word_1_608' title='bbox 2157 4489 2476 4558; x_wconf 76' lang='grc' dir='ltr'>«δεσπότης</span> <span class='ocrx_word' id='word_1_609' title='bbox 2530 4495 2616 4547; x_wconf 89' lang='grc' dir='ltr'><strong>καὶ</strong></span> <span class='ocrx_word' id='word_1_610' title='bbox 2691 4493 3050 4568; x_wconf 83' lang='grc' dir='ltr'>οἷκουμενικὸς</span> <span class='ocrx_word' id='word_1_611' title='bbox 3133 4490 3495 4569; x_wconf 78' lang='grc' dir='ltr'>πατριάρχης,</span> <span class='ocrx_word' id='word_1_612' title='bbox 3554 4485 3665 4560; x_wconf 70' lang='grc' dir='ltr'>ἅμα</span> <span class='ocrx_word' id='word_1_613' title='bbox 3722 4490 3792 4551; x_wconf 81' lang='grc' dir='ltr'><strong>τῆ</strong></span> 
     </span>
    </p>
   </div>
   <div class='ocr_carea' id='block_1_95' title="bbox 422 4585 2064 4665">
    <p class='ocr_par' dir='ltr' id='par_1_95' title="bbox 422 4585 2064 4665">
     <span class='ocr_line' id='line_1_97' title="bbox 422 4585 2064 4665; baseline 0.005 -27"><span class='ocrx_word' id='word_1_614' title='bbox 422 4607 449 4638; x_wconf 74' lang='grc' dir='ltr'><strong>α</strong></span> <span class='ocrx_word' id='word_1_615' title='bbox 486 4601 619 4644; x_wconf 91' lang='lat' dir='ltr'><strong>cum</strong></span> <span class='ocrx_word' id='word_1_616' title='bbox 652 4602 819 4645; x_wconf 80' lang='lat' dir='ltr'><strong>sacra</strong></span> <span class='ocrx_word' id='word_1_617' title='bbox 839 4585 1088 4664; x_wconf 82' lang='lat' dir='ltr'><strong>synodo,</strong></span> <span class='ocrx_word' id='word_1_618' title='bbox 1122 4605 1252 4665; x_wconf 63' lang='lat' dir='ltr'><strong>qua;</strong></span> <span class='ocrx_word' id='word_1_619' title='bbox 1294 4586 1364 4648; x_wconf 91' lang='lat' dir='ltr'><strong>ad</strong></span> <span class='ocrx_word' id='word_1_620' title='bbox 1416 4586 1624 4648; x_wconf 81' lang='lat' dir='ltr'><strong>urbem</strong></span> <span class='ocrx_word' id='word_1_621' title='bbox 1675 4595 1788 4656; x_wconf 85' lang='lat' dir='ltr'><strong>cst,</strong></span> <span class='ocrx_word' id='word_1_622' title='bbox 1817 4605 1883 4646; x_wconf 88' lang='lat' dir='ltr'><strong>ac</strong></span> <span class='ocrx_word' id='word_1_623' title='bbox 1918 4605 2064 4665; x_wconf 83' lang='lat' dir='ltr'><strong>prae-</strong></span> 
     </span>
    </p>
   </div>
   <div class='ocr_carea' id='block_1_96' title="bbox 431 4673 2070 4754">
    <p class='ocr_par' dir='ltr' id='par_1_96' title="bbox 431 4673 2070 4754">
     <span class='ocr_line' id='line_1_98' title="bbox 431 4673 2070 4754; baseline 0.004 -26"><span class='ocrx_word' id='word_1_624' title='bbox 431 4694 450 4728; x_wconf 82' lang='grc' dir='ltr'>ι</span> <span class='ocrx_word' id='word_1_625' title='bbox 486 4681 648 4733; x_wconf 89' lang='lat' dir='ltr'><strong>terea</strong></span> <span class='ocrx_word' id='word_1_626' title='bbox 679 4691 810 4733; x_wconf 92' lang='lat' dir='ltr'><strong>cum</strong></span> <span class='ocrx_word' id='word_1_627' title='bbox 843 4673 1070 4734; x_wconf 87' lang='lat' dir='ltr'><strong>ordinis</strong></span> <span class='ocrx_word' id='word_1_628' title='bbox 1097 4675 1381 4736; x_wconf 85' lang='lat' dir='ltr'><strong>senatorii</strong></span> <span class='ocrx_word' id='word_1_629' title='bbox 1437 4675 1898 4754; x_wconf 70' lang='lat' dir='ltr'><strong>magistratibus,</strong></span> <span class='ocrx_word' id='word_1_630' title='bbox 1923 4693 2070 4754; x_wconf 90' lang='lat' dir='ltr'><strong>quos</strong></span> 
     </span>
    </p>
   </div>
   <div class='ocr_carea' id='block_1_97' title="bbox 423 4760 2066 4846">
    <p class='ocr_par' dir='ltr' id='par_1_97' title="bbox 423 4760 2066 4846">
     <span class='ocr_line' id='line_1_99' title="bbox 423 4760 2066 4846; baseline 0.003 -29"><span class='ocrx_word' id='word_1_631' title='bbox 423 4784 450 4815; x_wconf 75' lang='grc' dir='ltr'><strong>α</strong></span> <span class='ocrx_word' id='word_1_632' title='bbox 481 4760 866 4846; x_wconf 82' lang='lat' dir='ltr'><strong>requisivisti,</strong></span> <span class='ocrx_word' id='word_1_633' title='bbox 923 4781 1161 4823; x_wconf 90' lang='lat' dir='ltr'><strong>causam</strong></span> <span class='ocrx_word' id='word_1_634' title='bbox 1217 4764 1368 4825; x_wconf 88' lang='lat' dir='ltr'><strong>hanc</strong></span> <span class='ocrx_word' id='word_1_635' title='bbox 1427 4763 1648 4834; x_wconf 83' lang='lat' dir='ltr'><strong>audiat,</strong></span> <span class='ocrx_word' id='word_1_636' title='bbox 1683 4763 1857 4842; x_wconf 91' lang='lat' dir='ltr'><strong>eique</strong></span> <span class='ocrx_word' id='word_1_637' title='bbox 1889 4763 2066 4822; x_wconf 82' lang='lat' dir='ltr'><strong>ﬁnem</strong></span> 
     </span>
    </p>
   </div>
   <div class='ocr_carea' id='block_1_98' title="bbox 424 4848 2064 4929">
    <p class='ocr_par' dir='ltr' id='par_1_98' title="bbox 424 4848 2064 4929">
     <span class='ocr_line' id='line_1_100' title="bbox 424 4848 2064 4929; baseline 0.004 -25"><span class='ocrx_word' id='word_1_638' title='bbox 424 4848 770 4929; x_wconf 71' lang='lat' dir='ltr'><strong>«imponat,</strong></span> <span class='ocrx_word' id='word_1_639' title='bbox 820 4850 1050 4929; x_wconf 83' lang='lat' dir='ltr'><strong>legibus</strong></span> <span class='ocrx_word' id='word_1_640' title='bbox 1100 4861 1157 4912; x_wconf 90' lang='lat' dir='ltr'><strong>et</strong></span> <span class='ocrx_word' id='word_1_641' title='bbox 1215 4851 1543 4913; x_wconf 90' lang='lat' dir='ltr'><strong>canonibus</strong></span> <span class='ocrx_word' id='word_1_642' title='bbox 1575 4858 2064 4926; x_wconf 82' lang='lat' dir='ltr'><strong>consentaneum,</strong></span> 
     </span>
    </p>
   </div>
   <div class='ocr_carea' id='block_1_99' title="bbox 422 4937 2066 5019">
    <p class='ocr_par' dir='ltr' id='par_1_99' title="bbox 422 4937 2066 5019">
     <span class='ocr_line' id='line_1_101' title="bbox 422 4937 2066 5019; baseline 0.002 -24"><span class='ocrx_word' id='word_1_643' title='bbox 422 4961 450 4992; x_wconf 74' lang='grc' dir='ltr'><strong>α</strong></span> <span class='ocrx_word' id='word_1_644' title='bbox 485 4937 635 4998; x_wconf 90' lang='lat' dir='ltr'><strong>nihil</strong></span> <span class='ocrx_word' id='word_1_645' title='bbox 667 4956 802 4999; x_wconf 90' lang='lat' dir='ltr'><strong>eum</strong></span> <span class='ocrx_word' id='word_1_646' title='bbox 827 4937 1192 5018; x_wconf 91' lang='lat' dir='ltr'><strong>impediente</strong></span> <span class='ocrx_word' id='word_1_647' title='bbox 1223 4941 1469 5017; x_wconf 75' lang='lat' dir='ltr'><strong>scripto,</strong></span> <span class='ocrx_word' id='word_1_648' title='bbox 1501 4939 1658 5018; x_wconf 86' lang='lat' dir='ltr'><strong>quod</strong></span> <span class='ocrx_word' id='word_1_649' title='bbox 1693 4939 1855 5019; x_wconf 77' lang='lat' dir='ltr'><strong>prius</strong></span> <span class='ocrx_word' id='word_1_650' title='bbox 1879 4959 1911 5000; x_wconf 89' lang='lat' dir='ltr'><strong>a</strong></span> <span class='ocrx_word' id='word_1_651' title='bbox 1937 4958 2066 4999; x_wconf 90' lang='lat' dir='ltr'><strong>ma-</strong></span> 
     </span>
    </p>
   </div>
   <div class='ocr_carea' id='block_1_100' title="bbox 421 5026 2068 5108">
    <p class='ocr_par' dir='ltr' id='par_1_100' title="bbox 421 5026 2068 5108">
     <span class='ocr_line' id='line_1_102' title="bbox 421 5026 2068 5108; baseline 0.004 -26"><span class='ocrx_word' id='word_1_652' title='bbox 421 5048 445 5082; x_wconf 76' lang='grc' dir='ltr'>ι</span> <span class='ocrx_word' id='word_1_653' title='bbox 473 5026 689 5106; x_wconf 83' lang='lat' dir='ltr'><strong>jestate</strong></span> <span class='ocrx_word' id='word_1_654' title='bbox 749 5045 881 5088; x_wconf 86' lang='lat' dir='ltr'><strong>mea</strong></span> <span class='ocrx_word' id='word_1_655' title='bbox 939 5028 1150 5089; x_wconf 86' lang='lat' dir='ltr'><strong>factum</strong></span> <span class='ocrx_word' id='word_1_656' title='bbox 1205 5037 1292 5088; x_wconf 92' lang='lat' dir='ltr'><strong>est</strong></span> <span class='ocrx_word' id='word_1_657' title='bbox 1327 5047 1340 5090; x_wconf 92' lang='lat'><strong>:</strong></span> <span class='ocrx_word' id='word_1_658' title='bbox 1374 5037 1548 5108; x_wconf 83' lang='lat' dir='ltr'><strong>atque</strong></span> <span class='ocrx_word' id='word_1_659' title='bbox 1601 5028 1698 5089; x_wconf 89' lang='lat' dir='ltr'><strong>ubi</strong></span> <span class='ocrx_word' id='word_1_660' title='bbox 1737 5029 1862 5089; x_wconf 73' lang='lat' dir='ltr'><strong>haec</strong></span> <span class='ocrx_word' id='word_1_661' title='bbox 1889 5046 2068 5088; x_wconf 89' lang='lat' dir='ltr'><strong>causa</strong></span> 
     </span>
    </p>
   </div>
   <div class='ocr_carea' id='block_1_101' title="bbox 424 5114 2062 5198">
    <p class='ocr_par' dir='ltr' id='par_1_101' title="bbox 424 5114 2062 5198">
     <span class='ocr_line' id='line_1_103' title="bbox 424 5114 2062 5198; baseline 0.004 -27"><span class='ocrx_word' id='word_1_662' title='bbox 424 5137 448 5171; x_wconf 73' lang='grc' dir='ltr'><strong>α</strong></span> <span class='ocrx_word' id='word_1_663' title='bbox 489 5114 877 5194; x_wconf 82' lang='lat' dir='ltr'><strong>pervestigata</strong></span> <span class='ocrx_word' id='word_1_664' title='bbox 893 5115 1094 5190; x_wconf 83' lang='lat' dir='ltr'><strong>fuerit,</strong></span> <span class='ocrx_word' id='word_1_665' title='bbox 1132 5118 1420 5197; x_wconf 85' lang='lat' dir='ltr'><strong>majestati</strong></span> <span class='ocrx_word' id='word_1_666' title='bbox 1443 5136 1589 5179; x_wconf 65' lang='lat' dir='ltr'><strong>mea:</strong></span> <span class='ocrx_word' id='word_1_667' title='bbox 1615 5118 1854 5192; x_wconf 87' lang='lat' dir='ltr'><strong>scribat,</strong></span> <span class='ocrx_word' id='word_1_668' title='bbox 1883 5136 1916 5178; x_wconf 89' lang='lat' dir='ltr'><strong>a</strong></span> <span class='ocrx_word' id='word_1_669' title='bbox 1947 5136 2062 5198; x_wconf 88' lang='lat' dir='ltr'><strong>qua</strong></span> 
     </span>
    </p>
   </div>
   <div class='ocr_carea' id='block_1_102' title="bbox 419 5202 2063 5286">
    <p class='ocr_par' dir='ltr' id='par_1_102' title="bbox 419 5202 2063 5286">
     <span class='ocr_line' id='line_1_104' title="bbox 419 5202 2063 5286; baseline 0.005 -27"><span class='ocrx_word' id='word_1_670' title='bbox 419 5227 448 5258; x_wconf 74' lang='grc' dir='ltr'><strong>α</strong></span> <span class='ocrx_word' id='word_1_671' title='bbox 483 5202 639 5283; x_wconf 86' lang='lat' dir='ltr'><strong>quod</strong></span> <span class='ocrx_word' id='word_1_672' title='bbox 659 5221 806 5284; x_wconf 91' lang='lat' dir='ltr'><strong>opus</strong></span> <span class='ocrx_word' id='word_1_673' title='bbox 837 5203 987 5266; x_wconf 84' lang='lat' dir='ltr'><strong>facto</strong></span> <span class='ocrx_word' id='word_1_674' title='bbox 1002 5205 1530 5281; x_wconf 83' lang='lat' dir='ltr'><strong>fuerit,curabitur.</strong></span> <span class='ocrx_word' id='word_1_675' title='bbox 1557 5211 1760 5270; x_wconf 88' lang='lat' dir='ltr'><strong>Mense</strong></span> <span class='ocrx_word' id='word_1_676' title='bbox 1776 5207 2063 5286; x_wconf 83' lang='lat' dir='ltr'><strong>Augusto,</strong></span> 
     </span>
    </p>
   </div>
   <div class='ocr_carea' id='block_1_103' title="bbox 415 5291 2068 5376">
    <p class='ocr_par' dir='ltr' id='par_1_103' title="bbox 415 5291 2068 5376">
     <span class='ocr_line' id='line_1_105' title="bbox 415 5291 2068 5376; baseline 0.005 -29"><span class='ocrx_word' id='word_1_677' title='bbox 415 5315 444 5347; x_wconf 75' lang='grc' dir='ltr'><strong>α</strong></span> <span class='ocrx_word' id='word_1_678' title='bbox 484 5291 814 5354; x_wconf 90' lang='lat' dir='ltr'><strong>indictione</strong></span> <span class='ocrx_word' id='word_1_679' title='bbox 841 5311 917 5356; x_wconf 88' lang='lat' dir='ltr'><strong>vu</strong></span> <span class='ocrx_word' id='word_1_680' title='bbox 955 5313 968 5357; x_wconf 90' lang='lat'>:</span> <span class='ocrx_word' id='word_1_681' title='bbox 1019 5319 1042 5353; x_wconf 73' lang='grc' dir='ltr'>ι</span> <span class='ocrx_word' id='word_1_682' title='bbox 1079 5314 1184 5376; x_wconf 92' lang='lat' dir='ltr'><strong>pro</strong></span> <span class='ocrx_word' id='word_1_683' title='bbox 1207 5315 1336 5356; x_wconf 92' lang='lat' dir='ltr'><strong>mea</strong></span> <span class='ocrx_word' id='word_1_684' title='bbox 1367 5295 1522 5357; x_wconf 87' lang='lat' dir='ltr'><strong>virili</strong></span> <span class='ocrx_word' id='word_1_685' title='bbox 1545 5314 1786 5376; x_wconf 89' lang='lat' dir='ltr'><strong>operam</strong></span> <span class='ocrx_word' id='word_1_686' title='bbox 1810 5295 1974 5370; x_wconf 90' lang='lat' dir='ltr'><strong>dedi,</strong></span> <span class='ocrx_word' id='word_1_687' title='bbox 2005 5303 2068 5356; x_wconf 90' lang='lat' dir='ltr'><strong>ut</strong></span> 
     </span>
    </p>
   </div>
   <div class='ocr_carea' id='block_1_104' title="bbox 416 5381 2068 5468">
    <p class='ocr_par' dir='ltr' id='par_1_104' title="bbox 416 5381 2068 5468">
     <span class='ocr_line' id='line_1_106' title="bbox 416 5381 2068 5468; baseline 0.004 -26"><span class='ocrx_word' id='word_1_688' title='bbox 416 5381 620 5443; x_wconf 90' lang='lat' dir='ltr'><strong>divino</strong></span> <span class='ocrx_word' id='word_1_689' title='bbox 675 5382 814 5446; x_wconf 93' lang='lat' dir='ltr'><strong>huic</strong></span> <span class='ocrx_word' id='word_1_690' title='bbox 865 5385 1141 5447; x_wconf 87' lang='lat' dir='ltr'><strong>mandato</strong></span> <span class='ocrx_word' id='word_1_691' title='bbox 1192 5386 1614 5449; x_wconf 81' lang='lat' dir='ltr'><strong>satisfacerem.</strong></span> <span class='ocrx_word' id='word_1_692' title='bbox 1676 5385 1934 5468; x_wconf 81' lang='lat' dir='ltr'><strong>[deoque</strong></span> <span class='ocrx_word' id='word_1_693' title='bbox 1965 5404 2068 5450; x_wconf 90' lang='lat' dir='ltr'><strong>ar-</strong></span> 
     </span>
    </p>
   </div>
   <div class='ocr_carea' id='block_1_105' title="bbox 413 5470 2070 5556">
    <p class='ocr_par' dir='ltr' id='par_1_105' title="bbox 413 5470 2070 5556">
     <span class='ocr_line' id='line_1_107' title="bbox 413 5470 2070 5556; baseline 0.001 -24"><span class='ocrx_word' id='word_1_694' title='bbox 413 5470 648 5533; x_wconf 88' lang='lat' dir='ltr'><strong>cessitis</strong></span> <span class='ocrx_word' id='word_1_695' title='bbox 709 5471 850 5536; x_wconf 84' lang='lat' dir='ltr'><strong>viris</strong></span> <span class='ocrx_word' id='word_1_696' title='bbox 906 5473 1241 5552; x_wconf 86' lang='lat' dir='ltr'><strong>senatoriis,</strong></span> <span class='ocrx_word' id='word_1_697' title='bbox 1299 5475 1400 5556; x_wconf 91' lang='lat' dir='ltr'><strong>qui</strong></span> <span class='ocrx_word' id='word_1_698' title='bbox 1445 5494 1679 5539; x_wconf 89' lang='lat' dir='ltr'><strong>mecum</strong></span> <span class='ocrx_word' id='word_1_699' title='bbox 1732 5475 2070 5538; x_wconf 83' lang='lat' dir='ltr'><strong>exercendo</strong></span> 
     </span>
    </p>
   </div>
   <div class='ocr_carea' id='block_1_106' title="bbox 2159 4577 3790 4662">
    <p class='ocr_par' dir='ltr' id='par_1_106' title="bbox 2159 4577 3790 4662">
     <span class='ocr_line' id='line_1_108' title="bbox 2159 4577 3790 4662; baseline -0.005 -25"><span class='ocrx_word' id='word_1_700' title='bbox 2159 4601 2182 4637; x_wconf 72' lang='grc' dir='ltr'>ι</span> <span class='ocrx_word' id='word_1_701' title='bbox 2220 4579 2520 4656; x_wconf 72' lang='grc' dir='ltr'>ἐνδημούσῃ</span> <span class='ocrx_word' id='word_1_702' title='bbox 2549 4583 2659 4659; x_wconf 78' lang='grc' dir='ltr'>ἱερᾷ</span> <span class='ocrx_word' id='word_1_703' title='bbox 2691 4580 2908 4662; x_wconf 72' lang='grc' dir='ltr'>συνόδῳ,</span> <span class='ocrx_word' id='word_1_704' title='bbox 2953 4584 3081 4661; x_wconf 81' lang='grc' dir='ltr'>πρὸς</span> <span class='ocrx_word' id='word_1_705' title='bbox 3108 4579 3161 4636; x_wconf 78' lang='grc' dir='ltr'>δὲ</span> <span class='ocrx_word' id='word_1_706' title='bbox 3233 4580 3320 4634; x_wconf 79' lang='grc' dir='ltr'><strong>καὶ</strong></span> <span class='ocrx_word' id='word_1_707' title='bbox 3371 4589 3488 4642; x_wconf 77' lang='grc' dir='ltr'>τοῖς</span> <span class='ocrx_word' id='word_1_708' title='bbox 3544 4577 3790 4652; x_wconf 72' lang='grc' dir='ltr'>συγκλη-</span> 
     </span>
    </p>
   </div>
   <div class='ocr_carea' id='block_1_107' title="bbox 2157 4665 3796 4750">
    <p class='ocr_par' dir='ltr' id='par_1_107' title="bbox 2157 4665 3796 4750">
     <span class='ocr_line' id='line_1_109' title="bbox 2157 4665 3796 4750; baseline -0.004 -28"><span class='ocrx_word' id='word_1_709' title='bbox 2157 4693 2184 4722; x_wconf 74' lang='grc' dir='ltr'>ι</span> <span class='ocrx_word' id='word_1_710' title='bbox 2218 4682 2389 4732; x_wconf 78' lang='grc' dir='ltr'>τικοῖς</span> <span class='ocrx_word' id='word_1_711' title='bbox 2443 4667 2718 4750; x_wconf 76' lang='grc' dir='ltr'>ἄρχουσιν,</span> <span class='ocrx_word' id='word_1_712' title='bbox 2803 4673 2889 4734; x_wconf 70' lang='grc' dir='ltr'><strong>οὓς</strong></span> <span class='ocrx_word' id='word_1_713' title='bbox 2961 4670 3247 4743; x_wconf 78' lang='grc' dir='ltr'>ἐζήτησας,</span> <span class='ocrx_word' id='word_1_714' title='bbox 3326 4665 3418 4722; x_wconf 67' lang='grc' dir='ltr'>ἵνα</span> <span class='ocrx_word' id='word_1_715' title='bbox 3474 4665 3796 4741; x_wconf 80' lang='grc' dir='ltr'>ἀκροασηται</span> 
     </span>
    </p>
   </div>
   <div class='ocr_carea' id='block_1_108' title="bbox 2158 4751 3795 4834">
    <p class='ocr_par' dir='ltr' id='par_1_108' title="bbox 2158 4751 3795 4834">
     <span class='ocr_line' id='line_1_110' title="bbox 2158 4751 3795 4834; baseline -0.012 -11"><span class='ocrx_word' id='word_1_716' title='bbox 2158 4782 2181 4813; x_wconf 82' lang='grc' dir='ltr'><strong>α</strong></span> <span class='ocrx_word' id='word_1_717' title='bbox 2219 4763 2316 4825; x_wconf 68' lang='grc' dir='ltr'><strong>τῆς</strong></span> <span class='ocrx_word' id='word_1_718' title='bbox 2396 4760 2644 4825; x_wconf 66' lang='grc' dir='ltr'>τοιαύτης</span> <span class='ocrx_word' id='word_1_719' title='bbox 2723 4760 3040 4832; x_wconf 80' lang='grc' dir='ltr'>ὑποθέσεως,</span> <span class='ocrx_word' id='word_1_720' title='bbox 3141 4759 3229 4814; x_wconf 87' lang='grc' dir='ltr'><strong>καὶ</strong></span> <span class='ocrx_word' id='word_1_721' title='bbox 3321 4757 3482 4834; x_wconf 87' lang='grc' dir='ltr'>πέρας</span> <span class='ocrx_word' id='word_1_722' title='bbox 3556 4751 3795 4820; x_wconf 77' lang='grc' dir='ltr'>ἐπιθήσει</span> 
     </span>
    </p>
   </div>
   <div class='ocr_carea' id='block_1_109' title="bbox 2159 4838 3795 4924">
    <p class='ocr_par' dir='ltr' id='par_1_109' title="bbox 2159 4838 3795 4924">
     <span class='ocr_line' id='line_1_111' title="bbox 2159 4838 3795 4924; baseline -0.006 -21"><span class='ocrx_word' id='word_1_723' title='bbox 2159 4873 2181 4903; x_wconf 66' lang='grc' dir='ltr'><strong>α</strong></span> <span class='ocrx_word' id='word_1_724' title='bbox 2218 4848 2382 4924; x_wconf 70' lang='grc' dir='ltr'>ταύτῃ</span> <span class='ocrx_word' id='word_1_725' title='bbox 2409 4848 2555 4922; x_wconf 81' lang='grc' dir='ltr'>νόμῳ</span> <span class='ocrx_word' id='word_1_726' title='bbox 2583 4849 2668 4904; x_wconf 84' lang='grc' dir='ltr'><strong>καὶ</strong></span> <span class='ocrx_word' id='word_1_727' title='bbox 2710 4863 2825 4916; x_wconf 84' lang='grc' dir='ltr'>τοϊς</span> <span class='ocrx_word' id='word_1_728' title='bbox 2869 4851 3051 4906; x_wconf 86' lang='grc' dir='ltr'>κανόσι</span> <span class='ocrx_word' id='word_1_729' title='bbox 3125 4844 3369 4920; x_wconf 78' lang='grc' dir='ltr'>συνᾷδον,</span> <span class='ocrx_word' id='word_1_730' title='bbox 3429 4843 3508 4919; x_wconf 80' lang='grc' dir='ltr'><strong>μη</strong></span> <span class='ocrx_word' id='word_1_731' title='bbox 3582 4838 3795 4896; x_wconf 78' lang='grc' dir='ltr'>κωλυό-</span> 
     </span>
    </p>
   </div>
   <div class='ocr_carea' id='block_1_110' title="bbox 2158 4929 3793 5018">
    <p class='ocr_par' dir='ltr' id='par_1_110' title="bbox 2158 4929 3793 5018">
     <span class='ocr_line' id='line_1_112' title="bbox 2158 4929 3793 5018; baseline 0.001 -24"><span class='ocrx_word' id='word_1_732' title='bbox 2158 4960 2180 4994; x_wconf 70' lang='grc' dir='ltr'><strong>ο</strong></span> <span class='ocrx_word' id='word_1_733' title='bbox 2233 4959 2388 5013; x_wconf 88' lang='grc' dir='ltr'>μενος</span> <span class='ocrx_word' id='word_1_734' title='bbox 2436 4937 2542 4992; x_wconf 81' lang='grc' dir='ltr'>ἀπὸ</span> <span class='ocrx_word' id='word_1_735' title='bbox 2583 4945 2673 4993; x_wconf 83' lang='grc' dir='ltr'><strong>τοῦ</strong></span> <span class='ocrx_word' id='word_1_736' title='bbox 2715 4939 3098 5018; x_wconf 89' lang='grc' dir='ltr'>προγεγονότος</span> <span class='ocrx_word' id='word_1_737' title='bbox 3146 4935 3524 5012; x_wconf 79' lang='grc' dir='ltr'>σημειώματος</span> <span class='ocrx_word' id='word_1_738' title='bbox 3593 4935 3663 5005; x_wconf 77' lang='grc' dir='ltr'><strong>τῇ</strong></span> <span class='ocrx_word' id='word_1_739' title='bbox 3689 4929 3793 5005; x_wconf 69' lang='grc' dir='ltr'><strong>βι-</strong></span> 
     </span>
    </p>
   </div>
   <div class='ocr_carea' id='block_1_111' title="bbox 2156 5019 3798 5102">
    <p class='ocr_par' dir='ltr' id='par_1_111' title="bbox 2156 5019 3798 5102">
     <span class='ocr_line' id='line_1_113' title="bbox 2156 5019 3798 5102; baseline -0.001 -18"><span class='ocrx_word' id='word_1_740' title='bbox 2156 5047 2185 5084; x_wconf 75' lang='grc' dir='ltr'>ι</span> <span class='ocrx_word' id='word_1_741' title='bbox 2231 5023 2397 5098; x_wconf 74' lang='grc' dir='ltr'>σιλείᾳ</span> <span class='ocrx_word' id='word_1_742' title='bbox 2431 5048 2533 5102; x_wconf 87' lang='grc' dir='ltr'><strong>μου</strong></span> <span class='ocrx_word' id='word_1_743' title='bbox 2567 5042 2580 5054; x_wconf 90' lang='grc'><strong>·</strong></span> <span class='ocrx_word' id='word_1_744' title='bbox 2615 5029 2750 5101; x_wconf 80' lang='grc' dir='ltr'>μετὰ</span> <span class='ocrx_word' id='word_1_745' title='bbox 2792 5025 2846 5083; x_wconf 82' lang='grc' dir='ltr'><strong>δὲ</strong></span> <span class='ocrx_word' id='word_1_746' title='bbox 2904 5030 2964 5084; x_wconf 82' lang='grc' dir='ltr'>τὸ</span> <span class='ocrx_word' id='word_1_747' title='bbox 3018 5027 3217 5093; x_wconf 86' lang='grc' dir='ltr'>ταύτην</span> <span class='ocrx_word' id='word_1_748' title='bbox 3271 5028 3370 5092; x_wconf 74' lang='grc' dir='ltr'><strong>τὴν</strong></span> <span class='ocrx_word' id='word_1_749' title='bbox 3425 5019 3666 5077; x_wconf 77' lang='grc' dir='ltr'>ὑπόθεσιν</span> <span class='ocrx_word' id='word_1_750' title='bbox 3694 5023 3798 5088; x_wconf 80' lang='grc' dir='ltr'><strong>ζη-</strong></span> 
     </span>
    </p>
   </div>
   <div class='ocr_carea' id='block_1_112' title="bbox 2157 5105 3800 5192">
    <p class='ocr_par' dir='ltr' id='par_1_112' title="bbox 2157 5105 3800 5192">
     <span class='ocr_line' id='line_1_114' title="bbox 2157 5105 3800 5192; baseline -0.007 -21"><span class='ocrx_word' id='word_1_751' title='bbox 2157 5137 2180 5171; x_wconf 71' lang='grc' dir='ltr'><strong>α</strong></span> <span class='ocrx_word' id='word_1_752' title='bbox 2219 5114 2462 5190; x_wconf 60' lang='grc' dir='ltr'>τηθῆναι,</span> <span class='ocrx_word' id='word_1_753' title='bbox 2521 5116 2700 5192; x_wconf 75' lang='grc' dir='ltr'>γράψῃ</span> <span class='ocrx_word' id='word_1_754' title='bbox 2761 5118 2846 5172; x_wconf 85' lang='grc' dir='ltr'><strong>καὶ</strong></span> <span class='ocrx_word' id='word_1_755' title='bbox 2914 5122 2981 5183; x_wconf 82' lang='grc' dir='ltr'>τῆ</span> <span class='ocrx_word' id='word_1_756' title='bbox 3039 5113 3278 5192; x_wconf 72' lang='grc' dir='ltr'>βασιλείᾳ</span> <span class='ocrx_word' id='word_1_757' title='bbox 3336 5134 3460 5190; x_wconf 84' lang='grc' dir='ltr'>μου,</span> <span class='ocrx_word' id='word_1_758' title='bbox 3513 5109 3602 5164; x_wconf 83' lang='grc' dir='ltr'><strong>καὶ</strong></span> <span class='ocrx_word' id='word_1_759' title='bbox 3655 5105 3800 5184; x_wconf 74' lang='grc' dir='ltr'>παρὰ</span> 
     </span>
    </p>
   </div>
   <div class='ocr_carea' id='block_1_113' title="bbox 2158 5195 3794 5282">
    <p class='ocr_par' dir='ltr' id='par_1_113' title="bbox 2158 5195 3794 5282">
     <span class='ocr_line' id='line_1_115' title="bbox 2158 5195 3794 5282; baseline -0.006 -22"><span class='ocrx_word' id='word_1_760' title='bbox 2158 5227 2180 5260; x_wconf 75' lang='grc' dir='ltr'><strong>α</strong></span> <span class='ocrx_word' id='word_1_761' title='bbox 2215 5205 2406 5271; x_wconf 86' lang='grc' dir='ltr'>ταύτης</span> <span class='ocrx_word' id='word_1_762' title='bbox 2437 5205 2499 5260; x_wconf 86' lang='grc' dir='ltr'>τὸ</span> <span class='ocrx_word' id='word_1_763' title='bbox 2569 5202 2680 5261; x_wconf 84' lang='grc' dir='ltr'>δέον</span> <span class='ocrx_word' id='word_1_764' title='bbox 2740 5207 3236 5282; x_wconf 79' lang='grc' dir='ltr'>οἶκονομηθήσεται.</span> <span class='ocrx_word' id='word_1_765' title='bbox 3297 5200 3437 5269; x_wconf 76' lang='grc' dir='ltr'>Μηνί</span> <span class='ocrx_word' id='word_1_766' title='bbox 3487 5195 3794 5276; x_wconf 72' lang='grc' dir='ltr'>Αὐγούστῳ,</span> 
     </span>
    </p>
   </div>
   <div class='ocr_carea' id='block_1_114' title="bbox 2160 5283 3795 5369">
    <p class='ocr_par' dir='ltr' id='par_1_114' title="bbox 2160 5283 3795 5369">
     <span class='ocr_line' id='line_1_116' title="bbox 2160 5283 3795 5369; baseline -0.012 -10"><span class='ocrx_word' id='word_1_767' title='bbox 2160 5317 2183 5351; x_wconf 74' lang='grc' dir='ltr'><strong>α</strong></span> <span class='ocrx_word' id='word_1_768' title='bbox 2220 5293 2581 5369; x_wconf 75' lang='grc' dir='ltr'>ἐπινεμήσεως</span> <span class='ocrx_word' id='word_1_769' title='bbox 2653 5283 2704 5365; x_wconf 69' lang='grc' dir='ltr'><strong>ζ’</strong></span> <span class='ocrx_word' id='word_1_770' title='bbox 2737 5311 2749 5325; x_wconf 91' lang='lat'><strong>&#39;</strong></span> <span class='ocrx_word' id='word_1_771' title='bbox 2815 5293 3107 5352; x_wconf 76' lang='grc' dir='ltr'>»ἔσπευσα</span> <span class='ocrx_word' id='word_1_772' title='bbox 3190 5291 3326 5349; x_wconf 85' lang='grc' dir='ltr'>κατᾶ</span> <span class='ocrx_word' id='word_1_773' title='bbox 3379 5290 3442 5346; x_wconf 79' lang='grc' dir='ltr'>τὸ</span> <span class='ocrx_word' id='word_1_774' title='bbox 3495 5286 3795 5366; x_wconf 80' lang='grc' dir='ltr'>ἐγχωροῦν,</span> 
     </span>
    </p>
   </div>
   <div class='ocr_carea' id='block_1_115' title="bbox 2151 5371 3800 5462">
    <p class='ocr_par' dir='ltr' id='par_1_115' title="bbox 2151 5371 3800 5462">
     <span class='ocr_line' id='line_1_117' title="bbox 2151 5371 3800 5462; baseline -0.007 -23"><span class='ocrx_word' id='word_1_775' title='bbox 2151 5383 2248 5450; x_wconf 69' lang='grc' dir='ltr'>τὴν</span> <span class='ocrx_word' id='word_1_776' title='bbox 2292 5384 2566 5439; x_wconf 84' lang='grc' dir='ltr'>θεσπεσίαν</span> <span class='ocrx_word' id='word_1_777' title='bbox 2595 5383 2792 5450; x_wconf 86' lang='grc' dir='ltr'>ταύτην</span> <span class='ocrx_word' id='word_1_778' title='bbox 2836 5383 3116 5462; x_wconf 83' lang='grc' dir='ltr'>πληρῶσαι</span> <span class='ocrx_word' id='word_1_779' title='bbox 3175 5380 3460 5458; x_wconf 79' lang='grc' dir='ltr'>ἐπιταγήν.</span> <span class='ocrx_word' id='word_1_780' title='bbox 3507 5375 3607 5433; x_wconf 78' lang='grc' dir='ltr'><strong>Καὶ</strong></span> <span class='ocrx_word' id='word_1_781' title='bbox 3659 5371 3800 5441; x_wconf 76' lang='grc' dir='ltr'>δῆτα</span> 
     </span>
    </p>
   </div>
   <div class='ocr_carea' id='block_1_116' title="bbox 2147 5463 3798 5551">
    <p class='ocr_par' dir='ltr' id='par_1_116' title="bbox 2147 5463 3798 5551">
     <span class='ocr_line' id='line_1_118' title="bbox 2147 5463 3798 5551; baseline -0.005 -23"><span class='ocrx_word' id='word_1_782' title='bbox 2147 5469 2580 5546; x_wconf 59' lang='grc' dir='ltr'>μετακληθέντωλ</span> <span class='ocrx_word' id='word_1_783' title='bbox 2626 5477 2730 5527; x_wconf 83' lang='grc' dir='ltr'><strong>τῶν</strong></span> <span class='ocrx_word' id='word_1_784' title='bbox 2760 5474 2851 5529; x_wconf 81' lang='grc' dir='ltr'><strong>σὺν</strong></span> <span class='ocrx_word' id='word_1_785' title='bbox 2923 5473 3040 5549; x_wconf 83' lang='grc' dir='ltr'>ἐμοὶ</span> <span class='ocrx_word' id='word_1_786' title='bbox 3070 5469 3354 5551; x_wconf 82' lang='grc' dir='ltr'>τυχοέντον</span> <span class='ocrx_word' id='word_1_787' title='bbox 3411 5463 3660 5532; x_wconf 75' lang='grc' dir='ltr'>πονῆσαι.</span> <span class='ocrx_word' id='word_1_788' title='bbox 3729 5467 3798 5537; x_wconf 75' lang='grc' dir='ltr'>τῇ</span> 
     </span>
    </p>
   </div>
   <div class='ocr_carea' id='block_1_117' title="bbox 1724 5637 2459 5707">
    <p class='ocr_par' dir='ltr' id='par_1_117' title="bbox 1724 5637 2459 5707">
     <span class='ocr_line' id='line_1_119' title="bbox 1724 5637 2459 5707; baseline -0.005 -2"><span class='ocrx_word' id='word_1_789' title='bbox 1724 5643 1979 5707; x_wconf 77' lang='lat' dir='ltr'><strong>VABUE</strong></span> <span class='ocrx_word' id='word_1_790' title='bbox 2026 5637 2341 5705; x_wconf 85' lang='lat' dir='ltr'><strong>LECTION</strong></span> <span class='ocrx_word' id='word_1_791' title='bbox 2351 5640 2459 5702; x_wconf 86' lang='lat' dir='ltr'><strong>ES.</strong></span> 
     </span>
    </p>
   </div>
   <div class='ocr_carea' id='block_1_118' title="bbox 501 5747 942 5826">
    <p class='ocr_par' dir='ltr' id='par_1_118' title="bbox 501 5747 942 5826">
     <span class='ocr_line' id='line_1_120' title="bbox 501 5747 942 5826; baseline 0.011 -26"><span class='ocrx_word' id='word_1_792' title='bbox 501 5747 563 5800; x_wconf 71' lang='grc'><strong>48</strong></span> <span class='ocrx_word' id='word_1_793' title='bbox 587 5750 942 5826; x_wconf 77' lang='grc' dir='ltr'>κεκτημένην,</span> 
     </span>
    </p>
   </div>
  </div>
