4192 6220
409 326 528 397 865
1510 282 1515 287 ’
1731 328 2032 397 eamco-

2116 328 2423 397 )MANUM
3661 341 3781 410 866

406 465 632 535 ζητήσει
664 465 1054 542 συγκλητικῶν,
1101 468 1189 523 καὶ
1242 471 1341 534 τῆς
1395 463 1728 543 ἐνδημοόσης
1771 468 2032 535 τηνικαῦτε

2140 464 2395 555 examini
2430 464 2704 530 destinati
2736 477 2925 552 erant,
2984 478 3042 531 et
3091 471 3337 553 synodo,
3370 492 3501 555 qua
3531 482 3671 539 tunc
3703 479 3780 541 ad

404 557 864 634 συναθροισθείσης
924 554 1139 613 συνόδου
1210 553 1472 636 συνέδριον
1541 556 1745 635 γέγονε.
1813 556 1910 614 Καὶ
1950 559 2032 621 τῆς

2132 552 2342 614 urbem
2372 563 2520 630 erat,
2546 567 2904 639 congregata
2941 579 2957 634 ;
3005 552 3331 623 concilium
3362 552 3452 625 est
3480 574 3774 634 coactum.

402 640 690 708 ἐξετάσεως
736 644 912 725 ἀρχὴν
982 643 1084 713 ἤδη
1142 643 1427 721 λαμϐάνειν
1501 644 1824 720 μελλούσης,
1877 644 2017 723 παρά

2133 644 2399 725 Cumque
2447 646 2693 725 jamjam
2751 646 3026 709 habitura
3083 648 3436 730 principium
3493 667 3651 718 esset
3676 656 3777 719 in-

402 731 551 799 δοξόν
591 756 647 791 τε
678 738 818 816 παρά
900 735 1211 815 προσδοκίαν
1265 737 1541 807 ἀπήντησε
1576 757 1589 771 ο
1622 743 1729 793 τῶν
1781 738 2032 813 κληρικῶ·

2133 731 2385 811 dagatio,
2422 734 2704 823 quiddam
2737 735 3104 816 inopinatum
3138 746 3353 817 praeter
3380 744 3775 823 eXSpectatio-

399 828 499 890 τῆς
529 824 682 903 ἁγίας
710 826 797 882 καὶ
827 825 1066 905 μεγάλης
1134 827 1229 883 τοῦ
1276 832 1405 882 Θεοῦ
1473 824 1793 892 Ἐκκλησίας
1862 826 2032 883 αὖθαν-

2134 838 2269 881 nem
2306 821 2550 912 contigit
2583 840 2599 895 ;
2632 842 2764 884 cum
2802 825 3000 885 clerici
3031 835 3250 887 sancta;
3281 821 3625 912 magnaeque
3669 833 3775 896 Dei

400 912 565 992 ρέτως
637 913 854 980 ἐξάπινα
922 915 1340 985 στασιασάντων,
1401 916 1473 981 ὡς
1530 912 1666 991 μηδὲ
1723 914 2048 993 ἀνασχέσθαι

398 1003 620 1074 ζήτησιν
650 1002 789 1069 ὅλως
820 1006 936 1072 περὶ
989 1006 1084 1061 τοῦ
1131 1005 1432 1080 σκέμματος
1508 1005 1821 1083 προτεθῆναι
1859 1018 1873 1033 ⁸
1927 1000 2046 1059 ἀλλ’

399 1089 482 1170 ἐφ’
510 1092 691 1158 ἱκανὰς
748 1092 887 1173 ὢρας
944 1095 1228 1151 κόπτεσθαι
1299 1095 1360 1150 τὸ
1415 1092 1676 1171 συνέδριον
1708 1093 1903 1169 μάτην,
1968 1092 2045 1167 μὴ

396 1176 465 1235 δι’
507 1178 916 1263 ὑποδεχομένων
957 1189 1063 1239 τῶν
1093 1181 1551 1250 ἐκκλησιαστινιῦν
1598 1182 1698 1249 τὴν
1765 1203 1863 1248 της
1906 1182 2043 1237 ὓπο-

395 1267 588 1334 θέσεως
633 1269 866 1349 ἀγωνίαν
967 1273 1103 1343 μήτε
1236 1271 1343 1347 μὴν
1426 1268 1860 1350 ἀποκρτομένων,
1947 1263 2045 1325 Ἠν

396 1354 451 1413 δὲ
474 1358 632 1433 μόνον
686 1360 836 1440 φωνὴ
906 1361 1214 1440 παμμιγὴς,
1314 1360 1416 1416 ὑπὸ
1473 1359 1566 1416 τοῦ
1636 1358 1752 1415 λίαν
1821 1358 2043 1437 ἐνηχεῖν

395 1459 521 1512 ταῖς
580 1448 797 1522 ἀκοαῖς,
893 1448 1209 1529 ἀδιάκριτος,
1290 1440 1382 1513 Ὠς
1466 1450 1554 1505 καὶ
1637 1449 2041 1526 κατασιγάζουσι

398 1549 518 1601 τοῖς
574 1536 860 1617 ἱεροκήρυξι
911 1538 1011 1605 τὴν
1109 1537 1320 1614 ἄσημρν
1376 1539 1632 1617 κραυγὴν,
1721 1537 1835 1617 καὶ-
1884 1537 2039 1615 σιγὴν

394 1606 877 1704 παραγγέλλουσιν,
909 1626 1256 1707 ἐπισχεθῆναι
1298 1625 1362 1676 ⁴9
1417 1627 1512 1690 τὰς
1567 1627 1766 1706 φωνάς.
1812 1606 1861 1684 ἲ)
1915 1648 2040 1683 συν-

394 1716 663 1781 νενοηκὼς
695 1714 803 1794 ἐγὼ
832 1716 966 1791 μετά
1007 1718 1113 1772 τῶν
1169 1714 1418 1773 δοθέντων
1479 1738 1568 1791 μοι
1627 1721 1890 1794 συνεργῶν
1944 1720 2042 1782 τῆς

394 1803 657 1879 σκέψεως,
718 1805 804 1862 καὶ
858 1804 1132 1872 τηνάλλως
1201 1804 1460 1885 τρίϐεσθαι
1528 1807 1620 1863 τὸν
1675 1807 1859 1884 καιρὸν
1952 1808 2044 1863 οὒκ

2064 1852 2105 1904 Β

2131 908 2415 970 Ecclesiae
2443 919 2654 989 sponte
2682 930 2787 972 sua
2815 912 3009 974 subito
3040 913 3390 977 seditionem
3414 908 3774 983 commovis-

2128 1005 2262 1058 sent
2292 1006 2537 1079 tantam,
2569 1007 2631 1059 ut
2661 1018 2735 1061 ne
2765 1001 3008 1081 quidem
3058 1011 3399 1083 paterentur
3426 1007 3667 1070 omnino
3697 1010 3774 1072 de

2127 1103 2193 1176 re
2254 1086 2684 1176 consideranda
2760 1090 3271 1170 investigationem
3333 1096 3605 1176 proponi,
3666 1100 3770 1161 sed

2128 1174 2395 1254 plnribus
2427 1175 2589 1238 horis
2652 1178 2974 1240 concilium
3026 1180 3253 1243 frustra
3309 1174 3627 1261 laboraret,
3660 1205 3771 1249 nec

2128 1263 2556 1343 accipientibus
2582 1266 3000 1329 ecclesiasticis
3032 1287 3222 1331 causae
3253 1271 3764 1352 disceptationem,

2126 1369 2238 1414 nec
2269 1352 2444 1414 etiam
2477 1354 2914 1433 rejicientilus.
2974 1356 3228 1420 Tantum
3281 1360 3504 1423 clamor
3529 1363 3768 1443 quidam

2128 1442 2503 1521 promiscuus
2523 1453 2670 1519 erat,
2705 1447 2929 1525 etquod
2946 1442 3767 1527 vehementerl‘eriret’aures,

2123 1527 2483 1591 indiscretus
2537 1532 2686 1594 adeo
2742 1534 3005 1613 quidem,
3064 1546 3128 1599 ut
3188 1536 3363 1600 etiam
3399 1539 3769 1619 praeconibus

2124 1619 2309 1706 sacris
2334 1619 2659 1682 obscurum
2686 1623 3003 1684 clamorem
3029 1628 3575 1706 compescentibus,
3605 1638 3662 1690 et
3682 1629 3769 1691 si-

2127 1705 2371 1767 lentium
2410 1709 2828 1793 indicenlibus,
2867 1712 3114 1775 minime
3139 1705 3313 1776 voces
3343 1715 3620 1779 cohibitas
3643 1718 3768 1779 fue-

2127 1794 2266 1869 rint,
2304 1794 2429 1867 Quo
2461 1817 2568 1876 ego
2598 1800 3009 1862 animadverso
3042 1820 3173 1863 cum
3204 1801 3300 1884 iis,
3335 1805 3436 1885 qui
3466 1805 3614 1867 mihi
3645 1806 3766 1868 dati

395 1889 668 1965 ἐθελήσας,
717 1891 876 1951 ἔλυσα
919 1894 1018 1962 τὴν
1046 1892 1351 1971 ἐκκλησίαν,
1412 1896 1499 1951 καὶ
1548 1896 1619 1957 εἷς
1680 1894 1861 1974 ἑτέραν
1894 1896 2032 1961 ﬁxi-zu

2126 1891 2294 1945 erant
2321 1885 2750 1974 investigandae
2776 1888 2862 1949 rei
2903 1890 3072 1971 socii,
3103 1893 3255 1972 quod
3292 1902 3523 1973 tempus
3552 1894 3768 1957 frustra

853 1983 1373 2063 παρεσκευασμένους
1444 1981 1621 2053 ὄντας,
1695 1984 1780 2039 καὶ
1837 1982 2039 2061 ἐπαγο-

1934 2072 1947 2091 ν

1930 2093 2042 2128 επι-

397 1979 756 2062 παρήγγειλα,

396 2068 583 2143 μένους
613 2070 678 2125 τά
722 2067 835 2146 μεθ’
866 2072 941 2127 ὧν
972 2071 1174 2129 οἴονται
1231 2078 1402 2147 νικᾷν,
1473 2073 1791 2148 βοηθήματα
1839 2093 1855 2109 ο

395 2160 596 2234 τιμίοι>
651 2160 739 2216 καὶ
806 2158 1164 2236 παλαμναίαις
1234 2161 1391 2242 ἀραῖς
1450 2162 1538 2218 καὶ
1595 2160 2039 2241 φρικωδεστάταις

398 2244 496 2325 (ὥς
551 2247 767 2329 ᾠόμην)
809 2248 1233 2329 ἀσφαλισάμενος
1298 2252 1420 2313 τοὺς
1463 2252 1536 2314 εἷς
1591 2251 1689 2317 τὴν
1747 2249 2040 2327 μέλλουσαν

392 2332 699 2414 θορυϐάσειν
812 2341 1282 2419 ἐπιχειρήσοντας,
1336 2338 1373 2407 ἢ
1423 2337 1733 2419 φθέγξασθαί
1803 2362 1849 2395 τι
1902 2341 2039 2396 κατά

390 2424 594 2504 χρείαν,
642 2428 679 2494 ἢ
709 2426 891 2508 χάριν,
924 2427 960 2496 ἢ
994 2429 1154 2484 πάθω
1180 2424 1377 2507 ἕτερον,
1425 2435 1616 2493 κοινῶς
1691 2428 1726 2496 ἢ
1797 2426 1897 2501 ἰδίᾳ
1927 2427 2038 2485 δια-

393 2512 551 2593 φέρον
634 2514 817 2579 αὖτοτς
893 2522 999 2573 τῶν
1093 2518 1348 2574 τενόντων
1432 2520 1504 2581 εἷς
1581 2514 1877 2596 παράϐασιν
1932 2523 2036 2575 τῶν

389 2603 540 2684 θείων
566 2604 655 2660 καὶ
682 2605 956 2684 παρακοὴν
996 2607 1255 2679 κανόνων,
1328 2609 1416 2664 καὶ
1486 2607 1731 2664 σύστασιν
1789 2604 2030 2683 ψεύδους.

385 2677 551 2748 Ἠκεν
623 2694 696 2756 εἷς
752 2677 962 2773 δευτέρα
1020 2693 1105 2757 50,
1159 2677 1256 2753 Καὶ
1308 2694 1466 2752 πάλιν
1522 2695 1768 2777 ἀφίκοντο
1804 2677 1879 2752 ὀἱ
1931 2700 2032 2763 τῆς

390 2777 674 2846 ἐκκλησίας
704 2780 967 2854 ἐνστάναι,
1031 2783 1118 2839 καὶ
1163 2783 1494 2862 ἐναγόμενοι,
1570 2783 1637 2841 Οῗ
1695 2782 1810 2840 οὐδὲ
1879 2806 2031 2863 περι-

391 2868 603 2943 έμειναν
659 2871 861 2949 πεῦσιν,
921 2868 1042 2927 ἀλλ’
1100 2871 1244 2936 εῦῶς
1330 2872 1658 2949 ἐπίμπλαντο
1739 2872 1805 2929 τά
1860 2873 2031 2931 πάντα

393 2955 656 3033 ἀκοσμίας
683 2959 771 3014 καὶ
816 2964 1084 3039 ταραχῆς,
1147 2960 1235 3017 καὶ
1302 2970 1395 3019 τοῦ
1450 2960 1704 3041 προτέρου
1771 2959 2032 3029 συνεδρίου

2127 1972 2354 2035 conteri
2386 1976 2628 2052 nollem,
2663 1976 3012 2038 concionem
3057 1979 3280 2055 dimisi,
3340 1990 3398 2042 et
3416 1972 3485 2041 in
3514 1981 3763 2045 alterum

2125 2064 2283 2123 diem
2313 2065 2519 2126 venire
2537 2065 2693 2157 jussi
2709 2073 2963 2145 paratos,
2998 2084 3185 2147 eaque
3203 2085 3403 2130 secum
3423 2070 3759 2157 afferentes,

2122 2154 2485 2234 adjumenta,
2520 2152 2736 2233 quibus
2780 2172 2844 2214 se
2896 2157 3235 2236 superiores
3283 2174 3558 2220 evasuros
3588 2152 3762 2241 puta;

2122 2253 2255 2305 rent
2287 2265 2300 2305 :
2368 2241 2559 2324 poenis
2592 2250 2650 2302 et
2678 2243 3188 2307 exsecrationibus
3217 2244 3363 2305 diris
3393 2247 3770 2329 maximeque

2121 2331 2439 2394 horrendis
2469 2334 2556 2410 (ut
2584 2331 2857 2411 equidem
2906 2331 3261 2407 arbitrabar)
3291 2334 3602 2413 implicans
3635 2355 3762 2411 eos,

2120 2421 2218 2501 qui
2253 2420 2541 2501 postridie
2572 2419 2772 2481 ausuri
2806 2428 3007 2482 essent
3061 2421 3428 2497 tumultuari,
3446 2431 3561 2499 aut
3587 2425 3763 2507 quid-

2119 2528 2293 2590 quam
2327 2508 2621 2590 proloqui,
2655 2508 2744 2569 vel
2777 2525 2851 2569 ex
2883 2527 3014 2585 usu,
3048 2510 3139 2571 vel
3191 2528 3259 2573 ex
3287 2511 3494 2590 gratia,
3527 2514 3617 2574 vel
3647 2512 3762 2575 alio

2117 2599 2357 2680 aﬂ'eclu,
2394 2599 2548 2680 quod
2582 2596 2820 2677 publice
2876 2599 2965 2659 vel
3020 2598 3287 2679 privatim
3322 2618 3424 2661 eos
3477 2610 3761 2681 tangeret,

2117 2697 2294 2768 atque
2316 2689 2389 2749 ad
2406 2686 2781 2748 violationem
2802 2696 3327 2768 contemptumque
3347 2706 3648 2752 sacrorum
3672 2710 3764 2753 ca-

2116 2794 2362 2851 nonum,
2397 2785 2456 2838 et
2485 2773 2793 2838 mendacio
2847 2774 3201 2837 stabilienda
3230 2777 3470 2839 faceret.
3506 2777 3762 2842 Ventum

2115 2881 2254 2944 ergo
2286 2864 2592 2945 postridie,
2613 2864 2862 2944 jamque
2879 2882 3084 2925 rursus
3114 2865 3765 2930 ecclesiasticiaderant

2112 2954 2183 3013 ad
2215 2952 2584 3027 instandum,
2618 2952 2793 3014 etiam
2826 2970 2959 3014 cum
2990 2952 3079 3013 rei
3139 2962 3356 3016 essent.
3391 2956 3517 3017 Nec
3540 2956 3667 3036 jam
3700 2967 3762 3021 ut

390 3043 563 3121 μείξον
620 3045 801 3112 ἀταξία
850 3050 1083 3128 κατέσχε
1171 3051 1233 3105 τὸ
1302 3047 1557 3131 δεύτερον,
1616 3050 1833 3107 Λοιπὸν
1872 3049 2027 3108 ἔλυσα

2116 3043 2637 3120 interrogarentur,
2649 3041 3090 3122 eXSpectabant;
3104 3042 3208 3103 sed
3225 3061 3357 3105 mox
3387 3046 3587 3107 omnia
3602 3065 3733 3108 com
3749 3081 3761 3091 ι

388 3135 479 3190 καὶ
506 3133 667 3190 πάλιν
693 3136 791 3203 τὴν
822 3135 1128 3211 ἐκκλησίαν,
1163 3140 1250 3195 καὶ
1305 3140 1405 3208 τὴν
1475 3140 1697 3211 ζήτησιν
1729 3139 2027 3220 ἀνήρτησα,

386 3222 821 3302 προχειρίσασθαι
851 3226 1232 3305 παραγγείλας,
1298 3229 1371 3293 εἷς
1427 3227 1718 3308 ἀπολογίαν
1764 3227 1855 3303 ἀφ’
1911 3229 2031 3287 ἐκά-

388 3331 514 3367 στου
592 3312 699 3369 τῶν
754 3310 1212 3381 ἐκκλησιαστικῶν
1266 3318 1579 3394 ταγμάτων,
1638 3315 1726 3374 δύο
1789 3320 1956 3398 τλχὸν
1993 3317 2029 3386 ἢ

390 3400 478 3455 καὶ
534 3413 706 3479 τρεῖς,
741 3401 885 3469 ,τοὺς
974 3401 1134 3482 λόγον
1209 3403 1519 3484 στρογγόλει
1599 3403 1903 3483 εἷδήμονας,
1946 3410 2033 3465 καὶ

388 3488 558 3552 εἷπελν
580 3492 668 3545 καὶ
696 3489 916 3548 ἀκοῦσαι
976 3489 1367 3567 δοκιμωτάτους
1403 3510 1417 3524 ·
1479 3493 1762 3572 ἐπ’ἰγεσθαι
1826 3517 1882 3552 τε
1934 3517 2032 3552 κε-

387 3574 578 3640 λεύσας
601 3578 690 3634 καὶ
716 3577 879 3644 θείους
921 3580 1170 3655 κανόνας,
1218 3584 1261 3637 εἱ
1318 3580 1534 3662 ἔχουσιν
1588 3581 1846 3647 ἐναντίους
1903 3587 2034 3664 πρὸς

384 3666 529 3753 παρά
556 3670 662 3722 τῶν
717 3665 1030 3732 ἀπεναντίας
1099 3670 1531 3751 προφερομένοις,
1602 3672 1637 3740 ἢ
1714 3671 1869 3753 ἕτερά
1919 3696 2035 3731 τινα

385 3749 737 3829 δικαιώματα.
810 3754 1097 3837 Ἐπισχετν
1138 3756 1193 3814 δὲ
1216 3749 1224 3751 ὴ
1245 3749 1307 3815 τὸ
1352 3758 1553 3829 πλῆθος
1606 3760 1702 3819 καὶ
1758 3749 1847 3819 τὸν
1903 3764 2033 3842 σύρ-

385 3863 526 3921 φακα
554 3840 745 3922 ὄχλον,
776 3842 835 3900 οὔ
863 3845 955 3901 σὺν
984 3854 1061 3921 τῷ
1090 3844 1295 3923 δικαίῷ,
1342 3849 1433 3905 σὺν
1481 3849 1567 3926 βίᾳ
1618 3847 1673 3907 δὲ
1741 3856 1841 3920 τῆς
1884 3840 2033 3920 δίκης

383 3929 839 4013 ἀποπειρώμενον,
934 3936 1022 3991 καὶ
1103 3935 1421 4017 συγχέοντα,
1517 3940 1605 3995 καὶ
1660 3936 1901 3998 θλίϐοντα
1969 3942 2030 3998 τὸ

382 4019 755 4100 ἀκροατήριον.
814 4021 1153 4103 Ἐὖτρεπίσθη
1197 4028 1287 4083 καί
1327 4026 1488 4083 πάλιν
1542 4026 1799 4096 ἐκκλησία
1853 4031 2024 4109 τρίτη.

385 4109 484 4196 καὶ
513 4113 865 4196 συμπαρῆσαν
925 4110 1152 4177 ἅπαντες
1209 4116 1255 4172 οἱ
1320 4116 1755 4196 προτεταγμένοι,
1814 4117 2028 4196 ἠνεῳγ-

380 4193 545 4270 μένας
590 4195 810 4277 ἔχοντες
879 4201 968 4257 καὶ
1032 4201 1268 4268 ἑστώσας
1325 4193 1399 4268 ὥς
1466 4193 1596 4285 πρδς
1666 4206 1881 4286 ἆκρόσιν
1934 4193 2027 4272 τάξ

377 4283 579 4341 ἑαυτῶν
618 4286 815 4374 ἀκοὰς,
863 4290 950 4346 καὶ
992 4290 1224 4367 οἱόμενσι
1295 4283 1604 4351 ἀκούσεσθαί
1669 4283 1747 4350 ’τι⁷
1785 4294 2027 4374 λαμπρὸν

2114 3130 2431 3212 plehanlur
2460 3132 2744 3193 indecora
2772 3131 2919 3193 facie
2967 3149 3166 3193 rerum
3190 3150 3259 3194 ac
3289 3133 3757 3213 perturbatione,

2114 3221 2423 3302 majorque
2454 3220 2726 3283 confusio
2756 3230 2881 3283 erat
2910 3220 2968 3282 in
3019 3221 3228 3302 altero,
3265 3241 3439 3303 quam
3468 3223 3528 3285 in
3561 3224 3761 3304 priore

2114 3308 2386 3370 concilio.
2426 3309 2825 3381 Quamobrem
2857 3311 3056 3371 denuo
3109 3310 3461 3371 concionem
3500 3312 3667 3385 solvi,
3703 3321 3762 3373 et

2115 3414 2361 3459 examen
2388 3398 2644 3478 sustuli;
2706 3417 2838 3460 cum
2888 3396 3225 3477 jussissem,
3288 3407 3351 3459 ut
3396 3402 3761 3479 exponendas

2116 3502 2309 3547 causae
2337 3486 2453 3548 duo
2481 3485 2578 3548 vel
2610 3495 2729 3547 tres
2759 3505 2790 3547 e
2816 3485 3630 3566 quolibetecclesiasticorum
3654 3506 3758 3549 or-

2117 3572 2324 3635 dinum
2358 3573 2773 3653 seligerentur,
2827 3574 2927 3655 qui
2976 3573 3233 3634 rotunde
3262 3591 3390 3634 rem
3423 3592 3756 3655 proponere

2116 3670 2381 3737 nossent,
2416 3680 2483 3724 ac
2514 3671 2635 3724 tum
2664 3662 2969 3743 loquendi,
3005 3670 3128 3723 tum
3186 3661 3468 3723 audiendi
3517 3663 3752 3726 modum

2114 3760 2276 3811 recte
2303 3759 2594 3814 tenerent.
2628 3750 2814 3814 Simul
2838 3751 3018 3827 edixi,
3052 3768 3253 3813 sacros
3274 3751 3638 3815 adducerent
3663 3772 3754 3815 ca-

2117 3856 2330 3915 nones,
2363 3839 2413 3900 si
2462 3859 2610 3921 quos
2664 3838 2957 3901 haberent
2999 3839 3330 3902 contrarios
3375 3840 3470 3923 iis,
3530 3841 3632 3923 qui
3679 3842 3753 3904 ab

2115 3927 2362 3990 adversa
2395 3938 2560 4009 parte
2593 3928 2985 4010 proferentur,
3010 3934 3112 3993 aut
3139 3930 3483 4010 aliajurium
3504 3931 3757 3993 admini-

2112 4017 2245 4078 cula
2262 4034 2275 4078 :
2294 4017 2983 4097 multitudineminterim
2998 4018 3509 4099 promiscuamque
3521 4020 3751 4082 turbam

2112 4106 2485 4189 cohibentes,
2514 4126 2646 4189 quae
2676 4126 2795 4169 non
2827 4125 2902 4169 ex
2933 4107 3085 4188 aequi
3115 4115 3175 4169 et
3203 4106 3344 4169 boni
3372 4109 3623 4187 ratione,
3648 4110 3754 4174 sed

2112 4194 2168 4257 vi
2199 4214 2433 4257 causam
2467 4196 2780 4278 disceptet,
2813 4197 3126 4279 ipsumque
3154 4196 3509 4259 auditorium
3559 4197 3758 4262 turbet

2112 4302 2180 4347 ac
2209 4293 2397 4349 veret.
2454 4284 2658 4367 Itaque
2687 4304 2896 4349 rursus
2933 4285 3202 4348 instituta
3231 4287 3521 4349 concione
3551 4287 3749 4364 tertio,

376 4374 465 4466 καὶ
504 4388 773 4466 γενναῖον,
806 4373 957 4434 Ἀλλ’
988 4378 1053 4448 ἦν
1084 4378 1231 4438 οῦδὲν
1283 4380 1509 4458 οὐδαμοῦ
1536 4391 1773 4442 τοιοῦτον
1797 4400 1813 4416 ⁸
1860 4373 2027 4466 ὄχλος

2116 4391 2509 4437 convenerunt
2544 4375 2808 4438 universi
2838 4376 2914 4439 de
2944 4374 3169 4466 quibus
3215 4375 3463 4450 dictum,
3505 4376 3754 4466 jamque

378 4459 465 4551 δὲ,
516 4464 605 4520 καὶ
659 4467 833 4546 θροῦς,
920 4469 1008 4525 καὶ
1105 4468 1447 4538 ἐνθουσιώδης
1511 4473 1675 4551 ὁρμὴ,
1734 4474 1821 4530 καὶ
1859 4459 2027 4550 δῆτμος

377 4549 539 4608 πάλιν
567 4551 910 4634 παρέῦακχόν
952 4578 1003 4613 τι
1043 4557 1255 4635 βλέπων
1322 4561 1410 4616 καὶ
1453 4549 1693 4637 μανικὸν,
1768 4563 1855 4618 καὶ
1885 4549 2023 4621 πολ-

376 4638 486 4728 λων
514 4638 689 4720 λόγων
728 4644 927 4719 ματαία
967 4643 1145 4725 τριϐὴ,
1179 4649 1253 4713 ὡς
1295 4647 1632 4728 τοπρότερον.
1707 4649 2023 4709 Τελευταῒον

376 4725 432 4784 δὲ
463 4732 598 4805 μετά
640 4729 843 4795 πολλὰς
889 4734 986 4799 τῆς
1037 4734 1241 4815 ἡμέρας
1310 4725 1472 4816 ὥρας,
1524 4725 1632 4793 ’καὶ
1687 4740 1802 4817 περὶ
1844 4736 2020 4808 δείλην

376 4817 688 4908 ὀψίανὶἤδη
731 4818 880 4887 δόξαν
909 4822 1077 4887 οὕτως
1119 4829 1327 4901 αὐτοῖς,
1388 4828 1461 4890 εἰς
1510 4825 1670 4903 μέσον
1725 4828 2018 4908 προετέθη-

378 4905 774 4987 χρυσόὸουλλον
863 4913 1228 4992 προσκυνῃτὸν
1313 4914 1405 4971 τοῦ
1456 4916 1724 4976 θειοτάτου
1769 4905 2023 4990 ’κράτους

377 5017 492 5072 σου,
552 5003 619 5074 τῇ
674 4997 884 5077 μεγάλῃ
938 5000 1283 5081 φιλοτιμηθὲν
1397 4992 1705 5084 Ἐκκλησία,
1763 5004 1852 5062 ἐπί
1918 5028 2025 5071 τισι

378 5086 476 5161 μὲν
543 5086 633 5143 καὶ
689 5085 870 5152 ἅλλοις
924 5089 1224 5169 θεφαλαίοις
1281 5090 1569 5174 διαφόροις,
1649 5092 1902 5173 περιέχον
1969 5093 2023 5151 δὲ

376 5174 609 5261 καὶπερὶ
676 5174 772 5244 τῆς
814 5178 1141 5254 ζητουμένης
1195 5181 1413 5253 ταύτης,
1489 5180 1751 5261 προσέπος
1804 5188 1969 5238 ταῦτα
2004 5197 2018 5213 ’

383 5251 616 5350 αι”Οσαι
647 5261 702 5319 δὲ
744 5251 989 5345 ἀρχῆθεν-
1047 5266 1330 5327 ἐπισκοπαὶ
1383 5251 1456 5333 εἰς
1513 5251 1646 5346 dco:
1708 5269 2021 5350 ἀνήχθησαν

375 5348 478 5420 ἤδη
504 5350 906 5432 μητροπόλεων,
966 5353 1003 5422 ἢ
1050 5356 1140 5413 καὶ
1196 5355 1481 5416 ἐπισκοπαὶ
1535 5360 1609 5426 εἰς
1667 5348 2021 5439 ἀρχιεπισκο-

2112 4471 2344 4544 apertas
2374 4472 2432 4525 et
2462 4473 2692 4527 erectas
2721 4464 2795 4527 ad
2826 4463 3277 4526 auscultandum
3335 4482 3510 4525 aures
3564 4465 3752 4529 habe-

2110 4550 2272 4626 bant,
2307 4552 2460 4633 quod
2489 4553 2712 4634 aliquid
2747 4554 2836 4614 rei
2866 4552 3197 4633 splendidae
3224 4570 3292 4613 ac
3341 4551 3638 4632 praeclarae
3666 4571 3752 4622 ,se

2106 4641 2409 4703 audituros
2441 4649 2738 4721 putarent.
2777 4640 2997 4704 Verum
3027 4639 3174 4701 nihil
3194 4658 3442 4720 usquam
3465 4648 3590 4702 erat
3610 4640 3748 4718 tale,

2105 4729 2209 4791 sed
2244 4747 2441 4791 merus
2470 4730 2709 4792 omnino
2734 4729 3105 4804 tumultus,et
3124 4729 3428 4808 strepitus,
3462 4728 3751 4791 etincita-

2107 4826 2202 4880 tus
2230 4820 2567 4881 animorum
2603 4820 2883 4901 impetus,
2944 4827 3002 4879 et
3057 4818 3308 4898 populus
3337 4818 3553 4879 iterum
3588 4837 3752 4881 more

2107 4906 2520 4969 bacchantium
2551 4907 2821 4969 furentes
2880 4911 3186 4969 ostentans
3237 4905 3752 4982 oculos,'etmul-

2108 5007 2303 5058 torum
2333 4996 2648 5058 verborum
2680 5015 2791 5059 ceu
2818 4995 2982 5076 prius
3011 4994 3185 5056 etiam
3239 4993 3555 5071 acciderat,
3604 5013 3753 5057 vana

2108 5085 2506 5167 consumptio.
2526 5083 2792 5148 Tandem
2816 5092 2946 5166 post
2966 5083 3179 5144 multas
3199 5082 3320 5145 diei
3342 5085 3750 5159 horas,etsero

2094 5176 2219 5255 jam
2253 5192 2526 5254 vespero,
2558 5174 2714 5256 quod
2750 5174 2838 5235 eis
2868 5172 2949 5234 ita
2977 5172 3166 5234 visum
3201 5181 3377 5246 esset,
3412 5172 3641 5254 prolata
3661 5180 3752 5234 est

2103 5265 2459 5327 inmedium
2490 5261 2844 5326 venerabilis
2899 5279 3081 5324 aurea
3133 5260 3293 5323 bulla
3339 5260 3751 5323 sacratissima

2105 5353 2433 5438 majestatis
2463 5362 2600 5437 tuae,
2632 5353 2844 5437 majori
2872 5371 3160 5417 concessa
3184 5352 3492 5430 Ecclesiae,
3521 5371 3654 5416 cum
3675 5353 3752 5416 de

1700 5523 1964 5592 νΑιιυΕ
2004 5525 2334 5595 LECTION
2338 5521 2450 5591 ES.

452 5641 518 5695 49
546 5645 642 5702 οὒκ
672 5644 1042 5726 ἐπισχεθῆναι,
1126 5646 1191 5699 50
1231 5649 1366 5715 ἧκον
1396 5653 1469 5716 εἰς
1500 5647 1760 5729 δευτέραν.
