  <div class='ocr_page' id='page_1' title='image "/cluster/home/n/w/nwhite01/storage/ocr_20150623/119/hvd.32044073502494/442.png"; bbox 0 0 4192 6220; ppageno 0'>
   <div class='ocr_carea' id='block_1_1' title="bbox 423 301 544 370">
    <p class='ocr_par' dir='ltr' id='par_1_1' title="bbox 423 301 544 370">
     <span class='ocr_line' id='line_1_1' title="bbox 423 301 544 370; baseline 0.017 -2"><span class='ocrx_word' id='word_1_1' title='bbox 423 301 544 370; x_wconf 83' lang='grc'><strong>869</strong></span> 
     </span>
    </p>
   </div>
   <div class='ocr_carea' id='block_1_2' title="bbox 1788 304 2466 374">
    <p class='ocr_par' dir='ltr' id='par_1_2' title="bbox 1788 304 2466 374">
     <span class='ocr_line' id='line_1_2' title="bbox 1788 304 2466 374; baseline -0.009 0"><span class='ocrx_word' id='word_1_2' title='bbox 1788 304 2466 374; x_wconf 62' lang='grc' dir='ltr'><strong>ϐΗᾸίὈΟ-ΗΟΜΑΝΗΜ</strong></span> 
     </span>
    </p>
   </div>
   <div class='ocr_carea' id='block_1_3' title="bbox 3697 300 3819 367">
    <p class='ocr_par' dir='ltr' id='par_1_3' title="bbox 3697 300 3819 367">
     <span class='ocr_line' id='line_1_3' title="bbox 3697 300 3819 367; baseline 0 0"><span class='ocrx_word' id='word_1_3' title='bbox 3697 300 3819 367; x_wconf 86' lang='grc'><strong>870</strong></span> 
     </span>
    </p>
   </div>
   <div class='ocr_carea' id='block_1_4' title="bbox 422 425 2086 519">
    <p class='ocr_par' dir='ltr' id='par_1_4' title="bbox 422 425 2074 513">
     <span class='ocr_line' id='line_1_4' title="bbox 422 425 2074 513; baseline 0.006 -26"><span class='ocrx_word' id='word_1_4' title='bbox 422 438 532 488; x_wconf 82' lang='grc' dir='ltr'>τῶν</span> <span class='ocrx_word' id='word_1_5' title='bbox 573 435 728 490; x_wconf 87' lang='grc' dir='ltr'>θείων</span> <span class='ocrx_word' id='word_1_6' title='bbox 767 432 921 502; x_wconf 87' lang='grc' dir='ltr'>ἐδόθη</span> <span class='ocrx_word' id='word_1_7' title='bbox 993 433 1261 513; x_wconf 84' lang='grc' dir='ltr'>Πατέρων,</span> <span class='ocrx_word' id='word_1_8' title='bbox 1323 437 1396 500; x_wconf 85' lang='grc' dir='ltr'>ὡς</span> <span class='ocrx_word' id='word_1_9' title='bbox 1468 438 1497 492; x_wconf 78' lang='grc' dir='ltr'>ὁ</span> <span class='ocrx_word' id='word_1_10' title='bbox 1550 425 1601 507; x_wconf 75' lang='grc' dir='ltr'><strong>ζ’</strong></span> <span class='ocrx_word' id='word_1_11' title='bbox 1651 437 1846 506; x_wconf 82' lang='grc' dir='ltr'>ταύτης</span> <span class='ocrx_word' id='word_1_12' title='bbox 1901 445 2074 502; x_wconf 84' lang='grc' dir='ltr'>κανὼν</span> 
     </span>
    </p>
   </div>
   <div class='ocr_carea' id='block_1_5' title="bbox 2174 425 3808 519">
    <p class='ocr_par' dir='ltr' id='par_1_5' title="bbox 2174 435 3808 519">
     <span class='ocr_line' id='line_1_5' title="bbox 2174 435 3808 519; baseline -0.001 -20"><span class='ocrx_word' id='word_1_13' title='bbox 2174 437 2548 500; x_wconf 68' lang='lat' dir='ltr'><strong>ecclesiarum</strong></span> <span class='ocrx_word' id='word_1_14' title='bbox 2583 437 2753 518; x_wconf 84' lang='lat' dir='ltr'><strong>Cypri</strong></span> <span class='ocrx_word' id='word_1_15' title='bbox 2781 435 2894 498; x_wconf 87' lang='lat' dir='ltr'><strong>sibi</strong></span> <span class='ocrx_word' id='word_1_16' title='bbox 2953 436 3301 518; x_wconf 79' lang='lat' dir='ltr'><strong>vindicaret,</strong></span> <span class='ocrx_word' id='word_1_17' title='bbox 3360 436 3557 519; x_wconf 90' lang='lat' dir='ltr'><strong>deque</strong></span> <span class='ocrx_word' id='word_1_18' title='bbox 3585 436 3699 500; x_wconf 87' lang='lat' dir='ltr'><strong>hoc</strong></span> <span class='ocrx_word' id='word_1_19' title='bbox 3745 436 3808 498; x_wconf 92' lang='lat' dir='ltr'><strong>in</strong></span> 
     </span>
    </p>
   </div>
   <div class='ocr_carea' id='block_1_6' title="bbox 428 523 2080 605">
    <p class='ocr_par' dir='ltr' id='par_1_6' title="bbox 428 523 2080 605">
     <span class='ocr_line' id='line_1_6' title="bbox 428 523 2080 605; baseline 0.007 -28"><span class='ocrx_word' id='word_1_20' title='bbox 428 523 734 603; x_wconf 87' lang='grc' dir='ltr'>παρίστησι,</span> <span class='ocrx_word' id='word_1_21' title='bbox 796 525 1015 590; x_wconf 76' lang='grc' dir='ltr'>τοιαύτη</span> <span class='ocrx_word' id='word_1_22' title='bbox 1051 539 1065 554; x_wconf 82' lang='grc'><strong><em>⁸</em></strong></span> <span class='ocrx_word' id='word_1_23' title='bbox 1121 547 1143 581; x_wconf 73' lang='grc' dir='ltr'>ι</span> <span class='ocrx_word' id='word_1_24' title='bbox 1196 529 1422 602; x_wconf 87' lang='grc' dir='ltr'>Πρᾶγμα</span> <span class='ocrx_word' id='word_1_25' title='bbox 1491 527 1632 605; x_wconf 78' lang='grc' dir='ltr'>παρὰ</span> <span class='ocrx_word' id='word_1_26' title='bbox 1700 529 1820 594; x_wconf 81' lang='grc' dir='ltr'>τοὺς</span> <span class='ocrx_word' id='word_1_27' title='bbox 1879 531 2080 600; x_wconf 84' lang='grc' dir='ltr'>ἐκκλη-</span> 
     </span>
    </p>
   </div>
   <div class='ocr_carea' id='block_1_7' title="bbox 433 613 2081 699">
    <p class='ocr_par' dir='ltr' id='par_1_7' title="bbox 433 613 2081 699">
     <span class='ocr_line' id='line_1_7' title="bbox 433 613 2081 699; baseline 0.009 -35"><span class='ocrx_word' id='word_1_28' title='bbox 433 629 457 664; x_wconf 83' lang='grc' dir='ltr'><strong>ιι</strong></span> <span class='ocrx_word' id='word_1_29' title='bbox 522 613 828 676; x_wconf 81' lang='grc' dir='ltr'>σιαστικοὺς</span> <span class='ocrx_word' id='word_1_30' title='bbox 900 614 1123 677; x_wconf 67' lang='grc' dir='ltr'>θεσμοὺς</span> <span class='ocrx_word' id='word_1_31' title='bbox 1167 615 1255 670; x_wconf 84' lang='grc' dir='ltr'><strong>καὶ</strong></span> <span class='ocrx_word' id='word_1_32' title='bbox 1297 615 1416 679; x_wconf 64' lang='lat' dir='ltr'><strong>rubr;</strong></span> <span class='ocrx_word' id='word_1_33' title='bbox 1463 615 1684 680; x_wconf 80' lang='grc' dir='ltr'>κανόνας</span> <span class='ocrx_word' id='word_1_34' title='bbox 1744 626 1849 675; x_wconf 85' lang='grc' dir='ltr'><strong>τῶν</strong></span> <span class='ocrx_word' id='word_1_35' title='bbox 1921 623 2081 699; x_wconf 85' lang='grc' dir='ltr'>ἁγίων</span> 
     </span>
    </p>
   </div>
   <div class='ocr_carea' id='block_1_8' title="bbox 435 701 2082 779">
    <p class='ocr_par' dir='ltr' id='par_1_8' title="bbox 435 701 2082 779">
     <span class='ocr_line' id='line_1_8' title="bbox 435 701 2082 779; baseline 0.008 -24"><span class='ocrx_word' id='word_1_36' title='bbox 435 723 462 754; x_wconf 71' lang='grc' dir='ltr'>ι</span> <span class='ocrx_word' id='word_1_37' title='bbox 500 701 748 779; x_wconf 82' lang='grc' dir='ltr'>Πατὲρων</span> <span class='ocrx_word' id='word_1_38' title='bbox 789 703 1285 779; x_wconf 81' lang='grc' dir='ltr'>καινοτομούμενον,</span> <span class='ocrx_word' id='word_1_39' title='bbox 1334 705 1420 760; x_wconf 86' lang='grc' dir='ltr'><strong>καὶ</strong></span> <span class='ocrx_word' id='word_1_40' title='bbox 1469 710 1567 772; x_wconf 79' lang='grc' dir='ltr'>τῆς</span> <span class='ocrx_word' id='word_1_41' title='bbox 1635 707 1847 764; x_wconf 74' lang='grc' dir='ltr'>πάντων</span> <span class='ocrx_word' id='word_1_42' title='bbox 1930 710 2082 767; x_wconf 87' lang='grc' dir='ltr'>ἐλευ-</span> 
     </span>
    </p>
   </div>
   <div class='ocr_carea' id='block_1_9' title="bbox 437 791 2084 877">
    <p class='ocr_par' dir='ltr' id='par_1_9' title="bbox 437 791 2084 877">
     <span class='ocr_line' id='line_1_9' title="bbox 437 791 2084 877; baseline 0.007 -33"><span class='ocrx_word' id='word_1_43' title='bbox 437 811 461 843; x_wconf 76' lang='grc' dir='ltr'>ι</span> <span class='ocrx_word' id='word_1_44' title='bbox 510 792 684 868; x_wconf 88' lang='grc' dir='ltr'>θερίας</span> <span class='ocrx_word' id='word_1_45' title='bbox 750 791 1070 877; x_wconf 75' lang='grc' dir='ltr'>ἀπτόμενον,</span> <span class='ocrx_word' id='word_1_46' title='bbox 1155 791 1539 872; x_wconf 74' lang='grc' dir='ltr'><strong>προσήγγειλεν</strong></span> <span class='ocrx_word' id='word_1_47' title='bbox 1607 797 1634 850; x_wconf 84' lang='grc' dir='ltr'>ὁ</span> <span class='ocrx_word' id='word_1_48' title='bbox 1684 797 2084 877; x_wconf 80' lang='grc' dir='ltr'>θεοφιλέστατος</span> 
     </span>
    </p>
   </div>
   <div class='ocr_carea' id='block_1_10' title="bbox 435 871 2086 959">
    <p class='ocr_par' dir='ltr' id='par_1_10' title="bbox 435 871 2086 959">
     <span class='ocr_line' id='line_1_10' title="bbox 435 871 2086 959; baseline 0.007 -27"><span class='ocrx_word' id='word_1_49' title='bbox 435 877 788 942; x_wconf 76' lang='grc' dir='ltr'>«ἐπίσκοπος</span> <span class='ocrx_word' id='word_1_50' title='bbox 840 871 1114 958; x_wconf 75' lang='grc' dir='ltr'><strong>Ῥηγῖνος,</strong></span> <span class='ocrx_word' id='word_1_51' title='bbox 1164 883 1251 938; x_wconf 82' lang='grc' dir='ltr'><strong>καὶ</strong></span> <span class='ocrx_word' id='word_1_52' title='bbox 1318 871 1386 938; x_wconf 66' lang='lat' dir='ltr'><strong>oi</strong></span> <span class='ocrx_word' id='word_1_53' title='bbox 1418 883 1509 937; x_wconf 76' lang='grc' dir='ltr'>σὺν</span> <span class='ocrx_word' id='word_1_54' title='bbox 1565 887 1706 959; x_wconf 77' lang='grc' dir='ltr'>αὐτῷ</span> <span class='ocrx_word' id='word_1_55' title='bbox 1775 871 2086 945; x_wconf 64' lang='grc' dir='ltr'>εὐλαϐέστα-</span> 
     </span>
    </p>
   </div>
   <div class='ocr_carea' id='block_1_11' title="bbox 438 966 2084 1052">
    <p class='ocr_par' dir='ltr' id='par_1_11' title="bbox 438 966 2084 1052">
     <span class='ocr_line' id='line_1_11' title="bbox 438 966 2084 1052; baseline 0.008 -32"><span class='ocrx_word' id='word_1_56' title='bbox 438 989 458 1020; x_wconf 71' lang='grc' dir='ltr'><strong>ι</strong></span> <span class='ocrx_word' id='word_1_57' title='bbox 497 987 578 1022; x_wconf 93' lang='grc' dir='ltr'>τοι</span> <span class='ocrx_word' id='word_1_58' title='bbox 639 966 915 1052; x_wconf 70' lang='grc' dir='ltr'>ἐπίσκοποι</span> <span class='ocrx_word' id='word_1_59' title='bbox 957 975 1056 1036; x_wconf 75' lang='grc' dir='ltr'>τῆς</span> <span class='ocrx_word' id='word_1_60' title='bbox 1129 971 1365 1048; x_wconf 77' lang='grc' dir='ltr'><strong>Κυπρίων</strong></span> <span class='ocrx_word' id='word_1_61' title='bbox 1437 971 1696 1052; x_wconf 82' lang='grc' dir='ltr'>ἐπαρχίας</span> <span class='ocrx_word' id='word_1_62' title='bbox 1762 977 1942 1045; x_wconf 93' lang='grc' dir='ltr'>Ζήνων</span> <span class='ocrx_word' id='word_1_63' title='bbox 1997 978 2084 1033; x_wconf 85' lang='grc' dir='ltr'><strong>καὶ</strong></span> 
     </span>
    </p>
   </div>
   <div class='ocr_carea' id='block_1_12' title="bbox 437 1046 2082 1138">
    <p class='ocr_par' dir='ltr' id='par_1_12' title="bbox 437 1046 2082 1138">
     <span class='ocr_line' id='line_1_12' title="bbox 548 1046 1612 1078; baseline 0.008 0"><span class='ocrx_word' id='word_1_64' title='bbox 548 1058 562 1078; x_wconf 73' lang='grc' dir='ltr'>ν</span> <span class='ocrx_word' id='word_1_65' title='bbox 601 1054 611 1074; x_wconf 70' lang='grc' dir='ltr'><em>θ</em></span> <span class='ocrx_word' id='word_1_66' title='bbox 859 1046 894 1068; x_wconf 54' lang='grc' dir='ltr'><strong>τ’</strong></span> <span class='ocrx_word' id='word_1_67' title='bbox 1209 1046 1254 1076; x_wconf 63' lang='grc'><strong>³(</strong></span> <span class='ocrx_word' id='word_1_68' title='bbox 1387 1060 1396 1070; x_wconf 93' lang='grc'><strong>¹</strong></span> <span class='ocrx_word' id='word_1_69' title='bbox 1542 1046 1550 1048; x_wconf 44' lang='grc'><strong><em>-</em></strong></span> <span class='ocrx_word' id='word_1_70' title='bbox 1575 1046 1612 1076; x_wconf 36' lang='lat' dir='ltr'><strong>i“</strong></span> 
     </span>
     <span class='ocr_line' id='line_1_13' title="bbox 437 1057 2082 1138; baseline 0.009 -30"><span class='ocrx_word' id='word_1_71' title='bbox 437 1078 462 1108; x_wconf 79' lang='grc' dir='ltr'><strong>ιι</strong></span> <span class='ocrx_word' id='word_1_72' title='bbox 502 1061 779 1134; x_wconf 85' lang='grc' dir='ltr'>Ευαγριος,</span> <span class='ocrx_word' id='word_1_73' title='bbox 896 1060 1025 1114; x_wconf 76' lang='grc' dir='ltr'>Οοεν</span> <span class='ocrx_word' id='word_1_74' title='bbox 1082 1057 1264 1126; x_wconf 88' lang='grc' dir='ltr'>ἐπειοη</span> <span class='ocrx_word' id='word_1_75' title='bbox 1347 1081 1413 1114; x_wconf 91' lang='grc' dir='ltr'><strong>τα</strong></span> <span class='ocrx_word' id='word_1_76' title='bbox 1455 1081 1604 1116; x_wconf 85' lang='grc' dir='ltr'>κοινα</span> <span class='ocrx_word' id='word_1_77' title='bbox 1647 1063 1788 1130; x_wconf 77' lang='grc' dir='ltr'>πάθη</span> <span class='ocrx_word' id='word_1_78' title='bbox 1848 1065 2082 1138; x_wconf 82' lang='grc' dir='ltr'><strong>μείζονος</strong></span> 
     </span>
    </p>
   </div>
   <div class='ocr_carea' id='block_1_13' title="bbox 438 1139 2081 1233">
    <p class='ocr_par' dir='ltr' id='par_1_13' title="bbox 438 1139 2081 1233">
     <span class='ocr_line' id='line_1_14' title="bbox 438 1139 2081 1233; baseline 0.009 -37"><span class='ocrx_word' id='word_1_79' title='bbox 438 1164 462 1196; x_wconf 71' lang='grc' dir='ltr'>ι</span> <span class='ocrx_word' id='word_1_80' title='bbox 512 1139 680 1200; x_wconf 78' lang='grc' dir='ltr'>δεῖται</span> <span class='ocrx_word' id='word_1_81' title='bbox 703 1146 1001 1226; x_wconf 85' lang='grc' dir='ltr'>θεραπείας,</span> <span class='ocrx_word' id='word_1_82' title='bbox 1047 1147 1120 1211; x_wconf 86' lang='grc' dir='ltr'>ὡς</span> <span class='ocrx_word' id='word_1_83' title='bbox 1151 1148 1237 1202; x_wconf 81' lang='grc' dir='ltr'><strong>καὶ</strong></span> <span class='ocrx_word' id='word_1_84' title='bbox 1278 1149 1487 1222; x_wconf 82' lang='grc' dir='ltr'>μείζονα</span> <span class='ocrx_word' id='word_1_85' title='bbox 1529 1150 1628 1216; x_wconf 76' lang='grc' dir='ltr'><strong>τὴν</strong></span> <span class='ocrx_word' id='word_1_86' title='bbox 1697 1149 1900 1219; x_wconf 83' lang='grc' dir='ltr'>ϐλάϐην</span> <span class='ocrx_word' id='word_1_87' title='bbox 1983 1154 2081 1233; x_wconf 73' lang='grc' dir='ltr'><strong>(ρέ-</strong></span> 
     </span>
    </p>
   </div>
   <div class='ocr_carea' id='block_1_14' title="bbox 437 1233 2081 1320">
    <p class='ocr_par' dir='ltr' id='par_1_14' title="bbox 437 1233 2081 1320">
     <span class='ocr_line' id='line_1_15' title="bbox 437 1233 2081 1320; baseline 0.009 -35"><span class='ocrx_word' id='word_1_88' title='bbox 437 1253 464 1284; x_wconf 75' lang='grc' dir='ltr'><strong>α</strong></span> <span class='ocrx_word' id='word_1_89' title='bbox 499 1252 675 1320; x_wconf 79' lang='grc' dir='ltr'>ροντα,</span> <span class='ocrx_word' id='word_1_90' title='bbox 721 1235 807 1289; x_wconf 85' lang='grc' dir='ltr'>καὶ</span> <span class='ocrx_word' id='word_1_91' title='bbox 864 1233 1118 1315; x_wconf 75' lang='grc' dir='ltr'>μάλιστα,</span> <span class='ocrx_word' id='word_1_92' title='bbox 1179 1237 1225 1291; x_wconf 80' lang='grc' dir='ltr'>εἰ</span> <span class='ocrx_word' id='word_1_93' title='bbox 1282 1238 1418 1312; x_wconf 78' lang='grc' dir='ltr'>μηδὲ</span> <span class='ocrx_word' id='word_1_94' title='bbox 1476 1237 1590 1303; x_wconf 78' lang='grc' dir='ltr'>ἔθος</span> <span class='ocrx_word' id='word_1_95' title='bbox 1649 1239 1880 1320; x_wconf 80' lang='grc' dir='ltr'>ἀρχαῖον</span> <span class='ocrx_word' id='word_1_96' title='bbox 1940 1266 2081 1320; x_wconf 85' lang='grc' dir='ltr'>παρ-</span> 
     </span>
    </p>
   </div>
   <div class='ocr_carea' id='block_1_15' title="bbox 441 1319 2081 1411">
    <p class='ocr_par' dir='ltr' id='par_1_15' title="bbox 441 1319 2081 1411">
     <span class='ocr_line' id='line_1_16' title="bbox 441 1319 2081 1411; baseline 0.006 -37"><span class='ocrx_word' id='word_1_97' title='bbox 441 1343 468 1373; x_wconf 74' lang='grc' dir='ltr'><strong>α</strong></span> <span class='ocrx_word' id='word_1_98' title='bbox 501 1319 881 1397; x_wconf 86' lang='grc' dir='ltr'>ηκολούθησεν,</span> <span class='ocrx_word' id='word_1_99' title='bbox 927 1323 1063 1379; x_wconf 81' lang='grc' dir='ltr'>ὥστε</span> <span class='ocrx_word' id='word_1_100' title='bbox 1131 1326 1220 1380; x_wconf 81' lang='grc' dir='ltr'>τὸν</span> <span class='ocrx_word' id='word_1_101' title='bbox 1269 1324 1553 1383; x_wconf 87' lang='grc' dir='ltr'>ἐπίσκοπον</span> <span class='ocrx_word' id='word_1_102' title='bbox 1607 1319 2081 1411; x_wconf 50' lang='grc' dir='ltr'>τῆςίρκντιογέων</span> 
     </span>
    </p>
   </div>
   <div class='ocr_carea' id='block_1_16' title="bbox 441 1407 2084 1496">
    <p class='ocr_par' dir='ltr' id='par_1_16' title="bbox 441 1407 2084 1496">
     <span class='ocr_line' id='line_1_17' title="bbox 441 1407 2084 1496; baseline 0.01 -34"><span class='ocrx_word' id='word_1_103' title='bbox 441 1432 468 1462; x_wconf 70' lang='grc' dir='ltr'><strong>α</strong></span> <span class='ocrx_word' id='word_1_104' title='bbox 517 1407 726 1475; x_wconf 82' lang='grc' dir='ltr'>πόλεως</span> <span class='ocrx_word' id='word_1_105' title='bbox 755 1413 849 1475; x_wconf 76' lang='grc' dir='ltr'><strong>τὰς</strong></span> <span class='ocrx_word' id='word_1_106' title='bbox 896 1413 948 1467; x_wconf 83' lang='grc' dir='ltr'><strong>ἐν</strong></span> <span class='ocrx_word' id='word_1_107' title='bbox 981 1414 1172 1491; x_wconf 73' lang='grc' dir='ltr'>Κύπρῳ</span> <span class='ocrx_word' id='word_1_108' title='bbox 1231 1419 1496 1471; x_wconf 73' lang='grc' dir='ltr'>ποιεῖσθαι</span> <span class='ocrx_word' id='word_1_109' title='bbox 1556 1421 1905 1496; x_wconf 74' lang='grc' dir='ltr'><strong>χειροτονίας,</strong></span> <span class='ocrx_word' id='word_1_110' title='bbox 1953 1423 2084 1477; x_wconf 71' lang='grc' dir='ltr'>καθα</span> 
     </span>
    </p>
   </div>
   <div class='ocr_carea' id='block_1_17' title="bbox 441 1495 2083 1586">
    <p class='ocr_par' dir='ltr' id='par_1_17' title="bbox 441 1495 2083 1586">
     <span class='ocr_line' id='line_1_18' title="bbox 441 1495 2083 1586; baseline 0.007 -32"><span class='ocrx_word' id='word_1_111' title='bbox 441 1518 467 1554; x_wconf 72' lang='grc' dir='ltr'>ι</span> <span class='ocrx_word' id='word_1_112' title='bbox 517 1495 600 1555; x_wconf 71' lang='grc' dir='ltr'>διὰ</span> <span class='ocrx_word' id='word_1_113' title='bbox 629 1500 734 1555; x_wconf 72' lang='grc' dir='ltr'><strong>τῶν</strong></span> <span class='ocrx_word' id='word_1_114' title='bbox 763 1498 1020 1558; x_wconf 81' lang='grc' dir='ltr'>λιϐἐλλων</span> <span class='ocrx_word' id='word_1_115' title='bbox 1050 1503 1137 1558; x_wconf 87' lang='grc' dir='ltr'><strong>καὶ</strong></span> <span class='ocrx_word' id='word_1_116' title='bbox 1206 1505 1312 1560; x_wconf 78' lang='grc' dir='ltr'><strong>τῶν</strong></span> <span class='ocrx_word' id='word_1_117' title='bbox 1368 1495 1800 1586; x_wconf 15' lang='grc' dir='ltr'>οἶκείωνίιρωνῶν</span> <span class='ocrx_word' id='word_1_118' title='bbox 1856 1506 2083 1574; x_wconf 79' lang='grc' dir='ltr'>ἐδίδαξαν</span> 
     </span>
    </p>
   </div>
   <div class='ocr_carea' id='block_1_18' title="bbox 439 1585 2084 1676">
    <p class='ocr_par' dir='ltr' id='par_1_18' title="bbox 439 1585 2084 1676">
     <span class='ocr_line' id='line_1_19' title="bbox 439 1585 2084 1676; baseline 0.008 -36"><span class='ocrx_word' id='word_1_119' title='bbox 439 1609 465 1640; x_wconf 75' lang='grc' dir='ltr'><strong>α</strong></span> <span class='ocrx_word' id='word_1_120' title='bbox 499 1589 547 1642; x_wconf 79' lang='grc' dir='ltr'><strong>οἶ</strong></span> <span class='ocrx_word' id='word_1_121' title='bbox 578 1585 948 1647; x_wconf 73' lang='grc' dir='ltr'>εὒλαϐέστατοι</span> <span class='ocrx_word' id='word_1_122' title='bbox 979 1589 1182 1670; x_wconf 74' lang='grc' dir='ltr'>ἄνδρες,</span> <span class='ocrx_word' id='word_1_123' title='bbox 1255 1596 1302 1648; x_wconf 73' lang='grc' dir='ltr'><strong>οἱ</strong></span> <span class='ocrx_word' id='word_1_124' title='bbox 1348 1595 1449 1661; x_wconf 74' lang='grc' dir='ltr'><strong>τὴν</strong></span> <span class='ocrx_word' id='word_1_125' title='bbox 1514 1585 1768 1674; x_wconf 82' lang='grc' dir='ltr'>πρόσοδον</span> <span class='ocrx_word' id='word_1_126' title='bbox 1851 1603 1919 1673; x_wconf 79' lang='grc' dir='ltr'>τῇ</span> <span class='ocrx_word' id='word_1_127' title='bbox 1963 1599 2084 1676; x_wconf 78' lang='grc' dir='ltr'>ἁγίᾳ</span> 
     </span>
    </p>
   </div>
   <div class='ocr_carea' id='block_1_19' title="bbox 438 1676 2083 1764">
    <p class='ocr_par' dir='ltr' id='par_1_19' title="bbox 438 1676 2083 1764">
     <span class='ocr_line' id='line_1_20' title="bbox 438 1676 2083 1764; baseline 0.009 -34"><span class='ocrx_word' id='word_1_128' title='bbox 438 1697 462 1730; x_wconf 79' lang='grc' dir='ltr'><strong>ιι</strong></span> <span class='ocrx_word' id='word_1_129' title='bbox 528 1676 728 1753; x_wconf 77' lang='grc' dir='ltr'><strong>συνόδῳ</strong></span> <span class='ocrx_word' id='word_1_130' title='bbox 783 1682 1154 1756; x_wconf 77' lang='grc' dir='ltr'>ποιησάμινοι,</span> <span class='ocrx_word' id='word_1_131' title='bbox 1217 1682 1383 1748; x_wconf 77' lang='grc' dir='ltr'>ἕξουσι</span> <span class='ocrx_word' id='word_1_132' title='bbox 1437 1686 1498 1740; x_wconf 81' lang='grc' dir='ltr'>τὸ</span> <span class='ocrx_word' id='word_1_133' title='bbox 1557 1685 1945 1764; x_wconf 77' lang='grc' dir='ltr'><strong>ἀνεπηρέαστον</strong></span> <span class='ocrx_word' id='word_1_134' title='bbox 1998 1690 2083 1744; x_wconf 85' lang='grc' dir='ltr'><strong>καὶ</strong></span> 
     </span>
    </p>
   </div>
   <div class='ocr_carea' id='block_1_20' title="bbox 390 1763 2086 1848">
    <p class='ocr_par' dir='ltr' id='par_1_20' title="bbox 390 1763 2086 1848">
     <span class='ocr_line' id='line_1_21' title="bbox 390 1763 2086 1848; baseline 0.006 -29"><span class='ocrx_word' id='word_1_135' title='bbox 390 1841 393 1844; x_wconf 78' lang='lat'><em>_</em></span> <span class='ocrx_word' id='word_1_136' title='bbox 437 1788 464 1820; x_wconf 75' lang='grc' dir='ltr'><strong>α</strong></span> <span class='ocrx_word' id='word_1_137' title='bbox 500 1763 742 1824; x_wconf 82' lang='grc' dir='ltr'>ἀϐίαστον</span> <span class='ocrx_word' id='word_1_138' title='bbox 774 1771 820 1824; x_wconf 72' lang='grc' dir='ltr'>οἱ</span> <span class='ocrx_word' id='word_1_139' title='bbox 848 1775 953 1824; x_wconf 82' lang='grc' dir='ltr'><strong>τῶν</strong></span> <span class='ocrx_word' id='word_1_140' title='bbox 994 1771 1155 1848; x_wconf 85' lang='grc' dir='ltr'>ἁγίων</span> <span class='ocrx_word' id='word_1_141' title='bbox 1215 1770 1546 1840; x_wconf 86' lang='grc' dir='ltr'>Ἐκκλησιῶν</span> <span class='ocrx_word' id='word_1_142' title='bbox 1615 1783 1721 1832; x_wconf 85' lang='grc' dir='ltr'><strong>τῶν</strong></span> <span class='ocrx_word' id='word_1_143' title='bbox 1792 1777 1925 1832; x_wconf 77' lang='grc' dir='ltr'>κατὰ</span> <span class='ocrx_word' id='word_1_144' title='bbox 1988 1777 2086 1844; x_wconf 78' lang='grc' dir='ltr'><strong>τὴν</strong></span> 
     </span>
    </p>
   </div>
   <div class='ocr_carea' id='block_1_21' title="bbox 439 1855 2088 1934">
    <p class='ocr_par' dir='ltr' id='par_1_21' title="bbox 439 1855 2088 1934">
     <span class='ocr_line' id='line_1_22' title="bbox 439 1855 2088 1934; baseline 0.008 -27"><span class='ocrx_word' id='word_1_145' title='bbox 439 1876 467 1907; x_wconf 75' lang='grc' dir='ltr'>ι</span> <span class='ocrx_word' id='word_1_146' title='bbox 503 1855 707 1933; x_wconf 80' lang='grc' dir='ltr'>Κύπρον</span> <span class='ocrx_word' id='word_1_147' title='bbox 739 1865 1086 1934; x_wconf 82' lang='grc' dir='ltr'>προεστῶτες,</span> <span class='ocrx_word' id='word_1_148' title='bbox 1154 1862 1288 1916; x_wconf 84' lang='grc' dir='ltr'>κατᾶ</span> <span class='ocrx_word' id='word_1_149' title='bbox 1329 1863 1448 1926; x_wconf 77' lang='grc' dir='ltr'>τοὺς</span> <span class='ocrx_word' id='word_1_150' title='bbox 1505 1863 1726 1930; x_wconf 83' lang='grc' dir='ltr'>κανόνας</span> <span class='ocrx_word' id='word_1_151' title='bbox 1785 1872 1891 1921; x_wconf 82' lang='grc' dir='ltr'><strong>τῶν</strong></span> <span class='ocrx_word' id='word_1_152' title='bbox 1931 1867 2088 1921; x_wconf 77' lang='grc' dir='ltr'>ὁσίων</span> 
     </span>
    </p>
   </div>
   <div class='ocr_carea' id='block_1_22' title="bbox 441 1945 2088 2031">
    <p class='ocr_par' dir='ltr' id='par_1_22' title="bbox 441 1945 2088 2031">
     <span class='ocr_line' id='line_1_23' title="bbox 441 1945 2088 2031; baseline 0.008 -35"><span class='ocrx_word' id='word_1_153' title='bbox 441 1965 468 1995; x_wconf 74' lang='grc' dir='ltr'><strong>α</strong></span> <span class='ocrx_word' id='word_1_154' title='bbox 507 1945 772 2024; x_wconf 78' lang='grc' dir='ltr'>Πατέρων,</span> <span class='ocrx_word' id='word_1_155' title='bbox 834 1949 920 2002; x_wconf 88' lang='grc' dir='ltr'><strong>καὶ</strong></span> <span class='ocrx_word' id='word_1_156' title='bbox 949 1949 1046 2016; x_wconf 78' lang='grc' dir='ltr'>τὴν</span> <span class='ocrx_word' id='word_1_157' title='bbox 1117 1948 1344 2028; x_wconf 72' lang='grc' dir='ltr'>ἄρχαιαν</span> <span class='ocrx_word' id='word_1_158' title='bbox 1389 1953 1685 2031; x_wconf 76' lang='grc' dir='ltr'>συνήθειαν,</span> <span class='ocrx_word' id='word_1_159' title='bbox 1744 1951 1820 2009; x_wconf 83' lang='grc' dir='ltr'>δι’</span> <span class='ocrx_word' id='word_1_160' title='bbox 1889 1955 2088 2009; x_wconf 78' lang='grc' dir='ltr'>ἑαυτῶν</span> 
     </span>
    </p>
   </div>
   <div class='ocr_carea' id='block_1_23' title="bbox 441 2033 2086 2114">
    <p class='ocr_par' dir='ltr' id='par_1_23' title="bbox 441 2033 2086 2114">
     <span class='ocr_line' id='line_1_24' title="bbox 441 2033 2086 2114; baseline 0.007 -28"><span class='ocrx_word' id='word_1_161' title='bbox 441 2055 468 2086; x_wconf 72' lang='grc' dir='ltr'><strong>α</strong></span> <span class='ocrx_word' id='word_1_162' title='bbox 502 2033 597 2095; x_wconf 73' lang='grc' dir='ltr'><strong>τὰς</strong></span> <span class='ocrx_word' id='word_1_163' title='bbox 695 2038 1026 2114; x_wconf 82' lang='grc' dir='ltr'><strong>χειροτονίας</strong></span> <span class='ocrx_word' id='word_1_164' title='bbox 1123 2044 1228 2094; x_wconf 83' lang='grc' dir='ltr'><strong>τῶν</strong></span> <span class='ocrx_word' id='word_1_165' title='bbox 1314 2037 1708 2101; x_wconf 73' lang='grc' dir='ltr'>εὖλαϐεστάτων</span> <span class='ocrx_word' id='word_1_166' title='bbox 1779 2042 2086 2098; x_wconf 78' lang='grc' dir='ltr'>ἐπισκόπων</span> 
     </span>
    </p>
   </div>
   <div class='ocr_carea' id='block_1_24' title="bbox 442 2124 2081 2198">
    <p class='ocr_par' dir='ltr' id='par_1_24' title="bbox 442 2124 2081 2198">
     <span class='ocr_line' id='line_1_25' title="bbox 442 2124 2081 2198; baseline 0.006 -22"><span class='ocrx_word' id='word_1_167' title='bbox 442 2145 467 2175; x_wconf 80' lang='grc' dir='ltr'><strong>ιι</strong></span> <span class='ocrx_word' id='word_1_168' title='bbox 516 2124 842 2198; x_wconf 80' lang='grc' dir='ltr'><strong>ποιούμενοι,</strong></span> <span class='ocrx_word' id='word_1_169' title='bbox 892 2127 962 2183; x_wconf 81' lang='grc' dir='ltr'>Τὸ</span> <span class='ocrx_word' id='word_1_170' title='bbox 991 2125 1043 2181; x_wconf 80' lang='grc' dir='ltr'><strong>δὲ</strong></span> <span class='ocrx_word' id='word_1_171' title='bbox 1113 2129 1239 2184; x_wconf 74' lang='grc' dir='ltr'>αὐτὸ</span> <span class='ocrx_word' id='word_1_172' title='bbox 1293 2130 1381 2184; x_wconf 80' lang='grc' dir='ltr'><strong>καὶ</strong></span> <span class='ocrx_word' id='word_1_173' title='bbox 1450 2128 1534 2185; x_wconf 81' lang='grc' dir='ltr'>ἐπὶ</span> <span class='ocrx_word' id='word_1_174' title='bbox 1592 2137 1697 2185; x_wconf 77' lang='grc' dir='ltr'><strong>τῶν</strong></span> <span class='ocrx_word' id='word_1_175' title='bbox 1768 2129 1940 2187; x_wconf 78' lang='grc' dir='ltr'>ἄλλων</span> <span class='ocrx_word' id='word_1_176' title='bbox 1997 2129 2081 2186; x_wconf 74' lang='grc' dir='ltr'>διο</span> 
     </span>
    </p>
   </div>
   <div class='ocr_carea' id='block_1_25' title="bbox 445 2212 2082 2299">
    <p class='ocr_par' dir='ltr' id='par_1_25' title="bbox 445 2212 2082 2299">
     <span class='ocr_line' id='line_1_26' title="bbox 445 2212 2082 2299; baseline 0.007 -34"><span class='ocrx_word' id='word_1_177' title='bbox 445 2229 469 2265; x_wconf 75' lang='grc' dir='ltr'>ι</span> <span class='ocrx_word' id='word_1_178' title='bbox 505 2212 766 2281; x_wconf 82' lang='grc' dir='ltr'>οικήσεων</span> <span class='ocrx_word' id='word_1_179' title='bbox 791 2215 878 2270; x_wconf 86' lang='grc' dir='ltr'><strong>καὶ</strong></span> <span class='ocrx_word' id='word_1_180' title='bbox 905 2220 1012 2270; x_wconf 80' lang='grc' dir='ltr'><strong>τῶν</strong></span> <span class='ocrx_word' id='word_1_181' title='bbox 1078 2215 1365 2296; x_wconf 77' lang='grc' dir='ltr'>ἅπανταχῆ</span> <span class='ocrx_word' id='word_1_182' title='bbox 1412 2217 1684 2297; x_wconf 73' lang='grc' dir='ltr'>ἐπαρχιῶν</span> <span class='ocrx_word' id='word_1_183' title='bbox 1737 2218 2082 2299; x_wconf 66' lang='grc' dir='ltr'>φυλαχθήσε-</span> 
     </span>
    </p>
   </div>
   <div class='ocr_carea' id='block_1_26' title="bbox 442 2305 2084 2391">
    <p class='ocr_par' dir='ltr' id='par_1_26' title="bbox 442 2305 2084 2391">
     <span class='ocr_line' id='line_1_27' title="bbox 442 2305 2084 2391; baseline 0.005 -33"><span class='ocrx_word' id='word_1_184' title='bbox 442 2322 466 2358; x_wconf 83' lang='grc' dir='ltr'>(ι</span> <span class='ocrx_word' id='word_1_185' title='bbox 513 2325 621 2373; x_wconf 88' lang='grc' dir='ltr'>ται,</span> <span class='ocrx_word' id='word_1_186' title='bbox 695 2305 829 2363; x_wconf 82' lang='grc' dir='ltr'>ὥστε</span> <span class='ocrx_word' id='word_1_187' title='bbox 881 2307 1080 2382; x_wconf 81' lang='grc' dir='ltr'>μηδένα</span> <span class='ocrx_word' id='word_1_188' title='bbox 1136 2315 1241 2364; x_wconf 63' lang='grc' dir='ltr'>τῶν</span> <span class='ocrx_word' id='word_1_189' title='bbox 1299 2310 1723 2391; x_wconf 72' lang='grc' dir='ltr'>θεοφιλεστάτων</span> <span class='ocrx_word' id='word_1_190' title='bbox 1779 2313 2084 2369; x_wconf 85' lang='grc' dir='ltr'>ἐπισκόπων</span> 
     </span>
    </p>
   </div>
   <div class='ocr_carea' id='block_1_27' title="bbox 443 2389 2083 2482">
    <p class='ocr_par' dir='ltr' id='par_1_27' title="bbox 443 2389 2083 2482">
     <span class='ocr_line' id='line_1_28' title="bbox 443 2389 2083 2482; baseline 0.007 -36"><span class='ocrx_word' id='word_1_191' title='bbox 443 2389 764 2474; x_wconf 78' lang='grc' dir='ltr'>«ἐπαρχίαν</span> <span class='ocrx_word' id='word_1_192' title='bbox 820 2395 1000 2469; x_wconf 80' lang='grc' dir='ltr'>ἑτέραν</span> <span class='ocrx_word' id='word_1_193' title='bbox 1050 2399 1142 2454; x_wconf 69' lang='grc' dir='ltr'>οὒκ</span> <span class='ocrx_word' id='word_1_194' title='bbox 1211 2400 1367 2455; x_wconf 75' lang='grc' dir='ltr'>οὖσαν</span> <span class='ocrx_word' id='word_1_195' title='bbox 1404 2389 1634 2455; x_wconf 22' lang='grc' dir='ltr'>νόἱνωθεν</span> <span class='ocrx_word' id='word_1_196' title='bbox 1701 2401 1794 2457; x_wconf 79' lang='grc' dir='ltr'><strong>καί</strong></span> <span class='ocrx_word' id='word_1_197' title='bbox 1855 2399 2083 2482; x_wconf 78' lang='grc' dir='ltr'>ἐξαρχῆς</span> 
     </span>
    </p>
   </div>
   <div class='ocr_carea' id='block_1_28' title="bbox 448 2482 2087 2569">
    <p class='ocr_par' dir='ltr' id='par_1_28' title="bbox 448 2482 2087 2569">
     <span class='ocr_line' id='line_1_29' title="bbox 448 2482 2087 2569; baseline 0.007 -34"><span class='ocrx_word' id='word_1_198' title='bbox 448 2503 474 2534; x_wconf 74' lang='grc' dir='ltr'><strong>α</strong></span> <span class='ocrx_word' id='word_1_199' title='bbox 519 2482 619 2537; x_wconf 75' lang='grc' dir='ltr'><strong>ὑπὸ</strong></span> <span class='ocrx_word' id='word_1_200' title='bbox 649 2484 746 2550; x_wconf 83' lang='grc' dir='ltr'>τὴν</span> <span class='ocrx_word' id='word_1_201' title='bbox 779 2486 933 2544; x_wconf 65' lang='grc' dir='ltr'>αὑτοῦ</span> <span class='ocrx_word' id='word_1_202' title='bbox 975 2484 1136 2564; x_wconf 71' lang='grc' dir='ltr'>ἤγουν</span> <span class='ocrx_word' id='word_1_203' title='bbox 1192 2490 1299 2542; x_wconf 81' lang='grc' dir='ltr'>τώυ</span> <span class='ocrx_word' id='word_1_204' title='bbox 1324 2487 1423 2563; x_wconf 76' lang='grc' dir='ltr'>πρὸ</span> <span class='ocrx_word' id='word_1_205' title='bbox 1498 2489 1655 2545; x_wconf 72' lang='grc' dir='ltr'>αὒτοῦ</span> <span class='ocrx_word' id='word_1_206' title='bbox 1698 2503 1882 2569; x_wconf 71' lang='grc' dir='ltr'>χεῖρα,</span> <span class='ocrx_word' id='word_1_207' title='bbox 1916 2512 2087 2546; x_wconf 88' lang='grc' dir='ltr'>κατα-</span> 
     </span>
    </p>
   </div>
   <div class='ocr_carea' id='block_1_29' title="bbox 447 2569 2090 2657">
    <p class='ocr_par' dir='ltr' id='par_1_29' title="bbox 447 2569 2090 2657">
     <span class='ocr_line' id='line_1_30' title="bbox 447 2569 2090 2657; baseline 0.005 -32"><span class='ocrx_word' id='word_1_208' title='bbox 447 2591 469 2624; x_wconf 71' lang='grc' dir='ltr'><strong>ε</strong></span> <span class='ocrx_word' id='word_1_209' title='bbox 507 2569 815 2646; x_wconf 82' lang='grc' dir='ltr'>λαμϐάνειν.</span> <span class='ocrx_word' id='word_1_210' title='bbox 847 2572 992 2630; x_wconf 85' lang='grc' dir='ltr'>Ἀλλ’</span> <span class='ocrx_word' id='word_1_211' title='bbox 1026 2576 1069 2630; x_wconf 81' lang='grc' dir='ltr'><strong>εἰ</strong></span> <span class='ocrx_word' id='word_1_212' title='bbox 1099 2577 1185 2631; x_wconf 86' lang='grc' dir='ltr'>καὶ</span> <span class='ocrx_word' id='word_1_213' title='bbox 1212 2598 1292 2638; x_wconf 92' lang='grc' dir='ltr'><strong>τις</strong></span> <span class='ocrx_word' id='word_1_214' title='bbox 1351 2576 1629 2650; x_wconf 81' lang='grc' dir='ltr'>κατέλαϐε,</span> <span class='ocrx_word' id='word_1_215' title='bbox 1688 2579 1776 2635; x_wconf 80' lang='grc' dir='ltr'>καὶ</span> <span class='ocrx_word' id='word_1_216' title='bbox 1833 2579 1918 2657; x_wconf 74' lang='grc' dir='ltr'><strong>ὑφ’</strong></span> <span class='ocrx_word' id='word_1_217' title='bbox 1975 2580 2090 2634; x_wconf 78' lang='grc' dir='ltr'>ἐαυ-</span> 
     </span>
    </p>
   </div>
   <div class='ocr_carea' id='block_1_30' title="bbox 448 2661 2090 2739">
    <p class='ocr_par' dir='ltr' id='par_1_30' title="bbox 448 2661 2090 2739">
     <span class='ocr_line' id='line_1_31' title="bbox 448 2661 2090 2739; baseline 0.007 -27"><span class='ocrx_word' id='word_1_218' title='bbox 448 2679 472 2713; x_wconf 74' lang='grc' dir='ltr'>ι</span> <span class='ocrx_word' id='word_1_219' title='bbox 506 2661 598 2714; x_wconf 75' lang='grc' dir='ltr'>τὸν</span> <span class='ocrx_word' id='word_1_220' title='bbox 627 2663 910 2728; x_wconf 82' lang='grc' dir='ltr'>πεποίηται</span> <span class='ocrx_word' id='word_1_221' title='bbox 960 2663 1293 2739; x_wconf 70' lang='grc' dir='ltr'>βιασάμενος,</span> <span class='ocrx_word' id='word_1_222' title='bbox 1368 2674 1552 2722; x_wconf 73' lang='grc' dir='ltr'>τοῦτου</span> <span class='ocrx_word' id='word_1_223' title='bbox 1608 2665 1928 2737; x_wconf 78' lang='grc' dir='ltr'>ἀποδιδόναι,</span> <span class='ocrx_word' id='word_1_224' title='bbox 1997 2669 2090 2724; x_wconf 71' lang='grc' dir='ltr'>’ίνα</span> 
     </span>
    </p>
   </div>
   <div class='ocr_carea' id='block_1_31' title="bbox 450 2749 2087 2833">
    <p class='ocr_par' dir='ltr' id='par_1_31' title="bbox 450 2749 2087 2833">
     <span class='ocr_line' id='line_1_32' title="bbox 450 2749 2087 2833; baseline 0.005 -28"><span class='ocrx_word' id='word_1_225' title='bbox 450 2767 480 2805; x_wconf 82' lang='grc'><strong>(</strong></span> <span class='ocrx_word' id='word_1_226' title='bbox 513 2749 587 2810; x_wconf 73' lang='grc' dir='ltr'>μή</span> <span class='ocrx_word' id='word_1_227' title='bbox 619 2756 723 2805; x_wconf 83' lang='grc' dir='ltr'>τῶν</span> <span class='ocrx_word' id='word_1_228' title='bbox 769 2750 1014 2830; x_wconf 81' lang='grc' dir='ltr'>Πατέρων</span> <span class='ocrx_word' id='word_1_229' title='bbox 1044 2755 1090 2808; x_wconf 73' lang='grc' dir='ltr'>οἱ</span> <span class='ocrx_word' id='word_1_230' title='bbox 1147 2775 1363 2817; x_wconf 74' lang='grc' dir='ltr'>κανιονες</span> <span class='ocrx_word' id='word_1_231' title='bbox 1432 2753 1880 2833; x_wconf 89' lang='grc' dir='ltr'>παραϐαίνωνται,</span> <span class='ocrx_word' id='word_1_232' title='bbox 1950 2756 2087 2832; x_wconf 74' lang='grc' dir='ltr'>μηδὲ</span> 
     </span>
    </p>
   </div>
   <div class='ocr_carea' id='block_1_32' title="bbox 446 2837 2082 2925">
    <p class='ocr_par' dir='ltr' id='par_1_32' title="bbox 446 2837 2082 2925">
     <span class='ocr_line' id='line_1_33' title="bbox 446 2837 2082 2925; baseline 0.008 -35"><span class='ocrx_word' id='word_1_233' title='bbox 446 2861 472 2890; x_wconf 74' lang='grc' dir='ltr'><strong>α</strong></span> <span class='ocrx_word' id='word_1_234' title='bbox 508 2837 560 2894; x_wconf 85' lang='grc' dir='ltr'><strong>ἐν</strong></span> <span class='ocrx_word' id='word_1_235' title='bbox 592 2839 877 2917; x_wconf 74' lang='grc' dir='ltr'>ἱερουργίλς</span> <span class='ocrx_word' id='word_1_236' title='bbox 950 2843 1318 2921; x_wconf 75' lang='grc' dir='ltr'>προσχήματι,</span> <span class='ocrx_word' id='word_1_237' title='bbox 1381 2843 1611 2910; x_wconf 75' lang='grc' dir='ltr'>ἐξουσίας</span> <span class='ocrx_word' id='word_1_238' title='bbox 1679 2852 1837 2925; x_wconf 74' lang='grc' dir='ltr'>τῦφος</span> <span class='ocrx_word' id='word_1_239' title='bbox 1887 2868 2082 2922; x_wconf 90' lang='grc' dir='ltr'>κοσμι-</span> 
     </span>
    </p>
   </div>
   <div class='ocr_carea' id='block_1_33' title="bbox 452 2927 2087 3014">
    <p class='ocr_par' dir='ltr' id='par_1_33' title="bbox 452 2927 2087 3014">
     <span class='ocr_line' id='line_1_34' title="bbox 452 2927 2087 3014; baseline 0.005 -33"><span class='ocrx_word' id='word_1_240' title='bbox 452 2949 479 2980; x_wconf 72' lang='grc' dir='ltr'>ι</span> <span class='ocrx_word' id='word_1_241' title='bbox 513 2928 605 2990; x_wconf 78' lang='grc' dir='ltr'><strong>κὸς</strong></span> <span class='ocrx_word' id='word_1_242' title='bbox 665 2927 1060 3009; x_wconf 80' lang='grc' dir='ltr'>παρεισδόηται,</span> <span class='ocrx_word' id='word_1_243' title='bbox 1123 2928 1258 3006; x_wconf 78' lang='grc' dir='ltr'>μηδὲ</span> <span class='ocrx_word' id='word_1_244' title='bbox 1335 2932 1576 3008; x_wconf 76' lang='grc' dir='ltr'>λάθωμεν</span> <span class='ocrx_word' id='word_1_245' title='bbox 1643 2935 1741 3001; x_wconf 74' lang='grc' dir='ltr'><strong>τὴν</strong></span> <span class='ocrx_word' id='word_1_246' title='bbox 1797 2933 2087 3014; x_wconf 80' lang='grc' dir='ltr'>ἐλευθεριαν</span> 
     </span>
    </p>
   </div>
   <div class='ocr_carea' id='block_1_34' title="bbox 451 3018 2086 3102">
    <p class='ocr_par' dir='ltr' id='par_1_34' title="bbox 451 3018 2086 3102">
     <span class='ocr_line' id='line_1_35' title="bbox 451 3018 2086 3102; baseline 0.007 -33"><span class='ocrx_word' id='word_1_247' title='bbox 451 3037 478 3068; x_wconf 77' lang='grc' dir='ltr'><strong>α</strong></span> <span class='ocrx_word' id='word_1_248' title='bbox 543 3018 864 3091; x_wconf 83' lang='grc' dir='ltr'>κατὸμικρὸν</span> <span class='ocrx_word' id='word_1_249' title='bbox 910 3018 1288 3090; x_wconf 80' lang='grc' dir='ltr'>ἀπολέσαντες,</span> <span class='ocrx_word' id='word_1_250' title='bbox 1343 3025 1410 3088; x_wconf 79' lang='grc' dir='ltr'>ἦν</span> <span class='ocrx_word' id='word_1_251' title='bbox 1461 3023 1598 3095; x_wconf 73' lang='grc' dir='ltr'>ἡμῖν</span> <span class='ocrx_word' id='word_1_252' title='bbox 1657 3021 1957 3102; x_wconf 82' lang='grc' dir='ltr'>ἐδωρήσατο</span> <span class='ocrx_word' id='word_1_253' title='bbox 2011 3033 2086 3100; x_wconf 85' lang='grc' dir='ltr'>τῷ</span> 
     </span>
    </p>
   </div>
   <div class='ocr_carea' id='block_1_35' title="bbox 2164 525 3810 607">
    <p class='ocr_par' dir='ltr' id='par_1_35' title="bbox 2164 525 3810 607">
     <span class='ocr_line' id='line_1_36' title="bbox 2164 525 3810 607; baseline 0.001 -21"><span class='ocrx_word' id='word_1_254' title='bbox 2164 534 2362 587; x_wconf 88' lang='lat' dir='ltr'><strong>sancta</strong></span> <span class='ocrx_word' id='word_1_255' title='bbox 2393 535 2450 586; x_wconf 92' lang='lat' dir='ltr'><strong>et</strong></span> <span class='ocrx_word' id='word_1_256' title='bbox 2497 525 2817 588; x_wconf 84' lang='lat' dir='ltr'><strong>universali</strong></span> <span class='ocrx_word' id='word_1_257' title='bbox 2851 525 3024 586; x_wconf 88' lang='lat' dir='ltr'><strong>tertia</strong></span> <span class='ocrx_word' id='word_1_258' title='bbox 3049 527 3271 607; x_wconf 87' lang='lat' dir='ltr'><strong>synodo</strong></span> <span class='ocrx_word' id='word_1_259' title='bbox 3302 527 3623 606; x_wconf 67' lang='lat' dir='ltr'><strong>quaesitum</strong></span> <span class='ocrx_word' id='word_1_260' title='bbox 3657 525 3810 588; x_wconf 81' lang='lat' dir='ltr'><strong>fuis-</strong></span> 
     </span>
    </p>
   </div>
   <div class='ocr_carea' id='block_1_36' title="bbox 2165 614 3806 678">
    <p class='ocr_par' dir='ltr' id='par_1_36' title="bbox 2165 614 3806 678">
     <span class='ocr_line' id='line_1_37' title="bbox 2165 614 3806 678; baseline 0 -2"><span class='ocrx_word' id='word_1_261' title='bbox 2165 622 2303 678; x_wconf 85' lang='lat' dir='ltr'><strong>set:</strong></span> <span class='ocrx_word' id='word_1_262' title='bbox 2357 615 2651 676; x_wconf 78' lang='lat' dir='ltr'><strong>sententia</strong></span> <span class='ocrx_word' id='word_1_263' title='bbox 2701 614 2967 674; x_wconf 89' lang='lat' dir='ltr'><strong>divorum</strong></span> <span class='ocrx_word' id='word_1_264' title='bbox 3029 617 3260 676; x_wconf 90' lang='lat' dir='ltr'><strong>Patrum</strong></span> <span class='ocrx_word' id='word_1_265' title='bbox 3339 614 3495 675; x_wconf 87' lang='lat' dir='ltr'><strong>edita</strong></span> <span class='ocrx_word' id='word_1_266' title='bbox 3551 622 3641 676; x_wconf 89' lang='lat' dir='ltr'><strong>est</strong></span> <span class='ocrx_word' id='word_1_267' title='bbox 3696 614 3806 676; x_wconf 89' lang='lat' dir='ltr'><strong>hu-</strong></span> 
     </span>
    </p>
   </div>
   <div class='ocr_carea' id='block_1_37' title="bbox 2160 702 3804 782">
    <p class='ocr_par' dir='ltr' id='par_1_37' title="bbox 2160 702 3804 782">
     <span class='ocr_line' id='line_1_38' title="bbox 2160 702 3804 782; baseline 0 -19"><span class='ocrx_word' id='word_1_268' title='bbox 2160 703 2453 782; x_wconf 90' lang='lat' dir='ltr'><strong>jusmodi,</strong></span> <span class='ocrx_word' id='word_1_269' title='bbox 2487 703 2658 764; x_wconf 89' lang='lat' dir='ltr'><strong>sicuti</strong></span> <span class='ocrx_word' id='word_1_270' title='bbox 2681 721 2868 764; x_wconf 92' lang='lat' dir='ltr'><strong>canon</strong></span> <span class='ocrx_word' id='word_1_271' title='bbox 2903 702 3127 764; x_wconf 88' lang='lat' dir='ltr'><strong>eisdem</strong></span> <span class='ocrx_word' id='word_1_272' title='bbox 3190 703 3476 782; x_wconf 88' lang='lat' dir='ltr'><strong>septimus</strong></span> <span class='ocrx_word' id='word_1_273' title='bbox 3507 702 3804 765; x_wconf 89' lang='lat' dir='ltr'><strong>declarat:</strong></span> 
     </span>
    </p>
   </div>
   <div class='ocr_carea' id='block_1_38' title="bbox 2173 791 3809 872">
    <p class='ocr_par' dir='ltr' id='par_1_38' title="bbox 2173 791 3809 872">
     <span class='ocr_line' id='line_1_39' title="bbox 2173 791 3809 872; baseline 0.001 -20"><span class='ocrx_word' id='word_1_274' title='bbox 2173 817 2196 846; x_wconf 74' lang='grc' dir='ltr'>«ι</span> <span class='ocrx_word' id='word_1_275' title='bbox 2232 791 2378 853; x_wconf 84' lang='lat' dir='ltr'><strong>Rem</strong></span> <span class='ocrx_word' id='word_1_276' title='bbox 2415 810 2543 871; x_wconf 73' lang='lat' dir='ltr'><strong>quae</strong></span> <span class='ocrx_word' id='word_1_277' title='bbox 2565 811 2716 853; x_wconf 88' lang='lat' dir='ltr'><strong>novo</strong></span> <span class='ocrx_word' id='word_1_278' title='bbox 2737 810 2903 852; x_wconf 91' lang='lat' dir='ltr'><strong>more</strong></span> <span class='ocrx_word' id='word_1_279' title='bbox 2929 798 3142 872; x_wconf 82' lang='lat' dir='ltr'><strong>praeter</strong></span> <span class='ocrx_word' id='word_1_280' title='bbox 3164 791 3328 869; x_wconf 77' lang='lat' dir='ltr'><strong>leges</strong></span> <span class='ocrx_word' id='word_1_281' title='bbox 3353 791 3809 863; x_wconf 87' lang='lat' dir='ltr'><strong>ecclesiasticas,</strong></span> 
     </span>
    </p>
   </div>
   <div class='ocr_carea' id='block_1_39' title="bbox 2170 879 3810 954">
    <p class='ocr_par' dir='ltr' id='par_1_39' title="bbox 2170 879 3810 954">
     <span class='ocr_line' id='line_1_40' title="bbox 2170 879 3810 954; baseline 0.002 -15"><span class='ocrx_word' id='word_1_282' title='bbox 2170 900 2198 939; x_wconf 83' lang='grc'><strong>(</strong></span> <span class='ocrx_word' id='word_1_283' title='bbox 2236 887 2294 940; x_wconf 91' lang='lat' dir='ltr'><strong>et</strong></span> <span class='ocrx_word' id='word_1_284' title='bbox 2323 887 2666 941; x_wconf 89' lang='lat' dir='ltr'><strong>sanctorum</strong></span> <span class='ocrx_word' id='word_1_285' title='bbox 2700 883 2931 940; x_wconf 88' lang='lat' dir='ltr'><strong>Patrum</strong></span> <span class='ocrx_word' id='word_1_286' title='bbox 2979 898 3236 940; x_wconf 90' lang='lat' dir='ltr'><strong>canones</strong></span> <span class='ocrx_word' id='word_1_287' title='bbox 3268 879 3622 954; x_wconf 72' lang='lat' dir='ltr'><strong>admittitur,</strong></span> <span class='ocrx_word' id='word_1_288' title='bbox 3677 900 3810 942; x_wconf 92' lang='lat' dir='ltr'><strong>om-</strong></span> 
     </span>
    </p>
   </div>
   <div class='ocr_carea' id='block_1_40' title="bbox 2173 967 3809 1049">
    <p class='ocr_par' dir='ltr' id='par_1_40' title="bbox 2173 967 3809 1049">
     <span class='ocr_line' id='line_1_41' title="bbox 2173 967 3809 1049; baseline 0.002 -22"><span class='ocrx_word' id='word_1_289' title='bbox 2173 989 2196 1019; x_wconf 75' lang='grc' dir='ltr'>α</span> <span class='ocrx_word' id='word_1_290' title='bbox 2233 968 2514 1049; x_wconf 88' lang='lat' dir='ltr'><strong>niumque</strong></span> <span class='ocrx_word' id='word_1_291' title='bbox 2540 969 2873 1030; x_wconf 88' lang='lat' dir='ltr'><strong>libertatem</strong></span> <span class='ocrx_word' id='word_1_292' title='bbox 2899 969 3102 1047; x_wconf 80' lang='lat' dir='ltr'><strong>tangit,</strong></span> <span class='ocrx_word' id='word_1_293' title='bbox 3125 967 3408 1028; x_wconf 89' lang='lat' dir='ltr'><strong>nuntiavit</strong></span> <span class='ocrx_word' id='word_1_294' title='bbox 3432 967 3809 1046; x_wconf 79' lang='lat' dir='ltr'><strong>religiosissi-</strong></span> 
     </span>
    </p>
   </div>
   <div class='ocr_carea' id='block_1_41' title="bbox 2173 1055 3808 1137">
    <p class='ocr_par' dir='ltr' id='par_1_41' title="bbox 2173 1055 3808 1137">
     <span class='ocr_line' id='line_1_42' title="bbox 2173 1055 3808 1137; baseline 0.004 -25"><span class='ocrx_word' id='word_1_295' title='bbox 2173 1077 2197 1111; x_wconf 73' lang='grc' dir='ltr'><strong>ι</strong></span> <span class='ocrx_word' id='word_1_296' title='bbox 2235 1074 2363 1116; x_wconf 86' lang='lat' dir='ltr'><strong>mus</strong></span> <span class='ocrx_word' id='word_1_297' title='bbox 2392 1058 2704 1137; x_wconf 90' lang='lat' dir='ltr'><strong>episcopus</strong></span> <span class='ocrx_word' id='word_1_298' title='bbox 2737 1058 3016 1132; x_wconf 83' lang='lat' dir='ltr'><strong>Reginus,</strong></span> <span class='ocrx_word' id='word_1_299' title='bbox 3044 1057 3216 1135; x_wconf 87' lang='lat' dir='ltr'><strong>eique</strong></span> <span class='ocrx_word' id='word_1_300' title='bbox 3232 1055 3496 1134; x_wconf 86' lang='lat' dir='ltr'><strong>adjuncti</strong></span> <span class='ocrx_word' id='word_1_301' title='bbox 3526 1075 3808 1119; x_wconf 83' lang='lat' dir='ltr'><strong>reveren-</strong></span> 
     </span>
    </p>
   </div>
   <div class='ocr_carea' id='block_1_42' title="bbox 2174 1144 3809 1228">
    <p class='ocr_par' dir='ltr' id='par_1_42' title="bbox 2174 1144 3809 1228">
     <span class='ocr_line' id='line_1_43' title="bbox 2174 1144 3809 1228; baseline 0.002 -24"><span class='ocrx_word' id='word_1_302' title='bbox 2174 1144 2464 1206; x_wconf 73' lang='lat' dir='ltr'><strong>(dissimi</strong></span> <span class='ocrx_word' id='word_1_303' title='bbox 2514 1146 2780 1226; x_wconf 85' lang='lat' dir='ltr'><strong>episcOpi</strong></span> <span class='ocrx_word' id='word_1_304' title='bbox 2840 1146 3156 1226; x_wconf 72' lang='lat' dir='ltr'><strong>provinciae</strong></span> <span class='ocrx_word' id='word_1_305' title='bbox 3220 1146 3593 1228; x_wconf 80' lang='lat' dir='ltr'><strong>Cypriorum,</strong></span> <span class='ocrx_word' id='word_1_306' title='bbox 3653 1146 3809 1208; x_wconf 91' lang='lat' dir='ltr'><strong>Zeno</strong></span> 
     </span>
    </p>
   </div>
   <div class='ocr_carea' id='block_1_43' title="bbox 2174 1234 3810 1314">
    <p class='ocr_par' dir='ltr' id='par_1_43' title="bbox 2174 1234 3810 1314">
     <span class='ocr_line' id='line_1_44' title="bbox 2174 1234 3810 1314; baseline 0.005 -26"><span class='ocrx_word' id='word_1_307' title='bbox 2174 1257 2195 1288; x_wconf 72' lang='grc' dir='ltr'><strong>ε</strong></span> <span class='ocrx_word' id='word_1_308' title='bbox 2215 1241 2402 1314; x_wconf 74' lang='lat' dir='ltr'><strong>Mque</strong></span> <span class='ocrx_word' id='word_1_309' title='bbox 2426 1235 2706 1312; x_wconf 81' lang='lat' dir='ltr'><strong>Evagrius</strong></span> <span class='ocrx_word' id='word_1_310' title='bbox 2744 1234 3078 1297; x_wconf 72' lang='lat' dir='ltr'><strong>Undecqu</strong></span> <span class='ocrx_word' id='word_1_311' title='bbox 3105 1234 3297 1295; x_wconf 91' lang='lat' dir='ltr'><strong>morbi</strong></span> <span class='ocrx_word' id='word_1_312' title='bbox 3318 1253 3664 1296; x_wconf 89' lang='lat' dir='ltr'><strong>communes</strong></span> <span class='ocrx_word' id='word_1_313' title='bbox 3682 1255 3810 1297; x_wconf 92' lang='lat' dir='ltr'><strong>ma-</strong></span> 
     </span>
    </p>
   </div>
   <div class='ocr_carea' id='block_1_44' title="bbox 2172 1322 3814 1405">
    <p class='ocr_par' dir='ltr' id='par_1_44' title="bbox 2172 1322 3814 1405">
     <span class='ocr_line' id='line_1_45' title="bbox 2172 1322 3814 1405; baseline 0.006 -28"><span class='ocrx_word' id='word_1_314' title='bbox 2172 1322 2378 1402; x_wconf 69' lang='lat' dir='ltr'><strong>«joris</strong></span> <span class='ocrx_word' id='word_1_315' title='bbox 2403 1325 2727 1386; x_wconf 80' lang='lat' dir='ltr'><strong>curationis</strong></span> <span class='ocrx_word' id='word_1_316' title='bbox 2784 1333 3022 1402; x_wconf 83' lang='lat' dir='ltr'><strong>egeant,</strong></span> <span class='ocrx_word' id='word_1_317' title='bbox 3054 1330 3121 1383; x_wconf 93' lang='lat' dir='ltr'><strong>ut</strong></span> <span class='ocrx_word' id='word_1_318' title='bbox 3183 1323 3285 1403; x_wconf 89' lang='lat' dir='ltr'><strong>qui</strong></span> <span class='ocrx_word' id='word_1_319' title='bbox 3336 1324 3525 1402; x_wconf 89' lang='lat' dir='ltr'><strong>majus</strong></span> <span class='ocrx_word' id='word_1_320' title='bbox 3577 1343 3814 1405; x_wconf 86' lang='lat' dir='ltr'><strong>quoque</strong></span> 
     </span>
    </p>
   </div>
   <div class='ocr_carea' id='block_1_45' title="bbox 2173 1410 3812 1493">
    <p class='ocr_par' dir='ltr' id='par_1_45' title="bbox 2173 1410 3812 1493">
     <span class='ocr_line' id='line_1_46' title="bbox 2173 1410 3812 1493; baseline 0.003 -23"><span class='ocrx_word' id='word_1_321' title='bbox 2173 1431 2202 1470; x_wconf 71' lang='grc' dir='ltr'><strong>ε</strong></span> <span class='ocrx_word' id='word_1_322' title='bbox 2233 1410 2510 1472; x_wconf 88' lang='lat' dir='ltr'><strong>damnum</strong></span> <span class='ocrx_word' id='word_1_323' title='bbox 2528 1412 3075 1492; x_wconf 75' lang='lat' dir='ltr'><strong>fcrant,pr:esertim</strong></span> <span class='ocrx_word' id='word_1_324' title='bbox 3100 1411 3149 1472; x_wconf 92' lang='lat' dir='ltr'><strong>si</strong></span> <span class='ocrx_word' id='word_1_325' title='bbox 3173 1429 3366 1492; x_wconf 91' lang='lat' dir='ltr'><strong>neque</strong></span> <span class='ocrx_word' id='word_1_326' title='bbox 3390 1430 3516 1472; x_wconf 92' lang='lat' dir='ltr'><strong>mos</strong></span> <span class='ocrx_word' id='word_1_327' title='bbox 3537 1413 3812 1493; x_wconf 90' lang='lat' dir='ltr'><strong>antiquus</strong></span> 
     </span>
    </p>
   </div>
   <div class='ocr_carea' id='block_1_46' title="bbox 2173 1499 3806 1580">
    <p class='ocr_par' dir='ltr' id='par_1_46' title="bbox 2173 1499 3806 1580">
     <span class='ocr_line' id='line_1_47' title="bbox 2173 1499 3806 1580; baseline 0.001 -19"><span class='ocrx_word' id='word_1_328' title='bbox 2173 1522 2194 1554; x_wconf 73' lang='grc' dir='ltr'><strong><em>α</em></strong></span> <span class='ocrx_word' id='word_1_329' title='bbox 2233 1503 2574 1574; x_wconf 85' lang='lat' dir='ltr'><strong>accesserit,</strong></span> <span class='ocrx_word' id='word_1_330' title='bbox 2611 1511 2670 1561; x_wconf 91' lang='lat' dir='ltr'><strong>ut</strong></span> <span class='ocrx_word' id='word_1_331' title='bbox 2701 1501 3016 1580; x_wconf 85' lang='lat' dir='ltr'><strong>episcopus</strong></span> <span class='ocrx_word' id='word_1_332' title='bbox 3045 1499 3210 1562; x_wconf 85' lang='lat' dir='ltr'><strong>urbis</strong></span> <span class='ocrx_word' id='word_1_333' title='bbox 3258 1499 3611 1562; x_wconf 72' lang='lat' dir='ltr'><strong>Antioheuze</strong></span> <span class='ocrx_word' id='word_1_334' title='bbox 3639 1502 3806 1562; x_wconf 88' lang='lat' dir='ltr'><strong>ordi-</strong></span> 
     </span>
    </p>
   </div>
   <div class='ocr_carea' id='block_1_47' title="bbox 2174 1588 3807 1670">
    <p class='ocr_par' dir='ltr' id='par_1_47' title="bbox 2174 1588 3807 1670">
     <span class='ocr_line' id='line_1_48' title="bbox 2174 1588 3807 1670; baseline 0.003 -25"><span class='ocrx_word' id='word_1_335' title='bbox 2174 1610 2197 1645; x_wconf 73' lang='grc' dir='ltr'><strong>ι</strong></span> <span class='ocrx_word' id='word_1_336' title='bbox 2237 1589 2506 1650; x_wconf 79' lang='lat' dir='ltr'><strong>nationes</strong></span> <span class='ocrx_word' id='word_1_337' title='bbox 2536 1590 2593 1650; x_wconf 91' lang='lat' dir='ltr'><strong>in</strong></span> <span class='ocrx_word' id='word_1_338' title='bbox 2627 1589 2812 1670; x_wconf 81' lang='lat' dir='ltr'><strong>Cypro</strong></span> <span class='ocrx_word' id='word_1_339' title='bbox 2847 1589 3041 1663; x_wconf 79' lang='lat' dir='ltr'><strong>faciat,</strong></span> <span class='ocrx_word' id='word_1_340' title='bbox 3076 1588 3577 1669; x_wconf 83' lang='lat' dir='ltr'><strong>quemadmodum</strong></span> <span class='ocrx_word' id='word_1_341' title='bbox 3596 1608 3701 1668; x_wconf 91' lang='lat' dir='ltr'><strong>per</strong></span> <span class='ocrx_word' id='word_1_342' title='bbox 3731 1590 3807 1650; x_wconf 92' lang='lat' dir='ltr'><strong>li-</strong></span> 
     </span>
    </p>
   </div>
   <div class='ocr_carea' id='block_1_48' title="bbox 2174 1677 3812 1740">
    <p class='ocr_par' dir='ltr' id='par_1_48' title="bbox 2174 1677 3812 1740">
     <span class='ocr_line' id='line_1_49' title="bbox 2174 1677 3812 1740; baseline 0.005 -8"><span class='ocrx_word' id='word_1_343' title='bbox 2174 1701 2200 1732; x_wconf 84' lang='grc' dir='ltr'><strong>σ</strong></span> <span class='ocrx_word' id='word_1_344' title='bbox 2234 1677 2420 1738; x_wconf 91' lang='lat' dir='ltr'><strong>bellos</strong></span> <span class='ocrx_word' id='word_1_345' title='bbox 2453 1688 2506 1739; x_wconf 89' lang='lat' dir='ltr'><strong>et</strong></span> <span class='ocrx_word' id='word_1_346' title='bbox 2537 1681 2835 1740; x_wconf 89' lang='lat' dir='ltr'><strong>orationes</strong></span> <span class='ocrx_word' id='word_1_347' title='bbox 2857 1679 3261 1739; x_wconf 89' lang='lat' dir='ltr'><strong>suasdocuere</strong></span> <span class='ocrx_word' id='word_1_348' title='bbox 3293 1677 3399 1737; x_wconf 92' lang='lat' dir='ltr'><strong>viri</strong></span> <span class='ocrx_word' id='word_1_349' title='bbox 3441 1679 3812 1740; x_wconf 89' lang='lat' dir='ltr'><strong>reverendis-</strong></span> 
     </span>
    </p>
   </div>
   <div class='ocr_carea' id='block_1_49' title="bbox 2111 1766 3806 1847">
    <p class='ocr_par' dir='ltr' id='par_1_49' title="bbox 2111 1766 3806 1847">
     <span class='ocr_line' id='line_1_50' title="bbox 2111 1766 3806 1847; baseline 0.005 -27"><span class='ocrx_word' id='word_1_350' title='bbox 2111 1770 2202 1820; x_wconf 78' lang='lat' dir='ltr'><strong>B«</strong></span> <span class='ocrx_word' id='word_1_351' title='bbox 2237 1767 2394 1840; x_wconf 90' lang='lat' dir='ltr'><strong>simi,</strong></span> <span class='ocrx_word' id='word_1_352' title='bbox 2455 1768 2554 1847; x_wconf 92' lang='lat' dir='ltr'><strong>qui</strong></span> <span class='ocrx_word' id='word_1_353' title='bbox 2612 1768 2927 1829; x_wconf 83' lang='lat' dir='ltr'><strong>concilium</strong></span> <span class='ocrx_word' id='word_1_354' title='bbox 3006 1767 3117 1828; x_wconf 91' lang='lat' dir='ltr'><strong>hoc</strong></span> <span class='ocrx_word' id='word_1_355' title='bbox 3175 1766 3415 1827; x_wconf 92' lang='lat' dir='ltr'><strong>nomine</strong></span> <span class='ocrx_word' id='word_1_356' title='bbox 3480 1767 3806 1845; x_wconf 90' lang='lat' dir='ltr'><strong>adierunt;</strong></span> 
     </span>
    </p>
   </div>
   <div class='ocr_carea' id='block_1_50' title="bbox 2177 1854 3808 1934">
    <p class='ocr_par' dir='ltr' id='par_1_50' title="bbox 2177 1854 3808 1934">
     <span class='ocr_line' id='line_1_51' title="bbox 2177 1854 3808 1934; baseline 0.005 -24"><span class='ocrx_word' id='word_1_357' title='bbox 2177 1879 2202 1909; x_wconf 75' lang='grc' dir='ltr'><strong>α</strong></span> <span class='ocrx_word' id='word_1_358' title='bbox 2232 1854 2664 1916; x_wconf 86' lang='lat' dir='ltr'><strong>immunitatem</strong></span> <span class='ocrx_word' id='word_1_359' title='bbox 2699 1857 2771 1918; x_wconf 91' lang='lat' dir='ltr'><strong>ab</strong></span> <span class='ocrx_word' id='word_1_360' title='bbox 2797 1856 2958 1917; x_wconf 92' lang='lat' dir='ltr'><strong>omni</strong></span> <span class='ocrx_word' id='word_1_361' title='bbox 2991 1854 3291 1916; x_wconf 89' lang='lat' dir='ltr'><strong>habebunt</strong></span> <span class='ocrx_word' id='word_1_362' title='bbox 3324 1855 3540 1934; x_wconf 84' lang='lat' dir='ltr'><strong>injuria</strong></span> <span class='ocrx_word' id='word_1_363' title='bbox 3569 1868 3628 1916; x_wconf 83' lang='lat' dir='ltr'><strong>et</strong></span> <span class='ocrx_word' id='word_1_364' title='bbox 3681 1858 3808 1918; x_wconf 90' lang='lat' dir='ltr'><strong>vio-</strong></span> 
     </span>
    </p>
   </div>
   <div class='ocr_carea' id='block_1_51' title="bbox 2175 1943 3806 2023">
    <p class='ocr_par' dir='ltr' id='par_1_51' title="bbox 2175 1943 3806 2023">
     <span class='ocr_line' id='line_1_52' title="bbox 2175 1943 3806 2023; baseline 0.004 -23"><span class='ocrx_word' id='word_1_365' title='bbox 2175 1969 2202 1999; x_wconf 76' lang='grc' dir='ltr'><strong>α</strong></span> <span class='ocrx_word' id='word_1_366' title='bbox 2242 1944 2423 2004; x_wconf 89' lang='lat' dir='ltr'><strong>lentio</strong></span> <span class='ocrx_word' id='word_1_367' title='bbox 2438 1953 2662 2006; x_wconf 75' lang='lat' dir='ltr'><strong>sancto:</strong></span> <span class='ocrx_word' id='word_1_368' title='bbox 2684 1965 2780 2006; x_wconf 92' lang='lat' dir='ltr'><strong>um</strong></span> <span class='ocrx_word' id='word_1_369' title='bbox 2798 1944 3422 2023; x_wconf 73' lang='lat' dir='ltr'><strong>ecclesiarum,quaain</strong></span> <span class='ocrx_word' id='word_1_370' title='bbox 3437 1943 3624 2023; x_wconf 81' lang='lat' dir='ltr'><strong>Cypro</strong></span> <span class='ocrx_word' id='word_1_371' title='bbox 3648 1956 3806 2021; x_wconf 90' lang='lat' dir='ltr'><strong>sunt,</strong></span> 
     </span>
    </p>
   </div>
   <div class='ocr_carea' id='block_1_52' title="bbox 2177 2032 3810 2113">
    <p class='ocr_par' dir='ltr' id='par_1_52' title="bbox 2177 2032 3810 2113">
     <span class='ocr_line' id='line_1_53' title="bbox 2177 2032 3810 2113; baseline 0.001 -22"><span class='ocrx_word' id='word_1_372' title='bbox 2177 2053 2204 2091; x_wconf 83' lang='grc'><strong>‹</strong></span> <span class='ocrx_word' id='word_1_373' title='bbox 2239 2032 2881 2113; x_wconf 65' lang='lat' dir='ltr'><strong>praesides,secundum</strong></span> <span class='ocrx_word' id='word_1_374' title='bbox 2902 2050 3162 2094; x_wconf 86' lang='lat' dir='ltr'><strong>canones</strong></span> <span class='ocrx_word' id='word_1_375' title='bbox 3186 2040 3526 2092; x_wconf 88' lang='lat' dir='ltr'><strong>sanctorum</strong></span> <span class='ocrx_word' id='word_1_376' title='bbox 3547 2034 3810 2110; x_wconf 84' lang='lat' dir='ltr'><strong>Patrum,</strong></span> 
     </span>
    </p>
   </div>
   <div class='ocr_carea' id='block_1_53' title="bbox 2175 2119 3807 2202">
    <p class='ocr_par' dir='ltr' id='par_1_53' title="bbox 2175 2119 3807 2202">
     <span class='ocr_line' id='line_1_54' title="bbox 2175 2119 3807 2202; baseline 0.001 -19"><span class='ocrx_word' id='word_1_377' title='bbox 2175 2145 2202 2176; x_wconf 79' lang='grc' dir='ltr'><strong>α</strong></span> <span class='ocrx_word' id='word_1_378' title='bbox 2233 2127 2291 2183; x_wconf 93' lang='lat' dir='ltr'><strong>et</strong></span> <span class='ocrx_word' id='word_1_379' title='bbox 2320 2121 2617 2202; x_wconf 89' lang='lat' dir='ltr'><strong>antiqnam</strong></span> <span class='ocrx_word' id='word_1_380' title='bbox 2639 2119 3154 2198; x_wconf 75' lang='lat' dir='ltr'><strong>consuetudinem,</strong></span> <span class='ocrx_word' id='word_1_381' title='bbox 3183 2139 3288 2200; x_wconf 91' lang='lat' dir='ltr'><strong>per</strong></span> <span class='ocrx_word' id='word_1_382' title='bbox 3308 2121 3536 2200; x_wconf 90' lang='lat' dir='ltr'><strong>seipsos</strong></span> <span class='ocrx_word' id='word_1_383' title='bbox 3561 2121 3807 2184; x_wconf 86' lang='lat' dir='ltr'><strong>ordina-</strong></span> 
     </span>
    </p>
   </div>
   <div class='ocr_carea' id='block_1_54' title="bbox 2173 2209 3804 2290">
    <p class='ocr_par' dir='ltr' id='par_1_54' title="bbox 2173 2209 3804 2290">
     <span class='ocr_line' id='line_1_55' title="bbox 2173 2209 3804 2290; baseline 0.002 -20"><span class='ocrx_word' id='word_1_384' title='bbox 2173 2211 3044 2272; x_wconf 76' lang='lat' dir='ltr'><strong>(tionesreverendissimorum</strong></span> <span class='ocrx_word' id='word_1_385' title='bbox 3066 2210 3477 2290; x_wconf 87' lang='lat' dir='ltr'><strong>episcoporum</strong></span> <span class='ocrx_word' id='word_1_386' title='bbox 3497 2209 3804 2274; x_wconf 79' lang='lat' dir='ltr'><strong>facientes.</strong></span> 
     </span>
    </p>
   </div>
   <div class='ocr_carea' id='block_1_55' title="bbox 2173 2297 3802 2377">
    <p class='ocr_par' dir='ltr' id='par_1_55' title="bbox 2173 2297 3802 2377">
     <span class='ocr_line' id='line_1_56' title="bbox 2173 2297 3802 2377; baseline -0.001 -15"><span class='ocrx_word' id='word_1_387' title='bbox 2173 2323 2200 2354; x_wconf 72' lang='grc' dir='ltr'>ι</span> <span class='ocrx_word' id='word_1_388' title='bbox 2234 2301 2397 2362; x_wconf 88' lang='lat' dir='ltr'><strong>Idem</strong></span> <span class='ocrx_word' id='word_1_389' title='bbox 2429 2318 2566 2360; x_wconf 88' lang='lat' dir='ltr'><strong>vero</strong></span> <span class='ocrx_word' id='word_1_390' title='bbox 2599 2309 2657 2362; x_wconf 90' lang='lat' dir='ltr'><strong>et</strong></span> <span class='ocrx_word' id='word_1_391' title='bbox 2682 2301 2740 2360; x_wconf 91' lang='lat' dir='ltr'><strong>in</strong></span> <span class='ocrx_word' id='word_1_392' title='bbox 2773 2299 2904 2361; x_wconf 89' lang='lat' dir='ltr'><strong>aliis</strong></span> <span class='ocrx_word' id='word_1_393' title='bbox 2953 2299 3312 2360; x_wconf 72' lang='lat' dir='ltr'><strong>dimcesibus</strong></span> <span class='ocrx_word' id='word_1_394' title='bbox 3343 2297 3802 2377; x_wconf 88' lang='lat' dir='ltr'><strong>provinciarum,</strong></span> 
     </span>
    </p>
   </div>
   <div class='ocr_carea' id='block_1_56' title="bbox 2174 2387 3806 2468">
    <p class='ocr_par' dir='ltr' id='par_1_56' title="bbox 2174 2387 3806 2468">
     <span class='ocr_line' id='line_1_57' title="bbox 2174 2387 3806 2468; baseline 0.002 -21"><span class='ocrx_word' id='word_1_395' title='bbox 2174 2409 2201 2447; x_wconf 84' lang='grc'><strong>‹</strong></span> <span class='ocrx_word' id='word_1_396' title='bbox 2234 2407 2363 2467; x_wconf 64' lang='lat' dir='ltr'><strong>qua;</strong></span> <span class='ocrx_word' id='word_1_397' title='bbox 2393 2389 2614 2468; x_wconf 87' lang='lat' dir='ltr'><strong>ubique</strong></span> <span class='ocrx_word' id='word_1_398' title='bbox 2642 2397 2799 2458; x_wconf 90' lang='lat' dir='ltr'><strong>sunt,</strong></span> <span class='ocrx_word' id='word_1_399' title='bbox 2829 2389 3268 2467; x_wconf 67' lang='lat' dir='ltr'><strong>observabitur:</strong></span> <span class='ocrx_word' id='word_1_400' title='bbox 3325 2405 3387 2447; x_wconf 86' lang='lat' dir='ltr'><strong>ut</strong></span> <span class='ocrx_word' id='word_1_401' title='bbox 3433 2387 3631 2450; x_wconf 91' lang='lat' dir='ltr'><strong>nullus</strong></span> <span class='ocrx_word' id='word_1_402' title='bbox 3659 2390 3806 2450; x_wconf 90' lang='lat' dir='ltr'><strong>reli-</strong></span> 
     </span>
    </p>
   </div>
   <div class='ocr_carea' id='block_1_57' title="bbox 2179 2475 3804 2558">
    <p class='ocr_par' dir='ltr' id='par_1_57' title="bbox 2179 2475 3804 2558">
     <span class='ocr_line' id='line_1_58' title="bbox 2179 2475 3804 2558; baseline 0.004 -26"><span class='ocrx_word' id='word_1_403' title='bbox 2179 2477 2682 2556; x_wconf 85' lang='lat' dir='ltr'><strong>«giosissimorum</strong></span> <span class='ocrx_word' id='word_1_404' title='bbox 2699 2481 3108 2558; x_wconf 83' lang='lat' dir='ltr'><strong>episcoporum</strong></span> <span class='ocrx_word' id='word_1_405' title='bbox 3135 2475 3492 2557; x_wconf 84' lang='lat' dir='ltr'><strong>provinciam</strong></span> <span class='ocrx_word' id='word_1_406' title='bbox 3526 2478 3804 2552; x_wconf 89' lang='lat' dir='ltr'><strong>alienam,</strong></span> 
     </span>
    </p>
   </div>
   <div class='ocr_carea' id='block_1_58' title="bbox 2178 2565 3802 2646">
    <p class='ocr_par' dir='ltr' id='par_1_58' title="bbox 2178 2565 3802 2646">
     <span class='ocr_line' id='line_1_59' title="bbox 2178 2565 3802 2646; baseline 0.004 -26"><span class='ocrx_word' id='word_1_407' title='bbox 2178 2591 2201 2620; x_wconf 77' lang='grc' dir='ltr'><strong>α</strong></span> <span class='ocrx_word' id='word_1_408' title='bbox 2238 2585 2370 2646; x_wconf 78' lang='lat' dir='ltr'><strong>quae</strong></span> <span class='ocrx_word' id='word_1_409' title='bbox 2399 2565 2538 2626; x_wconf 91' lang='lat' dir='ltr'><strong>olim</strong></span> <span class='ocrx_word' id='word_1_410' title='bbox 2566 2576 2626 2628; x_wconf 88' lang='lat' dir='ltr'><strong>et</strong></span> <span class='ocrx_word' id='word_1_411' title='bbox 2655 2566 2727 2627; x_wconf 92' lang='lat' dir='ltr'><strong>ab</strong></span> <span class='ocrx_word' id='word_1_412' title='bbox 2786 2566 2955 2626; x_wconf 90' lang='lat' dir='ltr'><strong>initio</strong></span> <span class='ocrx_word' id='word_1_413' title='bbox 3011 2565 3164 2645; x_wconf 85' lang='lat' dir='ltr'><strong>ejus,</strong></span> <span class='ocrx_word' id='word_1_414' title='bbox 3224 2566 3312 2626; x_wconf 90' lang='lat' dir='ltr'><strong>vel</strong></span> <span class='ocrx_word' id='word_1_415' title='bbox 3357 2574 3802 2628; x_wconf 88' lang='lat' dir='ltr'><strong>antecessorum</strong></span> 
     </span>
    </p>
   </div>
   <div class='ocr_carea' id='block_1_59' title="bbox 2179 2651 3806 2734">
    <p class='ocr_par' dir='ltr' id='par_1_59' title="bbox 2179 2651 3806 2734">
     <span class='ocr_line' id='line_1_60' title="bbox 2179 2651 3806 2734; baseline 0.004 -25"><span class='ocrx_word' id='word_1_416' title='bbox 2179 2675 2201 2709; x_wconf 73' lang='grc' dir='ltr'>α</span> <span class='ocrx_word' id='word_1_417' title='bbox 2232 2653 2420 2734; x_wconf 79' lang='lat' dir='ltr'><strong>ipsius</strong></span> <span class='ocrx_word' id='word_1_418' title='bbox 2444 2674 2618 2715; x_wconf 89' lang='lat' dir='ltr'><strong>manu</strong></span> <span class='ocrx_word' id='word_1_419' title='bbox 2653 2675 2770 2715; x_wconf 91' lang='lat' dir='ltr'><strong>non</strong></span> <span class='ocrx_word' id='word_1_420' title='bbox 2803 2655 2998 2729; x_wconf 83' lang='lat' dir='ltr'><strong>fuerit,</strong></span> <span class='ocrx_word' id='word_1_421' title='bbox 3039 2663 3304 2733; x_wconf 90' lang='lat' dir='ltr'><strong>occupet.</strong></span> <span class='ocrx_word' id='word_1_422' title='bbox 3369 2651 3706 2725; x_wconf 88' lang='lat' dir='ltr'><strong>Quinetiam</strong></span> <span class='ocrx_word' id='word_1_423' title='bbox 3756 2655 3806 2716; x_wconf 92' lang='lat' dir='ltr'><strong>si</strong></span> 
     </span>
    </p>
   </div>
   <div class='ocr_carea' id='block_1_60' title="bbox 2178 2743 3800 2826">
    <p class='ocr_par' dir='ltr' id='par_1_60' title="bbox 2178 2743 3800 2826">
     <span class='ocr_line' id='line_1_61' title="bbox 2178 2743 3800 2826; baseline 0.004 -28"><span class='ocrx_word' id='word_1_424' title='bbox 2178 2768 2205 2798; x_wconf 75' lang='grc' dir='ltr'>ι(</span> <span class='ocrx_word' id='word_1_425' title='bbox 2239 2743 2370 2823; x_wconf 89' lang='lat' dir='ltr'><strong>quis</strong></span> <span class='ocrx_word' id='word_1_426' title='bbox 2395 2744 2790 2826; x_wconf 83' lang='lat' dir='ltr'><strong>occupaverit,</strong></span> <span class='ocrx_word' id='word_1_427' title='bbox 2826 2752 2882 2804; x_wconf 90' lang='lat' dir='ltr'><strong>et</strong></span> <span class='ocrx_word' id='word_1_428' title='bbox 2903 2743 3378 2823; x_wconf 87' lang='lat' dir='ltr'><strong>sibisubjecerit,</strong></span> <span class='ocrx_word' id='word_1_429' title='bbox 3409 2743 3691 2816; x_wconf 89' lang='lat' dir='ltr'><strong>adhibita,</strong></span> <span class='ocrx_word' id='word_1_430' title='bbox 3727 2745 3800 2812; x_wconf 80' lang='lat' dir='ltr'><strong>vi,</strong></span> 
     </span>
    </p>
   </div>
   <div class='ocr_carea' id='block_1_61' title="bbox 2177 2831 3804 2909">
    <p class='ocr_par' dir='ltr' id='par_1_61' title="bbox 2177 2831 3804 2909">
     <span class='ocr_line' id='line_1_62' title="bbox 2177 2831 3804 2909; baseline 0.004 -20"><span class='ocrx_word' id='word_1_431' title='bbox 2177 2833 2503 2896; x_wconf 73' lang='lat' dir='ltr'><strong>«restituat</strong></span> <span class='ocrx_word' id='word_1_432' title='bbox 2537 2852 2693 2909; x_wconf 91' lang='lat' dir='ltr'><strong>eam,</strong></span> <span class='ocrx_word' id='word_1_433' title='bbox 2754 2853 2830 2895; x_wconf 93' lang='lat' dir='ltr'><strong>ne</strong></span> <span class='ocrx_word' id='word_1_434' title='bbox 2883 2832 3117 2894; x_wconf 89' lang='lat' dir='ltr'><strong>Patrum</strong></span> <span class='ocrx_word' id='word_1_435' title='bbox 3176 2851 3434 2893; x_wconf 89' lang='lat' dir='ltr'><strong>canones</strong></span> <span class='ocrx_word' id='word_1_436' title='bbox 3491 2831 3804 2909; x_wconf 90' lang='lat' dir='ltr'><strong>violentur,</strong></span> 
     </span>
    </p>
   </div>
   <div class='ocr_carea' id='block_1_62' title="bbox 2177 2921 3808 3004">
    <p class='ocr_par' dir='ltr' id='par_1_62' title="bbox 2177 2921 3808 3004">
     <span class='ocr_line' id='line_1_63' title="bbox 2177 2921 3808 3004; baseline 0.005 -26"><span class='ocrx_word' id='word_1_437' title='bbox 2177 2948 2202 2978; x_wconf 76' lang='grc' dir='ltr'><strong>α</strong></span> <span class='ocrx_word' id='word_1_438' title='bbox 2237 2941 2346 2985; x_wconf 93' lang='lat' dir='ltr'><strong>nec</strong></span> <span class='ocrx_word' id='word_1_439' title='bbox 2367 2923 2520 2984; x_wconf 89' lang='lat' dir='ltr'><strong>sacri</strong></span> <span class='ocrx_word' id='word_1_440' title='bbox 2554 2925 2815 2987; x_wconf 87' lang='lat' dir='ltr'><strong>muneris</strong></span> <span class='ocrx_word' id='word_1_441' title='bbox 2833 2931 3134 3004; x_wconf 67' lang='lat' dir='ltr'><strong>prietextu,</strong></span> <span class='ocrx_word' id='word_1_442' title='bbox 3164 2921 3463 3001; x_wconf 90' lang='lat' dir='ltr'><strong>potestatis</strong></span> <span class='ocrx_word' id='word_1_443' title='bbox 3494 2926 3808 2986; x_wconf 77' lang='lat' dir='ltr'><strong>mundanae</strong></span> 
     </span>
    </p>
   </div>
   <div class='ocr_carea' id='block_1_63' title="bbox 2177 3009 3812 3094">
    <p class='ocr_par' dir='ltr' id='par_1_63' title="bbox 2177 3009 3812 3094">
     <span class='ocr_line' id='line_1_64' title="bbox 2177 3009 3812 3094; baseline 0.006 -27"><span class='ocrx_word' id='word_1_444' title='bbox 2177 3037 2200 3067; x_wconf 85' lang='grc' dir='ltr'><strong>ιι</strong></span> <span class='ocrx_word' id='word_1_445' title='bbox 2237 3013 2418 3074; x_wconf 80' lang='lat' dir='ltr'><strong>fastus</strong></span> <span class='ocrx_word' id='word_1_446' title='bbox 2447 3013 2688 3094; x_wconf 90' lang='lat' dir='ltr'><strong>irrepat,</strong></span> <span class='ocrx_word' id='word_1_447' title='bbox 2716 3031 2861 3072; x_wconf 87' lang='lat' dir='ltr'><strong>neve</strong></span> <span class='ocrx_word' id='word_1_448' title='bbox 2921 3011 3091 3073; x_wconf 89' lang='lat' dir='ltr'><strong>nobis</strong></span> <span class='ocrx_word' id='word_1_449' title='bbox 3144 3010 3298 3072; x_wconf 89' lang='lat' dir='ltr'><strong>haud</strong></span> <span class='ocrx_word' id='word_1_450' title='bbox 3357 3009 3812 3076; x_wconf 84' lang='lat' dir='ltr'><strong>observantibus</strong></span> 
     </span>
    </p>
   </div>
   <div class='ocr_carea' id='block_1_64' title="bbox 451 3100 2086 3192">
    <p class='ocr_par' dir='ltr' id='par_1_64' title="bbox 451 3100 2086 3192">
     <span class='ocr_line' id='line_1_65' title="bbox 451 3100 2086 3192; baseline 0.007 -34"><span class='ocrx_word' id='word_1_451' title='bbox 451 3127 479 3158; x_wconf 77' lang='grc' dir='ltr'><strong>α</strong></span> <span class='ocrx_word' id='word_1_452' title='bbox 515 3103 626 3180; x_wconf 72' lang='grc' dir='ltr'>ἰδίῳ</span> <span class='ocrx_word' id='word_1_453' title='bbox 684 3106 874 3182; x_wconf 76' lang='grc' dir='ltr'>α’ίματι</span> <span class='ocrx_word' id='word_1_454' title='bbox 935 3109 962 3164; x_wconf 82' lang='grc' dir='ltr'>ὁ</span> <span class='ocrx_word' id='word_1_455' title='bbox 1022 3109 1205 3186; x_wconf 80' lang='grc' dir='ltr'>Κύριος</span> <span class='ocrx_word' id='word_1_456' title='bbox 1290 3108 1446 3185; x_wconf 68' lang='grc' dir='ltr'>ήμῶν</span> <span class='ocrx_word' id='word_1_457' title='bbox 1518 3109 1723 3192; x_wconf 62' lang='grc' dir='ltr'>’ίησοῦς</span> <span class='ocrx_word' id='word_1_458' title='bbox 1761 3100 2086 3192; x_wconf 31' lang='grc' dir='ltr'>-Χριστὸς,ὁ</span> 
     </span>
    </p>
   </div>
   <div class='ocr_carea' id='block_1_65' title="bbox 2174 3100 3810 3192">
    <p class='ocr_par' dir='ltr' id='par_1_65' title="bbox 2181 3100 3810 3182">
     <span class='ocr_line' id='line_1_66' title="bbox 2181 3100 3810 3182; baseline 0.004 -24"><span class='ocrx_word' id='word_1_459' title='bbox 2181 3125 2202 3158; x_wconf 78' lang='grc' dir='ltr'><strong>ιι</strong></span> <span class='ocrx_word' id='word_1_460' title='bbox 2242 3102 2572 3164; x_wconf 84' lang='lat' dir='ltr'><strong>libertatem</strong></span> <span class='ocrx_word' id='word_1_461' title='bbox 2590 3121 2717 3164; x_wconf 90' lang='lat' dir='ltr'><strong>eam</strong></span> <span class='ocrx_word' id='word_1_462' title='bbox 2736 3101 3012 3182; x_wconf 89' lang='lat' dir='ltr'><strong>paulatim</strong></span> <span class='ocrx_word' id='word_1_463' title='bbox 3034 3100 3577 3179; x_wconf 87' lang='lat' dir='ltr'><strong>amittamus,quam</strong></span> <span class='ocrx_word' id='word_1_464' title='bbox 3637 3103 3810 3164; x_wconf 90' lang='lat' dir='ltr'><strong>nobis</strong></span> 
     </span>
    </p>
   </div>
   <div class='ocr_carea' id='block_1_66' title="bbox 451 3189 2090 3278">
    <p class='ocr_par' dir='ltr' id='par_1_66' title="bbox 451 3189 2090 3278">
     <span class='ocr_line' id='line_1_67' title="bbox 451 3189 2090 3278; baseline 0.006 -30"><span class='ocrx_word' id='word_1_465' title='bbox 451 3215 480 3248; x_wconf 78' lang='grc' dir='ltr'><strong>α</strong></span> <span class='ocrx_word' id='word_1_466' title='bbox 512 3195 724 3250; x_wconf 83' lang='grc' dir='ltr'>πάντων</span> <span class='ocrx_word' id='word_1_467' title='bbox 765 3193 1116 3274; x_wconf 73' lang='grc' dir='ltr'>ἐλευθερωτής</span> <span class='ocrx_word' id='word_1_468' title='bbox 1171 3197 1477 3277; x_wconf 80' lang='grc' dir='ltr'>ἀνθρώπων.</span> <span class='ocrx_word' id='word_1_469' title='bbox 1545 3189 1736 3266; x_wconf 64' lang='grc' dir='ltr'><strong>’Ἔδοξε</strong></span> <span class='ocrx_word' id='word_1_470' title='bbox 1800 3189 1970 3257; x_wconf 83' lang='grc' dir='ltr'>τοίνυν</span> <span class='ocrx_word' id='word_1_471' title='bbox 2023 3208 2090 3278; x_wconf 80' lang='grc' dir='ltr'>τῇ</span> 
     </span>
    </p>
   </div>
   <div class='ocr_carea' id='block_1_67' title="bbox 450 3285 2088 3370">
    <p class='ocr_par' dir='ltr' id='par_1_67' title="bbox 450 3285 2088 3370">
     <span class='ocr_line' id='line_1_68' title="bbox 450 3285 2088 3370; baseline 0.004 -28"><span class='ocrx_word' id='word_1_472' title='bbox 450 3307 473 3342; x_wconf 75' lang='grc' dir='ltr'>ι</span> <span class='ocrx_word' id='word_1_473' title='bbox 521 3285 646 3364; x_wconf 79' lang='grc' dir='ltr'>ἁγίᾳ</span> <span class='ocrx_word' id='word_1_474' title='bbox 716 3289 800 3343; x_wconf 61' lang='grc' dir='ltr'><strong>καὶ</strong></span> <span class='ocrx_word' id='word_1_475' title='bbox 869 3290 1205 3366; x_wconf 72' lang='grc' dir='ltr'>οἶκουμενικῄ</span> <span class='ocrx_word' id='word_1_476' title='bbox 1272 3289 1490 3366; x_wconf 79' lang='grc' dir='ltr'>συνόδῳ,</span> <span class='ocrx_word' id='word_1_477' title='bbox 1580 3294 1833 3363; x_wconf 86' lang='grc' dir='ltr'>σώζεσθαι</span> <span class='ocrx_word' id='word_1_478' title='bbox 1890 3295 2088 3370; x_wconf 78' lang='grc' dir='ltr'>ἑκάστῃ</span> 
     </span>
    </p>
   </div>
   <div class='ocr_carea' id='block_1_68' title="bbox 454 3373 2089 3462">
    <p class='ocr_par' dir='ltr' id='par_1_68' title="bbox 454 3373 2089 3462">
     <span class='ocr_line' id='line_1_69' title="bbox 454 3373 2089 3462; baseline 0.005 -32"><span class='ocrx_word' id='word_1_479' title='bbox 454 3373 746 3462; x_wconf 75' lang='grc' dir='ltr'>«ἐπαρχίᾳ</span> <span class='ocrx_word' id='word_1_480' title='bbox 802 3377 1002 3454; x_wconf 73' lang='grc' dir='ltr'>καθαρὰ</span> <span class='ocrx_word' id='word_1_481' title='bbox 1056 3380 1144 3434; x_wconf 86' lang='grc' dir='ltr'><strong>καὶ</strong></span> <span class='ocrx_word' id='word_1_482' title='bbox 1197 3375 1416 3435; x_wconf 75' lang='grc' dir='ltr'>ἀϐίαστα</span> <span class='ocrx_word' id='word_1_483' title='bbox 1491 3381 1557 3436; x_wconf 76' lang='grc' dir='ltr'><strong>τὰ</strong></span> <span class='ocrx_word' id='word_1_484' title='bbox 1626 3382 1759 3450; x_wconf 70' lang='grc' dir='ltr'>αὐτῇ</span> <span class='ocrx_word' id='word_1_485' title='bbox 1829 3384 2089 3462; x_wconf 86' lang='grc' dir='ltr'>προσόντα</span> 
     </span>
    </p>
   </div>
   <div class='ocr_carea' id='block_1_69' title="bbox 454 3461 2085 3548">
    <p class='ocr_par' dir='ltr' id='par_1_69' title="bbox 454 3461 2085 3548">
     <span class='ocr_line' id='line_1_70' title="bbox 454 3461 2085 3548; baseline 0.006 -29"><span class='ocrx_word' id='word_1_486' title='bbox 454 3487 481 3518; x_wconf 74' lang='grc' dir='ltr'>ι</span> <span class='ocrx_word' id='word_1_487' title='bbox 514 3461 687 3520; x_wconf 83' lang='grc' dir='ltr'>δίκαια</span> <span class='ocrx_word' id='word_1_488' title='bbox 717 3463 948 3545; x_wconf 78' lang='grc' dir='ltr'>ἐξαρχῆς</span> <span class='ocrx_word' id='word_1_489' title='bbox 991 3469 1078 3522; x_wconf 89' lang='grc' dir='ltr'><strong>καὶ</strong></span> <span class='ocrx_word' id='word_1_490' title='bbox 1109 3463 1324 3541; x_wconf 76' lang='grc' dir='ltr'>ἄνωθεν,</span> <span class='ocrx_word' id='word_1_491' title='bbox 1393 3470 1529 3526; x_wconf 85' lang='grc' dir='ltr'>κατὰ</span> <span class='ocrx_word' id='word_1_492' title='bbox 1582 3471 1642 3527; x_wconf 79' lang='grc' dir='ltr'>τὸ</span> <span class='ocrx_word' id='word_1_493' title='bbox 1674 3470 1840 3527; x_wconf 70' lang='grc' dir='ltr'>πάλαι</span> <span class='ocrx_word' id='word_1_494' title='bbox 1875 3461 2085 3548; x_wconf 84' lang='grc' dir='ltr'>κρατῆ-</span> 
     </span>
    </p>
   </div>
   <div class='ocr_carea' id='block_1_70' title="bbox 453 3553 2088 3640">
    <p class='ocr_par' dir='ltr' id='par_1_70' title="bbox 453 3553 2088 3640">
     <span class='ocr_line' id='line_1_71' title="bbox 453 3553 2088 3640; baseline 0.005 -32"><span class='ocrx_word' id='word_1_495' title='bbox 453 3576 481 3608; x_wconf 77' lang='grc' dir='ltr'><strong>α</strong></span> <span class='ocrx_word' id='word_1_496' title='bbox 528 3575 627 3610; x_wconf 88' lang='grc' dir='ltr'><strong>σαν</strong></span> <span class='ocrx_word' id='word_1_497' title='bbox 684 3553 821 3634; x_wconf 80' lang='grc' dir='ltr'>ἔθος,</span> <span class='ocrx_word' id='word_1_498' title='bbox 894 3553 1067 3611; x_wconf 80' lang='grc' dir='ltr'>ἄδειαν</span> <span class='ocrx_word' id='word_1_499' title='bbox 1124 3555 1343 3635; x_wconf 82' lang='grc' dir='ltr'>ἔχοντος</span> <span class='ocrx_word' id='word_1_500' title='bbox 1396 3557 1615 3614; x_wconf 75' lang='grc' dir='ltr'>ἑκάστου</span> <span class='ocrx_word' id='word_1_501' title='bbox 1676 3560 2088 3640; x_wconf 87' lang='grc' dir='ltr'>μητροπολίτου,</span> 
     </span>
    </p>
   </div>
   <div class='ocr_carea' id='block_1_71' title="bbox 454 3643 2091 3730">
    <p class='ocr_par' dir='ltr' id='par_1_71' title="bbox 454 3643 2091 3730">
     <span class='ocr_line' id='line_1_72' title="bbox 454 3643 2091 3730; baseline 0.002 -30"><span class='ocrx_word' id='word_1_502' title='bbox 454 3665 477 3700; x_wconf 74' lang='grc' dir='ltr'><strong><em>ι</em></strong></span> <span class='ocrx_word' id='word_1_503' title='bbox 512 3645 578 3700; x_wconf 82' lang='grc' dir='ltr'>τὰ</span> <span class='ocrx_word' id='word_1_504' title='bbox 607 3643 707 3699; x_wconf 78' lang='grc' dir='ltr'><strong>ἶσα</strong></span> <span class='ocrx_word' id='word_1_505' title='bbox 735 3649 840 3700; x_wconf 84' lang='grc' dir='ltr'><strong>τῶν</strong></span> <span class='ocrx_word' id='word_1_506' title='bbox 869 3645 1255 3723; x_wconf 78' lang='grc' dir='ltr'>πεπραγμένων</span> <span class='ocrx_word' id='word_1_507' title='bbox 1286 3647 1417 3724; x_wconf 83' lang='grc' dir='ltr'>πρὸς</span> <span class='ocrx_word' id='word_1_508' title='bbox 1473 3649 1534 3703; x_wconf 85' lang='grc' dir='ltr'><strong>τὸ</strong></span> <span class='ocrx_word' id='word_1_509' title='bbox 1595 3649 1789 3705; x_wconf 78' lang='grc' dir='ltr'>οἰκεῖον</span> <span class='ocrx_word' id='word_1_510' title='bbox 1858 3649 2091 3730; x_wconf 71' lang='grc' dir='ltr'>ἀσφαλὲς</span> 
     </span>
    </p>
   </div>
   <div class='ocr_carea' id='block_1_72' title="bbox 453 3729 2091 3816">
    <p class='ocr_par' dir='ltr' id='par_1_72' title="bbox 453 3729 2091 3816">
     <span class='ocr_line' id='line_1_73' title="bbox 453 3729 2091 3816; baseline 0.003 -27"><span class='ocrx_word' id='word_1_511' title='bbox 453 3753 476 3789; x_wconf 87' lang='grc' dir='ltr'>(ι</span> <span class='ocrx_word' id='word_1_512' title='bbox 512 3729 779 3790; x_wconf 74' lang='grc' dir='ltr'>ἐκλαϐεῖν.</span> <span class='ocrx_word' id='word_1_513' title='bbox 839 3734 896 3790; x_wconf 76' lang='grc' dir='ltr'><strong>Εἰ</strong></span> <span class='ocrx_word' id='word_1_514' title='bbox 924 3731 977 3788; x_wconf 82' lang='grc' dir='ltr'><strong>δέ</strong></span> <span class='ocrx_word' id='word_1_515' title='bbox 1019 3755 1099 3796; x_wconf 94' lang='grc' dir='ltr'><strong>τις</strong></span> <span class='ocrx_word' id='word_1_516' title='bbox 1129 3733 1442 3814; x_wconf 81' lang='grc' dir='ltr'>μαχόμενον</span> <span class='ocrx_word' id='word_1_517' title='bbox 1471 3737 1632 3792; x_wconf 82' lang='grc' dir='ltr'>τύπον</span> <span class='ocrx_word' id='word_1_518' title='bbox 1671 3751 1789 3802; x_wconf 64' lang='grc' dir='ltr'>τοῖς</span> <span class='ocrx_word' id='word_1_519' title='bbox 1818 3749 1905 3796; x_wconf 81' lang='grc' dir='ltr'><strong>νῦν</strong></span> <span class='ocrx_word' id='word_1_520' title='bbox 1944 3729 2091 3816; x_wconf 11' lang='grc' dir='ltr'>γὼρι-</span> 
     </span>
    </p>
   </div>
   <div class='ocr_carea' id='block_1_73' title="bbox 457 3821 2093 3904">
    <p class='ocr_par' dir='ltr' id='par_1_73' title="bbox 457 3821 2093 3904">
     <span class='ocr_line' id='line_1_74' title="bbox 457 3821 2093 3904; baseline 0.004 -26"><span class='ocrx_word' id='word_1_521' title='bbox 457 3843 480 3878; x_wconf 74' lang='grc' dir='ltr'>ι</span> <span class='ocrx_word' id='word_1_522' title='bbox 514 3821 727 3896; x_wconf 82' lang='grc' dir='ltr'>σμένοις</span> <span class='ocrx_word' id='word_1_523' title='bbox 769 3823 1104 3902; x_wconf 86' lang='grc' dir='ltr'>προκομίσοι,</span> <span class='ocrx_word' id='word_1_524' title='bbox 1139 3821 1326 3902; x_wconf 76' lang='grc' dir='ltr'>ἄκυρον</span> <span class='ocrx_word' id='word_1_525' title='bbox 1394 3827 1578 3882; x_wconf 74' lang='grc' dir='ltr'>τοῦτον</span> <span class='ocrx_word' id='word_1_526' title='bbox 1635 3824 1773 3882; x_wconf 71' lang='grc' dir='ltr'>εἴναι</span> <span class='ocrx_word' id='word_1_527' title='bbox 1832 3825 1967 3892; x_wconf 77' lang='grc' dir='ltr'>ἔδοξε</span> <span class='ocrx_word' id='word_1_528' title='bbox 2024 3834 2093 3904; x_wconf 82' lang='grc' dir='ltr'><strong>τῇ</strong></span> 
     </span>
    </p>
   </div>
   <div class='ocr_carea' id='block_1_74' title="bbox 453 3910 2092 3989">
    <p class='ocr_par' dir='ltr' id='par_1_74' title="bbox 453 3910 2092 3989">
     <span class='ocr_line' id='line_1_75' title="bbox 453 3910 2092 3989; baseline 0.004 -23"><span class='ocrx_word' id='word_1_529' title='bbox 453 3933 482 3966; x_wconf 72' lang='grc' dir='ltr'><strong>α</strong></span> <span class='ocrx_word' id='word_1_530' title='bbox 515 3912 638 3988; x_wconf 79' lang='grc' dir='ltr'>ἁγίᾳ</span> <span class='ocrx_word' id='word_1_531' title='bbox 702 3910 847 3988; x_wconf 74' lang='grc' dir='ltr'>πάσῃ</span> <span class='ocrx_word' id='word_1_532' title='bbox 902 3912 990 3967; x_wconf 80' lang='grc' dir='ltr'><strong>καὶ</strong></span> <span class='ocrx_word' id='word_1_533' title='bbox 1046 3913 1381 3989; x_wconf 79' lang='grc' dir='ltr'>οίκουμενικῇ</span> <span class='ocrx_word' id='word_1_534' title='bbox 1441 3911 1660 3986; x_wconf 83' lang='grc' dir='ltr'>συνόδῳ,</span> <span class='ocrx_word' id='word_1_535' title='bbox 1696 3937 1723 3968; x_wconf 70' lang='grc' dir='ltr'><strong>ιι</strong></span> <span class='ocrx_word' id='word_1_536' title='bbox 1792 3916 1888 3972; x_wconf 84' lang='grc' dir='ltr'><strong>Καὶ</strong></span> <span class='ocrx_word' id='word_1_537' title='bbox 1938 3923 2092 3972; x_wconf 83' lang='grc' dir='ltr'>τοῦτο</span> 
     </span>
    </p>
   </div>
   <div class='ocr_carea' id='block_1_75' title="bbox 450 3999 2092 4080">
    <p class='ocr_par' dir='ltr' id='par_1_75' title="bbox 450 3999 2092 4080">
     <span class='ocr_line' id='line_1_76' title="bbox 450 3999 2092 4080; baseline 0.003 -26"><span class='ocrx_word' id='word_1_538' title='bbox 450 4000 548 4074; x_wconf 77' lang='grc' dir='ltr'>μὲν</span> <span class='ocrx_word' id='word_1_539' title='bbox 605 3999 821 4076; x_wconf 82' lang='grc' dir='ltr'>ὥρισται</span> <span class='ocrx_word' id='word_1_540' title='bbox 879 4001 1021 4079; x_wconf 83' lang='grc' dir='ltr'>παρὰ</span> <span class='ocrx_word' id='word_1_541' title='bbox 1071 4005 1170 4066; x_wconf 78' lang='grc' dir='ltr'>τῆς</span> <span class='ocrx_word' id='word_1_542' title='bbox 1230 4002 1382 4079; x_wconf 86' lang='grc' dir='ltr'>ἁγίας</span> <span class='ocrx_word' id='word_1_543' title='bbox 1466 4005 1645 4080; x_wconf 82' lang='grc' dir='ltr'>τρίτης</span> <span class='ocrx_word' id='word_1_544' title='bbox 1701 4001 1937 4064; x_wconf 84' lang='grc' dir='ltr'>συνόδου.</span> <span class='ocrx_word' id='word_1_545' title='bbox 1994 4005 2092 4061; x_wconf 80' lang='grc' dir='ltr'><strong>Καὶ</strong></span> 
     </span>
    </p>
   </div>
   <div class='ocr_carea' id='block_1_76' title="bbox 449 4085 2092 4168">
    <p class='ocr_par' dir='ltr' id='par_1_76' title="bbox 449 4085 2092 4168">
     <span class='ocr_line' id='line_1_77' title="bbox 449 4085 2092 4168; baseline 0.003 -26"><span class='ocrx_word' id='word_1_546' title='bbox 449 4085 680 4157; x_wconf 85' lang='grc' dir='ltr'>δεήσεως</span> <span class='ocrx_word' id='word_1_547' title='bbox 710 4088 876 4164; x_wconf 74' lang='grc' dir='ltr'>ταύτῃ</span> <span class='ocrx_word' id='word_1_548' title='bbox 939 4089 1382 4168; x_wconf 79' lang='grc' dir='ltr'>προσενεχθείσης</span> <span class='ocrx_word' id='word_1_549' title='bbox 1438 4090 1579 4167; x_wconf 78' lang='grc' dir='ltr'>παρά</span> <span class='ocrx_word' id='word_1_550' title='bbox 1636 4112 1778 4155; x_wconf 91' lang='grc' dir='ltr'>τινος</span> <span class='ocrx_word' id='word_1_551' title='bbox 1839 4092 2092 4167; x_wconf 74' lang='grc' dir='ltr'>Εὖνομίου</span> 
     </span>
    </p>
   </div>
   <div class='ocr_carea' id='block_1_77' title="bbox 445 4173 2086 4254">
    <p class='ocr_par' dir='ltr' id='par_1_77' title="bbox 445 4173 2086 4254">
     <span class='ocr_line' id='line_1_78' title="bbox 445 4173 2086 4254; baseline 0.002 -20"><span class='ocrx_word' id='word_1_552' title='bbox 445 4181 546 4243; x_wconf 77' lang='grc' dir='ltr'>τῆς</span> <span class='ocrx_word' id='word_1_553' title='bbox 599 4173 942 4252; x_wconf 80' lang='grc' dir='ltr'>Νικομηδέων</span> <span class='ocrx_word' id='word_1_554' title='bbox 1025 4177 1175 4254; x_wconf 81' lang='grc' dir='ltr'>ἁγίας</span> <span class='ocrx_word' id='word_1_555' title='bbox 1264 4174 1585 4246; x_wconf 87' lang='grc' dir='ltr'>Ἐκκλησίας</span> <span class='ocrx_word' id='word_1_556' title='bbox 1664 4180 2086 4249; x_wconf 78' lang='grc' dir='ltr'>ἐπιστατοῦντος,</span> 
     </span>
    </p>
   </div>
   <div class='ocr_carea' id='block_1_78' title="bbox 385 4261 2091 4335">
    <p class='ocr_par' dir='ltr' id='par_1_78' title="bbox 385 4261 2091 4335">
     <span class='ocr_line' id='line_1_79' title="bbox 385 4261 2091 4335; baseline 0.002 -13"><span class='ocrx_word' id='word_1_557' title='bbox 385 4280 392 4290; x_wconf 91' lang='grc'><strong>’</strong></span> <span class='ocrx_word' id='word_1_558' title='bbox 445 4267 581 4323; x_wconf 76' lang='grc' dir='ltr'>κατὰ</span> <span class='ocrx_word' id='word_1_559' title='bbox 662 4261 1008 4322; x_wconf 78' lang='grc' dir='ltr'>’Λναστασίου</span> <span class='ocrx_word' id='word_1_560' title='bbox 1080 4270 1177 4332; x_wconf 78' lang='grc' dir='ltr'>τῆς</span> <span class='ocrx_word' id='word_1_561' title='bbox 1261 4266 1396 4322; x_wconf 77' lang='grc' dir='ltr'>κατὰ</span> <span class='ocrx_word' id='word_1_562' title='bbox 1483 4267 1702 4325; x_wconf 76' lang='grc' dir='ltr'>Νίκαιαν</span> <span class='ocrx_word' id='word_1_563' title='bbox 1773 4266 2091 4335; x_wconf 86' lang='grc' dir='ltr'>Ἐκκλησίας</span> 
     </span>
    </p>
   </div>
   <div class='ocr_carea' id='block_1_79' title="bbox 2180 3189 3816 3272">
    <p class='ocr_par' dir='ltr' id='par_1_79' title="bbox 2180 3189 3816 3272">
     <span class='ocr_line' id='line_1_80' title="bbox 2180 3189 3816 3272; baseline 0.001 -20"><span class='ocrx_word' id='word_1_564' title='bbox 2180 3217 2204 3246; x_wconf 78' lang='grc' dir='ltr'><strong>α</strong></span> <span class='ocrx_word' id='word_1_565' title='bbox 2233 3192 2478 3272; x_wconf 69' lang='lat' dir='ltr'><strong>largitus</strong></span> <span class='ocrx_word' id='word_1_566' title='bbox 2499 3201 2586 3252; x_wconf 91' lang='lat' dir='ltr'><strong>est</strong></span> <span class='ocrx_word' id='word_1_567' title='bbox 2610 3210 2714 3272; x_wconf 89' lang='lat' dir='ltr'><strong>per</strong></span> <span class='ocrx_word' id='word_1_568' title='bbox 2733 3189 3079 3268; x_wconf 88' lang='lat' dir='ltr'><strong>sanguinem</strong></span> <span class='ocrx_word' id='word_1_569' title='bbox 3111 3207 3280 3248; x_wconf 93' lang='lat' dir='ltr'><strong>suum</strong></span> <span class='ocrx_word' id='word_1_570' title='bbox 3306 3190 3591 3250; x_wconf 92' lang='lat' dir='ltr'><strong>Dominus</strong></span> <span class='ocrx_word' id='word_1_571' title='bbox 3615 3200 3816 3253; x_wconf 84' lang='lat' dir='ltr'><strong>noster</strong></span> 
     </span>
    </p>
   </div>
   <div class='ocr_carea' id='block_1_80' title="bbox 2179 3276 3804 3353">
    <p class='ocr_par' dir='ltr' id='par_1_80' title="bbox 2179 3276 3804 3353">
     <span class='ocr_line' id='line_1_81' title="bbox 2179 3276 3804 3353; baseline 0.003 -17"><span class='ocrx_word' id='word_1_572' title='bbox 2179 3305 2206 3336; x_wconf 75' lang='grc' dir='ltr'><strong>α</strong></span> <span class='ocrx_word' id='word_1_573' title='bbox 2239 3281 2409 3342; x_wconf 90' lang='lat' dir='ltr'><strong>Jesus</strong></span> <span class='ocrx_word' id='word_1_574' title='bbox 2440 3279 3002 3353; x_wconf 86' lang='lat' dir='ltr'><strong>Christus,omuium</strong></span> <span class='ocrx_word' id='word_1_575' title='bbox 3022 3276 3299 3338; x_wconf 92' lang='lat' dir='ltr'><strong>liberator</strong></span> <span class='ocrx_word' id='word_1_576' title='bbox 3320 3278 3421 3338; x_wconf 92' lang='lat' dir='ltr'><strong>llle</strong></span> <span class='ocrx_word' id='word_1_577' title='bbox 3447 3280 3804 3341; x_wconf 89' lang='lat' dir='ltr'><strong>mortalium.</strong></span> 
     </span>
    </p>
   </div>
   <div class='ocr_carea' id='block_1_81' title="bbox 2180 3365 3812 3448">
    <p class='ocr_par' dir='ltr' id='par_1_81' title="bbox 2180 3365 3812 3448">
     <span class='ocr_line' id='line_1_82' title="bbox 2180 3365 3812 3448; baseline 0.001 -19"><span class='ocrx_word' id='word_1_578' title='bbox 2180 3393 2206 3424; x_wconf 73' lang='grc' dir='ltr'>α</span> <span class='ocrx_word' id='word_1_579' title='bbox 2243 3371 2466 3431; x_wconf 89' lang='lat' dir='ltr'><strong>Placuit</strong></span> <span class='ocrx_word' id='word_1_580' title='bbox 2497 3388 2636 3448; x_wconf 82' lang='lat' dir='ltr'><strong>ergo</strong></span> <span class='ocrx_word' id='word_1_581' title='bbox 2669 3377 2872 3430; x_wconf 84' lang='lat' dir='ltr'><strong>sancto</strong></span> <span class='ocrx_word' id='word_1_582' title='bbox 2923 3375 2981 3428; x_wconf 91' lang='lat' dir='ltr'><strong>et</strong></span> <span class='ocrx_word' id='word_1_583' title='bbox 3036 3365 3353 3426; x_wconf 87' lang='lat' dir='ltr'><strong>universali</strong></span> <span class='ocrx_word' id='word_1_584' title='bbox 3410 3366 3687 3441; x_wconf 90' lang='lat' dir='ltr'><strong>concilio,</strong></span> <span class='ocrx_word' id='word_1_585' title='bbox 3750 3379 3812 3431; x_wconf 92' lang='lat' dir='ltr'><strong>ut</strong></span> 
     </span>
    </p>
   </div>
   <div class='ocr_carea' id='block_1_82' title="bbox 2180 3455 3814 3538">
    <p class='ocr_par' dir='ltr' id='par_1_82' title="bbox 2180 3455 3814 3538">
     <span class='ocr_line' id='line_1_83' title="bbox 2180 3455 3814 3538; baseline 0.001 -20"><span class='ocrx_word' id='word_1_586' title='bbox 2180 3479 2210 3518; x_wconf 89' lang='grc'><strong>‹</strong></span> <span class='ocrx_word' id='word_1_587' title='bbox 2241 3458 2453 3538; x_wconf 85' lang='lat' dir='ltr'><strong>cuique</strong></span> <span class='ocrx_word' id='word_1_588' title='bbox 2484 3457 2801 3538; x_wconf 63' lang='lat' dir='ltr'><strong>provincia:</strong></span> <span class='ocrx_word' id='word_1_589' title='bbox 2859 3473 3004 3534; x_wconf 91' lang='lat' dir='ltr'><strong>pura</strong></span> <span class='ocrx_word' id='word_1_590' title='bbox 3058 3471 3142 3514; x_wconf 85' lang='lat' dir='ltr'><strong>sei</strong></span> <span class='ocrx_word' id='word_1_591' title='bbox 3162 3461 3370 3515; x_wconf 91' lang='lat' dir='ltr'><strong>ventur</strong></span> <span class='ocrx_word' id='word_1_592' title='bbox 3427 3463 3486 3514; x_wconf 85' lang='lat' dir='ltr'><strong>et</strong></span> <span class='ocrx_word' id='word_1_593' title='bbox 3537 3455 3814 3520; x_wconf 90' lang='lat' dir='ltr'><strong>inviolata</strong></span> 
     </span>
    </p>
   </div>
   <div class='ocr_carea' id='block_1_83' title="bbox 2180 3541 3814 3628">
    <p class='ocr_par' dir='ltr' id='par_1_83' title="bbox 2180 3541 3814 3628">
     <span class='ocr_line' id='line_1_84' title="bbox 2180 3541 3814 3628; baseline 0.002 -26"><span class='ocrx_word' id='word_1_594' title='bbox 2180 3571 2207 3602; x_wconf 77' lang='grc' dir='ltr'><strong>α</strong></span> <span class='ocrx_word' id='word_1_595' title='bbox 2232 3547 2389 3627; x_wconf 89' lang='lat' dir='ltr'><strong>jura,</strong></span> <span class='ocrx_word' id='word_1_596' title='bbox 2415 3565 2544 3628; x_wconf 74' lang='lat' dir='ltr'><strong>quae</strong></span> <span class='ocrx_word' id='word_1_597' title='bbox 2565 3565 2598 3607; x_wconf 90' lang='lat' dir='ltr'><strong>a</strong></span> <span class='ocrx_word' id='word_1_598' title='bbox 2629 3544 2918 3626; x_wconf 89' lang='lat' dir='ltr'><strong>principio</strong></span> <span class='ocrx_word' id='word_1_599' title='bbox 2952 3544 3142 3622; x_wconf 90' lang='lat' dir='ltr'><strong>etjam</strong></span> <span class='ocrx_word' id='word_1_600' title='bbox 3175 3543 3314 3602; x_wconf 92' lang='lat' dir='ltr'><strong>olim</strong></span> <span class='ocrx_word' id='word_1_601' title='bbox 3346 3541 3546 3616; x_wconf 89' lang='lat' dir='ltr'><strong>habet,</strong></span> <span class='ocrx_word' id='word_1_602' title='bbox 3597 3563 3814 3606; x_wconf 87' lang='lat' dir='ltr'><strong>secun-</strong></span> 
     </span>
    </p>
   </div>
   <div class='ocr_carea' id='block_1_84' title="bbox 2183 3631 3812 3714">
    <p class='ocr_par' dir='ltr' id='par_1_84' title="bbox 2183 3631 3812 3714">
     <span class='ocr_line' id='line_1_85' title="bbox 2183 3631 3812 3714; baseline 0.003 -23"><span class='ocrx_word' id='word_1_603' title='bbox 2183 3659 2203 3691; x_wconf 77' lang='grc' dir='ltr'><strong>ε</strong></span> <span class='ocrx_word' id='word_1_604' title='bbox 2228 3636 2368 3696; x_wconf 91' lang='lat' dir='ltr'><strong>dum</strong></span> <span class='ocrx_word' id='word_1_605' title='bbox 2385 3634 2876 3696; x_wconf 89' lang='lat' dir='ltr'><strong>consuetudinem</strong></span> <span class='ocrx_word' id='word_1_606' title='bbox 2899 3633 3171 3712; x_wconf 89' lang='lat' dir='ltr'><strong>priscam:</strong></span> <span class='ocrx_word' id='word_1_607' title='bbox 3201 3631 3650 3710; x_wconf 89' lang='lat' dir='ltr'><strong>metropolitano</strong></span> <span class='ocrx_word' id='word_1_608' title='bbox 3667 3653 3812 3714; x_wconf 77' lang='grc' dir='ltr'><strong>(ιυο-</strong></span> 
     </span>
    </p>
   </div>
   <div class='ocr_carea' id='block_1_85' title="bbox 2182 3718 3811 3800">
    <p class='ocr_par' dir='ltr' id='par_1_85' title="bbox 2182 3718 3811 3800">
     <span class='ocr_line' id='line_1_86' title="bbox 2182 3718 3811 3800; baseline 0 -16"><span class='ocrx_word' id='word_1_609' title='bbox 2182 3745 2208 3784; x_wconf 83' lang='grc'><strong>‹</strong></span> <span class='ocrx_word' id='word_1_610' title='bbox 2238 3723 2382 3786; x_wconf 91' lang='lat' dir='ltr'><strong>libet</strong></span> <span class='ocrx_word' id='word_1_611' title='bbox 2400 3724 2699 3787; x_wconf 85' lang='lat' dir='ltr'><strong>licentiam</strong></span> <span class='ocrx_word' id='word_1_612' title='bbox 2726 3723 3023 3796; x_wconf 91' lang='lat' dir='ltr'><strong>habituro,</strong></span> <span class='ocrx_word' id='word_1_613' title='bbox 3050 3729 3109 3780; x_wconf 93' lang='lat' dir='ltr'><strong>ut</strong></span> <span class='ocrx_word' id='word_1_614' title='bbox 3135 3718 3334 3800; x_wconf 91' lang='lat' dir='ltr'><strong>copias</strong></span> <span class='ocrx_word' id='word_1_615' title='bbox 3355 3727 3622 3781; x_wconf 86' lang='lat' dir='ltr'><strong>actorum</strong></span> <span class='ocrx_word' id='word_1_616' title='bbox 3645 3740 3811 3784; x_wconf 91' lang='lat' dir='ltr'><strong>suam</strong></span> 
     </span>
    </p>
   </div>
   <div class='ocr_carea' id='block_1_86' title="bbox 2183 3808 3812 3892">
    <p class='ocr_par' dir='ltr' id='par_1_86' title="bbox 2183 3808 3812 3892">
     <span class='ocr_line' id='line_1_87' title="bbox 2183 3808 3812 3892; baseline 0.003 -23"><span class='ocrx_word' id='word_1_617' title='bbox 2183 3834 2205 3869; x_wconf 77' lang='grc' dir='ltr'>α</span> <span class='ocrx_word' id='word_1_618' title='bbox 2242 3813 2303 3874; x_wconf 90' lang='lat' dir='ltr'><strong>in</strong></span> <span class='ocrx_word' id='word_1_619' title='bbox 2333 3814 2707 3875; x_wconf 85' lang='lat' dir='ltr'><strong>securitatem</strong></span> <span class='ocrx_word' id='word_1_620' title='bbox 2732 3809 3176 3892; x_wconf 89' lang='lat' dir='ltr'><strong>accipiat.Quod</strong></span> <span class='ocrx_word' id='word_1_621' title='bbox 3209 3809 3257 3870; x_wconf 91' lang='lat' dir='ltr'><strong>si</strong></span> <span class='ocrx_word' id='word_1_622' title='bbox 3285 3808 3416 3889; x_wconf 92' lang='lat' dir='ltr'><strong>quis</strong></span> <span class='ocrx_word' id='word_1_623' title='bbox 3445 3811 3812 3874; x_wconf 88' lang='lat' dir='ltr'><strong>sanctionem</strong></span> 
     </span>
    </p>
   </div>
   <div class='ocr_carea' id='block_1_87' title="bbox 2181 3897 3810 3983">
    <p class='ocr_par' dir='ltr' id='par_1_87' title="bbox 2181 3897 3810 3983">
     <span class='ocr_line' id='line_1_88' title="bbox 2181 3897 3810 3983; baseline 0.001 -23"><span class='ocrx_word' id='word_1_624' title='bbox 2181 3928 2204 3960; x_wconf 73' lang='grc' dir='ltr'><strong>ε</strong></span> <span class='ocrx_word' id='word_1_625' title='bbox 2235 3910 2597 3983; x_wconf 80' lang='lat' dir='ltr'><strong>pugnantem</strong></span> <span class='ocrx_word' id='word_1_626' title='bbox 2621 3920 2756 3962; x_wconf 90' lang='lat' dir='ltr'><strong>cum</strong></span> <span class='ocrx_word' id='word_1_627' title='bbox 2780 3901 3012 3980; x_wconf 74' lang='lat' dir='ltr'><strong>iis,qu:e</strong></span> <span class='ocrx_word' id='word_1_628' title='bbox 3043 3899 3219 3959; x_wconf 90' lang='lat' dir='ltr'><strong>modo</strong></span> <span class='ocrx_word' id='word_1_629' title='bbox 3250 3897 3490 3959; x_wconf 91' lang='lat' dir='ltr'><strong>decreta</strong></span> <span class='ocrx_word' id='word_1_630' title='bbox 3511 3906 3810 3980; x_wconf 91' lang='lat' dir='ltr'><strong>suntpro-</strong></span> 
     </span>
    </p>
   </div>
   <div class='ocr_carea' id='block_1_88' title="bbox 2181 3986 3814 4072">
    <p class='ocr_par' dir='ltr' id='par_1_88' title="bbox 2181 3986 3814 4072">
     <span class='ocr_line' id='line_1_89' title="bbox 2181 3986 3814 4072; baseline 0.003 -26"><span class='ocrx_word' id='word_1_631' title='bbox 2181 4015 2207 4046; x_wconf 74' lang='grc' dir='ltr'>α</span> <span class='ocrx_word' id='word_1_632' title='bbox 2240 3991 2468 4072; x_wconf 82' lang='lat' dir='ltr'><strong>tulerit,</strong></span> <span class='ocrx_word' id='word_1_633' title='bbox 2503 4009 2628 4052; x_wconf 90' lang='lat' dir='ltr'><strong>eam</strong></span> <span class='ocrx_word' id='word_1_634' title='bbox 2655 3989 2882 4051; x_wconf 90' lang='lat' dir='ltr'><strong>irritam</strong></span> <span class='ocrx_word' id='word_1_635' title='bbox 2941 4005 3073 4048; x_wconf 88' lang='lat' dir='ltr'><strong>essa</strong></span> <span class='ocrx_word' id='word_1_636' title='bbox 3123 3986 3346 4048; x_wconf 90' lang='lat' dir='ltr'><strong>debere</strong></span> <span class='ocrx_word' id='word_1_637' title='bbox 3397 3987 3616 4067; x_wconf 88' lang='lat' dir='ltr'><strong>placuit</strong></span> <span class='ocrx_word' id='word_1_638' title='bbox 3675 3989 3814 4052; x_wconf 88' lang='lat' dir='ltr'><strong>huic</strong></span> 
     </span>
    </p>
   </div>
   <div class='ocr_carea' id='block_1_89' title="bbox 2179 4075 3815 4142">
    <p class='ocr_par' dir='ltr' id='par_1_89' title="bbox 2179 4075 3815 4142">
     <span class='ocr_line' id='line_1_90' title="bbox 2179 4075 3815 4142; baseline 0.002 -4"><span class='ocrx_word' id='word_1_639' title='bbox 2179 4105 2208 4138; x_wconf 79' lang='grc' dir='ltr'><strong>α</strong></span> <span class='ocrx_word' id='word_1_640' title='bbox 2241 4083 2516 4142; x_wconf 89' lang='lat' dir='ltr'><strong>universo</strong></span> <span class='ocrx_word' id='word_1_641' title='bbox 2547 4087 2750 4140; x_wconf 89' lang='lat' dir='ltr'><strong>sancto</strong></span> <span class='ocrx_word' id='word_1_642' title='bbox 2782 4085 2841 4140; x_wconf 91' lang='lat' dir='ltr'><strong>et</strong></span> <span class='ocrx_word' id='word_1_643' title='bbox 2869 4076 3186 4138; x_wconf 89' lang='lat' dir='ltr'><strong>universali</strong></span> <span class='ocrx_word' id='word_1_644' title='bbox 3215 4076 3492 4140; x_wconf 88' lang='lat' dir='ltr'><strong>concilio.</strong></span> <span class='ocrx_word' id='word_1_645' title='bbox 3529 4100 3551 4134; x_wconf 71' lang='grc' dir='ltr'><strong>ο</strong></span> <span class='ocrx_word' id='word_1_646' title='bbox 3589 4075 3658 4138; x_wconf 88' lang='lat' dir='ltr'><strong>Et</strong></span> <span class='ocrx_word' id='word_1_647' title='bbox 3703 4079 3815 4141; x_wconf 90' lang='lat' dir='ltr'><strong>hoc</strong></span> 
     </span>
    </p>
   </div>
   <div class='ocr_carea' id='block_1_90' title="bbox 2173 4165 3812 4251">
    <p class='ocr_par' dir='ltr' id='par_1_90' title="bbox 2173 4165 3812 4251">
     <span class='ocr_line' id='line_1_91' title="bbox 2173 4165 3812 4251; baseline -0.002 -20"><span class='ocrx_word' id='word_1_648' title='bbox 2173 4169 2416 4251; x_wconf 90' lang='lat' dir='ltr'><strong>quidem</strong></span> <span class='ocrx_word' id='word_1_649' title='bbox 2450 4171 2752 4230; x_wconf 87' lang='lat' dir='ltr'><strong>decretum</strong></span> <span class='ocrx_word' id='word_1_650' title='bbox 2786 4166 2892 4229; x_wconf 85' lang='lat' dir='ltr'><strong>luit</strong></span> <span class='ocrx_word' id='word_1_651' title='bbox 2947 4184 2982 4227; x_wconf 90' lang='lat' dir='ltr'><strong>a</strong></span> <span class='ocrx_word' id='word_1_652' title='bbox 3037 4174 3243 4228; x_wconf 90' lang='lat' dir='ltr'><strong>sancto</strong></span> <span class='ocrx_word' id='word_1_653' title='bbox 3307 4165 3476 4227; x_wconf 90' lang='lat' dir='ltr'><strong>tertio</strong></span> <span class='ocrx_word' id='word_1_654' title='bbox 3533 4169 3812 4229; x_wconf 88' lang='lat' dir='ltr'><strong>concilio.</strong></span> 
     </span>
    </p>
   </div>
   <div class='ocr_carea' id='block_1_91' title="bbox 2175 4253 3818 4338">
    <p class='ocr_par' dir='ltr' id='par_1_91' title="bbox 2175 4253 3818 4338">
     <span class='ocr_line' id='line_1_92' title="bbox 2175 4253 3818 4338; baseline -0.002 -15"><span class='ocrx_word' id='word_1_655' title='bbox 2175 4260 2321 4323; x_wconf 89' lang='lat' dir='ltr'><strong>Cum</strong></span> <span class='ocrx_word' id='word_1_656' title='bbox 2352 4258 2547 4320; x_wconf 91' lang='lat' dir='ltr'><strong>eidem</strong></span> <span class='ocrx_word' id='word_1_657' title='bbox 2562 4275 2768 4338; x_wconf 82' lang='lat' dir='ltr'><strong>preces</strong></span> <span class='ocrx_word' id='word_1_658' title='bbox 2792 4262 2992 4318; x_wconf 92' lang='lat' dir='ltr'><strong>essent</strong></span> <span class='ocrx_word' id='word_1_659' title='bbox 3017 4254 3228 4317; x_wconf 78' lang='lat' dir='ltr'><strong>oblatae</strong></span> <span class='ocrx_word' id='word_1_660' title='bbox 3255 4253 3328 4315; x_wconf 91' lang='lat' dir='ltr'><strong>ab</strong></span> <span class='ocrx_word' id='word_1_661' title='bbox 3358 4255 3652 4317; x_wconf 84' lang='lat' dir='ltr'><strong>Eunomia</strong></span> <span class='ocrx_word' id='word_1_662' title='bbox 3673 4275 3818 4336; x_wconf 86' lang='lat' dir='ltr'><strong>quo-</strong></span> 
     </span>
    </p>
   </div>
   <div class='ocr_carea' id='block_1_92' title="bbox 445 4342 2086 4435">
    <p class='ocr_par' dir='ltr' id='par_1_92' title="bbox 445 4353 2086 4435">
     <span class='ocr_line' id='line_1_93' title="bbox 445 4353 2086 4435; baseline 0 -23"><span class='ocrx_word' id='word_1_663' title='bbox 445 4354 835 4435; x_wconf 76' lang='grc' dir='ltr'>κατᾶρχοντος,</span> <span class='ocrx_word' id='word_1_664' title='bbox 892 4355 992 4420; x_wconf 77' lang='grc' dir='ltr'><strong>τὴν</strong></span> <span class='ocrx_word' id='word_1_665' title='bbox 1075 4353 1370 4422; x_wconf 75' lang='grc' dir='ltr'>ἐπισκοπὴν</span> <span class='ocrx_word' id='word_1_666' title='bbox 1427 4354 1859 4419; x_wconf 85' lang='grc' dir='ltr'>Βασινουπόλεως</span> <span class='ocrx_word' id='word_1_667' title='bbox 1923 4358 2086 4435; x_wconf 76' lang='grc' dir='ltr'>ὑφαρ-</span> 
     </span>
    </p>
   </div>
   <div class='ocr_carea' id='block_1_93' title="bbox 2174 4342 3814 4435">
    <p class='ocr_par' dir='ltr' id='par_1_93' title="bbox 2176 4342 3814 4435">
     <span class='ocr_line' id='line_1_94' title="bbox 2176 4342 3814 4435; baseline -0.002 -25"><span class='ocrx_word' id='word_1_668' title='bbox 2176 4349 2336 4424; x_wconf 91' lang='lat' dir='ltr'><strong>dam,</strong></span> <span class='ocrx_word' id='word_1_669' title='bbox 2389 4357 2606 4410; x_wconf 65' lang='lat' dir='ltr'><strong>sanctae</strong></span> <span class='ocrx_word' id='word_1_670' title='bbox 2661 4344 3133 4408; x_wconf 86' lang='lat' dir='ltr'><strong>Nicomediensis</strong></span> <span class='ocrx_word' id='word_1_671' title='bbox 3192 4342 3460 4435; x_wconf 66' lang='lat' dir='ltr'><strong>ecclesiae</strong></span> <span class='ocrx_word' id='word_1_672' title='bbox 3539 4344 3814 4424; x_wconf 64' lang='lat' dir='ltr'><strong>praeside,</strong></span> 
     </span>
    </p>
   </div>
   <div class='ocr_carea' id='block_1_94' title="bbox 445 4418 2086 4524">
    <p class='ocr_par' dir='ltr' id='par_1_94' title="bbox 445 4418 2086 4524">
     <span class='ocr_line' id='line_1_95' title="bbox 445 4418 2086 4524; baseline -0.002 -24"><span class='ocrx_word' id='word_1_673' title='bbox 445 4418 736 4522; x_wconf 48' lang='grc' dir='ltr'>σπάσαντος,</span> <span class='ocrx_word' id='word_1_674' title='bbox 769 4418 852 4498; x_wconf 56' lang='grc' dir='ltr'><strong>δια</strong></span> <span class='ocrx_word' id='word_1_675' title='bbox 879 4418 1210 4524; x_wconf 40' lang='grc' dir='ltr'>τὸ-ἔηαγχος</span> <span class='ocrx_word' id='word_1_676' title='bbox 1253 4418 1353 4511; x_wconf 78' lang='grc' dir='ltr'>τὴν</span> <span class='ocrx_word' id='word_1_677' title='bbox 1380 4443 1664 4522; x_wconf 78' lang='grc' dir='ltr'>εἰρημένην</span> <span class='ocrx_word' id='word_1_678' title='bbox 1687 4418 2086 4524; x_wconf 46' lang='grc' dir='ltr'>μητρόπολίνιῦί</span> 
     </span>
    </p>
   </div>
   <div class='ocr_carea' id='block_1_95' title="bbox 2174 4418 3812 4524">
    <p class='ocr_par' dir='ltr' id='par_1_95' title="bbox 2175 4418 3812 4513">
     <span class='ocr_line' id='line_1_96' title="bbox 2175 4418 3812 4513; baseline -0.004 -14"><span class='ocrx_word' id='word_1_679' title='bbox 2175 4418 2456 4500; x_wconf 79' lang='lat' dir='ltr'><strong>adversus</strong></span> <span class='ocrx_word' id='word_1_680' title='bbox 2476 4437 2851 4499; x_wconf 86' lang='lat' dir='ltr'><strong>Anastasium</strong></span> <span class='ocrx_word' id='word_1_681' title='bbox 2879 4433 3131 4495; x_wconf 65' lang='lat' dir='ltr'><strong>Nicaeum</strong></span> <span class='ocrx_word' id='word_1_682' title='bbox 3154 4431 3487 4513; x_wconf 84' lang='lat' dir='ltr'><strong>pontiﬁcem</strong></span> <span class='ocrx_word' id='word_1_683' title='bbox 3521 4418 3812 4508; x_wconf 76' lang='lat' dir='ltr'><strong>ecclesiae,</strong></span> 
     </span>
    </p>
   </div>
   <div class='ocr_carea' id='block_1_96' title="bbox 444 4531 2093 4610">
    <p class='ocr_par' dir='ltr' id='par_1_96' title="bbox 444 4531 2093 4610">
     <span class='ocr_line' id='line_1_97' title="bbox 444 4531 2093 4610; baseline 0 -19"><span class='ocrx_word' id='word_1_684' title='bbox 444 4539 544 4600; x_wconf 77' lang='grc' dir='ltr'>τῆς</span> <span class='ocrx_word' id='word_1_685' title='bbox 576 4534 792 4597; x_wconf 80' lang='grc' dir='ltr'>Νικαίας</span> <span class='ocrx_word' id='word_1_686' title='bbox 837 4533 979 4610; x_wconf 84' lang='grc' dir='ltr'>παρὰ</span> <span class='ocrx_word' id='word_1_687' title='bbox 1048 4531 1484 4592; x_wconf 77' lang='grc' dir='ltr'>Οὖαλεντινιανοῦ</span> <span class='ocrx_word' id='word_1_688' title='bbox 1536 4535 1624 4591; x_wconf 83' lang='grc' dir='ltr'><strong>καὶ</strong></span> <span class='ocrx_word' id='word_1_689' title='bbox 1677 4533 1960 4599; x_wconf 75' lang='grc' dir='ltr'>Οὒέλεντος</span> <span class='ocrx_word' id='word_1_690' title='bbox 1989 4541 2093 4591; x_wconf 81' lang='grc' dir='ltr'>τῶν</span> 
     </span>
    </p>
   </div>
   <div class='ocr_carea' id='block_1_97' title="bbox 447 4619 2092 4703">
    <p class='ocr_par' dir='ltr' id='par_1_97' title="bbox 447 4619 2092 4703">
     <span class='ocr_line' id='line_1_98' title="bbox 447 4619 2092 4703; baseline -0.001 -24"><span class='ocrx_word' id='word_1_691' title='bbox 447 4621 708 4700; x_wconf 81' lang='grc' dir='ltr'>βασιλέων</span> <span class='ocrx_word' id='word_1_692' title='bbox 740 4623 812 4686; x_wconf 82' lang='grc' dir='ltr'><strong>είς</strong></span> <span class='ocrx_word' id='word_1_693' title='bbox 843 4619 1225 4700; x_wconf 87' lang='grc' dir='ltr'>μητροπόλεως</span> <span class='ocrx_word' id='word_1_694' title='bbox 1274 4621 1571 4702; x_wconf 77' lang='grc' dir='ltr'>ἀναχθῆναι</span> <span class='ocrx_word' id='word_1_695' title='bbox 1601 4621 1766 4699; x_wconf 81' lang='grc' dir='ltr'>τάξιν,</span> <span class='ocrx_word' id='word_1_696' title='bbox 1827 4622 2092 4703; x_wconf 82' lang='grc' dir='ltr'>ἀναχθέν-</span> 
     </span>
    </p>
   </div>
   <div class='ocr_carea' id='block_1_98' title="bbox 445 4709 2091 4790">
    <p class='ocr_par' dir='ltr' id='par_1_98' title="bbox 445 4709 2091 4790">
     <span class='ocr_line' id='line_1_99' title="bbox 445 4709 2091 4790; baseline -0.001 -22"><span class='ocrx_word' id='word_1_697' title='bbox 445 4733 539 4778; x_wconf 84' lang='grc' dir='ltr'><strong>τας</strong></span> <span class='ocrx_word' id='word_1_698' title='bbox 565 4709 625 4762; x_wconf 67' lang='grc'><strong>5³</strong></span> <span class='ocrx_word' id='word_1_699' title='bbox 651 4710 768 4790; x_wconf 71' lang='grc' dir='ltr'>ἄρτι</span> <span class='ocrx_word' id='word_1_700' title='bbox 797 4712 852 4766; x_wconf 74' lang='grc' dir='ltr'><strong>ἐν</strong></span> <span class='ocrx_word' id='word_1_701' title='bbox 885 4712 1018 4788; x_wconf 54' lang='grc' dir='ltr'><strong>αὖθτῇ</strong></span> <span class='ocrx_word' id='word_1_702' title='bbox 1046 4711 1176 4788; x_wconf 82' lang='grc' dir='ltr'>πρὸς</span> <span class='ocrx_word' id='word_1_703' title='bbox 1207 4711 1305 4778; x_wconf 73' lang='grc' dir='ltr'>τὴν</span> <span class='ocrx_word' id='word_1_704' title='bbox 1333 4717 1426 4766; x_wconf 84' lang='grc' dir='ltr'>τοῦ</span> <span class='ocrx_word' id='word_1_705' title='bbox 1455 4709 1720 4787; x_wconf 87' lang='grc' dir='ltr'>βασιλείου</span> <span class='ocrx_word' id='word_1_706' title='bbox 1749 4712 1967 4790; x_wconf 83' lang='grc' dir='ltr'>άράτους</span> <span class='ocrx_word' id='word_1_707' title='bbox 1989 4733 2091 4768; x_wconf 90' lang='grc' dir='ltr'>πε-</span> 
     </span>
    </p>
   </div>
   <div class='ocr_carea' id='block_1_99' title="bbox 444 4795 2091 4882">
    <p class='ocr_par' dir='ltr' id='par_1_99' title="bbox 444 4795 2091 4882">
     <span class='ocr_line' id='line_1_100' title="bbox 444 4795 2091 4882; baseline -0.001 -24"><span class='ocrx_word' id='word_1_708' title='bbox 444 4798 674 4882; x_wconf 68' lang='grc' dir='ltr'>ριωπὴνί</span> <span class='ocrx_word' id='word_1_709' title='bbox 704 4800 794 4857; x_wconf 78' lang='grc' dir='ltr'><strong>καὶ</strong></span> <span class='ocrx_word' id='word_1_710' title='bbox 823 4796 1153 4862; x_wconf 71' lang='grc' dir='ltr'>ἀναϐοῶντος</span> <span class='ocrx_word' id='word_1_711' title='bbox 1183 4801 1254 4864; x_wconf 85' lang='grc' dir='ltr'>ὡς</span> <span class='ocrx_word' id='word_1_712' title='bbox 1315 4795 1574 4874; x_wconf 78' lang='grc' dir='ltr'>ἀδικοῖτο,</span> <span class='ocrx_word' id='word_1_713' title='bbox 1608 4801 1642 4869; x_wconf 76' lang='grc' dir='ltr'><strong>ἡ</strong></span> <span class='ocrx_word' id='word_1_714' title='bbox 1701 4801 1824 4878; x_wconf 82' lang='grc' dir='ltr'>ἁγία</span> <span class='ocrx_word' id='word_1_715' title='bbox 1881 4798 2091 4864; x_wconf 81' lang='grc' dir='ltr'>σύνοδος</span> 
     </span>
    </p>
   </div>
   <div class='ocr_carea' id='block_1_100' title="bbox 444 4887 2094 4968">
    <p class='ocr_par' dir='ltr' id='par_1_100' title="bbox 444 4887 2094 4968">
     <span class='ocr_line' id='line_1_101' title="bbox 444 4887 2094 4968; baseline 0 -22"><span class='ocrx_word' id='word_1_716' title='bbox 444 4889 668 4960; x_wconf 76' lang='grc' dir='ltr'>ἐξήτησε</span> <span class='ocrx_word' id='word_1_717' title='bbox 722 4888 841 4968; x_wconf 83' lang='grc' dir='ltr'>περὶ</span> <span class='ocrx_word' id='word_1_718' title='bbox 893 4897 1100 4961; x_wconf 79' lang='grc' dir='ltr'>τοῦτου,</span> <span class='ocrx_word' id='word_1_719' title='bbox 1187 4887 1463 4967; x_wconf 85' lang='grc' dir='ltr'>παρόντων</span> <span class='ocrx_word' id='word_1_720' title='bbox 1517 4889 1605 4944; x_wconf 86' lang='grc' dir='ltr'>καὶ</span> <span class='ocrx_word' id='word_1_721' title='bbox 1661 4894 1767 4945; x_wconf 82' lang='grc' dir='ltr'>τῶν</span> <span class='ocrx_word' id='word_1_722' title='bbox 1827 4889 2094 4968; x_wconf 87' lang='grc' dir='ltr'>προσώπῳ</span> 
     </span>
    </p>
   </div>
   <div class='ocr_carea' id='block_1_101' title="bbox 445 4974 2092 5055">
    <p class='ocr_par' dir='ltr' id='par_1_101' title="bbox 445 4974 2092 5055">
     <span class='ocr_line' id='line_1_102' title="bbox 445 4974 2092 5055; baseline -0.002 -18"><span class='ocrx_word' id='word_1_723' title='bbox 445 4986 539 5038; x_wconf 78' lang='grc' dir='ltr'><strong>τοῦ</strong></span> <span class='ocrx_word' id='word_1_724' title='bbox 588 4976 848 5055; x_wconf 84' lang='grc' dir='ltr'>βασιλέως</span> <span class='ocrx_word' id='word_1_725' title='bbox 907 4983 1206 5055; x_wconf 81' lang='grc' dir='ltr'>Μαρκιανοῦ</span> <span class='ocrx_word' id='word_1_726' title='bbox 1279 4974 1684 5053; x_wconf 82' lang='grc' dir='ltr'>συνεδρευόντων</span> <span class='ocrx_word' id='word_1_727' title='bbox 1741 4977 2092 5055; x_wconf 82' lang='grc' dir='ltr'>συγκλετικῶν</span> 
     </span>
    </p>
   </div>
   <div class='ocr_carea' id='block_1_102' title="bbox 444 5063 2091 5148">
    <p class='ocr_par' dir='ltr' id='par_1_102' title="bbox 444 5063 2091 5148">
     <span class='ocr_line' id='line_1_103' title="bbox 444 5063 2091 5148; baseline -0.001 -23"><span class='ocrx_word' id='word_1_728' title='bbox 444 5068 718 5148; x_wconf 82' lang='grc' dir='ltr'>ἀρχόντων</span> <span class='ocrx_word' id='word_1_729' title='bbox 753 5082 768 5096; x_wconf 77' lang='grc'><strong>⁸</strong></span> <span class='ocrx_word' id='word_1_730' title='bbox 793 5067 881 5123; x_wconf 85' lang='grc' dir='ltr'><strong>καὶ</strong></span> <span class='ocrx_word' id='word_1_731' title='bbox 910 5063 1262 5139; x_wconf 81' lang='grc' dir='ltr'>δεῆσανοῦτω,</span> <span class='ocrx_word' id='word_1_732' title='bbox 1297 5067 1360 5122; x_wconf 78' lang='grc' dir='ltr'><strong>τὸ</strong></span> <span class='ocrx_word' id='word_1_733' title='bbox 1401 5065 1675 5142; x_wconf 84' lang='grc' dir='ltr'>βασιλικὸν</span> <span class='ocrx_word' id='word_1_734' title='bbox 1725 5064 2010 5145; x_wconf 83' lang='grc' dir='ltr'>διάταγμα,</span> <span class='ocrx_word' id='word_1_735' title='bbox 2031 5069 2091 5124; x_wconf 85' lang='grc' dir='ltr'><strong>τὸ</strong></span> 
     </span>
    </p>
   </div>
   <div class='ocr_carea' id='block_1_103' title="bbox 446 5153 2090 5234">
    <p class='ocr_par' dir='ltr' id='par_1_103' title="bbox 446 5153 2090 5234">
     <span class='ocr_line' id='line_1_104' title="bbox 446 5153 2090 5234; baseline -0.002 -20"><span class='ocrx_word' id='word_1_736' title='bbox 446 5158 546 5225; x_wconf 71' lang='grc' dir='ltr'><strong>τὴν</strong></span> <span class='ocrx_word' id='word_1_737' title='bbox 577 5155 860 5232; x_wconf 75' lang='grc' dir='ltr'>εἰρημένην</span> <span class='ocrx_word' id='word_1_738' title='bbox 889 5153 1220 5234; x_wconf 87' lang='grc' dir='ltr'>μητροπόλιν</span> <span class='ocrx_word' id='word_1_739' title='bbox 1249 5154 1314 5204; x_wconf 73' lang='grc'><strong>54</strong></span> <span class='ocrx_word' id='word_1_740' title='bbox 1357 5159 1456 5222; x_wconf 78' lang='grc' dir='ltr'>τῆς</span> <span class='ocrx_word' id='word_1_741' title='bbox 1507 5157 1726 5218; x_wconf 79' lang='grc' dir='ltr'>Νικαίας</span> <span class='ocrx_word' id='word_1_742' title='bbox 1776 5153 2090 5226; x_wconf 74' lang='grc' dir='ltr'>ἀναϐιϐάζον</span> 
     </span>
    </p>
   </div>
   <div class='ocr_carea' id='block_1_104' title="bbox 447 5243 2082 5325">
    <p class='ocr_par' dir='ltr' id='par_1_104' title="bbox 447 5243 2082 5325">
     <span class='ocr_line' id='line_1_105' title="bbox 447 5243 2082 5325; baseline -0.002 -22"><span class='ocrx_word' id='word_1_743' title='bbox 447 5247 523 5310; x_wconf 74' lang='grc' dir='ltr'>εἷς</span> <span class='ocrx_word' id='word_1_744' title='bbox 554 5243 922 5325; x_wconf 86' lang='grc' dir='ltr'>μετροπόλεως</span> <span class='ocrx_word' id='word_1_745' title='bbox 953 5243 1510 5324; x_wconf 71' lang='grc' dir='ltr'>ὔψως,ὺπανεγνώσθη</span> <span class='ocrx_word' id='word_1_746' title='bbox 1533 5261 1547 5274; x_wconf 81' lang='grc'><strong>⁸</strong></span> <span class='ocrx_word' id='word_1_747' title='bbox 1578 5245 1664 5300; x_wconf 84' lang='grc' dir='ltr'><strong>καὶ</strong></span> <span class='ocrx_word' id='word_1_748' title='bbox 1694 5245 1852 5324; x_wconf 76' lang='grc' dir='ltr'>εἶχεν</span> <span class='ocrx_word' id='word_1_749' title='bbox 1896 5243 2082 5308; x_wconf 72' lang='grc' dir='ltr'>οὕτως·</span> 
     </span>
    </p>
   </div>
   <div class='ocr_carea' id='block_1_105' title="bbox 2174 4520 3814 4609">
    <p class='ocr_par' dir='ltr' id='par_1_105' title="bbox 2174 4520 3814 4609">
     <span class='ocr_line' id='line_1_106' title="bbox 2174 4520 3814 4609; baseline -0.005 -19"><span class='ocrx_word' id='word_1_750' title='bbox 2174 4528 2276 4609; x_wconf 90' lang='lat' dir='ltr'><strong>qui</strong></span> <span class='ocrx_word' id='word_1_751' title='bbox 2305 4525 2854 4606; x_wconf 88' lang='lat' dir='ltr'><strong>Basinopolitanum</strong></span> <span class='ocrx_word' id='word_1_752' title='bbox 2874 4536 2902 4568; x_wconf 83' lang='grc' dir='ltr'><strong>υ</strong></span> <span class='ocrx_word' id='word_1_753' title='bbox 2933 4521 3336 4609; x_wconf 88' lang='lat' dir='ltr'><strong>episcopatum</strong></span> <span class='ocrx_word' id='word_1_754' title='bbox 3361 4538 3469 4609; x_wconf 87' lang='lat' dir='ltr'><strong>per</strong></span> <span class='ocrx_word' id='word_1_755' title='bbox 3488 4520 3814 4600; x_wconf 87' lang='lat' dir='ltr'><strong>surreptio-</strong></span> 
     </span>
    </p>
   </div>
   <div class='ocr_carea' id='block_1_106' title="bbox 2172 4607 3814 4694">
    <p class='ocr_par' dir='ltr' id='par_1_106' title="bbox 2172 4607 3814 4694">
     <span class='ocr_line' id='line_1_107' title="bbox 2172 4607 3814 4694; baseline -0.004 -16"><span class='ocrx_word' id='word_1_756' title='bbox 2172 4607 2312 4680; x_wconf 81' lang='lat' dir='ltr'><strong>nem</strong></span> <span class='ocrx_word' id='word_1_757' title='bbox 2341 4616 2634 4677; x_wconf 85' lang='lat' dir='ltr'><strong>invaserat</strong></span> <span class='ocrx_word' id='word_1_758' title='bbox 2665 4620 2996 4694; x_wconf 91' lang='lat' dir='ltr'><strong>propterea,</strong></span> <span class='ocrx_word' id='word_1_759' title='bbox 3030 4608 3186 4690; x_wconf 88' lang='lat' dir='ltr'><strong>quod</strong></span> <span class='ocrx_word' id='word_1_760' title='bbox 3245 4607 3403 4694; x_wconf 88' lang='lat' dir='ltr'><strong>haud</strong></span> <span class='ocrx_word' id='word_1_761' title='bbox 3458 4607 3538 4670; x_wconf 89' lang='lat' dir='ltr'><strong>ita</strong></span> <span class='ocrx_word' id='word_1_762' title='bbox 3581 4609 3814 4689; x_wconf 89' lang='lat' dir='ltr'><strong>pridem</strong></span> 
     </span>
    </p>
   </div>
   <div class='ocr_carea' id='block_1_107' title="bbox 2175 4693 3815 4778">
    <p class='ocr_par' dir='ltr' id='par_1_107' title="bbox 2175 4693 3815 4778">
     <span class='ocr_line' id='line_1_108' title="bbox 2175 4693 3815 4778; baseline -0.007 -9"><span class='ocrx_word' id='word_1_763' title='bbox 2175 4706 2331 4768; x_wconf 90' lang='lat' dir='ltr'><strong>dicta</strong></span> <span class='ocrx_word' id='word_1_764' title='bbox 2359 4703 2568 4766; x_wconf 90' lang='lat' dir='ltr'><strong>civitas</strong></span> <span class='ocrx_word' id='word_1_765' title='bbox 2596 4693 2836 4763; x_wconf 75' lang='lat' dir='ltr'><strong>Nicaena</strong></span> <span class='ocrx_word' id='word_1_766' title='bbox 2867 4717 2973 4778; x_wconf 91' lang='lat' dir='ltr'><strong>per</strong></span> <span class='ocrx_word' id='word_1_767' title='bbox 3002 4693 3478 4758; x_wconf 89' lang='lat' dir='ltr'><strong>Valentinianum</strong></span> <span class='ocrx_word' id='word_1_768' title='bbox 3503 4705 3556 4758; x_wconf 91' lang='lat' dir='ltr'><strong>et</strong></span> <span class='ocrx_word' id='word_1_769' title='bbox 3588 4697 3815 4758; x_wconf 87' lang='lat' dir='ltr'><strong>Valen-</strong></span> 
     </span>
    </p>
   </div>
   <div class='ocr_carea' id='block_1_108' title="bbox 2179 4783 3818 4874">
    <p class='ocr_par' dir='ltr' id='par_1_108' title="bbox 2179 4783 3818 4874">
     <span class='ocr_line' id='line_1_109' title="bbox 2179 4783 3818 4874; baseline -0.007 -16"><span class='ocrx_word' id='word_1_770' title='bbox 2179 4805 2295 4858; x_wconf 89' lang='lat' dir='ltr'><strong>tem</strong></span> <span class='ocrx_word' id='word_1_771' title='bbox 2322 4793 2710 4874; x_wconf 88' lang='lat' dir='ltr'><strong>imperatores</strong></span> <span class='ocrx_word' id='word_1_772' title='bbox 2738 4789 2810 4851; x_wconf 91' lang='lat' dir='ltr'><strong>ad</strong></span> <span class='ocrx_word' id='word_1_773' title='bbox 2863 4784 3201 4874; x_wconf 86' lang='lat' dir='ltr'><strong>metropolis</strong></span> <span class='ocrx_word' id='word_1_774' title='bbox 3259 4783 3530 4874; x_wconf 87' lang='lat' dir='ltr'><strong>ordinem</strong></span> <span class='ocrx_word' id='word_1_775' title='bbox 3615 4794 3818 4848; x_wconf 90' lang='lat' dir='ltr'><strong>evecta</strong></span> 
     </span>
    </p>
   </div>
   <div class='ocr_carea' id='block_1_109' title="bbox 2174 4873 3818 4963">
    <p class='ocr_par' dir='ltr' id='par_1_109' title="bbox 2174 4873 3818 4963">
     <span class='ocr_line' id='line_1_110' title="bbox 2174 4873 3818 4963; baseline -0.006 -17"><span class='ocrx_word' id='word_1_776' title='bbox 2174 4873 2419 4963; x_wconf 75' lang='lat' dir='ltr'><strong>fuisset,</strong></span> <span class='ocrx_word' id='word_1_777' title='bbox 2437 4881 2538 4962; x_wconf 92' lang='lat' dir='ltr'><strong>qui</strong></span> <span class='ocrx_word' id='word_1_778' title='bbox 2571 4897 2780 4942; x_wconf 90' lang='lat' dir='ltr'><strong>recens</strong></span> <span class='ocrx_word' id='word_1_779' title='bbox 2809 4877 2883 4939; x_wconf 91' lang='lat' dir='ltr'><strong>ad</strong></span> <span class='ocrx_word' id='word_1_780' title='bbox 2911 4873 3149 4956; x_wconf 90' lang='lat' dir='ltr'><strong>imperii</strong></span> <span class='ocrx_word' id='word_1_781' title='bbox 3181 4873 3328 4963; x_wconf 81' lang='lat' dir='ltr'><strong>regii</strong></span> <span class='ocrx_word' id='word_1_782' title='bbox 3387 4873 3621 4935; x_wconf 91' lang='lat' dir='ltr'><strong>culmen</strong></span> <span class='ocrx_word' id='word_1_783' title='bbox 3655 4874 3716 4935; x_wconf 90' lang='lat' dir='ltr'><strong>in</strong></span> <span class='ocrx_word' id='word_1_784' title='bbox 3747 4893 3818 4936; x_wconf 86' lang='lat' dir='ltr'><strong>ea</strong></span> 
     </span>
    </p>
   </div>
   <div class='ocr_carea' id='block_1_110' title="bbox 2174 4961 3818 5043">
    <p class='ocr_par' dir='ltr' id='par_1_110' title="bbox 2174 4961 3818 5043">
     <span class='ocr_line' id='line_1_111' title="bbox 2174 4961 3818 5043; baseline -0.005 -9"><span class='ocrx_word' id='word_1_785' title='bbox 2174 4961 2404 5036; x_wconf 83' lang='lat' dir='ltr'><strong>fuerant</strong></span> <span class='ocrx_word' id='word_1_786' title='bbox 2433 4961 2570 5033; x_wconf 87' lang='lat' dir='ltr'><strong>elati</strong></span> <span class='ocrx_word' id='word_1_787' title='bbox 2607 4990 2619 5029; x_wconf 92' lang='lat'><strong>:</strong></span> <span class='ocrx_word' id='word_1_788' title='bbox 2655 4968 3021 5032; x_wconf 87' lang='lat' dir='ltr'><strong>exclamante</strong></span> <span class='ocrx_word' id='word_1_789' title='bbox 3070 4961 3672 5043; x_wconf 89' lang='lat' dir='ltr'><strong>Eunomio,injuriam</strong></span> <span class='ocrx_word' id='word_1_790' title='bbox 3703 4963 3818 5026; x_wconf 89' lang='lat' dir='ltr'><strong>sibi</strong></span> 
     </span>
    </p>
   </div>
   <div class='ocr_carea' id='block_1_111' title="bbox 2175 5051 3816 5142">
    <p class='ocr_par' dir='ltr' id='par_1_111' title="bbox 2175 5051 3816 5142">
     <span class='ocr_line' id='line_1_112' title="bbox 2175 5051 3816 5142; baseline -0.008 -17"><span class='ocrx_word' id='word_1_791' title='bbox 2175 5063 2342 5126; x_wconf 80' lang='lat' dir='ltr'><strong>ﬁeri:</strong></span> <span class='ocrx_word' id='word_1_792' title='bbox 2379 5057 2728 5142; x_wconf 90' lang='lat' dir='ltr'><strong>perquisivit</strong></span> <span class='ocrx_word' id='word_1_793' title='bbox 2756 5075 2883 5118; x_wconf 88' lang='lat' dir='ltr'><strong>rem</strong></span> <span class='ocrx_word' id='word_1_794' title='bbox 2913 5061 3116 5116; x_wconf 89' lang='lat' dir='ltr'><strong>sancta</strong></span> <span class='ocrx_word' id='word_1_795' title='bbox 3165 5052 3444 5142; x_wconf 81' lang='lat' dir='ltr'><strong>synodus,</strong></span> <span class='ocrx_word' id='word_1_796' title='bbox 3505 5051 3580 5142; x_wconf 85' lang='lat' dir='ltr'><strong>iis</strong></span> <span class='ocrx_word' id='word_1_797' title='bbox 3639 5051 3816 5142; x_wconf 86' lang='lat' dir='ltr'><strong>etiam</strong></span> 
     </span>
    </p>
   </div>
   <div class='ocr_carea' id='block_1_112' title="bbox 2173 5139 3817 5232">
    <p class='ocr_par' dir='ltr' id='par_1_112' title="bbox 2173 5139 3817 5232">
     <span class='ocr_line' id='line_1_113' title="bbox 2173 5139 3817 5232; baseline -0.007 -19"><span class='ocrx_word' id='word_1_798' title='bbox 2173 5139 2564 5232; x_wconf 65' lang='lat' dir='ltr'><strong>praesentibus</strong></span> <span class='ocrx_word' id='word_1_799' title='bbox 2594 5142 2907 5208; x_wconf 89' lang='lat' dir='ltr'><strong>senatoriis</strong></span> <span class='ocrx_word' id='word_1_800' title='bbox 2931 5139 3393 5232; x_wconf 78' lang='lat' dir='ltr'><strong>magistratibus,</strong></span> <span class='ocrx_word' id='word_1_801' title='bbox 3443 5139 3540 5220; x_wconf 92' lang='lat' dir='ltr'><strong>qui</strong></span> <span class='ocrx_word' id='word_1_802' title='bbox 3563 5140 3817 5232; x_wconf 80' lang='lat' dir='ltr'><strong>nomine</strong></span> 
     </span>
    </p>
   </div>
   <div class='ocr_carea' id='block_1_113' title="bbox 2173 5228 3818 5315">
    <p class='ocr_par' dir='ltr' id='par_1_113' title="bbox 2173 5228 3818 5315">
     <span class='ocr_line' id='line_1_114' title="bbox 2173 5228 3818 5315; baseline -0.006 -15"><span class='ocrx_word' id='word_1_803' title='bbox 2173 5228 2453 5302; x_wconf 75' lang='lat' dir='ltr'><strong>Marciani</strong></span> <span class='ocrx_word' id='word_1_804' title='bbox 2483 5233 2728 5315; x_wconf 82' lang='lat' dir='ltr'><strong>Augusti</strong></span> <span class='ocrx_word' id='word_1_805' title='bbox 2762 5231 3015 5294; x_wconf 86' lang='lat' dir='ltr'><strong>concilio</strong></span> <span class='ocrx_word' id='word_1_806' title='bbox 3045 5231 3394 5292; x_wconf 86' lang='lat' dir='ltr'><strong>intererant:</strong></span> <span class='ocrx_word' id='word_1_807' title='bbox 3423 5228 3699 5309; x_wconf 91' lang='lat' dir='ltr'><strong>quodque</strong></span> <span class='ocrx_word' id='word_1_808' title='bbox 3731 5229 3818 5290; x_wconf 90' lang='lat' dir='ltr'><strong>sic</strong></span> 
     </span>
    </p>
   </div>
   <div class='ocr_carea' id='block_1_114' title="bbox 445 5317 3816 5418">
    <p class='ocr_par' dir='ltr' id='par_1_114' title="bbox 445 5317 3816 5418">
     <span class='ocr_line' id='line_1_115' title="bbox 445 5317 3816 5418; baseline -0.005 -19"><span class='ocrx_word' id='word_1_809' title='bbox 445 5317 594 5418; x_wconf 87' lang='lat' dir='ltr'><strong>opus</strong></span> <span class='ocrx_word' id='word_1_810' title='bbox 654 5317 812 5397; x_wconf 83' lang='lat' dir='ltr'><strong>esset</strong></span> <span class='ocrx_word' id='word_1_811' title='bbox 865 5317 1038 5407; x_wconf 79' lang='lat' dir='ltr'><strong>facto,</strong></span> <span class='ocrx_word' id='word_1_812' title='bbox 1097 5317 1406 5394; x_wconf 84' lang='lat' dir='ltr'><strong>decretum</strong></span> <span class='ocrx_word' id='word_1_813' title='bbox 1463 5317 1934 5412; x_wconf 78' lang='lat' dir='ltr'><strong>imperatorium,</strong></span> <span class='ocrx_word' id='word_1_814' title='bbox 1997 5351 2112 5412; x_wconf 90' lang='lat' dir='ltr'><strong>quo</strong></span> <span class='ocrx_word' id='word_1_815' title='bbox 2159 5330 2316 5393; x_wconf 90' lang='lat' dir='ltr'><strong>dicta</strong></span> <span class='ocrx_word' id='word_1_816' title='bbox 2364 5327 2600 5390; x_wconf 69' lang='lat' dir='ltr'><strong>Nicmna</strong></span> <span class='ocrx_word' id='word_1_817' title='bbox 2643 5322 2850 5418; x_wconf 81' lang='lat' dir='ltr'><strong>civitas</strong></span> <span class='ocrx_word' id='word_1_818' title='bbox 2878 5322 2951 5385; x_wconf 88' lang='lat' dir='ltr'><strong>ad</strong></span> <span class='ocrx_word' id='word_1_819' title='bbox 3011 5318 3353 5402; x_wconf 89' lang='lat' dir='ltr'><strong>metropolis</strong></span> <span class='ocrx_word' id='word_1_820' title='bbox 3394 5317 3816 5381; x_wconf 85' lang='lat' dir='ltr'><strong>sublimitatem</strong></span> 
     </span>
    </p>
   </div>
   <div class='ocr_carea' id='block_1_115' title="bbox 447 5415 2870 5506">
    <p class='ocr_par' dir='ltr' id='par_1_115' title="bbox 447 5415 2870 5506">
     <span class='ocr_line' id='line_1_116' title="bbox 447 5415 2870 5506; baseline -0.007 -16"><span class='ocrx_word' id='word_1_821' title='bbox 447 5415 836 5503; x_wconf 70' lang='lat' dir='ltr'><strong>evehebatur,</strong></span> <span class='ocrx_word' id='word_1_822' title='bbox 873 5423 1197 5506; x_wconf 90' lang='lat' dir='ltr'><strong>perlectum</strong></span> <span class='ocrx_word' id='word_1_823' title='bbox 1229 5420 1374 5496; x_wconf 83' lang='lat' dir='ltr'><strong>fnit;</strong></span> <span class='ocrx_word' id='word_1_824' title='bbox 1412 5421 1568 5502; x_wconf 92' lang='lat' dir='ltr'><strong>quod</strong></span> <span class='ocrx_word' id='word_1_825' title='bbox 1601 5419 1665 5483; x_wconf 90' lang='lat' dir='ltr'><strong>in</strong></span> <span class='ocrx_word' id='word_1_826' title='bbox 1694 5421 1848 5484; x_wconf 88' lang='lat' dir='ltr'><strong>hanc</strong></span> <span class='ocrx_word' id='word_1_827' title='bbox 1880 5421 2278 5502; x_wconf 89' lang='lat' dir='ltr'><strong>perscriptum</strong></span> <span class='ocrx_word' id='word_1_828' title='bbox 2311 5425 2435 5480; x_wconf 88' lang='lat' dir='ltr'><strong>erat</strong></span> <span class='ocrx_word' id='word_1_829' title='bbox 2462 5415 2818 5478; x_wconf 90' lang='lat' dir='ltr'><strong>sententiam</strong></span> <span class='ocrx_word' id='word_1_830' title='bbox 2855 5433 2870 5474; x_wconf 90' lang='lat'><strong>:</strong></span> 
     </span>
    </p>
   </div>
   <div class='ocr_carea' id='block_1_116' title="bbox 1793 5551 2512 5619">
    <p class='ocr_par' dir='ltr' id='par_1_116' title="bbox 1793 5551 2512 5619">
     <span class='ocr_line' id='line_1_117' title="bbox 1793 5551 2512 5619; baseline 0.001 -6"><span class='ocrx_word' id='word_1_831' title='bbox 1793 5553 2058 5618; x_wconf 65' lang='lat' dir='ltr'><strong>VARIE</strong></span> <span class='ocrx_word' id='word_1_832' title='bbox 2080 5551 2512 5619; x_wconf 86' lang='lat' dir='ltr'><strong>LECTIONES.</strong></span> 
     </span>
    </p>
   </div>
   <div class='ocr_carea' id='block_1_117' title="bbox 526 5674 1826 5756">
    <p class='ocr_par' dir='ltr' id='par_1_117' title="bbox 526 5674 1826 5756">
     <span class='ocr_line' id='line_1_118' title="bbox 526 5674 1826 5756; baseline -0.002 -20"><span class='ocrx_word' id='word_1_833' title='bbox 526 5683 579 5736; x_wconf 66' lang='grc' dir='ltr'><strong>ὕί</strong></span> <span class='ocrx_word' id='word_1_834' title='bbox 614 5684 770 5742; x_wconf 80' lang='grc' dir='ltr'>πόλιν</span> <span class='ocrx_word' id='word_1_835' title='bbox 794 5691 910 5753; x_wconf 79' lang='grc' dir='ltr'>τῆς,</span> <span class='ocrx_word' id='word_1_836' title='bbox 995 5677 1058 5732; x_wconf 62' lang='grc' dir='ltr'><strong>εἰ</strong></span> <span class='ocrx_word' id='word_1_837' title='bbox 1098 5674 1464 5756; x_wconf 68' lang='grc' dir='ltr'>ἀναχθέντων,</span> <span class='ocrx_word' id='word_1_838' title='bbox 1546 5675 1612 5726; x_wconf 70' lang='lat'><strong>55</strong></span> <span class='ocrx_word' id='word_1_839' title='bbox 1651 5675 1826 5741; x_wconf 88' lang='grc' dir='ltr'>πόλιν,</span> 
     </span>
    </p>
   </div>
   <div class='ocr_carea' id='block_1_118' title="bbox 2197 5668 3022 5752">
    <p class='ocr_par' dir='ltr' id='par_1_118' title="bbox 2197 5668 3022 5752">
     <span class='ocr_line' id='line_1_119' title="bbox 2197 5668 3022 5752; baseline -0.006 -16"><span class='ocrx_word' id='word_1_840' title='bbox 2197 5683 2225 5715; x_wconf 81' lang='grc' dir='ltr'>ι</span> <span class='ocrx_word' id='word_1_841' title='bbox 2255 5668 3022 5752; x_wconf 71' lang='lat' dir='ltr'><strong>Conslantinopotitanum.</strong></span> 
     </span>
    </p>
   </div>
  </div>
