4192 6220
479 302 590 369 871

571 446 593 479 (ι
629 422 1046 503 Imperatores,
1080 423 1365 497 Caesares,
1399 419 1847 484 Valentinianus
1901 426 1958 481 et
2001 415 2118 479 Va-
2143 429 2186 477 Α

489 537 512 570 α
551 515 679 577 lens
711 515 812 596 pii,
842 514 1067 588 felices,
1119 512 1389 594 perpetui
1420 514 1674 592 augusti,
1709 512 1990 592 victores,
2020 511 2128 574 Ni-

490 629 517 660 α
552 604 753 666 caenis.
796 628 817 661 ο

570 715 594 751 ‹
631 693 791 754 Licet
813 689 1067 751 studium
1087 691 1487 770 nostrumjam
1511 691 1652 752 inde
1676 689 2056 751 manifestum
2074 697 2133 749 et

489 800 520 841 ι
550 779 934 860 conspicuum
971 779 1184 840 factum
1215 781 1292 840 sit
1323 780 1619 849 omnibus,
1663 798 1729 840 ex
1755 797 1870 859 quo
1898 777 2132 856 imperii

487 893 512 926 ε
546 869 873 942 culmen,et
903 866 1247 948 reipublicae
1269 867 1668 944 gubernacula
1689 869 1983 928 voluntate
2001 863 2126 926 Nu-

486 980 509 1012 ‹
547 955 725 1017 minis
747 955 1117 1035 suscepimus
1148 977 1158 1013 :
1191 964 1383 1018 tamen
1413 965 1628 1037 praeter
1651 958 1774 1018 haec
1799 955 2128 1016 referemus

484 1067 506 1100 ε
546 1044 723 1106 etiam
753 1043 823 1104 ad
857 1042 1155 1105 felicitatis
1187 1043 1372 1123 ipsius
1430 1045 1688 1123 initium,
1723 1043 1878 1124 quod
1922 1041 2127 1102 civitas

481 1157 510 1188 α
543 1142 736 1194 vestra
764 1133 980 1194 referta
1011 1132 1360 1193 mortalibus
1381 1143 1438 1194 et
1461 1135 1759 1195 exsultans
1784 1131 1858 1192 ob
1885 1130 2126 1191 felicita-

482 1244 505 1278 ι
545 1230 658 1283 tem
695 1229 984 1296 nostram,
1011 1221 1209 1297 gaudii
1243 1221 1580 1302 laetitiaeque
1595 1240 1829 1282 causam
1851 1219 2126 1280 universo

482 1334 510 1366 α
547 1312 761 1391 populo
791 1308 1067 1390 praebuit.
1101 1307 1294 1381 Quare
1326 1330 1455 1370 cum
1489 1310 1831 1390 metropolis
1853 1309 1994 1368 olim
2027 1326 2125 1387 ap-

483 1419 514 1458 (
547 1399 766 1480 peltata
793 1399 992 1473 fuerit,
1030 1397 1206 1478 idque
1239 1398 1401 1476 leges
1451 1399 1706 1479 antiquae
1735 1399 2073 1459 contineant
2108 1416 2122 1461 :

483 1509 507 1544 ι
547 1487 777 1566 eadem,
807 1505 938 1566 quae
966 1486 1481 1560 Nicomedienses,
1507 1487 1676 1548 nobis
1697 1485 2122 1566 sancientibus,

1841 297 1874 360 ,Ι
1880 295 1973 359 US
2013 291 2458 358 CANONICUM

3737 289 3868 356 872

2293 434 2322 469 α
2387 413 2800 493 Αὐτοκράτορες,
2902 415 3177 495 Καίσαρες.
3254 415 3682 482 Οὖαλεντινιανὸς
3769 416 3869 472 καὶ

2217 524 2245 556 α
2281 501 2514 582 Οὐαλης,
2575 500 2833 583 εὐσεϐεῖς,
2866 503 3140 584 εὐτυχεῖς,
3174 503 3417 563 σεϐιστοὶ
3476 506 3700 585 αἰώνιοι,
3775 528 3860 561 νι-

2220 612 2247 648 (
2279 592 2456 662 κηταί,
2509 601 2812 652 Νικαεῦσιν.

2301 704 2322 734 ιι
2363 683 2420 737 Εἰ
2462 682 2547 736 καὶ
2576 682 2610 748 ἡ
2654 679 2857 748 σπουδὴ
2900 682 2934 748 ἡ
2978 682 3211 762 ἡμετέρα
3233 681 3285 748 ἐξ
3314 682 3514 739 ἐκεινου
3544 680 3682 753 δήλη
3729 689 3862 744 πᾶσι

2223 792 2250 824 α
2280 771 2368 826 καὶ
2397 768 2738 847 περίϐλεπτος
2795 771 3030 848 γέγονεν,
3088 770 3139 836 ἐξ
3196 772 3255 827 οὗ
3293 776 3393 851 γῆς
3449 771 3718 849 βασιλείας
3790 773 3855 826 τὸ

2223 881 2247 915 α
2280 856 2737 938 ὑπεραναϐεϐηκὸς
2813 861 2902 915 καὶ
2971 865 3074 915 τῶν
3133 857 3403 934 δημοσίων
3471 861 3592 924 τοὺς
3663 860 3859 922 οἴακας

2216 970 2244 1002 α
2276 947 2524 1023 βουλήσει
2566 955 2658 1004 τοῦ
2720 948 3024 1027 Κρείττονος
3081 947 3456 1025 ὕπεδεξάμεθα,
3530 948 3675 1024 ὅμως
3727 951 3861 1027 πρὸς

2216 1057 2238 1091 α
2288 1038 2489 1100 τούτοις
2520 1037 2870 1112 ἁποσώσομεν
2898 1039 2984 1093 καὶ
3013 1039 3087 1103 εἷς
3128 1039 3226 1105 τὴν
3297 1039 3473 1118 ἀρχὴν
3535 1043 3634 1107 τῆς
3705 1039 3863 1094 εὐτυ-

2215 1147 2237 1180 σ
2275 1126 2398 1205 χίας
2429 1125 2616 1199 αὐτῆς,
2651 1124 2730 1182 ὅτι
2762 1147 2821 1203 γε
2879 1128 2912 1194 ἡ
2970 1126 3196 1206 ὑμετέρα
3255 1125 3409 1191 πόλις
3466 1125 3861 1206 προσαναπλη-

2215 1237 2242 1268 α
2290 1218 2474 1270 σθεῒσα
2504 1216 2592 1270 καὶ
2637 1218 2999 1292 γαυριωθεϊσα
3058 1217 3143 1271 ἐπὶ
3199 1221 3268 1291 τῇ
3326 1216 3559 1295 ἡμετέρα
3616 1214 3860 1294 εὐτυχίᾳ,

2214 1324 2241 1356 α
2276 1304 2448 1382 χαρᾶς
2489 1303 2576 1358 καὶ
2625 1305 2942 1382 εὐφροσύνης
3015 1303 3176 1359 παντί
3231 1303 3386 1378 δήμῳ
3453 1305 3591 1359 αἰτία
3645 1302 3858 1381 γέγονε,

2214 1414 2242 1447 α
2282 1395 2373 1447 Διὸ
2429 1390 2483 1447 δὲ
2539 1390 2717 1459 ἐπειδὴ
2769 1391 3096 1472 μητρόπολις
3153 1391 3318 1449 πάλαι
3390 1393 3700 1472 ὠνομάσθη,
3769 1391 3861 1448 καὶ

2215 1505 2243 1536 α
2289 1489 2439 1538 τοῦτο
2488 1483 2638 1556 νόμοι
2697 1481 2912 1538 παλαιοὶ
2973 1482 3303 1562 περιέχουσι.
3377 1484 3443 1538 τὰ
3512 1483 3663 1556 αὐτὰ,
3721 1479 3861 1558 ἅπερ

480 1599 510 1632 α
547 1576 852 1639 consecuti
874 1574 1184 1655 sunt,quin
1210 1575 1560 1637 inconcussa
1592 1584 1833 1656 rataque
1853 1593 2107 1636 mansura

2217 1587 2246 1629 (
2276 1567 2626 1645 Νικομηδεῦσι
2694 1571 3127 1645 νομοθετούντων·
3167 1573 3323 1645 ἡμῶν
3406 1569 3651 1650 δπῆρξεν,
3698 1567 3857 1624 οὔδε-

482 1687 506 1721 α
543 1665 682 1740 sint,
729 1664 878 1726 etin
935 1674 1233 1744 posterum
1295 1665 1563 1742 augenda
1621 1684 1853 1746 quoque
1901 1663 2102 1726 civitat

2214 1680 2242 1712 α
2288 1659 2410 1732 μίαν
2440 1656 2754 1738 ἀμφιϐολίαν
2811 1658 2959 1738 ἐχειν
3015 1657 3246 1717 δύναται.
3335 1661 3418 1730 τὸ,
3477 1658 3737 1714 ἀσάλευτα
3764 1659 3858 1713 καί

481 1776 505 1809 ι
539 1763 770 1832 vestrae,
799 1751 1024 1813 nullum
1050 1769 1184 1814 esse
1206 1752 1451 1814 dubium
1484 1762 1692 1833 potest.
1732 1752 1914 1814 Duret
1945 1752 2107 1829 igitur

2210 1766 2238 1805 α
2271 1747 2461 1827 ἰσχυρὰ
2533 1746 2732 1827 μένειν,
2790 1749 2880 1804 καὶ
2933 1749 3004 1809 εἰς
3081 1749 3142 1802 τὸ
3198 1746 3379 1803 ἔπειτα
3451 1747 3854 1822 αὖξηθησόμενα

481 1860 511 1901 (
545 1841 606 1902 in
632 1849 981 1921 perpetuum
1016 1841 1141 1901 haec
1177 1843 1565 1911 consuetudo,
1605 1852 1660 1903 et
1700 1843 1902 1903 civitas
1930 1851 2107 1902 vestra

2209 1858 2233 1893 α
2284 1843 2352 1914 τῇ
2379 1839 2603 1916 ὑμετέρᾳ
2631 1836 2805 1895 πόλει.
2870 1837 3174 1912 Διαμενέτω
3229 1839 3399 1894 τοίνυν
3444 1839 3516 1900 εἷς
3559 1840 3620 1893 τὸ
3667 1837 3853 1904 διηνε-

480 1929 885 2009 «metropolis
915 1929 1026 1990 sit:
1054 1948 1123 1991 ea
1145 1931 1596 2007 consuetudine,
1632 1950 1764 2012 qua;
1790 1932 1848 1991 in
1876 1949 2107 2011 proces-

2206 1946 2233 1982 ι
2268 1927 2358 1991 κὲς
2388 1929 2421 1994 ἡ
2452 1926 2692 1996 συνήθεία
2725 1925 2885 2000 αὕτη,
2917 1929 3002 1984 καὶ
3031 1929 3064 1994 ἡ
3122 1925 3274 1991 πόλις
3343 1928 3489 2001 ὑμῶν
3561 1927 3846 2003 μητρόπο-

479 2042 503 2077 ο
542 2019 711 2080 sione
742 2017 1174 2099 Bitbyniarcbaz
1209 2029 1494 2094 servatur,
1531 2029 1936 2100 permanente.
1969 2018 2107 2081 Nam

2206 2039 2232 2070 α
2281 2014 2362 2078 λις
2418 2013 2574 2094 ἔστω,
2646 2021 2745 2082 τῆς
2825 2015 3097 2081 συνηθείας
3192 2014 3277 2071 ἐπὶ
3332 2023 3402 2092 τῇ
3492 2015 3700 2095 προόδῳ
3755 2022 3849 2071 τοῦ

477 2133 503 2164 α
537 2127 712 2169 nemo
732 2107 871 2188 quid
897 2108 1028 2169 aliis
1050 2107 1277 2170 adimit.
1307 2111 1703 2190 Augcscat,ita
1727 2111 1960 2172 volente
1987 2112 2107 2172 Nu-

2207 2129 2234 2160 α
2269 2105 2616 2183 Βιτυνιάρχου
2669 2102 3040 2180 διαμενοόσης.
3122 2103 3296 2169 Οὒδεὶς
3395 2106 3494 2184 γὰρ
3548 2105 3851 2185 ἀφαιρεῖταί

484 2221 511 2253 κ
548 2197 731 2271 mine,
758 2196 1008 2258 civitatis
1038 2205 1241 2259 vestrae
1271 2198 1960 2280 dignitas.ldeoquelzeti
1989 2207 2107 2260 vota

2207 2213 2235 2252 ι
2265 2217 2315 2251 τι
2373 2192 2570 2254 ἄλλων,
2667 2190 2926 2262 Βουλήσει
3026 2200 3117 2249 τοῦ
3173 2195 3499 2271 Κρείττονος,
3603 2193 3848 2260 αὐξηθειη

478 2310 504 2340 α
542 2285 865 2366 duplicate,
895 2292 1070 2365 atque
1093 2285 1168 2346 ob
1209 2305 1278 2347 ea
1303 2288 1574 2365 gaudete.
1613 2279 1747 2370 quae
1774 2290 1964 2350 honor
1991 2288 2107 2369 ipse

2206 2306 2234 2337 α
2269 2287 2365 2349 τῆς
2395 2280 2648 2360 ὑμετέρας
2692 2279 2901 2344 πόλεως
2941 2283 3002 2336 τ’)
3057 2281 3282 2356 ἀξίωμα.
3344 2283 3620 2361 Χαίροντες
3677 2283 3850 2338 τοίνυν

475 2396 499 2432 (ι
534 2374 702 2436 vobis
726 2374 968 2454 largitus
991 2375 1269 2445 est,omni
1290 2376 1576 2457 deinceps
1598 2377 1977 2458 ambiguitate
1997 2396 2122 2439 ces-

473 2486 494 2518 ι
531 2473 699 2524 sante
727 2481 740 2526 :
767 2463 1239 2544 considerantes,
1266 2483 1378 2543 quo
1405 2475 1570 2545 pacto
1592 2475 1810 2527 aeterna
1832 2485 2110 2528 mansue-

473 2573 495 2608 α
535 2552 671 2612 tudo
703 2560 757 2612 et
781 2551 1149 2632 providentia
1173 2553 1338 2616 vobis
1356 2573 1429 2616 ex
1462 2554 1872 2617 sanctionibus
1894 2554 2110 2618 nostris

475 2664 496 2696 ει
537 2640 836 2721 obtigerit.
879 2667 904 2696 ι)

544 2816 616 2877 Et
647 2818 737 2879 ha:
771 2817 1010 2898 quidem
1043 2819 1160 2880 illa;
1179 2819 1414 2881 fuerunt
1435 2820 2104 2902 imperatorumlitteraa,

466 2905 723 2967 Nicmnis
753 2925 1074 2968 concessae.
1109 2907 1252 2968 Cum
1285 2918 1475 2970 autem
1517 2928 1617 2971 eas
1647 2909 1895 2987 indigne
1926 2909 2108 2984 (velut

2207 2393 2236 2426 α
2267 2373 2363 2435 τὰς
2393 2371 2558 2450 εὐχὰς
2616 2367 3005 2445 διπλασιάζετε,
3059 2372 3146 2426 καὶ
3201 2368 3382 2436 ἥδεσθε
3445 2368 3524 2449 ἐφ’
3583 2374 3667 2434 οἷς
3711 2369 3846 2435 αὐτὴ

2209 2485 2236 2516 α
2269 2463 2303 2530 ἡ
2385 2461 2518 2535 τιμὴ
2576 2461 2704 2535 ὑμῖν
2760 2458 3122 2540 παρέσχηται,
3156 2459 3331 2525 πάσης
3387 2455 3702 2538 ἀμφιϐολίας
3775 2459 3847 2522 εἰς

2202 2572 2225 2606 ι
2283 2548 2465 2616 τοεξῆς
2523 2549 2892 2629 σχολαζούσης
2930 2569 2943 2581 ο
3006 2554 3346 2627 συνορῶντες,
3432 2548 3575 2611 ὃπως
3634 2547 3845 2603 αἰωνίου

2197 2661 2226 2694 α
2260 2639 2559 2719 πραότητος
2589 2639 2674 2694 καὶ
2698 2638 2946 2712 προνοίας
2990 2636 3050 2693 ἐκ
3092 2640 3197 2693 τῶν
3225 2635 3496 2717 ἡμετέρων
3540 2636 3841 2712 θεσπισμά-

2195 2745 2226 2787 (
2259 2750 2365 2784 των
2405 2728 2760 2806 τενυχήκατε.
2800 2747 2824 2780 u

2275 2817 2370 2874 Καὶ
2398 2817 2459 2871 τὸ
2486 2817 2582 2890 μὲν
2624 2816 2844 2893 γράμμα
2871 2820 2974 2869 τῶν
3015 2812 3298 2890 βασιλέων,
3346 2813 3498 2893 ὅπερ,
3542 2827 3661 2876 τοῖς
3736 2821 3840 2868 Νι-

2189 2915 2366 2964 καεῦσι
2410 2903 2819 2983 πεγιλοτίμητο,
2878 2903 3031 2960 τοῦτο
3086 2902 3528 2983 Σχέτλιατάντων
3598 2900 3653 2957 δὲ
3706 2903 3839 2979 πρὸς

457 2994 725 3074 apparet)
783 2995 1053 3056 tulissent
1103 2995 1610 3073 Nicomedienses,
1649 2999 1908 3060 edictum
1943 2997 2101 3058 aliud

2199 2998 2314 3052 ιῦτὸ
2376 2997 2464 3068 (ὡς
2535 2994 2786 3074 φαίνεται)
2847 2991 3219 3073 Νικομηδέων,
3288 2995 3474 3072 γέγονε
3516 2995 3604 3048 καὶ
3661 2992 3839 3070 ἕτερον

461 3085 808 3146 eorumdem
842 3085 1267 3165 imperatorum
1301 3105 1408 3167 pro
1434 3085 1984 3148 Nicomediensibus
2017 3087 2100 3147 fa-

461 3178 619 3232 ctum
652 3173 782 3247 fuit,
834 3191 901 3233 ex
935 3174 1201 3254 episcopi
1259 3175 1735 3238 Nicomediensis
1766 3175 2050 3256 petitione
2086 3196 2099 3236 :

460 3261 616 3341 quod
648 3261 842 3341 ipsum
893 3281 1126 3343 quoque
1177 3264 1391 3325 lectum
1424 3265 1529 3327 fuit
1575 3265 1632 3326 in
1669 3264 1917 3344 synodo,
1953 3265 2102 3326 hanc

463 3349 856 3429 perscriptum
888 3349 947 3411 in
977 3352 1327 3414 sententiam
1363 3375 1376 3412 :

542 3462 566 3493 «
603 3436 1076 3518 Valentinianus,
1111 3441 1262 3524 pius,
1291 3443 1451 3519 felix,
1479 3454 1784 3521 augustus,
1818 3443 2098 3506 Nicome-

453 3547 482 3580 ι
521 3525 831 3590 diensibus
861 3529 1136 3591 salutem.
1177 3555 1196 3586 ι

539 3640 565 3670 α
601 3617 978 3679 Consuetudo
1006 3627 1190 3692 vetus,
1227 3639 1356 3700 qum
1377 3620 1536 3682 circa
1559 3621 1865 3702 privilegia
1894 3629 2100 3682 vestrae

461 3722 490 3761 ς
524 3704 774 3765 civitatis
796 3705 923 3783 jam
955 3705 1096 3766 olim
1129 3707 1381 3782 obtinet,
1415 3709 1904 3772 servabitur.Non
1937 3709 2096 3770 enim

458 3815 484 3845 c
522 3791 955 3853 incrementum
989 3794 1231 3856 honoris
1261 3798 1514 3859 Nicaznae
1554 3799 1804 3859 civitatis
1828 3799 1947 3877 juri
1989 3817 2096 3859 ve-

457 3903 481 3938 ι
519 3889 640 3942 stro
664 3891 857 3962 potest
888 3885 1152 3962 officere,
1186 3888 1666 3968 quandoquidem
1692 3892 1800 3951 hoc
1825 3892 1954 3970 ipso
1988 3889 2100 3951 Ni—

455 3993 480 4023 α
524 3971 925 4032 comediensis
977 3973 1140 4034 urbis
1192 3985 1438 4055 augetur
1487 3978 1766 4057 dignitas,
1801 3979 1955 4057 quod
1998 3978 2100 4039 illa

458 4081 485 4113 α
520 4059 784 4121 secundo
817 4061 1147 4123 consistens
1179 4063 1684 4147 loco,metropolis
1707 4067 2104 4147 appellatione

456 4171 483 4202 α
517 4156 782 4211 vocetur.
819 4175 844 4205 ι

537 4258 560 4291 α
597 4237 988 4300 lllustrissimi
1035 4239 1336 4323 praesides,
1397 4243 1495 4323 qui
1540 4243 1782 4306 nomine
1811 4245 2095 4307 Marciani

2187 3085 2502 3164 πρόσταγμα
2555 3090 2659 3139 τῶν
2729 3083 2900 3138 αὐτῶν
2987 3081 3245 3158 βασιλέων
3302 3080 3708 3161 Νικομηδεῦσιν,
3780 3080 3835 3146 ἐξ

2187 3175 2442 3244 αἰτήσεως
2499 3178 2588 3230 τοῦ
2645 3171 2933 3228 ἐπισκόπου
3017 3169 3393 3246 Νικομηδείας.
3497 3170 3831 3248 Ἀνεγνώσθη

2187 3260 2356 3318 δὲκαὶ
2398 3262 2524 3318 αὐτὸ
2579 3263 2636 3317 ἓν
2691 3266 2760 3337 τῇ
2841 3257 3062 3334 συνόδῳ.
3126 3262 3217 3318 Κεὶ
3273 3260 3625 3339 ἁναγνωσθὶν,
3673 3259 3832 3338 εἶχεν

2186 3352 2349 3417 οὕτως
2385 3371 2399 3387 ⁸

2271 3463 2294 3498 α
2350 3439 2798 3515 Οὗαλεντινιανὸς,
2859 3436 3107 3506 σύσεϐἡς.
3182 3440 3437 3518 εὐτυχὴς,
3513 3437 3826 3517 αὕγουστος,

2190 3553 2210 3587 ο
2247 3528 2597 3610 Νικομηδεῡσι
2625 3531 2855 3610 χαίρειν.

2269 3642 2297 3675 ι
2348 3609 2408 3675 Ἠ
2440 3609 2660 3697 περὶτᾶ
2693 3609 2983 3697 πριϐιλίγια
3012 3622 3110 3683 τῆς
3161 3615 3366 3681 πόλεως
3423 3618 3520 3683 τῆς
3573 3616 3828 3694 ὑμετέρας

2189 3729 2213 3765 ιι
2247 3710 2412 3764 πάλαι
2469 3709 2780 3788 ὑπάρχουσα
2833 3705 3030 3785 ἀρχαία
3100 3708 3343 3776 συνήθεια
3399 3705 3823 3786 φυλαχθήσεται,

2189 3819 2216 3852 σ
2263 3796 2391 3855 Οὔτε
2447 3799 2546 3876 γὰρ
2613 3800 2648 3864 ἡ
2691 3797 2965 3876 προσθήκη
3033 3799 3130 3861 τῆς
3200 3799 3362 3871 τιμῆς
3417 3800 3515 3862 τῆς
3595 3795 3826 3852 Νικαέων

2190 3910 2218 3942 α
2264 3886 2469 3951 πόλεως
2525 3888 2585 3942 τὸ
2628 3884 2826 3942 δίκαιον
2885 3887 2944 3940 τὸ
3023 3883 3274 3964 ὑμέτερον
3331 3883 3531 3961 βλάψαι
3586 3881 3820 3956 δύναται,

2191 3999 2214 4032 ι
2265 3977 2425 4032 ὁπότε
2483 3974 2756 4040 ἐπαύξεται
2853 3976 2912 4030 τὸ
2995 3973 3201 4048 ἀξίωμα
3283 3979 3382 4041 τῆς
3453 3969 3820 4048 Νικομηδέων,

2191 4089 2220 4120 α
2253 4064 2381 4143 ὅπερ
2403 4064 2468 4115 54
2494 4065 2667 4131 ἐκείνη
2696 4064 2732 4131 ὴ
2783 4063 2836 4120 ἐν
2879 4060 3100 4141 δευτέρῳ
3129 4063 3278 4136 τόπῳ
3333 4065 3483 4143 οὖσα,
3541 4061 3822 4140 μητροπό-

2185 4175 2208 4210 α
2245 4153 2380 4218 λεως
2410 4154 2630 4230 ὀνόματι
2673 4152 2944 4212 καλεῖται.
2983 4174 3007 4209 ι

2263 4266 2290 4298 α
2325 4246 2383 4301 Oi
2412 4241 2730 4308 ἐνδοξότατοι
2762 4241 3042 4323 ἄρχοντες,
3089 4246 3134 4300 οἰ
3195 4241 3464 4322 προσώπῳ
3514 4246 3605 4296 τοῦ
3659 4240 3823 4316 βασι-

455 4348 480 4380 σι
517 4329 750 4406 augusti
768 4329 1021 4392 concilio
1047 4331 1396 4399 intererant.
1423 4332 1696 4394 dixerunt
1722 4351 1735 4394 :
1757 4335 1995 4396 Neutrze
2024 4351 2091 4394 ex

2199 4350 2212 4390 ι
2255 4330 2388 4395 λέως
2421 4339 2718 4411 Μαρκιανού
2746 4339 2815 4408 τῇ
2882 4333 3079 4408 συνόδῳ
3129 4331 3567 4408 συνεδριάζοντες,
3612 4329 3770 4385 εἷπον
3799 4344 3816 4360 ⁸

454 4437 478 4470 ιι
515 4415 608 4476 his
639 4420 822 4479 sacris
871 4418 1108 4482 Litteris
1159 4418 1234 4480 de
1282 4420 1558 4502 episcopo
1609 4422 1953 4502 loquuntur,
1987 4421 2090 4482 sed

453 4527 481 4559 α
515 4503 705 4566 ambae
737 4505 1066 4569 civitatibus
1106 4509 1393 4570 honorem
1436 4509 1782 4590 largiuntur.
1818 4509 1889 4571 Et
1909 4528 2092 4572 sacra)

448 4615 478 4649 α
511 4592 747 4657 Litterae
777 4596 924 4658 divae
955 4599 1255 4660 memoriae
1276 4597 1673 4662 Valentiniani
1705 4617 1772 4661 ac
1802 4599 2086 4676 Valentis,

447 4704 476 4736 α
511 4700 642 4762 quae
671 4691 793 4745 tum
828 4687 1120 4767 temporis
1142 4686 1499 4750 Nicenorum
1525 4689 1741 4750 civitati
1755 4690 1854 4768 jus
1875 4696 2064 4750 metro

445 4793 474 4826 ιι
514 4772 770 4849 policum
799 4774 1158 4850 tribuebant,
1193 4777 1579 4858 peculiariter
1606 4778 1980 4859 pracipiunt,
2015 4795 2090 4838 ne

449 4859 653 4940 «quid
684 4861 816 4923 aliis
877 4864 1213 4928 civitatibus
1271 4865 1587 4930 adimatur.
1651 4868 1724 4929 Et
1753 4875 2087 4927 sanctorum

446 4964 480 5006 (
513 4951 913 5026 apostolorum
945 4971 1134 5015 canon
1191 4953 1265 5016 de
1297 4973 1414 5014 uno
1474 4955 1927 5035 metropolitano
1988 4971 2094 5034 per

444 5053 474 5095 «
507 5038 1204 5127 quamlibetprovinciam
1227 5042 1662 5124 ioquitur.Quid
1689 5043 2093 5127 igiturzsancta)

445 5147 466 5179 ι
509 5126 732 5204 synodo
757 5127 834 5190 de
857 5131 969 5192 hoc
990 5131 1267 5194 videtur?
1290 5132 1646 5195 Exclamavit
1677 5126 1880 5194 sancta
1910 5150 2092 5212 syno-

442 5234 472 5268 α
504 5213 634 5276 dus.
673 5219 942 5280 Canones
1001 5219 1110 5280 rati
1172 5228 1369 5283 sunto.
1401 5221 1742 5283 Canonibus
1797 5225 1938 5284 satis
1966 5223 2086 5284 ﬁat.

441 5319 470 5360 ι
505 5303 754 5386 Atticus,
789 5309 1274 5389 religiosissimus
1318 5311 1633 5392 episcopus
1654 5311 1957 5392 Nic0polis
1978 5329 2090 5374 an-

2181 4449 2207 4480 α
2243 4423 2370 4484 Οὐδὲ
2412 4423 2465 4482 ἔν
2497 4426 2592 4502 μὲν
2621 4428 2764 4484 θεῖον
2808 4429 3032 4506 Γράμμα
3083 4430 3200 4508 περὶ
3256 4425 3544 4481 ἐπισκόπου
3573 4420 3816 4500 διαλέγε-

2181 4535 2208 4573 (
2225 4537 2311 4570 ται
2340 4531 2353 4544 ’
2375 4514 2620 4593 ’ἑκάτερον
2640 4513 2694 4570 δὲ
2722 4517 2820 4583 τὴν
2831 4519 2990 4594 τιμὴν
3007 4531 3128 4583 ταῖς
3159 4515 3348 4574 πόλεσι
3392 4513 3635 4592 παρέχει.
3661 4514 3733 4570 Τὸ
3761 4509 3816 4567 δὲ

2181 4623 2204 4660 ι
2251 4607 2392 4660 θετον
2422 4604 2646 4681 Γράμμα
2673 4612 2764 4660 τοῦ
2792 4611 2891 4672 τῆς
2943 4607 3079 4672 θείας
3134 4604 3336 4676 λήξεως
3381 4601 3813 4660 Ούαλεντινιανοῦ

2180 4717 2207 4747 α
2254 4693 2341 4748 καὶ
2385 4691 2693 4766 Οὒάλεντος,
2765 4703 3049 4760 τηνικοῦτα
3117 4700 3186 4770 τῇ
3241 4691 3477 4751 Νικαέων
3533 4691 3811 4769 παρασχὸν

2182 4800 2210 4841 ι
2261 4782 2322 4836 τὸ
2379 4780 2771 4858 μητροπολικὸν
2829 4782 3048 4864 δίκαιον,
3122 4781 3299 4846 ἱδικῶς
3377 4777 3811 4856 παρακελεύεται,

2180 4892 2205 4925 ιι
2239 4875 2343 4924 τῶν
2375 4866 2549 4923 ἄλλων
2595 4867 2760 4943 μηδὲν
2811 4871 3140 4952 ὑφαιρεῖσθαι
3195 4869 3426 4928 πόλεων.
3488 4869 3584 4927 Καὶ
3638 4870 3666 4923 ὁ
3707 4889 3813 4924 κα-

2183 4979 2205 5015 tl
2243 4959 2347 5014 νὼν
2376 4957 2482 5012 τῶν
2512 4957 2674 5035 ἁγίων
2705 4958 3037 5035 ἀποστόλων,
3068 4962 3184 5041 περὶ
3253 4959 3367 5022 ἐνὸς
3425 4955 3814 5036 μητροπολίτου

2182 5071 2208 5102 ι
2241 5046 2354 5102 καθ’
2415 5045 2641 5113 ἑκάστην
2687 5053 2793 5103 τῶν
2849 5048 3100 5130 ἐπαρχῶν
3155 5047 3463 5127 διαγορεύει.
3520 5045 3587 5130 Τί
3645 5045 3812 5102 τοίνυν

2183 5157 2206 5193 α
2241 5140 2308 5212 τῇ
2337 5135 2458 5212 ἁγίᾳ
2487 5134 2684 5210 συνόδῳ
2741 5123 3049 5217 παρίστατοι
3118 5141 3234 5219 περὶ
3256 5123 3463 5192 ’τούτου
3496 5153 3512 5209 ;
3574 5123 3634 5190 Ἠ
3690 5133 3812 5210 ἁγία

2182 5245 2211 5286 (
2241 5221 2451 5288 σύνοδος
2525 5222 2741 5293 ἐϐόησεν
2776 5242 2790 5256 ⁸
2853 5231 2911 5285 Oi
2966 5229 3180 5293 κανόνες
3247 5225 3620 5306 κρατείτωσαν.
3683 5232 3810 5288 Τοῖς

2179 5335 2207 5375 ς
2253 5313 2436 5370 κανόσι
2460 5315 2522 5370 τὸ
2551 5315 2729 5372 ἱκανόν
2759 5317 3012 5395 γεοέσθω.
3095 5308 3330 5380 ’Λττικὸς
3394 5316 3422 5370 ὁ
3477 5309 3808 5372 εὐλαϐἀστα-

1725 5472 1985 5538 VARLE
2025 5469 2467 5538 LECTIONES.

515 5575 578 5627 64
601 5577 682 5633 ὃτι
726 5597 846 5656 περ.
