4192 6220
310 434 429 499 873

316 593 344 624 α
393 593 483 636 τος
561 571 847 640 ἐπίσκοπος
930 574 1266 640 Νικοπόλεως
1361 574 1598 638 παλαιᾶς

313 681 342 714 α
389 660 546 717 εἶπεν
581 677 595 692 ⁸
657 653 714 719 Ὀ
769 664 942 720 κανὼν
985 664 1123 722 οὕτω
1187 664 1498 745 διαγορεύει.
1559 654 1734 722 ’Ὥστε
1779 663 1832 722 ἐν
1858 653 1958 740 μιᾷ

311 770 339 802 (ι
385 749 586 827 ἑκάστῃ
628 756 734 807 τῶν
792 753 1065 834 ἐπαρχιῶν
1121 757 1179 811 τὸ
1210 762 1362 834 κῦρος
1395 753 1543 835 ἔχειν
1577 755 1667 810 τὸν
1710 759 1808 822 τῆς
1839 777 1955 829 μη-

313 859 342 891 :
387 839 718 916 τροπόλεως,
777 844 865 898 καὶ
921 844 1075 899 αὐτὸν
1133 846 1380 915 καθιστᾷν
1432 844 1630 908 πάντας
1685 844 1806 906 τοὺς
1855 844 1956 898 ὑπὸ

311 950 338 981 ιι
384 927 491 983 τὼν
533 929 696 995 αὐτὴν
740 929 998 1011 ἐπαρχίαν
1058 933 1211 997 ὄντας
1269 932 1612 995 ἐπισκόπους.
1669 933 1768 990 Καὶ
1823 930 1954 999 αὕτη

311 1038 334 1067 ιι
386 1014 532 1073 ἐστὶν
563 1019 597 1084 ἡ
639 1015 842 1077 διάνοια
896 1027 987 1077 τοῦ
1043 1023 1286 1085 κανόνος,
1334 1025 1421 1097 Τῷ
1470 1019 1524 1078 δὲ
1566 1021 1663 1089 τῆς
1709 1031 1956 1096 Νικομη-

311 1123 336 1158 ιι
385 1101 549 1179 δείας,
607 1105 790 1175 ἐπειδὴ
849 1107 900 1175 ἐξ
953 1110 1176 1190 ἀρχαίου
1233 1111 1366 1178 αὕτη
1436 1108 1762 1188 μητρόπολίς
1819 1109 1950 1182 ἐστι,

312 1211 336 1247 α
386 1196 814 1274 κεχρεώστηται,
898 1200 1096 1265 πάντας
1179 1201 1300 1264 τοὺς
1383 1203 1484 1257 ὑπὸ
1538 1201 1637 1267 τὴν
1695 1199 1952 1280 ἐπαρχίαν

314 1299 344 1340 ε
391 1287 547 1340 αὐτοῦ
601 1283 752 1351 ὄντας
781 1286 1101 1352 ἐπισκόπους
1130 1303 1478 1369 χειροτονεῖν.
1547 1281 1610 1346 Ἠ
1659 1288 1781 1367 ἁγία
1826 1289 1952 1345 σύν-

311 1393 334 1426 (
385 1369 501 1436 οδος
535 1373 659 1430 εἶπε
693 1394 706 1407 ’
769 1383 939 1433 Ταῦτα
985 1378 1177 1441 πάντες
1227 1377 1546 1455 βουλόμεθα.
1607 1385 1780 1436 Ταῦτα
1813 1401 1954 1434 παν-

311 1477 342 1518 (
385 1471 560 1540 ταχοῦ
601 1464 874 1543 κρατείτω.
936 1474 1109 1524 Ταῦτα
1150 1473 1308 1524 πᾶσιν
1377 1467 1608 1547 ἀρέσκει.
1675 1465 1954 1547 Ἰωάννης,

308 1570 336 1602 α
387 1559 808 1634 Κωνσταντϊνος,
839 1555 1124 1631 πατρίκιοι,
1173 1558 1259 1613 καὶ
1317 1559 1364 1614 οἱ
1394 1555 1568 1613 λοιποὶ
1627 1554 1955 1612 εὖλαϐέστα-

306 1659 335 1690 α
381 1659 461 1694 τοι
493 1638 769 1698 ἐπίσκοποι
808 1647 906 1709 τῆς
954 1650 1213 1711 Ποντικῆς
1255 1643 1590 1718 διοικήσεως,
1636 1645 1790 1702 εἷπον
1830 1663 1847 1676 ⁸
1897 1653 1956 1707 Οἱ

304 1747 329 1781 c
374 1727 590 1791 κανόνες
623 1727 713 1785 ἕνα
745 1729 894 1786 ἴσασι
949 1731 1371 1814 μητροπολίτην,
1433 1736 1524 1790 τὸν
1579 1734 1951 1814 ἀρχαιότερον.

302 1835 332 1867 α
378 1815 478 1872 Καὶ
521 1813 706 1892 δῆλον,
764 1820 838 1883 ὡς
885 1821 946 1875 τὸ
1002 1813 1388 1903 θεοφιλεστάτῳ
1457 1813 1732 1896 ἐπισκόπῳ
1786 1835 1954 1881 Νικο-

1638 435 2352 505 GRIECO—ROMANUM.

3580 461 3697 528 874

1699 563 1932 654 Ἠπείρου

2022 607 2032 625 .
2060 592 2084 623 ιι
2112 568 2301 658 Διὶιῃιευ
2330 570 2514 651 Epiri,
2549 574 2737 638 dixit:
2762 579 3020 643 Canonis
3039 582 3166 645 haec
3209 585 3397 650 verba
3416 599 3556 653 sunt
3587 610 3600 657 :
3625 592 3701 658 Ut

2047 679 2068 712 ι
2107 655 2167 717 in
2200 662 2586 741 unaqualibet
2647 668 2950 746 provincia
3004 676 3350 763 metropolis
3381 678 3700 763 episcopus

2045 766 2068 800 ι
2103 748 2514 846 auctoritatem
2547 754 2804 846 habeat,
2857 767 3033 840 atque
3081 761 3135 824 is
3193 748 3324 846 ipse
3381 748 3698 835 constituat

2045 855 2072 887 α
2107 840 2442 917 omnes,qui
2474 839 2582 901 sub
2608 842 2814 906 eadem
2838 839 3140 926 provincia
3169 839 3328 930 sunt,
3359 856 3691 940 episcopos.

2046 944 2072 976 α
2105 922 2181 984 Et
2208 924 2335 985 haec
2366 929 2610 991 canonis
2640 950 2812 995 mens
2838 922 2947 999 est.
2982 936 3056 999 At
3087 922 3530 1008 Nicomediensi
3561 922 3693 1030 epi-

2044 1033 2071 1063 «
2106 1028 2309 1093 scopo,
2343 1017 2626 1109 quoniam
2656 1021 2779 1084 haec
2833 1024 2978 1087 urbs
3025 1045 3058 1087 a
3091 1029 3304 1109 priscis
3337 1036 3573 1098 saeculis
3596 1017 3696 1100 est

2048 1122 2076 1152 α
2109 1103 2804 1189 metropolis,hocipsum
2831 1103 3108 1191 debetur,
3126 1126 3190 1181 ut
3220 1138 3428 1184 omnes
3459 1125 3693 1206 episco-

2047 1208 2078 1245 ι
2112 1207 2216 1268 pos
2272 1193 2373 1272 qui
2417 1195 2547 1275 ejus
2608 1199 2913 1278 provincia
2969 1207 3370 1288 continentur,
3429 1193 3688 1280 ordinet.

2047 1298 2070 1332 ιι
2107 1276 2325 1368 Sancta
2346 1276 2804 1362 synodus—dixit:
2833 1289 2970 1354 Haec
2997 1311 3206 1358 omnes
3227 1276 3517 1364 volumus.
3553 1276 3692 1368 Haec

2047 1387 2069 1422 tl
2107 1367 2327 1448 ubique
2347 1379 2485 1460 rata
2512 1376 2854 1441 sunto.ch
2899 1381 3133 1460 placent
3162 1387 3475 1453 universis.
3506 1391 3689 1456 Joan-

2047 1477 2069 1511 ιι
2106 1474 2212 1517 nes
2242 1465 2300 1518 et
2333 1458 2773 1543 Constantinus,
2808 1458 3060 1548 patricii,
3095 1477 3413 1558 caaterique
3443 1480 3690 1561 religio-

2046 1564 2068 1599 ι
2105 1544 2326 1607 sissimi
2363 1544 2905 1633 episcopiPonticaz
2926 1544 3507 1645 dioecesis,dixerunt
3533 1544 3688 1633 εἶξι-

2045 1655 2072 1686 ιι
2106 1650 2292 1732 nones
2343 1656 2526 1700 unum
2580 1642 2746 1704 illum
2804 1657 3138 1726 agnoscunt
3163 1642 3685 1737 metropolitanum

2045 1743 2071 1774 α
2104 1721 2211 1825 qu‘i'
2226 1725 2526 1825 antiquior
2586 1739 2708 1825 es_t_..
2761 1721 3046 1825 Adeoque
3069 1721 3380 1805 manifesto
3403 1753 3579 1825 patet,
3611 1749 3686 1810 ad

2046 1828 2068 1864 ι
2105 1810 2616 1890 religiosissimum
2640 1810 3159 1890 Nicomediensem
3191 1810 3535 1914 episcopum
3554 1810 3688 1916 per-

302 1920 333 1961 (
377 1901 595 1978 μηδείας
662 1903 990 1986 διαφέρουσιν
1056 1897 1115 1966 αἶ’
1176 1913 1516 1990 χειροτονίαι.
1595 1911 1818 2002 Ἐπειδὴ
1849 1935 1932 2002 ,κα

2045 1919 2067 1953 ιι
2103 1897 2296 2002 linere
2328 1897 3259 2002 ordinationes.Quandoquidem
3283 1920 3372 1982 hae
3397 1897 3586 2002 leges,
3609 1897 3682 1986 id

300 2012 326 2046 ε
374 1994 427 2048 αἱ
475 1995 798 2071 νομοθεσίαι,
853 1998 927 2060 ὡς
983 1997 1182 2056 σύνοιδε
1226 2000 1311 2056 καὶ
1355 2002 1390 2068 ἡ
1448 1999 1676 2078 ὑμετέρα
1708 1999 1946 2079 μεγαλο-

299 2099 325 2136 c
376 2080 628 2156 πρέπεια,
720 2084 937 2160 ὀνόματι
1011 2087 1394 2167 μητροπόλεως
1472 2090 1620 2164 μόνῳ
1692 2088 1946 2165 ἐτίμησαν

299 2190 322 2224 ε
359 2169 458 2237 τὴν
485 2170 723 2228 Νικαέων
757 2189 770 2202 '
833 2181 1152 2253 προτιμᾶται
1183 2174 1236 2232 δὲ
1263 2183 1370 2233 τῶν
1400 2177 1599 2235 λοιπῶν
1633 2179 1945 2235 ἐπισκόπων

300 2277 326 2313 ι
372 2263 473 2325 τῆς
530 2258 792 2340 ἐπαρχίας
820 2269 888 2338 τῇ
919 2271 1052 2341 τιμῇ
1085 2265 1222 2343 μόνῃ
1257 2283 1273 2300 ⁶
1325 2267 1360 2334 ἡ
1394 2267 1516 2345 ἁγία
1549 2265 1760 2330 σύνοδος
1791 2267 1937 2324 εἶπε’

296 2367 322 2402 ι
373 2355 675 2413 Κανονικῶς
757 2349 1006 2418 ἐδίδαξαν.
1098 2354 1286 2420 Καλῶς
1387 2355 1636 2422 ἐδίδαξαν.
1746 2358 1946 2422 Πάντες

299 2458 325 2491 ιι
373 2436 438 2491 τὰ
480 2437 608 2494 αὗτὰ
659 2436 908 2516 λέγομεν,
972 2443 1070 2499 Καὶ
1125 2444 1267 2508 αὖθις
1339 2447 1384 2502 οἷ
1455 2446 1673 2509 κανόνες
1732 2447 1945 2527 κρατεί-

300 2545 331 2584 (
377 2547 570 2585 τωσαν.
629 2537 754 2594 Tot;
811 2531 998 2588 κανόσι
1055 2535 1115 2589 τὸ
1167 2536 1345 2591 ἱκανὸν
1397 2535 1648 2615 γενέσθω,
1686 2532 1780 2593 Ὧν
1811 2538 1946 2596 οὕτω

298 2634 323 2669 ι
374 2613 752 2696 συνδοξάντων,
809 2620 1160 2700 συμπέρασμα
1215 2613 1489 2702 ἐπήγαγον
1546 2628 1592 2682 οἱ
1662 2625 1938 2706 ἄρχοντες,

295 2725 324 2758 α
371 2705 458 2760 καὶ
501 2704 786 2784 ἀπόφασιν,
846 2707 1072 2787 ἔχουσαν
1132 2709 1299 2776 οὕτως
1335 2731 1351 2747 ’
1398 2713 1507 2780 Τὴν
1550 2714 1647 2789 μὲν
1678 2716 1943 2774 αὐθεντίαν

295 2813 323 2845 ι
367 2798 457 2848 τοῦ
513 2793 904 2872 μητροπολίτου
949 2797 1003 2852 ἐν
1056 2813 1177 2862 ταῖς
1235 2802 1366 2858 κοτὰ
1425 2803 1660 2858 Βιθυνίαν
1705 2801 1941 2872 Ἐκκλη-

295 2898 320 2934 σ
368 2881 501 2945 σίαις
532 2883 559 2936 ὁ
603 2883 954 2958 Νικομηδείας
1013 2885 1393 2954 εύλαϐέστατος
1448 2890 1733 2956 ἐπίσκοπος
1787 2891 1887 2958 ἕξει
1923 2945 1936 2958 ,

293 2991 321 3024 α
367 2976 458 3025 τοῦ
508 2971 750 3050 Νικαίας,
810 2973 910 3039 τὴν
961 2977 1123 3051 τιμὴν
1178 2978 1347 3052 μόνην
1397 2987 1488 3035 τοῦ
1551 2980 1940 3060 μητροπολίτου

297 3077 326 3118 ι
369 3057 612 3138 ἔχοντος,
660 3061 1004 3137 ὑποκειμένου
1048 3062 1102 3120 δὲ
1162 3068 1298 3125 κατὰ
1355 3070 1582 3143 μίμησιν
1626 3076 1731 3127 τῶν
1763 3068 1937 3127 ἄλλων

291 3168 320 3200 α
367 3146 669 3204 ἐπισκόπων
705 3155 802 3216 τῆς
832 3150 1116 3233 ἐπαρχίας,
1149 3161 1226 3229 τῷ
1250 3157 1347 3222 τῆς
1373 3155 1747 3232 Νικομηδείας.
1770 3167 1934 3217 Τοῦτο

293 3257 322 3289 ιι
367 3237 467 3314 γὰρ
509 3238 595 3292 καὶ
623 3243 691 3314 τῇ
722 3239 844 3318 ἁγία
891 3242 1128 3320 παρέστη
1162 3242 1379 3318 σύνοδῳ.
1422 3269 1450 3299 ιι

366 3330 444 3401 Τῇ
472 3326 691 3402 τοιαύτῃ
723 3329 920 3410 Δψήφῳ
978 3332 1064 3386 καὶ⁹
1123 3333 1244 3410 ἁγία
1299 3332 1508 3397 σύνοδος
1566 3333 1930 3406 ἐπακολουθή-

282 3434 444 3494 σασα,
501 3415 590 3470 τὸν
662 3405 733 3492 ιβ’
813 3405 1006 3476 κανόνα
1077 3422 1456 3503 ὑπηγόρευσεν,
1539 3423 1930 3504 ἀπαγορεύοντα

280 3503 381 3569 τὴν
412 3502 535 3578 μίαν
581 3502 841 3584 ἐπαρχίαν
885 3509 957 3572 εἷς
1017 3508 1106 3566 δύο
1161 3502 1597 3588 κατατέμνεσθαι,
1672 3502 1760 3570 καὶ
1817 3536 1930 3588 μη-

277 3590 593 3670 τροπολίτας
623 3591 712 3648 δύο
754 3593 808 3649 ἐν
866 3602 962 3671 μιᾷ
1009 3598 1238 3679 ἐπαρχίᾳ
1298 3600 1439 3657 εἷναι
1467 3621 1480 3636 ·
1541 3602 1626 3659 καὶ
1684 3603 1928 3682 καθαίρε-

278 3701 367 3735 σιν
438 3679 747 3738 ἆπεντεῦθεν
805 3682 1093 3742 ἀπειλοῦσα
1150 3695 1226 3762 τῷ
1283 3687 1343 3745 ἐκ
1399 3688 1721 3770 περιδρομῆς
1795 3679 1924 3749 τολ-

278 3768 504 3841 μήσοντι
563 3768 836 3846 ἐπισκόπῳ
895 3771 976 3831 διὰ
1044 3775 1180 3832 θείου
1237 3777 1402 3834 τύπου
1471 3786 1627 3836 τοῦτο
1689 3777 1874 3836 λαϐεῖν
1909 3801 1920 3813 ³

274 3856 364 3910 καὶ
420 3856 748 3935 θεσπίζουσα,
830 3863 918 3917 τὸν
987 3862 1275 3922 ἐπίσκοπον
1335 3869 1424 3922 τὸν
1507 3867 1566 3923 ἐκ
1641 3868 1923 3944 βασιλικῆς

276 3940 508 4007 ἔξουσίας
556 3943 657 4013 ἤδη
719 3950 1170 4027 μητροπολιτικὸν
1227 3953 1479 4035 εἰληφότα
1540 3940 1760 4037 δίκαιον,
1814 3958 1920 4033 μό-

273 4052 370 4098 νης
413 4032 702 4091 ἀπολαύειν
758 4041 856 4106 τῆς
923 4047 1106 4117 τιμῆς,
1170 4032 1483 4119 σωζομένων
1540 4032 1822 4125 ἀκεραίων
1853 4053 1920 4124 τῇ

274 4121 411 4207 κατὰ
492 4121 742 4193 ἀλήθειαν
824 4130 1152 4207 μητροπόλει
1237 4138 1340 4191 τῶν
1425 4121 1650 4192 οἰκείων⁷
1682 4121 1912 4195 δικαίωνξ

277 4195 450 4300 ’Ἔχει
477 4209 530 4266 δὲ
561 4214 588 4267 ὁ
618 4213 792 4271 κανὼν
1021 4236 1037 4252 ⁹
1385 4294 1390 4300 ι

359 4285 608 4357 α”Ηλθεν
667 4303 740 4368 είς
795 4307 958 4387 ἡμᾶς,
1005 4307 1079 4372 ὥς
1133 4331 1272 4374 τινες
1334 4294 1476 4389 παρὰ
1534 4314 1654 4377 τοὺς
1711 4313 1914 4384 ἐκκλη-

280 4405 304 4441 I
354 4389 656 4453 σιαστικοὺς
750 4395 972 4470 θεσμοὺς
1065 4397 1487 4478 προσδραμόντες
1571 4399 1907 4480 δυναστείαις,

2042 2009 2070 2040 ι
2102 1989 2259 2067 quod
2285 1992 2459 2054 etiam
2477 2003 2686 2057 vestra)
2706 2007 2935 2062 constat
2956 1989 3685 2087 magniﬁcentizejomino

2035 2094 2063 2134 α
2097 2075 2385 2142 duntaxat
2442 2086 2788 2165 metropolis
2858 2075 3142 2155 Nicaetam
3203 2075 3496 2162 civitatem
3574 2120 3680 2165 co-

2033 2186 2059 2218 ι
2093 2165 2493 2232 honestarum
2518 2190 2530 2234 :
2559 2176 3344 2267 cujusantistitesepiscopis
3365 2189 3684 2267 provinciaa

2031 2271 2059 2311 ιι
2093 2257 2324 2320 caeteris
2346 2260 2574 2322 honore
2615 2263 2741 2325 solo
2789 2257 3100 2346 praefertur
3142 2290 3156 2332 :
3197 2257 3398 2337 sancta
3423 2279 3682 2358 synodus

2037 2363 2060 2398 ι
2097 2342 2244 2403 dixit
2275 2363 2288 2407 :
2323 2345 2396 2409 Hi
2422 2351 2708 2414 canonice
2734 2342 2864 2416 rem
2889 2370 3309 2438 exposuerunt.
3343 2342 3524 2429 Rec'te
3548 2386 3679 2430 rem

2034 2450 2056 2487 ι
2095 2447 2514 2510 exposuerunt.
2542 2438 2765 2504 Omnes
2791 2448 2999 2509 eadem
3031 2447 3302 2512 dicimus.
3336 2454 3411 2515 Et
3437 2472 3679 2519 rursum

2033 2541 2056 2574 ι
2093 2538 2352 2585 canones
2404 2528 2516 2588 rati
2546 2543 2745 2594 sunto.
2785 2534 3123 2599 Canonibus
3152 2539 3417 2606 satisﬁat.
3453 2542 3678 2617 Quibus

2032 2631 2058 2662 α
2094 2609 2174 2670 ita
2203 2617 2601 2680 communiter
2630 2622 2996 2702 approbatis,
3030 2629 3480 2694 conclusionem
3511 2635 3677 2697 intu-

2030 2720 2057 2752 ι
2091 2697 2214 2800 lere
2263 2706 2571 2800 praesides,
2630 2697 2805 2791 atque
2863 2697 3221 2779 sententiam
3275 2721 3673 2800 hujusmodi:

2028 2805 2057 2845 ι
2093 2789 2521 2891 Auctoritatem
2546 2789 2988 2891 metropolitani
3003 2805 3063 2866 in
3075 2789 3678 2891 Ecclesiis'Bithyniae

2031 2893 2060 2932 ‹
2089 2877 2573 2958 religiosissimus
2590 2877 3066 2955 Nicomediensis
3077 2895 3389 2978 episcopus
3403 2877 3669 2978 habebit,

2030 2985 2051 3018 α
2089 2966 2330 3030 Νἱοωηο
2384 2977 2822 3056 metropolitani
2880 2966 3162 3047 duntaxat
3190 2966 3480 3049 honorem
3510 2966 3672 3054 obti;

2029 3076 2053 3106 (ι
2091 3065 2289 3133 nente,
2315 3060 2624 3144 nihiloque
2667 3068 2866 3131 minus
2889 3070 2964 3131 ad
3003 3072 3396 3138 imitationem
3419 3087 3668 3143 caetero-

2029 3160 2056 3198 ι
2086 3160 2221 3238 rum
2255 3151 2572 3226 provinciae
2603 3156 3498 3238 episcoporum,Nicomedieusi
3518 3167 3667 3231 sub-

2022 3253 2050 3284 ¢
2082 3231 2227 3332 dita.
2264 3238 2414 3332 Nam
2437 3241 2550 3302 hoc
2580 3231 2662 3304 ita
2687 3231 2869 3307 sacrae
2897 3231 3086 3310 visum
3119 3258 3208 3312 est
3236 3253 3484 3332 synodo.
3515 3277 3538 3315 ι

2094 3318 2220 3383 Hoc
2252 3326 2457 3388 eadem
2517 3340 2719 3393 sancta
2769 3337 3026 3414 synodus
3079 3318 3288 3402 secuta
3331 3342 3660 3426 decretum,

2015 3426 2301 3473 canonem
2337 3415 2750 3482 duodecimum
2800 3424 3058 3503 dictavit,
3113 3429 3552 3508 prohibentem,
3586 3415 3664 3494 ne

2013 3516 2130 3559 una
2154 3503 2798 3584 provinciascindatur
2825 3512 2888 3572 in
2917 3512 3084 3591 duas,
3113 3503 3269 3578 neve
3309 3503 3659 3600 metropoli-

2015 3589 2132 3648 tani
2163 3589 2275 3652 duo
2307 3591 2368 3654 in
2423 3613 2541 3656 una
2593 3598 2893 3677 provincia
2936 3589 3075 3664 sint.
3113 3602 3302 3666 Simul
3333 3589 3659 3669 abdicatio-

2011 3693 2148 3736 nem
2185 3681 2461 3761 episcopo
2512 3687 2907 3750 comminatur
2935 3690 2997 3750 in
3027 3699 3354 3770 posterum,
3400 3695 3499 3776 qui
3531 3695 3654 3758 cir-

2009 3769 2490 3833 cumcursitando
2518 3791 2624 3853 per
2643 3775 2873 3857 apicem
2897 3769 3130 3841 sacrum
3152 3780 3212 3842 id
3234 3769 3562 3846 tentaturus
3580 3784 3657 3848 sit

2008 3857 2292 3937 consequi
2321 3875 2334 3920 :
2371 3865 2672 3944 sanciens,
2705 3872 2766 3925 ut
2787 3863 2838 3926 is
2861 3866 3197 3948 episcopus,
3231 3870 3334 3952 qui
3360 3870 3433 3933 ab
3460 3871 3654 3954 impe-

2003 3943 2222 4039 ratoria
2268 3954 2559 4039 potestate
2603 3943 2702 4031 jus
2761 3943 3267 4034 metropoliticuni
3288 3959 3413 4039 jam
3442 3943 3652 4024 nae-tus

2003 4029 2100 4102 sit,
2157 4032 2383 4097 honore
2447 4029 2729 4130 duntaxat
2778 4029 3024 4120 fruatur,
3086 4045 3262 4109 salvis
3288 4029 3369 4110 vet
3405 4049 3654 4130 integris

2000 4136 2154 4182 verae
2199 4127 2514 4206 metropoli
2567 4130 2694 4192 suis
2742 4131 3004 4211 juribus.
3061 4133 3206 4216 Ejus
3255 4139 3499 4201 canonis
3525 4127 3653 4204 haec

1998 4208 2177 4271 verba
2204 4221 2340 4274 sunt
2372 4231 2386 4276 :

2084 4321 2112 4353 α
2145 4298 2421 4364 Pervenit
2448 4305 2520 4366 ad
2544 4325 2674 4388 nos,
2718 4311 3004 4389 quosdam
3037 4322 3255 4393 praeter
3281 4317 3649 4381 ecclesiasti-

2007 4405 2030 4441 ι
2068 4405 2165 4448 cas
2195 4389 2358 4470 leges
2388 4394 2458 4454 ad
2519 4413 2644 4472 eos,
2702 4398 2805 4477 qui
2850 4389 3056 4463 rerum
3077 4407 3400 4483 potiuntur,
3433 4425 3646 4470 accur-

275 4490 307 4532 (
344 4472 427 4532 διὰ
476 4488 860 4577 πραγματικῶν
902 4485 1001 4551 τὴν
1058 4472 1181 4562 μίαν
1233 4472 1498 4569 ἐπαρχίαν
1548 4490 1622 4577 είς
1678 4487 1766 4548 δύο
1819 4472 1915 4550 καί·

2022 4498 2035 4529 r
2071 4477 2242 4553 risse,
2270 4498 2496 4561 perque
2524 4472 2912 4564 pragmaticas
2942 4472 3280 4556 sanctiones
3309 4514 3488 4557 unam
3518 4515 3646 4577 pro-

275 4579 306 4623 ι
348 4563 595 4640 τέτεμον.
658 4558 748 4632 Ὠς
806 4571 866 4628 ἐκ
915 4558 1098 4656 τούτου
1170 4573 1257 4632 δύο
1329 4558 1722 4656 μητροπολίτας
1773 4581 1914 4638 εἶναι

274 4670 298 4707 (ι
347 4651 493 4728 ἐντῇ
550 4658 703 4745 αὐτῇ,
738 4656 993 4740 ἐπαρχίᾳ.
1043 4653 1237 4742 "apice
1292 4651 1462 4724 τοίνυν
1519 4668 1552 4734 ἡ
1610 4667 1732 4745 ἁγία
1789 4691 1914 4725 τυν-

271 4761 300 4796 (ι
346 4739 489 4819 οδος,
547 4752 638 4800 τοῦ
694 4739 1090 4825 λοιποῦίμηδὲν
1146 4760 1382 4811 τοιοῦτον
1438 4752 1727 4831 τολμᾶσθαι
1773 4760 1914 4838 παρὰ

272 4847 298 4886 I
345 4829 636 4890 ἐπισκόπου
718 4834 937 4905 Ἐπειδὴ
1013 4842 1102 4898 τὸν
1204 4843 1425 4925 τοιούτῳ
1508 4829 1909 4925 ἐπιχειροῦντα,

269 4939 298 4972 ι
343 4917 615 4976 ἐκπίπτειν
670 4930 763 4980 τοῦ
804 4923 928 4981 ἰδίου
985 4929 1208 5006 βαθμοῦ,
1273 4921 1440 4990 ’Ὀσαι
1497 4931 1553 4988 δὲ
1602 4917 1792 4999 ’πόλεις
1828 4917 1912 4993 δια

269 5025 294 5062 ι
340 5008 668 5085 γραμμάτων
720 5011 1032 5091 βασιλικῶν,
1095 5026 1171 5093 τῷ
1222 5022 1319 5087 τῆς
1380 5021 1764 5096 μητροπόλεως
1795 5024 1907 5081 ἐτι-

269 5116 297 5149 α
345 5097 593 5170 μήθησαν
643 5099 886 5182 ὀνόματι,
938 5105 1108 5180 μόνης
1163 5106 1569 5166 ἀπολαυέτωσαν
1597 5116 1694 5178 τῆς
1720 5119 1905 5190 τιμῆς,

262 5199 293 5241 (
339 5184 428 5238 καὶ
484 5185 511 5238 ὁ
568 5185 666 5254 τὴν
729 5187 1046 5258 Ἐκκλησίαν
1104 5197 1268 5262 αὐτῆς
1336 5194 1544 5254 διοικῶν
1599 5184 1902 5278 ἐπίσκοπος,

261 5291 290 5325 α
337 5270 654 5346 σωζομένων
696 5273 942 5342 δηλονότι
999 5288 1066 5359 τῇ
1120 5285 1256 5340 κατὰ
1298 5283 1545 5355 ἀλήθειαν
1577 5270 1904 5366 μητροπόλει

263 5381 289 5414 ιι
322 5364 427 5415 τῶν
458 5360 662 5418 οἰκείων
692 5361 927 5429 δικαίων,
964 5391 991 5424 ιο
1054 5375 1152 5437 Οἷς
1186 5373 1469 5454 σύμψηφος
1524 5360 1731 5453 ἐγένετο
1759 5379 1847 5434 καί
1876 5381 1903 5435 ὁ

252 5445 498 5524 βασιλεὺς
531 5454 851 5530 Μαρκιανὸς,
883 5456 981 5523 τὴν
1009 5459 1148 5515 θείαν
1176 5445 1372 5528 ταύτην
1389 5445 1752 5542 ’ὑπαγορεύσας
1781 5465 1902 5522 διά-

250 5533 420 5600 ταξιν.
459 5558 483 5591 ιι

339 5644 363 5679 α
426 5625 528 5682 Τὸν
555 5712 565 5719 Δ
597 5626 978 5708 ἀφαιρούμενον
1034 5634 1242 5702 πόλεως
1305 5636 1644 5719 οἷασδήποτε,
1731 5643 1894 5702 πάλαι

257 5731 284 5770 α
319 5710 501 5791 οὖα-ης,
537 5712 572 5783 ἢ
605 5724 694 5773 νυν
736 5719 1071 5791 πολισθείσης
1121 5726 1184 5781 τὸ
1237 5731 1334 5796 τῆς
1391 5710 1570 5798 ῗδικῆς
1600 5710 1893 5802 ἐπισκοπῆς

688 5854 950 5922 Parnm.
997 5857 1107 5928 Gn.
1154 5863 1360 5927 CXIX.

2006 4585 2029 4618 ι
2068 4563 2319 4627 vinciam
2347 4568 2406 4628 in
2441 4570 2588 4632 duas
2644 4563 3072 4650 divisisse.Quo
3102 4580 3292 4643 ﬁatut
3319 4582 3382 4643 in
3431 4563 3640 4646 eadem

2004 4674 2031 4706 α
2066 4655 2366 4732 provincia
2396 4657 2513 4719 duo
2537 4659 2656 4721 sint
2690 4667 3168 4745 metropolitanii.
3201 4668 3474 4733 Decrevit
3501 4690 3641 4752 ergo

2002 4763 2028 4794 α
2062 4751 2266 4804 sancta
2314 4748 2593 4840 synodus,
2629 4753 2701 4840 in,
2747 4761 3046 4833 posterum
3077 4757 3149 4818 ab
3179 4759 3459 4840 episcopo
3492 4748 3639 4822 nihil

1998 4831 2196 4926 «tale
2228 4835 2596 4900 tentandum.
2671 4831 2901 4921 Quippe
2975 4845 3077 4925 qui
3150 4831 3263 4909 hoc
3333 4831 3634 4926 m-olietur,

1999 4939 2023 4974 ι
2057 4921 2244 4998 gradu
2285 4941 2390 4985 suo
2440 4926 2693 4989 excidet.
2751 4921 3129 5014 Quaecuuque
3176 4953 3315 4998 vero
3372 4921 3636 5004 civitates

1998 5031 2025 5062 α
2058 5028 2165 5088 per
2219 5011 2630 5093 imperatorias
2687 5017 2912 5082 litteras
2995 5011 3345 5105 metropolis
3395 5027 3634 5090 nomine

1999 5120 2022 5154 ιι
2058 5099 2442 5163 cohonestate
2487 5103 2730 5182 fuerint,
2789 5108 3032 5174 honoris
3075 5099 3356 5176 duntaxat
3377 5115 3627 5180 fructum

1997 5208 2019 5243 ιι
2058 5188 2412 5284 percipiant,
2464 5212 2585 5284 una
2633 5214 2766 5256 cum
2811 5198 3108 5280 episcopo,
3171 5204 3273 5284 qui
3319 5205 3633 5284 cujuslibet

1994 5299 2023 5332 ιι
2057 5278 2304 5341 civitatis
2362 5279 2684 5344 Ecclesiam
2721 5286 2913 5368 regit;
2973 5278 3148 5353 salvis
3189 5278 3424 5357 scilicet
3476 5315 3630 5358 verae

1990 5387 2018 5426 ‹
2057 5371 2369 5450 metropoli
2398 5371 2522 5432 suis
2540 5373 2802 5451 juribus.
2839 5401 2865 5431 ι
2899 5379 3091 5460 Atque
3120 5381 3215 5443 his
3236 5401 3512 5447 assensus
3541 5395 3631 5448 est

1986 5455 2161 5517 etiam
2187 5458 2516 5523 Marcianus
2546 5463 2871 5543 imperator
2922 5455 3032 5530 hoc
3061 5488 3228 5534 sacro
3250 5471 3444 5536 edicto
3475 5493 3625 5536 con-

1981 5545 2128 5610 dito.

2067 5662 2092 5694 α
2127 5637 2405 5732 Eum,qui
2460 5644 2791 5729 cuicunque
2847 5647 3092 5723 civitati,
3151 5650 3246 5714 vel
3268 5651 3621 5732 jamdudum

1985 5753 2008 5788 ι
2048 5730 2475 5817 exsistenti,vel
2500 5737 2674 5801 modo
2697 5739 3074 5823 conditae,jus
3097 5730 3475 5826 episcopatus
3503 5749 3618 5822 sui,

3057 5877 3135 5946 28
