4192 6220
552 433 688 516 ’875

1926 422 2085 512 ’ωε
2124 443 2573 512 CANONICUM

3825 440 3928 505 876

581 607 606 639 α
641 585 731 646 vel
761 585 918 648 aliud
952 585 1269 666 quodpiam
1322 582 1694 664 privilegium
1768 583 1998 665 adimit,
2045 583 2214 645 etiam

2310 602 2338 634 ι
2382 579 2604 656 δίκαιον,
2639 581 2673 649 ἢ
2705 580 2878 659 ἕτερόν
2908 601 2956 635 τι
3002 575 3312 658 προνόμιον,
3357 577 3454 634 κᾶν
3504 575 3609 632 ἀπὸ
3665 575 3930 652 βασιλικῆς

579 695 606 727 σ
639 671 1016 752 imperatorio
1040 672 1393 753 permissum
1412 670 1654 732 infamia
1673 672 1974 733 notathaac
1991 669 2217 733 consti-

581 783 603 816 ι
642 762 814 838 tutio,
850 761 1257 841 bonorumque
1303 759 1706 841 publicatione
1761 761 1992 836 multat,
2023 762 2216 841 ipsum

581 872 610 904 cr
647 848 824 910 etiam
855 857 1125 911 conatum
1160 848 1530 930 improbans.
1567 874 1594 904 »

652 937 881 1019 Excipit
931 945 1129 1002 autem
1199 938 1343 999 sitas
1405 941 1464 999 in
1504 938 1741 1019 Scythia
1774 938 2105 1020 provincias
2163 947 2221 1002 et

573 1027 983 1108 Leontopolim
1028 1027 1290 1089 Isauriae.
1327 1028 1442 1089 Lex
1488 1027 1629 1090 item
1665 1035 1854 1090 exstat
1883 1028 2017 1106 alia,
2052 1027 2220 1108 cujus

570 1117 697 1178 haec
725 1116 909 1178 verba
938 1125 1075 1179 sunt
1110 1137 1123 1176 :

657 1230 678 1260 σ
717 1205 918 1266 Firma
950 1205 1068 1265 sint
1105 1203 1512 1266 ecclesiastica
1542 1203 1850 1283 privilegia
1879 1205 2212 1268 universa.»

651 1295 919 1374 Itemque
939 1311 1145 1355 rursus
1165 1293 1302 1355 alia.

662 1408 688 1438 ιι
725 1382 936 1444 Sacros
969 1401 1228 1444 canones
1267 1400 1382 1457 non
1418 1380 1634 1459 minus,
1671 1402 1847 1463 quam
1873 1383 2030 1463 ipsas
2061 1382 2218 1461 leges

577 1495 605 1526 α
637 1471 1026 1550 valere,leges
1052 1472 1280 1533 volunt.
1307 1471 1376 1531 Et
1400 1471 1556 1550 quod
1589 1490 1846 1534 canones
1871 1471 2211 1553 prohibent,

577 1585 604 1616 α
639 1560 698 1622 id
725 1560 900 1621 etiam
935 1559 1252 1640 prohibent
1282 1559 1464 1638 leges.
1506 1584 1527 1615 ι

646 1648 718 1709 Et
747 1649 872 1709 haec
901 1647 1143 1728 quidem
1202 1647 1500 1709 sufﬁciunt
1541 1648 1613 1709 ad
1665 1648 2061 1726 probandum,
2098 1667 2214 1710 non

575 1737 724 1799 duos
755 1737 1242 1815 metropolitanos
1265 1737 1322 1798 in
1342 1755 1458 1798 una
1471 1755 1601 1798 esse
1620 1737 2052 1817 provincia,sed
2067 1746 2214 1798 tem-

569 1845 711 1907 pore
742 1827 1292 1906 priorem,itemque
1319 1826 1442 1905 jam
1477 1838 1679 1904 pactos
1705 1825 2211 1907 metropolitanos,

565 1916 794 1976 honore
824 1914 1103 1976 duntaxat
1131 1915 1263 1976 aliis
1296 1913 1592 1994 episcopis
1628 1923 1930 1994 praestare,
1966 1927 2213 1977 caeteros

569 2004 670 2082 qui
700 2003 966 2065 subditos
1017 2003 1096 2083 ei,
1152 2004 1252 2084 qui
1307 2021 1515 2083 reapse
1564 2003 2056 2083 metropolitanus
2081 2012 2206 2074 est;

565 2093 850 2174 deinceps
885 2112 1046 2167 vero,
1081 2111 1217 2155 cum
1246 2092 1374 2172 ipse
1406 2092 1495 2153 rei
1523 2100 1768 2154 conatus
1797 2094 1967 2154 etiam
2004 2092 2211 2172 prohi-

568 2181 1152 2262 beatur,episcopum
1185 2181 1246 2241 id
1278 2199 1484 2242 ausum
1516 2180 1736 2260 facere,
1758 2181 1940 2258 gradu
1967 2199 2071 2240 suo
2101 2181 2211 2241 de-

560 2269 668 2350 jici
704 2291 715 2332 :
751 2269 976 2330 nullum
1012 2269 1267 2349 denique
1300 2269 1673 2350 privilegium
1709 2288 1775 2330 ex
1803 2270 2035 2350 iis,quae
2053 2270 2214 2349 prius

562 2359 739 2420 alicui
770 2357 1596 2438 adhaeseruntepiscopatui,a
1627 2376 1917 2438 quoquam
1939 2358 2210 2420 adimen-

564 2447 729 2509 dum.
755 2446 919 2519 Quod
950 2453 1146 2507 autem
1196 2465 1315 2507 non
1341 2446 1427 2507 fas
1457 2447 1533 2507 sit
1563 2464 1654 2522 ea,
1688 2465 1816 2526 quae
1846 2454 2215 2508 concernunt

563 2539 894 2617 episcopos,
923 2536 1251 2597 secundum
1286 2555 1517 2598 sacram
1550 2537 1917 2598 sanctionem
1935 2553 2210 2617 pragma-

567 2624 740 2688 ticam
777 2625 1128 2705 procedere,
1165 2624 1268 2686 sed
1297 2625 1463 2703 juxta
1512 2623 1754 2687 Patrum
1787 2624 2072 2688 duntaxat
2101 2625 2210 2686 de-

564 2713 1031 2786 terminationes,
1065 2769 1072 2777 .
1103 2731 1250 2792 quos
1308 2721 1366 2773 et
1429 2731 1688 2774 canones
1744 2723 1954 2774 vocant
1988 2734 2001 2774 :
2032 2713 2089 2774 id
2142 2732 2210 2776 ex

563 2802 678 2864 alia
690 2809 907 2863 sanctae
920 2802 1098 2880 hujus
1121 2801 1478 2864 universalis
1498 2809 1720 2882 quartae
1743 2803 1951 2882 synodi
1979 2802 2211 2864 actione

563 2890 791 2971 percipi
823 2890 1187 2969 potest.Nam
1211 2908 1343 2950 cum
1366 2889 1570 2950 civitas
1589 2889 1836 2969 Berytus
1869 2889 2213 2968 metropoli-

560 2979 741 3040 ticum
794 2986 896 3058 jus
945 2977 1322 3057 impetrasset
1374 2977 1445 3038 ab
1501 2996 1571 3038 eo
1647 2976 1982 3039 Theodosio
2043 2977 2210 3056 prin-

560 3067 690 3146 cipe
715 3067 816 3146 (24
845 3065 1086 3145 25),qui
1109 3065 1178 3125 ad
1214 3065 1539 3127 discrimen
1565 3064 1724 3125 illius
1742 3064 2214 3144 majoris,minor

2307 692 2334 724 σ
2380 669 2690 750 ἐπιτροπῆς,
2736 670 2925 746 ἀτιμοῖ
2952 671 3038 726 καὶ
3066 666 3283 744 δημεύει
3324 669 3358 736 ἡ
3390 665 3639 742 διάταξις,
3686 665 3930 747 ἂκυροῦσα

2306 781 2334 813 α
2379 760 2466 816 καὶ
2494 760 2592 827 τὴν
2620 759 2950 839 ἐγχείρησιν,
2988 782 3016 814 ι)

2383 925 2680 1015 ’Υπεξαιρετ
2707 935 2761 992 δὲ
2790 938 2878 993 καὶ
2905 937 2998 1000 τὰς
3040 936 3094 993 ἐν
3137 935 3328 1008 Σκυθίᾳ
3357 933 3639 1014 ἐπαρχίας,
3671 933 3757 990 καὶ
3787 938 3932 989 Λεον-

2300 1023 2516 1081 τόπολιν
2546 1029 2644 1092 τῆς
2676 1024 2950 1105 Ἰσαυρίας,
2990 1015 3150 1084 ’Ἐστι
3181 1023 3234 1081 δὲ
3264 1028 3351 1082 καὶ
3373 1023 3548 1103 ἕτερος
3591 1024 3772 1100 νόμος,
3808 1020 3932 1079 οὕτω

2300 1109 2499 1178 διεξιών
2536 1130 2552 1148 ⁶

2386 1220 2410 1254 ιι
2446 1198 2776 1258 Βεϐαιούσθω
2802 1203 2869 1259 τὰ
2910 1201 3322 1270 ἐκκλησιαστικὰ
3363 1201 3532 1257 πάντα
3588 1200 3866 1278 προνόμια.
3902 1222 3924 1258 ι

2382 1290 2479 1347 Καὶ
2508 1288 2668 1348 πάλιν
2695 1289 2881 1356 ἄλλος.

2385 1401 2413 1433 ιι
2449 1379 2576 1444 Τοὺς
2605 1381 2768 1443 θείους
2796 1381 3018 1446 κανόνας
3041 1383 3135 1438 οὐκ
3155 1380 3370 1439 ἔλαττον
3386 1385 3492 1436 τῶν
3513 1379 3688 1454 νόμων
3708 1379 3929 1458 ἰσχύειν,

2304 1486 2335 1528 (
2378 1471 2422 1525 οἱ
2468 1469 2618 1544 νόμοι
2645 1469 2943 1546 βούλονται,
2993 1472 3089 1530 Καὶ
3145 1469 3273 1550 ὅπερ
3315 1474 3361 1527 οἱ
3408 1470 3622 1533 κανόνες
3651 1467 3928 1541 κωλύουσι,

2302 1579 2329 1615 ι
2377 1558 2531 1615 τοῦτο
2561 1560 2647 1614 καὶ
2679 1563 2726 1615 οἱ
2769 1561 2945 1635 νόμοι.
2989 1583 3013 1618 ι

2378 1648 2475 1705 Καὶ
2527 1656 2689 1706 ταῦτα
2746 1671 2840 1724 μεν
2899 1649 3117 1730 ἀπόχρη
3173 1651 3304 1728 πρὸς
3357 1649 3416 1705 τὸ
3475 1646 3666 1723 δεῖξαι,
3732 1649 3796 1704 οὗ
3853 1643 3933 1702 δύο

2299 1731 2709 1814 μητροπολίτας
2735 1738 2876 1794 εἶναι
2934 1738 2988 1794 ἐν
3045 1744 3141 1814 μιᾷ
3191 1738 3447 1818 ἐπαρχίᾳ,
3513 1735 3650 1792 ἀλλὰ
3705 1736 3798 1791 τὸν
3847 1733 3932 1813 ἄρ-

2297 1824 2598 1902 γαιότερον.
2636 1827 2732 1882 Καὶ
2762 1828 2844 1898 -ιὸ,
2877 1827 2995 1892 τοὺς
3026 1827 3318 1907 φθάσαντας
3377 1825 3635 1904 γενέσθαι,
3685 1830 3755 1900 τῇ
3813 1829 3936 1899 τιμῇ

2298 1911 2458 1986 μόνον
2485 1917 2590 1967 τῶν
2619 1909 2793 1969 ἄλλων
2823 1914 3124 1971 ἐπισκόπων
3179 1914 3453 1994 ὑπερέχειν
3489 1930 3504 1945 ⁸
3562 1911 3935 1988 ὑποκειμένους

2298 1999 2538 2078 μέντοιγε
2581 2008 2656 2076 τῷ
2708 2005 2842 2062 κατὰ
2883 2002 3131 2074 ἀλήθειαν
3175 2001 3539 2083 μητροπολίτῃ
3577 2021 3590 2034 ·
3638 2003 3711 2064 εἷς
3755 1999 3935 2066 τοεξῆς

2296 2087 2350 2144 δὲ
2382 2091 2466 2146 καὶ
2497 2090 2659 2157 αὐτῆς
2706 2097 2806 2158 τῆς
2866 2092 3227 2173 ἐγχειρήσεως
3283 2090 3644 2167 κωλυομένης,
3705 2093 3798 2146 καὶ
3852 2092 3935 2145 τὸν

2294 2190 2448 2237 τοῦτο
2543 2178 2884 2256 τολμήσαντα
2966 2184 3188 2249 ποιῆσαι
3272 2180 3578 2254 ἐπίσκοπον,
3677 2179 3937 2236 ἔκπτωσιν

2295 2269 2522 2348 πάσχειν
2567 2269 2659 2325 τοῦ
2689 2271 2880 2328 οἰκείου
2922 2272 3127 2347 βαθμοῦ
3163 2289 3176 2304 ⁸
3231 2272 3318 2327 καὶ
3347 2272 3408 2326 τὸ
3452 2267 3618 2345 μηδὲν
3670 2273 3775 2324 τῶν
3805 2273 3936 2348 φθα-

2295 2358 2496 2414 σάντων
2598 2365 2968 2439 προσπαγῆναι
3069 2360 3334 2435 ἐπισκοπῇ
3428 2382 3529 2416 τινι
3612 2359 3930 2438 προνομίων,

2294 2447 2625 2527 ἀφαιρεῖσθαι
2670 2445 2793 2526 παρ’
2849 2446 3190 2518 οἱουδήτινος.
3236 2446 3356 2506 Ὅτι
3420 2446 3474 2504 δὲ
3507 2445 3576 2507 ὀὗ
3631 2449 3767 2504 κατὰ
3795 2469 3931 2526 πρα-

2293 2537 2550 2612 γματικὸν
2585 2539 2729 2593 θετον
2758 2535 2923 2601 ἔξεστι
2954 2538 3115 2594 τύπον
3158 2537 3224 2592 τὰ
3276 2543 3379 2594 τῶν
3437 2537 3740 2594 ἐπισκόπων
3797 2558 3932 2612 προ-

2293 2620 2510 2697 ϐαίνειν,
2567 2626 2705 2682 κατὰ
2759 2627 2948 2700 μόνους
2991 2623 3045 2681 δὲ
3099 2626 3220 2690 τοὺς
3264 2627 3554 2705 Πατρικοὺς
3609 2625 3784 2706 ὅρους,
3817 2625 3932 2686 τούς

2292 2714 2379 2769 καὶ
2421 2716 2669 2794 κανόνας,
2701 2713 2752 2780 ἐξ
2810 2715 2987 2794 ἑαέρας
3042 2714 3278 2794 πράξεως
3321 2720 3419 2783 τῆς
3477 2716 3723 2781 τοιαύτης
3781 2715 3932 2792 ἁγίας

2293 2803 2660 2878 οἰκουμενικῆς
2729 2804 2984 2883 τετάρτης
3041 2802 3254 2860 συνόδου
3312 2808 3638 2880 καταμαθεῖν
3697 2801 3932 2864 δυνατόν.

2295 2894 2399 2956 Τῆς
2447 2892 2546 2970 γὰρ
2593 2891 2798 2957 πόλεως
2861 2900 3114 2972 Βηρυτοῦ,
3161 2891 3541 2972 μητροπόλεως
3599 2890 3794 2948 δίκαιον
3861 2892 3936 2946 εἰ-

2291 2976 2514 3058 ληφυίας
2573 2982 2714 3059 παρὰ
2797 2979 3072 3040 Θεοδοσίου
3137 2987 3228 3036 τοῦ
3296 2981 3577 3060 βασιλέως,
3643 2987 3734 3036 τοῦ
3807 2980 3937 3056 πρὸς

2291 3065 2690 3136 ἀντιδιαστολὴν
2743 3077 2837 3126 τοῦ
2893 3069 3147 3149 μεγάλου,
3205 3068 3494 3149 λεγομένου
3559 3075 3771 3148 μικροῦ.
3836 3069 3937 3126 Εὖ-

564 3155 803 3229 dicitur,
837 3153 1342 3233 Eustathius,ejus
1372 3153 1538 3215 urbis
1571 3153 1910 3232 episcOpus,
1939 3153 2038 3214 illa
2067 3171 2211 3214 con-

2299 3157 2504 3220 στάθιος
2547 3160 2575 3213 ὁ
2617 3159 2814 3226 ταύτης
2867 3161 2965 3224 τῆς
3009 3157 3215 3217 πόλεω)
3265 3160 3554 3222 ἐπίσκοπος
3609 3165 3684 3231 τῷ
3712 3157 3938 3228 τοιούτῳ

567 3244 840 3306 cessione
873 3242 1292 3322 metropolitici
1316 3243 1470 3320 juris
1501 3242 1712 3315 elatus,
1749 3241 2031 3303 adversus
2054 3243 2211 3302 Pho-

570 3334 713 3396 tium
748 3331 1270 3413 metr0politanum
1303 3331 1460 3410 Tyri,
1483 3350 1614 3411 quae
1633 3331 1974 3392 Phoenicum
1996 3340 2214 3391 metro-

566 3422 716 3504 polis
768 3429 876 3497 est,
931 3420 1254 3481 insurrexit
1287 3439 1299 3480 :
1337 3438 1593 3499 cumque
1642 3419 1790 3480 duos
1841 3418 2126 3499 quosdam
2162 3423 2212 3481 ei

563 3511 860 3590 subjecios
891 3511 1229 3591 episcopos,
1267 3509 1444 3570 veluti
1504 3509 1992 3586 metropolitanus
2024 3508 2214 3588 depo-

563 3601 799 3680 suisset,
829 3607 886 3660 et
915 3598 986 3659 ad
1045 3598 1522 3678 presbyterorum
1555 3596 1806 3677 gradum
1840 3596 2212 3672 detrusisset,

563 3689 712 3749 alios
743 3685 1059 3748 ordinavit.
1089 3685 1259 3756 Quod
1316 3685 1562 3746 minime
1611 3686 1808 3746 ferens
1839 3685 2110 3758 Photius,
2146 3687 2216 3746 ad

571 3785 838 3838 sanctam
899 3775 1182 3854 synodum
1245 3791 1374 3835 sese
1423 3773 1690 3836 contulit.
1752 3777 1840 3834 Ac
1884 3773 1986 3835 lite
2038 3782 2213 3849 mota,

566 3863 923 3925 sententiam
956 3861 1284 3922 secundum
1320 3880 1384 3921 se
1417 3862 1857 3942 pronuntiatam
1893 3862 2046 3936 tulit,
2083 3881 2218 3923 cum

568 3952 719 4013 nihil
750 3949 1056 4011 Eustathio
1086 3949 1390 4029 Berytensi
1415 3950 1917 4030 profuisset,quod
1953 3953 2211 4029 impera-

569 4040 737 4101 toriis
766 4057 829 4100 se
855 4039 1068 4099 litteris
1126 4038 1416 4099 munitum
1449 4039 1696 4112 diceret,
1759 4057 1888 4118 quae
1940 4038 2055 4099 sibi
2105 4057 2212 4118 po-

569 4137 839 4190 testatem
876 4128 1003 4206 ejus
1053 4126 1141 4187 rei
1199 4126 1484 4188 facerent.
1521 4127 1648 4188 Non
1683 4128 1842 4188 enim
1875 4125 2216 4189 attendebat

564 4217 640 4279 iis
652 4216 1070 4298 synodus,quae
1093 4214 1164 4276 ab
1188 4215 1315 4296 ipso
1338 4215 1711 4291 dicebantur;
1736 4216 1842 4277 sed
1863 4214 1925 4275 in
1944 4215 2215 4278 examine

570 4323 926 4383 causae,cum
962 4303 1264 4385 praesides,
1301 4304 1585 4384 synodum
1615 4305 1780 4384 prius
1798 4303 2036 4366 disertis
2053 4305 2217 4366 hisce

566 4395 765 4458 verbis
799 4394 1262 4473 interrogassent
1295 4411 1308 4455 :
1353 4392 1792 4453 cPlacuitorbis
1815 4393 2216 4454 sacratissimo

2297 3243 2682 3324 φιλοτιμήματι
2753 3247 2849 3314 τῆς
2921 3246 3299 3326 μητροπόλεως
3355 3249 3721 3326 κατεπαρθεὶς,
3796 3267 3936 3302 κατ-

2298 3333 2545 3401 εξανέστη
2588 3337 2792 3392 Φωτίου
2833 3343 2924 3392 τοῦ
2993 3335 3382 3416 μητροπολίτου
3438 3342 3536 3404 τῆς
3595 3337 3778 3415 Τύρου,
3843 3339 3937 3401 τῆς

2296 3428 2401 3477 τῶν
2438 3425 2694 3480 Φοινίκων
2731 3423 3112 3504 μητροπόλεως
3143 3443 3156 3458 ·
3219 3425 3307 3481 καὶ
3372 3422 3459 3481 δύο
3527 3426 3674 3487 τινὰς
3717 3425 3935 3480 ὑποκει-

2298 3509 2480 3585 μένους
2531 3511 2670 3586 αὒτῷ
2721 3512 3037 3577 ἐπισκόπους
3087 3511 3344 3588 καθελὼν,
3406 3515 3479 3576 ὡς
3522 3511 3674 3580 δῆθεν
3731 3533 3933 3590 μητρο-

2298 3597 2542 3674 πολίτης,
2602 3621 2688 3655 και
2761 3603 2833 3664 εἷς
2887 3598 3248 3680 πρεσϐιιτὲρων
3301 3601 3502 3678 βαθμὸν
3570 3601 3933 3672 κατασπάσας,

2301 3687 2502 3765 ἐτέρους
2533 3675 2990 3768 κεχειροτόνηκεν,
3050 3675 3112 3748 “Ο
3146 3675 3232 3765 ’μὴ
3288 3675 3456 3770 eam
3515 3692 3543 3746 ὁ
3585 3691 3814 3764 Φώτιος,
3874 3694 3938 3763 τῇ

2300 3776 2421 3852 ἁγίᾳ
2485 3775 2806 3855 προσέδραμε
2890 3777 3109 3852 συνόδῳ.
3194 3782 3291 3837 Καὶ
3361 3778 3511 3845 δίκης
3569 3778 3934 3856 κροτηθείσης,

2300 3864 2396 3930 τὴν
2474 3862 2771 3923 δικαιοῦσαν
2829 3865 3110 3948 ἀπείληφε,
3181 3866 3344 3943 μηδὲν
3400 3866 3761 3947 ὡφεληθὲντος
3833 3867 3937 3923 Εὖ-

2293 3952 2498 4008 σταθίου
2552 3954 2646 4011 106
2712 3960 2809 4022 τῆς
2884 3963 3137 4034 Βηρυτοῦ,
3208 3955 3268 4013 ἐκ
3334 3966 3427 4016 106
3467 3954 3768 4033 βασιλικοῖς
3796 3955 3940 4033 ὠχυ-

2295 4043 2487 4119 ρῶσθαι
2564 4043 2837 4119 γράμμαοι
2896 4042 3092 4123 λέγειν,
3169 4058 3284 4109 τοῖς
3356 4044 3688 4124 ἐπιτρέπουσι
3759 4050 3937 4101 τοῦτο.

2297 4132 2368 4186 Οὐ
2398 4130 2496 4208 γὰρ
2525 4131 2822 4211 πρόσεσχεν
2869 4133 2903 4200 ἡ
2948 4131 3160 4197 σύνοδος
3215 4146 3332 4199 τοϊς
3389 4131 3513 4213 παρ’
3571 4133 3730 4190 αὐτοῦ
3777 4130 3941 4210 λεγο-

2299 4215 2496 4291 μένοις,
2575 4217 2711 4278 ἆλλὰ
2786 4222 2883 4286 τῆς
2956 4221 3246 4287 ὑποθέσεως
3316 4221 3761 4300 δοκιμαζομένης,
3839 4225 3944 4276 τῶν

2297 4304 2572 4384 ἀρχόντων
2615 4309 2864 4388 πρότερον
2897 4308 3273 4388 ἐρωτήσαντων
3315 4311 3415 4378 την
3471 4308 3681 4366 σύνοδον
3717 4326 3731 4340 ⁸
3767 4309 3944 4386 ῥητῶς

2299 4392 2462 4458 οῧτως
2497 4411 2512 4425 ⁵
2611 4419 2639 4451 α
2699 4403 2786 4470 Τῷ
2864 4400 3117 4473 θειοτάτῳ
3184 4399 3414 4477 δεσπότῃ
3467 4401 3566 4467 τῆς
3626 4398 3944 4474 οἰκουμένης

573 4510 601 4541 σ
639 4485 988 4565 domino,ne
1020 4483 1348 4547 secundum
1384 4499 1580 4543 sacras
1615 4481 1917 4561 epistolas,
1944 4491 2043 4542 aut
2075 4500 2214 4543 san-

2310 4503 2335 4538 α
2383 4482 2559 4562 ἤρεσε,
2611 4487 2690 4561 μὴ
2738 4488 2872 4544 κατὰ
2928 4491 3049 4544 Θεῖα
3103 4489 3413 4569 γράμματα,
3447 4489 3483 4556 ἢ
3525 4489 3663 4545 κατὰ
3685 4508 3948 4567 πραγμα-

573 4596 602 4635 ‹
641 4576 870 4636 ctiones
891 4571 1731 4652 pragmaticas,episcoporum
1765 4571 1998 4650 negotia
2018 4590 2223 4652 proce-

2310 4593 2339 4626 α
2382 4574 2558 4637 τικοὺς
2628 4577 2844 4649 τύπους,
2936 4578 3002 4634 τὰ
3073 4583 3176 4634 τῶν
3251 4576 3553 4634 ἐπισκόπων
3621 4574 3944 4656 προϐαίνειν,

577 4684 600 4718 υ
641 4661 918 4737 dant,sed
936 4661 1102 4740 juxta
1122 4665 1356 4722 Patrum
1380 4677 1660 4720 canones.
1689 4657 2006 4739 Dicatergo
2023 4670 2214 4722 sancta

2309 4683 2337 4714 ιι
2385 4660 2521 4716 ἀλλὰ
2598 4665 2685 4719 καὶ
2756 4665 2876 4730 τοὺς
2938 4665 3161 4729 κανόνας
3218 4672 3326 4722 τῶν
3391 4667 3660 4744 Πατέρων.
3735 4665 3952 4722 Εἰπάτω

580 4771 609 4811 ιι
642 4750 1004 4831 synodus,an
1019 4750 1102 4810 fas
1117 4749 1286 4820 sit,ut
1307 4766 1414 4828 per
1426 4765 1652 4809 sacram
1668 4749 2082 4828 pragmaticam
2097 4769 2226 4810 san-

2311 4771 2339 4804 α
2385 4750 2471 4806 οὖν
2514 4753 2548 4819 ἡ
2592 4753 2713 4831 ἁγία
2758 4751 2990 4828 σύνοδος,
3038 4756 3082 4810 εἰ
3130 4753 3294 4820 ἔξεστι
3339 4756 3474 4813 κατὰ
3502 4755 3648 4812 θεῖον
3691 4775 3951 4832 πραγμα-

576 4863 603 4896 α
638 4840 893 4901 ctionem
908 4837 1147 4900 alterius
1155 4836 1573 4917 juraEcclesia:
1585 4835 1684 4896 alii
1696 4835 2214 4918 rapiantepiscopi!

2310 4858 2343 4895 ι
2384 4840 2530 4895 τικὸν
2585 4843 2744 4898 τύπον
2801 4841 3078 4922 ἀλλοτρίας
3136 4843 3418 4911 ἐκκλησίας
3491 4842 3665 4900 δίκαια
3741 4841 3953 4921 ἑτέροος

580 4949 608 4988 ι
640 4932 854 4990 Sancta
875 4927 1135 5007 synodus
1151 4925 1578 5006 respondit.Ad
1591 4940 1792 4985 versus
1804 4943 2061 4987 canones
2075 4926 2223 4988 nihil

579 5037 607 5076 ci.
641 5016 1064 5097 pragmaticum
1079 5013 1317 5075 valebit.
1345 5012 1614 5076 Canones
1629 5017 1864 5074 Patrum
1894 5013 2007 5074 rati
2025 5024 2221 5080 sunto.

579 5131 606 5162 α
641 5107 909 5184 Cumque
931 5104 1214 5183 praesides
1245 5103 1460 5164 iterum
1483 5102 1769 5164 dixissent
1799 5123 1811 5162 :
1837 5101 1966 5165 Jam
1992 5109 2224 5184 tempus

583 5217 604 5253 ιι
643 5201 752 5270 est,
787 5200 850 5253 ut
880 5211 914 5254 a
947 5189 1169 5273 synodo
1194 5191 1642 5270 erudiamur,an
1673 5191 1758 5252 fas
1789 5189 1889 5265 sit,
1915 5197 1979 5250 ut
2003 5207 2221 5254 secun-

2312 4951 2339 4982 α
2387 4927 2699 4994 ἐπισκόπους
2754 4935 3169 5013 παραιρεῖσθαις
3257 4935 3290 5000 ἡ
3348 4933 3470 5011 ἁγία
3544 4930 3753 4997 σύνοδος
3838 4932 3953 4990 ἂπ-

2315 5041 2342 5071 ιι
2388 5016 2644 5095 εκρίνατο.
2693 5023 2837 5076 Κατὰ
2888 5021 3008 5083 τοὺς
3047 5022 3270 5085 κανόνας
3300 5022 3364 5072 53
3415 5022 3784 5100 πραγματικὸν
3831 5043 3953 5096 μη-

2314 5129 2342 5162 (
2387 5105 2469 5162 ὁὲν
2512 5107 2771 5186 ἰσχύσειν.
2819 5109 2876 5165 Οἱ
2933 5110 3148 5175 κανόνες
3189 5115 3296 5167 τῶν
3355 5109 3597 5190 Πατέρων
3657 5111 3954 5188 κρατείτω-

2317 5217 2340 5252 ιι
2390 5217 2508 5257 σαν.
2541 5197 2637 5253 Καὶ
2665 5197 2807 5262 αὖθις
2839 5203 2944 5254 τῶν
2993 5198 3269 5279 ἀρχόντων
3313 5200 3568 5256 είπόντων
3598 5213 3614 5230 ‘
3677 5198 3782 5257 Νῦν
3835 5221 3954 5256 και-

1913 5347 2166 5416 VARLE
2210 5354 2648 5423 LECTIONES.

655 5486 718 5541 53
743 5495 848 5547 τῶν
877 5487 1134 5549 κανόνων.

2138 5613 2388 5685 NOTAE.

661 5741 902 5823 (ΞΔ-25)
930 5739 1126 5803 Exstat
1157 5738 1412 5800 edictum
1445 5736 1484 5798 l.
1521 5756 1624 5802 un.
1654 5739 1723 5802 C.
1758 5737 1850 5802 De
1879 5748 2134 5822 metrop.
2172 5740 2427 5820 Beryto,
2459 5738 2560 5802 lib.
2607 5753 2707 5804 XL.
