  <div class='ocr_page' id='page_1' title='image "/cluster/home/n/w/nwhite01/storage/ocr_20150623/119/hvd.32044073502494/446.png"; bbox 0 0 4192 6220; ppageno 0'>
   <div class='ocr_carea' id='block_1_1' title="bbox 301 409 3691 485">
    <p class='ocr_par' dir='ltr' id='par_1_1' title="bbox 301 409 3691 485">
     <span class='ocr_line' id='line_1_1' title="bbox 301 409 3691 485; baseline 0.002 -8"><span class='ocrx_word' id='word_1_1' title='bbox 301 414 418 478; x_wconf 90' lang='lat'>877</span> <span class='ocrx_word' id='word_1_2' title='bbox 1649 409 2341 481; x_wconf 68' lang='lat' dir='ltr'>GRIECO-ROMANUM</span> <span class='ocrx_word' id='word_1_3' title='bbox 3572 418 3691 485; x_wconf 88' lang='lat'>878</span> 
     </span>
    </p>
   </div>
   <div class='ocr_carea' id='block_1_2' title="bbox 308 541 1990 632">
    <p class='ocr_par' dir='ltr' id='par_1_2' title="bbox 308 547 1990 632">
     <span class='ocr_line' id='line_1_2' title="bbox 308 547 1990 632; baseline -0.004 -24"><span class='ocrx_word' id='word_1_4' title='bbox 308 574 338 608; x_wconf 74' lang='grc' dir='ltr'>α</span> <span class='ocrx_word' id='word_1_5' title='bbox 379 552 467 629; x_wconf 91' lang='grc' dir='ltr'>ρός</span> <span class='ocrx_word' id='word_1_6' title='bbox 523 553 631 608; x_wconf 82' lang='grc' dir='ltr'>ἐστι</span> <span class='ocrx_word' id='word_1_7' title='bbox 687 550 998 632; x_wconf 76' lang='grc' dir='ltr'>διδαχθῆναι</span> <span class='ocrx_word' id='word_1_8' title='bbox 1068 553 1214 628; x_wconf 75' lang='grc' dir='ltr'>ἡμᾶς</span> <span class='ocrx_word' id='word_1_9' title='bbox 1277 553 1419 630; x_wconf 73' lang='grc' dir='ltr'>παρὰ</span> <span class='ocrx_word' id='word_1_10' title='bbox 1485 553 1582 620; x_wconf 71' lang='grc' dir='ltr'>τῆς</span> <span class='ocrx_word' id='word_1_11' title='bbox 1643 549 1858 608; x_wconf 76' lang='grc' dir='ltr'>συνόδου</span> <span class='ocrx_word' id='word_1_12' title='bbox 1916 547 1990 602; x_wconf 51' lang='grc' dir='ltr'>εί]</span> 
     </span>
    </p>
   </div>
   <div class='ocr_carea' id='block_1_3' title="bbox 2074 541 3689 632">
    <p class='ocr_par' dir='ltr' id='par_1_3' title="bbox 2107 541 3689 632">
     <span class='ocr_line' id='line_1_3' title="bbox 2107 541 3689 632; baseline 0.006 -28"><span class='ocrx_word' id='word_1_13' title='bbox 2107 541 2247 606; x_wconf 91' lang='lat' dir='ltr'>dum</span> <span class='ocrx_word' id='word_1_14' title='bbox 2272 565 2499 609; x_wconf 88' lang='lat' dir='ltr'>sacram</span> <span class='ocrx_word' id='word_1_15' title='bbox 2514 548 2882 612; x_wconf 82' lang='lat' dir='ltr'>sanctionem</span> <span class='ocrx_word' id='word_1_16' title='bbox 2906 551 3323 631; x_wconf 85' lang='lat' dir='ltr'>pragmaticam</span> <span class='ocrx_word' id='word_1_17' title='bbox 3343 553 3477 632; x_wconf 87' lang='lat' dir='ltr'>jura</span> <span class='ocrx_word' id='word_1_18' title='bbox 3500 550 3689 615; x_wconf 88' lang='lat' dir='ltr'>eccle-</span> 
     </span>
    </p>
   </div>
   <div class='ocr_carea' id='block_1_4' title="bbox 312 632 1990 722">
    <p class='ocr_par' dir='ltr' id='par_1_4' title="bbox 312 637 1963 720">
     <span class='ocr_line' id='line_1_4' title="bbox 312 637 1963 720; baseline -0.001 -24"><span class='ocrx_word' id='word_1_19' title='bbox 312 665 340 696; x_wconf 72' lang='grc' dir='ltr'>α</span> <span class='ocrx_word' id='word_1_20' title='bbox 387 639 558 706; x_wconf 77' lang='grc' dir='ltr'>ἔξεστι</span> <span class='ocrx_word' id='word_1_21' title='bbox 605 642 741 698; x_wconf 80' lang='grc' dir='ltr'>κατὰ</span> <span class='ocrx_word' id='word_1_22' title='bbox 786 645 929 700; x_wconf 78' lang='grc' dir='ltr'>θετον</span> <span class='ocrx_word' id='word_1_23' title='bbox 983 643 1352 720; x_wconf 78' lang='grc' dir='ltr'>πραγματικὸν</span> <span class='ocrx_word' id='word_1_24' title='bbox 1405 639 1682 720; x_wconf 86' lang='grc' dir='ltr'>ἀλλοτρίας</span> <span class='ocrx_word' id='word_1_25' title='bbox 1738 637 1963 705; x_wconf 89' lang='grc' dir='ltr'>Ἐκκλη-</span> 
     </span>
    </p>
   </div>
   <div class='ocr_carea' id='block_1_5' title="bbox 2074 632 3693 722">
    <p class='ocr_par' dir='ltr' id='par_1_5' title="bbox 2112 632 3693 722">
     <span class='ocr_line' id='line_1_5' title="bbox 2112 632 3693 722; baseline 0.008 -30"><span class='ocrx_word' id='word_1_26' title='bbox 2112 632 2214 694; x_wconf 69' lang='lat' dir='ltr'>size</span> <span class='ocrx_word' id='word_1_27' title='bbox 2226 635 2601 711; x_wconf 78' lang='lat' dir='ltr'>alterius,alii</span> <span class='ocrx_word' id='word_1_28' title='bbox 2620 638 2854 720; x_wconf 85' lang='lat' dir='ltr'>rapiant</span> <span class='ocrx_word' id='word_1_29' title='bbox 2875 641 3140 722; x_wconf 89' lang='lat' dir='ltr'>episcopi</span> <span class='ocrx_word' id='word_1_30' title='bbox 3162 661 3176 704; x_wconf 86' lang='lat'><strong>:</strong></span> <span class='ocrx_word' id='word_1_31' title='bbox 3207 649 3412 703; x_wconf 87' lang='lat' dir='ltr'>sancta</span> <span class='ocrx_word' id='word_1_32' title='bbox 3437 643 3693 722; x_wconf 82' lang='lat' dir='ltr'>synodus</span> 
     </span>
    </p>
   </div>
   <div class='ocr_carea' id='block_1_6' title="bbox 315 724 1990 810">
    <p class='ocr_par' dir='ltr' id='par_1_6' title="bbox 315 728 1962 810">
     <span class='ocr_line' id='line_1_6' title="bbox 315 728 1962 810; baseline -0.002 -24"><span class='ocrx_word' id='word_1_33' title='bbox 315 753 342 786; x_wconf 70' lang='grc' dir='ltr'>α</span> <span class='ocrx_word' id='word_1_34' title='bbox 390 729 506 795; x_wconf 89' lang='grc' dir='ltr'>σίας</span> <span class='ocrx_word' id='word_1_35' title='bbox 566 728 740 786; x_wconf 86' lang='grc' dir='ltr'>δίκαια</span> <span class='ocrx_word' id='word_1_36' title='bbox 804 731 1012 809; x_wconf 78' lang='grc' dir='ltr'>ἐτέρους</span> <span class='ocrx_word' id='word_1_37' title='bbox 1071 729 1388 794; x_wconf 77' lang='grc' dir='ltr'>ἐπισκόπους</span> <span class='ocrx_word' id='word_1_38' title='bbox 1452 733 1820 810; x_wconf 75' lang='grc' dir='ltr'>παραιρεῖσθαι</span> <span class='ocrx_word' id='word_1_39' title='bbox 1851 745 1866 759; x_wconf 76' lang='grc'><strong><em>⁸</em></strong></span> <span class='ocrx_word' id='word_1_40' title='bbox 1927 728 1962 794; x_wconf 74' lang='grc' dir='ltr'>ἡ</span> 
     </span>
    </p>
   </div>
   <div class='ocr_carea' id='block_1_7' title="bbox 2074 724 3687 810">
    <p class='ocr_par' dir='ltr' id='par_1_7' title="bbox 2112 724 3687 810">
     <span class='ocr_line' id='line_1_7' title="bbox 2112 724 3687 810; baseline 0.007 -28"><span class='ocrx_word' id='word_1_41' title='bbox 2112 724 2504 788; x_wconf 82' lang='lat' dir='ltr'>exclamavit:</span> <span class='ocrx_word' id='word_1_42' title='bbox 2539 726 2666 787; x_wconf 92' lang='lat' dir='ltr'>Non</span> <span class='ocrx_word' id='word_1_43' title='bbox 2697 728 2856 789; x_wconf 88' lang='lat' dir='ltr'>licet.</span> <span class='ocrx_word' id='word_1_44' title='bbox 2893 733 3016 791; x_wconf 83' lang='lat' dir='ltr'>Hoc</span> <span class='ocrx_word' id='word_1_45' title='bbox 3050 738 3262 810; x_wconf 67' lang='lat' dir='ltr'>praeter</span> <span class='ocrx_word' id='word_1_46' title='bbox 3287 750 3545 793; x_wconf 88' lang='lat' dir='ltr'>canones</span> <span class='ocrx_word' id='word_1_47' title='bbox 3574 732 3687 795; x_wconf 84' lang='lat' dir='ltr'>ad-</span> 
     </span>
    </p>
   </div>
   <div class='ocr_carea' id='block_1_8' title="bbox 319 811 1990 901">
    <p class='ocr_par' dir='ltr' id='par_1_8' title="bbox 319 816 1966 898">
     <span class='ocr_line' id='line_1_8' title="bbox 319 816 1966 898; baseline -0.002 -24"><span class='ocrx_word' id='word_1_48' title='bbox 319 840 342 874; x_wconf 72' lang='grc' dir='ltr'>α</span> <span class='ocrx_word' id='word_1_49' title='bbox 392 819 517 898; x_wconf 84' lang='grc' dir='ltr'>ἁγία</span> <span class='ocrx_word' id='word_1_50' title='bbox 575 817 786 882; x_wconf 81' lang='grc' dir='ltr'>σύνοδος</span> <span class='ocrx_word' id='word_1_51' title='bbox 829 816 1115 888; x_wconf 82' lang='grc' dir='ltr'>ἀνεϐόησεν</span> <span class='ocrx_word' id='word_1_52' title='bbox 1145 837 1161 854; x_wconf 80' lang='grc'><strong><em>⁸</em></strong></span> <span class='ocrx_word' id='word_1_53' title='bbox 1212 823 1317 878; x_wconf 74' lang='grc' dir='ltr'>Οὐκ</span> <span class='ocrx_word' id='word_1_54' title='bbox 1358 817 1547 886; x_wconf 73' lang='grc' dir='ltr'>ἔξεστι.</span> <span class='ocrx_word' id='word_1_55' title='bbox 1609 824 1772 877; x_wconf 83' lang='grc' dir='ltr'>Τοῦτο</span> <span class='ocrx_word' id='word_1_56' title='bbox 1823 816 1966 893; x_wconf 84' lang='grc' dir='ltr'>παρὰ</span> 
     </span>
    </p>
   </div>
   <div class='ocr_carea' id='block_1_9' title="bbox 2074 811 3695 901">
    <p class='ocr_par' dir='ltr' id='par_1_9' title="bbox 2074 811 3695 901">
     <span class='ocr_line' id='line_1_9' title="bbox 2074 811 3695 901; baseline 0.009 -32"><span class='ocrx_word' id='word_1_57' title='bbox 2074 832 2076 842; x_wconf 62' lang='grc' dir='ltr'><strong><em>π</em></strong></span> <span class='ocrx_word' id='word_1_58' title='bbox 2117 811 2383 901; x_wconf 81' lang='lat' dir='ltr'>mittitur.</span> <span class='ocrx_word' id='word_1_59' title='bbox 2447 819 2547 878; x_wconf 89' lang='lat' dir='ltr'>Est</span> <span class='ocrx_word' id='word_1_60' title='bbox 2595 815 2776 877; x_wconf 88' lang='lat' dir='ltr'>etiam</span> <span class='ocrx_word' id='word_1_61' title='bbox 2827 817 2940 893; x_wconf 85' lang='lat' dir='ltr'>lex,</span> <span class='ocrx_word' id='word_1_62' title='bbox 3003 837 3132 899; x_wconf 65' lang='lat' dir='ltr'>quae</span> <span class='ocrx_word' id='word_1_63' title='bbox 3185 819 3299 881; x_wconf 90' lang='lat' dir='ltr'>hoc</span> <span class='ocrx_word' id='word_1_64' title='bbox 3347 819 3541 901; x_wconf 91' lang='lat' dir='ltr'>ipsum</span> <span class='ocrx_word' id='word_1_65' title='bbox 3570 819 3695 883; x_wconf 83' lang='lat' dir='ltr'>vult</span> 
     </span>
    </p>
   </div>
   <div class='ocr_carea' id='block_1_10' title="bbox 317 897 1990 992">
    <p class='ocr_par' dir='ltr' id='par_1_10' title="bbox 317 898 1966 982">
     <span class='ocr_line' id='line_1_10' title="bbox 317 898 1966 982; baseline -0.002 -19"><span class='ocrx_word' id='word_1_66' title='bbox 317 931 342 963; x_wconf 75' lang='grc' dir='ltr'>α</span> <span class='ocrx_word' id='word_1_67' title='bbox 390 909 512 974; x_wconf 81' lang='grc' dir='ltr'>τοὺς</span> <span class='ocrx_word' id='word_1_68' title='bbox 555 908 780 973; x_wconf 84' lang='grc' dir='ltr'>κανόνας</span> <span class='ocrx_word' id='word_1_69' title='bbox 841 907 970 970; x_wconf 77' lang='grc' dir='ltr'>ἐστί.</span> <span class='ocrx_word' id='word_1_70' title='bbox 1044 898 1208 966; x_wconf 76' lang='grc' dir='ltr'>’Ἐστι</span> <span class='ocrx_word' id='word_1_71' title='bbox 1266 907 1320 964; x_wconf 80' lang='grc' dir='ltr'>δὲ</span> <span class='ocrx_word' id='word_1_72' title='bbox 1374 909 1462 964; x_wconf 83' lang='grc' dir='ltr'>καὶ</span> <span class='ocrx_word' id='word_1_73' title='bbox 1518 907 1677 982; x_wconf 87' lang='grc' dir='ltr'>νόμος</span> <span class='ocrx_word' id='word_1_74' title='bbox 1747 909 1775 961; x_wconf 85' lang='grc' dir='ltr'><strong>ὁ</strong></span> <span class='ocrx_word' id='word_1_75' title='bbox 1815 914 1966 963; x_wconf 78' lang='grc' dir='ltr'>τοῦτο</span> 
     </span>
    </p>
   </div>
   <div class='ocr_carea' id='block_1_11' title="bbox 2074 897 3696 992">
    <p class='ocr_par' dir='ltr' id='par_1_11' title="bbox 2074 897 3696 992">
     <span class='ocr_line' id='line_1_11' title="bbox 2074 897 3696 992; baseline 0.013 -39"><span class='ocrx_word' id='word_1_76' title='bbox 2074 922 2082 953; x_wconf 76' lang='grc' dir='ltr'>ι</span> <span class='ocrx_word' id='word_1_77' title='bbox 2115 897 2208 960; x_wconf 87' lang='lat' dir='ltr'>his</span> <span class='ocrx_word' id='word_1_78' title='bbox 2223 901 2422 992; x_wconf 87' lang='lat' dir='ltr'>verbis</span> <span class='ocrx_word' id='word_1_79' title='bbox 2445 903 2711 984; x_wconf 85' lang='lat' dir='ltr'>exposita</span> <span class='ocrx_word' id='word_1_80' title='bbox 2737 923 2750 967; x_wconf 91' lang='lat'>:</span> <span class='ocrx_word' id='word_1_81' title='bbox 2773 897 3160 984; x_wconf 38' lang='lat' dir='ltr'>Pragma&#39;ticae</span> <span class='ocrx_word' id='word_1_82' title='bbox 3182 897 3545 985; x_wconf 76' lang='lat' dir='ltr'>sanctiones,</span> <span class='ocrx_word' id='word_1_83' title='bbox 3563 930 3696 992; x_wconf 60' lang='lat' dir='ltr'>quae</span> 
     </span>
    </p>
   </div>
   <div class='ocr_carea' id='block_1_12' title="bbox 321 990 1990 1075">
    <p class='ocr_par' dir='ltr' id='par_1_12' title="bbox 321 993 1966 1074">
     <span class='ocr_line' id='line_1_12' title="bbox 321 993 1966 1074; baseline -0.003 -21"><span class='ocrx_word' id='word_1_84' title='bbox 321 1021 340 1053; x_wconf 77' lang='grc' dir='ltr'>σ</span> <span class='ocrx_word' id='word_1_85' title='bbox 391 997 732 1074; x_wconf 86' lang='grc' dir='ltr'>βουλόμενος,</span> <span class='ocrx_word' id='word_1_86' title='bbox 796 997 932 1055; x_wconf 72' lang='grc' dir='ltr'>οῧτω</span> <span class='ocrx_word' id='word_1_87' title='bbox 987 996 1187 1063; x_wconf 77' lang='grc' dir='ltr'>διεξιών</span> <span class='ocrx_word' id='word_1_88' title='bbox 1224 1016 1241 1034; x_wconf 78' lang='grc'><strong>⁸</strong></span> <span class='ocrx_word' id='word_1_89' title='bbox 1280 1000 1340 1055; x_wconf 81' lang='grc' dir='ltr'><strong>Οἱ</strong></span> <span class='ocrx_word' id='word_1_90' title='bbox 1381 1010 1499 1061; x_wconf 72' lang='grc' dir='ltr'>τοῖς</span> <span class='ocrx_word' id='word_1_91' title='bbox 1548 995 1759 1052; x_wconf 81' lang='grc' dir='ltr'>κανόσιν</span> <span class='ocrx_word' id='word_1_92' title='bbox 1809 993 1966 1050; x_wconf 79' lang='grc' dir='ltr'>ἐναν-</span> 
     </span>
    </p>
   </div>
   <div class='ocr_carea' id='block_1_13' title="bbox 2074 990 3694 1075">
    <p class='ocr_par' dir='ltr' id='par_1_13' title="bbox 2074 990 3694 1075">
     <span class='ocr_line' id='line_1_13' title="bbox 2074 990 3694 1075; baseline 0.01 -29"><span class='ocrx_word' id='word_1_93' title='bbox 2074 1009 2078 1042; x_wconf 81' lang='grc' dir='ltr'>ι</span> <span class='ocrx_word' id='word_1_94' title='bbox 2119 990 2445 1052; x_wconf 88' lang='lat' dir='ltr'>canonibus</span> <span class='ocrx_word' id='word_1_95' title='bbox 2473 993 2884 1075; x_wconf 85' lang='lat' dir='ltr'>adversantur,</span> <span class='ocrx_word' id='word_1_96' title='bbox 2913 994 3095 1056; x_wconf 72' lang='lat' dir='ltr'>irritze</span> <span class='ocrx_word' id='word_1_97' title='bbox 3123 1005 3280 1058; x_wconf 90' lang='lat' dir='ltr'>sunt.</span> <span class='ocrx_word' id='word_1_98' title='bbox 3313 1022 3336 1058; x_wconf 75' lang='grc' dir='ltr'>ι</span> <span class='ocrx_word' id='word_1_99' title='bbox 3374 996 3547 1075; x_wconf 86' lang='lat' dir='ltr'>Vide,</span> <span class='ocrx_word' id='word_1_100' title='bbox 3581 990 3694 1061; x_wconf 82' lang='lat' dir='ltr'>ob-</span> 
     </span>
    </p>
   </div>
   <div class='ocr_carea' id='block_1_14' title="bbox 311 1080 1990 1166">
    <p class='ocr_par' dir='ltr' id='par_1_14' title="bbox 311 1083 1960 1166">
     <span class='ocr_line' id='line_1_14' title="bbox 311 1083 1960 1166; baseline -0.006 -18"><span class='ocrx_word' id='word_1_101' title='bbox 311 1106 342 1148; x_wconf 85' lang='grc'><strong>(</strong></span> <span class='ocrx_word' id='word_1_102' title='bbox 393 1087 655 1162; x_wconf 78' lang='grc' dir='ltr'>τιούμενοι</span> <span class='ocrx_word' id='word_1_103' title='bbox 698 1089 1061 1166; x_wconf 84' lang='grc' dir='ltr'>πραγματικοὶ</span> <span class='ocrx_word' id='word_1_104' title='bbox 1116 1087 1288 1162; x_wconf 79' lang='grc' dir='ltr'>τύποι,</span> <span class='ocrx_word' id='word_1_105' title='bbox 1352 1085 1706 1165; x_wconf 76' lang='grc' dir='ltr'>ἅκυροίοείσι.</span> <span class='ocrx_word' id='word_1_106' title='bbox 1756 1107 1784 1140; x_wconf 68' lang='grc' dir='ltr'><strong><em>ι</em></strong></span> <span class='ocrx_word' id='word_1_107' title='bbox 1863 1083 1960 1140; x_wconf 82' lang='grc' dir='ltr'>Καὶ</span> 
     </span>
    </p>
   </div>
   <div class='ocr_carea' id='block_1_15' title="bbox 2074 1080 3698 1166">
    <p class='ocr_par' dir='ltr' id='par_1_15' title="bbox 2081 1080 3698 1166">
     <span class='ocr_line' id='line_1_15' title="bbox 2081 1080 3698 1166; baseline 0.009 -29"><span class='ocrx_word' id='word_1_108' title='bbox 2081 1094 2242 1152; x_wconf 91' lang='lat' dir='ltr'>ecro,</span> <span class='ocrx_word' id='word_1_109' title='bbox 2279 1080 2533 1142; x_wconf 84' lang='lat' dir='ltr'>maxime</span> <span class='ocrx_word' id='word_1_110' title='bbox 2553 1081 3202 1164; x_wconf 87' lang='lat' dir='ltr'>imperator,quomodo</span> <span class='ocrx_word' id='word_1_111' title='bbox 3226 1105 3334 1166; x_wconf 89' lang='lat' dir='ltr'>per</span> <span class='ocrx_word' id='word_1_112' title='bbox 3352 1087 3480 1149; x_wconf 70' lang='lat' dir='ltr'>haec</span> <span class='ocrx_word' id='word_1_113' title='bbox 3496 1088 3698 1151; x_wconf 90' lang='lat' dir='ltr'>omnia</span> 
     </span>
    </p>
   </div>
   <div class='ocr_carea' id='block_1_16' title="bbox 308 1166 1990 1260">
    <p class='ocr_par' dir='ltr' id='par_1_16' title="bbox 308 1171 1962 1254">
     <span class='ocr_line' id='line_1_16' title="bbox 308 1171 1962 1254; baseline -0.003 -22"><span class='ocrx_word' id='word_1_114' title='bbox 308 1175 428 1254; x_wconf 80' lang='grc' dir='ltr'>δρα,</span> <span class='ocrx_word' id='word_1_115' title='bbox 461 1176 675 1254; x_wconf 80' lang='grc' dir='ltr'>μέγιστε</span> <span class='ocrx_word' id='word_1_116' title='bbox 725 1175 965 1252; x_wconf 80' lang='grc' dir='ltr'>βασιλεῦ,</span> <span class='ocrx_word' id='word_1_117' title='bbox 1011 1174 1158 1239; x_wconf 78' lang='grc' dir='ltr'>ὅπως</span> <span class='ocrx_word' id='word_1_118' title='bbox 1209 1174 1294 1232; x_wconf 77' lang='grc' dir='ltr'>διὰ</span> <span class='ocrx_word' id='word_1_119' title='bbox 1348 1176 1558 1232; x_wconf 83' lang='grc' dir='ltr'>πάντων</span> <span class='ocrx_word' id='word_1_120' title='bbox 1602 1173 1799 1230; x_wconf 80' lang='grc' dir='ltr'>τούτων</span> <span class='ocrx_word' id='word_1_121' title='bbox 1831 1171 1962 1229; x_wconf 72' lang='grc' dir='ltr'>ἄπο-</span> 
     </span>
    </p>
   </div>
   <div class='ocr_carea' id='block_1_17' title="bbox 2074 1166 3697 1260">
    <p class='ocr_par' dir='ltr' id='par_1_17' title="bbox 2077 1166 3697 1260">
     <span class='ocr_line' id='line_1_17' title="bbox 2077 1166 3697 1260; baseline 0.009 -34"><span class='ocrx_word' id='word_1_122' title='bbox 2077 1166 2371 1260; x_wconf 80' lang='lat' dir='ltr'>larissime</span> <span class='ocrx_word' id='word_1_123' title='bbox 2403 1171 2874 1260; x_wconf 88' lang='lat' dir='ltr'>demonstratum</span> <span class='ocrx_word' id='word_1_124' title='bbox 2900 1173 3123 1254; x_wconf 89' lang='lat' dir='ltr'>sit,non</span> <span class='ocrx_word' id='word_1_125' title='bbox 3154 1173 3378 1237; x_wconf 86' lang='lat' dir='ltr'>debere</span> <span class='ocrx_word' id='word_1_126' title='bbox 3409 1176 3697 1260; x_wconf 84' lang='lat' dir='ltr'>principis</span> 
     </span>
    </p>
   </div>
   <div class='ocr_carea' id='block_1_18' title="bbox 311 1255 1990 1343">
    <p class='ocr_par' dir='ltr' id='par_1_18' title="bbox 311 1263 1960 1343">
     <span class='ocr_line' id='line_1_18' title="bbox 311 1263 1960 1343; baseline -0.002 -23"><span class='ocrx_word' id='word_1_127' title='bbox 311 1263 564 1322; x_wconf 77' lang='grc' dir='ltr'>δέδεικται</span> <span class='ocrx_word' id='word_1_128' title='bbox 606 1263 909 1343; x_wconf 77' lang='grc' dir='ltr'>τηλαυγῶς,</span> <span class='ocrx_word' id='word_1_129' title='bbox 955 1266 1016 1322; x_wconf 85' lang='grc' dir='ltr'>τὸ</span> <span class='ocrx_word' id='word_1_130' title='bbox 1062 1265 1137 1341; x_wconf 76' lang='grc' dir='ltr'>μὴ</span> <span class='ocrx_word' id='word_1_131' title='bbox 1182 1263 1293 1320; x_wconf 75' lang='grc' dir='ltr'>δεῖν</span> <span class='ocrx_word' id='word_1_132' title='bbox 1336 1265 1603 1320; x_wconf 71' lang='grc' dir='ltr'>αὐθεντεῖν</span> <span class='ocrx_word' id='word_1_133' title='bbox 1663 1264 1753 1318; x_wconf 75' lang='grc' dir='ltr'>τὸν</span> <span class='ocrx_word' id='word_1_134' title='bbox 1801 1263 1960 1338; x_wconf 83' lang='grc' dir='ltr'>βασι-</span> 
     </span>
    </p>
   </div>
   <div class='ocr_carea' id='block_1_19' title="bbox 2074 1255 3700 1343">
    <p class='ocr_par' dir='ltr' id='par_1_19' title="bbox 2074 1255 3700 1340">
     <span class='ocr_line' id='line_1_19' title="bbox 2074 1255 3700 1340; baseline 0.009 -25"><span class='ocrx_word' id='word_1_135' title='bbox 2074 1275 2105 1315; x_wconf 90' lang='lat' dir='ltr'>n</span> <span class='ocrx_word' id='word_1_136' title='bbox 2137 1257 2478 1336; x_wconf 87' lang='lat' dir='ltr'>hujusmodi</span> <span class='ocrx_word' id='word_1_137' title='bbox 2507 1259 2690 1322; x_wconf 81' lang='lat' dir='ltr'>rebus</span> <span class='ocrx_word' id='word_1_138' title='bbox 2717 1262 3130 1324; x_wconf 84' lang='lat' dir='ltr'>auctoritatem</span> <span class='ocrx_word' id='word_1_139' title='bbox 3158 1255 3485 1340; x_wconf 82' lang='lat' dir='ltr'>valere,sed</span> <span class='ocrx_word' id='word_1_140' title='bbox 3509 1255 3700 1330; x_wconf 82' lang='lat' dir='ltr'>eccle-</span> 
     </span>
    </p>
   </div>
   <div class='ocr_carea' id='block_1_20' title="bbox 288 1343 1990 1436">
    <p class='ocr_par' dir='ltr' id='par_1_20' title="bbox 288 1350 1963 1433">
     <span class='ocr_line' id='line_1_20' title="bbox 288 1350 1963 1433; baseline -0.003 -23"><span class='ocrx_word' id='word_1_141' title='bbox 288 1353 409 1410; x_wconf 70' lang='grc' dir='ltr'>’λέα</span> <span class='ocrx_word' id='word_1_142' title='bbox 439 1353 493 1408; x_wconf 80' lang='grc' dir='ltr'>ἒν</span> <span class='ocrx_word' id='word_1_143' title='bbox 521 1367 638 1416; x_wconf 72' lang='grc' dir='ltr'>τοῖς</span> <span class='ocrx_word' id='word_1_144' title='bbox 667 1355 946 1433; x_wconf 70' lang='grc' dir='ltr'>τοιούτοις,</span> <span class='ocrx_word' id='word_1_145' title='bbox 1006 1359 1296 1418; x_wconf 85' lang='grc' dir='ltr'>κανονικῶς</span> <span class='ocrx_word' id='word_1_146' title='bbox 1345 1351 1400 1409; x_wconf 73' lang='grc' dir='ltr'>δὲ</span> <span class='ocrx_word' id='word_1_147' title='bbox 1455 1353 1521 1408; x_wconf 71' lang='grc' dir='ltr'>τὰ</span> <span class='ocrx_word' id='word_1_148' title='bbox 1551 1350 1963 1419; x_wconf 78' lang='grc' dir='ltr'>ἐκκλησιαστικὰ</span> 
     </span>
    </p>
   </div>
   <div class='ocr_carea' id='block_1_21' title="bbox 2074 1343 3695 1436">
    <p class='ocr_par' dir='ltr' id='par_1_21' title="bbox 2074 1343 3695 1436">
     <span class='ocr_line' id='line_1_21' title="bbox 2074 1343 3695 1436; baseline 0.008 -32"><span class='ocrx_word' id='word_1_149' title='bbox 2074 1343 2285 1436; x_wconf 86' lang='lat' dir='ltr'>iastica</span> <span class='ocrx_word' id='word_1_150' title='bbox 2311 1348 2638 1436; x_wconf 86' lang='lat' dir='ltr'>secundum</span> <span class='ocrx_word' id='word_1_151' title='bbox 2686 1367 2943 1412; x_wconf 89' lang='lat' dir='ltr'>canones</span> <span class='ocrx_word' id='word_1_152' title='bbox 2992 1351 3216 1432; x_wconf 82' lang='lat' dir='ltr'>peragi.</span> <span class='ocrx_word' id='word_1_153' title='bbox 3271 1353 3360 1414; x_wconf 88' lang='lat' dir='ltr'>Ac</span> <span class='ocrx_word' id='word_1_154' title='bbox 3391 1363 3529 1416; x_wconf 88' lang='lat' dir='ltr'>sunt</span> <span class='ocrx_word' id='word_1_155' title='bbox 3559 1356 3695 1436; x_wconf 91' lang='lat' dir='ltr'>qui-</span> 
     </span>
    </p>
   </div>
   <div class='ocr_carea' id='block_1_22' title="bbox 321 1433 1990 1521">
    <p class='ocr_par' dir='ltr' id='par_1_22' title="bbox 321 1439 1963 1521">
     <span class='ocr_line' id='line_1_22' title="bbox 321 1439 1963 1521; baseline -0.003 -22"><span class='ocrx_word' id='word_1_156' title='bbox 321 1440 668 1521; x_wconf 82' lang='grc' dir='ltr'>διεξάγεσθαι.</span> <span class='ocrx_word' id='word_1_157' title='bbox 731 1444 842 1499; x_wconf 79' lang='grc' dir='ltr'>Εἰσὶ</span> <span class='ocrx_word' id='word_1_158' title='bbox 885 1443 981 1519; x_wconf 76' lang='grc' dir='ltr'>μὲν</span> <span class='ocrx_word' id='word_1_159' title='bbox 1025 1443 1111 1499; x_wconf 78' lang='grc' dir='ltr'>οὖν</span> <span class='ocrx_word' id='word_1_160' title='bbox 1168 1444 1255 1498; x_wconf 86' lang='grc' dir='ltr'>καὶ</span> <span class='ocrx_word' id='word_1_161' title='bbox 1299 1441 1448 1500; x_wconf 65' lang='grc' dir='ltr'>ἄλλοι</span> <span class='ocrx_word' id='word_1_162' title='bbox 1505 1439 1692 1498; x_wconf 83' lang='grc' dir='ltr'>πολλοὶ</span> <span class='ocrx_word' id='word_1_163' title='bbox 1747 1442 1963 1504; x_wconf 83' lang='grc' dir='ltr'>κανόνες</span> 
     </span>
    </p>
   </div>
   <div class='ocr_carea' id='block_1_23' title="bbox 2074 1433 3701 1521">
    <p class='ocr_par' dir='ltr' id='par_1_23' title="bbox 2074 1433 3701 1506">
     <span class='ocr_line' id='line_1_23' title="bbox 2074 1433 3701 1506; baseline 0.009 -14"><span class='ocrx_word' id='word_1_164' title='bbox 2074 1433 2181 1494; x_wconf 91' lang='lat' dir='ltr'>lem</span> <span class='ocrx_word' id='word_1_165' title='bbox 2211 1442 2268 1495; x_wconf 89' lang='lat' dir='ltr'>et</span> <span class='ocrx_word' id='word_1_166' title='bbox 2303 1435 2402 1497; x_wconf 85' lang='lat' dir='ltr'>alii</span> <span class='ocrx_word' id='word_1_167' title='bbox 2433 1435 2606 1498; x_wconf 90' lang='lat' dir='ltr'>multi</span> <span class='ocrx_word' id='word_1_168' title='bbox 2661 1455 2921 1500; x_wconf 89' lang='lat' dir='ltr'>canones</span> <span class='ocrx_word' id='word_1_169' title='bbox 2969 1447 3387 1502; x_wconf 89' lang='lat' dir='ltr'>coronatorum</span> <span class='ocrx_word' id='word_1_170' title='bbox 3419 1433 3701 1506; x_wconf 78' lang='lat' dir='ltr'>divinitus</span> 
     </span>
    </p>
   </div>
   <div class='ocr_carea' id='block_1_24' title="bbox 322 1523 1990 1610">
    <p class='ocr_par' dir='ltr' id='par_1_24' title="bbox 322 1527 1966 1608">
     <span class='ocr_line' id='line_1_24' title="bbox 322 1527 1966 1608; baseline -0.003 -20"><span class='ocrx_word' id='word_1_171' title='bbox 322 1536 430 1588; x_wconf 85' lang='grc' dir='ltr'>τῶν</span> <span class='ocrx_word' id='word_1_172' title='bbox 499 1531 822 1588; x_wconf 80' lang='grc' dir='ltr'>θεοστέπτων</span> <span class='ocrx_word' id='word_1_173' title='bbox 878 1530 1210 1605; x_wconf 81' lang='grc' dir='ltr'>ἀποστόλων,</span> <span class='ocrx_word' id='word_1_174' title='bbox 1255 1532 1344 1588; x_wconf 84' lang='grc' dir='ltr'>καὶ</span> <span class='ocrx_word' id='word_1_175' title='bbox 1398 1531 1673 1608; x_wconf 80' lang='grc' dir='ltr'>ὑπηρετῶν</span> <span class='ocrx_word' id='word_1_176' title='bbox 1731 1535 1822 1585; x_wconf 75' lang='grc' dir='ltr'>τοῦ</span> <span class='ocrx_word' id='word_1_177' title='bbox 1876 1527 1966 1584; x_wconf 85' lang='grc' dir='ltr'>λό-</span> 
     </span>
    </p>
   </div>
   <div class='ocr_carea' id='block_1_25' title="bbox 2074 1523 3697 1610">
    <p class='ocr_par' dir='ltr' id='par_1_25' title="bbox 2074 1523 3697 1610">
     <span class='ocr_line' id='line_1_25' title="bbox 2074 1523 3697 1610; baseline 0.007 -28"><span class='ocrx_word' id='word_1_178' title='bbox 2074 1523 2449 1601; x_wconf 80' lang='grc' dir='ltr'>ιροειοιοι-υῐῃ</span> <span class='ocrx_word' id='word_1_179' title='bbox 2482 1525 3016 1610; x_wconf 87' lang='lat' dir='ltr'>ministrorumque</span> <span class='ocrx_word' id='word_1_180' title='bbox 3058 1528 3249 1610; x_wconf 83' lang='lat' dir='ltr'>verbi,</span> <span class='ocrx_word' id='word_1_181' title='bbox 3275 1538 3334 1593; x_wconf 91' lang='lat' dir='ltr'>et</span> <span class='ocrx_word' id='word_1_182' title='bbox 3363 1539 3697 1593; x_wconf 88' lang='lat' dir='ltr'>secutarnm</span> 
     </span>
    </p>
   </div>
   <div class='ocr_carea' id='block_1_26' title="bbox 318 1610 1990 1701">
    <p class='ocr_par' dir='ltr' id='par_1_26' title="bbox 318 1616 1971 1700">
     <span class='ocr_line' id='line_1_26' title="bbox 318 1616 1971 1700; baseline -0.002 -24"><span class='ocrx_word' id='word_1_183' title='bbox 318 1642 436 1699; x_wconf 86' lang='grc' dir='ltr'>γου,</span> <span class='ocrx_word' id='word_1_184' title='bbox 492 1621 580 1676; x_wconf 85' lang='grc' dir='ltr'>καὶ</span> <span class='ocrx_word' id='word_1_185' title='bbox 633 1621 739 1676; x_wconf 82' lang='grc' dir='ltr'>τῶν</span> <span class='ocrx_word' id='word_1_186' title='bbox 788 1620 975 1700; x_wconf 66' lang='grc' dir='ltr'>ἔφεξῆς</span> <span class='ocrx_word' id='word_1_187' title='bbox 1051 1622 1214 1699; x_wconf 81' lang='grc' dir='ltr'>ἁγίων</span> <span class='ocrx_word' id='word_1_188' title='bbox 1287 1616 1538 1694; x_wconf 86' lang='grc' dir='ltr'>συνόδων,</span> <span class='ocrx_word' id='word_1_189' title='bbox 1607 1619 1737 1677; x_wconf 73' lang='grc' dir='ltr'>αὐτὰ</span> <span class='ocrx_word' id='word_1_190' title='bbox 1807 1623 1971 1673; x_wconf 80' lang='grc' dir='ltr'>ταῦτα</span> 
     </span>
    </p>
   </div>
   <div class='ocr_carea' id='block_1_27' title="bbox 2074 1610 3700 1701">
    <p class='ocr_par' dir='ltr' id='par_1_27' title="bbox 2074 1610 3700 1701">
     <span class='ocr_line' id='line_1_27' title="bbox 2074 1610 3700 1701; baseline 0.008 -31"><span class='ocrx_word' id='word_1_191' title='bbox 2074 1610 2340 1693; x_wconf 90' lang='lat' dir='ltr'>leinceps</span> <span class='ocrx_word' id='word_1_192' title='bbox 2370 1621 2705 1676; x_wconf 89' lang='lat' dir='ltr'>sanctarum</span> <span class='ocrx_word' id='word_1_193' title='bbox 2755 1618 3134 1697; x_wconf 59' lang='lat' dir='ltr'>synodorum,</span> <span class='ocrx_word' id='word_1_194' title='bbox 3171 1618 3300 1680; x_wconf 59' lang='lat' dir='ltr'>haec</span> <span class='ocrx_word' id='word_1_195' title='bbox 3338 1619 3467 1701; x_wconf 89' lang='lat' dir='ltr'>ipsa</span> <span class='ocrx_word' id='word_1_196' title='bbox 3495 1621 3700 1683; x_wconf 88' lang='lat' dir='ltr'>decla-</span> 
     </span>
    </p>
   </div>
   <div class='ocr_carea' id='block_1_28' title="bbox 320 1703 1990 1788">
    <p class='ocr_par' dir='ltr' id='par_1_28' title="bbox 320 1706 1966 1788">
     <span class='ocr_line' id='line_1_28' title="bbox 320 1706 1966 1788; baseline -0.002 -24"><span class='ocrx_word' id='word_1_197' title='bbox 320 1707 732 1788; x_wconf 79' lang='grc' dir='ltr'>διατρανοῦντες,</span> <span class='ocrx_word' id='word_1_198' title='bbox 796 1711 884 1774; x_wconf 75' lang='grc' dir='ltr'>οὓς</span> <span class='ocrx_word' id='word_1_199' title='bbox 957 1712 1268 1788; x_wconf 80' lang='grc' dir='ltr'>παραθεῖναι</span> <span class='ocrx_word' id='word_1_200' title='bbox 1343 1707 1474 1782; x_wconf 84' lang='grc' dir='ltr'>τῷδε</span> <span class='ocrx_word' id='word_1_201' title='bbox 1542 1713 1618 1782; x_wconf 84' lang='grc' dir='ltr'>τῷ</span> <span class='ocrx_word' id='word_1_202' title='bbox 1673 1706 1966 1784; x_wconf 84' lang='grc' dir='ltr'>γράμματι,</span> 
     </span>
    </p>
   </div>
   <div class='ocr_carea' id='block_1_29' title="bbox 2074 1703 3700 1788">
    <p class='ocr_par' dir='ltr' id='par_1_29' title="bbox 2074 1703 3700 1787">
     <span class='ocr_line' id='line_1_29' title="bbox 2074 1703 3700 1787; baseline 0.007 -26"><span class='ocrx_word' id='word_1_203' title='bbox 2074 1709 2254 1762; x_wconf 85' lang='lat' dir='ltr'>&#39;antes</span> <span class='ocrx_word' id='word_1_204' title='bbox 2283 1723 2295 1773; x_wconf 86' lang='lat'>;</span> <span class='ocrx_word' id='word_1_205' title='bbox 2323 1722 2471 1782; x_wconf 87' lang='lat' dir='ltr'>quos</span> <span class='ocrx_word' id='word_1_206' title='bbox 2493 1703 2629 1765; x_wconf 90' lang='lat' dir='ltr'>huic</span> <span class='ocrx_word' id='word_1_207' title='bbox 2647 1704 2870 1785; x_wconf 87' lang='lat' dir='ltr'>scripto</span> <span class='ocrx_word' id='word_1_208' title='bbox 2892 1706 3217 1787; x_wconf 84' lang='lat' dir='ltr'>adjungere</span> <span class='ocrx_word' id='word_1_209' title='bbox 3241 1708 3700 1780; x_wconf 88' lang='lat' dir='ltr'>velle,stolidum</span> 
     </span>
    </p>
   </div>
   <div class='ocr_carea' id='block_1_30' title="bbox 317 1791 1990 1877">
    <p class='ocr_par' dir='ltr' id='par_1_30' title="bbox 317 1794 1990 1877">
     <span class='ocr_line' id='line_1_30' title="bbox 317 1794 1990 1877; baseline -0.002 -23"><span class='ocrx_word' id='word_1_210' title='bbox 317 1795 498 1877; x_wconf 67' lang='grc' dir='ltr'>εὔηθες</span> <span class='ocrx_word' id='word_1_211' title='bbox 568 1797 732 1872; x_wconf 73' lang='grc' dir='ltr'>ἔδοξε,</span> <span class='ocrx_word' id='word_1_212' title='bbox 784 1800 870 1854; x_wconf 83' lang='grc' dir='ltr'>καὶ</span> <span class='ocrx_word' id='word_1_213' title='bbox 915 1799 991 1874; x_wconf 75' lang='grc' dir='ltr'>μὴ</span> <span class='ocrx_word' id='word_1_214' title='bbox 1045 1797 1223 1876; x_wconf 78' lang='grc' dir='ltr'>πόῤῥω</span> <span class='ocrx_word' id='word_1_215' title='bbox 1275 1797 1575 1877; x_wconf 79' lang='grc' dir='ltr'>φιλοτιμίας</span> <span class='ocrx_word' id='word_1_216' title='bbox 1638 1794 1990 1876; x_wconf 70' lang='grc' dir='ltr'>ἀνωφελοῦς,¹</span> 
     </span>
    </p>
   </div>
   <div class='ocr_carea' id='block_1_31' title="bbox 2074 1791 3700 1877">
    <p class='ocr_par' dir='ltr' id='par_1_31' title="bbox 2074 1791 3700 1877">
     <span class='ocr_line' id='line_1_31' title="bbox 2074 1791 3700 1877; baseline 0.008 -27"><span class='ocrx_word' id='word_1_217' title='bbox 2074 1791 2238 1851; x_wconf 73' lang='lat' dir='ltr'>risum</span> <span class='ocrx_word' id='word_1_218' title='bbox 2270 1791 2514 1869; x_wconf 86' lang='lat' dir='ltr'>fuit,nec</span> <span class='ocrx_word' id='word_1_219' title='bbox 2537 1792 2608 1853; x_wconf 80' lang='lat' dir='ltr'>ab</span> <span class='ocrx_word' id='word_1_220' title='bbox 2630 1793 2822 1855; x_wconf 90' lang='lat' dir='ltr'>inutili</span> <span class='ocrx_word' id='word_1_221' title='bbox 2843 1794 3360 1877; x_wconf 88' lang='lat' dir='ltr'>ambitionelonge</span> <span class='ocrx_word' id='word_1_222' title='bbox 3382 1808 3700 1865; x_wconf 89' lang='lat' dir='ltr'>remotum.</span> 
     </span>
    </p>
   </div>
   <div class='ocr_carea' id='block_1_32' title="bbox 321 1876 1990 1965">
    <p class='ocr_par' dir='ltr' id='par_1_32' title="bbox 321 1876 1958 1965">
     <span class='ocr_line' id='line_1_32' title="bbox 321 1876 1958 1965; baseline -0.001 -23"><span class='ocrx_word' id='word_1_223' title='bbox 321 1876 534 1942; x_wconf 70' lang='grc' dir='ltr'>Ἱκανῶν</span> <span class='ocrx_word' id='word_1_224' title='bbox 577 1887 676 1964; x_wconf 78' lang='grc' dir='ltr'>γὰρ</span> <span class='ocrx_word' id='word_1_225' title='bbox 731 1893 834 1942; x_wconf 90' lang='grc' dir='ltr'>τῶν</span> <span class='ocrx_word' id='word_1_226' title='bbox 894 1883 1296 1965; x_wconf 78' lang='grc' dir='ltr'>προϐληθέντων</span> <span class='ocrx_word' id='word_1_227' title='bbox 1340 1888 1410 1952; x_wconf 82' lang='grc' dir='ltr'>εἰς</span> <span class='ocrx_word' id='word_1_228' title='bbox 1455 1883 1716 1949; x_wconf 79' lang='grc' dir='ltr'>ἀπόδειξιν</span> <span class='ocrx_word' id='word_1_229' title='bbox 1772 1883 1958 1962; x_wconf 76' lang='grc' dir='ltr'>ὄντων,</span> 
     </span>
    </p>
   </div>
   <div class='ocr_carea' id='block_1_33' title="bbox 2074 1876 3705 1965">
    <p class='ocr_par' dir='ltr' id='par_1_33' title="bbox 2074 1876 3705 1962">
     <span class='ocr_line' id='line_1_33' title="bbox 2074 1876 3705 1962; baseline 0.007 -23"><span class='ocrx_word' id='word_1_230' title='bbox 2074 1877 2194 1939; x_wconf 82' lang='lat' dir='ltr'>lam</span> <span class='ocrx_word' id='word_1_231' title='bbox 2225 1899 2362 1940; x_wconf 88' lang='lat' dir='ltr'>cum</span> <span class='ocrx_word' id='word_1_232' title='bbox 2399 1900 2490 1961; x_wconf 89' lang='lat' dir='ltr'>ea,</span> <span class='ocrx_word' id='word_1_233' title='bbox 2525 1901 2656 1961; x_wconf 83' lang='lat' dir='ltr'>quae</span> <span class='ocrx_word' id='word_1_234' title='bbox 2680 1882 2968 1962; x_wconf 87' lang='lat' dir='ltr'>producta</span> <span class='ocrx_word' id='word_1_235' title='bbox 3022 1892 3184 1960; x_wconf 92' lang='lat' dir='ltr'>sunt,</span> <span class='ocrx_word' id='word_1_236' title='bbox 3218 1876 3705 1950; x_wconf 17' lang='lat' dir='ltr'>adidemonstra-</span> 
     </span>
    </p>
   </div>
   <div class='ocr_carea' id='block_1_34' title="bbox 319 1967 1990 2053">
    <p class='ocr_par' dir='ltr' id='par_1_34' title="bbox 319 1971 1964 2053">
     <span class='ocr_line' id='line_1_34' title="bbox 319 1971 1964 2053; baseline -0.002 -23"><span class='ocrx_word' id='word_1_237' title='bbox 319 1980 369 2030; x_wconf 87' lang='grc' dir='ltr'>τί</span> <span class='ocrx_word' id='word_1_238' title='bbox 432 1973 515 2031; x_wconf 81' lang='grc' dir='ltr'>δεῖ</span> <span class='ocrx_word' id='word_1_239' title='bbox 555 1976 643 2030; x_wconf 88' lang='grc' dir='ltr'>καὶ</span> <span class='ocrx_word' id='word_1_240' title='bbox 698 1974 1312 2053; x_wconf 82' lang='grc' dir='ltr'>προσεπεξεργάζεσθαι;</span> <span class='ocrx_word' id='word_1_241' title='bbox 1386 1977 1473 2032; x_wconf 87' lang='grc' dir='ltr'>καὶ</span> <span class='ocrx_word' id='word_1_242' title='bbox 1555 1978 1651 2040; x_wconf 77' lang='grc' dir='ltr'>τῆς</span> <span class='ocrx_word' id='word_1_243' title='bbox 1720 1971 1964 2039; x_wconf 82' lang='grc' dir='ltr'>ἀληθείας</span> 
     </span>
    </p>
   </div>
   <div class='ocr_carea' id='block_1_35' title="bbox 2074 1967 3712 2053">
    <p class='ocr_par' dir='ltr' id='par_1_35' title="bbox 2074 1967 3712 2053">
     <span class='ocr_line' id='line_1_35' title="bbox 2074 1967 3712 2053; baseline 0.008 -26"><span class='ocrx_word' id='word_1_244' title='bbox 2074 1967 2267 2030; x_wconf 75' lang='lat' dir='ltr'>ioném</span> <span class='ocrx_word' id='word_1_245' title='bbox 2312 1972 2398 2031; x_wconf 88' lang='lat' dir='ltr'>rei</span> <span class='ocrx_word' id='word_1_246' title='bbox 2454 1970 2778 2047; x_wconf 86' lang='lat' dir='ltr'>sufﬁciant,</span> <span class='ocrx_word' id='word_1_247' title='bbox 2813 1991 2919 2033; x_wconf 91' lang='lat' dir='ltr'>cur</span> <span class='ocrx_word' id='word_1_248' title='bbox 2975 1972 3230 2053; x_wconf 88' lang='lat' dir='ltr'>amplius</span> <span class='ocrx_word' id='word_1_249' title='bbox 3277 1973 3712 2042; x_wconf 67' lang='lat' dir='ltr'>laboreturlet</span> 
     </span>
    </p>
   </div>
   <div class='ocr_carea' id='block_1_36' title="bbox 323 2058 1990 2142">
    <p class='ocr_par' dir='ltr' id='par_1_36' title="bbox 323 2060 1963 2142">
     <span class='ocr_line' id='line_1_36' title="bbox 323 2060 1963 2142; baseline -0.002 -22"><span class='ocrx_word' id='word_1_250' title='bbox 323 2063 617 2139; x_wconf 83' lang='grc' dir='ltr'>όυναμὲνης</span> <span class='ocrx_word' id='word_1_251' title='bbox 647 2062 980 2139; x_wconf 77' lang='grc' dir='ltr'>ἀναλάμψαι,</span> <span class='ocrx_word' id='word_1_252' title='bbox 1013 2065 1100 2120; x_wconf 85' lang='grc' dir='ltr'>καὶ</span> <span class='ocrx_word' id='word_1_253' title='bbox 1131 2077 1245 2127; x_wconf 79' lang='grc' dir='ltr'>νοϊς</span> <span class='ocrx_word' id='word_1_254' title='bbox 1292 2070 1420 2122; x_wconf 83' lang='grc' dir='ltr'>πᾶσι</span> <span class='ocrx_word' id='word_1_255' title='bbox 1479 2063 1714 2142; x_wconf 79' lang='grc' dir='ltr'>γενέσθαι</span> <span class='ocrx_word' id='word_1_256' title='bbox 1772 2060 1963 2136; x_wconf 88' lang='grc' dir='ltr'>δήλης,</span> 
     </span>
    </p>
   </div>
   <div class='ocr_carea' id='block_1_37' title="bbox 2074 2058 3706 2142">
    <p class='ocr_par' dir='ltr' id='par_1_37' title="bbox 2074 2058 3706 2142">
     <span class='ocr_line' id='line_1_37' title="bbox 2074 2058 3706 2142; baseline 0.007 -27"><span class='ocrx_word' id='word_1_257' title='bbox 2074 2077 2180 2118; x_wconf 83' lang='lat' dir='ltr'>:um</span> <span class='ocrx_word' id='word_1_258' title='bbox 2209 2058 2427 2120; x_wconf 88' lang='lat' dir='ltr'>veritas</span> <span class='ocrx_word' id='word_1_259' title='bbox 2458 2061 2697 2122; x_wconf 89' lang='lat' dir='ltr'>elucere</span> <span class='ocrx_word' id='word_1_260' title='bbox 2743 2060 2948 2140; x_wconf 88' lang='lat' dir='ltr'>possit,</span> <span class='ocrx_word' id='word_1_261' title='bbox 3004 2069 3181 2142; x_wconf 91' lang='lat' dir='ltr'>atque</span> <span class='ocrx_word' id='word_1_262' title='bbox 3211 2063 3491 2125; x_wconf 89' lang='lat' dir='ltr'>omnibus</span> <span class='ocrx_word' id='word_1_263' title='bbox 3526 2063 3706 2127; x_wconf 91' lang='lat' dir='ltr'>inno-</span> 
     </span>
    </p>
   </div>
   <div class='ocr_carea' id='block_1_38' title="bbox 322 2148 1990 2234">
    <p class='ocr_par' dir='ltr' id='par_1_38' title="bbox 322 2151 1965 2232">
     <span class='ocr_line' id='line_1_38' title="bbox 322 2151 1965 2232; baseline -0.002 -23"><span class='ocrx_word' id='word_1_264' title='bbox 322 2154 428 2209; x_wconf 81' lang='grc' dir='ltr'>τῶν</span> <span class='ocrx_word' id='word_1_265' title='bbox 500 2151 712 2208; x_wconf 81' lang='grc' dir='ltr'>πολλῶν</span> <span class='ocrx_word' id='word_1_266' title='bbox 788 2151 1028 2228; x_wconf 69' lang='grc' dir='ltr'>οὐδαμῶς</span> <span class='ocrx_word' id='word_1_267' title='bbox 1101 2159 1277 2232; x_wconf 79' lang='grc' dir='ltr'>χρεία,</span> <span class='ocrx_word' id='word_1_268' title='bbox 1359 2153 1630 2231; x_wconf 73' lang='grc' dir='ltr'>Αὐτάρκης</span> <span class='ocrx_word' id='word_1_269' title='bbox 1712 2151 1811 2229; x_wconf 81' lang='grc' dir='ltr'>γὰρ</span> <span class='ocrx_word' id='word_1_270' title='bbox 1894 2152 1965 2214; x_wconf 80' lang='grc' dir='ltr'>εἷς</span> 
     </span>
    </p>
   </div>
   <div class='ocr_carea' id='block_1_39' title="bbox 2074 2148 3713 2234">
    <p class='ocr_par' dir='ltr' id='par_1_39' title="bbox 2074 2148 3713 2234">
     <span class='ocr_line' id='line_1_39' title="bbox 2074 2148 3713 2234; baseline 0.005 -27"><span class='ocrx_word' id='word_1_271' title='bbox 2074 2165 2324 2208; x_wconf 90' lang='lat' dir='ltr'>.escere:</span> <span class='ocrx_word' id='word_1_272' title='bbox 2363 2167 2478 2208; x_wconf 87' lang='lat' dir='ltr'>non</span> <span class='ocrx_word' id='word_1_273' title='bbox 2532 2148 2734 2210; x_wconf 91' lang='lat' dir='ltr'>multis</span> <span class='ocrx_word' id='word_1_274' title='bbox 2783 2168 2934 2230; x_wconf 88' lang='lat' dir='ltr'>opus</span> <span class='ocrx_word' id='word_1_275' title='bbox 2967 2159 3058 2212; x_wconf 90' lang='lat' dir='ltr'>est</span> <span class='ocrx_word' id='word_1_276' title='bbox 3083 2150 3307 2214; x_wconf 88' lang='lat' dir='ltr'>verbis.</span> <span class='ocrx_word' id='word_1_277' title='bbox 3348 2151 3582 2234; x_wconf 86' lang='lat' dir='ltr'>Quippe</span> <span class='ocrx_word' id='word_1_278' title='bbox 3612 2173 3713 2216; x_wconf 87' lang='lat' dir='ltr'>ve-</span> 
     </span>
    </p>
   </div>
   <div class='ocr_carea' id='block_1_40' title="bbox 324 2236 1990 2325">
    <p class='ocr_par' dir='ltr' id='par_1_40' title="bbox 324 2237 1976 2320">
     <span class='ocr_line' id='line_1_40' title="bbox 324 2237 1976 2320; baseline -0.002 -23"><span class='ocrx_word' id='word_1_279' title='bbox 324 2241 636 2320; x_wconf 86' lang='grc' dir='ltr'>συνηγορίαν</span> <span class='ocrx_word' id='word_1_280' title='bbox 696 2240 885 2309; x_wconf 70' lang='grc' dir='ltr'>ἑαυτῆς</span> <span class='ocrx_word' id='word_1_281' title='bbox 941 2243 976 2310; x_wconf 76' lang='grc' dir='ltr'><strong>ἡ</strong></span> <span class='ocrx_word' id='word_1_282' title='bbox 1039 2240 1278 2308; x_wconf 82' lang='grc' dir='ltr'>ἀληθεία.</span> <span class='ocrx_word' id='word_1_283' title='bbox 1328 2251 1500 2316; x_wconf 81' lang='grc' dir='ltr'>Κοινῳ</span> <span class='ocrx_word' id='word_1_284' title='bbox 1558 2241 1654 2316; x_wconf 74' lang='grc' dir='ltr'>μὲν</span> <span class='ocrx_word' id='word_1_285' title='bbox 1716 2240 1801 2296; x_wconf 79' lang='grc' dir='ltr'>οὖν</span> <span class='ocrx_word' id='word_1_286' title='bbox 1831 2237 1976 2317; x_wconf 89' lang='grc' dir='ltr'>λόγῳ</span> 
     </span>
    </p>
   </div>
   <div class='ocr_carea' id='block_1_41' title="bbox 2074 2236 3710 2325">
    <p class='ocr_par' dir='ltr' id='par_1_41' title="bbox 2074 2236 3710 2325">
     <span class='ocr_line' id='line_1_41' title="bbox 2074 2236 3710 2325; baseline 0.006 -29"><span class='ocrx_word' id='word_1_287' title='bbox 2074 2236 2198 2298; x_wconf 76' lang='lat' dir='ltr'>&#39;itas</span> <span class='ocrx_word' id='word_1_288' title='bbox 2229 2237 2301 2298; x_wconf 90' lang='lat' dir='ltr'>ad</span> <span class='ocrx_word' id='word_1_289' title='bbox 2360 2239 2449 2298; x_wconf 91' lang='lat' dir='ltr'>sui</span> <span class='ocrx_word' id='word_1_290' title='bbox 2500 2238 2891 2317; x_wconf 90' lang='lat' dir='ltr'>patrocinium</span> <span class='ocrx_word' id='word_1_291' title='bbox 2945 2239 3201 2320; x_wconf 79' lang='lat' dir='ltr'>ipsemet</span> <span class='ocrx_word' id='word_1_292' title='bbox 3234 2241 3468 2304; x_wconf 85' lang='lat' dir='ltr'>sufficit.</span> <span class='ocrx_word' id='word_1_293' title='bbox 3505 2242 3710 2325; x_wconf 87' lang='lat' dir='ltr'>Itaque</span> 
     </span>
    </p>
   </div>
   <div class='ocr_carea' id='block_1_42' title="bbox 325 2325 1990 2410">
    <p class='ocr_par' dir='ltr' id='par_1_42' title="bbox 325 2327 1974 2410">
     <span class='ocr_line' id='line_1_42' title="bbox 325 2327 1974 2410; baseline -0.001 -25"><span class='ocrx_word' id='word_1_294' title='bbox 325 2330 413 2386; x_wconf 75' lang='grc' dir='ltr'>καὶ</span> <span class='ocrx_word' id='word_1_295' title='bbox 441 2329 734 2394; x_wconf 80' lang='grc' dir='ltr'>καθολικῶς</span> <span class='ocrx_word' id='word_1_296' title='bbox 779 2329 976 2410; x_wconf 78' lang='grc' dir='ltr'>ἐλέχθη</span> <span class='ocrx_word' id='word_1_297' title='bbox 1018 2336 1202 2393; x_wconf 77' lang='grc' dir='ltr'>ταῦτα,</span> <span class='ocrx_word' id='word_1_298' title='bbox 1253 2328 1380 2402; x_wconf 79' lang='grc' dir='ltr'>’ἰδίᾳ</span> <span class='ocrx_word' id='word_1_299' title='bbox 1421 2329 1498 2409; x_wconf 74' lang='grc' dir='ltr'>δὲ,</span> <span class='ocrx_word' id='word_1_300' title='bbox 1544 2330 1630 2385; x_wconf 83' lang='grc' dir='ltr'>καὶ</span> <span class='ocrx_word' id='word_1_301' title='bbox 1685 2329 1820 2384; x_wconf 81' lang='grc' dir='ltr'>κατὰ</span> <span class='ocrx_word' id='word_1_302' title='bbox 1873 2327 1974 2402; x_wconf 79' lang='grc' dir='ltr'>μὲ-</span> 
     </span>
    </p>
   </div>
   <div class='ocr_carea' id='block_1_43' title="bbox 2074 2325 3706 2410">
    <p class='ocr_par' dir='ltr' id='par_1_43' title="bbox 2074 2325 3706 2407">
     <span class='ocr_line' id='line_1_43' title="bbox 2074 2325 3706 2407; baseline 0.005 -21"><span class='ocrx_word' id='word_1_303' title='bbox 2074 2325 2286 2387; x_wconf 81' lang='lat' dir='ltr'>&#39;atione</span> <span class='ocrx_word' id='word_1_304' title='bbox 2318 2327 2645 2406; x_wconf 88' lang='lat' dir='ltr'>communi,</span> <span class='ocrx_word' id='word_1_305' title='bbox 2703 2334 2763 2388; x_wconf 90' lang='lat' dir='ltr'>et</span> <span class='ocrx_word' id='word_1_306' title='bbox 2810 2329 3172 2407; x_wconf 87' lang='lat' dir='ltr'>generaliter</span> <span class='ocrx_word' id='word_1_307' title='bbox 3200 2331 3328 2392; x_wconf 59' lang='lat' dir='ltr'>hac</span> <span class='ocrx_word' id='word_1_308' title='bbox 3359 2331 3517 2393; x_wconf 89' lang='lat' dir='ltr'>dicta</span> <span class='ocrx_word' id='word_1_309' title='bbox 3546 2340 3706 2394; x_wconf 89' lang='lat' dir='ltr'>sunt.</span> 
     </span>
    </p>
   </div>
   <div class='ocr_carea' id='block_1_44' title="bbox 323 2415 1990 2503">
    <p class='ocr_par' dir='ltr' id='par_1_44' title="bbox 323 2418 1974 2500">
     <span class='ocr_line' id='line_1_44' title="bbox 323 2418 1974 2500; baseline 0.001 -25"><span class='ocrx_word' id='word_1_310' title='bbox 323 2441 437 2498; x_wconf 86' lang='grc' dir='ltr'>ρος,</span> <span class='ocrx_word' id='word_1_311' title='bbox 509 2420 598 2474; x_wconf 86' lang='grc' dir='ltr'>καὶ</span> <span class='ocrx_word' id='word_1_312' title='bbox 666 2418 862 2498; x_wconf 61' lang='grc' dir='ltr'>ἕτεροις</span> <span class='ocrx_word' id='word_1_313' title='bbox 919 2418 1140 2482; x_wconf 76' lang='grc' dir='ltr'>ἕκαστος</span> <span class='ocrx_word' id='word_1_314' title='bbox 1227 2419 1514 2500; x_wconf 75' lang='grc' dir='ltr'>φράγνυται</span> <span class='ocrx_word' id='word_1_315' title='bbox 1598 2418 1974 2493; x_wconf 82' lang='grc' dir='ltr'>δικαιώμασιν.</span> 
     </span>
    </p>
   </div>
   <div class='ocr_carea' id='block_1_45' title="bbox 2074 2415 3716 2503">
    <p class='ocr_par' dir='ltr' id='par_1_45' title="bbox 2074 2415 3716 2503">
     <span class='ocr_line' id='line_1_45' title="bbox 2074 2415 3716 2503; baseline 0.005 -27"><span class='ocrx_word' id='word_1_316' title='bbox 2074 2415 2341 2503; x_wconf 76' lang='lat' dir='ltr'>Seorsum</span> <span class='ocrx_word' id='word_1_317' title='bbox 2369 2433 2531 2488; x_wconf 91' lang='lat' dir='ltr'>vero,</span> <span class='ocrx_word' id='word_1_318' title='bbox 2567 2424 2626 2476; x_wconf 89' lang='lat' dir='ltr'>et</span> <span class='ocrx_word' id='word_1_319' title='bbox 2661 2415 3078 2495; x_wconf 90' lang='lat' dir='ltr'>particulatim,</span> <span class='ocrx_word' id='word_1_320' title='bbox 3103 2418 3279 2480; x_wconf 91' lang='lat' dir='ltr'>etiam</span> <span class='ocrx_word' id='word_1_321' title='bbox 3301 2419 3434 2482; x_wconf 91' lang='lat' dir='ltr'>aliis</span> <span class='ocrx_word' id='word_1_322' title='bbox 3462 2421 3716 2503; x_wconf 83' lang='lat' dir='ltr'>quisque</span> 
     </span>
    </p>
   </div>
   <div class='ocr_carea' id='block_1_46' title="bbox 325 2506 1978 2589">
    <p class='ocr_par' dir='ltr' id='par_1_46' title="bbox 325 2506 1978 2589">
     <span class='ocr_line' id='line_1_46' title="bbox 325 2506 1978 2589; baseline -0.002 -24"><span class='ocrx_word' id='word_1_323' title='bbox 325 2510 490 2571; x_wconf 69' lang='grc' dir='ltr'>Αὐτὸς</span> <span class='ocrx_word' id='word_1_324' title='bbox 522 2509 617 2585; x_wconf 79' lang='grc' dir='ltr'>μὲν</span> <span class='ocrx_word' id='word_1_325' title='bbox 675 2510 773 2588; x_wconf 82' lang='grc' dir='ltr'>γὰρ</span> <span class='ocrx_word' id='word_1_326' title='bbox 832 2511 860 2565; x_wconf 99' lang='lat'>6</span> <span class='ocrx_word' id='word_1_327' title='bbox 902 2511 989 2565; x_wconf 85' lang='grc' dir='ltr'>καὶ</span> <span class='ocrx_word' id='word_1_328' title='bbox 1038 2517 1141 2566; x_wconf 86' lang='grc' dir='ltr'>τῶν</span> <span class='ocrx_word' id='word_1_329' title='bbox 1199 2513 1317 2589; x_wconf 84' lang='grc' dir='ltr'>περὶ</span> <span class='ocrx_word' id='word_1_330' title='bbox 1375 2515 1478 2566; x_wconf 87' lang='grc' dir='ltr'>τῶν</span> <span class='ocrx_word' id='word_1_331' title='bbox 1535 2506 1672 2564; x_wconf 80' lang='grc' dir='ltr'>ὅλων</span> <span class='ocrx_word' id='word_1_332' title='bbox 1715 2508 1978 2576; x_wconf 79' lang='grc' dir='ltr'>συστήσας</span> 
     </span>
    </p>
   </div>
   <div class='ocr_carea' id='block_1_47' title="bbox 325 2595 1982 2676">
    <p class='ocr_par' dir='ltr' id='par_1_47' title="bbox 325 2595 1982 2676">
     <span class='ocr_line' id='line_1_47' title="bbox 325 2595 1982 2676; baseline -0.002 -24"><span class='ocrx_word' id='word_1_333' title='bbox 325 2595 530 2674; x_wconf 77' lang='grc' dir='ltr'>ἆγῶνα,</span> <span class='ocrx_word' id='word_1_334' title='bbox 561 2597 741 2652; x_wconf 79' lang='grc' dir='ltr'>καὶτὸ</span> <span class='ocrx_word' id='word_1_335' title='bbox 771 2602 973 2672; x_wconf 74' lang='grc' dir='ltr'>σμῆνος</span> <span class='ocrx_word' id='word_1_336' title='bbox 1027 2600 1130 2653; x_wconf 79' lang='grc' dir='ltr'>τῶν</span> <span class='ocrx_word' id='word_1_337' title='bbox 1190 2595 1364 2676; x_wconf 90' lang='grc' dir='ltr'>λόγων</span> <span class='ocrx_word' id='word_1_338' title='bbox 1413 2597 1662 2676; x_wconf 87' lang='grc' dir='ltr'>κινήσας,</span> <span class='ocrx_word' id='word_1_339' title='bbox 1721 2596 1812 2652; x_wconf 83' lang='grc' dir='ltr'>τὸν</span> <span class='ocrx_word' id='word_1_340' title='bbox 1866 2598 1982 2650; x_wconf 84' lang='grc' dir='ltr'>θεο-</span> 
     </span>
    </p>
   </div>
   <div class='ocr_carea' id='block_1_48' title="bbox 327 2683 1983 2764">
    <p class='ocr_par' dir='ltr' id='par_1_48' title="bbox 327 2683 1983 2764">
     <span class='ocr_line' id='line_1_48' title="bbox 327 2683 1983 2764; baseline -0.002 -24"><span class='ocrx_word' id='word_1_341' title='bbox 327 2684 458 2763; x_wconf 74' lang='grc' dir='ltr'>φιλῆ</span> <span class='ocrx_word' id='word_1_342' title='bbox 502 2683 556 2740; x_wconf 80' lang='grc' dir='ltr'>δὲ</span> <span class='ocrx_word' id='word_1_343' title='bbox 619 2683 761 2762; x_wconf 79' lang='grc' dir='ltr'>λέγω</span> <span class='ocrx_word' id='word_1_344' title='bbox 823 2684 1220 2764; x_wconf 90' lang='grc' dir='ltr'>μητροπολίτην</span> <span class='ocrx_word' id='word_1_345' title='bbox 1295 2683 1572 2764; x_wconf 79' lang='grc' dir='ltr'>Ἀγκύρας,</span> <span class='ocrx_word' id='word_1_346' title='bbox 1641 2683 1983 2759; x_wconf 79' lang='grc' dir='ltr'>ὑπομνήματί</span> 
     </span>
    </p>
   </div>
   <div class='ocr_carea' id='block_1_49' title="bbox 328 2772 1978 2853">
    <p class='ocr_par' dir='ltr' id='par_1_49' title="bbox 328 2772 1978 2853">
     <span class='ocr_line' id='line_1_49' title="bbox 328 2772 1978 2853; baseline -0.002 -23"><span class='ocrx_word' id='word_1_347' title='bbox 328 2795 386 2830; x_wconf 88' lang='grc' dir='ltr'>τε</span> <span class='ocrx_word' id='word_1_348' title='bbox 441 2773 732 2852; x_wconf 74' lang='grc' dir='ltr'>πέφρακται</span> <span class='ocrx_word' id='word_1_349' title='bbox 793 2774 886 2829; x_wconf 74' lang='grc' dir='ltr'>τοῖ’)</span> <span class='ocrx_word' id='word_1_350' title='bbox 956 2775 1241 2853; x_wconf 81' lang='grc' dir='ltr'>μακαρίτου</span> <span class='ocrx_word' id='word_1_351' title='bbox 1311 2772 1571 2849; x_wconf 81' lang='grc' dir='ltr'>βασιλέως</span> <span class='ocrx_word' id='word_1_352' title='bbox 1635 2779 1726 2828; x_wconf 78' lang='grc' dir='ltr'>τοῦ</span> <span class='ocrx_word' id='word_1_353' title='bbox 1786 2773 1978 2851; x_wconf 79' lang='grc' dir='ltr'>Δούκα,</span> 
     </span>
    </p>
   </div>
   <div class='ocr_carea' id='block_1_50' title="bbox 331 2859 1981 2940">
    <p class='ocr_par' dir='ltr' id='par_1_50' title="bbox 331 2859 1981 2940">
     <span class='ocr_line' id='line_1_50' title="bbox 331 2859 1981 2940; baseline -0.001 -22"><span class='ocrx_word' id='word_1_354' title='bbox 331 2861 475 2926; x_wconf 74' lang='grc' dir='ltr'>ὅστις</span> <span class='ocrx_word' id='word_1_355' title='bbox 519 2862 616 2928; x_wconf 71' lang='grc' dir='ltr'>τὴν</span> <span class='ocrx_word' id='word_1_356' title='bbox 658 2867 749 2918; x_wconf 75' lang='grc' dir='ltr'>τοῦ</span> <span class='ocrx_word' id='word_1_357' title='bbox 803 2861 1070 2939; x_wconf 85' lang='grc' dir='ltr'>βασιλείου</span> <span class='ocrx_word' id='word_1_358' title='bbox 1127 2861 1424 2928; x_wconf 76' lang='grc' dir='ltr'>ἐπισκοπὴν</span> <span class='ocrx_word' id='word_1_359' title='bbox 1485 2863 1558 2924; x_wconf 88' lang='grc' dir='ltr'>εἷς</span> <span class='ocrx_word' id='word_1_360' title='bbox 1592 2859 1981 2940; x_wconf 88' lang='grc' dir='ltr'>μητροπολιτι-</span> 
     </span>
    </p>
   </div>
   <div class='ocr_carea' id='block_1_51' title="bbox 331 2948 1984 3031">
    <p class='ocr_par' dir='ltr' id='par_1_51' title="bbox 331 2948 1984 3031">
     <span class='ocr_line' id='line_1_51' title="bbox 331 2948 1984 3031; baseline -0.002 -24"><span class='ocrx_word' id='word_1_361' title='bbox 331 2953 426 3007; x_wconf 78' lang='grc' dir='ltr'>κὸν</span> <span class='ocrx_word' id='word_1_362' title='bbox 484 2950 717 3027; x_wconf 70' lang='grc' dir='ltr'>ἀνήγαγε</span> <span class='ocrx_word' id='word_1_363' title='bbox 780 2948 999 3031; x_wconf 88' lang='grc' dir='ltr'>δίκαιον,</span> <span class='ocrx_word' id='word_1_364' title='bbox 1059 2949 1423 3030; x_wconf 83' lang='grc' dir='ltr'>διοριζομένῳ,</span> <span class='ocrx_word' id='word_1_365' title='bbox 1486 2956 1564 3023; x_wconf 83' lang='grc' dir='ltr'>τῷ</span> <span class='ocrx_word' id='word_1_366' title='bbox 1618 2951 1825 3024; x_wconf 79' lang='grc' dir='ltr'>θανάτῳ</span> <span class='ocrx_word' id='word_1_367' title='bbox 1892 2956 1984 3005; x_wconf 78' lang='grc' dir='ltr'>τοῦ</span> 
     </span>
    </p>
   </div>
   <div class='ocr_carea' id='block_1_52' title="bbox 332 3038 1982 3118">
    <p class='ocr_par' dir='ltr' id='par_1_52' title="bbox 332 3038 1982 3118">
     <span class='ocr_line' id='line_1_52' title="bbox 332 3038 1982 3118; baseline -0.001 -24"><span class='ocrx_word' id='word_1_368' title='bbox 332 3038 644 3114; x_wconf 79' lang='grc' dir='ltr'>τιμηθέντος</span> <span class='ocrx_word' id='word_1_369' title='bbox 674 3038 1084 3118; x_wconf 66' lang='grc' dir='ltr'>μητροπολίτοα,</span> <span class='ocrx_word' id='word_1_370' title='bbox 1147 3042 1218 3104; x_wconf 77' lang='grc' dir='ltr'>εἷς</span> <span class='ocrx_word' id='word_1_371' title='bbox 1275 3040 1577 3106; x_wconf 74' lang='grc' dir='ltr'>ἐπισκοπήν</span> <span class='ocrx_word' id='word_1_372' title='bbox 1627 3039 1982 3096; x_wconf 84' lang='grc' dir='ltr'>κατεσπάσθαι</span> 
     </span>
    </p>
   </div>
   <div class='ocr_carea' id='block_1_53' title="bbox 2065 2502 3715 2588">
    <p class='ocr_par' dir='ltr' id='par_1_53' title="bbox 2065 2502 3715 2588">
     <span class='ocr_line' id='line_1_53' title="bbox 2065 2502 3715 2588; baseline 0.005 -25"><span class='ocrx_word' id='word_1_373' title='bbox 2065 2502 2330 2566; x_wconf 91' lang='lat' dir='ltr'>munitus</span> <span class='ocrx_word' id='word_1_374' title='bbox 2357 2512 2445 2565; x_wconf 92' lang='lat' dir='ltr'>est</span> <span class='ocrx_word' id='word_1_375' title='bbox 2470 2504 2728 2583; x_wconf 91' lang='lat' dir='ltr'>juribus.</span> <span class='ocrx_word' id='word_1_376' title='bbox 2764 2503 2909 2567; x_wconf 86' lang='lat' dir='ltr'>Nam</span> <span class='ocrx_word' id='word_1_377' title='bbox 2947 2514 3002 2568; x_wconf 88' lang='lat' dir='ltr'>et</span> <span class='ocrx_word' id='word_1_378' title='bbox 3033 2506 3084 2567; x_wconf 92' lang='lat' dir='ltr'>is</span> <span class='ocrx_word' id='word_1_379' title='bbox 3133 2507 3262 2588; x_wconf 89' lang='lat' dir='ltr'>ipse</span> <span class='ocrx_word' id='word_1_380' title='bbox 3285 2510 3386 2588; x_wconf 90' lang='lat' dir='ltr'>qui</span> <span class='ocrx_word' id='word_1_381' title='bbox 3412 2502 3715 2572; x_wconf 89' lang='lat' dir='ltr'>certamen</span> 
     </span>
    </p>
   </div>
   <div class='ocr_carea' id='block_1_54' title="bbox 2063 2591 3718 2674">
    <p class='ocr_par' dir='ltr' id='par_1_54' title="bbox 2063 2591 3718 2674">
     <span class='ocr_line' id='line_1_54' title="bbox 2063 2591 3718 2674; baseline 0.005 -22"><span class='ocrx_word' id='word_1_382' title='bbox 2063 2591 2176 2652; x_wconf 90' lang='lat' dir='ltr'>hoc</span> <span class='ocrx_word' id='word_1_383' title='bbox 2205 2591 2543 2653; x_wconf 88' lang='lat' dir='ltr'>universum</span> <span class='ocrx_word' id='word_1_384' title='bbox 2612 2593 2864 2674; x_wconf 88' lang='lat' dir='ltr'>accepit,</span> <span class='ocrx_word' id='word_1_385' title='bbox 2914 2604 2971 2656; x_wconf 91' lang='lat' dir='ltr'>et</span> <span class='ocrx_word' id='word_1_386' title='bbox 2999 2595 3314 2658; x_wconf 89' lang='lat' dir='ltr'>verborum</span> <span class='ocrx_word' id='word_1_387' title='bbox 3346 2598 3459 2660; x_wconf 89' lang='lat' dir='ltr'>hoc</span> <span class='ocrx_word' id='word_1_388' title='bbox 3485 2599 3718 2660; x_wconf 88' lang='lat' dir='ltr'>alveare</span> 
     </span>
    </p>
   </div>
   <div class='ocr_carea' id='block_1_55' title="bbox 2065 2680 3719 2767">
    <p class='ocr_par' dir='ltr' id='par_1_55' title="bbox 2065 2680 3719 2767">
     <span class='ocr_line' id='line_1_55' title="bbox 2065 2680 3719 2767; baseline 0.005 -27"><span class='ocrx_word' id='word_1_389' title='bbox 2065 2683 2400 2757; x_wconf 87' lang='lat' dir='ltr'>commovit,</span> <span class='ocrx_word' id='word_1_390' title='bbox 2435 2680 2770 2760; x_wconf 87' lang='lat' dir='ltr'>religiosus,</span> <span class='ocrx_word' id='word_1_391' title='bbox 2795 2682 3058 2764; x_wconf 91' lang='lat' dir='ltr'>inquam,</span> <span class='ocrx_word' id='word_1_392' title='bbox 3095 2686 3587 2767; x_wconf 90' lang='lat' dir='ltr'>metropolitanus</span> <span class='ocrx_word' id='word_1_393' title='bbox 3615 2687 3719 2749; x_wconf 90' lang='lat' dir='ltr'>ille</span> 
     </span>
    </p>
   </div>
   <div class='ocr_carea' id='block_1_56' title="bbox 2065 2770 3721 2848">
    <p class='ocr_par' dir='ltr' id='par_1_56' title="bbox 2065 2770 3721 2848">
     <span class='ocr_line' id='line_1_56' title="bbox 2065 2770 3721 2848; baseline 0.005 -18"><span class='ocrx_word' id='word_1_394' title='bbox 2065 2770 2434 2848; x_wconf 86' lang='lat' dir='ltr'>Ancyranus,</span> <span class='ocrx_word' id='word_1_395' title='bbox 2491 2770 2882 2833; x_wconf 89' lang='lat' dir='ltr'>instrumento</span> <span class='ocrx_word' id='word_1_396' title='bbox 2939 2773 3202 2834; x_wconf 90' lang='lat' dir='ltr'>munitus</span> <span class='ocrx_word' id='word_1_397' title='bbox 3260 2783 3349 2837; x_wconf 92' lang='lat' dir='ltr'>est</span> <span class='ocrx_word' id='word_1_398' title='bbox 3376 2775 3567 2838; x_wconf 83' lang='lat' dir='ltr'>felicis</span> <span class='ocrx_word' id='word_1_399' title='bbox 3596 2794 3721 2838; x_wconf 89' lang='lat' dir='ltr'>me-</span> 
     </span>
    </p>
   </div>
   <div class='ocr_carea' id='block_1_57' title="bbox 2067 2858 3720 2944">
    <p class='ocr_par' dir='ltr' id='par_1_57' title="bbox 2067 2858 3720 2944">
     <span class='ocr_line' id='line_1_57' title="bbox 2067 2858 3720 2944; baseline 0.007 -27"><span class='ocrx_word' id='word_1_400' title='bbox 2067 2858 2272 2918; x_wconf 71' lang='lat' dir='ltr'>moriae</span> <span class='ocrx_word' id='word_1_401' title='bbox 2304 2859 2589 2940; x_wconf 90' lang='lat' dir='ltr'>principis</span> <span class='ocrx_word' id='word_1_402' title='bbox 2632 2859 2811 2922; x_wconf 65' lang='lat' dir='ltr'>Ducaa</span> <span class='ocrx_word' id='word_1_403' title='bbox 2843 2894 2887 2936; x_wconf 81' lang='grc' dir='ltr'>ν,</span> <span class='ocrx_word' id='word_1_404' title='bbox 2924 2861 3024 2942; x_wconf 89' lang='lat' dir='ltr'>qui</span> <span class='ocrx_word' id='word_1_405' title='bbox 3047 2865 3454 2944; x_wconf 90' lang='lat' dir='ltr'>episcopatum</span> <span class='ocrx_word' id='word_1_406' title='bbox 3483 2865 3720 2928; x_wconf 73' lang='lat' dir='ltr'>Basilaei</span> 
     </span>
    </p>
   </div>
   <div class='ocr_carea' id='block_1_58' title="bbox 2067 2948 3719 3031">
    <p class='ocr_par' dir='ltr' id='par_1_58' title="bbox 2067 2948 3719 3031">
     <span class='ocr_line' id='line_1_58' title="bbox 2067 2948 3719 3031; baseline 0.007 -26"><span class='ocrx_word' id='word_1_407' title='bbox 2067 2948 2501 3028; x_wconf 87' lang='lat' dir='ltr'>metropolitico</span> <span class='ocrx_word' id='word_1_408' title='bbox 2521 2950 2658 3028; x_wconf 88' lang='lat' dir='ltr'>jure</span> <span class='ocrx_word' id='word_1_409' title='bbox 2684 2949 2943 3031; x_wconf 90' lang='lat' dir='ltr'>donavit,</span> <span class='ocrx_word' id='word_1_410' title='bbox 2975 2952 3131 3031; x_wconf 92' lang='lat' dir='ltr'>quod</span> <span class='ocrx_word' id='word_1_411' title='bbox 3157 2954 3544 3018; x_wconf 88' lang='lat' dir='ltr'>instrumento</span> <span class='ocrx_word' id='word_1_412' title='bbox 3575 2973 3719 3018; x_wconf 87' lang='lat' dir='ltr'>san-</span> 
     </span>
    </p>
   </div>
   <div class='ocr_carea' id='block_1_59' title="bbox 2069 3035 3715 3120">
    <p class='ocr_par' dir='ltr' id='par_1_59' title="bbox 2069 3035 3715 3120">
     <span class='ocr_line' id='line_1_59' title="bbox 2069 3035 3715 3120; baseline 0.005 -24"><span class='ocrx_word' id='word_1_413' title='bbox 2069 3035 2612 3111; x_wconf 88' lang='lat' dir='ltr'>citur,uthonorem</span> <span class='ocrx_word' id='word_1_414' title='bbox 2628 3036 2823 3118; x_wconf 89' lang='lat' dir='ltr'>adepti</span> <span class='ocrx_word' id='word_1_415' title='bbox 2848 3040 3715 3120; x_wconf 85' lang='lat' dir='ltr'>metropolitanimorte,dicta:</span> 
     </span>
    </p>
   </div>
   <div class='ocr_carea' id='block_1_60' title="bbox 333 3123 1990 3212">
    <p class='ocr_par' dir='ltr' id='par_1_60' title="bbox 333 3126 1990 3207">
     <span class='ocr_line' id='line_1_60' title="bbox 333 3126 1990 3207; baseline -0.002 -24"><span class='ocrx_word' id='word_1_416' title='bbox 333 3129 433 3195; x_wconf 77' lang='grc' dir='ltr'>τὴν</span> <span class='ocrx_word' id='word_1_417' title='bbox 476 3128 757 3207; x_wconf 79' lang='grc' dir='ltr'>εἰρημένην</span> <span class='ocrx_word' id='word_1_418' title='bbox 815 3127 1098 3195; x_wconf 79' lang='grc' dir='ltr'>ἐκκλησίαν</span> <span class='ocrx_word' id='word_1_419' title='bbox 1131 3145 1145 3161; x_wconf 85' lang='grc'><strong><em>⁸</em></strong></span> <span class='ocrx_word' id='word_1_420' title='bbox 1222 3128 1298 3204; x_wconf 76' lang='grc' dir='ltr'>μὴ</span> <span class='ocrx_word' id='word_1_421' title='bbox 1357 3127 1798 3207; x_wconf 78' lang='grc' dir='ltr'>ἒπαισχυνθέντος</span> <span class='ocrx_word' id='word_1_422' title='bbox 1869 3126 1990 3198; x_wconf 27' lang='grc' dir='ltr'>λίαν,</span> 
     </span>
    </p>
   </div>
   <div class='ocr_carea' id='block_1_61' title="bbox 2074 3123 3724 3212">
    <p class='ocr_par' dir='ltr' id='par_1_61' title="bbox 2074 3123 3724 3212">
     <span class='ocr_line' id='line_1_61' title="bbox 2074 3123 3724 3212; baseline 0.005 -28"><span class='ocrx_word' id='word_1_423' title='bbox 2074 3123 2335 3186; x_wconf 87' lang='lat' dir='ltr'>Ecclesia</span> <span class='ocrx_word' id='word_1_424' title='bbox 2359 3126 2566 3188; x_wconf 91' lang='lat' dir='ltr'>redeat</span> <span class='ocrx_word' id='word_1_425' title='bbox 2594 3128 2665 3188; x_wconf 93' lang='lat' dir='ltr'>ad</span> <span class='ocrx_word' id='word_1_426' title='bbox 2713 3136 2929 3189; x_wconf 88' lang='lat' dir='ltr'>statum</span> <span class='ocrx_word' id='word_1_427' title='bbox 2967 3129 3310 3190; x_wconf 88' lang='lat' dir='ltr'>inferiorem</span> <span class='ocrx_word' id='word_1_428' title='bbox 3345 3132 3724 3212; x_wconf 88' lang='lat' dir='ltr'>episcopatus</span> 
     </span>
    </p>
   </div>
   <div class='ocr_carea' id='block_1_62' title="bbox 335 3216 1986 3296">
    <p class='ocr_par' dir='ltr' id='par_1_62' title="bbox 335 3216 1986 3296">
     <span class='ocr_line' id='line_1_62' title="bbox 335 3216 1986 3296; baseline -0.003 -21"><span class='ocrx_word' id='word_1_429' title='bbox 335 3219 599 3296; x_wconf 80' lang='grc' dir='ltr'>νουνεχῶς</span> <span class='ocrx_word' id='word_1_430' title='bbox 629 3224 721 3273; x_wconf 81' lang='grc' dir='ltr'>τοῦ</span> <span class='ocrx_word' id='word_1_431' title='bbox 772 3216 1028 3293; x_wconf 79' lang='grc' dir='ltr'>βασιλέως</span> <span class='ocrx_word' id='word_1_432' title='bbox 1087 3219 1146 3273; x_wconf 83' lang='grc' dir='ltr'>τὸ</span> <span class='ocrx_word' id='word_1_433' title='bbox 1202 3219 1399 3273; x_wconf 72' lang='grc' dir='ltr'>οἰκεῖον</span> <span class='ocrx_word' id='word_1_434' title='bbox 1442 3216 1702 3292; x_wconf 86' lang='grc' dir='ltr'>ὀλίσθημα</span> <span class='ocrx_word' id='word_1_435' title='bbox 1759 3218 1846 3272; x_wconf 88' lang='grc' dir='ltr'>καὶ</span> <span class='ocrx_word' id='word_1_436' title='bbox 1887 3216 1986 3282; x_wconf 75' lang='grc' dir='ltr'>τὴν</span> 
     </span>
    </p>
   </div>
   <div class='ocr_carea' id='block_1_63' title="bbox 333 3303 1986 3386">
    <p class='ocr_par' dir='ltr' id='par_1_63' title="bbox 333 3303 1986 3386">
     <span class='ocr_line' id='line_1_63' title="bbox 333 3303 1986 3386; baseline -0.002 -24"><span class='ocrx_word' id='word_1_437' title='bbox 333 3305 548 3386; x_wconf 70' lang='grc' dir='ltr'>ἄγνοιαν</span> <span class='ocrx_word' id='word_1_438' title='bbox 620 3308 706 3362; x_wconf 82' lang='grc' dir='ltr'>καὶ</span> <span class='ocrx_word' id='word_1_439' title='bbox 784 3304 1146 3386; x_wconf 81' lang='grc' dir='ltr'>θριαμϐεῦσαι,</span> <span class='ocrx_word' id='word_1_440' title='bbox 1207 3308 1294 3362; x_wconf 84' lang='grc' dir='ltr'>καὶ</span> <span class='ocrx_word' id='word_1_441' title='bbox 1351 3304 1721 3385; x_wconf 85' lang='grc' dir='ltr'>διορθώσασθαι</span> <span class='ocrx_word' id='word_1_442' title='bbox 1757 3323 1774 3340; x_wconf 88' lang='grc'><strong>·</strong></span> <span class='ocrx_word' id='word_1_443' title='bbox 1851 3303 1986 3360; x_wconf 74' lang='grc' dir='ltr'>ἀλλὰ</span> 
     </span>
    </p>
   </div>
   <div class='ocr_carea' id='block_1_64' title="bbox 333 3394 1987 3473">
    <p class='ocr_par' dir='ltr' id='par_1_64' title="bbox 333 3394 1987 3473">
     <span class='ocr_line' id='line_1_64' title="bbox 333 3394 1987 3473; baseline -0.002 -22"><span class='ocrx_word' id='word_1_444' title='bbox 333 3397 469 3451; x_wconf 80' lang='grc' dir='ltr'>κατὰ</span> <span class='ocrx_word' id='word_1_445' title='bbox 509 3397 569 3450; x_wconf 81' lang='grc' dir='ltr'>τὸ</span> <span class='ocrx_word' id='word_1_446' title='bbox 625 3395 888 3452; x_wconf 82' lang='grc' dir='ltr'>Θετταλὸν</span> <span class='ocrx_word' id='word_1_447' title='bbox 961 3395 1313 3473; x_wconf 90' lang='grc' dir='ltr'>μειρακίσνον,</span> <span class='ocrx_word' id='word_1_448' title='bbox 1375 3397 1461 3450; x_wconf 81' lang='grc' dir='ltr'>καὶ</span> <span class='ocrx_word' id='word_1_449' title='bbox 1531 3394 1849 3471; x_wconf 85' lang='grc' dir='ltr'>τρώσαντος,</span> <span class='ocrx_word' id='word_1_450' title='bbox 1900 3394 1987 3449; x_wconf 89' lang='grc' dir='ltr'>καὶ</span> 
     </span>
    </p>
   </div>
   <div class='ocr_carea' id='block_1_65' title="bbox 335 3482 1982 3563">
    <p class='ocr_par' dir='ltr' id='par_1_65' title="bbox 335 3482 1982 3563">
     <span class='ocr_line' id='line_1_65' title="bbox 335 3482 1982 3563; baseline -0.002 -23"><span class='ocrx_word' id='word_1_451' title='bbox 335 3487 619 3559; x_wconf 88' lang='grc' dir='ltr'>συμπαθῶς</span> <span class='ocrx_word' id='word_1_452' title='bbox 687 3487 775 3540; x_wconf 80' lang='grc' dir='ltr'>καὶ</span> <span class='ocrx_word' id='word_1_453' title='bbox 832 3483 1211 3563; x_wconf 73' lang='grc' dir='ltr'>φιλανθρώπως</span> <span class='ocrx_word' id='word_1_454' title='bbox 1256 3483 1618 3562; x_wconf 75' lang='grc' dir='ltr'>ἒπεγνωκότος</span> <span class='ocrx_word' id='word_1_455' title='bbox 1675 3484 1775 3550; x_wconf 80' lang='grc' dir='ltr'>τὴν</span> <span class='ocrx_word' id='word_1_456' title='bbox 1815 3482 1982 3541; x_wconf 74' lang='grc' dir='ltr'>ἴασιν.</span> 
     </span>
    </p>
   </div>
   <div class='ocr_carea' id='block_1_66' title="bbox 337 3570 1987 3652">
    <p class='ocr_par' dir='ltr' id='par_1_66' title="bbox 337 3570 1987 3652">
     <span class='ocr_line' id='line_1_66' title="bbox 337 3570 1987 3652; baseline -0.001 -24"><span class='ocrx_word' id='word_1_457' title='bbox 337 3575 437 3630; x_wconf 83' lang='grc' dir='ltr'>Καὶ</span> <span class='ocrx_word' id='word_1_458' title='bbox 468 3571 622 3651; x_wconf 82' lang='grc' dir='ltr'>’πρὸς</span> <span class='ocrx_word' id='word_1_459' title='bbox 678 3573 848 3646; x_wconf 79' lang='grc' dir='ltr'>τούτῳ</span> <span class='ocrx_word' id='word_1_460' title='bbox 917 3570 1296 3652; x_wconf 79' lang='grc' dir='ltr'>χρυσοϐούλλῳ</span> <span class='ocrx_word' id='word_1_461' title='bbox 1365 3571 1626 3629; x_wconf 80' lang='grc' dir='ltr'>ὥπλισται</span> <span class='ocrx_word' id='word_1_462' title='bbox 1682 3570 1826 3646; x_wconf 75' lang='grc' dir='ltr'>ἄλλῷ</span> <span class='ocrx_word' id='word_1_463' title='bbox 1894 3571 1987 3627; x_wconf 77' lang='grc' dir='ltr'>τοῦ</span> 
     </span>
    </p>
   </div>
   <div class='ocr_carea' id='block_1_67' title="bbox 335 3662 1984 3742">
    <p class='ocr_par' dir='ltr' id='par_1_67' title="bbox 335 3662 1984 3742">
     <span class='ocr_line' id='line_1_67' title="bbox 335 3662 1984 3742; baseline 0 -26"><span class='ocrx_word' id='word_1_464' title='bbox 335 3664 449 3719; x_wconf 87' lang='grc' dir='ltr'>υἱοῦ</span> <span class='ocrx_word' id='word_1_465' title='bbox 475 3665 659 3717; x_wconf 85' lang='grc' dir='ltr'>τούτου</span> <span class='ocrx_word' id='word_1_466' title='bbox 707 3663 795 3718; x_wconf 82' lang='grc' dir='ltr'>καὶ</span> <span class='ocrx_word' id='word_1_467' title='bbox 837 3662 1118 3741; x_wconf 82' lang='grc' dir='ltr'>βασιλέως,</span> <span class='ocrx_word' id='word_1_468' title='bbox 1163 3665 1224 3718; x_wconf 83' lang='grc' dir='ltr'>τὸ</span> <span class='ocrx_word' id='word_1_469' title='bbox 1281 3663 1478 3742; x_wconf 77' lang='grc' dir='ltr'>φθάσαν</span> <span class='ocrx_word' id='word_1_470' title='bbox 1533 3663 1929 3740; x_wconf 80' lang='grc' dir='ltr'>ὑποστηρίζοντι</span> <span class='ocrx_word' id='word_1_471' title='bbox 1969 3677 1984 3695; x_wconf 86' lang='grc'>⁶</span> 
     </span>
    </p>
   </div>
   <div class='ocr_carea' id='block_1_68' title="bbox 338 3749 1988 3830">
    <p class='ocr_par' dir='ltr' id='par_1_68' title="bbox 338 3749 1988 3830">
     <span class='ocr_line' id='line_1_68' title="bbox 338 3749 1988 3830; baseline 0 -24"><span class='ocrx_word' id='word_1_472' title='bbox 338 3751 428 3806; x_wconf 83' lang='grc' dir='ltr'>καὶ</span> <span class='ocrx_word' id='word_1_473' title='bbox 482 3751 821 3826; x_wconf 78' lang='grc' dir='ltr'>ὑπομνήματι</span> <span class='ocrx_word' id='word_1_474' title='bbox 864 3749 1140 3830; x_wconf 84' lang='grc' dir='ltr'>συνοδικῷ,</span> <span class='ocrx_word' id='word_1_475' title='bbox 1200 3758 1306 3808; x_wconf 88' lang='grc' dir='ltr'>τῶν</span> <span class='ocrx_word' id='word_1_476' title='bbox 1348 3752 1467 3806; x_wconf 90' lang='grc' dir='ltr'>τότε</span> <span class='ocrx_word' id='word_1_477' title='bbox 1526 3751 1736 3820; x_wconf 83' lang='grc' dir='ltr'>ζώντων</span> <span class='ocrx_word' id='word_1_478' title='bbox 1793 3773 1988 3828; x_wconf 85' lang='grc' dir='ltr'>μητρο-</span> 
     </span>
    </p>
   </div>
   <div class='ocr_carea' id='block_1_69' title="bbox 339 3837 1981 3918">
    <p class='ocr_par' dir='ltr' id='par_1_69' title="bbox 339 3837 1981 3918">
     <span class='ocr_line' id='line_1_69' title="bbox 339 3837 1981 3918; baseline 0 -24"><span class='ocrx_word' id='word_1_479' title='bbox 339 3837 596 3917; x_wconf 81' lang='grc' dir='ltr'>πολιτῶν,</span> <span class='ocrx_word' id='word_1_480' title='bbox 631 3838 819 3916; x_wconf 88' lang='grc' dir='ltr'>ὀλίγων</span> <span class='ocrx_word' id='word_1_481' title='bbox 853 3837 906 3894; x_wconf 78' lang='grc' dir='ltr'>δὲ</span> <span class='ocrx_word' id='word_1_482' title='bbox 935 3838 1100 3895; x_wconf 82' lang='grc' dir='ltr'>ὅντων</span> <span class='ocrx_word' id='word_1_483' title='bbox 1132 3838 1216 3913; x_wconf 72' lang='grc'>54,</span> <span class='ocrx_word' id='word_1_484' title='bbox 1278 3853 1390 3902; x_wconf 74' lang='grc' dir='ltr'>ταῖς</span> <span class='ocrx_word' id='word_1_485' title='bbox 1443 3839 1790 3918; x_wconf 76' lang='grc' dir='ltr'>αὐτοχειρίοις</span> <span class='ocrx_word' id='word_1_486' title='bbox 1848 3841 1981 3895; x_wconf 80' lang='grc' dir='ltr'>ὑπο-</span> 
     </span>
    </p>
   </div>
   <div class='ocr_carea' id='block_1_70' title="bbox 340 3926 1990 4009">
    <p class='ocr_par' dir='ltr' id='par_1_70' title="bbox 340 3926 1990 4009">
     <span class='ocr_line' id='line_1_70' title="bbox 340 3926 1990 4009; baseline 0 -26"><span class='ocrx_word' id='word_1_487' title='bbox 340 3929 627 3993; x_wconf 80' lang='grc' dir='ltr'>σημασίαις</span> <span class='ocrx_word' id='word_1_488' title='bbox 666 3930 728 3984; x_wconf 83' lang='grc' dir='ltr'>τὸ</span> <span class='ocrx_word' id='word_1_489' title='bbox 769 3926 994 4002; x_wconf 74' lang='grc' dir='ltr'>ἔμπεδον</span> <span class='ocrx_word' id='word_1_490' title='bbox 1049 3927 1385 4009; x_wconf 77' lang='grc' dir='ltr'>ἀποφέροντι,</span> <span class='ocrx_word' id='word_1_491' title='bbox 1435 3930 1508 3985; x_wconf 84' lang='grc' dir='ltr'>ὧν</span> <span class='ocrx_word' id='word_1_492' title='bbox 1565 3930 1650 3984; x_wconf 87' lang='grc' dir='ltr'>καὶ</span> <span class='ocrx_word' id='word_1_493' title='bbox 1694 3931 1740 3983; x_wconf 78' lang='grc' dir='ltr'>οἱ</span> <span class='ocrx_word' id='word_1_494' title='bbox 1782 3927 1990 3990; x_wconf 89' lang='grc' dir='ltr'>πλείους</span> 
     </span>
    </p>
   </div>
   <div class='ocr_carea' id='block_1_71' title="bbox 338 4016 1991 4096">
    <p class='ocr_par' dir='ltr' id='par_1_71' title="bbox 338 4016 1991 4096">
     <span class='ocr_line' id='line_1_71' title="bbox 338 4016 1991 4096; baseline -0.001 -23"><span class='ocrx_word' id='word_1_495' title='bbox 338 4016 585 4096; x_wconf 88' lang='grc' dir='ltr'>περίεισι,</span> <span class='ocrx_word' id='word_1_496' title='bbox 638 4017 1043 4096; x_wconf 83' lang='grc' dir='ltr'>στοιχησάντων</span> <span class='ocrx_word' id='word_1_497' title='bbox 1115 4018 1360 4073; x_wconf 76' lang='grc' dir='ltr'>ἁπάντων</span> <span class='ocrx_word' id='word_1_498' title='bbox 1417 4022 1486 4093; x_wconf 76' lang='grc' dir='ltr'>τῇ</span> <span class='ocrx_word' id='word_1_499' title='bbox 1540 4023 1797 4094; x_wconf 80' lang='grc' dir='ltr'>κανονικῇ</span> <span class='ocrx_word' id='word_1_500' title='bbox 1852 4017 1991 4073; x_wconf 82' lang='grc' dir='ltr'>ἀπο-</span> 
     </span>
    </p>
   </div>
   <div class='ocr_carea' id='block_1_72' title="bbox 338 4094 1991 4185">
    <p class='ocr_par' dir='ltr' id='par_1_72' title="bbox 338 4094 1991 4185">
     <span class='ocr_line' id='line_1_72' title="bbox 338 4094 1991 4185; baseline 0.001 -25"><span class='ocrx_word' id='word_1_501' title='bbox 338 4094 522 4185; x_wconf 77' lang='grc' dir='ltr'>φάσει,</span> <span class='ocrx_word' id='word_1_502' title='bbox 581 4094 810 4184; x_wconf 69' lang='grc' dir='ltr'>”Ατερος</span> <span class='ocrx_word' id='word_1_503' title='bbox 867 4103 922 4160; x_wconf 76' lang='grc' dir='ltr'>δὲ</span> <span class='ocrx_word' id='word_1_504' title='bbox 981 4107 1009 4160; x_wconf 90' lang='lat'>6</span> <span class='ocrx_word' id='word_1_505' title='bbox 1063 4095 1370 4184; x_wconf 77' lang='grc' dir='ltr'>Ἡρακλείας</span> <span class='ocrx_word' id='word_1_506' title='bbox 1429 4106 1560 4182; x_wconf 86' lang='grc' dir='ltr'>πρὸς</span> <span class='ocrx_word' id='word_1_507' title='bbox 1605 4117 1722 4168; x_wconf 77' lang='grc' dir='ltr'>τοῖς</span> <span class='ocrx_word' id='word_1_508' title='bbox 1789 4117 1991 4170; x_wconf 77' lang='grc' dir='ltr'>κοινοῖς</span> 
     </span>
    </p>
   </div>
   <div class='ocr_carea' id='block_1_73' title="bbox 341 4191 1992 4273">
    <p class='ocr_par' dir='ltr' id='par_1_73' title="bbox 341 4191 1992 4273">
     <span class='ocr_line' id='line_1_73' title="bbox 341 4191 1992 4273; baseline 0 -24"><span class='ocrx_word' id='word_1_509' title='bbox 341 4191 720 4270; x_wconf 77' lang='grc' dir='ltr'>δικαιώμασιν,</span> <span class='ocrx_word' id='word_1_510' title='bbox 754 4193 880 4252; x_wconf 72' lang='grc' dir='ltr'>αὐτό</span> <span class='ocrx_word' id='word_1_511' title='bbox 909 4214 965 4250; x_wconf 86' lang='grc' dir='ltr'>τε</span> <span class='ocrx_word' id='word_1_512' title='bbox 995 4195 1056 4249; x_wconf 85' lang='grc' dir='ltr'>τὸ</span> <span class='ocrx_word' id='word_1_513' title='bbox 1111 4192 1380 4250; x_wconf 86' lang='grc' dir='ltr'>συνοδικὸν</span> <span class='ocrx_word' id='word_1_514' title='bbox 1435 4193 1726 4268; x_wconf 79' lang='grc' dir='ltr'>ὑπόμνημα</span> <span class='ocrx_word' id='word_1_515' title='bbox 1757 4193 1992 4273; x_wconf 79' lang='grc' dir='ltr'>προϐάλ-</span> 
     </span>
    </p>
   </div>
   <div class='ocr_carea' id='block_1_74' title="bbox 343 4280 1992 4363">
    <p class='ocr_par' dir='ltr' id='par_1_74' title="bbox 343 4280 1992 4363">
     <span class='ocr_line' id='line_1_74' title="bbox 343 4280 1992 4363; baseline -0.001 -24"><span class='ocrx_word' id='word_1_516' title='bbox 343 4282 491 4339; x_wconf 89' lang='grc' dir='ltr'>λεται</span> <span class='ocrx_word' id='word_1_517' title='bbox 551 4284 623 4346; x_wconf 85' lang='grc' dir='ltr'>εἷς</span> <span class='ocrx_word' id='word_1_518' title='bbox 680 4283 1063 4359; x_wconf 76' lang='grc' dir='ltr'>συνασπισμὸν,</span> <span class='ocrx_word' id='word_1_519' title='bbox 1129 4285 1218 4339; x_wconf 78' lang='grc' dir='ltr'>καὶ</span> <span class='ocrx_word' id='word_1_520' title='bbox 1274 4280 1651 4362; x_wconf 77' lang='grc' dir='ltr'>χρυσοϐούλλῳ</span> <span class='ocrx_word' id='word_1_521' title='bbox 1704 4284 1992 4363; x_wconf 70' lang='grc' dir='ltr'>τεθωρακι-</span> 
     </span>
    </p>
   </div>
   <div class='ocr_carea' id='block_1_75' title="bbox 347 4369 1999 4451">
    <p class='ocr_par' dir='ltr' id='par_1_75' title="bbox 347 4369 1999 4451">
     <span class='ocr_line' id='line_1_75' title="bbox 347 4369 1999 4451; baseline -0.001 -21"><span class='ocrx_word' id='word_1_522' title='bbox 347 4395 490 4446; x_wconf 85' lang='grc' dir='ltr'>σται,</span> <span class='ocrx_word' id='word_1_523' title='bbox 535 4375 595 4429; x_wconf 82' lang='grc' dir='ltr'>οὗ</span> <span class='ocrx_word' id='word_1_524' title='bbox 649 4369 967 4451; x_wconf 79' lang='grc' dir='ltr'>δημιουργὸς</span> <span class='ocrx_word' id='word_1_525' title='bbox 1027 4373 1055 4427; x_wconf 90' lang='lat'>6</span> <span class='ocrx_word' id='word_1_526' title='bbox 1101 4373 1392 4450; x_wconf 81' lang='grc' dir='ltr'>μακαρίτης</span> <span class='ocrx_word' id='word_1_527' title='bbox 1435 4370 1681 4449; x_wconf 80' lang='grc' dir='ltr'>βασιλεὺς</span> <span class='ocrx_word' id='word_1_528' title='bbox 1741 4375 1768 4428; x_wconf 85' lang='grc' dir='ltr'>ὁ</span> <span class='ocrx_word' id='word_1_529' title='bbox 1825 4381 1999 4429; x_wconf 86' lang='grc' dir='ltr'>Βοτα-</span> 
     </span>
    </p>
   </div>
   <div class='ocr_carea' id='block_1_76' title="bbox 2068 3214 3726 3301">
    <p class='ocr_par' dir='ltr' id='par_1_76' title="bbox 2068 3214 3726 3301">
     <span class='ocr_line' id='line_1_76' title="bbox 2068 3214 3726 3301; baseline 0.004 -27"><span class='ocrx_word' id='word_1_530' title='bbox 2068 3231 2200 3274; x_wconf 91' lang='lat' dir='ltr'>cum</span> <span class='ocrx_word' id='word_1_531' title='bbox 2223 3214 2392 3276; x_wconf 86' lang='lat' dir='ltr'>valde</span> <span class='ocrx_word' id='word_1_532' title='bbox 2421 3216 2744 3294; x_wconf 86' lang='lat' dir='ltr'>prudenter</span> <span class='ocrx_word' id='word_1_533' title='bbox 2761 3218 2918 3278; x_wconf 90' lang='lat' dir='ltr'>hunc</span> <span class='ocrx_word' id='word_1_534' title='bbox 2934 3217 3264 3298; x_wconf 90' lang='lat' dir='ltr'>principem</span> <span class='ocrx_word' id='word_1_535' title='bbox 3286 3238 3403 3280; x_wconf 90' lang='lat' dir='ltr'>non</span> <span class='ocrx_word' id='word_1_536' title='bbox 3449 3219 3726 3301; x_wconf 87' lang='lat' dir='ltr'>puduerit</span> 
     </span>
    </p>
   </div>
   <div class='ocr_carea' id='block_1_77' title="bbox 2069 3302 3719 3387">
    <p class='ocr_par' dir='ltr' id='par_1_77' title="bbox 2069 3302 3719 3387">
     <span class='ocr_line' id='line_1_77' title="bbox 2069 3302 3719 3387; baseline 0.004 -25"><span class='ocrx_word' id='word_1_537' title='bbox 2069 3302 2294 3381; x_wconf 91' lang='lat' dir='ltr'>lapsum</span> <span class='ocrx_word' id='word_1_538' title='bbox 2311 3303 2768 3381; x_wconf 84' lang='lat' dir='ltr'>etignorantiam</span> <span class='ocrx_word' id='word_1_539' title='bbox 2792 3322 2956 3365; x_wconf 89' lang='lat' dir='ltr'>suam</span> <span class='ocrx_word' id='word_1_540' title='bbox 2981 3313 3099 3365; x_wconf 89' lang='lat' dir='ltr'>tum</span> <span class='ocrx_word' id='word_1_541' title='bbox 3126 3306 3316 3385; x_wconf 88' lang='lat' dir='ltr'>palam</span> <span class='ocrx_word' id='word_1_542' title='bbox 3338 3309 3719 3387; x_wconf 89' lang='lat' dir='ltr'>spectandam</span> 
     </span>
    </p>
   </div>
   <div class='ocr_carea' id='block_1_78' title="bbox 2068 3391 3720 3472">
    <p class='ocr_par' dir='ltr' id='par_1_78' title="bbox 2068 3391 3720 3472">
     <span class='ocr_line' id='line_1_78' title="bbox 2068 3391 3720 3472; baseline 0.005 -21"><span class='ocrx_word' id='word_1_543' title='bbox 2068 3391 2504 3466; x_wconf 86' lang='lat' dir='ltr'>exhibere,tum</span> <span class='ocrx_word' id='word_1_544' title='bbox 2537 3393 2836 3470; x_wconf 85' lang='lat' dir='ltr'>corrigere</span> <span class='ocrx_word' id='word_1_545' title='bbox 2864 3417 2878 3470; x_wconf 83' lang='lat'><strong>;</strong></span> <span class='ocrx_word' id='word_1_546' title='bbox 2914 3393 3194 3472; x_wconf 90' lang='lat' dir='ltr'>idemque</span> <span class='ocrx_word' id='word_1_547' title='bbox 3215 3393 3487 3458; x_wconf 89' lang='lat' dir='ltr'>Thessali</span> <span class='ocrx_word' id='word_1_548' title='bbox 3512 3397 3720 3459; x_wconf 89' lang='lat' dir='ltr'>adole-</span> 
     </span>
    </p>
   </div>
   <div class='ocr_carea' id='block_1_79' title="bbox 2069 3480 3722 3562">
    <p class='ocr_par' dir='ltr' id='par_1_79' title="bbox 2069 3480 3722 3562">
     <span class='ocr_line' id='line_1_79' title="bbox 2069 3480 3722 3562; baseline 0.004 -23"><span class='ocrx_word' id='word_1_549' title='bbox 2069 3480 2288 3540; x_wconf 88' lang='lat' dir='ltr'>scentis</span> <span class='ocrx_word' id='word_1_550' title='bbox 2319 3481 2619 3561; x_wconf 85' lang='lat' dir='ltr'>exemplo,</span> <span class='ocrx_word' id='word_1_551' title='bbox 2653 3490 2709 3542; x_wconf 91' lang='lat' dir='ltr'>et</span> <span class='ocrx_word' id='word_1_552' title='bbox 2739 3482 2946 3542; x_wconf 91' lang='lat' dir='ltr'>vulnus</span> <span class='ocrx_word' id='word_1_553' title='bbox 2981 3483 3301 3560; x_wconf 84' lang='lat' dir='ltr'>inﬂixerit;</span> <span class='ocrx_word' id='word_1_554' title='bbox 3359 3491 3417 3545; x_wconf 90' lang='lat' dir='ltr'>et</span> <span class='ocrx_word' id='word_1_555' title='bbox 3463 3484 3722 3562; x_wconf 81' lang='lat' dir='ltr'>benigne</span> 
     </span>
    </p>
   </div>
   <div class='ocr_carea' id='block_1_80' title="bbox 2069 3568 3725 3650">
    <p class='ocr_par' dir='ltr' id='par_1_80' title="bbox 2069 3568 3725 3650">
     <span class='ocr_line' id='line_1_80' title="bbox 2069 3568 3725 3650; baseline 0.004 -23"><span class='ocrx_word' id='word_1_556' title='bbox 2069 3568 2529 3650; x_wconf 88' lang='lat' dir='ltr'>humaniterque</span> <span class='ocrx_word' id='word_1_557' title='bbox 2560 3572 2926 3632; x_wconf 85' lang='lat' dir='ltr'>sanationem</span> <span class='ocrx_word' id='word_1_558' title='bbox 2960 3572 3286 3650; x_wconf 83' lang='lat' dir='ltr'>agnoverit.</span> <span class='ocrx_word' id='word_1_559' title='bbox 3320 3571 3542 3636; x_wconf 62' lang='lat' dir='ltr'>Praetor</span> <span class='ocrx_word' id='word_1_560' title='bbox 3574 3575 3725 3635; x_wconf 90' lang='lat' dir='ltr'>hanc</span> 
     </span>
    </p>
   </div>
   <div class='ocr_carea' id='block_1_81' title="bbox 2070 3657 3727 3742">
    <p class='ocr_par' dir='ltr' id='par_1_81' title="bbox 2070 3657 3727 3742">
     <span class='ocr_line' id='line_1_81' title="bbox 2070 3657 3727 3742; baseline 0.002 -25"><span class='ocrx_word' id='word_1_561' title='bbox 2070 3657 2289 3718; x_wconf 90' lang='lat' dir='ltr'>bullam</span> <span class='ocrx_word' id='word_1_562' title='bbox 2348 3677 2610 3733; x_wconf 88' lang='lat' dir='ltr'>auream,</span> <span class='ocrx_word' id='word_1_563' title='bbox 2671 3660 2936 3721; x_wconf 91' lang='lat' dir='ltr'>munitus</span> <span class='ocrx_word' id='word_1_564' title='bbox 2985 3668 3076 3721; x_wconf 89' lang='lat' dir='ltr'>est</span> <span class='ocrx_word' id='word_1_565' title='bbox 3135 3660 3249 3721; x_wconf 92' lang='lat' dir='ltr'>alia</span> <span class='ocrx_word' id='word_1_566' title='bbox 3329 3680 3564 3742; x_wconf 92' lang='lat' dir='ltr'>quoque</span> <span class='ocrx_word' id='word_1_567' title='bbox 3619 3660 3727 3723; x_wconf 86' lang='lat' dir='ltr'>ﬁlii</span> 
     </span>
    </p>
   </div>
   <div class='ocr_carea' id='block_1_82' title="bbox 2071 3747 3720 3828">
    <p class='ocr_par' dir='ltr' id='par_1_82' title="bbox 2071 3747 3720 3828">
     <span class='ocr_line' id='line_1_82' title="bbox 2071 3747 3720 3828; baseline 0.003 -21"><span class='ocrx_word' id='word_1_568' title='bbox 2071 3747 2246 3826; x_wconf 89' lang='lat' dir='ltr'>hujus</span> <span class='ocrx_word' id='word_1_569' title='bbox 2274 3759 2318 3820; x_wconf 73' lang='grc' dir='ltr'>κ,</span> <span class='ocrx_word' id='word_1_570' title='bbox 2357 3757 2414 3807; x_wconf 83' lang='lat' dir='ltr'>et</span> <span class='ocrx_word' id='word_1_571' title='bbox 2444 3747 2843 3828; x_wconf 87' lang='lat' dir='ltr'>imperatoris,</span> <span class='ocrx_word' id='word_1_572' title='bbox 2879 3767 3009 3828; x_wconf 81' lang='lat' dir='ltr'>quae</span> <span class='ocrx_word' id='word_1_573' title='bbox 3058 3749 3322 3828; x_wconf 89' lang='lat' dir='ltr'>priorem</span> <span class='ocrx_word' id='word_1_574' title='bbox 3355 3749 3674 3812; x_wconf 86' lang='lat' dir='ltr'>confirmat</span> <span class='ocrx_word' id='word_1_575' title='bbox 3705 3770 3720 3812; x_wconf 92' lang='lat'>:</span> 
     </span>
    </p>
   </div>
   <div class='ocr_carea' id='block_1_83' title="bbox 2073 3834 3724 3918">
    <p class='ocr_par' dir='ltr' id='par_1_83' title="bbox 2073 3834 3724 3918">
     <span class='ocr_line' id='line_1_83' title="bbox 2073 3834 3724 3918; baseline 0.004 -24"><span class='ocrx_word' id='word_1_576' title='bbox 2073 3834 2332 3915; x_wconf 90' lang='lat' dir='ltr'>itemque</span> <span class='ocrx_word' id='word_1_577' title='bbox 2365 3845 2750 3898; x_wconf 82' lang='lat' dir='ltr'>monumento</span> <span class='ocrx_word' id='word_1_578' title='bbox 2809 3837 3098 3918; x_wconf 78' lang='lat' dir='ltr'>synodali,</span> <span class='ocrx_word' id='word_1_579' title='bbox 3134 3837 3291 3917; x_wconf 92' lang='lat' dir='ltr'>quod</span> <span class='ocrx_word' id='word_1_580' title='bbox 3323 3837 3493 3899; x_wconf 85' lang='lat' dir='ltr'>factis</span> <span class='ocrx_word' id='word_1_581' title='bbox 3547 3857 3724 3901; x_wconf 90' lang='lat' dir='ltr'>manu</span> 
     </span>
    </p>
   </div>
   <div class='ocr_carea' id='block_1_84' title="bbox 2075 3923 3733 4004">
    <p class='ocr_par' dir='ltr' id='par_1_84' title="bbox 2075 3923 3733 4004">
     <span class='ocr_line' id='line_1_84' title="bbox 2075 3923 3733 4004; baseline 0.003 -21"><span class='ocrx_word' id='word_1_582' title='bbox 2075 3923 2312 4003; x_wconf 88' lang='lat' dir='ltr'>propria</span> <span class='ocrx_word' id='word_1_583' title='bbox 2336 3923 2873 4004; x_wconf 87' lang='lat' dir='ltr'>subscriptionibus</span> <span class='ocrx_word' id='word_1_584' title='bbox 2897 3933 2986 3987; x_wconf 88' lang='lat' dir='ltr'>est</span> <span class='ocrx_word' id='word_1_585' title='bbox 3006 3927 3420 3988; x_wconf 86' lang='lat' dir='ltr'>confirmatum</span> <span class='ocrx_word' id='word_1_586' title='bbox 3440 3926 3514 3988; x_wconf 92' lang='lat' dir='ltr'>ab</span> <span class='ocrx_word' id='word_1_587' title='bbox 3541 3927 3733 3988; x_wconf 88' lang='lat' dir='ltr'>omni-</span> 
     </span>
    </p>
   </div>
   <div class='ocr_carea' id='block_1_85' title="bbox 2075 4010 3729 4096">
    <p class='ocr_par' dir='ltr' id='par_1_85' title="bbox 2075 4010 3729 4096">
     <span class='ocr_line' id='line_1_85' title="bbox 2075 4010 3729 4096; baseline 0.004 -24"><span class='ocrx_word' id='word_1_588' title='bbox 2075 4010 2186 4072; x_wconf 92' lang='lat' dir='ltr'>bus</span> <span class='ocrx_word' id='word_1_589' title='bbox 2216 4020 2354 4074; x_wconf 92' lang='lat' dir='ltr'>tunc</span> <span class='ocrx_word' id='word_1_590' title='bbox 2374 4013 2702 4075; x_wconf 90' lang='lat' dir='ltr'>viventibus</span> <span class='ocrx_word' id='word_1_591' title='bbox 2737 4014 3233 4096; x_wconf 85' lang='lat' dir='ltr'>metropolitanis,</span> <span class='ocrx_word' id='word_1_592' title='bbox 3267 4014 3316 4076; x_wconf 90' lang='lat' dir='ltr'>si</span> <span class='ocrx_word' id='word_1_593' title='bbox 3356 4035 3576 4096; x_wconf 85' lang='lat' dir='ltr'>paucos</span> <span class='ocrx_word' id='word_1_594' title='bbox 3617 4016 3729 4079; x_wconf 92' lang='lat' dir='ltr'>de-</span> 
     </span>
    </p>
   </div>
   <div class='ocr_carea' id='block_1_86' title="bbox 2077 4104 3730 4184">
    <p class='ocr_par' dir='ltr' id='par_1_86' title="bbox 2077 4104 3730 4184">
     <span class='ocr_line' id='line_1_86' title="bbox 2077 4104 3730 4184; baseline 0.004 -23"><span class='ocrx_word' id='word_1_595' title='bbox 2077 4119 2225 4178; x_wconf 87' lang='lat' dir='ltr'>mas,</span> <span class='ocrx_word' id='word_1_596' title='bbox 2259 4122 2508 4182; x_wconf 91' lang='lat' dir='ltr'>quorum</span> <span class='ocrx_word' id='word_1_597' title='bbox 2542 4109 2600 4164; x_wconf 88' lang='lat' dir='ltr'>et</span> <span class='ocrx_word' id='word_1_598' title='bbox 2634 4104 2822 4183; x_wconf 88' lang='lat' dir='ltr'>major</span> <span class='ocrx_word' id='word_1_599' title='bbox 2848 4122 2981 4183; x_wconf 90' lang='lat' dir='ltr'>pars</span> <span class='ocrx_word' id='word_1_600' title='bbox 3011 4111 3314 4184; x_wconf 82' lang='lat' dir='ltr'>superstes</span> <span class='ocrx_word' id='word_1_601' title='bbox 3344 4112 3454 4180; x_wconf 88' lang='lat' dir='ltr'>est,</span> <span class='ocrx_word' id='word_1_602' title='bbox 3483 4107 3730 4168; x_wconf 90' lang='lat' dir='ltr'>univer-</span> 
     </span>
    </p>
   </div>
   <div class='ocr_carea' id='block_1_87' title="bbox 2076 4191 3728 4257">
    <p class='ocr_par' dir='ltr' id='par_1_87' title="bbox 2076 4191 3728 4257">
     <span class='ocr_line' id='line_1_87' title="bbox 2076 4191 3728 4257; baseline 0.002 -5"><span class='ocrx_word' id='word_1_603' title='bbox 2076 4191 2156 4252; x_wconf 93' lang='lat' dir='ltr'>sis</span> <span class='ocrx_word' id='word_1_604' title='bbox 2190 4192 2542 4252; x_wconf 82' lang='lat' dir='ltr'>sententiam</span> <span class='ocrx_word' id='word_1_605' title='bbox 2605 4193 2949 4254; x_wconf 87' lang='lat' dir='ltr'>canonicam</span> <span class='ocrx_word' id='word_1_606' title='bbox 2996 4192 3242 4254; x_wconf 89' lang='lat' dir='ltr'>secutis.</span> <span class='ocrx_word' id='word_1_607' title='bbox 3303 4193 3470 4255; x_wconf 88' lang='lat' dir='ltr'>Alter</span> <span class='ocrx_word' id='word_1_608' title='bbox 3528 4203 3728 4257; x_wconf 85' lang='lat' dir='ltr'>autem</span> 
     </span>
    </p>
   </div>
   <div class='ocr_carea' id='block_1_88' title="bbox 2076 4279 3728 4362">
    <p class='ocr_par' dir='ltr' id='par_1_88' title="bbox 2076 4279 3728 4362">
     <span class='ocr_line' id='line_1_88' title="bbox 2076 4279 3728 4362; baseline 0.003 -23"><span class='ocrx_word' id='word_1_609' title='bbox 2076 4279 2177 4340; x_wconf 90' lang='lat' dir='ltr'>ille</span> <span class='ocrx_word' id='word_1_610' title='bbox 2209 4280 2465 4359; x_wconf 87' lang='lat' dir='ltr'>pontifex</span> <span class='ocrx_word' id='word_1_611' title='bbox 2521 4279 2846 4355; x_wconf 61' lang='lat' dir='ltr'>Heracleae,</span> <span class='ocrx_word' id='word_1_612' title='bbox 2908 4290 3122 4362; x_wconf 83' lang='lat' dir='ltr'>praeter</span> <span class='ocrx_word' id='word_1_613' title='bbox 3165 4282 3302 4360; x_wconf 89' lang='lat' dir='ltr'>jura</span> <span class='ocrx_word' id='word_1_614' title='bbox 3349 4283 3728 4359; x_wconf 88' lang='lat' dir='ltr'>communia;</span> 
     </span>
    </p>
   </div>
   <div class='ocr_carea' id='block_1_89' title="bbox 2080 4368 3730 4450">
    <p class='ocr_par' dir='ltr' id='par_1_89' title="bbox 2080 4368 3730 4450">
     <span class='ocr_line' id='line_1_89' title="bbox 2080 4368 3730 4450; baseline 0.002 -22"><span class='ocrx_word' id='word_1_615' title='bbox 2080 4368 2304 4449; x_wconf 85' lang='lat' dir='ltr'>profert</span> <span class='ocrx_word' id='word_1_616' title='bbox 2331 4370 2403 4430; x_wconf 90' lang='lat' dir='ltr'>ad</span> <span class='ocrx_word' id='word_1_617' title='bbox 2448 4369 2538 4430; x_wconf 88' lang='lat' dir='ltr'>sui</span> <span class='ocrx_word' id='word_1_618' title='bbox 2599 4370 3006 4432; x_wconf 91' lang='lat' dir='ltr'>defensionem</span> <span class='ocrx_word' id='word_1_619' title='bbox 3038 4370 3185 4430; x_wconf 92' lang='lat' dir='ltr'>illud</span> <span class='ocrx_word' id='word_1_620' title='bbox 3217 4369 3411 4450; x_wconf 92' lang='lat' dir='ltr'>ipsum</span> <span class='ocrx_word' id='word_1_621' title='bbox 3447 4370 3730 4450; x_wconf 88' lang='lat' dir='ltr'>synodale</span> 
     </span>
    </p>
   </div>
   <div class='ocr_carea' id='block_1_90' title="bbox 347 4457 1990 4558">
    <p class='ocr_par' dir='ltr' id='par_1_90' title="bbox 347 4459 1990 4542">
     <span class='ocr_line' id='line_1_90' title="bbox 347 4459 1990 4542; baseline 0.001 -23"><span class='ocrx_word' id='word_1_622' title='bbox 347 4463 584 4538; x_wconf 84' lang='grc' dir='ltr'>νειάτης,</span> <span class='ocrx_word' id='word_1_623' title='bbox 630 4459 969 4540; x_wconf 82' lang='grc' dir='ltr'>διοριζομὲνῳ</span> <span class='ocrx_word' id='word_1_624' title='bbox 1023 4467 1090 4538; x_wconf 74' lang='grc' dir='ltr'>τῇ</span> <span class='ocrx_word' id='word_1_625' title='bbox 1158 4461 1377 4538; x_wconf 86' lang='grc' dir='ltr'>τελευτῇ</span> <span class='ocrx_word' id='word_1_626' title='bbox 1433 4468 1525 4518; x_wconf 79' lang='grc' dir='ltr'>τοῦ</span> <span class='ocrx_word' id='word_1_627' title='bbox 1582 4464 1688 4521; x_wconf 84' lang='grc' dir='ltr'>νυνὶ</span> <span class='ocrx_word' id='word_1_628' title='bbox 1743 4461 1990 4542; x_wconf 85' lang='grc' dir='ltr'>ἀρχιερα·</span> 
     </span>
    </p>
   </div>
   <div class='ocr_carea' id='block_1_91' title="bbox 2074 4457 3732 4558">
    <p class='ocr_par' dir='ltr' id='par_1_91' title="bbox 2083 4457 3732 4538">
     <span class='ocr_line' id='line_1_91' title="bbox 2083 4457 3732 4538; baseline 0.002 -21"><span class='ocrx_word' id='word_1_629' title='bbox 2083 4466 2555 4532; x_wconf 88' lang='lat' dir='ltr'>monumentum,</span> <span class='ocrx_word' id='word_1_630' title='bbox 2606 4466 2664 4519; x_wconf 91' lang='lat' dir='ltr'>et</span> <span class='ocrx_word' id='word_1_631' title='bbox 2713 4458 2972 4518; x_wconf 88' lang='lat' dir='ltr'>munitus</span> <span class='ocrx_word' id='word_1_632' title='bbox 3022 4466 3107 4519; x_wconf 87' lang='lat' dir='ltr'>est</span> <span class='ocrx_word' id='word_1_633' title='bbox 3138 4476 3318 4519; x_wconf 88' lang='lat' dir='ltr'>aurea</span> <span class='ocrx_word' id='word_1_634' title='bbox 3345 4457 3530 4533; x_wconf 89' lang='lat' dir='ltr'>bulla,</span> <span class='ocrx_word' id='word_1_635' title='bbox 3565 4459 3732 4538; x_wconf 90' lang='lat' dir='ltr'>cujus</span> 
     </span>
    </p>
   </div>
   <div class='ocr_carea' id='block_1_92' title="bbox 348 4545 1990 4628">
    <p class='ocr_par' dir='ltr' id='par_1_92' title="bbox 348 4547 1990 4628">
     <span class='ocr_line' id='line_1_92' title="bbox 348 4547 1990 4628; baseline -0.001 -21"><span class='ocrx_word' id='word_1_636' title='bbox 348 4551 588 4612; x_wconf 84' lang='grc' dir='ltr'>τεύοντος</span> <span class='ocrx_word' id='word_1_637' title='bbox 646 4548 700 4604; x_wconf 79' lang='grc' dir='ltr'>ἐν</span> <span class='ocrx_word' id='word_1_638' title='bbox 754 4547 1001 4627; x_wconf 80' lang='grc' dir='ltr'>Μαδύτῳ,</span> <span class='ocrx_word' id='word_1_639' title='bbox 1059 4551 1119 4605; x_wconf 82' lang='grc' dir='ltr'>τὸ</span> <span class='ocrx_word' id='word_1_640' title='bbox 1196 4549 1284 4605; x_wconf 81' lang='grc' dir='ltr'>ὑπ’</span> <span class='ocrx_word' id='word_1_641' title='bbox 1344 4550 1483 4623; x_wconf 69' lang='grc' dir='ltr'>αὒτῴ</span> <span class='ocrx_word' id='word_1_642' title='bbox 1554 4549 1990 4628; x_wconf 67' lang='grc' dir='ltr'>μητροπολιτικὸι</span> 
     </span>
    </p>
   </div>
   <div class='ocr_carea' id='block_1_93' title="bbox 2074 4545 3731 4628">
    <p class='ocr_par' dir='ltr' id='par_1_93' title="bbox 2083 4545 3731 4626">
     <span class='ocr_line' id='line_1_93' title="bbox 2083 4545 3731 4626; baseline 0.001 -20"><span class='ocrx_word' id='word_1_643' title='bbox 2083 4555 2288 4607; x_wconf 89' lang='lat' dir='ltr'>auctor</span> <span class='ocrx_word' id='word_1_644' title='bbox 2313 4555 2401 4607; x_wconf 89' lang='lat' dir='ltr'>est</span> <span class='ocrx_word' id='word_1_645' title='bbox 2422 4547 2609 4608; x_wconf 90' lang='lat' dir='ltr'>felicis</span> <span class='ocrx_word' id='word_1_646' title='bbox 2625 4545 3055 4608; x_wconf 86' lang='lat' dir='ltr'>recordationis</span> <span class='ocrx_word' id='word_1_647' title='bbox 3095 4545 3422 4626; x_wconf 90' lang='lat' dir='ltr'>imperator</span> <span class='ocrx_word' id='word_1_648' title='bbox 3449 4547 3731 4608; x_wconf 89' lang='lat' dir='ltr'>Botania-</span> 
     </span>
    </p>
   </div>
   <div class='ocr_carea' id='block_1_94' title="bbox 350 4628 1998 4715">
    <p class='ocr_par' dir='ltr' id='par_1_94' title="bbox 350 4628 1998 4715">
     <span class='ocr_line' id='line_1_94' title="bbox 350 4628 1998 4715; baseline 0 -20"><span class='ocrx_word' id='word_1_649' title='bbox 350 4640 603 4695; x_wconf 83' lang='grc' dir='ltr'>παύεσθαι</span> <span class='ocrx_word' id='word_1_650' title='bbox 667 4635 887 4711; x_wconf 87' lang='grc' dir='ltr'>δίκαιον,</span> <span class='ocrx_word' id='word_1_651' title='bbox 959 4639 1046 4694; x_wconf 89' lang='grc' dir='ltr'>καὶ</span> <span class='ocrx_word' id='word_1_652' title='bbox 1109 4638 1210 4694; x_wconf 81' lang='grc' dir='ltr'>ὑπὸ</span> <span class='ocrx_word' id='word_1_653' title='bbox 1267 4638 1364 4704; x_wconf 71' lang='grc' dir='ltr'>τὴν</span> <span class='ocrx_word' id='word_1_654' title='bbox 1417 4628 1727 4715; x_wconf 77' lang='grc' dir='ltr'>Ἡράκλειαν</span> <span class='ocrx_word' id='word_1_655' title='bbox 1799 4638 1998 4696; x_wconf 80' lang='grc' dir='ltr'>ἐπανα-</span> 
     </span>
    </p>
   </div>
   <div class='ocr_carea' id='block_1_95' title="bbox 352 4723 1996 4808">
    <p class='ocr_par' dir='ltr' id='par_1_95' title="bbox 352 4723 1996 4808">
     <span class='ocr_line' id='line_1_95' title="bbox 352 4723 1996 4808; baseline 0 -25"><span class='ocrx_word' id='word_1_656' title='bbox 352 4727 589 4808; x_wconf 73' lang='grc' dir='ltr'>στρέφειν</span> <span class='ocrx_word' id='word_1_657' title='bbox 641 4727 741 4793; x_wconf 78' lang='grc' dir='ltr'>τὴν</span> <span class='ocrx_word' id='word_1_658' title='bbox 793 4725 1076 4805; x_wconf 72' lang='grc' dir='ltr'>εἰρημένην</span> <span class='ocrx_word' id='word_1_659' title='bbox 1141 4723 1487 4800; x_wconf 86' lang='grc' dir='ltr'>Ἐκκλησίαν,</span> <span class='ocrx_word' id='word_1_660' title='bbox 1546 4727 1620 4788; x_wconf 83' lang='grc' dir='ltr'>ὡς</span> <span class='ocrx_word' id='word_1_661' title='bbox 1662 4727 1996 4806; x_wconf 88' lang='grc' dir='ltr'>τοπρότερον,</span> 
     </span>
    </p>
   </div>
   <div class='ocr_carea' id='block_1_96' title="bbox 350 4813 2001 4896">
    <p class='ocr_par' dir='ltr' id='par_1_96' title="bbox 350 4813 2001 4896">
     <span class='ocr_line' id='line_1_96' title="bbox 350 4813 2001 4896; baseline -0.001 -23"><span class='ocrx_word' id='word_1_662' title='bbox 350 4816 786 4895; x_wconf 80' lang='grc' dir='ltr'>Προσεπιτούτοις</span> <span class='ocrx_word' id='word_1_663' title='bbox 843 4817 930 4870; x_wconf 82' lang='grc' dir='ltr'>καὶ</span> <span class='ocrx_word' id='word_1_664' title='bbox 1015 4818 1043 4871; x_wconf 88' lang='lat'>6</span> <span class='ocrx_word' id='word_1_665' title='bbox 1129 4813 1527 4895; x_wconf 80' lang='grc' dir='ltr'>θεοφιλέστατος</span> <span class='ocrx_word' id='word_1_666' title='bbox 1610 4814 2001 4896; x_wconf 78' lang='grc' dir='ltr'>μητροπυλίτης</span> 
     </span>
    </p>
   </div>
   <div class='ocr_carea' id='block_1_97' title="bbox 348 4902 2002 4985">
    <p class='ocr_par' dir='ltr' id='par_1_97' title="bbox 348 4902 2002 4985">
     <span class='ocr_line' id='line_1_97' title="bbox 348 4902 2002 4985; baseline 0 -23"><span class='ocrx_word' id='word_1_667' title='bbox 348 4910 594 4985; x_wconf 85' lang='grc' dir='ltr'>Πατρῶν,</span> <span class='ocrx_word' id='word_1_668' title='bbox 638 4903 863 4968; x_wconf 70' lang='grc' dir='ltr'>πολλοῖς</span> <span class='ocrx_word' id='word_1_669' title='bbox 907 4905 994 4960; x_wconf 85' lang='grc' dir='ltr'>καὶ</span> <span class='ocrx_word' id='word_1_670' title='bbox 1023 4902 1285 4982; x_wconf 83' lang='grc' dir='ltr'>διαφόροις</span> <span class='ocrx_word' id='word_1_671' title='bbox 1330 4905 1660 4984; x_wconf 87' lang='grc' dir='ltr'>τετείχισται</span> <span class='ocrx_word' id='word_1_672' title='bbox 1713 4904 2002 4980; x_wconf 88' lang='grc' dir='ltr'>δικαιώμα-</span> 
     </span>
    </p>
   </div>
   <div class='ocr_carea' id='block_1_98' title="bbox 352 4991 1998 5073">
    <p class='ocr_par' dir='ltr' id='par_1_98' title="bbox 352 4991 1998 5073">
     <span class='ocr_line' id='line_1_98' title="bbox 352 4991 1998 5073; baseline 0.001 -23"><span class='ocrx_word' id='word_1_673' title='bbox 352 5016 455 5070; x_wconf 90' lang='grc' dir='ltr'>σιν,</span> <span class='ocrx_word' id='word_1_674' title='bbox 489 4997 561 5058; x_wconf 70' lang='lat' dir='ltr'>sic</span> <span class='ocrx_word' id='word_1_675' title='bbox 605 4995 665 5049; x_wconf 84' lang='grc' dir='ltr'>τὸ</span> <span class='ocrx_word' id='word_1_676' title='bbox 711 5005 994 5073; x_wconf 71' lang='grc' dir='ltr'>συμφυεῖς,</span> <span class='ocrx_word' id='word_1_677' title='bbox 1053 4994 1140 5047; x_wconf 84' lang='grc' dir='ltr'>καὶ</span> <span class='ocrx_word' id='word_1_678' title='bbox 1189 4991 1481 5068; x_wconf 80' lang='grc' dir='ltr'>ἀτμήτους,</span> <span class='ocrx_word' id='word_1_679' title='bbox 1540 4995 1628 5049; x_wconf 89' lang='grc' dir='ltr'>καὶ</span> <span class='ocrx_word' id='word_1_680' title='bbox 1683 4994 1998 5051; x_wconf 81' lang='grc' dir='ltr'>ἀναποσπά-</span> 
     </span>
    </p>
   </div>
   <div class='ocr_carea' id='block_1_99' title="bbox 354 5079 2002 5162">
    <p class='ocr_par' dir='ltr' id='par_1_99' title="bbox 354 5079 2002 5162">
     <span class='ocr_line' id='line_1_99' title="bbox 354 5079 2002 5162; baseline 0 -23"><span class='ocrx_word' id='word_1_681' title='bbox 354 5105 508 5145; x_wconf 89' lang='grc' dir='ltr'>στους</span> <span class='ocrx_word' id='word_1_682' title='bbox 546 5083 696 5162; x_wconf 73' lang='grc' dir='ltr'>ἔχειν</span> <span class='ocrx_word' id='word_1_683' title='bbox 737 5084 830 5145; x_wconf 81' lang='grc' dir='ltr'>τὰς</span> <span class='ocrx_word' id='word_1_684' title='bbox 889 5087 956 5158; x_wconf 77' lang='grc' dir='ltr'>τῇ</span> <span class='ocrx_word' id='word_1_685' title='bbox 1011 5079 1128 5138; x_wconf 87' lang='grc' dir='ltr'>κατ’</span> <span class='ocrx_word' id='word_1_686' title='bbox 1174 5083 1330 5138; x_wconf 71' lang='grc' dir='ltr'>αὐτὸν</span> <span class='ocrx_word' id='word_1_687' title='bbox 1379 5081 1635 5154; x_wconf 78' lang='grc' dir='ltr'>ἐκκλησίᾳ</span> <span class='ocrx_word' id='word_1_688' title='bbox 1685 5081 2002 5161; x_wconf 85' lang='grc' dir='ltr'>δωρηθείσας</span> 
     </span>
    </p>
   </div>
   <div class='ocr_carea' id='block_1_100' title="bbox 359 5170 2004 5251">
    <p class='ocr_par' dir='ltr' id='par_1_100' title="bbox 359 5170 2004 5251">
     <span class='ocr_line' id='line_1_100' title="bbox 359 5170 2004 5251; baseline -0.001 -23"><span class='ocrx_word' id='word_1_689' title='bbox 359 5172 674 5250; x_wconf 80' lang='grc' dir='ltr'>ἒπισκοπὰς,</span> <span class='ocrx_word' id='word_1_690' title='bbox 759 5171 901 5249; x_wconf 82' lang='grc' dir='ltr'>παρὰ</span> <span class='ocrx_word' id='word_1_691' title='bbox 984 5171 1284 5251; x_wconf 75' lang='grc' dir='ltr'>Νικηφόρου</span> <span class='ocrx_word' id='word_1_692' title='bbox 1366 5170 1626 5248; x_wconf 84' lang='grc' dir='ltr'>βασιλέως</span> <span class='ocrx_word' id='word_1_693' title='bbox 1708 5181 1799 5230; x_wconf 79' lang='grc' dir='ltr'>τοῦ</span> <span class='ocrx_word' id='word_1_694' title='bbox 1899 5173 2004 5228; x_wconf 83' lang='grc' dir='ltr'>ἀπὸ</span> 
     </span>
    </p>
   </div>
   <div class='ocr_carea' id='block_1_101' title="bbox 358 5258 2005 5340">
    <p class='ocr_par' dir='ltr' id='par_1_101' title="bbox 358 5258 2005 5340">
     <span class='ocr_line' id='line_1_101' title="bbox 358 5258 2005 5340; baseline 0 -24"><span class='ocrx_word' id='word_1_695' title='bbox 358 5266 608 5340; x_wconf 81' lang='grc' dir='ltr'>γενικῶν,</span> <span class='ocrx_word' id='word_1_696' title='bbox 663 5259 745 5316; x_wconf 81' lang='grc' dir='ltr'>διὰ</span> <span class='ocrx_word' id='word_1_697' title='bbox 813 5262 875 5317; x_wconf 82' lang='grc' dir='ltr'>τὸ</span> <span class='ocrx_word' id='word_1_698' title='bbox 929 5259 983 5316; x_wconf 76' lang='grc' dir='ltr'>ἐν</span> <span class='ocrx_word' id='word_1_699' title='bbox 1054 5266 1126 5337; x_wconf 76' lang='grc' dir='ltr'>τῇ</span> <span class='ocrx_word' id='word_1_700' title='bbox 1181 5267 1519 5339; x_wconf 75' lang='grc' dir='ltr'>καταστροφῇ</span> <span class='ocrx_word' id='word_1_701' title='bbox 1587 5265 1691 5316; x_wconf 85' lang='grc' dir='ltr'>τῶν</span> <span class='ocrx_word' id='word_1_702' title='bbox 1768 5258 2005 5339; x_wconf 78' lang='grc' dir='ltr'>Ἀϐάρων</span> 
     </span>
    </p>
   </div>
   <div class='ocr_carea' id='block_1_102' title="bbox 359 5346 2006 5430">
    <p class='ocr_par' dir='ltr' id='par_1_102' title="bbox 359 5346 2006 5430">
     <span class='ocr_line' id='line_1_102' title="bbox 359 5346 2006 5430; baseline -0.001 -24"><span class='ocrx_word' id='word_1_703' title='bbox 359 5350 504 5430; x_wconf 82' lang='grc' dir='ltr'>παρὰ</span> <span class='ocrx_word' id='word_1_704' title='bbox 559 5356 650 5406; x_wconf 83' lang='grc' dir='ltr'>τοῦ</span> <span class='ocrx_word' id='word_1_705' title='bbox 696 5350 974 5428; x_wconf 78' lang='grc' dir='ltr'>κορυφαίου</span> <span class='ocrx_word' id='word_1_706' title='bbox 1029 5354 1136 5403; x_wconf 86' lang='grc' dir='ltr'>τῶν</span> <span class='ocrx_word' id='word_1_707' title='bbox 1193 5346 1499 5406; x_wconf 71' lang='grc' dir='ltr'>ἀποστόλων</span> <span class='ocrx_word' id='word_1_708' title='bbox 1550 5350 1637 5405; x_wconf 87' lang='grc' dir='ltr'>καὶ</span> <span class='ocrx_word' id='word_1_709' title='bbox 1695 5349 2006 5423; x_wconf 88' lang='grc' dir='ltr'>πρωτοκλή-</span> 
     </span>
    </p>
   </div>
   <div class='ocr_carea' id='block_1_103' title="bbox 2085 4637 3733 4720">
    <p class='ocr_par' dir='ltr' id='par_1_103' title="bbox 2085 4637 3733 4720">
     <span class='ocr_line' id='line_1_103' title="bbox 2085 4637 3733 4720; baseline 0.001 -22"><span class='ocrx_word' id='word_1_710' title='bbox 2085 4645 2195 4710; x_wconf 90' lang='lat' dir='ltr'>tes,</span> <span class='ocrx_word' id='word_1_711' title='bbox 2231 4658 2347 4719; x_wconf 89' lang='lat' dir='ltr'>qua</span> <span class='ocrx_word' id='word_1_712' title='bbox 2378 4639 2658 4716; x_wconf 90' lang='lat' dir='ltr'>sancitur,</span> <span class='ocrx_word' id='word_1_713' title='bbox 2692 4647 2758 4700; x_wconf 91' lang='lat' dir='ltr'>ut</span> <span class='ocrx_word' id='word_1_714' title='bbox 2787 4637 2945 4698; x_wconf 90' lang='lat' dir='ltr'>illius</span> <span class='ocrx_word' id='word_1_715' title='bbox 2972 4639 3293 4718; x_wconf 87' lang='lat' dir='ltr'>morte,qui</span> <span class='ocrx_word' id='word_1_716' title='bbox 3325 4657 3483 4700; x_wconf 89' lang='lat' dir='ltr'>nunc</span> <span class='ocrx_word' id='word_1_717' title='bbox 3514 4638 3733 4720; x_wconf 80' lang='lat' dir='ltr'>Madyti</span> 
     </span>
    </p>
   </div>
   <div class='ocr_carea' id='block_1_104' title="bbox 2084 4726 3732 4808">
    <p class='ocr_par' dir='ltr' id='par_1_104' title="bbox 2084 4726 3732 4808">
     <span class='ocr_line' id='line_1_104' title="bbox 2084 4726 3732 4808; baseline 0.001 -20"><span class='ocrx_word' id='word_1_718' title='bbox 2084 4728 2484 4806; x_wconf 86' lang='lat' dir='ltr'>pontificatum</span> <span class='ocrx_word' id='word_1_719' title='bbox 2518 4727 2789 4807; x_wconf 89' lang='lat' dir='ltr'>gerit,jus</span> <span class='ocrx_word' id='word_1_720' title='bbox 2820 4727 2946 4806; x_wconf 87' lang='lat' dir='ltr'>ejus</span> <span class='ocrx_word' id='word_1_721' title='bbox 2989 4726 3489 4806; x_wconf 88' lang='lat' dir='ltr'>metropoliticum</span> <span class='ocrx_word' id='word_1_722' title='bbox 3525 4727 3732 4808; x_wconf 83' lang='lat' dir='ltr'>exspi—</span> 
     </span>
    </p>
   </div>
   <div class='ocr_carea' id='block_1_105' title="bbox 2082 4814 3735 4896">
    <p class='ocr_par' dir='ltr' id='par_1_105' title="bbox 2082 4814 3735 4896">
     <span class='ocr_line' id='line_1_105' title="bbox 2082 4814 3735 4896; baseline -0.001 -19"><span class='ocrx_word' id='word_1_723' title='bbox 2082 4824 2194 4890; x_wconf 86' lang='lat' dir='ltr'>ret,</span> <span class='ocrx_word' id='word_1_724' title='bbox 2228 4834 2295 4877; x_wconf 91' lang='lat' dir='ltr'>ac</span> <span class='ocrx_word' id='word_1_725' title='bbox 2326 4815 2479 4876; x_wconf 87' lang='lat' dir='ltr'>dicta</span> <span class='ocrx_word' id='word_1_726' title='bbox 2495 4817 2747 4877; x_wconf 88' lang='lat' dir='ltr'>ecclesia</span> <span class='ocrx_word' id='word_1_727' title='bbox 2773 4815 3025 4896; x_wconf 89' lang='lat' dir='ltr'>pristino</span> <span class='ocrx_word' id='word_1_728' title='bbox 3049 4833 3212 4875; x_wconf 90' lang='lat' dir='ltr'>more</span> <span class='ocrx_word' id='word_1_729' title='bbox 3245 4814 3355 4876; x_wconf 91' lang='lat' dir='ltr'>sub</span> <span class='ocrx_word' id='word_1_730' title='bbox 3387 4814 3735 4877; x_wconf 88' lang='lat' dir='ltr'>Heracleam</span> 
     </span>
    </p>
   </div>
   <div class='ocr_carea' id='block_1_106' title="bbox 2082 4901 3736 4984">
    <p class='ocr_par' dir='ltr' id='par_1_106' title="bbox 2082 4901 3736 4984">
     <span class='ocr_line' id='line_1_106' title="bbox 2082 4901 3736 4984; baseline 0.001 -20"><span class='ocrx_word' id='word_1_731' title='bbox 2082 4905 2306 4966; x_wconf 88' lang='lat' dir='ltr'>redeat.</span> <span class='ocrx_word' id='word_1_732' title='bbox 2342 4903 2564 4965; x_wconf 75' lang='lat' dir='ltr'>Praeter</span> <span class='ocrx_word' id='word_1_733' title='bbox 2592 4906 2739 4979; x_wconf 71' lang='lat' dir='ltr'>haec,</span> <span class='ocrx_word' id='word_1_734' title='bbox 2798 4901 3288 4982; x_wconf 87' lang='lat' dir='ltr'>religiosissimus</span> <span class='ocrx_word' id='word_1_735' title='bbox 3337 4921 3573 4984; x_wconf 87' lang='lat' dir='ltr'>quoque</span> <span class='ocrx_word' id='word_1_736' title='bbox 3605 4922 3736 4965; x_wconf 90' lang='lat' dir='ltr'>me-</span> 
     </span>
    </p>
   </div>
   <div class='ocr_carea' id='block_1_107' title="bbox 2083 4991 3740 5072">
    <p class='ocr_par' dir='ltr' id='par_1_107' title="bbox 2083 4991 3740 5072">
     <span class='ocr_line' id='line_1_107' title="bbox 2083 4991 3740 5072; baseline -0.001 -18"><span class='ocrx_word' id='word_1_737' title='bbox 2083 4993 2471 5072; x_wconf 88' lang='lat' dir='ltr'>tr0politanus</span> <span class='ocrx_word' id='word_1_738' title='bbox 2545 4992 2843 5055; x_wconf 89' lang='lat' dir='ltr'>Patrensis</span> <span class='ocrx_word' id='word_1_739' title='bbox 2923 4991 3336 5071; x_wconf 90' lang='lat' dir='ltr'>compluribus</span> <span class='ocrx_word' id='word_1_740' title='bbox 3417 5010 3484 5053; x_wconf 92' lang='lat' dir='ltr'>ac</span> <span class='ocrx_word' id='word_1_741' title='bbox 3560 4992 3740 5055; x_wconf 87' lang='lat' dir='ltr'>variis</span> 
     </span>
    </p>
   </div>
   <div class='ocr_carea' id='block_1_108' title="bbox 2090 5079 3742 5160">
    <p class='ocr_par' dir='ltr' id='par_1_108' title="bbox 2090 5079 3742 5160">
     <span class='ocr_line' id='line_1_108' title="bbox 2090 5079 3742 5160; baseline 0 -18"><span class='ocrx_word' id='word_1_742' title='bbox 2090 5082 2350 5142; x_wconf 91' lang='lat' dir='ltr'>munitus</span> <span class='ocrx_word' id='word_1_743' title='bbox 2396 5081 2744 5160; x_wconf 89' lang='lat' dir='ltr'>estjuribus</span> <span class='ocrx_word' id='word_1_744' title='bbox 2795 5081 2856 5142; x_wconf 92' lang='lat' dir='ltr'>in</span> <span class='ocrx_word' id='word_1_745' title='bbox 2886 5082 3022 5155; x_wconf 89' lang='lat' dir='ltr'>hoc,</span> <span class='ocrx_word' id='word_1_746' title='bbox 3059 5089 3124 5142; x_wconf 92' lang='lat' dir='ltr'>ut</span> <span class='ocrx_word' id='word_1_747' title='bbox 3165 5079 3280 5140; x_wconf 92' lang='lat' dir='ltr'>sibi</span> <span class='ocrx_word' id='word_1_748' title='bbox 3310 5080 3646 5160; x_wconf 88' lang='lat' dir='ltr'>abjunctos,</span> <span class='ocrx_word' id='word_1_749' title='bbox 3683 5088 3742 5142; x_wconf 86' lang='lat' dir='ltr'>et</span> 
     </span>
    </p>
   </div>
   <div class='ocr_carea' id='block_1_109' title="bbox 2089 5167 3740 5249">
    <p class='ocr_par' dir='ltr' id='par_1_109' title="bbox 2089 5167 3740 5249">
     <span class='ocr_line' id='line_1_109' title="bbox 2089 5167 3740 5249; baseline -0.001 -19"><span class='ocrx_word' id='word_1_750' title='bbox 2089 5170 2333 5230; x_wconf 90' lang='lat' dir='ltr'>minime</span> <span class='ocrx_word' id='word_1_751' title='bbox 2359 5177 2683 5249; x_wconf 81' lang='lat' dir='ltr'>separatos,</span> <span class='ocrx_word' id='word_1_752' title='bbox 2717 5169 3161 5248; x_wconf 83' lang='lat' dir='ltr'>indivulsosque</span> <span class='ocrx_word' id='word_1_753' title='bbox 3195 5168 3412 5230; x_wconf 88' lang='lat' dir='ltr'>habeat</span> <span class='ocrx_word' id='word_1_754' title='bbox 3433 5167 3740 5248; x_wconf 73' lang='lat' dir='ltr'>episcopa—</span> 
     </span>
    </p>
   </div>
   <div class='ocr_carea' id='block_1_110' title="bbox 2088 5257 3742 5340">
    <p class='ocr_par' dir='ltr' id='par_1_110' title="bbox 2088 5257 3742 5340">
     <span class='ocr_line' id='line_1_110' title="bbox 2088 5257 3742 5340; baseline -0.001 -20"><span class='ocrx_word' id='word_1_755' title='bbox 2088 5269 2202 5333; x_wconf 76' lang='lat' dir='ltr'>tus,</span> <span class='ocrx_word' id='word_1_756' title='bbox 2238 5259 2506 5320; x_wconf 66' lang='lat' dir='ltr'>ecclesiae</span> <span class='ocrx_word' id='word_1_757' title='bbox 2535 5278 2657 5321; x_wconf 73' lang='lat' dir='ltr'>suae</span> <span class='ocrx_word' id='word_1_758' title='bbox 2685 5278 2718 5321; x_wconf 90' lang='lat' dir='ltr'>a</span> <span class='ocrx_word' id='word_1_759' title='bbox 2746 5257 3077 5340; x_wconf 87' lang='lat' dir='ltr'>Nicephoro</span> <span class='ocrx_word' id='word_1_760' title='bbox 3101 5258 3396 5339; x_wconf 88' lang='lat' dir='ltr'>principe,</span> <span class='ocrx_word' id='word_1_761' title='bbox 3423 5257 3523 5338; x_wconf 92' lang='lat' dir='ltr'>qui</span> <span class='ocrx_word' id='word_1_762' title='bbox 3542 5276 3612 5319; x_wconf 85' lang='lat' dir='ltr'>ex</span> <span class='ocrx_word' id='word_1_763' title='bbox 3634 5274 3742 5336; x_wconf 88' lang='lat' dir='ltr'>ge-</span> 
     </span>
    </p>
   </div>
   <div class='ocr_carea' id='block_1_111' title="bbox 2089 5345 3747 5430">
    <p class='ocr_par' dir='ltr' id='par_1_111' title="bbox 2089 5345 3747 5430">
     <span class='ocr_line' id='line_1_111' title="bbox 2089 5345 3747 5430; baseline 0.001 -21"><span class='ocrx_word' id='word_1_764' title='bbox 2089 5347 2278 5410; x_wconf 86' lang='lat' dir='ltr'>nerali</span> <span class='ocrx_word' id='word_1_765' title='bbox 2310 5357 2693 5430; x_wconf 91' lang='lat' dir='ltr'>procuratore</span> <span class='ocrx_word' id='word_1_766' title='bbox 2731 5349 2918 5408; x_wconf 81' lang='lat' dir='ltr'>factus</span> <span class='ocrx_word' id='word_1_767' title='bbox 2947 5355 3038 5408; x_wconf 90' lang='lat' dir='ltr'>est</span> <span class='ocrx_word' id='word_1_768' title='bbox 3070 5345 3747 5429; x_wconf 86' lang='lat' dir='ltr'>imperator,attributos</span> 
     </span>
    </p>
   </div>
   <div class='ocr_carea' id='block_1_112' title="bbox 1678 5515 2440 5585">
    <p class='ocr_par' dir='ltr' id='par_1_112' title="bbox 1678 5515 2440 5585">
     <span class='ocr_line' id='line_1_112' title="bbox 1678 5515 2440 5585; baseline 0.003 -6"><span class='ocrx_word' id='word_1_769' title='bbox 1678 5515 1932 5581; x_wconf 77' lang='lat' dir='ltr'>VARUE</span> <span class='ocrx_word' id='word_1_770' title='bbox 1975 5516 2440 5585; x_wconf 78' lang='lat' dir='ltr'>LECTIONES.‘</span> 
     </span>
    </p>
   </div>
   <div class='ocr_carea' id='block_1_113' title="bbox 442 5624 794 5684">
    <p class='ocr_par' dir='ltr' id='par_1_113' title="bbox 442 5624 794 5684">
     <span class='ocr_line' id='line_1_113' title="bbox 442 5624 794 5684; baseline 0.006 -2"><span class='ocrx_word' id='word_1_771' title='bbox 442 5625 509 5676; x_wconf 76' lang='grc'>54</span> <span class='ocrx_word' id='word_1_772' title='bbox 548 5624 794 5684; x_wconf 88' lang='grc' dir='ltr'>δεόντων.</span> 
     </span>
    </p>
   </div>
   <div class='ocr_carea' id='block_1_114' title="bbox 509 5756 1598 5833">
    <p class='ocr_par' dir='ltr' id='par_1_114' title="bbox 509 5756 1598 5833">
     <span class='ocr_line' id='line_1_114' title="bbox 509 5756 1598 5833; baseline 0.006 -13"><span class='ocrx_word' id='word_1_773' title='bbox 509 5757 915 5822; x_wconf 76' lang='lat' dir='ltr'>Constantini.</span> <span class='ocrx_word' id='word_1_774' title='bbox 1003 5801 1028 5833; x_wconf 69' lang='grc' dir='ltr'><strong>ι</strong></span> <span class='ocrx_word' id='word_1_775' title='bbox 1055 5756 1369 5823; x_wconf 70' lang='lat' dir='ltr'>Michaelis</span> <span class='ocrx_word' id='word_1_776' title='bbox 1398 5759 1598 5830; x_wconf 71' lang='lat' dir='ltr'>Dum.</span> 
     </span>
    </p>
   </div>
  </div>
