4192 6220
543 369 662 436 879

1917 373 1950 434 .Ῐ
1956 371 2049 434 US
2089 369 2536 437 CANONICUM

3796 372 3913 440 880

548 505 676 586 ejus
719 504 989 568 miraculi
1041 504 1246 584 gratia,
1305 504 1461 585 quod
1505 504 1819 567 oculariter
1846 504 2062 566 factum
2093 501 2188 564 fuit

2281 512 2373 561 τοῦ
2442 503 2684 585 Ἀνδρέου
2753 504 3168 586 ὀφθαλμοφανῶς
3228 507 3512 588 γενόμενον
3563 511 3759 585 θαῦμα,
3833 508 3915 564 ἐπὶ

547 594 619 656 ab
648 592 750 656 illo
785 592 998 655 eximio
1030 592 1341 674 primoque
1399 601 1600 654 vocato
1631 593 1896 674 apostolo
1927 592 2187 666 Andrea,

545 684 604 745 in
637 681 899 744 Abarum
933 680 1370 762 eversione,qui
1402 681 1537 745 totis
1566 698 1782 745 CCXVIII
1811 681 1984 743 annis
2012 680 2188 742 Pelo-

546 788 873 853 ponnesum
899 768 1492 851 obtinuerant,usque
1522 771 1670 832 adeo
1693 770 1766 832 ab
1789 769 2039 850 imperio
2067 767 2188 830 Ro—

545 876 724 920 mano
756 857 960 932 avulsi,
993 865 1056 918 ut
1085 875 1260 920 nemo
1294 859 1597 920 Romanus
1619 859 1680 919 in
1713 859 2184 938 Peloponnesum

542 946 634 1009 vel
666 946 875 1027 pedem
907 946 1128 1009 inferre
1165 955 1396 1027 posset;
1432 954 1571 1009 tunc
1595 955 1790 1009 autem
1823 946 1999 1008 unius
2028 944 2187 1007 horae

543 1035 734 1118 spatio
759 1035 998 1098 fuerunt
1014 1035 1386 1098 exterminati
1404 1054 1509 1116 per
1542 1038 1728 1098 solam
1759 1034 2187 1116 apparitionem

542 1123 721 1204 hujus
752 1123 948 1204 primo
966 1122 1158 1185 vocati
1189 1123 1462 1203 apostoli,
1493 1132 1552 1186 et
1572 1124 1700 1205 ipsa
1727 1124 1890 1201 regio
1921 1130 2040 1184 tota
2068 1120 2188 1185 Ro-

543 1211 736 1274 manis
765 1211 1034 1273 restituta
1063 1210 1338 1291 sceptris.

623 1301 712 1363 Ac
741 1300 995 1382 primum
1027 1299 1270 1380 quidem
1303 1300 1523 1380 profert
1557 1317 1799 1361 auream
1833 1299 2057 1361 bullam
2089 1300 2186 1359 in-

544 1388 722 1452 dicati
753 1389 1061 1470 principis,
1095 1390 1194 1470 qui
1248 1396 1306 1451 et
1335 1390 1489 1451 hanc
1538 1389 1727 1469 ipsam
1758 1387 2188 1451 sanctissimam

541 1480 886 1540 Patreusem
898 1475 1223 1538 Ecclesiam
1244 1495 1313 1538 ex
1334 1477 1844 1557 archiepiscopatu
1859 1478 1929 1538 ad
1961 1485 2182 1538 metro-

545 1565 698 1647 polis
717 1565 960 1646 gloriam
984 1565 1175 1628 evexit
1193 1564 1268 1627 ob
1284 1565 1445 1627 illius
1468 1566 1670 1627 eximii
1695 1565 2025 1646 prodigium
2045 1583 2188 1644 apo-

2275 591 2554 658 διακοσίοις
2591 593 2858 650 δεκαοκτὼ
2897 595 3111 674 χρόνοις
3169 595 3311 662 ὅλοις
3365 596 3749 677 κατασχόντων
3819 597 3914 663 την

2274 680 2701 759 Πελοπόννησον,
2773 684 2860 739 καὶ
2914 685 3012 750 τῆς
3059 675 3368 760 Ῥωμαϊκῆς
3408 675 3582 766 ἄρχης
3641 685 3915 761 ἀποτεμο-

2273 770 2470 846 μένων,
2544 774 2618 834 ὡς
2690 769 2827 846 μηδὲ
2879 770 3014 828 πόδα
3072 773 3261 850 βαλεῖν
3329 773 3466 838 ὅλως
3541 772 3782 832 δύνασθαι
3865 776 3919 830 ὲν

2271 861 2404 935 αὐτῇ
2459 851 2724 936 Ῥωμαῖον
2778 857 2935 938 ἄνδρα
2968 876 2981 890 ⁸
3040 860 3094 917 ἐν
3151 869 3247 938 μιᾷ
3303 861 3358 918 δὲ
3412 863 3522 942 ὥρᾳ
3572 862 3771 918 τούτων
3821 863 3916 937 μὲν

2269 947 2653 1028 ἀφανισθέντων
2703 948 2763 1005 ἐκ
2812 949 2980 1022 μόνης
3024 947 3327 1029 ἐπιφανείας
3373 961 3467 1010 τοῦ
3511 949 3917 1030 πρωτοκλήτου,

2269 1041 2366 1103 τῆς
2430 1034 2484 1092 δὲ
2557 1037 2738 1118 χώρας
2794 1035 3004 1104 ἀπάσης
3058 1053 3177 1103 τοῖς
3237 1030 3562 1116 Ῥωμαϊκοῖς
3627 1040 3918 1117 σκήπτροις

2272 1123 2681 1194 ἐπανελθούσης.

2355 1304 2450 1360 Καὶ
2491 1303 2698 1382 πρῶτον
2745 1307 2843 1380 μὲν
2888 1303 3237 1384 προϐάλλεται
3283 1305 3346 1361 τὸ
3387 1311 3480 1360 τοῦ
3521 1303 3771 1382 ῥηθέντος
3815 1304 3918 1380 βα-

2271 1391 2458 1456 σιλέως
2509 1390 2923 1473 χρυσόϐουλλον,
2970 1401 3062 1450 τοῦ
3117 1397 3202 1451 καὶ
3263 1394 3361 1462 τὴν
3406 1393 3568 1461 αὐτὴν
3612 1393 3922 1472 ἆγιωτᾶτην

2270 1479 2556 1550 ἐκκλησίαν
2613 1488 2856 1563 Πατρῶν,
2909 1483 2960 1548 ἐξ
3020 1483 3448 1564 ἀρχιεπισκοπῆς
3506 1485 3577 1547 εἷς
3635 1483 3919 1561 μητροπόα

2267 1571 2402 1636 λεως
2459 1571 2610 1638 δόξαν
2687 1573 3069 1653 ἀναγαγόντος,
3143 1573 3225 1633 διὰ
3303 1577 3364 1631 τὸ
3434 1575 3586 1652 ῥηθὲν
3642 1575 3920 1654 τεράστιον

544 1654 841 1734 stoli,qu:e
882 1653 1174 1729 diximus;
1220 1662 1277 1716 et
1306 1662 1424 1716 tres
1455 1655 1827 1735 episcopatus
1861 1654 1916 1716 ei
1947 1654 2184 1732 largitus

2272 1661 2357 1717 τοῦ
2399 1663 2698 1742 κορυφαίου,
2764 1664 2850 1718 καὶ
2895 1662 3067 1742 τρισίν
3135 1663 3454 1728 ἐπισκοπαϊς
3515 1662 3677 1730 αὐτὴν
3705 1653 3919 1740 δωρη-

545 1750 652 1816 est,
681 1742 1149 1824 Methouensem,
1176 1743 1712 1818 Lacedzemonium,
1747 1750 1805 1805 et
1825 1742 2181 1805 Sarsocoro-

2272 1750 2518 1828 σαμένου,
2561 1756 2630 1827 τῇ
2685 1751 2925 1830 Μεθώνη,
2987 1757 3051 1828 τῇ
3108 1750 3480 1831 Λακεδαίμονι,
3540 1753 3626 1806 καὶ
3667 1757 3738 1826 τῇ
3784 1758 3919 1828 Σαρ-

543 1850 792 1894 uensem
829 1853 842 1894 :
876 1831 1092 1894 deinde
1140 1831 1383 1894 alteram
1429 1832 1564 1896 huic
1595 1851 1937 1904 consonam,
1971 1831 2186 1920 Leonis

2272 1840 2538 1918 σοκορώνῃ
2572 1858 2586 1873 ’
2643 1842 2730 1896 καὶ
2787 1839 2962 1920 ἕτερον
3033 1842 3204 1916 τούτῷ
3260 1838 3500 1914 συνᾷδον,
3559 1839 3788 1904 Λέοντος
3831 1841 3919 1895 καὶ

545 1933 602 1983 et
654 1920 978 1983 Alexandri
1024 1929 1403 2001 augustorum
1440 1941 1455 1982 :
1502 1939 1571 1982 ac
1618 1919 1850 1989 tertiam
1880 1918 2182 2000 ,Romani,

2272 1926 2605 2007 Ἀλεξάνδρου
2659 1933 2766 1984 τῶν
2821 1918 3085 2005 βασιλέων
3115 1944 3129 1959 ⁶
3216 1931 3304 1985 καὶ
3387 1931 3557 2008 τρίτον
3615 1919 3916 2006 Ῥωμανοῖη

489 2055 496 2062 -
542 2011 976 2094 Christopbori,
1015 2021 1070 2075 et
1099 2013 1488 2094 Constantini,
1539 2013 1899 2094 reliquarum
1925 2011 2186 2091 vestigiis

2272 2016 2644 2095 Χριστοφόρου,
2701 2019 2788 2073 καὶ
2869 2019 3281 2092 Κωνσταντίνου,
3363 2016 3482 2073 κατ’
3561 2016 3718 2097 ἴχνος
3789 2017 3917 2079 τοῖς

541 2101 925 2165 inhereutem
954 2123 970 2181 ;
992 2103 1255 2184 itemque
1289 2110 1500 2186 praeter
1520 2103 1624 2164 has
1650 2100 2182 2183 aliam,Nicephori

2272 2102 2446 2169 ἅλλοις
2481 2105 2667 2180 βαῖνον
2701 2120 2716 2135 ⁸
2778 2107 2865 2162 καὶ
2913 2103 3043 2162 ἄλλο
3075 2105 3159 2162 ἐπὶ
3188 2107 3418 2170 τούτοις.
3477 2107 3781 2185 Νικηφόρον
3827 2111 3919 2160 τοῦ

541 2188 754 2254 Ρὶιοοω
798 2191 1113 2272 :quintam
1169 2191 1428 2272 denique
1477 2191 1796 2254 Botaniatae
1853 2191 2032 2266 illius,
2083 2189 2184 2270 qui

2272 2199 2428 2249 Φωκᾶ
2459 2212 2475 2227 ’
2550 2194 2636 2250 καὶ
2686 2194 2928 2271 πέμπτον
2995 2194 3079 2250 ἐπὶ
3148 2196 3375 2270 τούτοις,
3432 2204 3527 2254 τοῦ
3582 2197 3682 2274 πρὸ
3725 2195 3919 2271 μικροῦ

542 2279 716 2360 paulo
737 2288 874 2342 ante
894 2297 1093 2342 rerum
1117 2280 1335 2360 potitus
1348 2279 1616 2360 fuit,quze
1641 2281 1953 2342 recensitae
1973 2297 2184 2340 omnes

2272 2277 2697 2357 βεϐασιλευκότος
2777 2281 2869 2338 τοῦ
2951 2283 3319 2356 Βοτανειάτου,
3405 2283 3528 2346 τοὺς
3603 2282 3915 2362 εἰρημένους

542 2367 951 2446 obsignautur.
972 2368 1472 2432 Neocaesarieusis
1493 2388 1729 2450 quoque
1751 2367 2026 2430 similiter
2053 2386 2185 2428 mo-

2272 2370 2467 2434 πάντας
2527 2369 3012 2449 ἐπισφραγίζοντος.
3101 2375 3197 2429 Καὶ
3265 2374 3294 2428 ὁ
3373 2371 3775 2449 Νεοκαισαρείας
3863 2366 3917 2424 δὲ

541 2466 826 2520 uumento
873 2457 1401 2520 dominiMichaalis
1433 2458 1804 2537 patriarchae,
1840 2457 2027 2519 beata
2058 2474 2188 2517 me-

2272 2457 2572 2538 ἐστήρικται
2629 2459 2824 2534 ὁμοίως
2874 2460 3216 2536 ὑπομνήματι
3284 2469 3376 2519 τοῦ
3439 2459 3492 2514 ἐν
3550 2460 3782 2537 μακαρίᾳ

542 2545 746 2607 moria;
767 2544 974 2608 nititur
998 2565 1014 2622 ;
1040 2555 1096 2608 et
1116 2565 1298 2608 aurea
1319 2545 1479 2609 bulla
1496 2546 1722 2608 domini
1742 2545 2046 2608 Michaelis
2065 2543 2188 2605 Du-

2272 2545 2405 2612 λέξει
2475 2549 2828 2628 πατριάρχου,
2875 2548 3032 2628 κυροῦ
3080 2547 3328 2628 Μιχαὴλ,
3398 2550 3482 2604 καὶ
3538 2545 3920 2628 χρυσοϐούλλῳ

543 2651 648 2696 σω.
683 2633 1069 2696 Inveniuntur
1094 2643 1152 2696 et
1185 2643 1336 2709 acta,
1356 2654 1488 2716 quze
1520 2633 1930 2714 traduntquod
1951 2633 2188 2712 episco-

2273 2643 2430 2714 κυροῦ
2478 2635 2704 2716 Μιχαὴλ
2746 2643 2838 2694 τοῦ
2889 2637 3086 2697 Λούκα,
3148 2639 3480 2717 Εὑρίσκονται
3524 2635 3578 2693 δὲ
3633 2637 3720 2692 καὶ
3777 2635 3919 2714 πρά-

545 2721 1080 2803 patus,quicunque
1109 2722 1182 2784 ad
1216 2723 1637 2802 metropolium
1671 2722 2015 2800 dignitatem
2050 2739 2188 2801 pro-

2275 2723 2376 2790 ξεις
2434 2722 2845 2804 διαγορεύουσαι,
2892 2723 2972 2781 ὅτι
3031 2747 3128 2804 περ
3171 2724 3290 2782 ὅσαι
3332 2733 3438 2784 τῶν
3480 2725 3785 2782 ἐπισκοπῶν
3846 2725 3918 2788 εἰς

544 2809 801 2872 vehendi
832 2819 1023 2888 erant,
1056 2829 1175 2872 non
1218 2810 1391 2872 aliter
1431 2811 1489 2872 id
1534 2810 2040 2890 assequebantur;
2074 2807 2188 2870 nisi

2275 2812 2655 2892 μητροπόλεων
2713 2812 2933 2888 ἔμελλον
2989 2811 3399 2881 ἀναϐιϐασθῆναι
3441 2813 3621 2887 κλέος,
3664 2816 3756 2870 οὒκ
3815 2811 3918 2868 εἱλ-

546 2897 800 2979 publicze
853 2899 1121 2961 utilitatis
1166 2899 1226 2961 id
1281 2901 1555 2962 suaderet
1612 2899 1784 2974 ratio,
1818 2908 1886 2958 et
1936 2896 2188 2978 synodus

2273 2900 2381 2964 λως
2428 2904 2611 2958 τούτου
2673 2901 2954 2983 ἐπέτυχον,
3018 2904 3060 2959 εἰ
3117 2903 3194 2978 μὴ
3266 2903 3592 2984 κοινωφελὴς
3636 2900 3918 2982 προῦκειτο

543 2987 956 3062 assentiretur,
1009 2995 1067 3048 et
1095 2987 1363 3052 ecclesiae
1393 2987 1679 3048 honorem
1713 2995 2041 3067 acceptura;
2073 3003 2188 3046 me-

2274 2991 2564 3070 οἰκονομία,
2608 2993 2694 3046 καὶ
2744 2993 2779 3060 ἡ
2839 2989 3048 3055 σύνοδος
3106 2989 3438 3066 κατεδέξατο,
3495 2993 3582 3049 καὶ
3637 2995 3664 3047 ὁ
3708 3013 3916 3069 μητρο-

546 3075 933 3157 tropolitanus
962 3076 1472 3138 remuneratioues
1505 3095 1569 3138 se
1601 3076 1808 3155 dignas
1839 3094 1907 3136 ex
1928 3074 2188 3154 impera-

2272 3078 2491 3147 πολίτης
2521 3085 2618 3146 τῆς
2668 3078 2963 3155 μελλούσης
3018 3082 3304 3155 τιμηθῆναι
3361 3079 3643 3148 ἐκκλησίας
3700 3079 3916 3136 ἀντιδὸ-

547 3148 695 3224 toris
748 3182 924 3227 mauu
973 3174 1351 3247 consecutus,
1407 3184 1476 3226 ea
1505 3183 1635 3246 qua:
1667 3148 2046 3244 gererentur,
2079 3183 2188 3243 ap-

2274 3190 2382 3231 σεις
2429 3167 2570 3234 ἀξίας
2615 3148 2844 3248 εἰληφὼς
2894 3173 2993 3235 τῆς
3051 3148 3331 3244 βασιλικῆς
3363 3168 3553 3250 δεξιᾶς,
3587 3183 3703 3234 τοῖς
3734 3191 3912 3248 πρατ-

549 3250 848 3333 probaret.
910 3253 1024 3316 Tot
1054 3255 1232 3334 igitur
1261 3262 1436 3336 atque
1488 3253 1625 3315 talia
1654 3273 1789 3316 cum
1831 3251 2188 3314 adminicula

2273 3256 2514 3334 τομένοις
2573 3258 2843 3335 συνῄνεσε,
2919 3259 3192 3316 Τοσούτων
3255 3259 3426 3316 τοίνυν
3483 3258 3646 3317 ὄντων
3702 3259 3915 3334 βοηθη-

549 3339 688 3419 sint,
724 3351 841 3405 tam
871 3343 1164 3406 universis
1192 3341 1550 3420 communia,
1595 3361 1768 3423 quam
1801 3341 2052 3421 singulis
2085 3360 2188 3422 pe-

2274 3346 2477 3425 μάτων,
2530 3347 2618 3401 καὶ
2683 3352 2872 3403 κοινῶν
2928 3358 3045 3408 τοῖς
3101 3353 3253 3424 πᾶσι,
3315 3347 3403 3403 καὶ
3458 3352 3564 3402 τῶν
3593 3346 3916 3403 καθέκαστον

547 3430 798 3493 culiaria
830 3449 844 3495 :
882 3431 1029 3494 mihi
1084 3451 1250 3509 sane,
1304 3432 1540 3513 meique
1591 3431 1885 3493 similibus
1941 3430 2185 3501 videtur,

2272 3432 2438 3508 ἰδίων,
2491 3432 2605 3492 ἐμοί
2658 3455 2715 3489 τε
2767 3435 2855 3490 καὶ
2907 3447 3024 3497 τοῖς
3083 3435 3285 3508 ὁμοίοις
3327 3433 3495 3515 δοκεῖ,
3547 3433 3915 3515 φιλανθρωπό-

545 3519 972 3583 humanissime
1025 3521 1326 3603 princeps,
1393 3539 1525 3582 esse
1584 3521 1795 3582 factum
1825 3520 1998 3600 hujus
2031 3519 2189 3580 modi

545 3616 604 3670 et
633 3609 902 3691 iniquum
933 3617 990 3671 et
1021 3628 1291 3683 enorme,
1326 3617 1650 3690 contraque
1680 3627 1878 3670 sacros
1907 3626 2186 3682 canones,

546 3706 605 3760 et
660 3697 918 3760 decretis
977 3699 1385 3779 Spiritualibus
1442 3717 1509 3758 ac
1567 3697 1798 3776 legibus
1825 3697 2185 3758 adversum:

544 3805 658 3848 nec
681 3789 821 3848 satis
852 3785 1073 3849 habere
1107 3787 1344 3862 virium,
1378 3805 1506 3868 qua:
1558 3786 1629 3848 ab
1655 3786 1994 3849 adversaria
2024 3791 2191 3864 parte

546 3883 902 3954 opponatur.
937 3873 1081 3936 Nam
1126 3894 1320 3956 neque
1351 3893 1522 3936 sacra
1551 3875 1912 3955 pragmatica
1939 3873 2188 3954 sanctio,

545 3962 726 4024 veluti
748 3963 1022 4043 superius
1081 3971 1171 4025 est
1223 3963 1619 4039 declaratum,
1653 3963 1932 4024 adversus
1961 3961 2191 4023 divinos

546 4069 806 4113 canones
852 4050 1068 4112 valebit
1099 4069 1113 4114 :
1168 4069 1362 4132 neque
1411 4051 1853 4124 condemnatio,
1885 4068 2014 4130 quae
2045 4069 2193 4111 cou-

546 4149 634 4200 tra
682 4139 843 4218 leges
873 4157 1130 4202 canones
1177 4139 1387 4220 tendit,
1445 4137 1761 4201 laudabilis
1790 4157 1920 4200 esse
1954 4140 2187 4218 poterit.

545 4225 820 4297 Quamvis
877 4225 1037 4290 enim
1096 4226 1386 4307 scriptum
1441 4245 1476 4287 a
1531 4229 1855 4288 constituta
1913 4225 2191 4287 divinitus

546 4314 850 4394 majestate
902 4323 1000 4377 tua
1059 4315 1462 4384 subuotatum,
1511 4315 1830 4376 artiﬁciose
1862 4325 2035 4394 atque
2063 4333 2191 4375 ora-

2271 3545 2396 3578 τατε
2468 3521 2704 3604 βασιλεῦ,
2761 3523 3068 3603 παράνομον
3124 3523 3266 3579 εἶναι
3347 3525 3434 3579 καὶ
3501 3522 3752 3602 ἄρρυθμον
3815 3526 3916 3593 τὴν

2273 3613 2519 3680 τοιαύτην
2559 3612 2766 3692 πρᾶξιν,
2819 3613 2907 3669 καὶ
2947 3619 3052 3668 τῶν
3111 3613 3262 3692 ἱερῶν
3313 3612 3548 3668 κανόνων
3577 3612 3914 3694 ἆπεναντίαν,

2273 3703 2359 3758 καὶ
2413 3715 2531 3766 τοῖς
2588 3714 2967 3777 πνευματικοῖς
3037 3703 3177 3779 ὅροις
3244 3703 3332 3758 καὶ
3389 3700 3568 3778 νόμοις
3626 3702 3910 3784 ἀντίθετον,

2271 3791 2360 3847 καὶ
2389 3791 2492 3871 οὐχ
2545 3791 2698 3846 ἱκανὰ
2751 3791 2817 3848 τὰ
2858 3790 3001 3869 παρὰ
3043 3800 3138 3849 τοῦ
3192 3788 3506 3869 ἆντιῤῥόπου
3564 3789 3753 3868 μέρους
3811 3791 3912 3847 ἆν-

2272 3879 2588 3956 τιτιθέμενα.
2623 3879 2752 3937 Οὔτε
2795 3879 2894 3958 γὰρ
2952 3879 3320 3956 πραγματικὸς
3377 3882 3521 3942 θεῖος
3565 3880 3725 3945 τύπος
3778 3883 3915 3936 κατα

2271 3974 2376 4023 τῶν
2403 3969 2552 4024 θείων
2591 3967 2826 4023 κανόνων
2893 3967 3126 4047 ἰσχύσει,
3181 3968 3254 4030 ὡς
3310 3967 3504 4024 ἄνωθεν
3559 3965 3912 4048 διατετράνω-

2272 4079 2384 4137 ται,
2420 4057 2537 4112 οὔτε
2580 4056 2689 4132 μὴν
2745 4053 3026 4127 καταδίκη,
3080 4055 3242 4132 ὁμόσε
3306 4053 3482 4132 νόμων
3534 4058 3619 4112 καὶ
3677 4059 3913 4115 κανόνων

2273 4151 2543 4225 χωροῦσα,
2577 4144 2850 4213 ἐπαινετή,
2896 4145 2954 4200 Εἰ
3001 4144 3100 4222 γὰρ
3141 4143 3228 4199 καὶ
3265 4144 3325 4198 τὸ
3369 4144 3653 4220 σημείωμα
3696 4149 3794 4212 τῆς
3855 4146 3915 4202 ἐκ

2276 4241 2406 4291 Θεοῦ
2474 4231 2742 4309 βασιλείας
2796 4253 2911 4304 σου,
2966 4235 3230 4311 τεχνικῶς
3291 4231 3380 4287 καὶ
3430 4230 3719 4310 ῥητορικῶς
3775 4256 3915 4290 καιτ-

2274 4324 2602 4403 εσκεύασται,
2660 4324 2749 4379 καὶ
2804 4323 3025 4380 πιθανὸν
3087 4319 3236 4378 δοκεῖ
3290 4333 3409 4384 τοῖς
3456 4321 3682 4386 πολλοῖς
3717 4337 3732 4353 ⁶
3791 4323 3915 4381 ἀλλ’

543 4403 698 4465 torie
759 4404 972 4467 factum
1006 4413 1114 4481 est,
1151 4424 1222 4466 ac
1255 4404 1422 4484 vulgo
1448 4403 1624 4466 ﬁdem
1659 4405 1876 4466 mereri
1908 4403 2138 4465 videtur
2171 4420 2185 4466 :

2272 4411 2416 4470 ούπω
2443 4414 2530 4468 καὶ
2586 4410 2825 4492 δυνατὸν,
2882 4411 3074 4486 νόμους
3118 4408 3326 4467 ἀνελεῖν
3381 4411 3468 4466 καὶ
3524 4411 3769 4485 κανόνας,
3828 4415 3918 4470 καὶ

541 4511 660 4554 non
691 4503 886 4556 tamen
907 4502 965 4556 et
985 4494 1145 4574 leges
1172 4503 1346 4574 atque
1381 4511 1638 4557 canones
1684 4503 1949 4556 evertere
1973 4501 2184 4574 potest,

542 4589 599 4642 at
631 4583 934 4646 veritatem
985 4592 1318 4646 succutere.
1370 4582 1517 4644 Nam
1567 4588 1858 4662 argutatio
1919 4590 1977 4645 et
2005 4583 2186 4644 ratio-

543 4669 900 4748 cinationes,
937 4691 1006 4734 ex
1035 4672 1108 4733 iis
1141 4680 1552 4754 sumptae,quze
1580 4672 1887 4734 hominum
1922 4670 2188 4751 opinioni

543 4767 961 4824 consentanea:
988 4761 1424 4837 videntur,cum
1461 4780 1578 4822 non
1601 4761 1719 4821 sint
1741 4779 1758 4836 ;
1783 4761 1957 4840 longe
1975 4759 2188 4821 absunt

543 4866 577 4908 a
604 4866 744 4910 vero
775 4861 952 4930 atque
975 4849 1241 4913 scientia.
1276 4851 1400 4913 Nec
1453 4851 1629 4928 longa
1659 4849 2024 4910 consuetudo
2053 4850 2186 4910 efti-

543 4937 659 4999 ciet
687 4948 1044 5019 unquam,ut
1093 4939 1343 5021 id,quod
1401 4939 1474 5002 ab
1521 4938 1690 5000 initio
1719 4938 2040 5000 subsistere
2070 4957 2188 4999 non

544 5027 752 5106 potuit,
788 5027 978 5090 locum
1032 5027 1267 5090 habeat.
1318 5027 1485 5088 Tunc
1535 5027 1690 5088 enim
1749 5027 1921 5111 longa
1953 5045 2190 5106 quoque

544 5118 919 5181 consuetudo
949 5119 1065 5179 vim
1098 5118 1246 5195 legis
1273 5116 1521 5192 obtinet,
1541 5116 1774 5198 quando
1801 5111 2188 5198 praeterquam

545 5205 704 5285 quod
765 5205 1069 5269 curatione
1127 5223 1247 5267 non
1299 5217 1542 5286 pugnat,
1595 5223 1707 5268 nec
1764 5205 1953 5284 legem
1985 5207 2189 5270 everti.

544 5293 621 5356 At
649 5313 786 5356 cum
817 5295 929 5357 hoc
961 5295 1134 5356 modo
1165 5294 1318 5356 sacri
1364 5313 1622 5356 canones
1651 5303 2010 5377 evertantur,
2043 5316 2191 5377 qua-

545 5399 683 5444 nam
738 5384 969 5446 ratione
1017 5382 1403 5460 consuetudo,
1467 5401 1595 5461 quae
1652 5382 1738 5446 sic
1788 5385 2045 5465 irrepsit,
2081 5385 2191 5448 ad-

544 5471 862 5533 mittetur?
883 5470 1029 5534 Nam
1078 5471 1215 5535 audi
1239 5471 1388 5551 legis
1415 5470 1594 5532 verba
1625 5489 1638 5533 :
1676 5471 1877 5544 «Quod
1909 5491 2027 5534 non
2059 5493 2192 5536 cum

543 5559 778 5623 ratione
809 5561 1212 5624 introductum
1269 5568 1376 5639 est,
1405 5559 1509 5622 sed
1536 5579 1642 5641 per
1673 5579 1941 5623 errorem
1975 5571 2033 5624 et
2056 5582 2193 5626 cou-

548 5650 924 5715 suetudinem
940 5651 1194 5714 obtinuit
1214 5651 1273 5712 in
1294 5649 1588 5712 similibus
1601 5651 1796 5714 valere
1812 5669 1930 5712 non
1951 5652 2148 5722 debet.
2164 5680 2189 5719 ι

2270 4503 2366 4569 τὴν
2398 4501 2648 4572 ἀλήθειαν
2689 4513 3027 4562 κατασεῖσαι.
3089 4499 3392 4578 Σοφιστεία,
3450 4498 3573 4579 γὰρ,
3639 4501 3726 4556 καὶ
3780 4501 3918 4559 συλ-

2270 4589 2537 4668 λογισμοὶ,
2568 4589 2628 4646 ἐκ
2670 4588 2994 4668 φαινομένων
3027 4586 3266 4662 ἐνδόξων,
3301 4587 3380 4663 μὴ
3431 4585 3596 4644 ὄντων
3650 4587 3727 4662 δὲ,
3785 4590 3922 4670 πόρο

2269 4681 2344 4757 ῥω
2372 4686 2465 4736 τοῦ
2495 4677 2642 4744 ὄντος
2688 4681 2777 4736 καὶ
2813 4680 3116 4754 ἐπιστήμης
3160 4679 3309 4739 εἰσίν.
3367 4675 3516 4734 Ἀλλ’
3572 4677 3686 4737 οὐδὲ
3739 4683 3920 4759 μακρὰ

2270 4771 2536 4849 συνήθεια,
2607 4769 2668 4825 τὸ
2725 4768 2978 4848 ἀπαρχῆς
3034 4766 3413 4846 ἀνυπόστατον,
3484 4767 3557 4830 εἰς
3631 4769 3917 4826 ὑπόστασιν

2269 4856 2376 4923 ἄξει
2437 4857 2586 4917 ποτέ.
2663 4858 2792 4914 Τότε
2844 4858 2942 4936 γὰρ
2985 4857 3100 4912 καὶ’
3128 4858 3162 4924 ἡ
3218 4856 3392 4934 μακρὰ
3441 4857 3686 4925 συνήθεια
3770 4857 3918 4916 οὐδὲν

2274 4949 2432 5013 ἦττον
2468 4947 2630 5023 νόμου
2671 4959 2880 5026 κρατεῖ,
2932 4943 3058 5000 ὅταν
3104 4946 3234 5023 πρὸς
3287 4949 3364 5016 τῷ
3393 4943 3470 5019 μὴ
3513 4942 3790 5022 ἀλόγιστος
3821 4948 3916 5004 εἷ-

2273 5059 2376 5110 ναι,
2427 5037 2513 5092 καὶ
2542 5035 2702 5112 νόμον
2753 5035 2849 5091 οὐκ
2893 5034 3105 5114 ἀναιρῇ,
3149 5029 3270 5088 Ὧδε
3313 5029 3367 5087 δὲ
3407 5035 3512 5087 τῶν
3567 5034 3719 5090 θείων
3777 5035 3916 5092 ἀνα-

2271 5124 2609 5204 τρεπομένων
2663 5125 2921 5199 κανόνων,
2982 5123 3117 5196 ποίῳ
3171 5119 3413 5201 λογισμῷ
3470 5124 3714 5192 συνήθεια
3769 5123 3917 5201 λαμ-

2273 5211 2502 5271 ϐάνουσα
2556 5211 2885 5292 παρείσδυσιν
2938 5209 3443 5291 προσδεχθήσεται,
3529 5207 3760 5290 Ἀκούσῃ
3817 5214 3918 5293 γὰρ

2274 5309 2367 5360 τοῦ
2398 5302 2563 5378 νόμου
2592 5301 2840 5380 λέγοντος
2873 5321 2888 5338 ’
2946 5323 2970 5357 ε
3008 5302 3079 5358 Τὸ
3137 5299 3217 5376 μὴ
3277 5299 3410 5376 μετὰ
3439 5297 3695 5379 λογισμοῦ
3723 5303 3921 5360 alaeve-

2275 5391 2425 5471 χθὲν,
2486 5389 2622 5446 ἀλλὰ
2673 5391 2810 5447 κατὰ
2865 5389 3074 5456 πλάνην
3139 5389 3229 5444 καὶ
3279 5389 3552 5458 συνήθειαν
3620 5396 3916 5470 κρατῆσαν,

2276 5480 2335 5536 ού
2391 5478 2474 5536 δεῖ
2515 5492 2730 5556 κρατεῖν
2779 5477 2831 5535 ἐν
2889 5490 3006 5544 τοῖς
3059 5479 3284 5552 ὁμοίοις.
3319 5498 3348 5532 ι
3397 5480 3504 5536 Οὐκ
3544 5475 3835 5555 ἀγνοοῦμεν
3863 5478 3918 5535 δὲ

2274 5571 2362 5626 καὶ
2431 5569 2495 5627 τὰ
2572 5564 2697 5646 παρ’
2783 5566 2930 5624 ἐνίων
3009 5564 3406 5645 προσφερόμενα
3473 5566 3634 5646 πικρὰ
3705 5567 3920 5646 ῥήματα

2275 5661 2340 5715 τὰ
2393 5656 2748 5730 σπουδάζοντα
2805 5655 3002 5737 δωρεὰν
3051 5653 3418 5715 ἀποδεικνύειν
3470 5653 3773 5736 βασιλικὴν,
3823 5657 3923 5725 τὴν
