4192 6220
293 441 414 507 881

299 583 404 634 τῶν
450 574 784 645 Ἐκκλησίῶν
842 575 1161 636 ἐπανάϐασιν
1196 595 1210 611 '

295 667 492 733 ταύτην
549 666 950 746 ἀνατρέπεσθαι,
1019 666 1178 744 λόγου
1234 669 1574 749 ἀχαριστείας
1615 669 1694 744 μὴ
1737 690 1948 744 παρεμ-

297 757 604 819 πίπτοντος.
681 758 739 812 Ei
811 757 911 834 γὰρ
981 757 1259 837 ἀνθρώπῳ,
1331 760 1480 839 φησὶ,
1543 757 1865 836 δωρούμενος
1922 759 1950 812 ὁ

295 841 564 921 βασιλεὺς,
599 847 693 903 οὒκ
723 843 897 908 ἄλλως
943 843 1298 920 ἀναλαμϐάνει
1352 849 1450 913 τὴν
1505 845 1725 925 δωρεὰν,
1770 847 1814 900 εἱ
1871 845 1947 918 μὴ

297 932 610 1011 ἀχαριστίας
697 933 1024 1012 παρεμπέσοι
1100 933 1286 1015 λόγος,
1345 934 1531 1008 πολλῳ
1588 933 1791 1009 μᾶλλον
1863 932 1947 988 ἐπὶ

297 1027 403 1076 τῶν
475 1023 636 1100 ἁγίων
707 1020 1063 1103 Ἐκιλησιῶη
1122 1024 1202 1104 ἐφ’
1262 1024 1336 1082 ὣν
1378 1024 1692 1104 ἀχαριστίαν
1747 1021 1940 1100 λέγειν,

302 1113 395 1167 οὒκ
443 1109 680 1189 εἷ’)λογον,
728 1117 939 1189 Πρῶτον
991 1112 1087 1186 μὲν
1150 1113 1248 1193 γὰρ
1306 1116 1435 1189 πρὸς
1478 1114 1573 1178 τὰς
1623 1109 1832 1190 πόλεις,
1891 1109 1950 1165 ού

301 1200 431 1275 πρὸς
474 1200 565 1263 τὰς
624 1197 909 1265 ἐκκλησίας
970 1202 1003 1267 ἡ
1060 1201 1312 1276 βασιλικὴ
1366 1200 1554 1280 δωρεά.
1635 1201 1689 1257 Εἰ
1747 1198 1801 1254 δὲ
1861 1199 1949 1254 καὶ

299 1286 412 1354 θείη
442 1310 526 1351 τις
565 1295 718 1344 τοῦτο
769 1287 1078 1364 βιαζόμενος
1121 1287 1316 1369 δωρεὰν
1377 1291 1542 1364 εἶναι,
1604 1287 1782 1344 ἄδικον
1851 1290 1951 1345 αὖ·

299 1375 396 1442 τὴν
426 1377 652 1454 εὑρήσει,
687 1375 774 1432 καὶ
801 1375 953 1450 νόμοι
976 1377 1350 1457 ἀπρόσδεκτον,
1381 1382 1534 1436 Οὗτοι
1561 1378 1660 1457 γὰρ
1689 1373 1948 1438 κωλύουσι

299 1465 507 1527 καὶτὰς
542 1464 746 1527 ἀδίκους
778 1465 1035 1544 αἰτήσεις,
1081 1467 1170 1523 καὶ
1225 1468 1320 1532 τὰς
1364 1466 1675 1546 προχείρους
1733 1465 1948 1542 εὐεργε-

300 1552 438 1625 σίας,
472 1554 544 1618 εἷς
597 1551 774 1608 ἄλλων
818 1550 1019 1628 βλάϐην
1078 1554 1413 1634 αἰτουμένας,
1474 1555 1801 1634 χαρίζεσθαι.
1856 1551 1952 1609 Καὶ

299 1638 396 1714 ἔτι,
431 1642 524 1698 οὒκ
579 1639 870 1720 ὀφείλουσιν
922 1641 1118 1721 ἑτέροις
1163 1657 1299 1699 εἴναι
1342 1645 1612 1720 ἐπιζήμιοι
1659 1645 1708 1699 αἱ
1760 1638 1950 1718 ἐτέρων

297 1729 470 1804 τιμαί,

1644 446 2206 511 ΘΗᾸΕΟΟ-ΒΟΜΑΝ
2215 451 2346 512 UM.

1269 584 1356 637 καὶ
1399 581 1477 656 μὴ
1533 580 1645 637 δεῖν
1686 580 1946 659 φάσκοντα

2032 578 2241 658 Neque
2271 597 2408 641 vero
2438 581 2777 661 ignoramus
2806 584 3020 647 acerba
3062 585 3264 648 isthaac
3312 583 3512 659 verba,
3545 603 3677 666 quas

3563 455 3681 520 883

2032 684 2066 725 a
2126 667 2428 729 nonnullis
2481 671 2865 750 proferuntur
2921 673 3137 754 quibus
3187 672 3438 754 probare
3468 673 3677 735 nitun-

2033 761 2150 830 tur,
2179 755 2566 818 ecclesiarum
2616 759 2687 821 ad
2731 761 2941 822 altiora
2971 762 3433 842 provectionem,
3468 781 3682 825 munus

2032 860 2163 930 esse
2193 843 2683 924 imperatorium;
2738 850 2893 930 quod
2943 849 3408 913 rescindendum
3439 860 3679 928 negant,

2029 929 2258 992 ratione
2309 932 2704 1011 ingratudinis
2759 929 2879 998 non
2931 938 3385 1000 interveniente.
3426 936 3575 1000 Nam
3631 937 3681 999 si

2031 1018 2257 1080 homini
2290 1020 2545 1099 largiens
2576 1024 2800 1105 aliquid
2830 1027 3172 1106 imperator,
3211 1026 3508 1104 inquiunt,
3562 1043 3682 1088 non

2031 1106 2205 1167 aliter
2229 1107 2586 1173 beneﬁcium
2617 1131 2788 1175 suum
2821 1127 3084 1188 revocat,
3139 1113 3254 1175 nisi
3285 1133 3458 1177 causa
3477 1114 3682 1192 ingra-~

2035 1194 2304 1258 titudinis
2346 1197 2648 1277 inciderit,
2705 1201 2892 1264 multo
2945 1202 3131 1282 magis
3175 1202 3236 1263 id
3267 1202 3461 1265 locum
3504 1202 3684 1266 habet

2032 1283 2092 1343 in
2134 1284 2319 1346 sacris
2346 1290 2566 1350 sanctis
2597 1290 2890 1371 ecclesiis,
2944 1309 3088 1371 quas
3117 1291 3552 1369 ingratitudinis
3581 1293 3679 1354 in-

2031 1372 2311 1434 simulare
2345 1376 2516 1450 velle,
2569 1377 2891 1441 absurdum
2926 1379 3127 1444 fuerit.
3152 1379 3388 1444 Atenim
3422 1380 3679 1461 primum

2035 1481 2149 1522 non
2177 1462 2250 1524 ad
2284 1464 2589 1541 ecclesias,
2651 1467 2754 1529 sed
2785 1467 2859 1530 ad
2913 1467 3178 1530 civitates
3208 1469 3323 1530 hoc
3353 1469 3680 1549 imperato-

2033 1549 2186 1610 rium
2247 1550 2604 1616 beneﬁcium
2658 1563 2911 1637 spectat.
2943 1556 3114 1629 Quod
3172 1555 3224 1617 si
3254 1557 3508 1619 maxime
3552 1557 3684 1638 quis

2035 1645 2234 1715 ponat,
2244 1659 2352 1719 per
2379 1641 2492 1702 vim
2527 1651 2908 1724 extorqueas,
2963 1662 3096 1707 esse
3125 1643 3531 1705 donationem.
3560 1643 3682 1706 Re-

2033 1725 2223 1814 periet
2272 1728 2575 1810 injustam,
2611 1740 2668 1794 et
2693 1733 2924 1812 legibus
2971 1735 3234 1794 vetitam.
3261 1732 3492 1814 Quippe
3519 1732 3684 1814 leges

302 1817 622 1896 prohibent
653 1817 904 1899 injustas
934 1836 1164 1900 preces,
1197 1837 1265 1882 ac
1311 1818 1512 1882 faciles
1558 1816 1932 1890 donationes,
1968 1813 2029 1874 in
2080 1813 2328 1878 aliorum
2361 1820 2570 1900 petitas
2603 1820 3050 1903 detrimentum,
3084 1821 3354 1884 concedi.
3392 1813 3684 1894 Praeterea

302 1923 423 1965 non
457 1905 679 1970 debent
707 1910 959 1973 aliorum
992 1909 1248 1971 honores
1278 1907 1412 1970 aliis
1443 1926 1575 1970 esse
1601 1903 1895 1969 damnosi.

377 1995 482 2064 Τῆς
536 1997 829 2062 ὑποθέσεως
902 1999 990 2056 οὖν
1049 1998 1216 2064 οὕτως
1286 1997 1552 2074 ἐπιμελῶς
1605 1997 1946 2068 ζητηθείσης,

2115 1990 2483 2077 Quapropter
2542 1999 2650 2061 hac
2704 2017 2881 2062 causa
2930 2007 3048 2060 tam
3104 1998 3422 2076 diligenter
3451 2001 3678 2062 exami-

302 2085 478 2162 χρεὼν
519 2086 756 2168 πάντως,
798 2088 1039 2145 Θεσπέσιε
1081 2087 1318 2166 βασιλεῦ,
1367 2087 1464 2154 τὴν
1496 2084 1772 2163 ἀλόγιστον
1816 2083 1946 2138 ταύ-

298 2193 396 2237 την
445 2174 530 2229 καὶ
573 2173 750 2232 ἀδικον
808 2174 992 2256 πρᾶξιν
1033 2175 1164 2238 τέως
1209 2178 1282 2240 εἷς
1320 2176 1418 2242 τὴν
1476 2174 1600 2242 ἐΞῆς
1656 2173 1944 2246 ἀνακόψαι,

296 2259 447 2315 θείων
487 2265 858 2337 θεσπισμάτων
903 2263 1248 2341 ἐκτιθεμένων
1304 2265 1445 2342 παρὰ
1502 2265 1600 2329 τῆς
1663 2267 1760 2328 σῆς
1804 2263 1946 2334 ἡμε-

297 2349 543 2426 ρότητος,
577 2353 806 2429 γίνεσθαι
854 2354 1049 2421 ταύτην
1109 2352 1386 2411 τουλοιποῦ
1447 2349 1759 2408 κωλυόντων
1815 2351 1945 2404 καθ-

297 2437 433 2504 άπαξ
467 2457 484 2474 ⁸
525 2447 630 2496 τῶν
660 2443 1118 2522 προηγησαμένων
1148 2440 1201 2497 δὲ
1248 2442 1614 2521 προσήκουσαν
1670 2440 1757 2494 καὶ
1807 2459 1942 2492 κατ-

297 2524 532 2594 άλληλον
619 2535 684 2606 τῇ
754 2529 1179 2610 μεγαλεπηϐόλῳ
1249 2529 1452 2589 συνέσει
1523 2551 1636 2602 σου,
1725 2531 1941 2592 ποιῆσαι

295 2615 616 2692 οἰκονομίαν.
696 2621 793 2676 Καὶ
848 2619 965 2676 ὅσαι
1033 2626 1139 2675 τῶν
1190 2619 1487 2686 ἐκκλησιῶν
1547 2616 1598 2682 ἐξ
1652 2619 1938 2672 ἐπισκοπι-

294 2709 401 2759 κῶν
445 2703 655 2762 δικαίων
701 2710 771 2772 εἷς
828 2709 1099 2786 ὑπεροχὴν
1156 2707 1537 2787 μητροπόλεων
1593 2705 1933 2782 ἀναχθεῖσαι,

293 2792 626 2872 ὑπερήλασαν
675 2795 974 2860 ἀδιακόπως
1030 2799 1113 2852 καὶ
1174 2797 1274 2863 τὴν
1330 2795 1547 2875 χρονίαν
1601 2792 1948 2872 παραγραφὴν

295 2886 392 2947 τῆς
461 2883 1000 2964 τριακονταετηρίδος,
1090 2884 1388 2960 μενέτωσαν
1477 2883 1561 2939 ἐπὶ
1638 2882 1942 2961 σχήματος,

297 2974 384 3030 καὶ
426 2981 494 3051 τῇ
539 2977 662 3053 ἁγίᾳ
716 2979 805 3034 καὶ
863 2976 1072 3056 μεγάλη
1129 2987 1221 3036 τοῦ
1264 2983 1394 3033 Θεοῦ
1441 2973 1734 3045 Ἐκκλησία
1776 2971 1946 3028 ἔστω-

297 3084 393 3118 σαν
433 3065 794 3140 ὑποκείμεναι,
856 3064 1074 3132 Ἐπειδὴ
1118 3068 1204 3122 καὶ
1255 3072 1409 3122 τοῦτο
1466 3065 1751 3144 προνόμιον
1822 3061 1944 3117 ἐπι-

298 3154 574 3231 σκοπικὸν,
622 3156 708 3210 καὶ
777 3155 991 3220 κανόνες
1048 3156 1172 3211 εἰσὶν
1213 3154 1606 3233 ἐπιτρέποντες,
1674 3150 1945 3221 δεσπόζειν

2030 2089 2186 2169 nata,
2221 2093 2452 2164 oportet
2514 2087 2781 2163 omnino,
2817 2087 3015 2150 divine
3071 2089 3415 2169 imperator,
3451 2105 3678 2151 morem

2028 2168 2350 2234 absurdum
2383 2187 2440 2236 et
2469 2175 2525 2237 in
2527 2177 2752 2255 justum
2771 2177 2981 2238 saltem
3003 2177 3064 2238 in
3089 2168 3390 2257 posterum
3412 2173 3678 2259 abolere,

2028 2275 2226 2320 sacras
2277 2264 2730 2326 mansuetudine
2759 2272 2857 2326 tua
2903 2265 3243 2327 sanctiones
3285 2273 3678 2348 proponente,

2028 2346 2242 2426 quibus
2274 2351 2537 2413 edicatur
2566 2352 2628 2414 in
2661 2354 3028 2422 universum,
3064 2373 3140 2416 ne
3170 2351 3453 2432 deinceps
3481 2346 3678 2416 locum

2030 2435 2238 2498 habeat
2276 2456 2288 2500 :
2325 2458 2390 2500 ac
2421 2441 2495 2502 de
2523 2441 2618 2516 iis,
2651 2462 2782 2522 quas
2829 2450 2966 2504 ante
2997 2444 3121 2505 haec
3149 2439 3541 2519 contigerunt,
3571 2461 3677 2523 pro

2027 2542 2133 2585 sua
2163 2527 2448 2606 singulari
2501 2538 2557 2590 et
2614 2531 2856 2591 heroica
2899 2531 3236 2611 prudentia,
3299 2527 3675 2609 disponente.

2025 2611 2328 2706 Quotquor
2357 2616 2532 2677 etiam
2568 2617 2834 2680 ecclesiae
2856 2619 2956 2698 jus
2997 2620 3335 2702 episcopale
3371 2627 3534 2706 prius
3564 2621 3678 2681 ha-

2024 2699 2255 2778 bentes,
2286 2713 2346 2766 et
2373 2706 2444 2766 ad
2473 2707 2857 2768 eminentiam
2889 2699 3389 2788 metropoliticam
3434 2720 3676 2784 evectae,

2034 2789 2352 2853 cilrainter
2369 2793 2762 2856 turbationem
2784 2796 2962 2858 ullam
2995 2799 3336 2877 prieteriere
3359 2799 3680 2864 terminum

2032 2880 2219 2957 longae
2250 2883 2712 2962 praescriptionis
2736 2903 3027 2948 annorum
3061 2887 3299 2969 triginta
3331 2889 3432 2952 :in
3466 2889 3677 2952 eadem

2031 2969 2372 3060 conditione
2425 2981 2725 3046 maneant,
2783 2981 2840 3034 et
2896 2983 3112 3037 sanctae
3165 2995 3515 3060 magnaeque
3572 2977 3683 3042 Dei

2027 3053 2308 3146 Ecclesiae
2364 3059 2617 3123 subditae
2647 3061 2787 3123 sint.
2821 3053 3313 3146 Quandoquidem
3361 3053 3474 3130 hoc
3503 3067 3680 3130 etiam

2028 3145 2363 3227 episcopale
2417 3150 2790 3230 privilegium
2853 3163 2962 3231 est,
2995 3161 3053 3214 et
3090 3145 3340 3219 exstant
3393 3175 3676 3233 canones,

297 3238 620 3298 ἐππίσκοπον
679 3245 965 3322 προνοίιίου
1033 3243 1212 3322 ἑτέρας
1274 3241 1593 3310 Ἐκκλησίας
1651 3239 1734 3296 διὰ
1780 3262 1946 3323 παρα-

2032 3235 2127 3314 qui
2182 3238 2552 3316 permittunt,
2629 3251 2694 3302 ut
2748 3241 3061 3323 episcopus
3114 3245 3358 3307 alterius
3413 3245 3685 3309 eaclesiaa

296 3326 492 3404 δρομῆς
533 3337 640 3386 τῶν
685 3319 976 3410 είρημένων
1002 3331 1280 3391 ἐνιαυτῶν.
1342 3335 1482 3398 Φησὶ
1537 3332 1635 3409 γὰρ
1673 3332 1701 3385 ὁ
1732 3319 1800 3400 ιζ’
1841 3350 1944 3384 κα-

2032 3326 2468 3403 praerogativam
2521 3319 2814 3391 dictorum
2878 3319 3169 3393 annorum
3251 3333 3510 3396 decursu
3565 3333 3684 3395 sibi

298 3419 402 3472 νὼν
456 3424 554 3484 τῆς
604 3423 660 3475 ἐν
719 3419 1018 3487 Χαλκηδόνι
1089 3420 1324 3494 συνόδου,
1387 3421 1484 3486 τὴς
1542 3415 1658 3474 καθ’
1718 3418 1944 3482 ἑκάστην

2032 3411 2307 3476 vindicet.
2352 3415 2548 3495 Inquit
2605 3419 2761 3478 enim
2796 3436 2985 3479 canon
3032 3437 3153 3484 xvn
3185 3421 3394 3502 synodi
3424 3423 3676 3485 Chalce-

297 3503 580 3572 ἐκκλησίαν
639 3508 943 3587 ἀγροικικάς
1010 3508 1309 3588 παροικίας,
1367 3508 1402 3576 ἢ
1458 3507 1772 3585 ἐγχωρίους,
1844 3503 1946 3580 μέ-

301 3615 405 3648 νειν
490 3594 942 3672 ἆπαροσαλεύτους
1033 3599 1174 3676 παρά
1256 3610 1376 3658 τοῖς
1459 3596 1776 3674 κατέχουσιν
1859 3595 1948 3649 αύ-

297 3683 390 3745 τάς
449 3683 781 3759 ἐπισκόποις,
828 3688 915 3741 xxi
971 3685 1221 3762 μάλιστα,
1269 3687 1311 3741 εἷ
1368 3689 1744 3764 τριακονταετῆ
1817 3684 1950 3762 χρό-

299 3793 385 3835 νος
429 3773 617 3836 ταύνας
675 3771 937 3838 ἀϐιάστως
1009 3773 1410 3853 διακατέχοντες
1465 3773 1844 3848 ὠκονόμησαν.
1890 3777 1950 3831 Εἰ

297 3857 352 3914 δὲ
400 3859 544 3924 ἐντὸς
575 3861 678 3916 τῶν
720 3863 997 3939 τριάκοντα
1052 3863 1301 3921 ἐνιαυτῶν
1355 3862 1578 3940 γένηταί
1627 3883 1707 3923 τις
1767 3861 1802 3929 ἢ
1847 3860 1948 3938 γέ-

301 3970 444 4004 νοιτο
480 3951 598 4027 περὶ
631 3951 800 4006 αὖτῶν
852 3949 1272 4030 ἀμφισϐήτησις,
1334 3949 1526 4016 ἐξεῖναι
1581 3963 1695 4014 τοῖς
1755 3948 1949 4028 λέγου-

299 4057 382 4092 σιν
432 4037 730 4118 ἠδικῆσθαι,
776 4041 893 4116 περὶ
949 4041 1144 4096 τούτων
1202 4053 1372 4096 κινεῖν
1433 4039 1574 4118 παρὰ
1629 4045 1697 4116 τῇ
1754 4035 1952 4110 συνόδῳ

298 4131 397 4192 τῆς
469 4127 754 4206 ἐπαρχίας.
831 4123 888 4183 ἐξ
949 4151 1048 4184 τινι
1111 4129 1232 4201 θείῳ
1287 4129 1468 4185 κανόνι
1541 4129 1631 4184 καὶ
1687 4129 1721 4196 ἡ
1773 4127 1824 4183 ἐν
1876 4134 1953 4201 τῷ

301 4213 548 4292 Τρούλλῳ
588 4224 680 4274 τοῦ
721 4214 975 4272 παλατίου
1024 4223 1254 4273 συστᾶσα
1297 4218 1419 4294 ἁγία
1462 4214 1670 4282 σύνοδος
1726 4214 1809 4272 διὰ
1863 4224 1954 4274 τοῦ

301 4292 390 4358 κε’
440 4305 660 4368 κανόνος
728 4303 1146 4372 ἐπηκολούθησε.
1195 4307 1299 4369 Τάς
1441 4309 1595 4362 τοῦτο
1666 4305 1948 4378 παθούσας,

2030 3499 2568 3576 donensis,rurales
2586 3508 2673 3568 vel
2708 3507 3101 3586 provinciales
3144 3499 3434 3589 parcecias
3468 3509 3674 3590 singu-

2030 3587 2216 3649 larum
2251 3592 2635 3654 ecclesiarum
2691 3597 3074 3658 inconcussas
3103 3587 3166 3659 in
3199 3615 3410 3661 eorum
3442 3587 3678 3680 episco-

2033 3697 2242 3756 porum
2278 3689 2630 3760 potestatem
2666 3701 2930 3759 manere,
2955 3685 3055 3764 qui
3077 3705 3178 3750 eas
3205 3687 3580 3768 possideant:
3613 3707 3684 3751 ac

2035 3770 2443 3846 praesertim,si
2476 3789 2576 3832 eas
2623 3789 2914 3833 annorum
2971 3774 3213 3852 triginta
3245 3778 3464 3856 spatio,
3518 3777 3684 3840 nulla

2033 3857 2470 3941 interveniente
2525 3861 2602 3933 vi,
2638 3861 3031 3941 possidentes,
3065 3865 3564 3928 administrarint.
3615 3867 3683 3929 Si

2033 3956 2170 3998 vero
2202 3939 2354 3999 intra
2384 3941 2516 4002 illos
2546 3939 2735 4003 annos
2766 3941 2843 4003 3O
2881 3943 2972 4004 vel
2998 3943 3298 4022 inciderit,
3335 3948 3424 4009 vel
3456 3947 3684 4010 incidat

2033 4027 2224 4107 aliqua
2259 4030 2334 4089 de
2354 4029 2440 4090 eis
2470 4029 2755 4092 dubitatio
2787 4051 2801 4106 ;
2825 4029 3006 4093 licere
3026 4031 3459 4111 dicentibus,se
3479 4055 3683 4118 passos

2034 4115 2337 4195 injuriam,
2375 4128 2433 4178 ut
2464 4119 2537 4180 de
2599 4119 2691 4180 his
2749 4120 2902 4199 apud
2934 4121 3229 4201 synodum
3257 4115 3682 4203 provincialem

2036 4212 2226 4283 agant.
2261 4203 2446 4277 Quem
2482 4225 2716 4268 sacrum
2747 4226 3035 4270 canonem
3084 4219 3285 4273 sancta
3314 4231 3550 4295 quoque
3580 4233 3682 4296 sy-

2037 4292 2226 4353 nodus
2276 4294 2337 4353 in
2394 4295 2596 4356 Trullo
2651 4296 2849 4377 palatii
2903 4297 3126 4374 habita,
3161 4292 3392 4363 canonu
3440 4292 3566 4364 ixv
3592 4292 3686 4365 est

303 4390 440 4466 μηδὲ
525 4394 707 4472 χρόνῳ
773 4393 1155 4474 βοηθουμένας,
1227 4395 1633 4474 ἐπαναστρέφειν
1714 4394 1946 4474 ἀναμφι-

2035 4391 2257 4474 secuta.
2285 4383 2522 4474 Quibus
2575 4394 2771 4446 autem
2833 4387 2944 4447 hoc
2998 4388 3327 4466 contigerit.
3365 4389 3417 4452 si
3444 4399 3682 4471 tempo-

303 4447 312 4466 δ
370 4447 381 4458 ⁵
528 4447 621 4472 hri
680 4447 697 4466 δέ
773 4447 1155 4474 .‘VVFV'VVVVW‘,
1230 4447 1416 4451 inﬂinﬁ
1442 4447 1624 4474 'V'T"'
1719 4447 1910 4474 HiV‘vT’

300 4479 497 4544 λέκτως
543 4483 614 4546 εἰς
651 4484 716 4537 τα
777 4486 881 4538 τ’ὖν
939 4483 1143 4540 οἰκείων
1189 4483 1571 4563 μητροπόλεων
1612 4481 1808 4545 δίκαια,
1864 4483 1946 4550 Μὴ

2034 4471 2117 4531 ris
2139 4472 2568 4535 adminiculum
2621 4475 2846 4536 nullum
2911 4447 3200 4552 habeant”;
3251 4480 3396 4540 citra
3439 4447 3682 4540 contra-

486 4539 495 4544 7
600 4539 612 4546 .
951 4539 954 4540 7
1130 4539 1134 4540 7
1189 4539 1201 4558 ι
1255 4539 1266 4550 .
1304 4539 1322 4563 .7
1418 4539 1424 4540 7
1559 4539 1562 4540 7
1794 4539 1808 4545 -
1939 4539 1946 4550 .

301 4569 603 4647 ταραττέτω
675 4570 729 4626 δὲ
801 4571 899 4640 τὴν
985 4573 1238 4650 κραταιὰν
1306 4574 1394 4629 καὶ
1476 4573 1625 4650 ἁγίαν
1683 4570 1946 4648 βασιλείαν

2036 4561 2353 4621 dictionem
2387 4564 2458 4624 ad
2503 4581 2741 4623 suarum
2793 4539 3206 4646 metropolium
3246 4567 3383 4646 jura
3409 4568 3679 4631 redeant.

317 4623 389 4647 ’"f
424 4623 595 4625 'iﬁ'ﬁ
683 4623 726 4626 ’⁷
814 4623 890 4640 ’⁷⁵⁷
987 4623 1231 4650 ”Γ“””⁷“’
1309 4623 1394 4629 ’“’””
1479 4623 1620 4650 ’⁷1⁷⁷⁷
1683 4623 1943 4648 F"""""'

301 4680 416 4724 σου,
451 4660 511 4714 τὸ
541 4660 674 4715 κατά
712 4661 998 4740 φαντασίαν
1028 4662 1480 4740 παρεισαγόμενον
1512 4661 1728 4734 ἀτοπον,
1802 4663 1888 4716 καὶ
1918 4662 1946 4728 ἡ

2036 4648 2237 4730 Neque
2268 4669 2403 4710 vero
2439 4661 2857 4732 prwpotentem
2892 4623 3274 4733 san‘ctamque
3314 4655 3682 4732 maiestatem

303 4745 528 4803 δοκοῦσα
572 4752 933 4826 προσγίνεσθαι
993 4763 1114 4812 ταῖς
1173 4749 1479 4816 ἐκκλησίαις
1537 4747 1702 4827 ὕϐρις,
1753 4749 1946 4824 ἀτιμα-

2039 4725 2195 4799 tuam
2231 4757 2299 4800 ea
2330 4725 2526 4800 turbet
2556 4725 3052 4820 absurditas,quae
3082 4725 3282 4820 spe-cie
3323 4725 3494 4806 ten-us
3523 4764 3682 4827 prae-

303 4837 547 4910 ζομέναις
608 4838 785 4914 ὥσπερ
843 4845 918 4912 τῷ
973 4839 1298 4933 ὑφαδοεῒσθαι
1364 4846 1457 4894 του
1513 4835 1946 4916 μητροπολιτικοῦ

2041 4827 2466 4905 ιρηιιὶιυνηιιθο
2522 4830 2904 4904 contumelia,
2957 4848 3087 4909 quae
3116 4829 3352 4893 videtur
3403 4832 3684 4899 Ecclesiis

304 4924 625 5001 ἀξιώμχτος,
1021 4916 1025 4917 ⁷
1084 4916 1109 4933 '
2035 4916 2314 4994 irrogari;
2351 4937 2483 4978 cum
2509 4918 2749 4978 infamia
2771 4918 2938 4999 quasi
2962 4919 3154 4980 notari
3170 4919 3502 5000 videantur,
3538 4923 3680 4987 dum

2038 5005 2422 5086 metropolica
2449 5007 2702 5085 dignitas
2734 5007 2789 5068 ei
2819 5007 3118 5070 adimitur.

2117 5096 2247 5158 Non
2279 5095 2434 5155 enim
2469 5095 2749 5175 probrum
2781 5105 2869 5157 est
2900 5097 3158 5175 legitime
3188 5097 3495 5180 quidpiam
3515 5100 3686 5162 amit-

2040 5191 2161 5243 tere
2198 5201 2210 5244 :
2249 5183 2350 5244 sed
2385 5203 2416 5244 e
2447 5185 2751 5272 contrario,
2799 5184 2994 5264 potius
3043 5185 3190 5247 illud
3219 5186 3494 5262 alterum,
3527 5189 3686 5272 quod

2039 5290 2202 5331 more
2236 5281 2473 5352 novo,et
2505 5280 2718 5360 praeter
2741 5271 2901 5350 leges
2932 5274 3339 5340 committitur.
3366 5277 3440 5339 Et
3461 5271 3688 5360 depre-

2040 5360 2288 5450 hensum
2306 5373 2402 5450 est
2432 5359 2657 5450 aliquid
2695 5360 2808 5422 tale
2837 5360 3050 5424 factum
3083 5362 3158 5426 de
3188 5366 3484 5430 sententia
3502 5359 3685 5450 sino-

2042 5448 2252 5510 daliet
2302 5449 2679 5529 imperatorio
2730 5450 2971 5514 decreto
3029 5453 3498 5519 corroboratum.
3530 5448 3682 5522 Nam

389 5107 496 5161 Οὔκ
577 5103 685 5160 ἐστι
769 5105 868 5184 γὰρ
951 5111 1105 5161 τοῦτο
1209 5101 1376 5180 ὕϐρις,
1486 5105 1548 5158 τὸ
1628 5104 1953 5184 ὑφαιρεῖσθαι

308 5189 570 5264 ἐνθέσμως
616 5212 632 5226 ⁶
679 5193 976 5251 τοῦναντίον
1033 5191 1087 5248 δέ
1147 5192 1349 5269 μᾶλλον
1392 5193 1452 5248 τὸ
1508 5192 1706 5271 ἕτερον,
1766 5193 1826 5247 τὸ
1855 5191 1951 5246 ἐκ·

309 5277 485 5359 φύλως
529 5282 616 5336 καὶ
659 5280 925 5357 ἐκθέσμως
994 5283 1294 5361 γινόμενον.
1370 5280 1569 5360 Εὕρέθη
1635 5281 1733 5358 γάρ
1777 5302 1824 5334 τι
1867 5281 1955 5335 καὶ

309 5379 545 5427 τοιοῦτον
601 5370 885 5448 γενόμενον
963 5371 1125 5450 κρίσει
1198 5368 1466 5445 συνοδικη,
1545 5369 1632 5424 καὶ
1704 5368 1956 5450 ἐπικρίσει

311 5456 562 5534 βασιλικῇ
592 5459 839 5538 κυρωθέν,
887 5448 1137 5547 Τῆςὶγὰρ
1195 5458 1492 5525 ἐπισκοπῆς
1541 5464 1635 5514 τοῦ
1707 5448 1957 5528 Ῥοιζαίου
2042 5448 2252 5510 daliet
2302 5449 2971 5562 imperatoria‘decreto
3027 5448 3565 5562 corroboratum.h

311 5547 412 5602 ὑπὸ
467 5548 559 5602 τὸν
631 5537 947 5629 Καισαρείας
996 5537 1303 5627 ξτελούσης,
1389 5549 1475 5604 καὶ
1537 5545 1946 5626 ἀρχιεπισκοπῆε

2047 5558 2179 5599 cum
2227 5540 2596 5642 episcopatus
2652 5541 2906 5642 Rhoez‘asi
2955 5543 3064 5605 sub
3096 5544 3379 5642 (ἔθεσι-θεέ
3403 5549 3686 5642 pontiﬁce

308 5633 600 5713 γενομένης
658 5638 802 5715 παρὰ
858 5635 1125 5716 Γερμανοῠ
1167 5641 1260 5694 τοῦ
1302 5634 1640 5714 ὁμολογητοῦ
1697 5636 1787 5691 καὶ
1853 5659 1946 5692 πα-

2049 5629 2132 5708 ﬁt,
2166 5636 2224 5690 et
2242 5629 2790 5712 archiepiscopatus
2808 5631 3014 5694 fuisset
3044 5652 3080 5694 a
3099 5634 3416 5712 Germauo,
3443 5637 3685 5702 confes-

316 5725 595 5806 τριάρχου,
644 5727 731 5782 καὶ
776 5731 866 5783 τοῦ
905 5724 991 5782 ἐπ’
1052 5725 1247 5784 ἐκείνου
1303 5725 1692 5804 βασιλεύοντος,
1752 5725 1946 5806 χρόνοις

2050 5736 2185 5781 sore
2214 5736 2281 5780 ac
2303 5717 2676 5800 patriarcha;
2719 5718 2948 5802 subque
2977 5722 3245 5806 principe
3274 5725 3378 5810 qui
3405 5725 3688 5792 Germani
