4192 6220
485 340 612 434 ’883
1845 378 1977 443 ms
2016 379 2133 441 CA1

2215 380 2486 446 NICUM.
3745 374 3861 440 884

485 517 754 597 tempore
781 505 1284 597 prafuitfimperio
1318 528 1331 565 :
1359 507 1630 571 ducentis
1650 516 1784 589 post
1804 510 1999 591 annis,
2022 509 2131 572 sub

2215 509 2497 582 διακοσίοις
2564 514 2802 597 ὕστερον,
2884 515 2970 574 ἐπὶ
3027 513 3392 597 Θεοφυλᾴκτου
3458 519 3551 572 τοῦ
3620 509 3858 587 ἂοιδίμου

486 593 712 684 celebri
764 594 1095 684 patriarcha
1145 594 1607 677 Theophylacto,
1667 598 1841 676 jussu
1885 598 2133 661 Romani

2218 604 2573 684 πατριάρχου,
2618 593 2850 661 κελεύσει
2918 593 3179 682 βασιλέως
3237 594 3508 679 Ῥωμανοῦ
3561 607 3657 659 τοῦ
3723 619 3859 677 πρε-

491 682 746 774 senioris
773 683 1174 774 imperatoris,
1211 701 1431 774 preces
1462 685 1752 749 offerente
1797 686 2133 769 Nicephoro

2217 682 2485 771 σϐυτερου,
2531 692 2582 759 ἐξ
2638 695 2896 765 αἰτήσεως
2966 694 3266 774 Νικηφόρου
3336 692 3502 765 τινὸς,
3562 687 3857 765 ποιμενάρ-

491 770 769 849 quodam,
803 780 1040 852 pastore
1071 772 1343 855 principe
1389 773 1883 858 Neocaesariensi,
1916 778 2135 839 consti-

491 866 679 920 tutum
737 867 828 921 est
879 859 1137 923 tribunal
1193 864 1430 925 mistum
1488 883 1557 927 ex
1625 866 2020 946 pontiﬁcibus,
2077 873 2137 927 et

490 946 681 1035 doctis
706 946 851 1010 viris
905 950 1243 1028 senatoriis,
1300 952 1510 1015 eodem
1569 955 1924 1035 patriarcha,
1957 973 2132 1035 quem

487 1034 764 1113 diximus,
826 1038 1201 1118 praesidente.
1256 1040 1382 1113 Quo
1431 1042 1491 1103 iu
1536 1043 1762 1122 judicio
1805 1034 2133 1105 secundum

486 1125 1007 1207 metropolitanum
1040 1138 1128 1190 est
1167 1132 1634 1210 pronuntiatum.
1666 1132 1791 1195 Hoc
1822 1133 2132 1195 manifesto

488 1224 654 1295 paret
702 1232 773 1277 ex
801 1215 1039 1279 illorum
1100 1218 1537 1295 snbnotatione,
1571 1222 1673 1302 qui
1723 1222 1799 1283 de
1826 1239 2003 1286 causa
2028 1240 2133 1283 co-

486 1312 860 1383 gnoverunt;
909 1306 1101 1388 deque
1143 1318 1528 1373 monumento
1582 1310 1726 1372 dicti
1760 1311 2130 1391 patriarchae,

486 1399 544 1453 et
599 1411 781 1455 aurea
836 1393 1000 1457 bulla
1048 1396 1501 1477 imperatorum,
1552 1400 1831 1474 Romani,
1875 1398 2133 1462 Christo-

488 1479 683 1560 phori,
714 1493 774 1543 et
795 1484 1168 1546 Constantini
1189 1485 1541 1565 obsignante
1573 1488 1860 1567 judicata.
1881 1486 1999 1549 Nec
2028 1486 2134 1549 abs

486 1584 554 1630 re
582 1568 822 1648 quidem
854 1570 1114 1652 benigne
1154 1573 1502 1654 imperator.
1537 1575 1684 1638 Nam
1715 1575 1872 1657 quod
1911 1575 2133 1639 factum

487 1660 582 1720 est
611 1657 1211 1740 male,corrigendum
1230 1671 1319 1724 est
1340 1662 1514 1725 bene.
1551 1664 1650 1726 Sic
1680 1664 1956 1744 equidem
1988 1682 2132 1725 sen-

488 1744 591 1809 tio.
626 1744 725 1809 Sic
742 1749 1083 1828 pronuntio,
1117 1750 1404 1813 doctrinis
1424 1770 1459 1813 a
1481 1752 1804 1832 majoribus
1826 1751 1992 1833 quasi
2025 1769 2132 1832 per

2215 803 2320 860 χου
2385 784 2790 864 Νεοκαισαρείας
2871 784 3253 864 τυγχάνοντος,
3341 780 3671 854 δικαστήριον
3752 777 3856 835 ἆν-
3952 856 3960 868 Ι

2216 868 2343 937 ἐστη
2374 871 2658 951 συμμιγὲς,
2690 871 2750 929 ἔκ
2777 894 2835 929 τε
2883 871 3198 952 ἀρχιερέων,
3243 872 3330 928 καὶ
3370 868 3665 949 ἒλλογίμων
3719 889 3854 943 συγ-

2214 958 2499 1037 κλητινῶν,
2560 962 2960 1042 προκαθημένου
3033 964 3119 1018 καὶ
3174 960 3331 1018 αὐτοῦ
3372 965 3508 1039 ,τοῦ
3579 955 3856 1037 εἶρημένου

2215 1050 2566 1130 πατριάρχου.
2620 1052 2719 1109 Καὶ
2763 1053 2798 1119 ἡ
2857 1056 3055 1108 νικῶσα
3098 1057 3171 1125 τῷ
3226 1044 3595 1128 μητροπολίτῃ
3648 1043 3801 1110 ἐδόθη
3836 1061 3854 1080 ⁸

2214 1138 2496 1216 παρίστησι
2580 1141 2733 1219 τοῦτο
2822 1146 3042 1219 τρανῶς.
3127 1140 3189 1195 τὸ
3269 1144 3374 1195 τῶν
3457 1133 3854 1192 δικαιωσάντων

2215 1228 2524 1303 σημείωμα,
2582 1218 2680 1285 καῖ
2720 1218 3014 1304 ὑπόμνημα
3052 1234 3145 1286 τοῦ
3187 1226 3432 1305 ῥηθέντος
3496 1223 3855 1305 πατριάρχου»

2214 1317 2302 1372 καὶ
2368 1302 2755 1396 χρυσόϐουλλος
2822 1302 2981 1395 λόγος
3042 1323 3148 1374 τῶν
3188 1302 3484 1392 βαςιλὲων,
3561 1302 3858 1387 ιΡωμεινοῦ,

2215 1410 2591 1488 Χριστοφόρου,
2673 1410 2761 1465 καὶ
2842 1407 3254 1481 Κωνσταντίνου,
3339 1405 3725 1486 ἐπισφραγίζων
3789 1402 3879 1457 τὰν

2213 1496 2518 1575 κεκριμένα,
2553 1498 2651 1554 Καὶ
2692 1498 2934 1571 εἰκότως,
2995 1494 3249 1576 φιλάγαθε
3308 1493 3545 1572 βασιλεῦ.
3622 1492 3693 1549 Τὸ
3751 1490 3859 1568 γὰρ
3956 1488 3965 1495 ’

2213 1587 2390 1650 κακῶς
2447 1584 2754 1664 γενόμενον,
2827 1584 2942 1643 δέον
3005 1583 3347 1664 διορθωθῆναι
3430 1581 3633 1645 καλῶς.
3704 1578 3863 1638 Οὕτω

2213 1680 2407 1753 φρονῶ.
2481 1674 2658 1739 οὕτως
2743 1675 3119 1756 ἀποφαίνομαι,
3178 1686 3302 1737 ταῖς
3371 1666 3861 1750 πατροπαραδότοις

2213 1759 2567 1829 διδασκαλίαις
2620 1770 2725 1820 τῶν
2781 1764 2941 1842 ἁγίων
3014 1764 3274 1844 θεοφόρων
3357 1759 3603 1840 Πατὲρων
3661 1757 3863 1832 ἑπόμε-

487 1851 697 1933 manus
726 1838 988 1933 acceptis
1017 1847 1357 1901 sanctorum
1381 1840 1830 1922 afﬁatorumque
1852 1840 2132 1903 divinitus

2215 1873 2325 1920 νος.
2387 1853 2473 1907 καὶ
2526 1865 2644 1916 τοῖς
2699 1838 2862 1933 ἱεροΐς
2918 1853 3007 1910 καὶ
3046 1838 3203 1917 θείοις
3258 1850 3441 1908 κανόσι
3493 1838 3751 1927 στοιχιῖη,
3785 1847 3867 1904 Οὔ

484 1922 727 1985 Patrum
756 1923 1135 2002 insistens,et
1151 1936 1559 1992 sacrosanctos
1576 1948 1833 1991 canones
1853 1946 2128 2009 sequens.

479 2010 607 2075 Nec
636 2012 799 2074 enim
830 2022 1126 2092 sanctum,
1160 2034 1272 2079 nec
1303 2019 1531 2098 justum
1577 2019 1764 2092 duco;
1795 2018 1949 2099 quod
1972 2018 2134 2097 juste

486 2102 1047 2182 sanctequefactum
1080 2124 1195 2167 non
1245 2116 1357 2171 est.
1410 2106 1540 2169 Non
1586 2108 1763 2169 etiam
1813 2107 2132 2168 multorum

489 2188 802 2270 opiniones
856 2202 1080 2270 metuo,
1135 2196 1238 2276 qui
1286 2215 1382 2258 me
1422 2197 1624 2259 volunt
1656 2215 1959 2258 concessa;
1990 2193 2135 2256 mihi

487 2278 772 2343 divinitus
789 2280 1071 2346 Ecclesiae
1096 2284 1542 2365 privilegiorum
1569 2285 1860 2348 rationem
1884 2285 2129 2359 habere,

489 2388 603 2431 nec
633 2388 704 2431 ea
735 2371 823 2432 vel
846 2373 1267 2452 negligere,vel
1286 2384 1508 2437 temere
1541 2372 1951 2453 prodere.Non
1974 2371 2132 2433 enim

483 2459 598 2521 hoc
629 2460 975 2540 pontiﬁcum
1007 2470 1117 2533 est,
1164 2470 1230 2524 ut
1264 2464 1601 2526 necessario
1632 2471 1837 2544 putent
1868 2459 2138 2523 ecclesiae

491 2564 616 2609 suae
646 2547 952 2629 privilegia
1001 2549 1117 2611 sibi
1168 2551 1317 2614 citra
1368 2552 1687 2615 discrimen
1735 2550 1972 2624 tuenda,
2021 2557 2137 2609 tam

483 2639 673 2718 justa,
708 2658 884 2721 quam
939 2641 1161 2723 injusta
1196 2664 1209 2704 :
1243 2644 1345 2705 sed
1379 2664 1510 2726 quae
1551 2645 1713 2725 justa
1740 2651 1897 2717 sunt,
1955 2640 2140 2702 invio-

492 2725 694 2789 labilia
735 2737 1013 2809 praestare
1063 2730 1323 2808 debent;
1388 2725 1625 2812 injustis
1681 2749 1819 2794 vero
1898 2730 2136 2793 cedere.

490 2814 637 2878 Nam
669 2817 771 2898 qui
801 2836 1140 2882 sermonem
1196 2821 1458 2883 veritatis
1502 2828 1665 2883 recte
1689 2838 1892 2884 secare
1922 2819 1997 2881 de
2027 2820 2139 2879 do-

489 2903 701 2968 ctrinis
751 2907 1045 2969 sermonis
1102 2909 1210 2971 Dei
1268 2907 1715 2990 Servatoris'que
1762 2908 1948 2970 nostri
1995 2907 2137 2971 Jesu

2214 1939 2314 2018 γὰρ
2356 1938 2522 2020 ὅσιον,
2584 1938 2697 1998 οὐδὲ
2754 1938 2949 1998 δίκαιοι
3003 1938 3235 2019 ἥγημαι,
3294 1940 3354 1996 τὸ
3399 1938 3478 2013 μὴ
3535 1935 3746 2020 δικαίως
3801 1955 3870 1990 τε

2214 2031 2303 2085 καὶ
2345 2018 2517 2094 ὁσίως
2558 2032 2841 2109 γενόμενον
2873 2046 2889 2062 ·
2951 2018 3135 2087 οὐκοῦν
3179 2018 3293 2087 ούδὲ
3342 2027 3571 2107 πέφρικα
3605 2018 3699 2087 τὰς
3755 2030 3869 2079 τῶν

2215 2116 2429 2175 πολλῶν
2470 2118 2787 2200 ὑπολήψεις,
2848 2117 3127 2185 ἀξιούντων
3190 2139 3258 2194 με
3312 2121 3421 2173 τῶν
3476 2114 3570 2182 τῆς
3612 2113 3674 2170 ἐκ
3730 2119 3871 2168 Θεοῦ

2215 2204 2499 2275 δεδομένης
2556 2231 2648 2283 μοι
2699 2207 2985 2275 ἓκκλησίας
3042 2208 3425 2264 ἀντιποιεῖσθαι
3483 2205 3571 2261 καὶ
3635 2202 3712 2278 μή
3753 2224 3867 2258 κα·-

2217 2294 2468 2370 ταμελεϊν
2525 2297 2843 2377 προνομίων,
2904 2299 2992 2354 καὶ
3048 2296 3280 2359 εὐκόλως
3334 2305 3499 2355 ταῦτα
3559 2293 3865 2373 προίεσθαι,

2218 2385 2291 2441 Οὔ
2358 2386 2458 2464 γάρ
2513 2385 2624 2442 ἐστι
2687 2389 2793 2442 τῶν
2848 2384 3170 2466 ἀρχιερέων,
3230 2385 3303 2447 ὡς
3372 2384 3664 2461 ἐπάναγκες
3710 2381 3863 2436 εἶναι

2217 2474 2323 2529 τῶν
2377 2476 2476 2541 τῆς
2546 2476 2741 2538 οἰκείας
2823 2474 3110 2542 ἒκκλησίας
3190 2474 3487 2552 προνομίων
3569 2467 3872 2548 ἀδιαφόρως

2219 2560 2530 2641 ἀντέχεσθαι
2581 2561 2788 2619 δικοίων
2846 2584 2903 2619 τε
2958 2562 3068 2638 ἅμα
3121 2564 3209 2618 καὶ
3278 2560 3477 2618 ἀδίκων
3510 2575 3525 2590 ·
3605 2556 3743 2614 ἀλλᾶ
3800 2557 3873 2612 τὸ.

2221 2649 2318 2725 μὲν
2387 2650 2558 2709 δίκαια
2626 2651 2901 2731 φυλάττειν
2986 2648 3261 2723 ἆλώϐητα,
3361 2656 3467 2707 τῶν
3545 2646 3600 2704 δὲ
3670 2644 3869 2702 ἀδίκων

2220 2738 2558 2820 ὑπεκχωρετν
2609 2742 2696 2798 καὶ
2766 2741 3082 2819 ἐξὶστασθαι.
3154 2742 3227 2799 Ού
3266 2740 3365 2819 γὰρ
3427 2741 3519 2795 τὸν
3576 2741 3673 2803 τῆς
3716 2735 3866 2801 ἀλη-

2218 2827 2358 2891 θείας
2412 2828 2569 2909 λόγον
2647 2831 2954 2907 ὀρθοτομετν
3038 2832 3098 2886 ἔκ
3165 2834 3269 2886 τῶν
3355 2824 3687 2905 διδαγμάτων
3765 2828 3869 2889 τῆς

2217 2913 2592 2986 αὐτοαληθείας
2660 2927 2755 2978 τοῦ
2810 2920 2981 2995 Λόγου
3037 2926 3167 2977 Θεοῦ
3232 2918 3320 2974 καὶ
3388 2921 3635 2994 Σωτῆρος
3707 2913 3870 2988 ἡμῶν

489 2990 733 3088 Christi,
768 2994 869 3075 qui
897 2995 1113 3059 veritas
1141 2997 1271 3077 ipsa
1300 3005 1411 3072 est,
1446 2999 1688 3060 omnino
1713 2997 1864 3078 jussi
1907 3015 2131 3073 sumus,

2218 2997 2395 3072 Ἰησοῦ
2464 3015 2688 3088 Χριστοῦ
2759 3007 2988 3073 κοθάπαξ
3062 3004 3489 3082 κεκελευσμένοι,
3548 3006 3642 3061 οὒκ
3690 3000 3859 3065 ,ἀναί-

490 3099 616 3173 n_on_
660 3083 835 3164 plane
882 3084 1036 3164 apud
1096 3085 1280 3149 Deum
1339 3095 1613 3166 expertes
1660 3087 1883 3149 erimus
1924 3085 2132 3166 culpae.

2222 3118 2322 3153 τιοι
2366 3083 2575 3162 πάντως
2634 3096 2861 3173 ἐσόμεθα
2928 3102 3000 3171 τῷ
3068 3102 3204 3172 Θεῷ,
3266 3097 3309 3150 εἰ
3364 3094 3623 3172 προύργου
3692 3100 3863 3150 ταῦτα

489 3170 543 3232 si
564 3169 639 3234 ob
657 3172 844 3235 animi
866 3176 1049 3236 nostri
1099 3175 1373 3238 affectum
1408 3175 1533 3237 haec
1559 3175 1725 3237 lucra
1754 3174 2134 3238 sectabimur.

486 3258 572 3322 Ac
629 3279 738 3323 nos
786 3262 1054 3344 quidem,
1106 3282 1142 3326 a
1189 3263 1406 3344 quibus
1450 3267 1789 3327 necessario
1820 3264 2133 3343 ﬁagitatur,

491 3356 557 3412 ut
580 3349 793 3413 divinis
823 3352 1133 3434 praeceptis
1156 3360 1215 3415 et
1247 3353 1667 3416 traditionibus
1694 3352 1955 3427 Patrum,
1991 3351 2138 3413 nihil

491 3438 777 3502 ducamus
822 3440 1147 3523 antiquius,
1209 3442 1315 3505 sed
1372 3460 1443 3505 ea
1495 3461 1599 3523 pro
1642 3441 1865 3503 viribus
1922 3440 2139 3502 nostris

486 3526 716 3592 illibata
746 3547 1053 3593 servemus
1079 3551 1095 3609 ;
1126 3530 1212 3593 sic
1243 3539 1302 3593 et
1330 3531 1713 3608 sentimus,et
1734 3530 2133 3593 decernimus.

480 3619 681 3685 Velim
730 3638 891 3701 vero,
925 3628 1025 3683 tua
1056 3639 1293 3702 quoque
1325 3622 1421 3702 pia
1472 3620 1977 3701 serenissimaque
2007 3637 2136 3680 ma-

479 3708 668 3788 jestas
696 3726 823 3771 rem
859 3708 1220 3782 consideret,
1251 3709 1531 3792 quodque
1561 3710 1714 3774 facto
1762 3710 1939 3772 fuerit
1965 3726 2135 3789 Opus,

484 3796 704 3861 faciat:
761 3805 943 3879 atque
994 3798 1108 3860 hoc
1161 3799 1338 3861 modo
1390 3800 1669 3880 majestas
1705 3809 1804 3863 tua
1843 3799 1926 3879 id,
1980 3797 2139 3879 quod

490 3884 734 3947 omnino
764 3894 824 3947 et
848 3887 1339 3966 reprehensionis
1367 3896 1426 3949 et
1470 3887 1731 3949 scandali
1761 3905 1973 3970 expers
2002 3886 2134 3962 erit,

486 3979 606 4035 tam
636 3972 828 4054 ipsius
876 3973 1008 4050 Dei,
1043 3993 1219 4056 quam
1249 3992 1551 4040 sacrorum
1606 3995 1898 4039 canonum
1924 3994 2135 4057 respe-

491 4069 612 4145 ctu,
638 4068 853 4125 servet.

1104 4176 1322 4243 LUCIE
1365 4178 1516 4260 (es).

481 4294 576 4361 Ne
603 4295 815 4359 clerici
842 4294 1123 4373 auferant
1150 4310 1248 4376 ea,
1296 4309 1429 4373 quae
1457 4294 1537 4356 ad
1564 4296 1843 4372 ecclesias
1872 4295 1967 4359 vel
1998 4297 2131 4376 ept-

848 4392 1056 4456 scopos
1081 4375 1405 4438 morientes
1431 4377 1753 4456 pertinent.

557 4574 744 4640 Mensi
795 4574 994 4639 Martii
1048 4573 1146 4637 die
1200 4590 1263 4651 x,
1310 4573 1461 4637 feria
1516 4592 1559 4651 ι,
1614 4576 1973 4658 praesidente
2004 4595 2134 4638 san-

488 4664 753 4727 ctissimo
784 4663 1029 4728 domino
1086 4672 1291 4727 nostro
1324 4670 1383 4725 et
1428 4663 1747 4728 universali
1779 4665 2132 4746 patriarcha,

482 4753 725 4817 domino
757 4754 1015 4829 Luca,in
1053 4752 1282 4815 dextris
1317 4750 1613 4815 Alexiacis
1638 4755 2126 4829 catechumeniis,

479 4842 885 4907 assidentibus
932 4842 994 4904 in
1045 4842 1301 4905 concilio
1365 4858 1594 4918 magna;
1621 4842 1808 4923 ipsius
1839 4843 2132 4906 sanctitati

478 4931 896 4995 sacratissimis
926 4928 1306 5012 pontiﬁcibus
1336 4928 1710 5013 Caesariensi,
1736 4930 2130 5010 Heracliensi,

478 5021 846 5096 Amasiensi,
874 5020 1186 5097 Melitenae,
1238 5018 1784 5097 Thessalonicensi,
1816 5020 2128 5084 Neocaesa-

477 5109 687 5189 riensi,
722 5109 999 5193 Myrensi,
1032 5108 1313 5185 Mocisso,
1364 5109 1663 5187 Cretensi,
1712 5110 2132 5191 TrajanOpoli-

478 5205 642 5277 tano,
696 5199 1161 5283 Hierapolitano,
1224 5196 1386 5273 1Eni,
1438 5197 1707 5280 Dristrae,
1737 5198 2129 5279 Nazianzeno,

476 5286 784 5371 Abydeno,
839 5288 1093 5365 Milesio,
1173 5286 1478 5369 Selybriae,
1533 5286 1745 5369 Bizyze,
1806 5292 2125 5368 Maroneae,

477 5378 662 5456 Parii,
709 5379 821 5460 Cii,
864 5385 1046 5464 Apro,
1097 5377 1282 5454 Nicw,
1341 5375 1615 5455 Gottbiae,
1670 5379 2127 5458 Matrachorum,

2219 3183 2304 3241 διὰ
2344 3186 2507 3251 πάθος
2549 3188 2615 3243 τὰ
2668 3184 2826 3265 κέρδη
2875 3186 3192 3260 ποιήσομεν.
3244 3184 3342 3242 Καὶ
3382 3184 3546 3256 ἡμεῖς
3604 3181 3700 3255 μὲν
3744 3204 3867 3256 μη-

2219 3272 2303 3332 δὲν
2333 3274 2708 3354 προτιμότερον
2736 3279 2842 3330 τῶν
2895 3274 3046 3329 θείων
3088 3271 3315 3329 ἐντολῶν
3369 3271 3458 3326 καὶ
3499 3269 3604 3325 τῶν
3661 3272 3869 3347 Πατρι-

2219 3367 2326 3420 κῶν
2395 3362 2733 3443 παραδόσεων
2804 3374 2977 3419 ποιεῖν
3034 3360 3313 3439 ἐξανάγκες
3369 3356 3686 3439 ὀφείλοντες,
3743 3354 3866 3413 ἀλλ’

2220 3451 2575 3527 ἆμενάπτωτα
2606 3459 2770 3509 ταῦτα
2807 3448 3108 3530 φυλάττειν,
3169 3452 3243 3513 ὡς
3299 3446 3540 3523 δύναμις,
3584 3444 3722 3501 οὕτω
3776 3447 3867 3502 καὶ

2219 3549 2440 3617 νοουμεν
2469 3542 2556 3597 ναὶ
2586 3541 2884 3620 δριζόμεθα.
2931 3538 3267 3606 Σκοπησάτω
3324 3534 3379 3593 δὲ
3420 3537 3507 3592 καὶ
3548 3537 3609 3591 τὸ
3652 3532 3865 3598 εὖσεϐὲς

2217 3630 2305 3686 καὶ
2348 3628 2692 3709 παγγάληνον
2721 3628 2910 3707 κράτος
2941 3649 3055 3701 σου,
3086 3628 3175 3685 καὶ
3200 3624 3603 3701 οἱκονομησάτω
3630 3625 3689 3680 τὸ
3719 3622 3862 3679 δέον·

2220 3719 2308 3775 καὶ
2338 3720 2366 3774 ὃ
2396 3719 2606 3782 πάντως
2638 3716 2939 3793 ἄμεμπτον,
2973 3718 3060 3774 καὶ
3088 3716 3450 3796 ἀπρόσκοπον,
3471 3714 3559 3769 καὶ
3588 3714 3715 3792 πρὸς
3734 3713 3866 3767 Θεὸν

2223 3808 2402 3885 αὐτὸν,
2435 3810 2524 3864 καὶ
2554 3809 2683 3889 πρὸς
2713 3807 2836 3870 τοὺς
2865 3806 3032 3887 ἱεροὺς
3061 3804 3286 3869 κανόνας
3317 3799 3618 3883 διαφυλάξαι
3646 3802 3680 3869 ἡ
3702 3801 3866 3878 βασι-

2221 3895 2337 3953 λεία
2362 3919 2478 3958 σου.

2914 4182 3163 4237 ΛΟΥΚΑ.

2224 4323 2247 4359 α
2310 4304 2435 4382 Περὶ
2488 4291 2581 4362 τοῦ
2652 4303 2730 4379 μὴ
2800 4301 3191 4382 ἀφαρπάζεσθ-αι
3250 4301 3369 4382 τοὺς
3439 4297 3723 4382 κληρικοὺς
3793 4296 3866 4353 τὰ

2152 4409 2200 4463 D
2294 4376 2417 4463 ταῖς
2540 4376 2920 4457 ἐκκλησίαις,’
2980 4380 3016 4450 ἢ
3129 4379 3438 4443 ἐπισκόποις
3545 4376 3865 4434 {leuabo-tv

2297 4462 2581 4534 ἀνήκοντα.
2629 4483 2658 4522 ι

2297 4580 2437 4646 Μηνὶ
2506 4579 2720 4658 Ματρίῳ
2792 4568 2853 4648 ι’,
2924 4577 3097 4657 ἡμέρᾳ
3142 4566 3216 4653 β’,
3290 4574 3714 4655 προκαθημένου,
3770 4582 3867 4631 τοῦ

2216 4668 2510 4748 ἂγιωτάτου
2539 4671 2692 4744 ἡμῶν
2748 4667 3002 4725 δεσπότου
3055 4666 3142 4722 καὶ
3184 4666 3546 4741 οἱκουμενικοῦ
3598 4661 3865 4739 πατριάρ-

2215 4781 2320 4839 χου
2374 4757 2530 4837 κυροῦ
2584 4763 2780 4830 Λουκᾶ,
2840 4756 2891 4813 ἐν
2947 4770 3063 4819 τοῖς
3123 4752 3313 4820 δεξιοῖς
3355 4752 3684 4818 Ἀλεξιακοϊς
3721 4771 3865 4804 κατ-

2215 4838 2583 4925 ηχούμενίοις,
2643 4843 3075 4924 συνεδριαζόντων
3146 4848 3215 4919 τῇ
3296 4839 3506 4920 μεγάλῃ
3589 4838 3864 4918 ἁγιωσύνῃ

2216 4940 2368 4995 αὐτοῦ
2451 4935 2745 5015 ἱερωτάτων
2826 4930 3142 5012 ἀρχιερέων,
3225 4937 3320 4988 τοῦ
3377 4928 3708 5009 Καισαρείας,
3767 4934 3865 4984 τοῦ

2221 5016 2554 5104 Ἡρακλείας,
2630 5025 2722 5080 τοῦ
2795 5022 3104 5098 Ἀμασείας,
3189 5030 3282 5079 τοῦ
3368 5016 3693 5088 Μελιτηνῆς,
3764 5022 3863 5072 τοῦ

2217 5113 2631 5188 Θεσσαλονίκης,
2703 5118 2795 5169 τοῦ
2853 5109 3281 5189 Νεοκαισαρείας,
3334 5113 3427 5164 τοῦ
3500 5110 3707 5187 Μύρων,
3765 5115 3863 5164 τοῦ

2216 5211 2519 5273 Μωκισσοῦ,
2584 5212 2676 5262 τοῦ
2746 5202 2983 5281 Κρήτης,
3056 5205 3148 5255 τοῦ
3204 5195 3697 5278 Τραϊανουπόλεως,
3764 5204 3863 5252 τοὺ

2217 5284 2583 5372 Ἰεραπόλεως,
2636 5297 2726 5348 τοῦ
2781 5288 2965 5362 Αἴνου,
3025 5294 3117 5345 τοῦ
3163 5289 3434 5366 Δρίστρας,
3479 5284 3572 5372 τού
3626 5291 3864 5356 Ναζιαν-

2212 5369 2325 5462 ζού,
2370 5383 2463 5437 τοῦ
2505 5378 2744 5437 Ἀϐύδου⁶
2806 5387 2896 5436 τοῦ
2952 5375 3214 5457 Μιλήτου,
3258 5378 3352 5434 τοῦ
3394 5369 3710 5453 Σηλυϐρίας,
3770 5376 3869 5431 τοῦ

2029 5538 2283 5607 NOTAE.
2390 5566 2394 5570 ‘

553 5679 684 5763 (25)
710 5678 1126 5761 Gognomeuto.
1147 5675 1615 5759 Chrysobergie,
1649 5676 1725 5739 de
1759 5676 1930 5760 cujus
1961 5682 2135 5740 aetate
2164 5673 2278 5747 lib.
2304 5671 2681 5756 praecedente
2708 5668 2930 5734 dictum
2965 5668 3105 5751 (col.
3135 5667 3312 5750 769).
