4192 6220
318 364 441 436 885

1667 370 1842 434 GRAT.
1851 364 2369 431 CO-ROMANUM

314 501 530 597 Ειζύης,
576 510 670 560 τοῦ
708 502 1035 583 Μαρωνείας,
1082 506 1173 559 τοῦ
1236 502 1451 582 Παρίου,
1522 503 1616 557 τοῦ
1671 503 1819 583 Κίου,
1878 503 1945 559 τοί

2053 497 2614 597 ngdophullorum,
2672 506 2820 597 et":
2857 501 3134 597 Herculis
3179 520 3211 597 ⁸ξ

3579 369 3697 435 886
3723 433 3728 439 .

3273 503 3605 567 astantibus
3635 510 3696 567 et

317 577 539 670 υΑπρω,
573 595 664 646 τοῦ
695 577 879 670 Νίκης,
914 598 1005 649 τοῦ
1051 592 1287 663 Γοτθίας,
1321 577 1448 647 ’τού
1492 577 1818 669 Ματράχων,
1868 593 1945 649 τοῖ

2042 577 2509 668 religiosissimis
2530 588 2848 653 dominicis
2874 588 3379 668 magistratibusi.

313 676 775 758 Σουγδοφούλλων,
818 682 904 737 καί
933 683 1021 737 τοί
1050 681 1154 737 τῶν
1188 670 1471 760 Ἠρακλέος
1506 696 1521 711 ⁸
1554 680 1956 757 παρισταμένων

310 768 410 849 καὶ⁸
439 765 851 847 θεοφιλεστάτων
880 768 1205 827 δεσποτικῶν
1247 769 1552 849 ἀρχόντων,

396 846 453 915 ε0
535 846 812 934 ἱερώτατος
884 846 1355 938 ἀρχιεπίσκοποςη
1390 863 1489 925 τῆς
1571 855 1951 936 μητροπόλεως

314 943 704 1014 Θεσσαλονίκης
744 956 1135 1011 Κωνσταντῖνος
1188 947 1525 1027 περιηχήθη,
1579 944 1659 1001 ὅτι
1728 947 1793 1002 τὰ
1850 952 1949 1015 τῆς

310 1030 587 1114 λαχούσης
674 1036 827 1093 αὐτὸν
897 1035 1282 1115 μητροπόλεως
1352 1034 1573 1115 διάφορα
1638 1034 1947 1116 πράγματα,

310 1125 415 1201 οὐχ
470 1122 629 1191 ἧττον
685 1121 739 1179 δὲ
792 1128 874 1183 καὶ
928 1127 994 1181 τὰ
1062 1126 1139 1201 τῷ
1213 1126 1314 1204 πρὸ
1369 1128 1527 1184 αὐτοῦ
1583 1122 1948 1202 μητροπολίτῃ

309 1210 596 1286 ἀνήκοντα,
662 1212 972 1293 ἀφήρπασάν
1030 1234 1165 1280 τινες
1220 1216 1327 1271 τῶν
1391 1210 1481 1269 ὑπ’
1540 1214 1699 1270 αὐτὸν
1757 1212 1948 1293 κληρι-

307 1305 441 1363 κῶν,
475 1301 575 1359 Καὶ
628 1290 784 1379 ἤρετο
832 1302 1113 1370 συνοδικῶς
1173 1301 1581 1383 προκαθημένης
1641 1306 1739 1369 τῆς
1795 1290 1949 1377 ἡμῶν

309 1391 678 1468 μετριότητος,
739 1391 789 1447 τί
846 1390 943 1473 ἄρα
1002 1391 1184 1469 μέλλει
1258 1390 1620 1470 διαπράξεσθαι
1694 1391 1780 1448 ἐπὶ
1836 1405 1951 1458 τοῖς

256 1504 261 1509 ι
311 1474 453 1533 οὔτω
508 1477 820 1558 παραλόγως
899 1483 972 1544 εἰς
1039 1482 1140 1548 τὴν
1202 1481 1453 1547 τοιαύτην
1521 1478 1702 1551 πρᾶξιν
1775 1479 1949 1547 ἐξενε-

308 1569 510 1646 χθεῖσι.
550 1567 657 1625 Καὶ
682 1567 922 1644 ἤκουσεν,
969 1572 1042 1634 ὡς
1086 1570 1199 1627 ἐπεὶ
1257 1570 1359 1626 ἀπὸ
1413 1567 1675 1649 διαφόρων
1720 1570 1955 1626 κανόνων

306 1655 394 1710 καὶ
420 1653 621 1735 νόμων,
653 1658 726 1710 ὧν
752 1659 836 1713 καὶ
885 1660 913 1715 6
966 1657 1124 1737 λόγός
1156 1657 1441 1737 κατωτέρω
1485 1659 1875 1733 μνησθήσεται,
1907 1657 1955 1715 οἱ

304 1750 525 1799 τοιαῦτα
553 1745 863 1826 πράττοντες
904 1748 1134 1811 εὐθύναις
1189 1746 1583 1826 προσηκούσαις
1619 1747 1946 1821 ὑπόκεινται,

308 1832 397 1888 καὶ
428 1834 475 1889 οἱ
504 1818 605 1899 τῆς
633 1818 754 1890 κᾶτ’
799 1837 953 1894 αὐτὸν
997 1818 1328 1903 Ἐκκλησίας
1375 1834 1640 1914 κληρικοὶ,
1675 1836 1810 1910 μετά
1833 1818 1947 1901 ἐξέέ

310 1942 461 1977 τασιν
488 1920 699 2000 ἀκριϐῆ,
754 1926 841 1980 καὶ
888 1929 987 1991 τῆς
1044 1923 1290 1991 ἀληθείας
1350 1922 1653 2003 διάγνωσιν,
1683 1925 1949 1988 τοιυύταις

308 2007 550 2087 πράξεσιν
579 2011 975 2089 εὑρεθησόμενοι
1006 2012 1213 2092 ἔνοχοι,
1258 2013 1394 2070 κατὰ
1442 2012 1538 2079 τὴν
1568 2015 1673 2068 τῶν
1701 2014 1949 2070 τοιούτων

307 2098 482 2173 νόμων
524 2100 612 2155 καὶ
653 2100 884 2157 κανόνων
940 2102 1250 2181 περίληψιν,
1300 2102 1716 2172 εὖθυνθήσονται.
1781 2106 1839 2161 Οἱ
1895 2100 1950 2158 δὲ

304 2185 521 2253 κανόνες
562 2189 650 2245 καὶ
681 2191 727 2246 οἱ
757 2190 927 2267 νόμοι,
960 2193 1006 2247 οἱ
1034 2192 1155 2255 τοὺς
1183 2198 1398 2251 τοιαῦτα
1443 2191 1764 2270 πράττοντας
1798 2191 1949 2248 εὐθύ-

304 2297 504 2351 νοντες,
537 2274 751 2357 ἔχουσιν
790 2277 955 2343 οὕτως
998 2296 1013 2312 ⁶

385 2455 568 2511 Κανὼν
609 2445 692 2531 οβ’
730 2458 838 2513 τῶτ
869 2456 1030 2534 ἁγίων
1057 2455 1368 2513 ἀποστόλων
1409 2474 1422 2489 ⁸
1476 2453 1546 2513 Εἴ
1586 2478 1667 2520 τις
1696 2455 1948 2535 κληρικὸς

301 2540 338 2609 ἢ
364 2539 552 2607 λα’ἰκὸς
581 2542 686 2601 ἀπὸ
714 2550 813 2611 τῆς
843 2544 995 2623 ἁγίας
1047 2544 1327 2613 ἐκκλησίας
1373 2543 1633 2625 ἀφέληται
1688 2548 1851 2624 κηρὸν
1911 2545 1945 2614 ἢ

301 2628 498 2703 ἔλαιον,
540 2630 860 2713 ἀφοριζέσθω
894 2648 908 2664 ⁸
969 2634 1058 2690 καὶ
1115 2636 1177 2691 τὸ
1218 2634 1548 2710 ἐπίπεμπτον
1592 2633 1946 2714 προπιθέσθω

300 2716 418 2794 μεθ’
447 2721 509 2775 οὗ
534 2718 739 2781 ἔλαϐεν.

380 2812 489 2874 Τῆς
541 2807 594 2863 ἐν
637 2810 844 2889 Γάγγρᾳ
902 2808 1117 2870 συνόδου
1159 2809 1332 2867 κανὼν
1357 2799 1428 2881 ζ’.
1465 2808 1531 2867 Εἴ
1572 2832 1652 2875 τις
1682 2810 1777 2876 τὰς
1819 2833 1944 2891 καρ-

2119 853 2545 917 Sanctissimus
2566 854 3051 937 archiepiscopus
3073 857 3417 938 metropolis
3438 856 3686 920 Thessa-

2034 938 2358 1004 lonicensis
2388 940 2811 1005 Constantinus
2835 944 3082 1023 indigne
3109 963 3175 1006 se
3195 946 3352 1007 ferre
3374 944 3687 1022 clamabat,

2033 1030 2189 1109 quod
2218 1030 2478 1093 diversas
2523 1032 2869 1113 metropolis
2900 1051 3023 1093 suae
3058 1033 3513 1115 res,itidemque
3545 1052 3685 1116 per-

2033 1118 2292 1181 tinentes
2311 1119 2382 1180 ad
2408 1119 2927 1199 metr0politanum
2954 1120 3337 1184 decessorem
3358 1124 3690 1201 suum,cle-

2036 1206 2142 1267 rici
2174 1206 2412 1287 quidam
2443 1206 2555 1269 sibi
2607 1208 2834 1269 subditi
2884 1209 3296 1290 diripuissent.
3328 1212 3401 1273 Et
3428 1211 3689 1276 interro-

2034 1293 2204 1373 gabat
2236 1296 2296 1357 in
2330 1296 2588 1377 synodo,
2622 1297 2974 1377 praesidente
3023 1299 3434 1363 mediocritate
3462 1310 3688 1379 nostra,

2034 1383 2174 1465 quid
2201 1385 2494 1464 agendum
2526 1394 2684 1447 esset
2729 1388 2789 1447 in
2850 1405 2974 1467 eos,
3007 1387 3107 1468 qui
3165 1396 3282 1450 tam
3315 1389 3589 1470 nequiter
3616 1392 3690 1453 ad

2040 1474 2169 1554 ejus
2201 1473 2361 1535 modi
2412 1473 2641 1535 facinus
2690 1474 3145 1540 exorbitassent.
3200 1478 3576 1558 Responsum
3602 1487 3692 1541 est

2038 1562 2217 1643 quod,
2253 1582 2387 1624 cum
2419 1582 2488 1625 ex
2519 1562 2769 1625 diversis
2800 1564 3131 1627 canonibus
3155 1573 3213 1626 et
3241 1565 3496 1645 legibus,
3532 1586 3686 1648 qua-

2038 1669 2169 1712 rum
2192 1651 2438 1713 inferius
2468 1651 2527 1713 in
2561 1652 2673 1713 hoc
2703 1653 2922 1733 scripto
2954 1654 3053 1715 ﬁet
3097 1654 3492 1730 mentio,talia
3520 1674 3690 1717 com-

2038 1739 2344 1803 mittentes
2360 1740 2850 1803 convenientibus
2874 1742 3063 1821 poenis
3086 1742 3325 1806 obnoxii
3341 1744 3486 1818 sint;
3512 1744 3687 1806 etiam

2032 1827 2582 1891 Thessalonicensis
2638 1829 2922 1891 Ecclesize
2952 1830 3177 1905 clerici,
3212 1840 3485 1894 accurato
3520 1832 3684 1912 prius

2032 1918 2307 1978 examine
2364 1916 2586 1992 habito,
2647 1926 2707 1981 et
2760 1917 3008 1979 veritate
3050 1919 3305 1998 cognita,
3361 1919 3412 1982 si
3469 1918 3685 1981 talibus

2031 2005 2395 2067 facinoribus
2456 2005 2696 2067 obnoxii
2753 2005 3150 2086 reperiantur,
3190 2015 3363 2087 prout
3391 2008 3686 2087 ejusmodi

2032 2095 2263 2174 legibus
2312 2103 2368 2155 et
2414 2094 2745 2156 canonibus
2799 2096 3197 2172 contineatur,
3250 2096 3339 2158 rei
3371 2096 3691 2177 paragendi

2034 2182 2189 2260 sint;
2213 2201 2506 2245 canonum
2533 2192 2760 2260 vero,et
2777 2183 3253 2264 legum,quarum
3267 2203 3473 2264 poenas
3490 2185 3696 2247 incur-

2032 2280 2171 2333 runt
2200 2271 2545 2351 hujusmodi
2576 2271 2907 2336 facinorum
2941 2280 3241 2348 auctores,
3276 2273 3402 2336 haec
3434 2281 3523 2337 est
3544 2291 3690 2337 sen-

2034 2360 2238 2423 tentia.

2114 2451 2311 2514 Canon
2341 2467 2504 2513 Lxxu
2564 2456 2905 2512 sanctorum
2960 2449 3367 2530 apostolorum
3404 2466 3416 2509 :
3450 2450 3515 2513 Si
3546 2451 3681 2532 quis

2030 2538 2283 2602 clericus
2312 2546 2412 2600 aut
2464 2539 2648 2602 laicus
2699 2557 2767 2599 ex
2798 2546 2998 2601 sancta
3033 2537 3286 2600 ecclesia
3306 2555 3503 2599 ceram
3534 2539 3680 2602 abs-

2030 2628 2252 2703 tulerit,
2286 2629 2375 2690 vel
2418 2629 2615 2691 oleum
2652 2634 3029 2708 segregator;
3065 2634 3123 2689 et
3156 2634 3369 2708 praeter
3400 2626 3490 2702 id,
3522 2628 3680 2709 quod

2028 2716 2278 2797 accepit,
2315 2716 2787 2799 sesquiquintum
2818 2715 3085 2795 adjiciat.

2108 2808 2309 2870 Canon
2341 2823 2418 2869 vn
2468 2804 2679 2887 synodi
2736 2804 3095 2883 Gangrensis
3130 2824 3142 2864 :
3181 2801 3244 2865 Si
3294 2802 3428 2885 quis
3455 2803 3687 2866 fructus

299 2896 553 2975 ποφορίας
622 2898 716 2962 τὰς
786 2898 1230 2966 ἐκκλησιαστικὰς
1300 2898 1465 2956 ἐθέλοι
1539 2898 1846 2975 λαμϐάνειν,
1904 2901 1940 2969 ἢ

2038 2894 2460 2958 ecclesiasticos
2480 2894 2755 2975 accipere
2783 2892 3058 2966 voluerit,
3086 2898 3185 2954 aut
3214 2891 3356 2953 dare
3379 2899 3542 2955 extra
3571 2910 3677 2956 ec-

302 2982 496 3041 διδόναι
538 2985 639 3052 ἔξω
679 2993 777 3055 τῆς
831 2986 1134 3063 ἐκκλησίας,
1196 2987 1340 3065 παρά
1394 2987 1615 3066 γνώμην
1672 2996 1762 3045 τοῦ
1815 2989 1939 3047 ἐπι·-

2038 2983 2288 3058 :lesiam,
2326 2992 2540 3064 praeter
2568 2980 2924 3044 sententiam
2958 2980 3246 3062 episcopi,
3267 2980 3360 3042 vel
3392 2981 3543 3060 ejus,
3584 2981 3684 3062 qui

301 3074 522 3155 σκόπου,
569 3074 605 3144 ἢ
645 3083 737 3133 τοῦ
804 3075 1269 3157 ἐγκεχειρισμένα)
1321 3077 1386 3132 τὰ
1436 3077 1676 3150 τοιαύτα,
1721 3080 1809 3135 καὶ
1863 3080 1938 3155 μὴ

2038 3072 2161 3133 ,alia
2192 3072 2514 3134 commissa
2534 3078 2814 3147 sunt,nec
2836 3086 3014 3149 agere
3039 3087 3172 3131 cum
3196 3067 3359 3130 illius
3380 3069 3678 3132 voluntate

301 3162 434 3236 μετά
507 3137 735 3241 ’γνωμης
832 3137 989 3224 ἆύτὸἷς
1023 3137 1034 3157 ⁸
1085 3137 1249 3222 ἐθέλοι
1351 3165 1618 3246 πράττειν,
1661 3137 1676 3150 ¹
1706 3137 1941 3244 ἀνάθεμα

2038 3161 2165 3223 velit
2197 3179 2211 3224 :
2247 3161 2562 3223 anathema
2591 3137 2686 3222 sit:

300 3248 459 3311 ἔστω.

380 3343 488 3408 Τῆς
521 3338 574 3395 ἐν
606 3338 906 3408 Χαλκηδόνι
964 3339 1177 3399 συνόδου
1212 3341 1389 3397 κανὼν
1443 3331 1499 3418 β’
1531 3361 1547 3377 ·
1605 3344 1694 3411 Μὴ
1751 3342 1945 3410 ἐξεῖναι

298 3425 560 3506 κληρικῳ.
614 3430 748 3503 μετὰ
810 3429 1032 3486 θάνατον
1094 3438 1185 3489 τοῦ
1239 3427 1367 3487 ἰδίου
1424 3430 1736 3507 ἐπισκόπου,
1794 3431 1945 3513 διαρ-

297 3517 480 3588 πάζειν
507 3518 573 3573 τὰ
602 3515 913 3598 διαφέροντα
959 3522 1103 3594 αότῷ
1147 3519 1454 3599 πρᾴγματα,
1508 3523 1682 3585 καθὼς
1711 3524 1799 3579 καὶ
1827 3536 1946 3589 τοϊς

297 3605 462 3666 πάλαι
518 3607 733 3663 κανόσιν
775 3607 1158 3686 ἀπηγόρευται.
1220 3589 1277 3667 ’ᾗ
1306 3609 1429 3673 τοὺς
1457 3616 1611 3668 τοῦτο
1641 3620 1942 3689 ποιοῦντας,

296 3693 607 3751 κινδυνεύειν
636 3697 709 3761 εἷς
738 3697 859 3759 τοὺς
887 3695 1042 3761 ἰδίους
1072 3698 1326 3774 βαθμούς.

376 3783 483 3853 Ti:
538 3783 593 3840 ἐν
666 3784 1213 3869 Κωνσταντινουπόλει
1269 3787 1323 3842 ἐν
1379 3793 1456 3862 τῷ
1526 3788 1773 3869 Τρούλλῳ
1851 3798 1943 3847 τοῦ

297 3870 558 3930 παλατίου
614 3871 825 3930 συνόδου
867 3876 1040 3931 κανὼν
1097 3864 1178 3931 λε’
1205 3890 1218 3905 ·
1283 3880 1372 3943 Mi
1429 3864 1621 3943 ἒξέστω
1688 3880 1789 3935 τινὶ
1836 3885 1941 3935 τῶν

297 3961 728 4043 μητροπολιτῶν,
828 3962 1179 4028 τελευτῶντος
1272 3964 1563 4021 ἐπισκόπου
1667 3965 1942 4032 τελοῦντος

293 4051 395 4107 ὑπὸ
423 4051 513 4108 τὸν
568 4050 687 4107 κατ’
741 4050 898 4108 αὐτὸν
956 4050 1160 4129 θρόνον,
1223 4053 1289 4109 τὰ
1340 4056 1498 4112 αὐτοῦ
1550 4055 1836 4134 πράγματα
1906 4056 1941 4124 ἢ

292 4144 393 4208 τῆς
461 4136 578 4196 κατ’
649 4140 803 4198 αὗτὸν
861 4139 1211 4222 Ἐκκλησίας,
1270 4142 1609 4222 ἀφαιρεῖσθαι
1666 4145 1701 4213 ἢ
1759 4167 1941 4226 σφετε-

293 4230 519 4307 ρίζεσθαι
553 4244 573 4266 ⁶
631 4227 754 4285 ἀλλ’
789 4230 890 4286 ὑπὸ
932 4228 1315 4309 παραφυλακὴν
1359 4230 1592 4290 ἔστωσαν
1649 4233 1740 4290 τοῦ
1794 4233 1937 4306 κλή-

291 4338 381 4395 ρου
408 4321 506 4384 τῆς
539 4313 886 4397 Ἐκκλησίας,
916 4339 984 4385 ης
1040 4321 1068 4375 ὁ
1124 4320 1443 4390 τελευτήσας
1488 4321 1743 4403 ἐτύγχανε
1799 4325 1937 4403 πρό-

2108 3340 2309 3400 Canon
2341 3354 2381 3401 Il
2413 3336 2630 3419 synodi
2661 3332 3324 3399 Chalcedonensis.Non
3355 3332 3531 3396 liceat
3557 3334 3684 3397 ole—

2028 3427 2176 3504 rico,
2213 3436 2345 3509 post
2380 3434 2629 3487 mortem
2661 3423 2927 3505 episcopi
2953 3422 3066 3497 sui,
3100 3441 3198 3484 res
3229 3424 3301 3485 ad
3332 3440 3463 3483 eum
3497 3423 3685 3503 perti-

2031 3523 2241 3577 nentes
2271 3515 2548 3595 deripere
2582 3532 2595 3576 :
2653 3510 3156 3594 quemadmodum
3202 3510 3414 3592 priscis
3452 3529 3684 3592 quoque

2031 3604 2359 3666 canonibus
2382 3610 2470 3665 est
2499 3601 2887 3682 prohibitum.
2920 3598 3027 3661 Vel
3064 3598 3165 3680 qui
3185 3600 3299 3661 hoc
3327 3597 3571 3681 faciunt,
3605 3598 3682 3662 de

2028 3692 2216 3773 gradu
2246 3711 2350 3753 suo
2391 3690 2827 3772 periclitentur.

2107 3780 2308 3844 Canon
2355 3795 2518 3841 xxxv
2575 3777 2784 3859 synodi
2864 3773 3553 3856 Constantinopolitanae,
3617 3774 3681 3838 in

2028 3869 2235 3933 Trullo
2270 3868 2471 3950 palatii
2512 3867 2845 3929 celebratae.
2880 3864 3009 3926 Non
3043 3865 3220 3926 liceat
3246 3863 3423 3926 alicui
3453 3871 3680 3927 metro-

2028 3958 2310 4040 politano,
2352 3976 2483 4018 cum
2524 3955 2841 4037 episcopus
2872 3955 3083 4015 throno
3113 3971 3220 4015 suo
3244 3951 3515 4014 subditus
3547 3971 3682 4015 mo-

2026 4047 2199 4128 ritur,
2257 4047 2386 4127 ejus
2440 4064 2537 4107 res
2584 4053 2760 4125 atque
2811 4042 2989 4123 bona,
3048 4041 3141 4104 vel
3190 4040 3366 4103 etiam
3410 4040 3683 4104 ecclesiae

2027 4137 2235 4219 ipsius,
2295 4136 2552 4217 auferre,
2613 4133 2798 4196 sibive
2855 4131 3199 4195 vindicare:
3263 4129 3371 4192 sed
3405 4129 3513 4191 sub
3548 4131 3680 4211 ejus

2024 4226 2294 4288 ecclesiae
2324 4225 2472 4288 cleri
2505 4223 2773 4285 custodia
2802 4222 3126 4303 sint,cujus
3171 4220 3230 4281 in
3260 4237 3479 4301 praeses
3527 4227 3676 4295 erat,

2022 4316 2125 4396 qui
2157 4315 2314 4376 diem
2350 4312 2534 4396 obiit;
2593 4313 2785 4374 donec
2828 4312 2979 4373 alius
3036 4310 3352 4391 episcopus
3382 4308 3676 4389 praeﬁcia-

290 4403 458 4482 εδρος,
505 4404 668 4486 μέχρι
698 4406 793 4474 τῆς
835 4396 1013 4483 ἑτέρου
1043 4406 1333 4464 ἐπισκόπου
1376 4396 1651 4487 προϐολῆς
1678 4426 1691 4441 ·
1756 4396 1930 4493 ἐκτὸς,

2044 4422 2158 4466 ur:
2196 4410 2467 4484 excepto,
2532 4402 2581 4463 si
2629 4401 2778 4462 nulli
2834 4401 2951 4461 sint
3000 4399 3061 4459 in
3094 4416 3162 4459 ea
3192 4397 3445 4460 ecclesia
3474 4396 3679 4459 clerici

293 4495 337 4550 εἷ
390 4495 467 4569 μὴ
510 4493 752 4574 κληρικοὶ
808 4493 862 4550 ἐν
917 4501 985 4571 τῇ
1049 4494 1304 4569 ἐκκλησίᾳ
1361 4498 1465 4577 οὐχ
1518 4497 1932 4581 ὑπελείφθησαν.

292 4589 588 4650 ’τηνικαῦτα
668 4583 767 4662 γὰρ
850 4586 879 4641 6
984 4584 1381 4664 μητροπολίτης
1482 4595 1645 4644 ταῦτα
1727 4589 1937 4670 φυλάξει

290 4670 549 4748 ἀμείωτα,
621 4680 700 4747 τῷ
768 4673 1335 4754 χειροτονηθησομένῳ
1425 4674 1700 4750 ἐπισκόπῳ
1764 4677 1937 4737 πάντα

289 4758 515 4823 ἀποδοῦς
524 4803 539 4819 .

371 4847 579 4907 Βιϐλίου
610 4841 679 4927 ξ’,
705 4850 878 4916 τίτλος
923 4842 1033 4928 με’,
1066 4850 1354 4932 κεφάλαιον
1405 4841 1480 4929 α’,
1536 4854 1782 4929 θεμάτιον
1835 4843 1938 4932 β’·

2021 4492 2397 4573 superstites.
2454 4490 2621 4552 Tunc
2681 4490 2843 4551 enim
2903 4487 3397 4568 metropolitanus
3429 4503 3499 4547 ea
3556 4504 3674 4547 non

2021 4582 2327 4643 deminuta
2357 4579 2714 4657 servabit,ac
2744 4578 3077 4642 ordinando
3108 4576 3386 4658 episcopo
3406 4573 3678 4637 universa

2021 4670 2320 4736 restituet.

2102 4846 2283 4909 Liber
2312 4844 2704 4908 Basilicorum
2737 4860 2839 4923 Lx,
2865 4841 3035 4906 titulo
3065 4857 3205 4916 XLV,
3239 4839 3433 4921 capite
3462 4856 3504 4916 ι,
3534 4840 3671 4902 the-

290 4940 363 4998 Τὸ
405 4936 459 4996 δὲ
503 4938 858 5006 πεκουλάτους
926 4928 1153 4998 κινεῖται
1205 4942 1341 4998 κατὰ
1382 4948 1475 4998 τοῦ
1517 4941 1837 5022 ἀφελομένου
1880 4942 1942 5001 ἐκ

2038 4937 2203 4998 natio
2234 4953 2299 4997 ιι.
2334 4937 2574 4997 Crimen
2605 4932 2914 5014 peculatus
2944 4930 3270 4992 intentatur
3290 4929 3375 5022 ei,
3406 4928 3673 5022 qu_i__su_r-

288 5028 394 5085 τῶν
422 5029 598 5107 ἱερῶν,
658 5027 695 5096 ἢ
752 5030 1052 5110 μνημείων,
1095 5028 1132 5099 ἢ
1193 5028 1459 5105 δημοσίων
1520 5032 1840 5111 χρημάτων,
1901 5031 1938 5100 ἣ

290 5116 616 5198 στρέψαντος
647 5119 719 5198 εἰς
763 5115 892 5184 ἰδίας
921 5120 1129 5198 χρείας.

374 5207 470 5264 Καὶ
510 5227 634 5287 κεφ.
666 5196 736 5280 δ’,
766 5216 860 5266 τοῦ
892 5196 1050 5265 αὗ-τοῦ
1087 5206 1263 5265 τίτλου
1304 5210 1392 5265 καὶ
1443 5206 1642 5286 βιϐλίου
1674 5225 1690 5243 ⁸
1738 5216 1825 5283 Τῷ
1881 5206 1935 5264 δὲ

289 5293 646 5360 πεκουλάτους
689 5296 983 5376 ὁπόκειται,
1057 5299 1143 5354 καὶ
1197 5300 1224 5353 6
1276 5298 1414 5376 ἱερὰ,
1475 5299 1510 5366 ἢ
1558 5298 1617 5353 ἐκ
1679 5298 1937 5374 μνημείου

292 5384 551 5463 χρήματα
579 5380 888 5465 λαμϐάνων,
999 5385 1061 5442 τὸ
1090 5374 1503 5465 δωρηθὲνίθέῷν

2020 5025 2160 5107 ripit
2190 5044 2222 5086 e
2251 5024 2617 5104 templis,aut
2646 5020 3358 5103 sepulcris,autpecuniis
3389 5016 3669 5099 publicis,

2021 5115 2111 5176 vel
2137 5132 2238 5176 eas
2267 5113 2328 5173 in
2364 5130 2506 5174 usus
2534 5129 2672 5173 suos
2703 5109 3015 5171 convertit.

2097 5202 2241 5264 Item
2275 5220 2406 5281 cap.
2454 5217 2532 5269 iv,
2586 5198 2862 5279 ejusdem
2897 5196 3049 5259 tituli
3107 5205 3163 5259 et
3191 5195 3333 5259 libri
3367 5218 3380 5257 :
3410 5195 3670 5261 Crimine

2021 5293 2331 5372 peculatus
2365 5295 2622 5364 tenetur,
2671 5296 2728 5349 et
2786 5285 2885 5368 qui
2915 5305 3137 5364 sacras,
3170 5287 3262 5348 vel
3292 5305 3361 5349 ex
3393 5286 3667 5369 sepulcro

2022 5378 2331 5461 pecunias,
2362 5377 2456 5439 vel
2492 5378 2613 5441 Deo
2646 5377 2903 5440 dicatum
2936 5376 3075 5458 quid
3103 5375 3341 5457 accipit.

1638 5550 1900 5617 VARIIE
1920 5545 2354 5617 LECTlONES.

371 5683 398 5727 1
425 5671 817 5753 ofﬁcialibus.
