4192 6220
382 429 503 494 889

1745 415 2426 488 GRECO-ROMANUM

3638 415 3757 482 890

380 555 548 615 δόσιν.
625 545 790 612 Ἀλλᾶ
837 554 926 610 καὶ
981 554 1030 610 οἰ
1107 559 1479 632 παροικοῦντες
1552 551 1605 609 ἐν
1671 553 2024 630 προαστείοις,

2118 546 2226 610 sibi
2250 548 2576 611 vindicans.
2608 548 2944 622 Quinetiam
2977 549 3090 610 sub
3115 548 3413 612 territorio
3452 549 3749 630 pontiﬁcis

379 645 480 702 ὑπὸ
503 644 704 723 ἐνορίαν
745 641 984 700 τελοῦσιν
1040 639 1334 721 ἀρχιερέως
1401 639 1566 714 τινὸς,
1625 639 1659 696 ἃ
1699 637 2029 706 δεσποτικῶς

379 730 708 814 διαφέρουσιν
749 733 914 811 ἱεροῖς
963 753 1070 788 τισι
1146 727 1410 804 σαμνείοις
1479 729 1566 784 καὶ
1591 730 1880 808 εύκτηρίοις
1936 730 2030 786 οῗ-

378 845 494 886 κοις
538 823 582 878 εἰ
651 820 730 897 μὴ
783 819 866 877 ἐπὶ
935 821 1342 899 σταυροπηγίοις
1388 833 1796 898 πατριαρχικοτς
1851 819 2029 900 ἀρχῆ-

377 915 464 968 θεν
516 909 678 991 ἔσχον
733 911 832 978 τὴν
884 910 1154 970 συστάσιν.
1212 916 1383 968 Ταῦτα
1452 910 1512 965 ἐκ
1579 917 1684 966 τῶν
1725 913 2029 990 ἡμερησίων

379 999 662 1060 συνοδικῶν
716 999 1214 1079 παρασημειώσεων
1313 997 1758 1079 παρεκϐληθέντα,
1822 1001 1909 1056 καὶ
1963 1005 2030 1076 τῇ

379 1090 657 1170 ὑπογραφῇ
719 1090 805 1146 καὶ
855 1087 1105 1170 σφραγῖδι
1165 1096 1258 1146 τοῦ
1312 1089 1631 1166 τιμιωτάτου
1683 1088 2027 1170 χαρτοφύλα-

379 1200 474 1244 κος
504 1179 592 1235 καὶ
647 1177 931 1258 ὑπερτίμου
989 1177 1164 1258 κυρίου
1234 1178 1480 1238 Ἰωάννου
1548 1187 1639 1237 τοῦ
1709 1187 2030 1258 Καματηροῦ

383 1263 753 1343 βεϐαιωθέντα,
823 1265 1044 1334 ἐπεδόθη
1141 1268 1269 1342 μηνὶ
1364 1269 1453 1324 καὶ
1518 1265 1826 1344 ἐπινεμήσει
1908 1280 2028 1331 τοῖς

381 1354 894 1436 προγεγραμμένοις,
924 1354 1072 1419 ἔτους
1123 1355 1295 1435 ,ς’ψέ
1309 1405 1324 1418 ,

928 1480 951 1514 ι
1004 1449 1068 1516 Ἠ
1109 1457 1412 1539 ὑπογραφή,
1449 1479 1478 1511 ιο

465 1558 713 1626 Ἰωάννης
788 1559 1119 1643 χαρτοφύλαξ
1198 1566 1298 1628 τῆς
1407 1562 1710 1640 ἁγιωτάτης
1785 1557 2027 1639 μεγάλης

383 1647 693 1722 ἐκκλησίας,
729 1641 827 1706 καὶ*
850 1641 1186 1730 Ὺπέρτιμος,
1231 1653 1260 1707 ὁ
1292 1651 1634 1730 Καματηρός.

733 1759 1030 1810 IQANNOI‘
1073 1760 1200 1810 ΤΟΥ
1232 1757 1662 1811 ΚΛΜΑΤΗΡΟΥ.

2114 637 2364 716 alicujus
2387 637 2605 718 degunt
2652 638 2717 718 ii,
2750 637 2850 720 qui
2881 637 3250 700 domicilinm
3281 638 3500 700 habent
3545 637 3606 699 in
3651 656 3751 698 su-

2114 723 2424 807 burbanis,
2469 746 2602 808 quae
2640 729 2778 807 jure
2830 727 3080 788 dominii
3137 728 3436 808 pertinent
3485 726 3559 788 ad
3585 744 3752 788 sacra

2115 813 2384 893 quazdam
2446 815 2830 889 monasteria,
2882 824 2938 877 et
2984 816 3273 893 oratoria;
3333 816 3447 877 nisi
3500 816 3650 878 forte
3678 814 3750 876 ab

2114 901 2281 964 initio
2332 903 2441 965 sub
2488 905 2879 985 stauropegiis
2933 904 3418 986 patriarchalibus
3458 912 3754 966 exstructa

2114 990 2351 1053 fuerint.
2376 992 2512 1054 Haec
2543 993 2617 1055 de
2646 993 2874 1056 diurnis
2925 994 3304 1074 synodalibus
3343 993 3746 1056 adnotationi-

2110 1078 2221 1142 bus
2251 1090 2615 1163 excerpta,et
2635 1101 2742 1150 per
2771 1081 3268 1164 subscriptionem
3294 1102 3362 1144 ac
3379 1082 3641 1162 sigillum
3663 1100 3753 1143 re-

2109 1169 2524 1230 verendissimi
2571 1188 2604 1230 a
2651 1171 2991 1232 chartularii
3042 1180 3101 1232 et
3155 1170 3480 1251 Hypertimi
3525 1170 3752 1232 domini

2107 1256 2353 1320 Joannis
2384 1256 2699 1334 Camateri,
2755 1260 3098 1320 conﬁrmata
3127 1280 3142 1334 ;
3174 1259 3308 1320 data
3363 1266 3500 1321 sunt
3549 1277 3754 1322 mense

2108 1363 2178 1408 ac
2207 1345 2537 1410 indictione
2558 1365 2737 1429 supra
2756 1347 3013 1428 scriptis,
3039 1366 3194 1410 anno
3220 1364 3280 1409 vr
3304 1363 3395 1412 cm
3424 1364 3615 1412 roccv.

2743 1449 3144 1530 Snbscriptio.

2186 1552 2447 1615 Joannes
2476 1553 2868 1615 chartularius
2892 1550 3281 1615 sanctissimae
3305 1551 3544 1633 majoris
3565 1550 3750 1614 eccle-

2109 1641 2234 1717 siae,
2271 1649 2330 1704 et
2355 1641 2753 1723 Hypertimus,
2777 1641 3141 1704 Camaterus.

2467 1742 2778 1808 JOANNIS
2817 1743 3206 1808 CAMATERI
3248 1746 3394 1822 (27).

391 1875 416 1911 (ι
450 1850 1051 1940 ξυν-οδικὸνῇψήφισμα,
1113 1852 1315 1940 κωλύον
1341 1855 1477 1940 -.τὸν
1533 1856 1689 1940 adeo»:
1756 1857 1844 1913 καὶ
1916 1854 2027 1940 ἔναι

2120 1849 2442 1940 Decretum
2463 1846 2778 1940 synoda‘le,
2813 1847 2973 1927 quod
2992 1846 3266 1940 prohibet
3292 1863 3484 1908 unum
3513 1851 3753 1940 et‘eum-

462 1931 648 2015 λαᾷεϊν
724 1924 804 1998 εἶς’
853 1924 1080 2015 γυναῖκα
1160 1932 1557 2015 δισεξαδέλφαςμ
1611 1933 1700 1992 δύο
1743 1954 1761 1973 ·
1801 1942 1860 2015 ,ᾧ
1945 1937 2032 1992 καὶ

2191 1929 2321 2015 dem
2350 1924 2627 2015 sobrinus
2668 1924 2845 2015 ducs,
2877 1924 3108 2015 rumores
3151 1927 3365 2015 duce-re
3391 1947 3404 1989 :
3432 1924 3585 2015 quod
3611 1941 3751 1986 ma-

442 2012 668 2089 .μᾶλλον
725 2006 968 2093 στοιχεῖν
1026 2011 1129 2090 δεῖ,
1209 2021 1313 2072 πᾶν
1371 2018 1418 2072 οἱ
1441 2006 1450 2015 ’
1474 2013 1738 2072 πολιτικοὶ
1793 2006 2030 2074 δίκασταὶ

2193 2008 2284 2087 gis
2324 2007 2692 2093 sequendum
2751 2006 3162 2093 licetjudices
3191 2006 3400 2069 civiles
3436 2006 3599 2066 hunc
3647 2021 3753 2093 cq-

464 2084 617 2150 Jro'uco
674 2097 734 2152 ού
800 2084 1091 2152 κωλύουσιν
1111 2084 1123 2090 ⁷
1171 2094 1224 2150 ἐν
1315 2101 1393 2170 τῷ
1489 2094 1852 2154 ἀκολουθοῦντι
1908 2095 2030 2173 ἐξῇς

2191 2084 2325 2173 sum
2359 2084 2441 2173 pm
2488 2091 2770 2167 proxime
2809 2084 3081 2166 sequenti
3124 2086 3361 2149 decreto
3390 2102 3512 2146 non
3541 2084 3753 2164 prohi-

469 2173 791 2254 ψηφίσματι,
845 2197 870 2229 υ
1366 2166 1376 2170 ⁷
1976 2166 1985 2173 ’

2195 2166 2388 2229 beant.

464 2272 716 2342 Ἰωάννης
746 2273 879 2348 ἐλέῳ
931 2281 1062 2332 Θεοῦ
1119 2275 1538 2356 ἂρχιεπίσκοπος
1596 2287 2026 2335 Κωνσταντινου-

2189 2270 2452 2334 Joannes
2481 2270 2860 2333 miseratione
2893 2273 2999 2335 Dei
3028 2271 3510 2354 archiepiscopus
3561 2269 3750 2332 Cons-

383 2361 616 2433 πόλεως,
648 2363 769 2429 νέας
817 2356 1052 2444 Ῥώμης,
1103 2366 1190 2420 καὶ
1244 2367 1605 2442 οἷκουμενικδς
1660 2368 2025 2448 πατριάρχης,

2118 2359 2514 2439 tantinOpolis,
2549 2379 2712 2421 novae
2746 2360 2970 2436 Romae,
3019 2370 3077 2422 et
3107 2359 3464 2422 universalis
3493 2357 3749 2438 patriar-

380 2454 458 2526 τῷ
519 2451 574 2507 ἐν
628 2453 786 2532 κυρίῳ
837 2453 1098 2530 ἀγαπητῷ
1161 2452 1369 2534 ἀδελφῷ
1450 2459 1538 2512 καὶ
1610 2455 2025 2537 συλλειτουργῷ,

2118 2449 2243 2537 cba,
2267 2448 2482 2510 dilecto
2508 2448 2568 2509 in
2591 2449 2829 2511 domino
2855 2450 3016 2512 fratri
3039 2459 3097 2512 et
3117 2449 3555 2537 comministro,_
3572 2465 3748 2537 sanc-

383 2548 461 2616 τῷ
489 2542 756 2620 ἱερωτάτῳ
795 2541 1161 2620 μητροπολίτῃ
1223 2543 1538 2624 Δυρραχίου,
1594 2545 1682 2601 καὶ
1711 2534 1978 2625 ὑπερτίμῳ
2009 2534 2024 2578 λ

2118 2536 2343 2598 tissime
2375 2545 2434 2598 et
2461 2537 2919 2600 honoratissimo
2948 2534 3747 2616 Dirrachii,metropolitano,

383 2613 472 2685 καὶ
514 2613 591 2705 τῷ
618 2613 1004 2710 θεοφιλεστάτῳ
1033 2613 1678 2707 ἐπισκόπιρᾏεαϐόλεως.
1811 2613 1822 2625 ι
1892 2613 1902 2621 ν
1951 2613 1961 2618 '

2118 2626 2375 2704 itemque
2395 2625 2839 2705 religiosissime
2869 2627 3151 2708 episcopo
3185 2613 3481 2690 Deabolis:

467 2715 556 2776 Ἐν
603 2720 774 2798 Κυρίῳ
816 2719 1058 2797 ἁγαπητὲ
1087 2719 1276 2799 ἀδελφὲ
1317 2722 1405 2777 καὶ
1447 2720 1834 2801 συλλειτουργὲ,
1870 2722 2028 2801 ἱερώ-

2191 2714 2494 2776 Dilectein
2528 2715 2768 2776 domino
2801 2715 2981 2778 frater
3010 2723 3069 2778 et
3099 2717 3526 2788 comminister,
3570 2728 3749 2801 sanc-

388 2828 514 2862 τατε
586 2805 949 2885 μητροπολίτα
1000 2807 1289 2888 Δυῤῥαχίου
1345 2811 1432 2866 καὶ
1487 2799 1774 2891 δπερτιμε,
1819 2799 1929 2868 καὶὴ
1969 2812 2030 2868 σὺ

2118 2803 2344 2865 tissime
2388 2802 2704 2883 Dyrrachii
2766 2804 3220 2886 metropolitano
3287 2814 3344 2866 et
3395 2799 3748 2891 bypertime,

386 2894 754 2975 θεοφιλέστατε
826 2895 1080 2953 ἐπίσκοπε
1159 2896 1486 2974 Δεαϐόλεως,
1576 2888 1605 2956 ὃ
1665 2888 2028 2980 Καπανδρίτης

2118 2900 2290 2974 tuque
2319 2891 2797 2971 religiosisssime
2823 2892 3100 2954 Deabolis
3127 2895 3427 2976 episcope,
3463 2909 3598 2980 cum
3620 2888 3754 2980 Ale-

391 2980 621 3048 Ἀλέξιος
667 2983 761 3040 ἐπὶ
816 2991 908 3041 τοῦ
975 2987 1078 3064 πρὸ
1122 2988 1276 3062 ἡμῶν
1337 2987 1633 3066 ἁγιωτάτου
1686 2977 2029 3070 πατριάρχου

2118 2982 2248 3044 xius
2278 2981 2662 3062 Capandrites
2688 2981 2795 3043 sub
2819 2981 3350 3046 decessorenostro
3381 2977 3754 3043 sanctissimo

393 3073 664 3177 παραστὰς
733 3079 809 3147 τῷ
863 3075 986 3153 ἱερῷ
1055 3073 1299 3154 συνεδρίῳ
1341 3081 1438 3142 τῆς
1493 3075 1610 3132 καθ’
1664 3078 1807 3152 ἡμᾶς
1876 3077 2028 3156 ἁγίας

2118 3071 2452 3152 patriarcha
2463 3089 2591 3132 com
2603 3071 2892 3152 paruisset
2913 3091 3300 3156 coramsacro
3322 3087 3606 3134 consessu
3625 3084 3757 3168 san—

391 3159 626 3242 συνόδου,
683 3163 819 3218 κατὰ
867 3164 957 3220 τὸν
1015 3161 1364 3243 Φεϐρουάριον
1422 3170 1589 3244 μῆνα,
1647 3171 1746 3232 τῆς
1828 3155 2027 3246 παρελ-

2118 3171 2224 3223 cla;
2280 3159 2488 3240 synodi
2537 3169 2752 3220 nostrae
2801 3179 3012 3222 mense
3057 3155 3402 3239 Februario,
3465 3155 3760 3246 praeterita

390 3250 581 3317 θούσης
611 3249 827 3330 πρώτης
886 3251 1273 3334 ἐπινεμήσεως,
1319 3243 1636 3334 ἀφηγήσατο
1669 3271 1684 3286 ⁸
1745 3257 1817 3318 ὡς
1875 3243 2028 3330 νομί-

2118 3248 2305 3328 prima
2333 3247 2690 3309 indictione:
2724 3249 3060 3309 narravitse
3085 3247 3460 3310 matrimonio
3492 3243 3756 3323 legitimo

390 3362 478 3415 μῳ
535 3339 692 3418 γάμῳ
738 3341 992 3418 συνεζύγη
1053 3347 1121 3418 τῇ
1161 3342 1264 3398 ἀπὸ
1307 3352 1399 3401 τοῦ
1461 3342 1684 3417 θέματος
1743 3344 2033 3424 Δυρραχίου

2118 3337 2296 3398 fuisse
2325 3338 2664 3416 copulatum
2686 3337 3152 3412 Eudociae,ortae
3183 3356 3251 3398 ex
3282 3336 3506 3398 ditione
3535 3337 3756 3424 pyrraf

739 3413 982 3504 Εὖδοκία,
1232 3413 1533 3512 αύταδέλφη
1612 3434 1704 3488 τοῦ
1763 3413 2029 3488 navet-260':-

2119 3424 2318 3503 china,
2351 3413 2556 3486 sorore
2586 3444 2865 3504 germana
2916 3425 3272 3486 venerabilis
3315 3423 3478 3486 illius
3525 3420 3758 3512 Sebasti

387 3537 512 3576 στου
580 3515 870 3598 Σεϐαστοῦ,
927 3525 1085 3597 κυροῦ
1157 3521 1550 3578 Κωνσταντίνου
1631 3527 1722 3576 τοῦ
1783 3521 2030 3581 Βοϊωάν-

2118 3513 2340 3576 domini
2369 3514 2740 3576 Constantini
2771 3514 3112 3594 Boioanuis,
3138 3532 3268 3594 quae
3297 3513 3578 3574 amiserat
3606 3510 3762 3590 prio-

387 3626 498 3679 νου,
558 3603 896 3683 ἀποϐαλούσῃ
980 3609 1070 3664 τὸν
1141 3609 1394 3687 πρότερον
1454 3607 1743 3683 ὃμευνέτην
1840 3611 2026 3680 αὐτῆς,

2118 3623 2238 3666 rem
2257 3611 2590 3664 consortem
2606 3604 3122 3684 suum,praesidem
3142 3603 3308 3663 illum
3325 3601 3632 3682 Dyrrachit
3672 3617 3755 3673 m,

385 3695 477 3749 τὸν
513 3692 840 3775 Δυῤῥαχίτην
869 3695 1074 3753 ἐκεῖνον
1106 3696 1366 3778 ἄρχοντα,
1398 3695 1597 3776 Βάρδαν
1627 3700 1718 3754 τὸν
1778 3698 2027 3776 Μακρόμ·

2118 3693 2362 3756 Bardam
2419 3693 2963 3754 Macromatum:et
3021 3694 3133 3753 hoc
3189 3694 3432 3753 nomine
3483 3691 3761 3752 confecta

389 3803 555 3853 ματον
590 3786 607 3812 ⁸
638 3784 726 3839 καὶ
768 3782 1067 3862 προέϐησαν
1098 3783 1183 3841 ἐπ’
1240 3787 1372 3862 αὐτῇ
1403 3787 1489 3842 καὶ
1558 3787 1761 3864 γαμικὰ
1829 3788 2026 3856 συνήθη

2118 3782 2292 3844 fuisse
2337 3789 2618 3842 consueta
2645 3780 3036 3842 instrumenta
3074 3779 3552 3841 matrimonialia.
3585 3778 3751 3840 Prae-

387 3867 702 3945 συμϐόλαια.
758 3874 857 3929 Καὶ
898 3873 982 3930 ἐπὶ
1033 3874 1236 3938 τούτοις
1297 3875 1408 3954 ἱερά
1459 3875 1598 3955 εὐχὴ
1641 3875 1736 3942 τῆς
1793 3896 1851 3930 τε
1883 3897 2026 3950 μνη-

2118 3878 2277 3932 terea
2307 3888 2516 3949 preces
2539 3887 2734 3931 sacras
2763 3878 2878 3930 tam
2909 3870 3295 3950 sponsalium,
3326 3887 3502 3950 quam
3533 3867 3763 3950 nuptia-

386 3961 688 4042 a‘reiatq‘mi
730 3963 823 4017 τοῦ
877 3963 1049 4042 γάμου
1107 3961 1328 4031 ἐπεδόθη
1386 3965 1528 4039 αύτῷ
1561 3983 1576 3998 ·
1635 3965 1768 4040 μετὰ
1823 3963 1877 4020 δὲ
1923 3965 2034 4040 μῆ-

2118 3978 2247 4020 rum
2301 3957 2964 4020 intervenisse.Verum
3015 3967 3145 4040 post
3195 3969 3422 4039 septem
3463 3975 3763 4020 mensesa

389 4069 482 4112 νας
535 4037 586 4118 ζ’
653 4055 752 4116 τῆς
823 4037 994 4109 αὐτῶν
1049 4053 1294 4119 νοιαύτης
1350 4037 1710 4128 συμϐιώσεως,
1781 4037 2034 4134 ἐσχημα-

2120 4047 2219 4108 tali
2254 4047 2463 4108 horum
2496 4047 2626 4108 vitze
2673 4048 2976 4129 societate,
3011 4037 3399 4109 memoratum
3447 4045 3759 4109 Sebastum

391 4136 570 4193 τίσατο
600 4138 628 4192 ὁ
659 4135 963 4219 διαληφθεὶς
1016 4137 1266 4206 σεϐαστὸς
1297 4143 1325 4197 'o
1370 4143 1669 4222 Βωῒάννης,
1742 4141 2034 4222 προκαλεί-

2119 4136 2488 4216 Bojoannem
2520 4135 2796 4198 invitasse
2828 4157 2931 4218 pcr
2959 4137 3398 4199 simulationem
3427 4136 3487 4197 in
3517 4136 3761 4198 domum

393 4227 509 4280 σθαι
553 4225 709 4282 αὒτόν
752 4249 808 4282 τε
871 4230 997 4307 Ικαὶ]
1043 4231 1103 4286 τὸ
1386 4229 1410 4250 ’⁵
1447 4233 1458 4252 ’
1723 4233 1737 4254 ‘
1831 4232 1846 4252 ‘
1979 4233 1997 4272 ~’

1107 4254 1132 4286 ν
1193 4239 1578 4309 Καπανοριτην,
1655 4254 1739 4288 και
1793 4254 1890 4298 την
1943 4254 2034 4288 α)-

2122 4243 2289 4286 suam
2314 4232 2434 4285 tum
2467 4225 2660 4306 ipsum
2691 4225 3129 4306 Capandritam,
3162 4235 3284 4288 tum
3309 4245 3574 4287 sororem
3594 4243 3761 4287 suam

389 4321 483 4371 τοῦ
509 4314 603 4388 μὲν
648 4316 781 4371 κατὰ
840 4319 1032 4393 νόμους
1087 4332 1368 4398 γεγονυῖαν
1427 4320 1666 4398 σύζυγον,
1715 4319 2034 4400 αὔταδέλφην

2122 4332 2605 4394 germanam,ceu
2637 4315 2860 4376 dictum
2895 4317 3175 4389 est,illius
3206 4315 3520 4396 conjugem
3543 4333 3762 4377 secun-

392 4400 445 4455 δὲ
476 4401 632 4458 οὖσαν
673 4403 892 4482 ἐκείνου,
927 4409 999 4470 ὡς
1029 4406 1265 4486 εἴρηται,
1323 4411 1394 4474 εἷς
1435 4409 1534 4476 τὴν
1613 4410 1805 4466 οἰκείαν
1850 4411 2026 4483 αὐτοῦ,

2118 4403 2252 4465 dum
2278 4404 2440 4482 leges
2465 4404 2700 4478 factam,
2735 4405 2892 4466 velut
2923 4405 3304 4486 excipiendos
3327 4405 3613 4477 convivio,
3625 4421 3766 4484 pro-

393 4493 954 4568 συνεστιαθησομένους
1075 4503 1396 4574 συγγενικῶς
1408 4545 1420 4561 ,
1531 4499 2034 4578 Προσφοιτησάντων

2124 4512 2287 4554 more
2341 4493 2627 4554 afﬁnium.
2683 4493 2793 4565 Qui
2843 4515 2975 4557 cum
3025 4495 3095 4556 ad
3128 4495 3366 4555 domum
3404 4493 3529 4572 ejus
3559 4509 3766 4554 acces-

393 4575 447 4632 δέ
489 4579 686 4635 τούτων
717 4586 785 4646 τῆ
829 4585 1070 4640 κατοικίὴ
1127 4585 1308 4665 αὖτοῦ,
1392 4596 1576 4646 τοῦτον
1646 4588 1742 4663 μὲν
1797 4585 2037 4667 σιδηροῖς

396 4663 615 4755 δεσμοῖς
687 4671 1237 4750 κατασφαλισάμονος,
1293 4663 1586 4755 ἔμφρουρον
1645 4677 1824 4755 εἶχεν,
1898 4663 2037 4732 άπο-

399 4752 584 4810 διελὼν
633 4759 730 4823 τῆς
788 4760 1035 4827 τοιαύτης
1091 4763 1311 4840 συζύγου
1381 4752 1561 4836 αὐτοῦ,
1632 4752 2038 4843 προ-σαφελὸμε-

395 4864 483 4906 νος
525 4845 612 4899 καὶ
643 4843 676 4900 ἃ
720 4845 1000 4926 ἐπεφέρετο
1070 4852 1220 4913 οὗτος
1263 4851 1549 4930 πράγματα
1581 4867 1594 4882 ⁸
1663 4853 1760 4919 τὴν
1803 4849 1856 4906 δὲ
1911 4852 2037 4908 τού-

391 4952 484 4986 του
543 4933 762 5012 σύζυγον
819 4934 1048 4993 ἄκουσαν
1117 4939 1458 5015 βιασέμενος,
1529 4939 1687 5019 ἑτέρῳ
1742 4941 2034 5020 ἡρμόσατο.

395 5028 568 5078 Ταῦτα
625 5021 1064 5102 ἀφηγησάμενος,
1122 5030 1210 5084 καὶ
1278 5029 1562 5104 σημείωμα
1614 5028 1881 5109 ἐνεφάνισέ
1950 5050 2040 5083 σου

395 5113 489 5163 τοῦ
543 5109 945 5190 θεοφιλεστάτου
1002 5114 1292 5173 ἐπισκόπου
1353 5115 1680 5192 Δεαϐόλεως,
1743 5115 1930 5183 δηλοῦν
1982 5115 2042 5171 ἐκ

395 5195 675 5275 συμφώνου
759 5199 1045 5280 ὁμολογίας
1117 5205 1223 5260 τῶν
1292 5204 1667 5264 Κολωνειατῶν
1737 5205 2038 5285 ἀρχόντων,

396 5283 504 5340 τῶν
545 5287 632 5343 καὶ
660 5289 931 5365 κατόνομα
960 5291 1014 5346 ἐν
1043 5299 1120 5366 τῷ
1161 5295 1381 5369 τοιούτῳ
1428 5283 2040 5370 δηλουμένωννσημειώὲ

396 5394 547 5453 ματι,
577 5374 651 5439 ὥς
700 5377 729 5432 ὃ
783 5389 1020 5443 τοιοῦτος
1075 5383 1371 5460 προσγενὴς
1426 5388 1598 5444 αὐτῶν
1655 5386 1683 5441 ὃ
1741 5379 2040 5460 Καπανδρί-

397 5483 522 5535 της,
579 5465 786 5522 θανάτω
853 5467 1142 5528 ἆποκαλὼν
1182 5471 1280 5540 τὴν
1347 5473 1408 5529 ἐκ
1446 5473 1654 5554 πρώτου
1722 5471 2042 5529 συνοικεσίου

2121 4583 2356 4649 sissent.
2393 4582 2756 4644 Boioannem
2789 4602 2821 4644 a
2851 4602 2913 4646 se
2944 4584 3184 4664 quidem
3217 4583 3464 4644 vinculis
3504 4581 3762 4643 constri-

2122 4680 2280 4734 ctum
2315 4671 2528 4733 ferreis
2559 4672 2617 4732 in
2652 4673 2982 4734 custodiam
3005 4672 3264 4752 dedisse,
3293 4672 3650 4751 diremptum
3685 4669 3760 4732 ab

2121 4761 2223 4822 illa
2251 4761 2503 4840 conjuge
2524 4780 2653 4835 sua,
2681 4763 3115 4843 spoliatumque
3142 4770 3414 4842 prelerea
3454 4759 3634 4821 rebus
3663 4759 3762 4831 iis,

2122 4867 2265 4929 quas
2313 4867 2517 4909 secum
2570 4851 2862 4912 attulisset
2893 4871 2906 4912 :
2938 4861 2998 4912 at
3028 4852 3185 4912 illam
3245 4851 3557 4930 conjugem
3601 4867 3765 4909 suam

2121 4936 2361 4997 invitam
2395 4936 2563 4998 alteri
2593 4939 2984 5019 copulasse,vi
3015 4939 3534 5012 adhibita.Quibus
3556 4957 3772 5002 recen-

2122 5026 2250 5086 sitis
2279 5024 2458 5086 etiam
2491 5027 2946 5089 instrumentum
2973 5029 3290 5090 insinuavtt
3311 5037 3502 5109 tuum,
3531 5029 3762 5106 religio-

2123 5112 2348 5174 sissimi
2398 5113 2672 5176 Deabolis
2720 5118 3004 5199 episcopi,
3058 5139 3173 5199 quo
3223 5117 3666 5198 signiﬁcabatur
3696 5134 3766 5178 ex

2125 5203 2536 5264 consentiente
2566 5206 3006 5284 magistratuum
3038 5207 3474 5268 Coloniatarum
3525 5205 3764 5268 confes-

2124 5289 2316 5366 sione,
2350 5290 2454 5370 qui
2480 5303 2538 5351 et
2560 5295 2905 5355 nominatim
2937 5314 3006 5356 eo
3039 5295 3098 5356 in
3129 5295 3524 5358 instrumento
3565 5295 3770 5376 expri-

2127 5378 2460 5448 mebantur,
2522 5392 2834 5459 cognatum
2894 5383 3058 5445 illum
3116 5402 3288 5446 suum
3354 5384 3764 5465 Capandritam

2127 5466 2694 5565 mortiqinterveutu
2748 5470 2966 5534 amissa
3017 5491 3220 5548 uxore,
3268 5491 3395 5554 quae
3427 5474 3621 5554 primo
3652 5473 3770 5557 ipsi

1963 5627 2210 5696 ΝΟΤιΕ.
2307 5625 2309 5627 ’

447 5822 452 5834 ,
486 5739 618 5823 (27)
659 5741 962 5811 Successit
989 5746 1318 5835 Xiphilino,
1351 5755 1560 5820 eodem
1590 5751 1797 5820 Alexio
1826 5753 2545 5837 imperante,captamque
2573 5747 3138 5836 Constantinopolim
3183 5769 3218 5816 ο
3242 5750 3516 5817 Flandris
3541 5751 3709 5822 vidit.
