4192 6220
403 339 510 403 891

1759 342 1792 402 J
1797 340 1890 402 US
1928 340 2374 405 CANONIGUM

3650 343 3770 410 892

401 473 785 536 matrimonio
809 475 1018 555 juncta
1066 474 1629 556 fuerat,copulatum
1658 491 1790 536 esse
1827 489 2029 534 secun-

2131 475 2477 552 συναφθετσαν
2524 473 2664 548 αύτῷ
2705 475 2958 552 γυναῖκα,
3031 476 3282 554 συνεζύγη
3352 475 3574 556 δευτέρῳ
3616 479 3770 556 γάμῳ

399 560 492 622 dis
521 562 765 644 nuptiis,
794 564 957 626 nulla
1006 564 1449 627 interveniente
1487 565 1563 636 vi,
1599 562 1834 624 mulieri
1877 579 2046 622 com-

400 658 776 714 memorata:
811 661 1213 734 praetereaque
1243 653 1609 715 adorandum
1641 651 1898 714 edictum
1927 650 2044 711 im-

399 739 788 821 peratorium,
823 761 938 822 quo
967 742 1382 819 {sanciebatun
1441 742 1736 822 siquidem
1792 739 2050 801 indicata

393 826 660 889 Eudocia
688 829 851 890 nulla
893 830 1313 894 intercedente
1343 831 1421 905 vi,
1461 849 1566 912 per
1609 847 1806 891 sacras
1837 845 2047 909 preces

396 914 451 976 ei
480 916 751 996 copulata
795 917 1044 1000 fuisset;
1080 929 1143 981 ut
1201 939 1374 982 nemo
1430 918 1750 980 modestias
1799 917 2045 979 auderet

394 1003 676 1068 exhibere
692 1005 850 1069 dicto
880 1009 1332 1089 Capandritatae.
1355 1008 1696 1071 Secundum
1723 1005 1901 1084 igitur
1916 1006 2044 1067 haec

394 1093 613 1173 omnia,
649 1097 930 1175 synodale
962 1105 1104 1160 tunc
1145 1098 1604 1160 instrumentum
1656 1097 1873 1158 factum
1909 1093 2036 1174 fuit,

393 1199 506 1260 quo
549 1183 714 1262 juxta
771 1186 1140 1266 Capandritae
1196 1187 1539 1266 petitionem
1596 1183 2038 1265 pronuntiatum

391 1279 502 1344 est,
536 1289 604 1332 ac
635 1271 963 1349 decretum,
998 1275 1138 1357 quid
1193 1276 1254 1337 in
1298 1295 1367 1338 ea
1410 1293 1589 1338 cauaa
1642 1281 1798 1335 esset
1849 1288 2037 1351 agen-

390 1358 554 1422 dum.
580 1359 770 1442 Atque
802 1363 938 1426 huic
969 1363 1368 1426 instrumento
1400 1363 1669 1445 synodali
1696 1363 1871 1423 etiam
1907 1378 2036 1441 pro-

390 1446 582 1509 ductae
612 1454 742 1523 (ceu
779 1450 1002 1516 dictum
1038 1454 1151 1533 est)
1177 1473 1210 1515 a
1233 1453 1560 1534 Capandita
1597 1453 1840 1525 chartae,
1867 1449 2036 1510 vide-

386 1534 526 1598 licet
549 1537 916 1601 adorandum
969 1542 1112 1603 illud
1166 1543 1428 1604 edictum
1463 1540 1939 1621 imperatorium,
1981 1545 2038 1599 et

389 1625 846 1690 instrumentum
867 1630 1068 1705 abste,
1101 1631 1550 1711 religiosissime
1581 1629 1854 1691 Deabolis
1876 1627 2035 1707 epis-

2128 561 2245 637 βίας
2313 562 2524 628 ἀπάσης
2579 561 2726 628 ἐκτὸς
2809 570 2877 641 τῇ
2965 561 3308 646 διαληφθείσῃ
3339 567 3544 644 γυναικί
3576 585 3590 601 ⁸
3638 566 3773 623 ἀλλά

2129 647 2194 717 δὴ
2235 651 2322 706 καὶ
2362 649 2633 726 βασιλικὸν
2691 656 3054 731 προσκυνητὸν
3094 653 3431 734 πρόσταγμα,
3466 656 3594 712 αὐτὸ
3621 663 3773 714 τοῦτο

2129 736 2501 818 διοριζόμενον,
2573 741 2657 814 τὸ,
2729 739 2882 820 εἴπερ
2950 744 2985 811 ἡ
3072 742 3286 820 ῥηθείσα
3392 742 3608 801 Εύδοκία
3661 745 3772 821 βίας

2129 826 2341 894 ἀπάσης
2399 827 2569 902 ἐκτὸς,
2630 827 2744 904 μεθ’
2818 833 2958 910 ἱερᾶς
3029 831 3197 912 εύχῆς
3286 835 3540 911 συνεζύγη
3602 834 3768 908 αὐτῷ,

2126 913 2314 989 μεδένα
2361 914 2564 991 τολμᾷν
2621 914 2879 997 ὀχλήσεις
2937 918 3150 997 ἐπάγειν
3202 927 3280 995 τῷ
3328 918 3613 988 δηλωθέντι
3657 931 3771 980 Κα-

2124 1001 2398 1081 πανδρίτῃ.
2459 1004 2581 1061 Ἐπὶ
2651 1006 2858 1071 τούτοις
2915 1014 3039 1086 γοῦν
3106 1015 3234 1064 πᾶσι
3316 1010 3402 1065 καὶ
3487 1009 3772 1086 σημείωμα

2123 1099 2410 1158 τηνικαῦτα
2440 1091 2639 1171 προέϐη
2672 1092 2963 1170 συνοδικὸν,
2995 1093 3061 1151 δι’
3094 1099 3154 1153 οὗ
3193 1097 3328 1153 κατά
3385 1096 3482 1164 τὴν
3554 1107 3767 1156 Καπανυ

2122 1179 2292 1260 δρίτου
2349 1180 2680 1260 παράκλησιν
2739 1183 3010 1264 ἀπεφάνθη
3093 1187 3182 1242 καὶ
3249 1186 3644 1263 ἐγνωματεύθη,
3703 1189 3765 1244 τὸ

2121 1269 2205 1326 ἐπὶ
2233 1277 2301 1347 τῇ
2330 1271 2546 1347 τοιαύτη
2594 1271 2833 1329 ὑποθέσει
2898 1272 3171 1340 ποιητέον.
3247 1269 3310 1354 ᾬ
3368 1274 3433 1342 δὴ
3507 1273 3766 1350 σονοδικῷ

2121 1361 2459 1435 σημειώματι
2489 1361 2576 1415 καὶ
2604 1361 2669 1416 τὰ
2695 1363 2837 1440 παρά
2865 1368 2956 1419 τοῦ
3011 1361 3389 1442 Καπανδρίτου,
3424 1364 3496 1429 ὼς
3524 1362 3761 1444 εἴρηται,

2120 1448 2535 1528 προκομισθέντα
2606 1451 2822 1529 χαρτία,
2894 1450 3014 1506 τότε
3070 1451 3351 1508 Βασιλικὸν
3405 1455 3766 1531 προσκυνητὸν

2119 1535 2361 1604 δηλονότι
2419 1539 2757 1617 πρόσταγμα,
2793 1541 2880 1596 καὶ
2941 1541 3000 1596 τὸ
3056 1547 3174 1614 σοῦ⁹
3218 1547 3309 1596 τοῦ
3363 1540 3766 1621 θεοφιλεστάτου

2117 1625 2405 1685 ἐπισκόπου
2467 1625 2772 1691 Δεαϐόλεως
2849 1629 3156 1703 σημείωμα,
3215 1628 3575 1708 ἐνεγράφησαν
3631 1632 3765 1686 κατά

389 1731 559 1794 copo,
597 1715 944 1798 profectum,
981 1719 1052 1780 ad
1088 1721 1329 1781 verbum
1377 1727 1545 1781 erant
1602 1720 1846 1808 inserta.
1888 1715 2029 1787 Quia

2117 1714 2280 1792 ρῆμα.
2331 1712 2448 1770 Ἐπὶ
2478 1713 2532 1769 δέ
2581 1718 2664 1771 νῦν
2722 1713 2878 1771 πάλιν
2951 1717 3222 1796 ἀνηνέχθη
3292 1723 3360 1793 τῇ
3399 1716 3630 1796 ἡμετέρᾷ
3659 1738 3762 1792 με-

387 1819 524 1863 vero
556 1822 711 1866 nunc
739 1823 972 1868 rursum
1007 1808 1402 1870 mediocritati
1435 1814 1650 1868 nostra;
1670 1807 1919 1867 relatum
1947 1813 2029 1865 est

2114 1802 2348 1881 τριότητι
2378 1803 2520 1881 παρὰ
2549 1810 2640 1859 τοῦ
2670 1804 2859 1882 μέρους
2903 1809 2999 1872 τῆς
3069 1806 3323 1872 τοιαύτης
3363 1807 3638 1882 γυναικὸς,
3666 1812 3761 1873 τῆς

388 1908 460 1978 ex
490 1906 656 1971 parte
688 1895 956 1957 mulieris
990 1898 1182 1978 istius,
1209 1898 1431 1960 sororis
1463 1895 1689 1958 scilicet
1718 1893 2029 1956 venerabi-

2116 1889 2440 1970 αὖταδέλφης
2469 1889 2715 1957 δηλονότι
2765 1893 2860 1948 τσῦ
2915 1891 3274 1949 πανσεϐάστου
3320 1895 3642 1974 Βοϊωάννου,
3687 1896 3759 1958 ὡς

383 1977 458 2039 lis
488 1979 649 2040 illius
678 1983 983 2059 Boiannis,
1020 1977 1176 2067 quod
1205 2005 1338 2048 cum
1375 1986 1537 2066 prius
1562 1984 1829 2061 legitime
1853 1983 2029 2061 junc-

2115 1986 2206 2035 τοῦ
2258 1981 2506 2058 πρότερον
2551 1980 2855 2058 συζυγέντος
2912 1983 3146 2056 νομίμως
3182 1983 3347 2048 ταύτη
3405 1981 3612 2061 ἀνδρὸς,
3669 1989 3758 2040 τοῦ

394 2076 483 2129 tus
542 2068 654 2149 ipsi
711 2073 982 2148 maritus,
1045 2075 1422 2156 primicerius
1482 2074 1581 2134 ille
1631 2072 1852 2132 Bardas
1901 2073 2029 2134 Ma-

2114 2069 2494 2146 πριμμικηρὶου
2551 2068 2747 2126 ἐκείνου
2799 2069 2967 2150 Βάρδα
3051 2077 3143 2126 τοῦ
3235 2072 3628 2148 Μακρομμάτου
3683 2079 3758 2146 τῷ

388 2165 723 2235 cromatus,
786 2171 1010 2224 naturas
1049 2155 1338 2225 debitum
1421 2160 1833 2242 persolvissot;
1895 2157 2025 2239 ipsa

2111 2157 2280 2235 χρεὼν
2332 2155 2822 2236 λειτουργήσαντος,
2895 2159 2992 2227 την
3063 2168 3411 2238 πρακτορικήν
3483 2157 3760 2216 δειλιάσα-

385 2247 754 2325 quaestoriam
786 2251 970 2313 verita
1004 2260 1409 2332 protestatem,
1445 2249 1600 2331 quod
1645 2249 1782 2310 talia
1807 2248 2021 2324 saepius

380 2333 442 2394 in
466 2334 644 2396 rebus
673 2337 1008 2417 hujusmodi
1044 2341 1282 2402 evenire
1313 2340 1562 2409 soleant,
1598 2337 1669 2399 ad
1704 2345 1936 2416 tempus
1961 2337 2022 2396 in
2055 2415 2060 2422 ἱ

381 2422 669 2484 ditionem
709 2427 1120 2490 Coloniensem
1161 2429 1494 2508 migraverit
1524 2427 1594 2488 ad
1631 2425 1864 2504 cognati
1913 2444 2022 2486 cu-

374 2511 612 2599 jusdam
645 2516 736 2575 sui
766 2516 1032 2599 domum,
1065 2517 1342 2579 deferens
1372 2535 1442 2580 eo
1496 2535 1698 2578 secum
1755 2531 1848 2576 res
1891 2531 2028 2575 suas

382 2598 660 2679 potiores,
711 2610 768 2663 et
817 2605 888 2665 ad
923 2598 1438 2686 transportandum
1493 2604 1810 2676 faciliores,
1847 2621 2025 2683 quas-

383 2706 616 2768 cunque
679 2693 966 2770 potuisset
1039 2697 1313 2758 avehere.
1389 2694 1539 2757 Tum
1614 2692 2026 2772 Capandritam

2109 2267 2175 2300 σα
2201 2243 2521 2320 δυναστείαν,
2564 2248 2729 2302 ὃποϊα
2775 2246 3030 2311 πολλάκις
3089 2247 3143 2303 ἐν
3173 2261 3290 2311 τοῖς
3335 2249 3594 2311 τοιούτοις
3664 2271 3759 2329 ιρι-

2109 2331 2196 2388 λεϊ
2245 2333 2472 2410 γίνέσθαι
2529 2337 2660 2413 πρὸς
2743 2338 2926 2416 καιρὸν
2995 2338 3064 2402 εἷς
3133 2338 3193 2392 τὸ
3268 2336 3400 2398 θέμα
3461 2335 3755 2402 Κολωνείας

2111 2424 2459 2498 μετετοπίσθη
2493 2425 2622 2500 πρὸς
2681 2424 2845 2480 οἰκίαν
2873 2426 3016 2488 τινος
3072 2431 3176 2480 τῶν
3235 2426 3368 2502 αὺτῇ
3421 2431 3751 2506 προσγενῶν,

2110 2510 2463 2591 ἐπιφερομένη
2493 2512 2581 2566 καὶ
2638 2510 2736 2566 ὅσα
2805 2511 2936 2578 τέως
2994 2511 3224 2593 ἵσχυσεο
3262 2513 3549 2590 ἐπάγεσθαι
3591 2514 3758 2593 κρείτ-

2109 2622 2185 2655 τω
2231 2601 2318 2655 καὶ
2388 2599 2810 2675 εὖμετακόμιστα
2870 2604 2973 2658 τῶν
3028 2602 3226 2668 ταύτης
3298 2602 3646 2680 πραγμάτων,
3695 2589 3754 2659 Ὀ

2109 2685 2163 2742 δὲ
2219 2697 2452 2746 τοιοῦτος
2528 2687 2892 2767 Καπανδρίτης
2963 2688 3091 2745 λαὸν
3145 2688 3364 2746 ἔνοπλον
3435 2689 3528 2746 οὒκ
3577 2689 3753 2768 ὀλίγον

383 2777 540 2837 hunc
593 2795 712 2838 non
778 2783 981 2860 paucis
1033 2785 1272 2844 armatis
1357 2781 1698 2844 horninibus
1754 2780 1973 2842 coactis
2005 2829 2022 2855 ,

2111 2783 2439 2860 συναγαγὼν,
2509 2778 2804 2858 λῃστρικῶς
2888 2780 3143 2857 ἐπελθὼν,
3245 2781 3489 2860 ἁρπαγὴν
3590 2782 3752 2851 αὐτῆς

383 2864 678 2946 praedonis
729 2868 790 2930 in
863 2889 1086 2934 morem
1148 2872 1496 2946 advenisse,
1554 2877 1905 2950 raptumque
1934 2867 2025 2929 sui

2111 2868 2544 2947 ἐπλημμέλησεν,
2602 2869 2924 2949 ἀφελόμενος
3000 2872 3082 2927 καὶ
3139 2869 3237 2929 ὅσα
3291 2876 3564 2950 προσῆσαν
3617 2875 3751 2947 αὐτῇ

380 2953 770 3032 commisisse,
805 2958 1010 3022 ablatis
1041 2960 1217 3023 etiam
1265 2963 1449 3022 rebus
1505 2960 1600 3040 iis,
1633 2976 1779 3040 quas
1823 2975 2022 3018 secum

2111 2961 2410 3038 πράγματα,
2483 2958 2589 3013 ἀπὸ
2644 2959 2806 3016 τόπου
2877 2962 2949 3024 είς
3008 2960 3169 3016 τὸπον
3265 2960 3509 3038 μετάγων
3566 2959 3746 3035 ούτὴν,

378 3044 723 3121 habuisset;
751 3057 925 3129 atque
953 3049 1032 3110 ita
1059 3050 1136 3132 de
1163 3051 1292 3112 loco
1340 3051 1399 3110 in
1432 3032 1625 3110 locum
1651 3032 1801 3108 'eam
1826 3053 2021 3106 trans-

2111 3050 2195 3104 καὶ
2223 3047 2568 3128 αἰχμάλωτον
2629 3046 2793 3104 ἕλκων
2849 3047 2978 3105 ὅπου
3044 3046 3322 3128 ἠϐούλετο,
3377 3048 3454 3124 μὴ
3525 3071 3749 3128 συγχω-

378 3143 667 3217 postasse,
695 3137 1105 3218 captivamque
1134 3139 1378 3201 traxisse
1431 3151 1787 3219 quocunque
1824 3134 2022 3215 vellet,

2111 3136 2368 3214 ρουμένην
2440 3136 2571 3192 ἰδεῖν
2630 3135 2765 3212 μηδὲ
2834 3139 2929 3201 τὰς
2998 3134 3323 3218 αύταδέλιρας
3382 3139 3563 3211 αὐτῆς,
3595 3147 3750 3196 τοῦτο

379 3241 512 3285 cum
558 3244 633 3287 ne
683 3225 922 3306 quidem
969 3236 1026 3288 et
1068 3229 1436 3308 permitteret
1485 3225 1753 3307 aspicere
1792 3239 2025 3285 sorores

2111 3226 2393 3302 μαθούσας,
2439 3227 2526 3282 καὶ
2599 3227 2671 3288 εἷς
2729 3226 3049 3298 ἀναζήτησιν
3103 3225 3301 3292 ταύτης
3351 3223 3618 3291 ἐλθούσας.
3651 3228 3752 3284 Καὶ

377 3329 512 3374 suas
563 3332 872 3396 gemanas;
918 3335 1050 3396 qua:
1096 3317 1209 3378 hoc
1267 3318 1417 3379 facto
1479 3314 1738 3395 cognito,
1772 3311 1843 3372 ad
1891 3329 2020 3374 eam

2111 3312 2240 3370 οὕτω
2267 3314 2448 3390 βιαίως
2494 3314 2578 3370 καὶ
2609 3315 2928 3392 παρανόμως
2980 3314 3230 3391 συνεζύγη
3261 3313 3394 3391 αὒτῇ
3450 3314 3526 3389 μὴ
3571 3335 3751 3370 συντι-

377 3403 756 3482 quaerendam
787 3414 1094 3469 venerant.
1129 3405 1249 3467 Hec
1277 3406 1450 3466 modo
1473 3400 1887 3485 Capandritam
1913 3419 2019 3480 per

2111 3403 2319 3482 θεμένη,
2352 3401 2435 3458 διὰ
2487 3424 2543 3457 τε
2614 3405 2674 3458 τὸ
2758 3404 2968 3462 αὐτόθεν
3016 3409 3107 3460 τοῦ
3159 3403 3470 3482 πράγματος
3527 3401 3746 3481 ἄτοπον,

374 3489 491 3550 vim
519 3501 838 3574 contraque
869 3492 1029 3573 leges
1060 3494 1115 3557 ei
1147 3495 1326 3556 fuisse
1353 3495 1688 3574 copulatum
1717 3488 2018 3570 haudqua-

2111 3494 2184 3548 ιιαὶ
2212 3490 2295 3547 διὰ
2335 3493 2398 3548 τὸ
2427 3489 2654 3572 ἀκριϐῶς
2685 3490 2894 3568 εἰδέναι,
2941 3493 3013 3557 ὡς
3063 3489 3400 3569 δισεξαδέλγη
3456 3491 3649 3559 ταύτης
3679 3491 3745 3559 ἧν

375 3596 663 3660 quaquam
719 3584 1138 3657 consentienti,
1175 3593 1294 3645 tum
1330 3591 1567 3664 propter
1598 3579 1780 3660 ipsius
1802 3576 2016 3640 absur-

2111 3582 2132 3648 ἣ
2186 3582 2435 3658 πρότερον
2491 3582 2707 3659 σύζυγος
2777 3588 2868 3637 τοῦ
2919 3581 3157 3639 τοιούτου
3227 3578 3605 3660 Καπανδρίτου,
3674 3579 3740 3649 ἢν

374 3666 620 3729 ditasem
654 3669 813 3747 facti,
850 3679 970 3733 tum
1001 3673 1156 3754 quod
1188 3681 1460 3735 accurate
1514 3672 1642 3751 ipsa
1685 3674 1886 3728 nosset
1914 3685 2013 3728 so-

374 3754 606 3836 bringm
659 3777 826 3820 suam
881 3760 1060 3822 fuisse
1111 3771 1366 3841 prierem
1398 3757 1768 3840 Capandritaz
1801 3758 2013 3838 conju-l

374 3862 531 3922 gem,
560 3865 736 3925 quam
791 3857 980 3910 morte
1035 3850 1334 3912 amiserat.
1385 3847 1642 3928 Ideoque
1699 3847 1886 3927 ipsam
1917 3867 2015 3910 oc-

373 3934 612 3995 casione
653 3943 919 4016 captata,
984 3937 1259 3999 maluisse
1323 3937 1457 4015 fuga
1513 3934 2012 3999 cohabitationem

375 4021 505 4100 ejus
536 4022 921 4105 deserere,ne
939 4024 1388 4087 damnationem
1413 4024 1627 4086 anima;
1657 4024 1854 4088 sciens
1871 4045 2010 4108 pru-

374 4110 640 4190 densque
665 4111 780 4174 sibi
803 4114 1147 4176 sonciliaret
1177 4133 1245 4176 ex
1280 4114 1383 4176 tali
1405 4113 1533 4175 vitae
1553 4114 2015 4197 consortio,pro-

374 4206 503 4278 pter
533 4201 837 4280 sanguinis
894 4223 1028 4264 cum
1079 4204 1209 4282 ejus
1259 4203 1457 4284 priore
1485 4201 1738 4280 conjuge
1769 4205 2015 4286 propin-

373 4287 679 4370 quitatem,
714 4309 844 4372 qua;
900 4291 1174 4354 Eudocize
1216 4291 1457 4354 sobrina
1493 4291 1671 4374 (velut
1704 4288 1830 4370 ipsa
1863 4315 2016 4374 prae-

373 4378 552 4458 dicat)
589 4378 786 4443 fuerit.
847 4379 1072 4454 Quibus
1127 4381 1406 4459 expositis
1462 4402 1566 4462 per
1596 4387 1910 4465 quemdam
1945 4398 2013 4440 ex

370 4467 493 4528 suis
521 4467 925 4548 interrogabat
955 4469 1421 4533 mediocritatem
1450 4485 1733 4553 nostram,
1770 4475 1829 4536 in
1865 4490 2011 4536 con-

2095 3669 2302 3742 θανάτῳ
2329 3669 2484 3733 αύτὸς
2514 3667 2825 3729 ἀπεϐάλετο.
2878 3671 2972 3726 Arb
3028 3671 3116 3726 καὶ
3184 3677 3367 3748 καιροῦ
3421 3666 3734 3746 δραξαμένη,

2095 3756 2194 3824 τὴν
2220 3757 2337 3832 μετ’
2395 3759 2553 3815 αὐτοῦ
2585 3759 2912 3829 ζσυνοίκησιν
2964 3762 3214 3839 ἔκφυγετν
3258 3757 3456 3838 εἵλετο,
3517 3758 3608 3815 ἵνα
3662 3757 3740 3833 μὴ

2095 3858 2266 3924 κρῖμα
2295 3847 2524 3926 ψυχικὸν
2568 3845 2621 3902 ἔν
2682 3846 2968 3918 ουνειδήσει
3022 3848 3292 3904 ἐπισπῶτο
3356 3847 3414 3904 ἐκ
3481 3853 3579 3915 τῆς
3622 3845 3741 3924 μετ’

2098 3934 2254 3993 αύτοῦ
2285 3933 2648 4012 συμϐιώσεως,
2695 3935 2779 3994 διὰ
2821 3940 2919 4006 τὴν
2961 3935 3078 3994 καθ’
3121 3941 3259 4013 αἷμα
3284 3937 3478 4004 ταύτης
3507 3937 3742 4014 ἒγγύτη-

2096 4046 2162 4080 τα
2203 4026 2333 4102 πρὸς
2378 4026 2474 4092 τήν
2502 4027 2753 4106 πρότερον
2783 4029 3002 4106 σύζυγον
3042 4027 3246 4101 τούτου,
3305 4026 3404 4093 τὴν
3447 4025 3534 4080 καὶ
3562 4022 3745 4080 δευτέ-

2098 4134 2190 4192 ραν
2225 4111 2318 4190 (ὥς
2350 4113 2531 4193 φησιν)
2563 4113 2847 4197 ἓξαδέλφην
2889 4116 3046 4173 οὖσαν
3083 4116 3268 4180 αὗτῆς.
3343 4114 3441 4171 Καὶ
3489 4112 3748 4192 ἐρώτησιν

2101 4200 2244 4259 ἔθετο
2274 4203 2359 4258 ἐπὶ
2401 4203 2602 4268 τούτοις
2627 4201 2710 4259 διά
2738 4227 2878 4269 τιΛος
2907 4211 3013 4261 τῶν
3043 4205 3204 4270 αὑτῆς
3254 4202 3386 4282 πρὸς
3443 4203 3540 4270 τὴν
3583 4203 3739 4277 ἡμῶν

2101 4291 2418 4365 μετριότητα
2488 4293 2895 4370 προκαθημένηυ
2978 4290 3285 4371 συνοδικῶς,
3361 4296 3452 4346 τοῦ
3517 4289 3602 4346 ἐπὶ
3671 4296 3748 4365 τῷ

2099 4381 2510 4459 τοιουτοτρόπως
2559 4380 2808 4460 προϐάντι
2865 4383 3167 4456 συνοικεσίῳ
3240 4380 3513 4448 ποιητέου.
3544 4379 3743 4438 Ἧκοιι-

2097 4489 2184 4524 σεν
2227 4468 2331 4524 ἀπό
2359 4490 2416 4524 τε
2445 4474 2542 4536 τῆς
2567 4472 2721 4545 ἡμῶν
2757 4472 3118 4552 μετριότητος,
3165 4471 3251 4527 καὶ
3279 4473 3378 4536 τῆς
3407 4471 3548 4547 ἱερᾶς
3577 4466 3742 4524 ἀδελ-

372 4555 507 4617 cilio
539 4558 979 4637 praesidentem,
1015 4558 1157 4640 quid
1189 4559 1263 4621 de
1294 4561 1570 4640 conjugio
1601 4563 1658 4623 in
1692 4565 1849 4625 hunc
1883 4580 2014 4623 mo-

2111 4555 2346 4636 ρότηνος,
2375 4559 2448 4623 ὡς
2479 4559 2521 4614 εἰ
2543 4558 2705 4625 οὕτως
2737 4559 2853 4641 ἔχει
2875 4561 2941 4620 τὰ
2967 4560 3062 4628 τῆς
3075 4558 3341 4631 ἀληθείας,
3378 4557 3590 4616 αὒτόθεν
3620 4556 3740 4636 ἔχει

372 4647 511 4710 dum
545 4654 848 4709 contracto
899 4646 1232 4710 faciendum
1291 4659 1469 4712 esset.
1521 4655 1892 4732 Responsum
1927 4660 2018 4712 est

2111 4648 2157 4702 τὸ
2207 4644 2590 4723 διεσπασμένον
2647 4650 2706 4705 τὸ
2777 4649 2914 4706 οὕτω
2968 4646 3168 4728 προϐἀν
3237 4645 3582 4709 ωνοικὲσιον,
3641 4643 3747 4703 Καὶ

373 4743 498 4798 tum
558 4736 970 4799 mediocritate
1017 4745 1215 4798 nostra
1275 4746 1396 4799 tum
1461 4757 1628 4801 sacro
1686 4751 1843 4802 coetu
1893 4740 2014 4802 fra-

2111 4736 2254 4810 άμὲν
2300 4736 2418 4811 βίαν
2472 4735 2879 4818 πλεμμελήσας,
2927 4737 3101 4795 ἐκεῖνο
3143 4736 3353 4798 πάντως
3410 4733 3551 4800 ἄξιός
3623 4732 3734 4790 ἐστι

376 4832 571 4903 trum;
604 4825 898 4905 siquidem
928 4826 1008 4886 ita
1035 4837 1371 4906 comparata
1397 4827 1473 4888 sit
1497 4828 1584 4889 rei
1607 4828 1849 4910 veritas,
1884 4828 2013 4909 ipso

2111 4827 2307 4904 παθεῖν,
2343 4823 2473 4902 ἅπερ
2518 4828 2562 4880 οἱ
2611 4828 2745 4882 θεῖοι
2797 4828 2884 4884 καὶ
2941 4823 3268 4906 φιλευσεϐεῖς
3335 4823 3488 4898 νόμοι
3557 4819 3742 4878 διακε-

370 4912 526 4974 facto
569 4912 926 4993 diremptum
975 4932 1106 4976 esse
1151 4914 1596 4976 matrimonium
1629 4916 1715 4977 sic
1739 4924 2013 4978 contrac-

2111 4913 2356 4985 \edov'cat,
2416 4913 2658 4992 ἐπιγνοὺς
2713 4917 2798 4972 καὶ
2847 4916 2913 4972 τά
2981 4915 3086 4971 ἀπὸ
3141 4919 3248 4970 τῶν
3302 4911 3452 4992 ἱερῶν
3509 4910 3746 4968 κανόνων

372 5009 520 5065 tum.
558 5001 625 5061 Et
657 5002 759 5064 ille
789 5002 1053 5082 quidem,
1105 5003 1204 5083 qui
1263 5003 1376 5064 vim
1419 5004 1638 5079 intulit,
1674 5005 1915 5067 omnino
1948 5023 2017 5066 ea

2111 5003 2460 5080 ἑπιτιμώμενα
2502 5019 2616 5070 τοῖς
2673 5006 2726 5064 ἐν
2797 5004 3085 5076 σννειδήσει
3142 5002 3275 5081 δυσὶ,
3349 4999 3741 5083 δισεξαδέλφαις

371 5094 607 5172 perpeti
662 5099 947 5164 meretur,
1010 5111 1141 5172 quae
1188 5110 1372 5155 sacrae
1420 5093 1647 5174 piaaque
1693 5095 1857 5173 leges
1896 5101 2012 5154 sta-

2111 5094 2526 5172 τυζευγνυμένοις
2609 5099 2682 5160 ὡς
2735 5095 2885 5154 ἕκτου
2955 5095 3006 5162 ἐξ
3071 5093 3304 5170 αἵματος
3372 5090 3744 5171 εὖρισκομένου

371 5187 569 5254 tuunt,
595 5179 933 5241 ahnoscens
984 5190 1044 5242 et
1099 5180 1230 5244 illas
1256 5200 1480 5262 poenas,
1514 5200 1643 5262 quae
1676 5201 1783 5262 per
1812 5200 2015 5244 sacros

2111 5185 2322 5253 Ξαθμοῦ.
2359 5176 2420 5240 Ἠ
2475 5183 2528 5241 δὲ
2597 5185 2876 5244 ἀποστᾶσα
2941 5184 3130 5242 τούτου
3207 5179 3290 5240 διά
3345 5182 3459 5262 τόιςΔ
3495 5180 3741 5246 τοιαύτας

370 5287 630 5332 canones
683 5268 1016 5347 irrogantur
1076 5269 1186 5345 iis,
1254 5258 1355 5351 qui
1426 5258 1692 5332 scientes
1744 5289 1810 5332 ac
1866 5290 2013 5352 pru-

2111 5272 2287 5353 ιιὶτίας,
2341 5272 2485 5330 οὗδὲν
2566 5298 2616 5332 τι
2673 5275 2938 5356 πρόκριμα
2994 5273 3372 5343 ὑποστήσεται,
3446 5258 3612 5328 ’Ὅθεν
3655 5270 3743 5326 καὶ

369 5357 580 5420 dentes
609 5377 742 5421 cum
773 5358 1000 5421 duabus
1033 5358 1288 5422 sobrinis
1342 5360 1690 5442 copulantur
1715 5407 1732 5435 ,
1785 5378 1920 5422 cum
1962 5360 2014 5422 is

2111 5360 2497 5441 ταραδηλοῦμεν
2539 5367 2690 5442 ὑμῖν,
2723 5362 3177 5442 μετακαλέσασθαι
3245 5362 3331 5417 καὶ
3361 5358 3632 5440 ἀμφότερα
3672 5358 3740 5414 τὰ

369 5447 586 5528 gradus
641 5466 711 5510 ex
778 5448 1081 5529 sanguinis
1138 5451 1558 5530 conjunctione
1621 5456 1821 5512 sextus
1883 5468 2015 5512 esse

2111 5450 2257 5532 ιέρη,
2286 5453 2374 5508 καὶ
2442 5454 2632 5534 ἀκρικῆ
2686 5455 2822 5512 κατά
2867 5450 3125 5520 συστάδην
3167 5450 3232 5503 55
3271 5449 3450 5507 θέσθαε
3507 5446 3740 5515 ἐξέτασιν

1698 5615 1955 5684 νΑΡιΙΕ
1996 5617 2426 5686 LECTIONES.

451 5724 518 5778 55
543 5723 958 5792 κατασυστάδην.
