4192 6220
3659 353 3774 420 804

398 529 504 566 των
545 505 671 587 παρ’
728 505 901 563 αὐτῶν
952 505 1278 585 λεγομένων,
1339 505 1426 560 καὶ
1495 502 1777 568 συνοδικῶς
1835 504 2010 584 ἀφηγτ

2095 501 2608 583 ιίιθρνειιθηᾱαῑιιι*
2657 520 2671 565 ;
2725 503 2852 564 hac
2901 517 3062 581 vero,
3113 516 3242 580 qua
3308 493 3774 587 propter__bujus

394 596 589 654 θέντων
625 582 650 626 τ’
686 597 773 653 καὶ
828 594 883 651 ἐν
940 582 1043 668 οἵω
1095 594 1289 651 τούτων
1345 592 1589 671 εὒρήσετε
1637 592 1734 660 τὴν
1791 582 2010 663 ἀλήθεια

2123 582 2284 654 medi
2333 611 2540 654 causas
2569 591 2642 654 ab
2677 611 2746 654 eo
2774 588 3037 667 divertit,
3071 589 3303 650 nullum
3359 582 3766 668 prajudicium

392 686 790 767 ἐπιφαίνουσαν,
865 693 1086 750 ποιῆσαι
1157 684 1293 739 κατὰ
1359 682 1456 767 τὴν
1516 680 1599 738 ἐπὶ
1654 682 1822 755 τούτῳ
1867 681 2010 748 tam.

2121 681 2458 743 sustinebit.
2493 681 2890 754 Quamobrem
2923 678 3089 740 vobis
3118 677 3294 739 etiam
3337 674 3764 767 signiﬁcamus,

390 759 620 855 χθεῗσαν
689 771 968 840 συνοδικὴν
1042 771 1329 852 ἀπόφασιν.
1362 759 1660 849 ”Ερῤωσθε,
1721 771 1861 838 Μηνὶ
1929 778 2010 827 Φεη

2120 777 2431 852 utramque
2490 777 2716 852 partem
2763 768 3105 844 arcessatis,
3140 776 3198 827 et
3235 763 3524 855 ambobus
3570 778 3768 823 coram

389 852 646 944 δρουαρίῳ
691 879 708 896 ⁸
742 863 1050 938 ἐπινεμήσει
1080 860 1314 940 δευτέρᾳ.

2120 859 2478 935 constitutis,
2531 867 2872 922 accuratum
2925 875 3185 944 examen
3220 852 3763 944 habeatiseorum,

392 939 526 1033 qua
554 939 644 1012 'ab
699 948 783 1013 eis
830 949 1134 1020 dicuntur,
1186 939 1245 1010 et
1292 946 1554 1029 exposita
1584 952 1720 1008 sunt
1765 945 1826 1008 in
1876 947 2098 1028 synodo
2135 969 2148 1011 :
2198 966 2266 1009 ac
2321 956 2452 1009 utra
2495 949 2732 1010 tandem
2785 947 2846 1008 in
2878 954 3041 1028 parte
3070 943 3374 1007 \eritatem
3426 939 3764 1033 evidentem

390 1026 766 1116 inveneritis,
799 1038 1129 1102 secundum
1161 1026 1600 1118 pronuntiatam
1653 1033 1729 1096 de
1776 1053 1846 1098 ea
1894 1026 2231 1117 synodalem
2267 1037 2619 1100 sententiam
2670 1026 2893 1114 agetis.
2917 1036 3142 1098 Valete.
3177 1035 3380 1096 Mense
3410 1026 3765 1103 Eebruario,

387 1129 751 1193 indicatione
777 1145 842 1191 II.

632 1243 951 1297 ΨΗΦΙΣΜΑ
1013 1239 1381 1294 ΠΟΛΙΤΙΚΩΝ
1430 1241 1794 1296 ΔΙΚΑΣΤΩΝ.

401 1365 430 1399 α
505 1343 628 1422 Περὶ
698 1337 1169 1422 συγγενείαςλὸτε
1222 1337 1308 1395 δύο
1363 1335 1726 1422 δισεξαδέλερας
1771 1339 1869 1422 *εἷς
1926 1338 2031 1422 γάέ-

473 1417 592 1499 μον’
627 1417 899 1478 κοινωνίαν
952 1419 1184 1498 ἠγάγετο
1237 1441 1340 1482 τις.
1421 1419 1518 1475 Καὶ
1575 1417 1674 1474 ὦδε
1726 1419 1824 1493 μὲν
1894 1419 2033 1494 παρὰ

405 373 522 440 893
1750 351 2438 435 θΜαο-’ΒΟΜΑΝΠΜ

2355 1230 2759 1296 DECRETUM
2800 1227 3145 1295 JUDICIUM
3179 1223 3541 1291 CIVILIUM.

2115 1333 2207 1396 Nc
2235 1337 2613 1413 cognatione,
2642 1334 2935 1396 cumduas
2986 1330 3236 1410 quidam
3255 1329 3537 1413 sobrinus
3567 1327 3634 1413 in
3652 1341 3758 1413 _so-

2194 1405 2468 1477 cietatem
2497 1405 2880 1478 matrimonii
2907 1405 3236 1474 ascivisset.
3272 1410 3349 1470 Et
3393 1409 3502 1470 hoc
3522 1405 3759 1484 quidem

470 1483 669 1560 τούτων
741 1483 1147 1579 συγκεχώρηται
1216 1500 1277 1555 τὸ
1326 1504 1584 1573 τοιοῦτον,
1642 1483 1784 1579 παρὰ
1851 1496 1905 1554 δὲ
1934 1483 2010 1567 τίῆι

2114 1495 2186 1556 ab
2213 1496 2298 1556 eis
2323 1501 2686 1574 permissum
2723 1494 2866 1573 fuit,
2907 1507 3113 1554 verum
3143 1511 3180 1550 (ι
3221 1487 3449 1570 synodo
3477 1483 3758 1567 prohibi-

470 1581 683 1639 συνόδου
713 1580 1027 1642 κεκώλυται.
1079 1603 1104 1638 ι
2197 1590 2346 1646 tum.

469 1687 541 1744 Τὸ
572 1682 730 1762 μέρος
775 1689 867 1739 τοῦ
921 1680 1508 1762 μεγαλεπιφανεστάτου
1578 1687 1734 1760 κυροῦ
1802 1678 2010 1746 Ἀλεξίοι

2195 1692 2278 1751 Ex
2299 1697 2461 1770 parte
2492 1708 2599 1752 sua
2627 1689 3060 1752 illustrissimus
3087 1686 3366 1750 dominus
3389 1681 3634 1746 Alexius
3651 1681 3758 1742 Ca-

386 1780 478 1831 τοῦ
537 1770 894 1850 Καπανδρίτου
950 1769 1081 1850 ἔσχε
1165 1777 1374 1849 πρῶτον
1457 1771 1680 1847 νόμιμον
1779 1783 2005 1848 γυναῖκα

2115 1769 2417 1860 pandrites
2447 1779 2653 1841 habuit
2692 1780 2880 1860 primo
2910 1777 3232 1858 legitimam
3267 1792 3537 1845 uxorem,
3572 1770 3752 1860 ﬁliam

385 1865 485 1930 τὴν
527 1860 784 1941 θυγατέρα
809 1870 900 1919 τοῦ
944 1858 1185 1939 Προϐατᾶ
1236 1859 1435 1916 ἑκείνου
1499 1866 1677 1938 κυριοῦ
1708 1859 2003 1936 Θεοφάνους

2114 1858 2340 1929 domini
2413 1858 2790 1949 Theophanis
2861 1868 2998 1928 illus
3058 1865 3339 1927 Provata.
3420 1863 3551 1949 Post
3627 1859 3755 1949 ejus

386 1951 534 2009 Μετὰ
561 1949 615 2007 δὲ
658 1951 876 2011 θάνατον
930 1949 1158 2027 ἐκείνης,
1219 1949 1378 2028 ἐμίγη
1451 1946 1564 2024 μεθ’
1620 1947 1909 2026 ἱερολογίας
1939 1971 2010 2004 νο·

2112 1975 2250 2020 vero
2284 1965 2556 2036 mortem,
2583 1946 2724 2017 sese
2767 1955 3161 2028 commiscuit,
3212 1948 3645 2036 interveniente
3669 1946 3752 2008 le-

387 2041 550 2117 μίμου
603 2045 673 2116 τῇ
740 2037 950 2118 δευτέρᾳ
1001 2037 1259 2126 νέξαδέλφῃ
1342 2037 1567 2105 ἔκείνης.
1647 2038 1749 2126 Καί
1802 2036 2010 2108 ἐζήτησε

2109 2047 2314 2125 gitima
2369 2035 2611 2126 precum
2674 2047 3082 2126 conceptione,
3117 2061 3250 2104 cum
3304 2041 3434 2120 ejus
3485 2035 3746 2097 sobrina.

387 2132 576 2206 μαθεῖν
608 2127 658 2193 ἐξ
713 2130 893 2215 ἡμῶν,
953 2125 1106 2201 εἴπερ
1176 2129 1203 2182 ὃ
1258 2127 1429 2205 ῥηθεὶς
1513 2127 1682 2215 γάμος
1851 2126 2010 2215 νόμωπ

2110 2134 2277 2198 Scire
2307 2125 2469 2215 cupit
2498 2154 2566 2197 ex
2602 2135 2804 2211 nobis,
2836 2153 2908 2195 an
2939 2134 3161 2195 dictum
3194 2126 3636 2192 matrimonium
3671 2143 3751 2215 ex

384 2217 502 2298 ἔχει
559 2219 621 2274 τὸ
680 2213 888 2293 βέϐαιον
931 2217 1020 2273 καὶ
1074 2217 1311 2296 ἰσχυρόν,
1370 2217 1570 2280 Ἠωεϊς
1613 2214 1702 2272 οὗν
1758 2213 2010 2284 ἐξείπομεε

2099 2225 2239 2304 jure
2271 2213 2458 2284 ratum
2489 2225 2565 2284 sit
2599 2243 2666 2285 ac
2697 2225 2954 2284 ﬁrmum.
2976 2220 3176 2302 Itaque
3207 2238 3314 2280 nos
3343 2217 3398 2278 ei
3428 2213 3748 2296 respondi-

383 2309 514 2388 πρὸς
545 2307 726 2386 αὐτὸν,
758 2307 857 2388 ,ὡς
919 2307 947 2361 ί)
1001 2305 1160 2372 νόμος
1210 2305 1262 2361 ἐν
1329 2303 1514 2381 βιϐλίῳ
1568 2309 1673 2360 τῶν
1729 2302 2024 2360 Βασιλικῶν

383 2385 501 2471 κη’,
547 2395 683 2457 τίτλ.
712 2385 791 2475 ε’,
821 2416 944 2475 κεφ.
976 2393 1052 2473 β’,
1103 2395 1261 2474 φησὶν
1301 2410 1314 2425 '
1378 2397 1437 2452 Οἱ
1472 2392 1826 2469 κεκωλυμένοι
1861 2394 2022 2471 γάμοι

384 2486 738 2565 γινώσκονται
779 2483 940 2550 οὕτως
975 2501 989 2514 ⁹
1025 2482 1144 2542 Ἐπὶ
1191 2490 1296 2541 τῶν
1354 2483 1631 2564 ἀνιόντων,
1662 2485 1749 2540 καὶ
1804 2483 2022 2539 κατιόν-

382 2597 514 2648 των,
546 2576 618 2638 είς
675 2573 962 2647 ἂπέραντον
993 2577 1021 2630 ὁ
1079 2575 1250 2653 γάμος
1308 2572 1624 2646 κεκώλυται,
1674 2572 1772 2629 κᾶν
1831 2573 1908 2647 μὴ
1965 2571 2024 2629 ἐκ

382 2671 620 2741 νομίμων
677 2663 776 2720 ὦσι
828 2663 1038 2742 γείμων.
1097 2667 1169 2722 Οὒ
1238 2662 1446 2720 δύναται
1503 2663 1602 2741 γὰρ
1643 2685 1723 2726 τις
1766 2661 1864 2729 τὰν
1893 2659 2022 2717 ἰδίαν

381 2751 667 2828 λαμϐάνειν
695 2752 968 2830 θυγατέρα,
1012 2752 1048 2821 ἢ
1107 2752 1354 2830 ἐγγόνην,
1414 2751 1449 2820 ἢ
1515 2750 1741 2830 μητέρα,
1777 2753 1812 2817 ἢ
1869 2751 2023 2826 μάμ-

381 2864 512 2923 μην,
575 2850 688 2900 εὖτε
745 2843 962 2921 φυσικαὶ
1006 2843 1134 2898 ὦσιν
1190 2844 1243 2897 αἱ
1313 2839 1612 2921 θυγατέρες,
1689 2839 1800 2896 εἴτε
1851 2840 2016 2897 Δθεταί⁶

383 2933 482 2990 Καὶ
514 2928 706 3006 μεταξὺ
758 2928 812 2986 δὲ
879 2937 984 2986 τῶν
1039 2929 1100 2986 ἐκ
1166 2928 1390 3009 πλαγίου
1433 2931 1731 3009 προσώπων
1780 2928 1889 2986 ἔστι
1939 2952 2019 2994 τις

377 3019 633 3082 κώλυσις.
665 3019 773 3086 Τὴν
817 3019 916 3097 γὰρ
943 3028 1036 3078 τοῦ
1063 3016 1287 3097 ἀδελφοῦ
1345 3041 1466 3098 μου,
1541 3019 1576 3087 ἢ
1634 3024 1732 3085 τῆς
1789 3016 2018 3098 ἀδελφῆς

379 3129 479 3183 μου
510 3105 763 3186 θυγατέρα
791 3103 1077 3182 λαμϐάνειν
1121 3109 1251 3185 πρὸς
1308 3108 1480 3186 γάμον
1522 3109 1582 3164 οὗ
1635 3107 1805 3182 θέμις.
1867 3104 2016 3163 Ἀλλ’

2109 2332 2266 2387 mus,
2299 2312 2456 2393 quod
2500 2313 2591 2374 lex
2624 2313 2681 2372 in
2716 2311 2866 2373 libro
2920 2311 3299 2372 Basilicorum
3329 2322 3531 2379 xxvnl,
3567 2304 3653 2364 tit.
3689 2323 3745 2378 ν,

2108 2420 2237 2482 cap.
2305 2403 2400 2463 ll.
2455 2400 2612 2462 dicat
2661 2419 2672 2463 :
2727 2401 2954 2481 Nuptia
3015 2398 3330 2481 prohibita
3389 2395 3473 2455 sic
3525 2410 3750 2482 cogno-

2107 2480 2353 2552 scuntur
2391 2508 2404 2553 :
2440 2492 2502 2552 ln
2530 2480 3105 2562 ascenden’tibus,iet
3149 2481 3660 2550 descendentibus
3690 2480 3775 2541 in?

2105 2578 2404 2640 inﬁnitum
2433 2578 2653 2658 nuptia
2681 2586 2818 2640 sunt
2857 2577 3190 2659 probibita,
3236 2575 3376 2636 licet
3422 2572 3567 2652 ipsa
3608 2588 3748 2650 per-

2106 2685 2267 2735 sona
2319 2686 2437 2728 non
2489 2667 2606 2728 sint
2651 2686 2719 2729 ex
2753 2667 3031 2745 legitimis
3066 2665 3286 2744 nuptiis
3318 2670 3480 2724 orta.
3516 2659 3744 2739 Quippe

2106 2775 2224 2817 non
2255 2763 2445 2837 potest
2494 2756 2707 2837 aliquis
2765 2775 2930 2818 suam
2986 2756 3187 2818 dicere
3219 2752 3424 2825 ﬁliam,
3459 2749 3553 2812 vel
3586 2766 3741 2828 nep-

2106 2852 2245 2924 tem,
2274 2846 2363 2906 vel
2396 2854 2666 2921 matrem,
2700 2846 2790 2906 vel
2846 2845 3037 2907 aviam
3073 2864 3087 2905 :
3123 2843 3246 2905 sive
3292 2840 3582 2902 naturales
3628 2838 3749 2898 sint

2103 2933 2390 3015 ﬁlia,sive
2420 2934 2946 3015 adoptivaltidem
2978 2935 3134 2995 inter
3155 2947 3439 3014 personas
3469 2947 3538 2990 ex
3559 2935 3745 3015 trans-

2103 3014 2270 3084 verso
2297 3014 2619 3104 prohibitio
2652 3024 2919 3105 quadam
2952 3031 3060 3086 est.
3087 3021 3217 3084 Non
3241 3019 3439 3082 fratris
3469 3017 3610 3092 mei,
3645 3014 3743 3078 vel

2100 3112 2323 3173 sororis
2379 3130 2524 3174 mea
2585 3112 2788 3186 ﬁliam,
2850 3132 2968 3174 non
3029 3111 3115 3173 fas
3173 3119 3261 3174 est
3316 3108 3464 3170 mihi
3522 3106 3742 3168 ducere

377 3195 493 3255 οὐδὲ
521 3197 619 3263 τὴν
646 3195 844 3253 τούτων
875 3196 1124 3275 ἐγγόνην.
1161 3187 1385 3272 Ὀμοίως
1441 3195 1557 3253 οὐδὲ
1607 3196 1704 3264 τὴν
1763 3196 2010 3274 θυγατέρα

2099 3219 2367 3262 uxorem.
2400 3201 2521 3262 Nec
2545 3206 2720 3263 etiam
2772 3203 2982 3265 horum
3014 3207 3275 3281 neptem.
3313 3197 3603 3260 Similiter
3633 3212 3744 3256 nec

374 3293 466 3344 τοῦ
507 3285 666 3356 θείου,
711 3284 747 3353 ἢ
774 3291 871 3352 τῆς
921 3284 1081 3362 θείας,
1127 3287 1364 3344 τουτέστι
1419 3285 1516 3352 τὴν
1564 3283 1847 3364 ἐξαδέλφην
1888 3308 2008 3359 μου.

2097 3289 2281 3352 ﬁliam
2332 3289 2523 3370 patrui
2573 3290 2661 3352 vel
2691 3291 2985 3365 avunculi,
3041 3298 3140 3350 aut
3169 3288 3362 3350 amita
3393 3285 3483 3348 vel
3516 3294 3740 3346 mater-

377 3371 526 3431 Ἀλλ’
555 3371 671 3431 οὐδὲ
702 3376 729 3431 ὸ
758 3375 865 3437 υἱός
923 3396 1023 3449 μου
1104 3377 1200 3442 τὴν
1243 3375 1468 3453 ἐγγόνην
1540 3377 1731 3447 αὐτῶν,
1807 3370 2011 3436 οἵτινες

369 3462 613 3540 λέγονται
656 3460 1030 3542 δισεξὰδελφοι,
1067 3465 1166 3522 Καὶ
1191 3451 1388 3541 βιϐλίον
1421 3451 1486 3536 ξ’,
1528 3461 1665 3536 τίτλ,
1729 3460 1830 3538 λζ’,
1884 3483 2007 3541 κεφ,

372 3545 456 3631 ογ²
481 3558 646 3608 ταῦτα
689 3550 1054 3630 διαγόρεύοντα
1089 3571 1101 3584 ·
1137 3555 1194 3610 Οἱ
1262 3554 1392 3632 πρὸς
1451 3553 1623 3630 γάμον
1673 3553 2008 3626 συναπτόμεο

372 3664 474 3716 νοι,
534 3640 571 3707 ἢ
628 3647 892 3718 σαρκικῶς
977 3641 1150 3708 ἄλλως
1234 3641 1655 3718 συμπλεκόμενοι
1715 3639 2008 3722 ἐξάδελφοι,

369 3731 456 3786 καὶ
489 3732 534 3787 οἱ
565 3729 616 3795 ἐξ
647 3731 814 3790 αὐτῶν
859 3732 1157 3807 τικτόμενοι
1191 3731 1381 3797 παῖδες
1439 3732 1527 3788 καὶ
1596 3731 1782 3806 μόνον,
1812 3729 1847 3798 ἢ
1908 3754 2007 3787 παι

367 3819 468 3896 τηρ
495 3819 583 3874 καὶ
609 3819 719 3880 υἱὸς
749 3820 878 3897 πρὸς
901 3819 1106 3899 μητέρα
1133 3821 1220 3877 καὶ
1275 3819 1553 3898 θυγατέρα,
1587 3819 1622 3887 ἢ
1686 3817 1773 3874 δύο
1845 3817 2007 3875 ἀδελ-

369 3929 456 3987 φοι
499 3908 570 3972 εἷς
601 3905 688 3964 δύο
716 3904 960 3986 ἀδελφὰς,
1032 3909 1068 3977 ἢ
1120 3907 1208 3967 δύο
1265 3908 1476 3986 ἀδελφοὶ
1527 3910 1600 3972 εἷς
1669 3907 1870 3986 μητέρα
1921 3909 2009 3964 καὶ

366 3995 642 4074 θυγατέρα,
726 3995 763 4064 ἢ
834 3996 1040 4077 ἐνεχιὸς
1138 4000 1210 4062 εἷς
1281 3998 1652 4078 γεγαμηνένην
1723 4003 1802 4071 τῷ
1886 3998 2008 4071 θείῷ

366 4097 614 4165 γυναῖκα,
687 4084 798 4141 εἴτε
850 4089 992 4152 θεῖος
1063 4088 1135 4152 είς
1214 4085 1597 4166 γεγαμημένην
1675 4092 1752 4160 τῷ
1806 4085 2007 4160 ἀνεψιῷ

365 4187 617 4252 γυναῖκα,
697 4176 828 4254 πρὸς
870 4182 947 4250 τῷ
1005 4184 1267 4257 χωρισμῷ
1319 4177 1407 4233 καὶ
1473 4174 1864 4232 τυπτέσθωσαν.
1910 4181 2008 4236 Καὶ

364 4261 417 4317 ἐν
449 4261 593 4341 μέρει
639 4261 693 4318 δὲ
721 4272 813 4322 τοῦ
832 4263 996 4339 τόμου
1047 4271 1140 4321 τοῦ
1203 4265 1501 4342 ἂγιωτάτου
1557 4262 1753 4319 ἑκείνου
1822 4283 2010 4341 πατρι-

2097 3388 2259 3458 tera,
2285 3379 2395 3440 hoc
2423 3386 2532 3454 est,
2567 3379 2982 3440 consobrinam
3038 3396 3254 3439 meam.
3312 3378 3439 3440 Nec
3489 3374 3631 3435 item
3664 3373 3740 3433 ﬁ-

2093 3467 2207 3528 lius
2239 3486 2406 3529 meus
2436 3485 2642 3529 eorum
2701 3481 2940 3547 neptem
2991 3468 3089 3547 qui
3149 3465 3378 3526 sobrini
3430 3468 3736 3523 vocantur.

2091 3553 2236 3616 Item
2269 3555 2372 3616 lib.
2425 3573 2524 3629 Lx,
2570 3560 2655 3618 tit.
2691 3575 2911 3634 xxxvu,
2953 3576 3082 3637 cap.
3131 3555 3208 3618 73
3257 3555 3384 3616 hac
3435 3550 3612 3614 verba
3645 3549 3738 3637 lea

2094 3653 2310 3724 suntur
2343 3663 2356 3706 ε
2393 3645 2503 3718 Qui
2551 3647 2842 3727 juguntur
2890 3636 3310 3720 matrimonio,
3370 3641 3460 3702 vel
3519 3636 3738 3727 alioqui

2093 3732 2410 3795 carnaliter
2459 3726 2810 3816 copulantur
2866 3733 3234 3814 consobrini,
3291 3740 3348 3794 et
3403 3728 3502 3810 qui
3551 3745 3619 3789 ex
3651 3726 3738 3786 eis

2093 3821 2374 3885 duntaxat
2405 3832 2729 3886 nascuntur
2755 3824 2952 3899 liberi,
2986 3824 3076 3885 vel
3105 3831 3268 3906 pater
3314 3828 3374 3882 et
3415 3818 3572 3880 ﬁlius
3600 3832 3733 3876 cum

2091 3920 2279 3973 matre
2309 3931 2375 3973 ac
2405 3912 2545 3988 ﬁlia,
2589 3913 2677 3975 vel
2711 3913 2826 3974 duo
2858 3914 3068 3975 fratres
3113 3931 3245 3974 cum
3297 3908 3527 3972 duabus
3558 3922 3729 3964 soro-

2089 3999 2256 4062 ribus
2287 4001 2375 4062 vel
2424 4001 2539 4062 duo
2568 4001 2781 4064 fratres
2813 4022 2947 4064 cum
2980 4011 3168 4064 matre
3211 4019 3281 4062 ac
3324 3999 3462 4072 ﬁlia,
3497 3995 3587 4058 vel
3610 3993 3732 4054 fra-

2089 4089 2196 4150 tris
2226 4090 2518 4152 sororisve
2554 4091 2709 4152 ﬁlius
2765 4111 2898 4154 cum
2948 4092 3198 4154 muliere
3230 4097 3436 4170 patruo
3467 4100 3732 4148 avuncu-

2091 4177 2220 4240 love
2253 4186 2475 4260 nupta,
2534 4180 2628 4243 vel
2673 4189 2913 4262 patruus
2967 4180 3360 4244 avunculusve
3405 4195 3538 4240 cum
3595 4192 3729 4234 mu-

2089 4266 2237 4349 liere
2291 4276 2471 4349 nupta
2521 4270 2612 4331 sui
2655 4271 2853 4332 fratris
2895 4271 3186 4333 sororisve
3213 4270 3355 4342 ﬁlio,
3391 4275 3602 4349 praeter
3630 4265 3729 4327 di-

364 4352 532 4432 άρχου
562 4351 846 4426 Σισιννίου,
919 4352 1276 4429 κεκωλυμένοι
1332 4354 1457 4410 εὶσὶν
1522 4354 1569 4408 οἱ
1620 4353 1780 4430 γάμοι
1839 4353 1998 4410 οὗτοι.

2095 4348 2338 4410 vortium
2377 4348 2748 4412 verberibus
2798 4370 3032 4432 quoque
3084 4348 3406 4413 caduntor.
3442 4348 3729 4409 Praterea

363 4445 518 4515 Οἶον,
551 4441 675 4498 ὅταν
743 4440 954 4521 ἀδελφοὶ
997 4441 1276 4525 ἐξαδέλφας
1307 4441 1582 4522 ἀλλοτρίας
1638 4438 2002 4516 λαμϐάνωσιν,

2095 4437 2144 4525 i_n
2175 4446 2338 4516 parte
2378 4438 2605 4520 scripti,
2653 4441 2808 4520 quod
2853 4452 2947 4502 est
2977 4440 3332 4502 sanctissimi
3383 4435 3730 4519 patriarcha

361 4531 398 4601 ἢ
442 4531 528 4589 δύο
558 4531 810 4613 ἀδελφοὺς
861 4532 1130 4615 ἐξάδελφαι
1191 4523 1312 4606 δῦο,
1346 4535 1380 4602 ἢ
1437 4537 1580 4597 θεῖος
1650 4533 1739 4589 καὶ
1793 4531 2008 4606 ἀνεψιὸς

2095 4523 2364 4599 Sisinnii,
2389 4527 2479 4588 ha
2504 4537 2645 4590 sunt
2676 4529 2986 4609 prohibita
3015 4529 3256 4609 nuptia,
3289 4527 3565 4588 videlicet
3594 4542 3727 4615 cum

360 4619 586 4702 ἀδελφὰς
629 4611 742 4694 δύο,
772 4622 807 4690 ἢ
838 4611 1087 4700 ἀδελφοὺς
1160 4622 1246 4680 δύο
1289 4623 1399 4680 θεία
1454 4623 1542 4679 καὶ
1597 4621 1809 4696 ἀνεψιά.
1843 4617 2009 4677 Ἀλλά

2095 4615 2303 4677 fratres
2355 4616 2742 4679 consobrinas
2774 4627 3080 4680 extraneas
3111 4619 3351 4696 ducunt,
3379 4615 3468 4676 vel
3496 4611 3730 4675 duobus

360 4711 448 4767 καὶ
476 4710 580 4766 ἀπὸ
637 4709 921 4767 συνοδικῶν
1003 4710 1238 4791 πράξεων
1296 4714 1382 4768 καὶ
1505 4709 1836 4789 διαγνώσεων
1917 4717 2008 4768 τοῦ

2095 4702 2368 4767 fratribus
2401 4705 2775 4767 consobrina
2804 4706 3200 4780 duanubunt;
3219 4705 3307 4766 vel
3327 4723 3458 4766 cum
3487 4712 3728 4784 patruus

359 4799 655 4878 ἁγιωτάτου
717 4799 1068 4881 πατριάρχου,
1128 4800 1304 4881 κτρίου
1379 4806 1577 4874 Λουκᾶ,
1633 4801 1720 4856 καὶ
1779 4819 2005 4875 προστα-

2095 4802 2151 4881 et
2206 4793 2404 4855 fratris
2455 4797 2582 4875 ejus
2641 4795 2796 4857 ﬁlius
2851 4795 3076 4856 ducunt
3130 4812 3363 4854 sorores
3420 4793 3586 4865 duas,
3629 4797 3730 4852 aut

2087 4880 2314 4944 duobus
2370 4883 2649 4946 fratribus
2684 4885 2861 4946 amita
2921 4883 3235 4964 fratrisque
3292 4882 3412 4944 ﬁlia
3473 4881 3724 4942 nubunt.

357 4887 576 4967 γμάτων
604 4885 919 4964 βασιλικῶν,
964 4891 1051 4944 επὶ
1080 4889 1174 4964 μὲν
1228 4897 1334 4947 τῶν
1365 4890 1424 4947 ἐκ
1495 4888 1742 4967 πλαγίου,
1791 4888 1818 4942 δ
1849 4884 2002 4942 ἕϐδο-

356 4998 456 5052 μος
486 4977 674 5052 βαθνὸς
743 4975 1035 5033 κεκώλυται
1071 4995 1085 5008 ⁶
1141 4979 1226 5035 ἐπὶ
1277 4977 1332 5035 δὲ
1399 4985 1502 5035 τῶν
1559 4976 1609 5043 ἐξ
1667 4977 1998 5055 ἀγχιστείας,

356 5066 486 5145 ποτὲ
529 5065 625 5140 μὲν
669 5081 1027 5145 συγχωρεϊται
1084 5069 1112 5124 ὃ
1167 5067 1340 5144 ἕκτος,
1389 5069 1518 5125 ποτὲ
1577 5065 1632 5122 δὲ
1683 5062 1999 5126 κεκώλυται,

361 5144 498 5211 ’Ὅτε
528 5155 626 5231 γὰρ
680 5144 806 5210 εἰσιν
878 5157 940 5211 εκ
985 5164 1078 5215 τοῦ
1121 5156 1236 5220 ἐνὸς
1299 5157 1486 5236 μέρους
1544 5154 1732 5232 βσθμοὶ
1799 5151 1908 5224 δύο,
1943 5151 2003 5207 ἐκ

355 5240 409 5298 δὲ
439 5249 530 5299 τοῦ
561 5241 739 5321 ἑτέρου
767 5241 1014 5323 τέσσαρες
1049 5264 1064 5281 ο
1098 5246 1195 5325 ὡς,
1227 5244 1351 5302 ὅταν
1399 5244 1486 5301 δύο
1544 5241 1755 5321 ἀδελφοὶ
1810 5238 1999 5296 θέλωσι

354 5336 678 5413 συναφθῆναι
729 5333 858 5409 πρὸς
934 5334 1106 5412 γάμον
1161 5333 1270 5392 δυσὶ
1323 5334 1556 5414 πρώταις
1641 5329 1946 5408 ἐζαδέλφαις
1979 5346 1994 5360 ’

354 5420 494 5478 ἐστιν
526 5421 750 5498 ὁγάμος
798 5420 1188 5500 κεκωλυμένος.
1219 5420 1345 5482 Ἐὰν
1394 5421 1448 5478 δὲ
1505 5426 1648 5486 Octo:
1726 5421 1814 5476 καὶ
1870 5418 1998 5473 ἂνε-

354 5511 478 5586 «pro;
507 5509 668 5567 ἕλωσι
722 5506 786 5560 56
840 5515 1162 5592 ωναφθῆναι
1209 5513 1321 5586 θείᾳ
1378 5513 1466 5570 καὶ
1512 5511 1704 5589 ἆνεψιᾷ
1757 5506 1810 5574 ἐξ
1839 5505 1999 5568 ἄλλου

2087 4970 2423 5044 Quinetiam
2457 4991 2525 5034 ex
2559 4972 2938 5052 synodalibus
2971 4973 3117 5034 actis
3171 4978 3229 5034 et
3278 4969 3729 5050 cogitationibus

2083 5061 2440 5121 sanctissimi
2476 5060 2843 5140 patriarcha,
2879 5061 3106 5122 domini
3139 5063 3336 5141 Luca,
3395 5069 3568 5140 atque
3618 5063 3726 5122 im-

2086 5149 2395 5227 peratoriis
2451 5148 2684 5221 edictis,
2711 5148 2771 5209 in
2828 5148 2926 5223 iis,
2959 5150 3060 5230 qui
3117 5157 3257 5211 sunt
3302 5167 3374 5211 ex
3424 5157 3725 5212 tranverso

2083 5236 2300 5316 gradus
2329 5238 2616 5317 septimus
2648 5245 2736 5298 est
2763 5238 3096 5316 prohibitus
3129 5258 3142 5304 :
3178 5240 3239 5302 in
3268 5240 3550 5304 afﬁnitate
3573 5240 3723 5321 jun-

2084 5325 2214 5398 ctis,
2242 5325 2558 5406 aliquando
2585 5334 2782 5388 sextus
2808 5329 3184 5408 permittitur,
3215 5329 3532 5412 aliquando
3581 5348 3723 5410 pro-

2082 5413 2304 5476 hibitus
2334 5423 2442 5478 est.
2479 5414 2706 5496 Quippe
2746 5436 2879 5478 cum
2932 5436 3000 5479 ex
3051 5437 3164 5483 una
3225 5429 3388 5501 parte
3437 5427 3576 5482 sunt
3605 5419 3722 5482 duo

2081 5503 2318 5586 gradus,
2353 5523 2422 5569 ex
2451 5504 2642 5568 altera
2671 5515 2968 5589 quatuor;
2996 5508 3176 5572 veluti
3200 5528 3334 5572 cum
3367 5509 3483 5572 duo
3511 5509 3723 5573 fratres

1675 5675 1939 5744 VARUE
1981 5673 2306 5743 LECTION
2310 5673 2422 5740 ES.

426 5798 491 5855 56
517 5799 734 5865 θέλωσι.
