4192 6220
365 412 482 480 995
1715 419 1748 481 J
1753 418 1846 480 US
1895 414 2350 482 CANONICUM
3623 413 3740 485 896

367 547 740 612 matrimonio
771 549 1036 630 copulari
1065 549 1266 612 volunt
1288 568 1423 612 cum
1442 547 1668 611 duabus
1697 547 2000 613 consobri-

2095 550 2286 632 γένους,
2320 550 2460 608 ’ἐστιν
2503 554 2529 608 6
2558 552 2728 630 γάμος
2785 551 3087 618 ἀκώλυτος.
3155 543 3285 612 ’Ὅτι
3343 561 3469 632 γοῦν
3538 555 3623 609 καὶ
3673 555 3736 611 τὸ

365 637 458 698 nis
484 657 498 698 :
536 639 844 718 prohibitae
871 639 1087 720 nuptiae
1113 647 1270 702 sunt.
1305 637 1509 701 Sivero
1545 647 1787 718 patruus
1816 657 2006 699 avun-

365 725 624 799 culusve,
659 745 728 789 ac
755 727 953 789 fratris
981 727 1275 788 sororisve
1305 727 1486 799 ﬁlius,
1536 727 1798 808 capulari
1830 727 2010 788 velint

366 833 498 876 cum
525 815 706 877 amita
735 825 1145 898 materterave,
1189 835 1257 878 ac
1310 815 1506 877 fratris
1536 817 1828 877 sororisve
1864 815 2004 897 ﬁlia,

365 901 598 964 diverso
649 921 870 983 genere
912 905 1064 965 natis
1098 927 1110 961 :
1151 903 1591 965 matrimonium
1624 904 1850 965 licitum
1895 912 2004 966 est.

363 989 674 1054 Enimvero
714 1012 847 1056 cum
881 994 1251 1074 propositum
1285 992 1357 1054 ab
1385 1013 1454 1054 eo
1489 993 1917 1072 interrogatum
1950 999 2010 1055 et

362 1080 628 1158 quaestio,
663 1101 781 1144 non
813 1091 1160 1144 numeretur
1192 1101 1302 1143 nec
1347 1083 1638 1143 referatur
1684 1081 1842 1142 inter
1867 1099 2008 1162 pro-

363 1167 576 1230 hibitas
609 1170 868 1252 nuptias,
902 1190 1040 1252 quce
1074 1190 1253 1250 supra
1283 1179 1695 1245 recensentur,
1730 1170 1834 1232 sed
1870 1189 2010 1250 spe-

365 1265 482 1317 ctet
539 1258 612 1320 ad
671 1260 917 1338 gradum
978 1278 1048 1320 ex
1102 1259 1384 1320 afﬁnitate
1443 1259 1762 1339 septimum
1818 1259 2009 1340 (nam

362 1347 624 1409 sohrinae
650 1358 814 1410 sexto
863 1348 976 1410 sibi
1033 1348 1224 1428 gradu
1273 1349 1628 1428 junguntur,
1663 1357 1720 1408 et
1747 1366 1876 1428 qua;
1907 1366 2010 1409 co-

362 1436 597 1516 pulatur
651 1437 744 1498 his
801 1454 1073 1516 persona,
1135 1438 1385 1515 gradum
1434 1438 1615 1498 alium
1675 1436 2006 1512 constituit,

365 1531 424 1585 et
449 1523 522 1585 ad
556 1528 876 1605 septimum
906 1544 977 1588 ex
1010 1525 1294 1586 afﬁnitate
1324 1525 1571 1604 gradum
1621 1526 2007 1605 removetur),

2091 663 2197 718 παρ
2226 642 2380 696 αὖτοῦ
2407 641 2656 719 προτεθὲν
2685 641 2914 721 ἐροτεθὲν
2945 641 3216 720 ἐρώτημα,
3249 643 3336 699 καὶ
3363 643 3603 718 ζήτημα,
3649 641 3738 700 καὶ

2089 727 2396 807 πρόϐλημα,
2469 733 2528 789 οὗ
2623 734 3018 810 συναριθμεῖται
3091 732 3180 788 καὶ
3260 731 3735 810 συγκατατάττεται

2088 831 2207 881 τοῖς
2239 817 2432 874 ἄνωθεν
2472 817 2814 894 δηλουμένοις
2871 818 3256 896 κεκωλυμένοις
3325 819 3544 900 γάμοις,
3603 819 3738 876 ἀλλὰ

2090 907 2258 986 ἀφορᾷ
2317 911 2398 970 εἷς
2444 909 2534 963 τὸν
2589 907 2640 972 ἐξ
2710 908 3022 989 ἀγχιστείας
3080 906 3300 984 ἓκδομυν
3372 910 3598 986 βαθμὸν,
3659 908 3733 987 (αἱ

2091 996 2189 1073 γὰρ
2253 993 2483 1074 δεύτεραι
2541 994 2813 1076 ἐξάδελφαι
2872 994 3021 1054 ἕκτου
3103 997 3308 1073 βαθμοῦ
3364 998 3495 1054 εἰσιν
3527 1011 3544 1027 ⁸
3594 993 3730 1055 ἄλλᾶ

2089 1085 2178 1140 καὶ
2230 1086 2290 1140 τὸ
2347 1087 2738 1159 συναπτόμενον
2780 1086 3083 1162 πρόσωπον,
3145 1087 3347 1162 βαθμὸς
3391 1085 3590 1166 ἕτερος,
3648 1084 3736 1140 καὶ

2091 1172 2420 1230 ἀποτείνεται
2450 1175 2523 1237 εἷς
2554 1171 2773 1250 ἕϐδομον
2822 1173 2874 1240 ἐξ
2932 1175 3243 1255 ἀγχιστείας
3318 1174 3568 1254 βαθμὸν),
3615 1178 3731 1249 ψη-

2090 1263 2342 1339 φιζόμεθα
2410 1265 2498 1320 καὶ
2555 1262 2781 1343 λέγομεν
2834 1266 2926 1320 τὸν
2981 1271 3215 1322 τοιοῦτον
3271 1265 3444 1342 γάμον
3514 1262 3730 1320 ἀκώλυ-

2089 1371 2179 1406 τον
2211 1365 2226 1380 ⁶
2275 1353 2347 1415 ὡς
2393 1362 2486 1411 τοῦ
2531 1350 2583 1416 ἐξ
2647 1352 2955 1432 ἀγχιστείας
3009 1349 3229 1429 ἑϐδόμου
3279 1353 3478 1430 βαθμοῦ
3505 1349 3734 1409 ἀδιαστί-

2092 1461 2218 1497 οιτου
2244 1440 2327 1496 κοὶ
2400 1439 2672 1497 ἀκωλύτου
2752 1441 2926 1510 πάντη
2999 1440 3168 1505 ὄντος,
3229 1448 3404 1500 Ταῦτα
3458 1440 3589 1518 πρὸς
3645 1441 3735 1496 τὸν

2092 1527 2458 1606 ἀφηγηθὲντα.

364 1613 742 1676 decernimus
773 1623 953 1695 atque
1003 1614 1260 1676 dicimus
1289 1614 1468 1693 hujus
1500 1613 1659 1674 modi
1709 1613 2149 1676 matrimonium
2203 1634 2320 1676 non
2351 1634 2484 1678 esse
2531 1617 2772 1680 vetitum
2799 1638 2816 1696 ;
2847 1618 3081 1700 quando
3109 1616 3327 1698 gradus
3355 1636 3425 1681 ex
3453 1617 3737 1680 aﬂinitate

367 1701 678 1782 septimus,
709 1702 1087 1766 indistinctus
1117 1712 1225 1779 est,
1262 1721 1328 1764 ac
1355 1701 1597 1762 omnino
1631 1721 1749 1762 non
1779 1700 2152 1782 prohibetur.
2186 1706 2323 1766 Haec
2351 1706 2424 1767 ad
2455 1724 2633 1787 supra
2663 1714 3214 1771 commemoratum.

920 1797 1418 1876 Subscn'ptt'ones.

442 1889 626 1952 Judex
656 1889 807 1966 Veli,
839 1890 1071 1954 Gabriel
1103 1891 1468 1972 Splenarius,
1503 1889 1758 1952 decretis
1797 1907 2005 1952 assen-

363 1979 520 2041 tiens
549 1979 898 2061 subscripsi.

441 2067 627 2132 Judex
659 2069 813 2142 Veli,
845 2067 1104 2133 Joannes
1155 2071 1462 2151 Apotyras,
1495 2067 1754 2131 decretis
1797 2086 2006 2130 assen-

363 2155 515 2218 tiens
556 2157 900 2239 subscripsi.

437 2247 626 2308 .ludex
676 2246 830 2322 Veli,
864 2247 1121 2327 Nicetas,
1183 2248 1407 2329 primus
1445 2265 1516 2308 ac
1556 2265 1871 2328 supremus
1900 2245 2007 2308 ille

359 2333 774 2398 Nobilissimus
803 2349 845 2413 ι,
866 2335 1322 2418 Hispanopolus,
1351 2336 1557 2398 eadem
1589 2338 1852 2400 sentiens
1870 2333 2004 2396 sub-

365 2423 599 2518 scripsi.

997 2517 1142 2581 Item
1173 2535 1209 2580 α
1242 2523 1438 2596 tergo.

443 2604 723 2679 Joannes,
774 2607 957 2686 judex
1003 2607 1134 2669 Veli
1175 2615 1233 2668 et
1279 2607 1434 2669 Circi
1461 2606 1793 2688 prefectus,
1828 2606 2010 2688 Dishy

371 2701 566 2772 patus,
599 2696 931 2756 assentiens
961 2703 1018 2754 et
1047 2697 1175 2774 ipse
1207 2694 1462 2756 decretis
1513 2695 1669 2756 intus
1702 2694 2008 2774 expositis,

372 2781 718 2864 subscripsi.

966 2885 1290 2948 PHILOTH
1301 2888 1394 2948 EI.

366 2987 756 3053 Sunctissimi
780 2991 1164 3070 patriarchas,
1202 2990 1433 3053 domi-ni
1463 2988 2018 3070 Philothei,refuta-

450 3072 532 3132 tio
562 3069 933 3151 scriptarum
962 3073 1123 3152 apud
1155 3069 1678 3150 Harmenoliolum
1723 3069 1868 3152 (27°)
1903 3088 2013 3133 ea:-

449 3153 879 3214 secrationum.

455 3257 601 3319 Cum
655 3256 874 3336 peritus
917 3256 999 3318 sis
1036 3255 1374 3336 hujusmodi
1401 3274 1626 3330 rerum,
1656 3254 2013 3318 venerabilis

2645 1823 2672 1856 α
2706 1804 2768 1860 Αἱ
2811 1801 3130 1882 ὑπογραφαί.
3169 1825 3192 1860 ι

2171 1889 2230 1950 Ὀ
2261 1894 2452 1972 κφιτὴς
2482 1902 2574 1951 τοῦ
2604 1894 2802 1970 Βήλου,
2837 1893 3070 1976 Βαϐριὴλ
3100 1898 3128 1954 6
3179 1894 3538 1976 Σπληνάριος,
3611 1897 3733 1961 τοῖς

2089 1985 2401 2064 ψηφισθεϊσι
2432 1990 2690 2063 στοιχῶν,
2720 1984 3018 2064 ὑπέγραψα.

2171 2063 2229 2128 Ὀ
2271 2072 2454 2151 κριτὴς
2484 2075 2574 2128 τοῦ
2603 2072 2801 2142 Βήλου.
2857 2063 3122 2141 νἸωάννης
3193 2075 3220 2130 6
3276 2083 3575 2157 Αποτυρας,
3607 2090 3723 2141 τοῖς

2089 2161 2402 2236 ψηφισθεῖσι
2436 2167 2689 2240 στοιχῶν,
2737 2160 3042 2242 δπέγραψα,

2173 2242 2230 2307 Ὀ
2296 2250 2480 2328 κριτὴς
2536 2256 2626 2306 τοῦ
2694 2250 2891 2331 Βήλου,
2947 2250 3166 2316 Νικὲτας
3226 2253 3772 2339 Πρωτονωόελλισμν

2092 2338 2472 2419 μουπερτατος,
2531 2339 2559 2394 6
2626 2338 2986 2404 Σπανοπῶλος
3014 2340 3100 2418 57,
3149 2342 3216 2399 τὰ
3303 2342 3436 2401 αὒτά
3502 2346 3729 2424 φρονῶν,

2088 2429 2404 2507 ὕπήγραψα.

2667 2547 2694 2578 α
2729 2525 2828 2581 Καὶ
2856 2522 3094 2584 ὄπισθεν.
3130 2547 3158 2580 ι

2175 2607 2446 2682 Ἰωάννης,
2481 2614 2508 2668 6
2539 2612 2721 2690 κριτὴς
2749 2619 2842 2668 τοῦ
2912 2611 3088 2682 Βήλου
3145 2614 3234 2670 καὶ
3288 2613 3374 2669 ἐπὶ
3428 2623 3520 2672 τοῦ
3547 2603 3737 2671 Ἰππο-

2093 2693 2308 2774 δρόμου,
2341 2702 2368 2755 6
2402 2701 2719 2780 Δισύπατος,
2777 2706 3008 2781 ποιχῶν
3065 2703 3152 2758 καὶ
3199 2703 3353 2766 αὑτὸς
3421 2715 3537 2766 τοῖς
3590 2702 3737 2766 ἐντὸς

2093 2791 2561 2870 γνωματευθεῖσιν,
2595 2789 2897 2869 ὑπέγραψα.

2731 2899 3095 2952 ΦΙΛΟΘΕΟΥ.

2107 2997 2127 3028 ι
2191 2983 2292 3034 Τοῦ
2363 2979 2657 3058 ἀγιωτάτου
2771 2981 3122 3063 πατριάρχου,
3203 2983 3376 3055 κυρίου
3457 2982 3732 3054 Φιλοθέου,

2177 3065 2446 3146 ἀνατροπῆ
2492 3077 2598 3126 τῶν
2628 3069 3008 3150 γεγραμμένων
3036 3062 3178 3151 παρὰ
3205 3078 3282 3147 τῷ
3326 3070 3488 3153 ’Δρμε
3499 3062 3734 3148 νοπούλῳ

2177 3155 2639 3232 ἀναθεματισμῶν.
2693 3184 2719 3215 n

2181 3249 2236 3316 Ὀ
2263 3261 2472 3338 περὶτὰ
2531 3269 2746 3318 τοιαῦτα
2801 3266 2984 3344 σοφὸς,
3041 3262 3259 3322 σεϐαστέ
3303 3262 3597 3345 νομοφύλαξ
3639 3265 3728 3321 καὶ

373 3344 773 3425 Nomophylax
809 3354 866 3406 et
887 3345 1071 3422 judex
1106 3345 1396 3424 generalis
1426 3343 2008 3422 Harmenopule,cur

2095 3347 2339 3404 καθολικὲ
2395 3351 2547 3427 κριτά
2591 3343 3003 3430 Ἀρμενόπουλε,
3067 3359 3180 3417 πῶς
3237 3353 3296 3410 οὒ
3350 3343 3563 3412 κέκεῐνο
3606 3366 3724 3417 τοῖς

369 3453 487 3495 non
521 3434 633 3495 hoc
664 3453 900 3515 quoque
945 3434 1182 3515 scriptis
1225 3433 1514 3514 adjecisti,
1551 3434 1705 3512 quod
1737 3433 2008 3523 videlicet

2095 3436 2477 3514 γεγραμμένοις
2508 3439 2860 3518 προσέθηκας,
2916 3441 2996 3498 ὅτι
3053 3441 3136 3503 διὰ
3189 3443 3308 3507 τοὺς
3380 3445 3606 3523 χρυσοῦς
3650 3444 3736 3500 καὶ

369 3532 610 3603 propter
639 3542 851 3585 aureas
897 3533 953 3584 et
986 3532 1216 3585 sanctas
1262 3525 1422 3601 leges
1479 3523 1638 3584 illius
1686 3522 1882 3602 magni
1913 3523 2008 3584 lu-

372 3613 547 3674 minis
603 3611 884 3676 Ecclesize
937 3611 1212 3692 Joannis,
1261 3611 1332 3673 ab
1394 3630 1578 3673 aurea
1635 3610 1833 3690 lingua
1867 3612 2010 3673 dicti

368 3701 794 3782 Chrysostomi,
829 3702 1042 3784 quibus
1075 3702 1464 3782 prohibentur
1485 3699 1844 3761 anathemati
1873 3698 2010 3762 sub-

364 3788 470 3868 jici
505 3789 843 3865 Christiani,
877 3809 1052 3870 quam
1085 3791 1186 3851 diu
1234 3797 1413 3852 rectae
1444 3789 1518 3850 de
1549 3791 1670 3852 Deo
1701 3789 2011 3850 sententiae

366 3877 689 3950 adhazrent,
727 3896 856 3939 esse
887 3879 1174 3939 desierint
1206 3880 1263 3940 in
1313 3897 1420 3938 usu
1457 3876 1540 3936 illi
1573 3877 1710 3936 tomi
1766 3879 1864 3956 qui
1895 3875 2006 3938 de-

367 3967 738 4029 functionum
772 3977 1063 4043 auctores,
1099 3977 1155 4029 et
1180 3967 1638 4048 imperatoribus
1671 3966 2008 4046 perduelles

364 4057 725 4117 anathemati
755 4057 1096 4119 devovent?
1128 4057 1250 4118 lloc
1299 4059 1454 4116 enim
1509 4055 1686 4115 tradit
1743 4055 2011 4116 eruditus

371 4145 472 4206 ille
515 4144 938 4226 Nomophylax,
975 4154 1034 4208 et
1083 4145 1480 4206 consimilium
1525 4142 1638 4203 tuis
1683 4143 2011 4205 studiorum

373 4233 673 4314 particeps
726 4235 1022 4310 Balsama,
1083 4243 1200 4295 tam
1232 4235 1290 4294 in
1324 4233 1553 4312 legibus
1599 4250 1771 4312 quam
1827 4250 2011 4293 cano-

2092 3525 2269 3611 άγίους
2300 3526 2490 3600 νόμους
2533 3535 2626 3585 τοῦ
2669 3528 2901 3607 μεγάλου
2952 3535 3048 3602 τῆς
3112 3529 3428 3598 Ἐκκλησίας
3459 3537 3734 3611 φωστῆρος

2093 3609 2336 3670 Ἰωάννου
2361 3622 2452 3671 τοῦ
2481 3617 2579 3684 τὴν
2625 3615 2864 3694 γλῶτταν
2922 3626 3145 3700 χρυσοῦ,
3213 3619 3330 3697 περὶ
3358 3626 3451 3676 τοῦ
3473 3609 3589 3697 ⁷μὴν
3618 3609 3731 3678 δεῖν

2095 3703 2431 3781 Χριστιανοὺς
2490 3704 2971 3782 ἀναθεματίζεσθαι,
3059 3707 3160 3773 ἕως
3214 3707 3274 3762 ἂν
3331 3706 3576 3776 δηλονότι
3631 3715 3728 3777 τῆς

2093 3791 2248 3869 ὀρθῆς
2295 3789 2524 3871 ἔχωνται
2568 3795 2684 3873 περὶ
2712 3799 2843 3851 Θεοῦ
2907 3794 3083 3876 δόξης,
3144 3797 3492 3876 ἡπράκτησαν
3534 3801 3582 3855 οἱ
3650 3801 3738 3856 τό-

2091 3901 2206 3959 μοι,
2239 3883 2284 3936 οἱ
2327 3882 2445 3944 τοὺς
2496 3882 2918 3948 ἀποστατοῦντας
2977 3887 3062 3941 καὶ
3117 3884 3560 3962 ἐπανισταμένους
3610 3902 3726 3952 τοῖς

2089 3969 2388 4044 βασιλεῦσιν
2457 3969 2967 4049 ἀναθεματίζοντεςς
3026 3984 3190 4034 Τοῦτο
3259 3977 3358 4056 γάρ
3387 3999 3544 4056 φησιν
3589 3979 3617 4034 ὁ
3648 4001 3737 4036 σο-

2093 4059 2190 4137 φὸς
2247 4058 2540 4137 νομοφύλαξ
2596 4061 2683 4116 καὶ
2749 4068 2854 4118 τῶν
2939 4063 3134 4139 δμοίων
3219 4087 3302 4122 σοι
3402 4065 3732 4134 σπουδαστὴς

2095 4145 2412 4222 Βαλσαμὼν,
2446 4151 2474 4204 6
2503 4148 2555 4204 ἐν
2586 4150 2768 4226 νόμοις
2800 4173 2856 4206 τε
2913 4154 2999 4208 καὶ
3054 4153 3236 4209 κανόσι
3292 4151 3520 4228 μάλιστα
3575 4154 3736 4212 πολυ-

2093 4235 2412 4310 μαθέστατος
2463 4240 2549 4295 καὶ
2605 4241 2931 4321 σοφώτανος,
2976 4244 3004 4298 6
3079 4244 3166 4298 καὶ
3207 4242 3543 4323 πατριάρχης
3603 4243 3730 4300 ’Λν-

370 4320 544 4383 nibus
602 4323 914 4385 maximam
970 4323 1221 4403 adeptus
1273 4321 1581 4384 scientiam
1641 4329 1816 4400 atque
1865 4321 2008 4382 doc-

2095 4326 2332 4404 τιοχείας
2361 4328 2459 4392 τῆς
2491 4327 2728 4406 μεγάλης
2760 4320 3088 4410 ἀναδειχθεὶς
3147 4320 3383 4412 ῧατερον,
3406 4320 3413 4322 ὴ
3437 4320 3586 4410 ’ὅπερ
3615 4331 3731 4391 οὒδὲ

369 4411 582 4473 trinam
615 4413 713 4494 qui
763 4422 822 4476 et
867 4433 1075 4491 magna
1105 4413 1263 4474 illius
1293 4411 1625 4475 Antiochiae
1686 4412 2008 4488 patriarcha

2095 4436 2152 4469 σε
2206 4413 2561 4471 διαλανθάνειν
2632 4416 2842 4493 εἴποιμι
2903 4417 2963 4474 ἂν
3023 4418 3194 4497 ’ἐγωγὲ
3261 4411 3414 4478 ποτε.
3461 4421 3622 4486 σοφόν
3675 4442 3732 4478 τε

367 4500 601 4561 tandem
632 4487 998 4581 vdesignatus
1053 4502 1160 4562 fuit
1194 4520 1206 4564 :
1244 4501 1301 4562 id
1357 4500 1511 4581 quod
1573 4518 1648 4560 ne
1675 4507 1735 4589 te
1761 4497 2008 4589 quidem

2095 4499 2216 4557 ὄντα
2249 4504 2332 4558 καὶ
2403 4501 2689 4562 σπουδαῖον
2732 4507 2798 4562 τὰ
2838 4514 3074 4580 τοιαῦτα,
3139 4505 3289 4586 εἴπερ
3343 4509 3482 4568 τινά.
3534 4515 3580 4564 Η
3611 4517 3734 4589 γοῦν

366 4589 638 4666 ignorare
695 4591 972 4667 dixerim,
1032 4595 1224 4654 virum
1275 4590 1536 4662 doctum,
1569 4596 1626 4648 et
1673 4587 2008 4666 liujusmodi

2095 4590 2314 4646 κάκεῖνα
2371 4594 2703 4673 προσγράψαι
2775 4615 2835 4649 σε
2897 4607 3016 4658 τοῖς
3073 4593 3309 4674 ῥηθεῖσιν
3370 4595 3587 4662 ἐκείνοις
3617 4587 3736 4678 περὶ

363 4694 562 4738 rerum
649 4678 709 4739 in
789 4680 997 4760 primis
1081 4678 1433 4740 studiosum.
1510 4678 1623 4738 Aut
1696 4675 1877 4752 igitur
1955 4684 2008 4737 et

2095 4685 2194 4734 τῶν
2225 4680 2403 4755 τόμων
2449 4681 2637 4762 ἒχρῆν,
2672 4682 2708 4750 ἢ
2741 4681 2876 4758 μηδὲ
2925 4693 3090 4743 ταῦτα
3134 4697 3252 4748 τοῖς
3309 4683 3610 4750 καλλίστοις
3643 4675 3736 4743 σου

364 4766 464 4827 illa
517 4768 869 4831 ascribenda
949 4778 1119 4831 erant
1179 4768 1252 4829 iis
1287 4815 1303 4843 ,
1366 4767 1498 4846 quis
1574 4764 1740 4826 hisce
1797 4763 1902 4824 abs
1956 4775 2008 4854 te

2095 4769 2178 4823 καὶ
2221 4767 2516 4835 σπουδαίοις
2577 4769 2772 4836 ἐντάξει
2831 4773 3260 4851 συγγράμμασιν.
3308 4771 3456 4830 ἈΛλ’
3512 4773 3620 4854 ἐγὼ
3675 4776 3735 4831 τὸ

365 4855 522 4916 dicta
573 4870 757 4920 sunt:
792 4868 892 4920 aut
947 4859 1072 4920 haec
1134 4855 1548 4938 pulcherrimis
1606 4861 1664 4942 et
1718 4852 2008 4914 accuratis

2095 4855 2342 4912 ὲλλεῐπον
2408 4865 2485 4932 τῷ
2514 4869 2604 4918 τοῦ
2657 4858 2808 4940 φίλου
2876 4862 3250 4940 συγγράμματι
3309 4852 3737 4942 προσαναπληρῶ

364 4944 482 5005 illis
514 4944 752 5026 scriptis
802 4947 918 5010 tuis
975 4963 1342 5027 nequaquam
1391 4941 1725 5032 inferenda.
1790 4943 2006 5032 V_erum

2095 4942 2192 5011 ἤδη
2242 4959 2256 4974 ⁸
2289 4947 2376 5002 καὶ
2445 4950 2598 5022 οἶμαι
2628 4949 2672 5002 ὼ
2731 4949 2790 5005 οὗ
2858 4951 3118 5029 φορτικὸς,
3170 4948 3292 5006 ἀλλ’
3320 4941 3437 5007 οὖδὲ
3493 4941 3737 5032 περιττός

371 5051 478 5110 ego
501 5033 627 5114 jam
657 5035 959 5116 complere
987 5035 1140 5108 volo,
1168 5033 1322 5114 quod
1355 5032 1528 5094 amici
1560 5029 1782 5109 scripto
1811 5029 2003 5119 deest:

2095 5055 2168 5095 τις
2198 5031 2350 5110 δόξω,
2383 5035 2681 5114 τάναγκαῖα
2713 5039 2798 5094 καὶ
2839 5033 3014 5094 δίκαια
3084 5039 3223 5096 κατά
3275 5044 3449 5097 πᾶσαν
3500 5029 3738 5119 ἀνάγκην

371 5140 585 5202 meque
638 5122 884 5186 minime
935 5141 1278 5195 onerosum,
1318 5141 1427 5183 nec
1458 5121 1824 5200 superfluum
1882 5118 2009 5180 fore
2090 5127 2284 5183 ποιῶν.

365 5208 644 5286 arbitror,
679 5211 818 5273 dum
852 5211 1183 5274 necessaria
1215 5220 1275 5274 et
1302 5229 1489 5291 azqua,
1523 5209 1608 5270 sic
1641 5207 1768 5290 ipsa
1795 5214 2078 5288 poscente
2109 5210 2483 5291 necessitate,
2519 5211 2801 5295 suscipio.

1683 5365 1938 5432 νΑΡιιιΕ
1981 5366 2419 5434 LECTIONES.

445 5475 507 5527 57
537 5480 565 5534 ὁ
594 5476 961 5553 Σπανοπλόος,
997 5477 1171 5540 male.

444 5623 466 5655 ι
496 5597 830 5679 Πίρηίιαιίε
858 5597 1159 5662 Palatinis
1185 5615 1428 5662 nomen.

1921 5697 2172 5767 NOTAE.

456 5804 588 5886 (27)
614 5803 680 5868 In
710 5805 968 5888 epitome
990 5809 1145 5890 juris
1173 5806 1387 5872 civilis.
