4192 6220
392 386 513 455 897

1718 387 2413 456 GRECO-ROMANUM

3657 395 3777 461 898

477 512 536 581 Ὀ
603 523 774 581 τοίνυν
843 521 1149 605 προῤῥηθεὶς
1217 524 1555 606 πατριάρχης
1623 518 1957 605 Ἀντιοχείας
2011 526 2039 580 6

2202 521 2528 584 Praedictus
2584 522 2763 603 igitur
2818 523 3228 587 Antiochenus
3278 526 3639 607 patriarcha,
3674 546 3775 590 sa-

396 611 556 690 σοιρὸς
584 609 887 687 Βαλσαμὼν
942 612 1060 679 τοὺς
1141 613 1308 693 ἱεροὺς
1392 610 1742 692 ἐξηγούμενος
1795 613 2043 682 κανόνας,

394 696 517 754 τάδε
560 700 719 780 φησὶν
748 699 804 756 ἐν
832 705 910 774 τῷ
951 700 1217 779 προοιμίῳ
1263 706 1364 769 τῆς
1420 700 1723 780 ἐξηγήσεως
1780 706 1885 758 τῶν
1939 722 2045 757 κα-

395 786 560 870 νόνων
589 788 687 856 τῆς
716 788 770 847 ἐν
797 790 1015 870 Γάγγρᾳ
1044 787 1261 850 συνόδου
1297 809 1312 826 ⁸

479 866 545 933 Ἠ
597 878 694 954 μὲν
743 866 982 959 παρουσα
1051 877 1265 945 σύνοδος
1322 879 1581 960 προφάσει
1649 879 1753 937 τῶν
1813 877 2042 957 γενομέ-

397 987 487 1021 νον
555 967 697 1046 παρὰ
752 974 845 1025 τοῦ
888 968 1169 1028 Εὒσταθίου
1252 975 1455 1039 κακῶν,
1537 967 1855 1032 ὑπεναντίως
1923 980 2042 1030 τοῖς

397 1049 827 1131 δογματισθετσιν
910 1060 1076 1138 ὀρθῶς
1124 1058 1267 1137 παρὰ
1320 1061 1419 1126 τῆς
1475 1055 1759 1125 καθολικῆς
1804 1054 2042 1124 Ἐκκλη-

398 1140 538 1223 σίας,
596 1142 1053 1222 ἀναθεματίζεσθαι
1103 1149 1225 1211 τοὺς
1283 1147 1576 1227 ὁμόφρονας
1659 1145 1841 1220 ἐκείνῳ
1884 1143 2045 1224 διορί-

400 1237 569 1302 ζεται.

941 1345 966 1382 ι
1002 1328 1102 1384 Καὶ
1130 1326 1266 1402 μετά
1292 1347 1432 1388 τινα.
1467 1345 1498 1385 )

490 1398 547 1466 Ὀ
605 1408 659 1466 δὲ
703 1422 931 1491 χρυσοῦς
972 1414 1071 1482 τὴν
1114 1398 1355 1494 γλῶτταν
1420 1415 1507 1470 καὶ
1561 1419 1661 1483 τῆς
1732 1413 2043 1489 οἰκουμένης

400 1494 734 1570 διδάσκαλος,
822 1500 1338 1582 παρακελευόμενος,
1435 1504 1512 1579 μὴ
1582 1502 2042 1578 ἁναθεματίζεσθαι

399 1583 670 1663 ἄνθρωπον
697 1590 905 1669 πιστὸν,
940 1591 1068 1672 φησὶ
1093 1598 1258 1649 ταῦτα
1298 1592 1474 1670 ῥητῶς
1509 1608 1523 1623 ⁶
1602 1615 1628 1647 σ
1658 1592 1719 1650 Τί
1775 1594 1863 1648 οὖν
1932 1591 2044 1647 ἐστι

407 1691 435 1733 ι
465 1683 643 1750 τοῦτο,
676 1677 704 1732 ὃ
733 1673 930 1758 λέγεις,
963 1680 1026 1735 τὸ
1069 1679 1305 1756 ἀνάθεμα
1350 1699 1367 1759 ς
1416 1678 1566 1738 Ἀλλ’
1597 1678 1679 1736 ὅτι
1728 1679 2045 1737 ἆνατιθέσθω

408 1784 435 1815 ι
485 1764 634 1829 οὗτος
694 1772 770 1840 τῷ
825 1763 1077 1843 διαϐόλῳ,
1139 1770 1226 1825 καὶ
1282 1769 1474 1845 μηκέτι
1533 1769 1795 1849 αωτηρίας
1861 1768 2045 1849 χώραν

2131 610 2300 690 piens
2327 610 2430 672 ille
2459 612 2753 689 Balsamo,
2788 613 2928 676 dum
2976 631 3178 676 sacros
3208 615 3449 695 exponit
3487 634 3769 686 canones.

2128 700 2253 761 haec
2282 698 2342 760 in
2401 701 2738 780 praafatione
2793 701 3160 783 expositione
3211 722 3504 765 canonum
3562 705 3774 786 synodi

2128 787 2491 866 Gangrensis
2524 791 2665 854 dicit
2696 811 2710 852 :

2209 879 2471 939 Praisens
2519 878 2629 940 ista
2674 881 2930 959 synodus
2979 899 3085 962 pro
3137 882 3449 944 occasione
3474 882 3772 946 illatorum

2125 965 2198 1027 ab
2253 964 2556 1028 Eustathio
2619 970 2954 1050 malorum,
3012 970 3241 1033 ratione
3313 972 3564 1052 quadam
3624 992 3773 1035 con-

2127 1054 2307 1117 traria
2362 1062 2525 1117 recte
2575 1056 2782 1118 salutis
2829 1055 2904 1117 ab
2961 1057 3228 1119 Ecclesia
3277 1061 3593 1137 catholica,
3640 1079 3774 1123 cum

2123 1141 2432 1206 Eustatbio
2503 1145 2831 1207 sentientes
2868 1146 3240 1211 anathemate
3298 1148 3601 1212 feriendos
3658 1149 3771 1212 de-

2129 1231 2345 1294 cernit.
3450 1241 3453 1245 '

2714 1322 2797 1384 Et
2826 1323 3012 1402 paulo
3040 1331 3197 1401 post.

2208 1410 2279 1471 At
2307 1427 2484 1471 aurea
2518 1410 2798 1491 praeditus
2829 1411 2925 1473 ulle
2950 1411 3460 1493 lingua,orbisque
3480 1421 3770 1477 terrarum

2126 1497 2356 1573 doctor,
2389 1500 2528 1560 dum
2559 1500 2932 1561 anathemate
2987 1500 3213 1581 percuti
3258 1509 3415 1562 vetat
3466 1501 3768 1565 hominem

2127 1585 2387 1661 fidelem,
2423 1586 2619 1649 verbis
2644 1587 2883 1649 disertis
2916 1589 3040 1649 hzec
3070 1588 3147 1649 ait
3177 1608 3191 1649 :
3238 1611 3260 1646 (ι
3298 1587 3450 1661 Quid
3483 1589 3655 1669 igitur
3685 1599 3775 1653 est

2132 1698 2159 1731 α
2194 1674 2363 1755 illud,
2397 1677 2554 1755 quod
2586 1675 2736 1736 dicis
2764 1677 3124 1739 anathema?
3155 1677 3449 1743 Nimirum
3483 1685 3546 1739 ut
3589 1678 3771 1740 devo-

2136 1785 2157 1817 ιι
2196 1776 2403 1823 veatur
2432 1763 2541 1825 istc
2573 1762 2955 1837 diabolo,nec
2986 1764 3191 1825 salutis
3221 1764 3479 1845 amplius
3503 1766 3771 1846 sitparli-

409 1874 432 1906 ιι
467 1851 667 1932 ἐχέτω.
742 1854 977 1912 Γενέσθω
1027 1855 1304 1937 ἀλλότριος
1355 1867 1449 1918 τοῦ
1506 1867 1751 1939 Χριστοῦ.
1812 1859 1911 1916 Καὶ
1967 1858 2042 1920 τίς

2134 1871 2160 1909 ι
2198 1869 2357 1931 ceps.
2373 1851 2497 1913 Fiat
2523 1851 2753 1913 alienus
2769 1869 2803 1911 a
2823 1850 3058 1913 Chrisw
3080 1852 3445 1933 denique.Et
3475 1853 3767 1933 quisnam,

408 1960 433 1996 ε
468 1940 524 1998 εἷ
553 1942 614 1998 σύ
650 1961 666 2017 ;
695 1952 858 2003 ταῦτα
884 1950 983 2013 τῆς
1011 1946 1242 2012 ἐξουσίας
1299 1948 1387 2004 καὶ
1435 1952 1535 2015 τῆς
1591 1945 1831 2026 μεγάλης
1888 1944 2045 2002 δυνά-

412 2050 437 2085 ι
473 2050 641 2104 μεως.
702 2034 832 2090 Τότε
902 2035 1004 2113 γὰρ
1056 2036 1255 2093 καθίσει
1308 2038 1337 2093 6
1391 2036 1659 2114 βασιλεὺς,
1716 2038 1804 2093 καὶ
1860 2036 2043 2103 στήσει

407 2139 436 2171 ιι
466 2119 533 2174 τὰ
553 2120 649 2193 μὲν
676 2118 915 2201 πρόϐατα
953 2122 1016 2179 ἐκ
1041 2122 1241 2201 δεξιῶν,
1295 2126 1360 2181 τὰ
1416 2122 1472 2181 δὲ
1527 2125 1695 2205 ἐρίφια
1748 2123 1800 2190 ἐξ
1843 2124 2042 2179 εὕωνύ-

410 2224 436 2261 α
472 2229 607 2281 μων.
641 2209 701 2266 Τί
729 2209 816 2267 οὗν
859 2215 959 2279 τῆς
1016 2214 1276 2281 τοσαύτης
1341 2211 1598 2273 ἐπελάϐου
1637 2212 1780 2279 ἀξίας
1813 2230 1827 2274 :
1900 2234 1922 2267 ιι
1957 2213 2043 2268 καὶ

376 2294 520 2370 ,μετ’
549 2294 701 2376 ὀλίγα
744 2301 902 2379 φησὶν
944 2302 973 2357 6
1005 2302 1162 2367 αὐτὸς
1212 2303 1585 2382 Χρυσόστομος
1620 2346 1634 2359 .
1673 2324 1696 2358 ι
1761 2302 2042 2380 Τοιγαροῦν

407 2404 431 2439 ι
468 2385 496 2440 6
525 2386 847 2452 Ἀπόστολος
890 2388 944 2447 ἐν
972 2387 1083 2449 δυσὶ
1130 2391 1311 2467 μόνοις
1341 2391 1526 2456 τόποις
1583 2391 1874 2469 ἐξανάγκης
1943 2390 2043 2457 τὴν

407 2496 431 2526 ιι
468 2474 650 2551 φωνὴν
705 2476 902 2545 ταύτην
951 2481 1187 2558 φαίνεται
1244 2481 1426 2540 εἰπών.
1487 2482 1603 2561 Οὖχ
1670 2481 1918 2558 ὁριστικῷ
1988 2476 2043 2533 δὲ

408 2579 435 2619 (
468 2562 648 2640 τρόπῳ
674 2566 870 2633 ταύνην
918 2569 1245 2648 προήγαγεν,
1315 2569 1369 2625 ἐν
1424 2570 1501 2645 μὴ
1558 2576 1625 2646 τῇ
1677 2569 1808 2647 πρὸς
1853 2578 2042 2647 Κοριν-

408 2672 435 2704 ιι
468 2650 604 2738 θίους
647 2653 808 2711 εἰπών
848 2670 863 2685 ⁶
899 2654 966 2712 Εἴ
1022 2678 1103 2720 τις
1173 2659 1233 2714 o6
1287 2656 1435 2738 φιλεῖ
1501 2657 1591 2714 τὸν
1648 2658 1830 2737 Κύριον
1887 2657 2041 2729 ἡμῶν

409 2758 434 2794 α
472 2737 674 2805 Ἰησοῦν
706 2744 954 2821 Χριστὸν,
985 2743 1101 2812 ἤτω
1128 2746 1360 2822 ἀνάθεμα
1394 2766 1409 2781 ·
1467 2748 1578 2827 καὶ,
1650 2747 1704 2803 εἴ
1771 2768 1852 2812 τις
1904 2747 2040 2822 ὑμᾶς

407 2849 435 2881 ιι
469 2826 856 2907 εὐαγγελίζεται
909 2834 1034 2913 παρ’
1106 2836 1135 2891 6
1188 2833 1533 2914 παρελάϐετε,
1566 2826 1813 2912 ἀνάθεμα
1880 2835 2038 2897 ἔστω.

410 2933 439 2974 ι
474 2916 533 2974 Τί
561 2917 648 2973 οὖν
680 2934 697 2992 ;
731 2919 763 2974 ἃ
826 2918 1011 2996 μηδεὶς
1039 2925 1144 2980 τῶν
1189 2922 1480 3005 εἰληφότων
1524 2924 1754 2991 ἐξουσίαν
1808 2925 2042 2992 πεποίη-

404 3021 429 3057 ο
464 3023 577 3093 κεν,
606 3005 655 3060 οἰ
696 3006 773 3081 μὴ
804 3008 964 3083 μόνος
996 3009 1053 3073 ὃς
1082 3007 1259 3093 ἔλαϐε,
1295 3013 1355 3068 σὺ
1384 3012 1583 3089 τολμᾷς
1650 3019 1813 3070 ταῦτα
1837 3025 2040 3092 ποιεῖν,

410 3113 439 3146 ιι
471 3092 716 3182 ἐναντίως
785 3104 864 3173 τῷ
919 3096 1217 3175 δεσποτικῷ
1270 3102 1702 3182 παραγγέλματι,
1758 3104 1848 3160 καὶ
1915 3124 2043 3182 προ·-

2134 1961 2160 1999 ι
2194 1960 2412 2021 ψιωεο,
2448 1951 2509 2002 ιιι
2541 1960 2606 2004 es
2628 1941 2658 2001 ?
2687 1941 3011 2021 Majestatis
3067 1943 3193 2003 hac
3249 1942 3382 2004 scil.
3425 1962 3772 2025 magnaeque

2134 2052 2156 2086 ιι
2195 2030 2497 2110 pelestatis
2526 2038 2684 2091 sunt.
2746 2029 2975 2111 Quippe
3007 2039 3144 2092 tunc
3191 2030 3523 2093 considebit
3551 2050 3680 2108 rex,
3714 2040 3772 2094 et

2133 2145 2155 2178 ι
2191 2128 2407 2184 statuet
2453 2140 2591 2184 oves
2640 2141 2673 2184 a
2727 2122 2969 2198 dextris,
3030 2122 3231 2184 haedos
3266 2141 3301 2184 a
3338 2122 3617 2187 sinistris.
3650 2123 3768 2187 Cur

2130 2233 2159 2266 ιι
2194 2218 2410 2272 tantam
2453 2211 2580 2292 ipse
2627 2210 2732 2272 tibi
2759 2211 3103 2287 dignitatem
3134 2211 3523 2292 usurpas?)Et
3566 2212 3769 2290 paucis

2124 2298 2641 2379 interjectis,idi-m
2664 2300 2767 2362 ille
2785 2299 3474 2381 Chrysostomusinquit:
3518 2299 3761 2363 «Enim-

2132 2411 2155 2445 ι
2192 2406 2329 2449 vero
2361 2388 2591 2450 duobus
2645 2389 2926 2450 duntaxat
2973 2388 3035 2449 in
3088 2388 3234 2451 locis
3271 2388 3586 2468 Apostolus
3615 2390 3767 2452 hanc

2131 2500 2155 2532 ιι
2189 2495 2395 2538 vocem
2426 2477 2762 2539 necessario
2782 2477 3015 2539 videtur
3046 2477 3548 2558 expressisse,nec
3569 2486 3767 2539 tamen

2129 2589 2156 2619 ιι
2197 2568 2369 2627 modo
2386 2566 2642 2647 quodam
2682 2565 2985 2628 deﬁnitiva
3022 2583 3152 2627 eam
3174 2565 3767 2647 produxisseuiumin

2135 2676 2157 2710 ι
2197 2653 2444 2734 epistola
2472 2654 2541 2716 ad
2578 2654 2916 2718 Corinthios
2942 2654 3062 2715 ait:
3090 2654 3153 2718 Si
3179 2654 3311 2735 quis
3333 2672 3452 2714 non
3472 2661 3625 2715 amat
3654 2653 3768 2716 Do-

2126 2764 2151 2802 ι
2194 2742 2418 2804 minum
2454 2752 2720 2805 nostrum
2748 2745 2950 2806 Jesum
2983 2742 3638 2815 Christum,anathema
3663 2741 3759 2803 sit:

2131 2855 2158 2886 α
2192 2830 2337 2905 et,Si
2355 2832 2491 2910 quis
2515 2833 2878 2912 evangelium
2896 2830 3062 2894 vobis
3086 2830 3274 2893 tradat
3295 2830 3763 2912 praeteriti,quod

2133 2944 2156 2975 ιι
2193 2920 2526 3001 accepistis,
2560 2922 2873 2983 anathema
2894 2920 2994 2981 sit.
3018 2919 3168 2992 Quid
3193 2924 3357 2998 ergo?
3378 2938 3509 3000 quae
3530 2919 3766 2980 illorum

2132 3033 2160 3065 ιι
2194 3024 2369 3070 nemo
2400 3009 2668 3091 fecit,qui
2699 3017 3049 3091 potestatem
3079 3015 3216 3069 sunt
3246 3006 3764 3088 adepti,nisidun-

2131 3121 2158 3153 ιι
2196 3105 2347 3158 taxat
2375 3098 2446 3173 is,
2481 3100 2582 3179 qui
2634 3118 2765 3162 eam
2822 3100 3075 3177 accepit,
3124 3096 3224 3158 illa
3252 3104 3314 3157 tu
3344 3095 3529 3159 audes
3570 3095 3768 3159 facere

411 3202 435 3238 ε
471 3179 756 3259 λαμϐάνεις
787 3187 889 3255 τὴν
917 3188 1083 3268 κρίσιν
1139 3197 1231 3248 τοῦ
1300 3179 1561 3269 βασιλέως
1595 3210 1612 3272 ς
1687 3193 1759 3251 T6
1814 3179 2046 3267 ἀνάθεμα

2137 3207 2158 3241 ιι
2195 3192 2403 3248 contra
2431 3189 2777 3249 mandatum
2807 3185 3066 3260 Domini,
3100 3192 3159 3245 et
3185 3183 3372 3265 ipsius
3399 3184 3559 3264 regis
3597 3184 3763 3260 judi-

408 3289 433 3325 α
484 3277 633 3329 νοῢτο
681 3283 774 3334 τοῦ
827 3283 1051 3356 Χριστοῦ
1127 3278 1443 3341 ἀποκόπτει.
1506 3278 1719 3346 Δίδαξον
1771 3279 1824 3339 ἐν
1866 3279 2041 3359 πραό-

409 3382 438 3415 «
468 3382 615 3428 τητι.
653 3384 678 3422 ι
716 3365 817 3423 Καὶ
843 3367 908 3422 τὰ
935 3365 1075 3437 ἐξῆς.

483 3541 610 3619 Kal:
636 3548 802 3600 ταῦτα
872 3544 968 3619 μὲν
1022 3546 1090 3602 τὰ
1129 3556 1222 3606 τοῦ
1276 3547 1648 3626 Χρυσοστόμου
1699 3547 1924 3627 Πατρός.
1991 3534 2048 3601 Ὀ

401 3624 456 3684 δὲ
486 3627 783 3706 Βαλσαμὼν
826 3632 1056 3715 ἐπιφέρει
1104 3650 1119 3666 ⁸
1168 3638 1266 3694 Διὰ
1294 3624 1466 3712 τοῦτο,
1518 3640 1590 3703 ὡς
1649 3624 1839 3716 ἔοικεν’,
1873 3635 2048 3713 ἀπρα-

401 3730 524 3774 κτετ
553 3720 642 3775 καὶ
710 3721 739 3777 6
780 3724 1014 3801 γεγονὼς
1069 3722 1336 3790 συνοδικός
1380 3731 1543 3802 τόμος
1600 3725 1685 3783 ἐπὶ
1737 3729 1837 3792 τῆς
1887 3724 2047 3800 βασι-

403 3804 549 3870 λείας
655 3815 749 3866 τοῦ
829 3816 1314 3893 πορφυρυγε-ονήτου
1388 3822 1545 3895 κυροῡ
1628 3811 2046 3885 Κωνσταντίνου,

407 3896 618 3954 καὶτοῦ
663 3900 994 3982 πατριάρχου
1049 3909 1206 3980 κυροῧ
1275 3902 1528 3981 Ἀλεξίου,
1602 3904 1758 3983 χάριν
1796 3908 1889 3958 τοῦ
1916 3900 2051 3957 ἀνα-

403 3985 762 4057 θεματίζεσθαι
818 3990 939 4056 τοὺς
1006 3990 1331 4074 ἀποστάτας,
1392 3993 1478 4049 καὶ
1549 3991 1917 4071 μουλταρίους,
1966 3995 2057 4052 καὶ

403 4074 538 4163 κατὰ
565 4081 671 4132 τῶν
723 4076 984 4154 βασιλέων
1055 4078 1195 4138 ὅπλα
1262 4080 1581 4163 ἐγείροντας,
1637 4082 1726 4140 καὶ
1779 4074 2051 4160 τυραννίδα

406 4161 762 4252 μελετῶντας.
797 4169 859 4226 Εἰ
888 4166 943 4225 δὲ
970 4170 1038 4226 τὰ
1065 4172 1208 4250 παρὰ
1272 4161 1383 4228 τοῦ-
1431 4171 1663 4252 μεγάλου
1706 4171 1908 4251 Πατρὸς
1962 4169 2052 4225 καὶ

404 4248 716 4315 διδασκάλου
770 4257 918 4325 ἠκῶν
969 4265 1061 4316 τοῦ
1128 4248 1525 4340 Χρυσοστόμου⁷
1557 4248 1831 4341 γράφένταή
1883 4258 2050 4338 ὑπὲρ·

402 4353 578 4421 τερετν
606 4343 869 4430 όιρείλουσι
924 4348 1011 4407 καὶ
1069 4351 1176 4405 τῶν
1244 4347 1602 4430 διορισθέντων
1657 4348 1799 4429 παρὰ
1851 4351 1948 4414 τῆς
1997 4346 2050 4403 ἒν

2131 3295 2159 3335 ι
2189 3274 2345 3336 cium
2373 3275 2700 3356 anticipas?
2728 3274 3016 3336 Nimirum
3072 3273 3187 3334 hoc
3228 3272 3542 3334 anathema
3570 3272 3768 3334 homi-

2137 3386 2160 3421 ιι
2198 3380 2334 3426 nem
2362 3363 2645 3427 aChristo
2679 3362 2967 3425 abcindit.
2998 3360 3220 3423 Doceto
3250 3361 3312 3421 in
3347 3360 3763 3424 mansuetudi-

2139 3476 2166 3507 κ
2197 3470 2297 3513 ne.
2329 3473 2358 3512 ι
2395 3452 2465 3514 Et
2494 3471 2624 3534 qua;
2647 3459 2999 3533 sequuntur.
3027 3475 3055 3506 π

2212 3543 2409 3623 Atque
2436 3543 2560 3603 haec
2580 3541 2819 3621 quidem
2848 3537 3028 3600 verba
3055 3544 3193 3600 sunt
3217 3535 3408 3599 Patris
3429 3534 3769 3617 Chrysosto-

2134 3630 2236 3694 mi.
2270 3629 2522 3711 Subjicit
2550 3637 2745 3691 autem
2776 3628 3046 3690 Balsamo
3075 3644 3089 3689 :
3124 3628 3585 3706 Propterea,ceu
3605 3624 3773 3687 credi

2132 3737 2237 3800 par
2265 3718 2564 3799 est,desiit
2587 3736 2718 3780 esse
2740 3717 2799 3778 in
2822 3734 2933 3776 usu
2954 3724 3149 3777 tomus
3169 3713 3268 3774 ille
3293 3711 3616 3794 synodalia,
3640 3711 3772 3775 fac-

2131 3814 2224 3870 tus
2253 3807 2363 3869 sub
2392 3807 2643 3888 imperio
2673 3803 2900 3867 domini
2943 3801 3312 3867 Constantini
3360 3800 3422 3862 in
3472 3801 3774 3888 Porphyra

2132 3898 2273 3972 nati,
2309 3915 2445 3959 cum
2475 3887 2631 3958 esset
2688 3894 3018 3976 patriarcha
3064 3889 3340 3953 dominus
3398 3887 3661 3965 Alexius,
3696 3888 3773 3953 de

2133 3986 2419 4048 feriendis
2473 3985 2844 4048 anathemate
2884 3980 3282 4045 defectionum
3315 3997 3384 4040 ac
3417 3976 3770 4039 tumultuum

2135 4075 2475 4139 auctoribus
2495 4086 2554 4137 et
2572 4073 2854 4135 adversus
2882 4070 3273 4152 imperatores
3292 4084 3457 4129 arma
3484 4066 3776 4129 suscitan-

2134 4165 2289 4228 tibus
2317 4184 2386 4228 ac
2419 4162 2786 4246 tyrannidem
2817 4156 3348 4246 molientibusLAn
3380 4173 3517 4246 vero
3547 4156 3775 4237 potiora

2133 4254 2391 4317 debeant
2419 4243 2570 4330 esse,
2605 4270 2734 4334 quae
2755 4250 2828 4313 ab
2850 4251 2959 4312 hoc
2991 4263 3204 4327 magno
3234 4244 3405 4307 Patre
3453 4243 3776 4334 doctorquo

2133 4352 2334 4407 nostro
2368 4333 2783 4424 Cbrysostomo
2831 4337 3051 4419 scripta
3107 4342 3267 4424 sunt,
3303 4341 3422 4424 tam
3434 4333 3710 4424 decretis
3739 4349 3774 4393 a

406 4420 707 4500 Χαλκηδόνι
735 4433 973 4512 συνόδου,
1018 4439 1106 4494 καὶ
1132 4442 1232 4506 τῆς
1261 4420 1337 4495 ἔν’
1358 4439 1593 4519 Γάγγρᾳ,
1638 4420 1809 4519 ἐροέὶσι
1839 4436 2047 4500 πάντως

2134 4420 2625 4505 Chalcedonensi,
2657 4448 2830 4513 quam
2860 4423 3188 4504 Gangrensi
3234 4421 3486 4519 concilio
3522 4442 3536 4485 :
3569 4420 3775 4519 dicen-

406 4525 453 4580 οί
494 4521 562 4580 τὰ
590 4530 806 4581 τοιαῦτα
834 4523 1114 4584 διευθετετν
1145 4525 1376 4594 ἐξουσίαν
1406 4526 1647 4608 ἔχοντες.

490 4702 590 4761 Καὶ
618 4708 783 4760 ταῦτα
814 4703 913 4781 μὲν
961 4706 990 4762 6
1040 4705 1373 4787 πατριάρχης
1427 4705 1750 4782 Βαλσαμὼν.
1815 4703 2051 4761 Δείκνυσι

412 4800 538 4871 γοῦν
586 4792 646 4849 ἐκ
676 4798 784 4849 τῶν
837 4794 1151 4876 εἰρημένων,
1208 4795 1616 4877 προηγουμένως
1646 4797 1744 4873 μὲν
1809 4794 1860 4861 ἐξ
1912 4792 2052 4851 ἐκεί-

410 4905 522 4960 νου,
555 4881 763 4959 μᾶλλον.
790 4880 845 4938 δὲ
874 4883 962 4940 καὶ
989 4885 1092 4963 πρὸ
1150 4884 1257 4942 τῶν
1328 4886 1513 4945 ἑαυτοῦ
1567 4886 1804 4965 ἡμερῶν,
1876 4883 2053 4965 ἄπρα-

408 4991 535 5027 κτον
560 4971 651 5028 τὸν
681 4969 1037 5051 προῤῥηθέντα
1108 4970 1193 5030 ἐπὶ
1246 4983 1339 5032 τοῦ
1411 4975 1899 5054 πορφυρογεννήτου
1969 4974 2056 5030 καὶ

406 5068 502 5119 τοῦ
556 5061 887 5142 πατριάρχου
930 5068 1090 5141 κυροῦ
1161 5061 1394 5129 Ἀλεξίου
1470 5063 1659 5141 τόμον.
1718 5062 2055 5142 Ἠπράκτησε

409 5149 534 5229 γὰρ,
593 5150 775 5232 φησίν.
849 5150 1081 5211 Ἐκείνου
1131 5148 1186 5208 δέ
1241 5153 1473 5233 καθάπερ
1534 5153 1677 5217 τινὸς
1746 5154 2054 5233 ἐρείσματος

410 5237 446 5306 ἢ
488 5237 730 5314 θεμελίου
758 5239 1204 5315 ὑποσπασθέντος,
1260 5242 1349 5299 καὶ
1404 5242 1453 5298 οἱ
1517 5240 1634 5319 μετ’
1690 5241 1896 5299 ἐκεῖνον
1959 5262 2056 5319 γε-

410 5326 626 5406 γονότες
694 5325 804 5404 δύο,
863 5328 893 5385 ὃ
959 5351 1017 5387 τε
1059 5327 1145 5387 ἐπὶ
1191 5337 1283 5386 τοῦ
1342 5336 1621 5405 Κομνηνοῦ
1684 5331 1842 5412 φημὶ,
1901 5335 2058 5410 κυροῦ

414 5414 692 5493 Μανουὴλ,
736 5418 825 5475 καὶ
880 5420 910 5475 6
965 5418 1051 5477 ἐπὶ
1080 5496 1094 5499 _
1117 5426 1213 5478 τοῦ
1269 5417 1656 5499 Παλαιολόγου,
1729 5420 2058 5498 συγκαταπί-

413 5502 634 5563 πτουσιν
701 5504 1018 5585 ἐξανάγκης.
1078 5496 1324 5567 ’Ἔπειτα
1376 5508 1468 5565 σὺν
1549 5496 1719 5581 τούτῳ
1781 5496 2052 5583 δείκνυσιν,

410 5594 493 5652 ὃτι
551 5596 670 5653 οὖοὲ
731 5597 779 5654 οἱ
858 5596 1272 5675 ἁναθεματισμοὶ
1354 5606 1461 5657 τῶν
1542 5596 1770 5656 συνόδων
1847 5596 2058 5655 ἐκείνων

414 5682 599 5763 ἔχουσι
626 5686 689 5742 τὸ
719 5685 973 5766 ἀσφαλὲς,
1035 5688 1081 5744 εὶ
1123 5689 1210 5745 καὶ
1266 5686 1351 5744 ἐπὶ
1432 5686 1692 5768 μεγάλοις
1743 5688 1831 5744 καὶ
1887 5686 2055 5764 ἀναγ-

2135 4522 2275 4584 dum
2304 4521 2422 4583 illis
2444 4506 2694 4582 omnino
2707 4515 3125 4597 relinquimus,
3167 4511 3271 4593 qui
3301 4510 3437 4572 talia
3460 4517 3622 4572 recte
3654 4506 3775 4568 disc

2137 4609 2396 4693 ponendi
2425 4615 2773 4691 potestatem
2806 4604 3046 4693 habent,

2194 4700 2267 4763 Et
2287 4701 2411 4762 haec
2423 4685 2662 4780 quidem
2677 4692 3025 4776 patriarchae
3042 4686 3409 4780 Balsamonis
3431 4685 3609 4748 verba
3618 4692 3773 4780 sunt.

2136 4773 2619 4854 Ostenditautem
2647 4773 2751 4866 per
2779 4801 2871 4864 ea,
2901 4798 3031 4862 quae
3051 4778 3217 4853 dicit,
3255 4776 3509 4857 primum
3531 4773 3773 4855 quidem

2134 4879 2207 4942 ab
2237 4879 2336 4941 illo
2366 4868 3330 4958 tempore,ve1potiusetiamante
3358 4881 3522 4927 suam
3542 4870 3773 4958 atatem

2136 4986 2269 5030 esse
2299 4967 2360 5027 in
2388 4949 3137 5041 usu-desiisse'praedictum
3166 4953 3335 5016 illum
3378 4961 3629 5024 tomum;
3662 4949 3807 5041 sub,

2136 5056 2694 5137 Porphyrogenneta
2721 5057 2778 5111 et
2796 5038 3014 5137 'Alexio
3048 5042 3377 5137 patriarcha
3404 5042 3648 5137 tactam.
3676 5038 3777 5137 Di:

2138 5145 2219 5207 cit
2245 5127 2406 5206 enim
2432 5127 2667 5205 :vDesiit
2686 5155 2823 5201 esse
2849 5135 2909 5196 in
2939 5130 3162 5196 usu.Eo
3181 5150 3320 5194 vero
3337 5148 3447 5193 ceu
3476 5127 3662 5190 fulcro
3683 5127 3774 5189 vel

2137 5232 2521 5296 fundamento
2546 5229 2804 5310 quodam
2839 5223 3109 5297 subruto,
3142 5220 3317 5310 etiam
3350 5217 3453 5281 olii
3484 5216 3601 5310 duo
3632 5215 3779 5278 tomi

2140 5330 2344 5404 postea
2371 5319 2533 5395 facti,
2564 5304 2691 5381 tum
2721 5311 2948 5379 domini
2966 5309 3257 5404 Manuelis
3285 5304 3621 5404 Commeni,
3650 5313 3777 5404 tum

2138 5395 2449 5490 Falaeologi
2474 5416 2765 5491 tempore,
2812 5398 3148 5491 necessario
3177 5395 3436 5491 cumAeis
3465 5400 3778 5491 corruunt.

2141 5499 2371 5564 Deinde
2393 5482 2615 5580 praeter
2631 5497 2769 5571 hoc,
2792 5492 2974 5557 etiam
3003 5487 3147 5580 illud
3174 5485 3395 5559 innuit;
3427 5483 3590 5580 quod
3618 5482 3781 5580 vide:

2140 5589 2281 5653 licet
2308 5608 2385 5652 ne
2401 5571 2641 5651 illarum
2664 5583 2904 5666 quidem
2926 5578 3283 5672 synodorum
3302 5571 3780 5672 anathem-atismi

2138 5677 2391 5754 valeant,
2424 5678 2563 5741 licet
2591 5660 2821 5754 magnis
2843 5679 2902 5735 et
2940 5660 3295 5732 necessariis
3335 5660 3687 5745 quibusdam
3718 5660 3782 5722 in
