4192 6220
1884 395 1916 460 J
1922 395 2016 461 US
2055 396 2206 460 CAN
2209 392 2498 460 ONICUM
3714 392 3826 456 900

461 411 580 480 899

463 543 711 624 negotiis
741 539 1094 624 promulgati
1120 537 1258 614 sint,
1282 535 1577 617 siquidem
1607 533 1908 599 communi
1939 535 2081 596 Patr:

2179 528 2348 591 καίοις
2416 529 2550 586 τισὶν
2599 526 2844 606 ἐγένοντο
2924 527 3250 608 πράγμασιν,
3306 527 3461 606 εἴπερ
3519 534 3597 601 τῷ
3666 549 3823 600 κοινῳ

463 613 1120 713 Chrysostomo,etaliis
1152 613 1373 689 sanctis
1406 625 1746 688 doctoribus
1776 625 2077 713 obsequen

2186 619 2348 696 Πατρὶ
2391 618 2766 696 Χρυσοστόμῳ,
2813 617 3044 681 καὶτοῖς
3103 615 3286 680 ἄλλοις
3345 616 3512 694 ἁγίοις
3571 613 3818 672 διδασκά-

464 704 604 783 dum
637 724 732 794 sit,
757 720 858 800 qui
889 704 1098 780 eadem
1143 734 1276 776 cum
1308 714 1409 775 illo
1441 715 1709 775 sentiunt
1754 731 1823 776 ac
1863 712 2078 772 docent

2185 705 2296 770 λοις
2326 707 2584 763 πείθεσθαι
2639 704 2744 786 δεῖ,
2816 707 2882 762 τὰ
2924 707 3052 765 αὖτά
3121 705 3210 762 καί
3277 711 3558 786 φρονοῦσιν
3617 705 3816 783 ἐκείνῳ,

463 792 854 888 maximaeque
882 806 1099 870 Christi
1123 803 1456 865 clementia;
1495 803 1689 882 potius
1729 800 2081 884 patrocinan'

2184 801 2270 851 καὶ
2299 793 2616 869 διδάσκουσι,
2663 797 2748 851 καὶ
2812 800 2880 871 τῇ
2937 802 3030 852 τοῦ
3087 802 3309 874 Χριστοῦ
3365 794 3589 872 μεγίστῃ
3631 792 3819 874 φιλαν-

462 897 703 960 tur.Sed
717 883 872 959 enim
889 895 961 957 de
977 893 1318 974 hisquidam
1337 891 1588 967 haec,atii
1611 883 1855 953 fortasse
1869 890 2081 950 diversz

2182 884 2382 963 θρωπίᾳ
2443 883 2644 960 μᾶλλον
2704 894 3100 964 συνηγοροῦσιν.
3161 883 3326 941 Ἀλλὰ
3395 885 3511 962 περὶ
3581 883 3678 959 μὲν
3719 889 3820 939 τῶν

462 985 743 1067 prolaturi
769 981 1205 1059 sunt,conci|iis
1226 980 1342 1040 illis
1355 988 1542 1041 semet
1561 980 1654 1058 adj
1666 987 1971 1067 tingentes.
1981 977 2104 1053 Ego

458 1065 596 1139 vero
629 1093 699 1136 ea
723 1072 1287 1150 missafaciens(non
1317 1069 1473 1130 enim
1507 1069 1568 1130 in
1600 1065 2103 1149 praasentiaalter-

459 1163 583 1226 cari
613 1163 784 1238 volo),
835 1161 1041 1226 saltem
1073 1162 1184 1221 hoc
1214 1159 1330 1233 aio,
1368 1159 1525 1220 clare
1573 1177 1641 1220 ac
1689 1157 1868 1219 dubio
1902 1154 2104 1236 procul

457 1252 745 1315 hactenus
776 1268 910 1312 esse
936 1249 1431 1319 demonstratum,
1469 1254 1529 1308 et
1568 1245 1808 1325 copiose
1835 1244 2099 1324 quidem,

457 1341 612 1422 quod
646 1339 872 1421 primus
903 1338 1002 1399 ille
1035 1344 1534 1415 tomus,tanquam
1572 1353 1691 1396 non
1723 1332 2103 1394 consentiens

458 1448 592 1491 cum
614 1427 900 1490 Ecclesiae
931 1423 1516 1505 scopo,maximeque
1549 1441 1682 1485 cum
1715 1423 1814 1482 illo
1841 1439 2097 1482 commu-

2186 975 2458 1048 τοιούτων,
2490 973 2666 1047 οἱμὲν
2694 979 2879 1049 ταῦτα,
2937 975 2984 1029 οἱ
3039 971 3083 1028 δ’
3149 971 3343 1030 ἀλλοῖα
3398 974 3565 1052 τυχὸν
3621 972 3820 1051 ἐροῦσι⁹

2187 1074 2310 1124 ταῖς
2379 1059 2610 1124 συνόδοις
2667 1060 2887 1124 ἐκείναις
2957 1061 3342 1137 συνιστάμενοι.
3390 1058 3532 1140 Ἐγὼ
3573 1057 3620 1116 δ’
3686 1059 3824 1116 ἐκεί-

2189 1171 2292 1205 νων
2349 1147 2605 1227 ἀφέμενος
2679 1147 2815 1228 (ούδὲ
2868 1149 2967 1228 γὰρ
3023 1149 3200 1229 ἐρίζειν
3287 1148 3372 1206 ἐπὶ
3450 1156 3541 1205 τοῦ
3620 1150 3823 1228 παρόν-

2188 1259 2278 1300 τος
2330 1236 2634 1316 βούλομαι),
2709 1237 2882 1295 ἐκεῖνό
2959 1261 3120 1319 φημι,
3223 1238 3305 1296 ὅτι
3361 1237 3494 1302 τέως
3563 1236 3825 1317 λαμπρῶς

2187 1329 2276 1383 καὶ
2322 1325 2694 1407 ἀναμφιϐόλως
2791 1325 3071 1408 ἐπεδείχθη
3169 1329 3228 1384 ἐκ
3307 1325 3628 1405 περιουσίας,
3741 1327 3822 1382 ὅτι

2182 1419 2210 1472 ὁ
2241 1419 2446 1495 πρῶτος
2477 1415 2679 1481 ἐκεῖνος
2724 1418 2909 1493 τόμος,
2942 1421 3015 1482 ὡς
3073 1417 3151 1493 μὴ
3213 1415 3446 1490 συνᾴδων
3503 1422 3581 1490 τῷ
3639 1423 3825 1490 σκοπῷ

458 1517 519 1578 ni
550 1519 789 1580 doctore
811 1502 1490 1594 Chysostomoﬁnquain,
1519 1521 1576 1573 et
1607 1510 1924 1572 cessaverit
1955 1517 2011 1569 et
2040 1509 2081 1569 ir

2181 1511 2278 1572 τῆς
2325 1502 2667 1584 Ἐκκλησίας,
2740 1507 2828 1562 καὶ
2885 1505 3112 1581 μάλιστα
3166 1513 3242 1580 τῷ
3285 1509 3447 1580 κοινῷ
3501 1503 3819 1583 διδασκάλῳ,

457 1625 567 1667 usu
597 1592 1202 1677 desierit,secundum
1234 1600 1562 1681 sapientem
1589 1600 1753 1660 illum
1789 1599 2081 1661 Balsamo-

2180 1599 2258 1666 τῷ
2327 1594 2701 1672 Χροσοστόμῳ,
2763 1597 2923 1674 φημὶ,
2969 1595 3127 1674 ἀργὸς
3186 1597 3272 1653 καὶ
3317 1593 3578 1672 ἄπρακτος
3645 1592 3820 1668 μεμέ-

458 1713 592 1756 uem
620 1714 632 1756 :
659 1691 816 1774 quod
842 1691 1013 1752 nobis
1045 1691 1218 1751 etiam
1251 1689 1612 1769 propositum
1649 1695 1774 1749 erat
1805 1687 2081 1748 ostende-

2180 1705 2333 1751 τηκε,
2369 1683 2501 1738 κατά
2558 1685 2648 1739 τὸν
2705 1685 2864 1762 σοφὸν
2920 1682 3239 1763 Βαλσαμὼν,
3301 1681 3429 1760 ὅπερ
3487 1685 3574 1738 καὶ
3624 1684 3758 1758 ἡμῖν
3792 1685 3821 1737 ὁ

456 1769 716 1846 τε.ΙΙΙίιι“ε
743 1789 936 1844 autem
953 1799 1062 1841 usu
1085 1779 1653 1859 exspirante,caateri
1683 1795 1916 1857 quoque
1932 1776 2081 1838 dein

2181 1773 2376 1834 σκοπὰς
2429 1772 2495 1839 ἧν
2563 1769 2751 1837 δεῖξαι,
2839 1769 3069 1828 Ἐκείνου
3130 1771 3176 1828 δ’
3260 1771 3672 1850 ἀπρακτοῦντος,
3730 1773 3821 1825 καὶ

458 1891 601 1951 ceps
631 1871 765 1933 facti
796 1868 1132 1932 necessario
1153 1867 1336 1929 robur
1365 1885 1535 1928 suum
1577 1865 1872 1927 consimili
1919 1865 2081 1926 modc

2180 1863 2226 1917 οἱ
2285 1859 2402 1936 μετ’
2466 1859 2669 1917 ἐκεῖνον
2741 1859 3030 1940 ἐξάνάγκης
3089 1862 3340 1925 ὡσαύτως
3410 1861 3470 1915 τὸ
3525 1859 3818 1937 ἀνενέργη-

458 1947 732 2024 emittent
761 1968 818 2023 et
848 1959 1251 2041 exspirabunt,
1273 1957 1352 2018 uti
1378 1957 1501 2036 jam
1533 1963 1704 2018 antea
1734 1954 2009 2018 diximus.

2175 1972 2264 2006 τον
2313 1951 2399 2008 καὶ
2467 1948 2728 2030 ἄπρακτον
2786 1948 2998 2030 ἔχουσι,
3068 1951 3200 2006 καθά
3255 1947 3319 2018 δὴ
3373 1950 3460 2006 καὶ
3529 1950 3819 2028 φθάσαντες

2176 2037 2229 2060 _’I

2173 2057 2420 2115 ιιπομεν.

672 2153 1096 2220 INCERTORU
1106 2159 1152 2218 Μ
1201 2152 1676 2218 PATRIARCHA
1691 2150 1840 2215 RUM
1856 2197 1869 2212 .

451 2259 498 2324 Ι.
536 2259 813 2338 Epistola
832 2265 1063 2336 scripta
1087 2255 1608 2338 Constantinopoli
1629 2254 1708 2316 ad
1729 2255 2091 2334 Martyrium

530 2335 868 2420 episcopum
926 2335 1367 2420 Antiochenam
1411 2335 1741 2420 explicans,
1777 2353 1891 2420 quo
1919 2342 2090 2413 pacto

527 2415 649 2482 sint
678 2415 1010 2482 recipiendi
1048 2417 1313 2479 haeretici
1345 2416 1425 2478 ad
1452 2423 1720 2477 sanctam
1766 2415 2084 2476 universa-

526 2499 636 2561 lem
670 2497 992 2560 Ecclesium
1026 2497 1392 2560 accedentes.

527 2601 863 2662 Collocutus
893 2608 984 2661 est
1014 2599 1282 2679 quaedam
1334 2615 1568 2659 mecum
1600 2595 2086 2674 religiosissimus

2613 2149 2893 2202 ΑΔΗΛΩΝ
2925 2151 3368 2204 ΠΑΤΡΙΑΡΧΩΝ.

2175 2241 2291 2311 Α’(
2367 2250 2660 2318 Ἐπιστολὴ
2718 2264 2978 2332 γραφεῖσα
3048 2252 3152 2308 ἀπὸ
3211 2253 3813 2318 Κωνσταντινουπό).εως

2254 2333 2528 2414 Μαρτυρίῳ
2575 2330 2850 2414 ἐπισαύπῳ
2900 2330 3254 2414 Ἀντιοχείας,
3318 2336 3433 2414 περὶ
3474 2340 3588 2414 τοῦ,
3663 2333 3812 2398 ὅπως

2250 2410 2361 2494 χρὴ
2391 2410 2632 2494 δέχεσθαι
2678 2413 2822 2494 τοὺς-
2877 2410 3161 2491 αἱρετικούς
3226 2410 3684 2494 προσερχομένους
3739 2421 3810 2490 τῇ

2250 2489 2370 2570 ἇγία
2399 2489 2652 2568 καθολικῃ
2678 2489 2988 2564 Ἐκκλησία,
3038 2516 3066 2547 ιι

2250 2595 2376 2653 Τινά
2430 2591 2699 2673 διειλέχθη
2751 2595 2838 2650 καὶ
2907 2597 2934 2650 ὁ
2988 2594 3386 2674 θεοφιλέστατος
3462 2593 3808 2676 πρεσϐύτερος

447 2687 1049 2769 presbyterAntonius
1063 2685 1436 2766 deiis,quiab
1451 2685 1741 2747 haereticis
1754 2684 2081 2746 desciscen-

2171 2681 2475 2762 Ἀντώνιος,
2535 2684 2651 2762 περὶ
2708 2684 2813 2738 τῶν
2910 2683 3326 2762 προστιθεμένων
3413 2690 3481 2761 τῇ
3550 2683 3811 2763 ὁρθοδοξίᾳ

446 2784 534 2838 tes
564 2794 627 2836 se
656 2785 817 2837 recte
847 2774 1207 2836 sentientum
1243 2773 1454 2848 coetui,
1492 2791 1813 2853 eorumque
1840 2790 2081 2834 consor-

2170 2775 2257 2830 καὶ
2327 2779 2395 2849 τῇ
2453 2769 2618 2852 μερίδι
2687 2772 2788 2828 τῶν
2847 2773 3159 2848 σωζομένων
3233 2773 3338 2829 ἀπὸ
3387 2775 3684 2854 αἱρετικῶν,
3746 2777 3808 2830 τὸ

446 2864 669 2945 tio,qui
691 2862 1624 2942 salvantur,adjungunt;quonam
1650 2880 1751 2923 eos
1765 2869 1930 2942 pacto
1945 2861 2081 2922 reci-

2171 2869 2284 2926 πῶς
2311 2860 2577 2940 δεχόμεθα
2623 2861 2823 2927 οὔτούς.
2874 2864 2971 2919 Καὶ
3023 2864 3158 2920 κατά
3199 2868 3484 2940 πρόσωπον
3541 2863 3636 2935 μέν
3665 2865 3810 2938 αύτῷ

445 2951 965 3032 piamus.Cuilicet
984 2969 1180 3013 coram
1195 2949 1882 3032 exposuerim,quidquid
1899 2951 1990 3011 hic
2004 2969 2081 3011 se-

2171 2949 2470 3029 διειλέχθην
2526 2956 2698 3005 πᾶσαν
2742 2948 2959 3008 ἐνταῦθα
3002 2950 3304 3007 ἀκολουθίαν
3361 2953 3446 3006 καί
3505 2952 3800 3020 συνήθειαν,

445 3059 616 3121 quam
629 3051 782 3121 ur,et
802 3041 860 3101 in
879 3059 1041 3102 more
1057 3043 1308 3120 positum
1326 3039 1668 3102 habeamus:
1693 3047 1890 3101 tamen
1909 3039 2081 3100 etiam

2172 3041 2268 3096 Καὶ
2311 3045 2379 3114 τῇ
2407 3036 2629 3115 ὑμετέρᾳ
2672 3035 2725 3092 δὲ
2768 3039 3035 3116 ἁγιωσύνῃ
3064 3039 3353 3117 ἀναγκαίον
3384 3039 3603 3116 ἐνόμισα
3631 3046 3806 3115 σημᾶ-

443 3139 650 3191 vestra:
699 3129 992 3192 sanctitati
1045 3129 1380 3191 necessario
1437 3127 1884 3208 signiﬁcandum
1918 3127 2078 3203 duxi,

2165 3150 2247 3186 ναι
2276 3134 2352 3201 τῷ
2384 3129 2544 3206 Πατρὶ
2573 3132 2677 3182 τῶν
2737 3127 3002 3207 Πατέρων,
3089 3134 3166 3202 τῷ
3212 3128 3456 3206 ἀπογόνῳ
3511 3135 3602 3185 τοῦ
3659 3130 3805 3207 ἁγίου

443 3218 600 3280 Patri
631 3217 909 3300 videlicet
933 3221 1258 3298 Patrum,et
1280 3216 1614 3280 successori
1634 3216 1822 3278 sancti
1840 3217 2080 3278 Joannis

2167 3216 2408 3272 Ἰωάννου
2437 3217 2529 3270 τοῦ
2559 3212 2842 3295 Θεολόγου,
2903 3223 2993 3271 τοῦ
3043 3216 3325 3294 γενομένου
3383 3217 3804 3296 ἀρχιεπισκόπου

440 3306 852 3388 Theologi,qui
883 3315 1076 3368 vester
1107 3307 1588 3386 archiepiscopus
1617 3305 1764 3380 fuit;
1796 3305 1952 3385 qnod
1985 3304 2080 3365 ni-

2164 3306 2340 3379 ἡμῶν,
2415 3302 2596 3382 ὅτιπερ
2667 3301 2986 3381 Ἀρειανοῦς,
3063 3307 3152 3361 καὶ
3221 3303 3657 3380 Μακεδονιανοὺς,
3718 3313 3806 3366 καὶ

2101 3192 2138 3241 C

442 3395 656 3456 mirum
677 3397 1012 3469 Arianos,et
1033 3396 1578 3472 Macedonianos,et
1595 3394 2082 3475 Novatianos,qui

440 3485 667 3564 seipsos
710 3485 1011 3565 appellant
1066 3487 1252 3547 Puros
1282 3503 1350 3546 ac
1379 3484 1674 3558 Puriores,
1717 3491 1775 3544 et
1803 3482 2083 3544 Tessares

439 3572 721 3635 decatitas
752 3573 874 3635 sive
904 3573 1326 3648 Tetraditas,et
1355 3571 1809 3654 Apollinaristas
1832 3570 2081 3651 recipia-

441 3662 807 3736 mus,sident
838 3663 1094 3738 libellos,
1123 3672 1180 3723 et
1205 3681 1442 3724 omnem
1473 3661 1745 3722 haeresim
1770 3678 2081 3721 exsecren-

440 3757 554 3824 tur,
590 3769 706 3811 non
753 3751 830 3810 ita
873 3751 1255 3825 sentientem,
1296 3751 1380 3811 uti
1422 3754 1601 3811 sentit
1651 3757 1851 3810 sancta
1884 3757 2082 3810 nostra

437 3837 724 3899 catholica
746 3836 1033 3917 Ecclesia,
1066 3838 1233 3917 cujus
1267 3846 1327 3898 tu
1361 3855 1576 3917 praises
1598 3844 1655 3897 et
1683 3846 1861 3916 caput
1883 3855 1966 3910 es,
1993 3836 2080 3896 vir

437 3922 981 3988 beatissime.Prius
1005 3934 1200 3986 tamen
1225 3925 1314 3986 eis
1343 3925 1615 4005 signatur
1634 3923 1756 3986 sive
1779 3925 2082 4002 inuugitur

436 4011 599 4072 frons
632 4021 933 4092 unguento
961 4030 1150 4085 sacro,
1185 4022 1241 4074 et
1265 4022 1528 4089 nares,et
1550 4031 1748 4090 aures,
1769 4021 1826 4074 et
1847 4023 2076 4093 pectus,

437 4110 494 4163 et
515 4120 722 4163 omnes
739 4121 952 4164 seusus
979 4123 993 4164 :
1019 4112 1198 4184 atque
1226 4103 1383 4165 inter
1413 4103 1764 4182 signandum
1802 4102 2076 4177 dicimus,

437 4188 818 4266 Signaculum
849 4190 1189 4252 donationis
1213 4190 1468 4271 Spiritus
1485 4191 1692 4252 sancti.
1736 4189 2074 4252 Secundum

435 4278 562 4340 haec
593 4286 866 4360 tanquam
892 4280 1110 4359 egregii
1127 4280 1260 4342 laici
1277 4279 1350 4342 ad
1375 4299 1508 4342 eum
1541 4280 1787 4358 gradum
1803 4278 2079 4340 ordinan-

435 4377 550 4443 tur,
579 4367 639 4429 in
661 4387 776 4449 quo
794 4369 955 4448 prius
977 4370 1127 4449 apud
1153 4387 1292 4431 suos
1318 4379 1485 4430 erant
1507 4391 1519 4427 :
1542 4369 1663 4430 sive
1711 4368 2070 4448 presbyteri,

2165 3393 2540 3467 Ναυατιανοὺς,
2599 3393 2720 3458 τοὺς
2792 3391 3042 3470 λέγοντας
3110 3395 3324 3457 ἑαυτοὺς
3386 3395 3648 3473 Καθαροὺς
3717 3393 3804 3449 καὶ

2168 3482 2588 3560 Καθαρωτέρους,
2650 3483 2738 3538 καὶ
2792 3482 2913 3543 τοὺς
2986 3479 3614 3562 Τεσσαρεσκαιδεκατίτας
3685 3480 3800 3544 ἤτοι

2165 3567 2498 3648 Τετραδίτας,
2559 3572 2645 3626 καὶ
2703 3567 3168 3651 Ἀπολιναριστάς,
3228 3569 3491 3650 δεχόμεθα
3567 3568 3800 3633 διδόντας

2161 3655 2455 3732 λιϐέλλους,
2501 3661 2590 3715 καὶ
2636 3658 3104 3734 ἀναθεματίζοντας
3161 3666 3334 3716 πᾶσαν
3409 3661 3646 3738 αἳρεσιν,
3702 3660 3797 3726 τὴν

2163 3747 2240 3822 μὴ
2270 3758 2556 3826 φρονοῦσαν
2586 3749 2658 3811 ὡς
2688 3762 2869 3828 φρονεῖ
2911 3751 2944 3816 ἡ
2976 3751 3097 3826 ἁγία
3157 3751 3311 3824 ἡμῶν
3371 3752 3624 3816 καθολικὴ
3670 3747 3796 3806 Ἐκ-

2160 3834 2378 3909 κλησίᾳ,
2405 3840 2470 3906 ἧς
2513 3835 2760 3917 πρόεδρος
2785 3836 2876 3894 κοΐ
2945 3837 3151 3918 κεφαλὴ
3206 3839 3488 3919 ὑπάρχεις,
3521 3839 3796 3918 μακαριώ-

2162 3946 2311 4001 τατε,
2367 3927 2810 4006 σφραγιζομένους
2882 3926 3002 3994 ἢτοι
3085 3927 3400 4007 χριομένους
3455 3934 3662 4006 πρῶτον
3715 3933 3796 4000 τῷ

2161 4015 2294 4096 ἁγίῳ
2324 4017 2468 4094 μύρῳ
2513 4019 2573 4072 τὸ
2616 4016 2882 4092 μέτωπον,
2917 4019 3129 4080 καὶτὰς
3200 4019 3373 4096 ῥῖνας,
3430 4020 3519 4074 καὶ
3573 4019 3636 4073 τὰ
3660 4020 3792 4092 ὦτα,

2160 4106 2247 4160 καὶ
2272 4107 2334 4161 τὸ
2376 4109 2590 4180 στῆθος,
2620 4107 2708 4162 καὶ
2750 4107 2924 4172 πάσας
2966 4107 3058 4172 τὰς
3089 4108 3354 4177 αἰσθήσεις
3403 4123 3417 4137 ⁸
3493 4109 3582 4164 καὶ
3625 4129 3792 4187 σφρα-

2160 4193 2390 4271 γίζοντες
2475 4194 2659 4258 αὐτοὺς
2715 4192 2944 4273 λέγομεν
2977 4210 2990 4225 ⁸
3028 4198 3255 4275 Σφραγὶς
3312 4193 3507 4275 δωρεᾶς
3565 4196 3799 4270 Πνεύμα-

2158 4304 2246 4347 τος
2291 4285 2462 4361 ἁγίου.
2500 4285 2597 4340 Καὶ
2629 4285 2763 4359 μετά
2805 4291 2967 4340 ταῦτα
2991 4286 3064 4348 ὡς
3134 4282 3411 4342 σπουδαῖοι
3465 4283 3644 4341 λα’ίκοὶ
3668 4305 3792 4364 χει-

2157 4379 2486 4450 ροτονοῦνται
2517 4372 2712 4449 ἐκεῖνο,
2747 4372 2774 4429 ὅ
2805 4373 2936 4440 ἦσαν
3007 4372 3131 4453 παρ’
3181 4374 3361 4437 αὺτοῖς
3429 4375 3739 4453 τοπρότερον
3774 4389 3790 4403 ⁸

435 4456 560 4518 sive
585 4456 974 4534 diaconi,sive
998 4457 1499 4532 subdiaconi,sive
1533 4457 2069 4538 psaltanagnostaza.

2164 4457 2268 4515 εἴτε
2335 4458 2694 4540 πρεσϐύτεροι,
2781 4461 2894 4518 εἴτε
2963 4460 3219 4542 διάκονοι,
3275 4462 3386 4519 εἴτε
3439 4461 3788 4541 ὑποδιάκονοι,

432 4543 854 4622 Eunomianos,
906 4546 1008 4627 qui
1053 4566 1170 4608 una
1220 4547 1518 4609 mersione
1575 4544 1982 4626 baptizantur;
2015 4553 2074 4606 et

433 4635 946 4716 Montanistas,qui
964 4635 1336 4716 appellantur
1368 4635 1464 4696 hic
1492 4633 1747 4714 Phryges
1777 4640 1836 4695 et
1864 4633 2074 4696 Sabel-

430 4721 747 4804 lianos,qui
764 4718 954 4786 Patris
971 4733 1027 4785 et
1046 4724 1179 4785 Filii
1201 4724 1416 4784 docent
1437 4722 1705 4784 eamdem
1735 4739 2074 4804 personam,

431 4811 669 4891 aliaque
695 4811 894 4891 gravia
911 4813 1178 4893 quaedam
1203 4811 1601 4883 committunt;
1638 4817 1695 4871 et
1726 4828 1935 4872 omnes
1953 4811 2076 4874 hae-

430 4917 596 4962 reses
626 4901 800 4976 alias,
834 4901 1068 4982 quando
1094 4901 1434 4982 complures
1466 4901 1563 4962 hic
1593 4907 1753 4975 sunt,
1783 4919 1853 4960 ex
1899 4898 2072 4962 Gala-

431 4994 623 5050 tarum
659 4989 986 5070 praesertim
1021 4990 1262 5070 regione
1291 4991 1634 5052 venientes:
1669 5007 1877 5049 omnes
1906 5007 2068 5066 ergo,

432 5077 533 5158 qui
569 5096 638 5141 ex
671 5079 849 5141 hisad
881 5080 1184 5141 veritatem
1212 5080 1416 5140 volunt
1442 5079 1755 5151 accedere,
1794 5086 2070 5158 tanquam

431 5185 689 5247 paganos
710 5167 1054 5249 recipimus.
1086 5168 1170 5230 Ac
1189 5169 1379 5249 primo
1413 5168 1651 5249 quidem
1685 5167 1781 5228 die
1825 5167 2072 5228 facimus

431 5274 535 5318 eos
565 5256 953 5340 Christianos,
978 5258 1164 5320 altero
1187 5255 1882 5320 Catechumenos.Tertio
1899 5255 2068 5318 adhi-

429 5343 640 5406 bemus
669 5345 756 5406 eis
785 5347 1211 5423 exorcismum,
1243 5355 1336 5408 ter
1363 5347 1700 5410 emittentes
1725 5347 1984 5407 afﬂatum
2013 5347 2074 5406 in

429 5430 639 5494 faciem
653 5438 713 5495 et
735 5450 911 5496 aures
932 5445 1348 5516 eorumzatque
1371 5434 1451 5498 ita
1474 5435 1878 5517 resposcimus
1897 5432 1970 5495 ab
1987 5433 2074 5494 eis

2156 4547 2268 4604 εἴτε
2311 4549 2809 4630 ψαλταναγνῶσται.
2875 4553 3222 4628 Εὐνομιανοὺς
3278 4552 3483 4632 μέντοι,
3539 4552 3660 4615 τοὺς
3719 4553 3792 4616 εἷς

2155 4639 2278 4713 μίαν
2334 4637 2613 4696 κατάδυσιν
2711 4641 3145 4718 βαπτιζομένους,
3232 4643 3320 4698 καὶ
3410 4642 3790 4710 Μοντανιστάς,

2155 4729 2275 4791 τοὺς
2325 4727 2543 4785 ἐνταῦθα
2597 4727 2914 4806 λεγομένους
2971 4719 3202 4810 Φρύγας,
3263 4730 3349 4786 καὶ
3411 4727 3792 4791 Σαϐελλιανοὺς

2157 4816 2276 4878 τοὺς
2306 4816 2639 4893 υἱοπατορίαν
2683 4815 3050 4894 διδάσκοντας,
3083 4819 3171 4874 καὶ
3209 4817 3360 4897 ἕτερά
3409 4840 3524 4874 τινα
3580 4816 3794 4898 χαλεπά

2153 4913 2451 4979 ποιοῦντας,
2524 4906 2613 4961 καὶ
2681 4906 2854 4969 πάσας
2909 4908 3002 4971 τὰς
3072 4906 3236 4970 ἄλλας
3308 4905 3551 4986 αἱρέσεις,
3611 4903 3793 4972 ἐπειδὴ

2153 4990 2344 5048 πολλαί
2385 4994 2511 5049 εἰσιν
2542 4993 2781 5068 ἐνταῦθα,
2827 4993 3058 5070 μάλιστα
3089 4997 3192 5052 ἀπὸ
3235 5001 3332 5064 τῆς
3377 4999 3481 5051 τῶν
3539 4996 3789 5054 Γαλατῶν

2153 5081 2336 5160 χώρας
2365 5081 2645 5161 ἐρχόμενοι
2681 5099 2696 5114 ⁶
2758 5086 2949 5147 πάντες
3002 5086 3122 5150 τοὺς
3175 5083 3268 5142 ἀπ’
3327 5088 3494 5144 αὐτῶν
3547 5083 3792 5146 θέλοντας

2154 5170 2512 5248 προστίθεσθαι
2562 5177 2631 5247 τῇ
2711 5170 2952 5248 ἀληθείᾳ,
3013 5176 3085 5238 ὡς
3161 5164 3442 5241 ⁷Ἐλληναις
3501 5171 3786 5252 δεχόμεθα,

2157 5260 2254 5314 Καὶ
2284 5259 2384 5326 τὴν
2457 5259 2673 5338 πρώτην
2741 5261 2945 5341 ἡμέραν
2990 5269 3242 5339 ποιοῦμεν
3291 5263 3478 5327 αὐτοὺς
3536 5269 3792 5340 Χριστια-

2153 5347 2297 5422 νοὺς,
2341 5350 2430 5405 καὶ
2475 5349 2572 5417 τήν
2603 5347 2842 5430 δευτέραν
2871 5353 3330 5432 κατηχουμένους.
3380 5352 3516 5408 Εἶτα
3541 5351 3641 5418 τὴν
3669 5351 3791 5408 ταί-

2157 5458 2253 5502 την
2285 5435 2611 5516 ἐξορκίζομεν
2640 5439 2825 5504 αὐτούς
2869 5442 3004 5516 μετᾶ
3067 5451 3160 5501 τοῦ
3213 5439 3448 5521 ἐμφυσᾷν
3500 5439 3667 5520 τρίτον
3717 5439 3793 5506 εἷς

1744 5601 1998 5669 VARI/It]
2040 5601 2467 5669 LECTIONES.

560 5694 665 5771 qui
695 5702 927 5760 canunt
957 5699 1228 5780 hymnos,
1260 5705 1317 5762 et
1345 5699 1590 5762 lectores
1618 5711 1780 5768 sunt.
