4192 6220
364 448 472 522 901

1681 443 2401 523 GR/ECO-ROMANUM.

3616 448 3734 514 902

357 589 420 645 τὸ
478 589 762 670 πρόσωπον
820 593 909 649 καὶ
976 592 1043 648 τὰ
1097 595 1230 667 ὦτα,
1315 591 1402 647 καὶ
1460 590 1597 648 οὕτω
1663 608 2030 670 κατηχουμεν.

2116 581 2330 657 Iictata,
2367 591 2422 644 et
2453 582 2514 644 in
2545 582 2798 645 ecclesia
2832 581 3190 670 commorari
3222 582 3638 664 permittimus,
3671 600 3737 644 ac

353 677 566 754 αὐτοὺς,
598 682 685 738 καὶ
741 680 994 758 ποιοῦμεν
1043 683 1304 761 χρονίζειν
1372 681 1445 745 εἷς
1528 681 1625 748 τήν
1695 679 1999 750 ἐκκλησίαν,

349 767 438 822 καὶ
507 768 792 847 ἀκροᾶσθαι
849 777 952 826 τῶν
1013 775 1254 849 Γραφῶν.
1332 771 1430 826 Καὶ
1498 769 1617 824 τότε
1676 769 1856 843 αςιτοὺς
1911 767 2006 843 βα·

352 855 625 931 πτίζομεν,
658 865 854 929 Ταῦτα,
889 859 962 922 ὡς
993 857 1266 936 ὑμέτερος,
1300 853 1596 914 ἐσπούδακα
1627 861 1884 932 σημᾶναι.

2086 667 2420 752 Scripturas
2441 671 2671 734 audire.
2702 671 2930 733 Deinde
2951 669 3307 751 baptismum
3350 671 3437 732 eis
3460 671 3736 752 imperti-

2088 776 2239 821 mur.
2276 759 2436 835 Haec,
2475 769 2750 841 tanquam
2784 767 2998 836 vester,
3032 760 3300 821 studiose
3325 759 3519 822 verbis
3545 761 3732 841 signi-

2086 847 2265 909 ﬁcare
2291 847 2474 911 volui.

355 954 418 1012 B'
434 1003 448 1018 .
489 981 511 1014 ι
547 959 828 1016 Πιττάκιον
857 960 1269 1039 πατριαρχικὸν,
1303 957 1508 1039 ἐκτεθὲν
1566 959 1708 1038 παρὰ
1762 957 2004 1015 Ἰωάννου

2116 949 2159 1010 ῐ.
2196 953 2410 1039 Brevis
2430 953 2881 1032 patriam/uilis
2934 954 3012 1039 de
3060 953 3484 1039 quodam,_qui
3518 957 3738 1039 matris

440 1038 868 1137 Χαρτοφύλακος,
927 1038 1018 1098 τοῦ
1059 1038 1478 1104 ν’ίιωνοπούλους,
1550 1039 1667 1116 περὶ
1743 1045 1854 1108 τοῦ,
1939 1042 2007 1112 τῇ

447 1116 470 1137 5
555 1119 576 1137 Ρ
656 1118 690 1137 1‘
920 1126 947 1136 σε.
1097 1118 1161 1137 ’ἢν
1486 1119 1495 1134 σ
1804 1118 1853 1137 ΑΙ

442 1116 777 1200 δισεξαδὲλφῃ
853 1116 1033 1200 ’τῆςῗ
1097 1118 1224 1184 ἰδίας
1325 1119 1526 1200 μητρός
1637 1118 2003 1200 συναφθέντος,

444 1200 532 1322 καὶ
679 1197 784 1258 τῶν
907 1199 1221 1281 ὀφειλόντων
1345 1197 1555 1266 δοθῆναι
1678 1197 1818 1273 αὕτῷ
1845 1197 2010 1253 ἐπιτιο

453 1301 484 1322 η
513 1301 585 1322 ..ω
623 1300 646 1322 ι

453 1300 609 1354 μιων.
623 1300 646 1335 Ι

679 1207 784 1258 τῶν

455 1378 788 1454 Δαμπουδίος
846 1384 1018 1454 οὗτος,
1066 1383 1094 1437 6
1151 1381 1256 1437 ἀπὸ
1304 1382 1400 1446 τῆς
1475 1379 1610 1436 κατᾶ
1693 1379 1752 1434 σὲ
1822 1376 2022 1455 ἕνορία(

366 1469 749 1548 Χρσυοπόλεως
799 1471 1133 1550 ὁρμώμενος,
1204 1467 1593 1549 θεοφιλέστατε,
1672 1465 1966 1550 διηγήσατο
1999 1482 2013 1496 ⁸

364 1557 444 1614 ὅτι
516 1557 601 1614 ἐπὶ
671 1567 886 1637 γαμικῶ
957 1557 1355 1637 συναλλάγματι
1446 1556 1772 1628 συνέζευκται
1837 1545 2012 1631 ’Ἄννῃ

361 1653 430 1723 τῇ
487 1645 834 1724 δισεξαδέλφῃ
897 1647 1155 1714 Θεοδότης
1230 1651 1326 1715 τῆς
1382 1648 1540 1704 αὐτοῦ
1595 1646 1822 1723 μητρὸς,
1907 1641 2009 1711 ἤδη

361 1737 464 1815 πρὸ
491 1735 690 1792 πολλοῦ
740 1735 856 1812 μετ’
901 1737 1062 1804 αὖτῆς
1117 1735 1469 1815 ἱερολογηθείς
1506 1752 1519 1765 ·
1574 1735 1661 1790 καὶ
1708 1733 2008 1815 ἠρῴτησεν,

364 1812 414 1880 εί
481 1826 508 1879 6
565 1827 799 1890 τοιοῦτος
862 1827 1032 1904 γοίμος
1088 1812 1452 1904 ἐπιτέτραπαι,
1523 1823 1558 1891 ἢ
1602 1824 1678 1897 μή
1768 1812 2010 1896 ’Ἐμαθεν

2165 1033 2624 1115 siizsobrimim
2669 1050 2930 1115 uxorem
2975 1033 3261 1115 (luxerat,
3323 1033 3510 1115 deque
3549 1038 3740 1114 pamis

2171 1111 2636 1195 illiirrogandis
2662 1113 2929 1174 Joannes
2962 1111 3426 1192 Chartularius,
3455 1111 3740 1195 loriapuli

2183 1191 2348 1270 ﬁlius
2377 1193 2684 1271 exposuit.

2181 1367 2541 1448 Lampadius
2563 1368 2681 1444 hic,
2706 1377 2868 1430 ortus
2912 1388 2944 1430 e
2985 1369 3197 1431 vicinia
3227 1377 3326 1431 tua
3357 1370 3740 1450 Chrysopoli-

2101 1461 2258 1537 tana,
2293 1458 2380 1517 vir
2408 1457 2878 1536 religiosissime,
2914 1457 3085 1519 nobis
3117 1459 3422 1538 exposuit:
3460 1477 3524 1520 se
3545 1459 3742 1522 matri-

2098 1545 2340 1605 moniali
2398 1553 2764 1607 contractum
2821 1547 3093 1625 junctum
3175 1565 3307 1608 esse
3364 1566 3496 1608 cum
3549 1548 3740 1625 Anna,

2099 1631 2419 1695 Tlieoiotaa
2451 1635 2654 1695 matris
2689 1653 2810 1695 sua}
2840 1634 3100 1714 sobrina,
3127 1635 3557 1697 interveniente
3581 1639 3742 1715 jam-

2095 1722 2318 1782 dudum
2352 1741 2650 1784 sacrarum
2687 1741 2930 1802 precum
2967 1723 3384 1785 benedictione
3419 1742 3432 1786 :
3468 1743 3536 1786 ac
3567 1726 3750 1787 inter-

2093 1812 2338 1888 rogavit,
2373 1830 2803 1873 concessumne
2831 1812 2905 1872 sit
2956 1816 3067 1874 tale
3101 1813 3572 1890 matrimonium,
3636 1833 3746 1876 nec

363 1913 475 1988 οὖν,
536 1914 609 1977 ὡς
654 1917 681 1970 6
740 1899 887 1988 νόμω
937 1899 1116 1993 γάμου
1173 1899 1632 1992 τῇδισεξαδέλφῃ
1717 1916 1814 1978 τῆς
1885 1908 2014 1972 ἰδίας

2116 1917 2195 1960 1e.
2237 1902 2605 1978 Responsum
2633 1899 2784 1976 tulit,
2820 1918 2981 1975 eum,
3041 1899 3140 1981 qui
3201 1901 3330 1979 lege
3386 1904 3748 1964 matrimonii

367 2003 569 2080 μητρὸς
640 2003 1055 2077 συναπτόμενος,
1105 2005 1164 2059 οὗ
1213 2001 1568 2079 διαζεύγνυται
1599 2001 1696 2075 μὲν
1752 1999 1857 2055 ἀπὸ
1917 2003 2014 2068 τῆς

365 2094 556 2153 οἰκείας
609 2100 874 2172 γαμετῆς,
948 2093 1001 2149 εἴ
1064 2115 1124 2172 γε
1193 2107 1314 2157 ταῖς
1369 2091 1638 2159 ἀληθείαις
1696 2093 1724 2146 6
1778 2097 2014 2153 τοιοῦτος

366 2183 539 2260 γάμος
575 2183 790 2262 νφθάσει
847 2180 1103 2260 προϐῆναι
1133 2201 1148 2217 ⁸
1210 2181 1492 2256 ἐπιτιμίοις
1564 2181 1621 2237 θὲ
1677 2176 2014 2238 καθυποϐαλ-

367 2269 536 2346 λεται,
601 2272 756 2336 αὑτὸς
807 2293 865 2327 τε
935 2272 1024 2327 καὶ
1081 2273 1116 2338 ἡ
1179 2273 1501 2350 συναφθεϊσα
1557 2271 1724 2342 αὐτῷ.
1785 2271 1880 2324 Λιὸ
1937 2269 2023 2324 καὶ

372 2359 658 2438 γράφοντες
700 2360 1040 2439 ὑφηγούμεθά
1109 2382 1200 2416 σον
1271 2366 1338 2436 τῇ
1408 2360 1670 2438 ἱερὸτητι⁷
1726 2357 1820 2412 ἵνα
1878 2355 2022 2435 ἐρευ-

371 2449 564 2523 νήσῃς,
597 2449 639 2502 εἰ
668 2447 834 2510 οὕτως
905 2445 1021 2526 ἔχει
1054 2450 1082 2504 6
1139 2453 1237 2514 τῆς
1293 2449 1596 2527 συγγενείας
1661 2444 1883 2522 βαθμὸς,
1950 2447 2022 2510 ὡς

372 2537 527 2599 αὐτὸς
562 2534 879 2615 διηγήσαιτο⁷
903 2537 991 2592 καὶ
1021 2537 1064 2591 εἰ
1121 2533 1320 2614 προὲϐη
1383 2538 1411 2592 6
1462 2536 1656 2614 γάμος.
1715 2535 1812 2591 Καὶ
1871 2532 2022 2610 εἴπερ

377 2623 543 2686 οὕτως
602 2623 830 2704 ἔχουσαν
899 2625 998 2691 τῆν
1052 2623 1300 2694 ἀλήθειαν
1380 2623 1803 2702 ἀπαραλλάκτως
1861 2624 2020 2701 εὒρή-

373 2735 508 2786 σεις,
542 2712 703 2789 ἐάσῃς
733 2713 829 2789 μέν
857 2715 917 2769 τὸ
1001 2713 1322 2770 πνοικέσιον
1378 2713 1463 2769 ἐπὶ
1527 2714 1808 2792 σχήματος
1834 2727 1848 2741 ⁶
1897 2711 2020 2768 ἐπι-

371 2800 573 2871 τιδήσει
644 2800 697 2857 δὲ
770 2800 1140 2878 καθυποϐάλῃς
1198 2802 1356 2858 αὒτόν
1435 2823 1516 2874 τε,
1599 2801 1686 2856 καὶ
1741 2803 1839 2868 τὴν
1893 2823 2017 2857 συν-

375 2893 631 2970 αφθεϊσαν
661 2891 827 2965 αὐτῷ,
872 2889 1015 2953 ὅπως
1080 2879 1163 2969 ἐφ’
1205 2889 1304 2966 ὅλῃ
1333 2889 1492 2962 διετίᾳ
1520 2889 1827 2969 ἀπέχωνται
1857 2889 2019 2968 κρέα-

371 3001 486 3052 τος,
535 2979 590 3034 ἐν
632 2977 685 3034 δὲ
741 2979 944 3057 τετράδι
987 2981 1073 3036 καὶ
1133 2978 1402 3054 πέμπταις
1452 2977 1588 3054 μηδὲ
1660 2980 1797 3034 οἷνου
1855 2978 2016 3054 μετέ-

370 3089 534 3147 χωσι.
598 3073 704 3134 Τῆς
763 3068 943 3144 μέντοι
1001 3069 1276 3130 κοινωνίας
1372 3065 1869 3146 μεταλαμϐάνωσιν,

373 3157 558 3231 μόναις
587 3170 708 3222 ταῖς
768 3167 1121 3220 Δεσποτικαῖς
1185 3157 1418 3235 ἑορταῖς.
1494 3157 1723 3211 Γίνωσκε
1799 3157 1921 3232 γάρ,
1954 3159 2026 3220 ὡς

373 3247 402 3301 6
433 3252 689 3325 τοιοῦτος,
723 3246 924 3323 γάμος,
966 3248 1066 3325 πρὸ
1139 3246 1236 3320 μὲν
1309 3254 1402 3304 τοῦ
1443 3244 1705 3323 γενέσθαι,
1778 3244 1874 3299 οὒκ
1929 3268 2030 3300 πι-

374 3334 621 3413 τρέπεται
653 3349 668 3365 ⁹
746 3336 880 3408 μετά
911 3412 916 3413 γ
950 3333 1004 3390 δὲ
1065 3335 1136 3413 τὸ.
1177 3334 1471 3413 -γενέσθαι,
1522 3334 1611 3413 οὒ
1673 3330 2030 3413 δ-ιαλεύγνυται

381 3411 502 3498 μὲν³
557 3414 838 3490 ἐπιτιμίοις
901 3412 954 3470 δὲ
1005 3411 1379 3476 ὑποϐάλλεται,
1456 3411 1620 3480 -Πλτὶν
1690 3411 2030 3492 διαμάρτυραι

383 3504 542 3560 παντὶ
569 3507 647 3577 τῷ
677 3505 773 3559 ὑπὸ
833 3503 892 3558 σὲ
947 3500 1084 3576 λαῷ,
1146 3504 1220 3565 ὡς
1275 3501 1337 3557 ἂν
1391 3500 1475 3556 ὅτε
1536 3499 1718 3576 μέλλει
1775 3499 2035 3580 προϐῆναι

381 3590 749 3670 στνάλλαγμα,
818 3588 1134 3672 ἀμφιϐολίαν
1195 3591 1314 3646 τινὰ
1385 3589 1664 3646 τοσύνολον
1719 3588 1870 3668 ἕχον,
1921 3612 2037 3672 μηέ

383 3678 562 3755 δαμῶς
597 3679 717 3735 ἄνευ
749 3680 843 3748 τῆς
888 3671 985 3746 σῆς
1056 3676 1387 3758 προστάξεως
1444 3701 1493 3734 τι
1567 3678 1784 3735 ποιῶσιν
1833 3695 1848 3709 ⁸
1911 3671 2030 3733 ἀλλ’

382 3767 680 3848 ἀναφέρωσι
730 3769 796 3826 τὰ
887 3770 1004 3844 περὶ
1059 3775 1150 3824 τοῦ
1235 3769 1542 3846 πράγματος
1635 3773 1704 3843 τῇ
1766 3765 2032 3846 θεοφιλείᾳ

383 3879 501 3918 σου.
537 3859 635 3914 Καὶ
663 3855 852 3933 οὕτως,
882 3857 917 3926 ἢ
960 3857 1022 3912 σὺ
1065 3856 1263 3932 τὲμνῃς
1307 3857 1406 3923 τὴν
1477 3856 1722 3926 ζήτησιν,
1786 3854 1844 3933 ἢ,
1879 3853 2034 3933 εἴπερ

384 3942 758 4026 ἀμφιϐάλλεις,
817 3947 946 4026 πρὸς
1043 3947 1183 4020 ἡμᾶς
1267 3944 1534 4024 ἀναφέρῃς
1623 3944 1711 4000 καὶ
1807 3943 2037 4002 ἐντεῦθεν

383 4033 521 4113 δέχῃ
549 4034 648 4101 τὴν
677 4033 846 4093 λύσιν.
910 4044 1007 4090 Δεῖ
1061 4033 1115 4089 δὲ
1168 4031 1379 4106 εἰδέναι,
1442 4032 1523 4090 ὅτι
1581 4031 1791 4089 ἕπειδὰν
1820 4033 1865 4088 οἱ
1912 4034 2042 4111 πρὸς

389 4121 652 4192 ἀλλήλους
698 4124 853 4180 οἱονεὶ
901 4120 1122 4198 ἕϐδομον
1193 4121 1392 4198 βαθμὸν
1455 4121 1830 4196 ἐπινοοόμενον
1865 4119 1917 4186 ἐξ
1943 4121 2042 4199 ἀγ-

389 4211 629 4290 χιστείας
702 4211 958 4283 σώζοντες
1026 4211 1402 4286 στνάπτονται,
1478 4211 1543 4266 τὰ
1614 4210 1746 4267 αὐτὰ
1803 4209 2040 4286 ἐπιτίμια

395 4300 656 4378 ὀφείλουσι
712 4313 926 4380 κρατεῖν
1007 4301 1094 4356 καὶ
1163 4299 1248 4356 ἐπ’
1307 4303 1500 4374 αὐτῶν,
1613 4298 1744 4377 ἅπερ
1799 4299 1850 4357 ἐν
1909 4296 2040 4374 τῷδε

389 4395 468 4462 τῷ
525 4390 824 4469 ψηφίσματι
881 4388 1122 4469 εἴρηνται
1161 4407 1173 4420 ·
1233 4387 1314 4468 ἐφ’
1371 4387 1444 4444 ἐνὶ
1501 4387 1679 4465 μέντοι
1737 4390 1830 4445 καὶ
1896 4388 2042 4463 μόνῳ

390 4475 633 4550 ἐνιαυτῷ.
1071 4505 1078 4511 '

393 4575 481 4640 I".
569 4597 593 4634 α
627 4575 900 4635 Συνοδικαὶ
958 4577 1260 4654 ἀποκρίσεις
1330 4578 1404 4642 εἷς
1461 4578 1527 4636 τὰ
1596 4579 1671 4654 τῷ
1729 4575 1888 4645 Σίδης
1918 4575 2045 4657 ἐρω-

1068 4657 1315 4726 τηθέντα.
1355 4680 1382 4712 ι

476 4756 828 4835 Ψηφίσματος
916 4781 1056 4825 τινος
1149 4759 1286 4815 κατά
1364 4759 1505 4814 Θείαν
1587 4758 1674 4814 καὶ
1761 4755 2047 4833 βασιλικην

391 4841 673 4923 πρόσταξιν
751 4845 1047 4913 ἐκτεθέντος
1131 4848 1272 4926 παρὰ
1369 4856 1458 4906 τοῦ
1515 4847 2043 4926 μεγανεπιφανεστά-

393 4954 486 4990 του
543 4933 948 5013 Κουροπαλάτου
1016 4937 1105 4993 καὶ
1189 4933 1537 5013 κοιαίστορος,
1628 4933 1896 4990 Βασιλείου
1955 4951 2050 5000 τοῦ

396 5023 671 5104 Πεκούλη⁷
744 5023 828 5080 ἐπὶ
900 5027 1189 5106 ἐρωτήσεσι
1263 5024 1529 5106 διαφόροις
1599 5026 1742 5099 παρὰ
1823 5030 1914 5081 τοῦ
1963 5032 2053 5081 νῦν

397 5112 686 5192 ἱερωτάτου
753 5114 1146 5192 μητροπολίτσυ
1217 5112 1377 5180 Σιδης
1465 5111 1781 5193 προϐάσαις,
1827 5113 1944 5191 περί
1996 5135 2053 5169 τε

405 5199 612 5279 δωρεών
684 5201 950 5272 ἀκινήτων
1025 5209 1204 5279 τινῶν,
1286 5199 1542 5258 ἒκδόσεών
1626 5224 1682 5258 τε
1740 5202 1826 5257 καὶ
1880 5201 2051 5282 ἔμφυ-

403 5290 654 5365 τεύσεων,
721 5291 809 5346 καὶ
877 5291 988 5368 μὴν
1044 5291 1181 5348 ἀλλὰ
1231 5291 1318 5346 καὶ
1373 5297 1607 5350 τοπικῶν
1675 5288 1868 5347 δόσεων
1925 5293 2051 5358 lam-

404 5379 532 5434 σίων
561 5379 702 5457 παρὰ
731 5384 824 5436 τοῦ
869 5382 971 5459 πρὸ
1039 5380 1197 5438 αὐτοῦ
1268 5377 1686 5459 μητροττολίτου²
1743 5386 1836 5435 τοῦ
1887 5378 2052 5435 ἀποι-

402 5465 641 5547 χομένου
709 5465 907 5526 ἐκείνου
991 5467 1264 5527 Θεοδοσίου
1365 5467 1761 5547 γεγενημένων,
1811 5466 1885 5531 είς
1953 5466 2052 5524 ἒπ-

398 5556 562 5626 ⁴ήκοόν
587 5577 646 5614 τε
673 5556 770 5626 τῆς
819 5559 973 5634 ἡμῶν
1028 5558 1375 5638 μετριότητος
1405 5557 1492 5615 καὶ
1522 5561 1627 5613 τῶν
1687 5552 2046 5636 συνεδριαζόν-

400 5665 507 5701 των
577 5649 711 5722 αὖτῇ
777 5647 1076 5726 ἶερωτάτων
1149 5643 1555 5726 μητροπολιτῶν
1613 5644 2048 5724 ἀναγνωσθέντων

399 5735 500 5804 τὴν
530 5735 782 5815 σήμερον,
829 5738 857 5792 6
917 5734 1167 5805 δηλωθεὶς
1238 5736 1386 5801 οὗτος
1458 5733 1844 5814 μετροπολίτης
1890 5733 2046 5804 Σίδης

1963 3066 2086 3156 ἕνα

2100 2005 2234 2048 cum
2266 1987 2506 2048 sobrina
2562 1988 2767 2049 matris
2824 2007 2944 2049 suae
2994 1989 3328 2068 copuletur,
3383 2009 3500 2050 non
3549 1991 3749 2052 dirimi

2099 2076 2338 2157 quidem
2371 2077 2442 2136 ab
2477 2096 2657 2138 uxore
2688 2095 2814 2151 sua,
2869 2078 2919 2137 si
2970 2096 3179 2157 reapse
3213 2078 3354 2140 tales
3380 2079 3600 2158 nuptiae
3621 2082 3746 2160 jam

2103 2171 2420 2224 contractae
2448 2164 2567 2224 sint
2596 2187 2607 2222 :
2665 2166 2856 2245 poenis
2905 2174 3101 2227 tamen
3133 2167 3346 2245 subjici
3380 2175 3496 2228 tam
3527 2170 3746 2248 ipsum,

2104 2269 2279 2330 quam
2313 2251 2623 2313 mulierem
2657 2254 2712 2313 ei
2769 2253 3120 2333 copulatam.
3174 2257 3497 2336 Propterea
3529 2259 3750 2320 litteras

2104 2339 2282 2400 hasce
2311 2339 2668 2415 scribentes,
2705 2341 3080 2404 sanctitatem
3119 2352 3272 2403 tuam
3327 2362 3664 2421 monemus,
3696 2356 3757 2408 ut

2105 2429 2515 2516 perscruteris,
2551 2447 2625 2490 an
2657 2431 2736 2491 ita
2764 2449 2830 2492 se
2859 2432 3073 2508 gradus
3115 2433 3488 2511 cognationis
3519 2435 3753 2516 habeat,

2104 2524 2167 2576 ut
2196 2515 2322 2596 ipse
2357 2528 2575 2592 narrat,
2614 2526 2670 2578 et
2698 2537 2771 2579 an
2806 2529 3060 2599 peractae
3090 2520 3208 2580 sint
3238 2521 3486 2600 nuptiae.
3520 2522 3688 2595 Quod
3707 2515 3760 2586 si

2103 2606 2410 2666 veritatem
2427 2607 2581 2667 haud
2609 2608 2789 2669 dubie
2811 2608 2896 2669 sic
2913 2627 2978 2670 se
3004 2609 3227 2671 habere
3258 2610 3754 2693 deprehenderis,

2108 2695 2549 2756 matrimonium
2585 2697 2823 2777 quidem
2856 2697 2917 2758 in
2949 2707 3100 2759 statu
3131 2717 3239 2762 suo
3287 2700 3593 2781 relinques
3625 2723 3640 2780 ;
3701 2711 3759 2764 at

2105 2802 2296 2864 paenae
2320 2783 2603 2864 subjicies
2625 2793 2742 2846 tum
2769 2786 2985 2864 ipsum,
3015 2796 3133 2847 tum
3165 2787 3474 2850 mulierem
3503 2789 3556 2850 ei
3579 2809 3761 2870 copu-

2102 2875 2304 2954 latam,
2332 2873 2612 2934 nimirum
2639 2883 2754 2935 uta
2777 2874 2976 2936 carnis
2998 2893 3102 2936 esu
3145 2885 3262 2936 toto
3297 2876 3538 2938 biennio
3571 2889 3760 2940 semet

2103 2961 2462 3038 abstineant,
2506 2971 2563 3023 et
2624 2973 2830 3042 quarta
2885 2964 3204 3045 quintaque
3254 2965 3401 3027 feria
3454 2985 3530 3028 ne
3559 2968 3758 3030 vinum

2111 3051 2350 3130 quidem
2366 3051 2591 3113 bibant.
2613 3054 3062 3115 Communionis
3077 3063 3269 3115 tamen
3287 3055 3607 3136 participes
3620 3059 3757 3133 sint,

2114 3139 2206 3199 his
2228 3139 2509 3201 duntaxat
2533 3141 2766 3218 diebus,
2801 3142 2902 3221 qui
2932 3143 3186 3204 Domino
3217 3152 3356 3203 sunt
3383 3146 3559 3209 sacri.
3591 3145 3758 3208 Scias

2113 3228 2296 3308 enim,
2333 3229 2623 3308 ejusmodi
2655 3231 2886 3308 nuptias
2910 3231 3073 3309 prius
3103 3230 3368 3310 quidem,
3403 3252 3578 3312 quam
3610 3253 3760 3297 cou-

2113 3317 2443 3390 trahantur,
2475 3336 2593 3378 non
2623 3317 2877 3396 permitti
2907 3337 2921 3393 ;
2963 3328 3091 3398 post
3120 3338 3280 3395 vero,
3317 3339 3491 3400 quam
3525 3331 3761 3384 contra-

2113 3413 2222 3465 ctae
2247 3404 2385 3480 sint,
2412 3424 2530 3466 non
2554 3406 2753 3465 dirimi
2775 3406 3015 3486 quidem
3042 3407 3193 3487 illas,
3221 3409 3328 3468 sed
3353 3409 3543 3486 poenis
3567 3419 3764 3472 tamen

2120 3492 2358 3572 subjici.
2390 3494 2777 3555 Attestaberis
2805 3503 3000 3555 autem
3065 3496 3336 3556 universo
3391 3496 3493 3557 tibi
3526 3499 3763 3563 subdito

2121 3581 2362 3662 populo,
2399 3589 2461 3642 ut
2492 3603 2622 3643 cum
2655 3583 3099 3644 matrimonium
3132 3585 3601 3648 contrahendum
3629 3589 3761 3664 erit,

2129 3669 2284 3749 quod
2304 3670 2545 3732 omnino
2568 3671 2837 3732 nonnihil
2869 3671 3264 3750 ambiguitatis
3296 3673 3500 3751 habet;
3536 3694 3764 3756 nequa-

2115 3778 2288 3839 quam
2323 3760 2545 3839 absque
2571 3761 2744 3840 jussu
2767 3769 2862 3822 tuo
2895 3761 3032 3840 quid
3066 3762 3301 3836 faciant,
3337 3763 3442 3824 sed
3470 3765 3543 3824 ad
3575 3769 3766 3846 pieta-

2117 3855 2236 3908 tem
2270 3855 2425 3908 tuam
2461 3849 2535 3909 de
2566 3849 2799 3928 negotio
2847 3850 3127 3912 referant.
3187 3853 3386 3931 Atque
3417 3853 3529 3914 hoc
3562 3855 3762 3932 modo,

2121 3937 2213 3998 vel
2243 3945 2303 3998 tu
2329 3939 2717 4020 qumstionem
2748 3940 2960 4011 solves,
2991 3940 3102 4020 vel,
3136 3939 3185 4000 si
3216 3940 3430 4002 dubius
3456 3943 3667 4020 haeres,
3693 3945 3767 4006 ad

2125 4043 2238 4088 nos
2289 4028 2560 4104 referes;
2641 4039 2819 4107 at-jue
2877 4028 3015 4090 hinc
3073 4028 3425 4109 rescriptum
3485 4032 3768 4112 accipies.

2129 4114 2413 4177 Siendum
2446 4135 2604 4192 vero,
2667 4117 2821 4199 quod
2883 4136 3018 4179 cum
3074 4117 3141 4192 ii,
3199 4118 3300 4197 qui
3353 4120 3605 4199 septimo
3637 4140 3772 4186 sese

2129 4205 2315 4284 gradu
2345 4206 2644 4268 affinitatis
2701 4206 2933 4268 ratione
2988 4207 3354 4288 contingunt,
3393 4209 3771 4274 matrimonio

2123 4294 2523 4373 copulantur:
2583 4295 2786 4357 eadem
2839 4315 3013 4377 poena
3055 4295 3116 4356 in
3167 4295 3282 4356 illis
3313 4316 3549 4378 quoque
3574 4299 3769 4361 locum

2125 4383 2242 4446 sint
2270 4385 2580 4458 habiturae,
2614 4405 2744 4466 quae
2764 4386 2877 4447 hoc
2898 4387 3137 4449 decreto
3163 4387 3634 4466 suntexpositae;
3667 4388 3771 4450 sed

2128 4473 2201 4534 ad
2234 4492 2420 4535 unum
2455 4475 2736 4538 duntaxat
2759 4492 3007 4537 annum.

2128 4577 2230 4643 Ill.
2266 4579 2599 4659 Synodales
2649 4583 3066 4663 responsiones
3116 4579 3196 4663 ad
3251 4580 3632 4660 interrogata
3661 4582 3771 4646 Si-

2570 4663 2576 4670 ’
2691 4661 2890 4724 densis
2918 4661 3206 4741 episcopi.

2213 4757 2599 4835 Posteaquam
2629 4754 2935 4817 decretum
2965 4753 3285 4834 quoddam,
3319 4771 3486 4814 sacro
3508 4765 3568 4816 et
3589 4755 3778 4836 impe-

2129 4843 2348 4904 ratorio
2371 4844 2542 4923 jussu
2573 4844 3002 4924 promulgatum
3036 4841 3111 4903 ab
3152 4841 3554 4904 illustrissimo
3587 4843 3773 4906 Curo-

2138 4933 2330 5012 palata
2361 4942 2418 4995 et
2447 4943 2763 5014 qumstore,
2796 4933 3014 4996 Basilio
3050 4931 3288 5011 l’ecule,
3336 4933 3409 4992 ad
3443 4932 3780 5014 interroga-

2136 5022 2332 5083 tiones
2364 5023 2552 5084 varias
2600 5021 2672 5084 ab
2705 5023 2878 5102 hujus
2910 5021 3190 5101 temporis
3220 5019 3594 5083 sancitssimo
3625 5021 3781 5083 Sidae

2139 5111 2597 5192 metrOpolitano
2622 5111 2970 5192 propositas,
3002 5111 3075 5171 de
3088 5108 3780 5189 donatioribusquorum-

2137 5199 2270 5261 dam
2302 5200 2723 5276 immobilium,
2743 5201 2935 5280 deque
2961 5197 3347 5260 locationibus
3366 5206 3424 5259 et
3442 5216 3533 5259 em
3542 5199 3782 5279 phyteu-

2139 5290 2326 5352 sibus.
2357 5297 2531 5370 atque
2562 5291 2742 5352 etiam
2792 5289 2867 5350 de
2911 5285 3332 5350 formularibus
3360 5287 3782 5350 donationibus

2135 5379 2371 5455 annuis,
2396 5379 2468 5439 ab
2491 5379 2684 5459 ipsius
2702 5379 3043 5454 decessore,
3069 5373 3403 5436 Theodosio
3423 5375 3524 5438 illo
3553 5387 3781 5440 metro-

2135 5467 2396 5547 politano
2428 5467 2706 5530 defuncto
2738 5466 2906 5529 factis
2945 5488 2961 5545 ;
3015 5461 3425 5525 mediocritate
3468 5473 3688 5543 nostra,
3726 5475 3784 5530 et

2133 5553 2194 5614 in
2225 5554 2479 5616 concilio
2505 5553 2904 5617 assidentibus
2934 5552 2990 5616 ei
3013 5548 3405 5614 sanctissimis
3435 5554 3785 5634 metropoli-

2133 5639 2289 5704 tanis
2317 5641 2729 5725 audientibus,
2763 5641 3054 5704 hodierno
3087 5639 3185 5703 die
3215 5638 3546 5719 perlectum
3577 5651 3735 5704 esset
3765 5661 3779 5706 :

2134 5729 2433 5795 indicatus
2466 5731 2620 5798 Sidae
2651 5730 3140 5814 metropolitanus
3168 5725 3406 5790 Nicetas
3434 5729 3696 5809 petebat,
3725 5751 3762 5796 ιι
