4192 6220
534 397 650 463 907

545 622 795 685 civitatis
825 623 883 682 in
918 621 1114 683 Pieria
1142 619 1486 695 sitaa,factus
1529 627 1618 682 est
1641 619 2183 700 Hierosolymorum

542 712 877 794 patriarcha
910 729 923 774 :
960 710 1061 791 qui
1110 711 1264 771 hanc
1315 709 1375 770 in
1406 709 1614 771 urbem
1648 709 1970 790 profectus,
2006 707 2182 768 mini-

540 801 783 864 sterium
818 818 1049 862 sacrum
1101 797 1286 860 obivit
1337 817 1451 859 una
1504 817 1638 859 cum
1670 798 2011 859 beatissimo
2040 815 2181 856 san-

539 891 922 970 ctissimoque
953 888 1305 969 patriarcha,
1367 887 1607 948 domino
1657 886 1925 964 Nicolao,
1961 896 2176 950 etcum

535 997 704 1042 sacra
747 978 994 1060 synodo.
1035 976 1366 1040 Celestiuus
1424 994 1571 1056 papa
1618 975 1917 1037 Romanus
1973 975 2183 1037 scribit

539 1067 802 1148 epismlis
832 1066 1024 1127 tribus
1051 1067 1122 1126 ad
1161 1064 1437 1145 Cyrillum
1468 1065 1955 1141 Alexandrinum,
1995 1063 2183 1126 Joan-

540 1175 676 1219 nem
697 1153 1374 1225 Antiochenum,Rufum
1394 1152 2184 1228 Thessalonicensem,nullo

543 1245 720 1306 modo
752 1243 1080 1306 canonibus
1121 1241 1417 1303 adversari
1479 1242 1921 1303 translationem
1954 1243 2186 1322 episco-

539 1355 778 1418 porum,
842 1335 915 1397 ab
977 1353 1091 1395 una
1140 1333 1372 1394 civitate
1419 1332 1479 1393 in
1527 1333 1726 1409 aliam,
1793 1335 2183 1414 quemadmo-

541 1428 682 1487 dum
715 1423 1023 1487 Sozomeni
1046 1423 1203 1484 filius
1223 1421 1493 1483 Hermias
1541 1422 1640 1482 ait.
1671 1421 1898 1503 Quippe
1917 1423 2185 1503 migratio

541 1514 836 1596 prohibita
867 1523 955 1574 est
984 1531 1032 1592 ιι,
1068 1530 1186 1572 non
1241 1510 1564 1573 translatio.
1625 1509 1871 1573 Sivanus
1928 1512 2028 1574 ille
2079 1513 2185 1573 mi-

533 1603 871 1666 raculorum
906 1601 1098 1682 opifex
1128 1619 1161 1661 a
1189 1600 1586 1681 Philippopoli
1629 1599 1896 1662 Thraciae
1927 1603 2178 1662 transla-

537 1702 632 1755 tus
662 1701 752 1754 est
781 1691 1094 1753 Troadem.
1132 1689 1433 1751 Eudoxius
1470 1688 1841 1751 Antiochiam
1869 1691 2183 1751 translatus

536 1801 605 1844 ex
637 1780 1008 1853 Germanica,
1063 1777 1249 1839 factus
1307 1787 1396 1839 est
1425 1778 1600 1838 etiam
1636 1779 1968 1857 patriarcha
2027 1781 2178 1842 Con-

535 1868 1115 1949 stantiuopolitanus.
1166 1865 1424 1928 Joannes
1468 1866 1803 1929 Codonatus
1835 1886 1868 1928 a
1928 1869 2182 1949 patriar-

537 1960 714 2020 chatu
775 1975 1001 2036 magna;
1049 1956 1209 2016 illius
1265 1954 1594 2016 Antiochia
1652 1957 1964 2019 translatus
1995 1959 2180 2020 estad

535 2047 911 2128 metropolim
945 2044 1267 2106 Torensem
1299 2046 1330 2106 ί.
1380 2044 1613 2124 Aliique
1668 2045 1864 2125 plures
1913 2047 1985 2108 ad
2039 2047 2183 2108 alias

535 2145 708 2218 atque
738 2136 904 2198 alias.
937 2133 1003 2195 In
1037 2133 1247 2195 diebus
1304 2141 1502 2194 autem
1554 2135 1740 2196 sancti
1774 2136 1965 2197 Patris
1997 2143 2178 2197 nostri

531 2223 755 2287 Nicetae
797 2223 1145 2305 patriarchae
1171 2223 1826 2303 Constantinopolitan’i,
1859 2227 2181 2288 monachus

532 2314 635 2377 ille
658 2314 1048 2376 Pentactenes
1072 2320 1127 2373 et
1157 2311 1473 2393 Pentailas,
1525 2312 1785 2393 primum
1816 2333 1848 2374 a
1906 2315 2177 2376 Hosianis

533 2405 852 2467 translatus
899 2411 990 2463 est
1058 2401 1130 2463 ad
1201 2401 1715 2482 archiepiscopum
1795 2401 2104 2465 Lemnium
2157 2425 2170 2465 :

536 2494 753 2556 deinde
782 2492 920 2553 data
940 2491 1217 2552 estetiam
1239 2490 1295 2552 ei
1319 2493 1953 2571 Maronea.lmperante
1970 2494 2176 2556 Alexio

535 2580 862 2652 Comneno,
917 2577 1100 2641 Sabas
1169 2581 1483 2659 episcopus
1555 2582 1837 2642 Cazsareae
1892 2583 2172 2662 Philippi,

537 2670 724 2731 factus
781 2677 869 2730 est
936 2666 1480 2746 Hierosolymorum
1565 2669 1896 2748 patriarcha
1953 2680 2010 2732 et
2061 2673 2175 2734 huc

534 2759 853 2840 profectus,
905 2756 1090 2818 obivit
1143 2755 1532 2816 ministerium
1595 2775 1828 2818 sacrum
1879 2779 1994 2821 una
2042 2781 2172 2823 cum

535 2851 908 2913 sanctissimo
933 2847 1266 2929 patriarcha
1295 2845 1557 2923 Nicolao,
1591 2856 1646 2910 et
1691 2851 1935 2929 synodo.
1997 2853 2176 2914 Nico-

535 2940 664 3001 laus
692 2937 936 3012 Muzalo,
973 2955 1105 2998 cum
1160 2944 1286 2997 erat
1340 2936 1822 3018 archiepiscopus
1849 2937 2040 3019 Cypri,
2075 2959 2176 3004 re-

535 3029 827 3092 nuntiavit
857 3027 910 3089 ei
941 3027 1153 3087 throno
1191 3047 1204 3085 :
1237 3027 1490 3105 dataque
1546 3033 1634 3086 est
1678 3026 1731 3087 ei
1782 3029 2010 3090 mansio
2043 3029 2178 3092 Cos-

538 3117 831 3198 midii,cui
863 3114 1096 3198 praefuit
1125 3114 1373 3177 annis...
1420 3114 1638 3175 deinde
1669 3116 1853 3177 factus
1883 3126 1971 3178 est
2001 3119 2177 3181 etiam

1888 401 1920 462 Ι
1926 398 2020 460 US
2065 391 2512 462 CANONICUM

541 533 748 598 moriae
776 532 993 614 prodit,
1021 530 1278 612 Agapius
1327 529 1814 611 archiepiscopus
1858 527 2180 605 Seleuceae,

2269 527 2376 619 ξιρχ
2387 531 2717 607 ιεπίσκοπος,

3809 392 3921 460 908

2811 534 2993 613 γέγονε
3090 535 3430 615 πατριάρχης
3517 524 3913 611 Ἰεροσολύμων.

2292 626 2361 681 Ος
2393 619 2637 678 εἰσελθὼν
2680 623 2918 697 ἐνταῦθα,
2977 624 3439 702 συνελειτούργησε
3493 629 3570 696 τῷ
3639 642 3913 698 μακαριω-

2266 706 2410 782 τσίτῳ
2470 711 2555 765 καὶ
2612 712 2893 789 ἁγιωτάτῳ
2947 714 3256 794 πατριάρχῃ
3319 720 3458 791 κυρῷ
3516 709 3784 782 Νικολάῳ,
3830 710 3915 764 καὶ

2263 800 2330 870 τῇ
2360 798 2470 874 ἱερᾷ
2518 797 2738 872 συνόδῳ.
2800 791 2857 858 εΟ
2905 791 3116 876 Ῥώμης
3148 791 3345 862 νπᾶπας
3408 796 3730 858 Καλεσττνος
3777 817 3910 874 ὙΡ²⁹

2261 905 2344 964 (per
2389 882 2457 940 δι’
2503 887 2792 946 ἐπιστολῶν
2849 897 3013 968 τριῶν
3067 890 3196 970 πρός
3271 911 3325 946 τε
3366 890 3457 945 τὸν
3525 883 3910 970 Ἀλεξανδρείας

2267 972 2539 1051 Κύριλλον,
2627 966 2892 1046 Ἰωάννην.
2962 980 3051 1036 τὸν
3111 966 3494 1058 ”Αντιοχείας,
3566 976 3652 1031 καὶ
3698 966 3909 1051 Ῥοῦφον

2267 1066 2676 1146 Θεσσαλονίκης,
2761 1066 3116 1144 καταμηδέντι
3197 1069 3569 1146 προσίστασθαι
3633 1076 3750 1125 τοῖς
3807 1084 3911 1117 κα-

2268 1151 2378 1206 νόσι
2435 1155 2535 1221 τὴν
2591 1157 2914 1230 μετάστασιν
2967 1160 3073 1214 τῶν
3157 1156 3482 1227 ἐπισκόπων,
3556 1153 3660 1209 ἀπὸ
3732 1151 3910 1229 ἑτέρας

2267 1239 2476 1324 πόλεως
2507 1244 2581 1306 εἰς
2611 1245 2814 1324 ἑτέραν,
2866 1247 2939 1309 ὡς
2990 1249 3018 1302 6
3079 1253 3388 1321 Συζομενοὺ
3443 1243 3586 1322 λέγει
3638 1233 3906 1319 Ἐρμείας,

2272 1318 2400 1385 ΗΟτι
2433 1333 2466 1398 ἡ
2522 1330 2806 1407 μετάϐασις
2865 1333 3179 1414 κεκώλυται,
3240 1336 3299 1390 οὒ
3357 1334 3464 1408 μὴν
3519 1333 3553 1399 ἡ
3610 1331 3908 1406 μετάθεσις.

2272 1416 2527 1485 Σιλϐανὸς
2571 1424 2598 1477 6
2653 1425 3042 1503 θαυματουργὸς
3098 1423 3203 1479 ἀπὸ
3255 1419 3729 1484 Φιλιππουπόλεως
3813 1422 3912 1483 τῆς

2273 1505 2324 1562 ἐν
2382 1509 2580 1587 Θρᾴκῃ,
2656 1513 2728 1574 εἷς
2800 1511 3037 1591 Τρωάδα.
3113 1510 3349 1578 Εὐδόξιος
3402 1514 3431 1568 6
3486 1509 3782 1586 μετατεθεὶς
3854 1512 3912 1562 ἐκ

2273 1601 2599 1674 Γερμανικῆς
2660 1603 2730 1664 εἷς
2791 1599 3146 1682 Ἀντιόχειαν,
3221 1600 3430 1678 ἐγένετο
3485 1602 3572 1656 καὶ
3642 1597 3909 1675 πατριάρ-

2262 1707 2373 1763 χης
2445 1689 3069 1770 Κωνσταντινουπόλεως,
3130 1690 3380 1758 Ἰωάννης
3449 1691 3477 1745 6
3561 1685 3904 1758 Κωδωνᾶτος,

2267 1774 2517 1848 μετετέθη
2563 1776 2667 1833 ἀπὸ
2720 1786 2813 1834 τοῦ
2878 1783 3241 1859 πατριαρχείου
3309 1780 3408 1844 τῆς
3466 1775 3707 1855 μεγάλης
3779 1771 3907 1830 Ἀν-

2265 1866 2524 1946 τιοχείας,
2583 1868 2656 1930 εἷς
2711 1867 2809 1934 τὴν
2869 1867 3197 1948 μητρόπολιν
3241 1868 3416 1947 Τόρων
3446 1864 3516 1916 68
3546 1883 3560 1898 ’
3607 1866 3695 1921 καὶ
3723 1861 3909 1920 πολλοὶ

2265 1952 2455 2032 ἕτεροι,
2514 1956 2588 2018 εἷς
2645 1955 2808 2021 ἄλλας
2849 1959 2936 2014 καὶ
2992 1956 3179 2023 ἄλλας.
3250 1955 3369 2015 Ἐπὶ
3424 1955 3478 2012 δὲ
3534 1955 3640 2011 τῶν
3694 1953 3908 2031 ἡμερῶν

2263 2051 2354 2100 τοῦ
2424 2043 2564 2100 ὁσίου
2636 2047 2837 2124 Πατρὸς
2893 2047 3046 2122 ἡμῶν
3107 2048 3311 2117 Νικήτα
3363 2045 3694 2124 πατριάρχου
3754 2051 3906 2098 Κωνο

2264 2133 2765 2214 σταντινουπόλεως,
2828 2138 2855 2191 6
2927 2137 3166 2216 μοναχὸς
3224 2134 3585 2200 Πεντακτένης
3644 2132 3730 2188 καὶ
3774 2137 3908 2186 [Iav-

2262 2219 2474 2295 ταῖλᾶς,
2531 2221 2635 2279 ἀπὸ
2691 2215 2983 2281 Ῥωσιάνων
3039 2215 3293 2304 πρότερον
3346 2222 3598 2299 μετετέθη
3670 2221 3743 2282 εἷς
3810 2221 3909 2287 τὴν

2261 2309 2688 2389 ἀρχιεπισκοπὴν
2721 2318 2935 2388 Λῆμνον
2969 2332 2986 2349 ο
3032 2314 3153 2370 εἶτα
3205 2312 3359 2379 ἐδόθη
3417 2315 3558 2386 αὐτῷ
3613 2312 3702 2366 καὶ
3731 2311 3765 2376 ἦ
3799 2315 3911 2364 “'1'

2264 2401 2473 2476 ρώνεια.
2531 2400 2655 2457 Ἐπὶ
2715 2407 2811 2468 τῆς
2869 2401 3135 2479 βασιλείας
3195 2401 3424 2467 Ἀλεξίου
3477 2408 3567 2457 τοῦ
3626 2403 3904 2472 Κομνηνοῦ

2266 2485 2440 2551 Σάϐας
2504 2491 2814 2569 Καισαρείας
2869 2497 2968 2559 τῆς
3050 2491 3338 2566 Φιλίππου,
3420 2489 3602 2568 γέγονε
3658 2487 3911 2567 πατριάρο

2259 2599 2371 2657 χης
2408 2569 2781 2656 Ἱεροσολύμων
2813 2595 2828 2610 ⁹
2887 2583 2976 2637 καὶ
3031 2580 3195 2637 ἐλθὼν
3253 2581 3488 2641 ἐνταῦθα.
3540 2576 3901 2654 συνελειτούρ-

2258 2689 2391 2744 γησε
2473 2672 2549 2740 τῷ
2639 2669 2917 2747 ἁγιωτάτῳ
2997 2671 3306 2750 πατριάρχῃ
3390 2667 3634 2742 Νικολάῳ
3690 2669 3777 2722 καὶ
3841 2671 3908 2740 τῇ

2259 2753 2480 2830 συνόδῳ.
2547 2757 2805 2822 Νικόλαος
2863 2760 2890 2813 ὁ
2949 2758 3257 2838 Μουζάλων,
3319 2757 3738 2838 ἀρχιεπίσκοπος
3797 2755 3904 2812 Κύ-

2259 2867 2390 2914 πρου
2447 2845 2754 2923 γενόμενος,
2811 2849 3156 2925 παρῃτήσατο
3223 2849 3314 2903 τὸν
3386 2846 3567 2924 θρόνον
3623 2847 3722 2910 τῆς
3795 2845 3903 2900 Κύ-

2261 2956 2394 3007 πρου
2429 2980 2444 2995 .
2488 2936 2575 2990 καὶ
2631 2933 2782 3002 ἐδόθη
2842 2937 2981 3012 αὖτῷ
3034 2939 3069 3005 ἡ
3127 2937 3264 3012 μόνη
3320 2945 3410 2994 τοῦ
3455 2932 3764 3013 Κοσμιδίου,
3819 2935 3907 2989 καὶ

2261 3023 2492 3102 προέστη
2591 3028 2754 3091 αὐτῆς
2851 3025 2943 3082 ἐπὶ
3026 3026 3369 3106 χρόνοις.....
3460 3026 3641 3081 ἔπειτα
3722 3023 3906 3100 γέγονε

2262 3114 2350 3168 καὶ
2431 3113 2768 3193 πατριάρχης
2882 3113 3504 3178 Κωνσταντινουπόλεως.
3612 3111 3733 3170 Ἐπὶ
3814 3118 3907 3166 τοῦ

536 3207 874 3289 patriarcha
921 3202 1622 3283 Constantinopolitanus.
1653 3203 1772 3266 Sub
1809 3207 2180 3271 sanctissimo

2265 3201 2564 3278 ἀγιωτάτου
2625 3204 2975 3285 πατριάρχου,
3024 3212 3179 3285 κυροῦ
3222 3203 3473 3289 Μιχαὴλ,
3530 3201 3910 3280 συμπαρόντων

536 3297 891 3378 patriarcha,
957 3293 1199 3354 domino
1246 3293 1553 3367 Michaele,
1590 3294 1978 3373 przesentibus
2007 3299 2180 3363 etiam

536 3386 936 3460 Antiocheno,
975 3391 1054 3442 .et
1105 3381 1661 3462 Hierosolymitano,
1696 3392 1753 3443 et
1785 3383 2182 3464 imperatoriis

534 3472 996 3553 magistratibus,
1038 3470 1100 3532 in
1123 3472 1367 3551 synodo,
1401 3469 1651 3531 Michael
1680 3471 1919 3552 quidam
1951 3491 2180 3538 renun-

533 3563 710 3625 tiatus
766 3562 1084 3643 episcopus
1136 3565 1422 3634 Amaseaa,
1479 3559 1580 3639 qui
1631 3559 1848 3622 deinde
1905 3569 2176 3644 tanquam

536 3669 750 3714 vacans
770 3657 1080 3730 acceperat
1109 3648 1421 3728 Ancyram,
1456 3647 1586 3709 loco
1612 3647 1768 3709 illius
1798 3648 2180 3714 Cerasuntem

535 3741 848 3801 translatus
876 3739 1007 3808 fuit,
1042 3737 1210 3816 cujus
1263 3739 1474 3797 throno
1535 3737 1752 3817 potitus
1781 3746 1890 3811 est,
1925 3740 1996 3800 ad
2022 3741 2176 3803 infe-

533 3828 695 3889 riora
713 3824 1380 3904 detrusus.Nicephorus
1395 3825 1889 3905 metropolitanus
1907 3829 2170 3905 Gangraz.

535 3915 725 3977 factus
753 3914 915 3995 prior
958 3911 1264 3987 Cosmidii,
1301 3921 1575 3992 tanquam
1611 3932 1845 3988 vacans,
1873 3917 2104 3998 accepit
2124 3927 2182 3980 et

540 4002 913 4084 metrOpolim
968 4001 1314 4062 Amastrim.
1374 4001 1895 4083 Leontopolitanus
1923 4007 2174 4088 accepit,

539 4101 604 4154 ut
633 4109 872 4166 vacans,
925 4089 1386 4170 Arcadiopolim.
1437 4090 1767 4171 Episcopus
1812 4092 2045 4174 Athyra:
2071 4113 2176 4157 ac-

539 4181 696 4262 cepit
725 4179 1100 4260 Sergentzam
1139 4178 1180 4238 ἱ.
1230 4178 1640 4259 Axiopolitano
1672 4182 1699 4223 ιί
1723 4183 1981 4256 vacanti,
2044 4183 2178 4246 data

530 4268 787 4351 primum
815 4276 907 4332 est
962 4266 1204 4347 Abydus
1239 4284 1251 4325 :
1292 4275 1495 4347 postea
1536 4285 1698 4340 vero,
1751 4269 1928 4331 etiam
1965 4271 2175 4350 Apros.

530 4357 825 4438 Episcopo
882 4354 1107 4417 Alaniae
1163 4354 1299 4416 data
1364 4363 1453 4416 est
1508 4354 1916 4437 Soteriopolis.
1973 4361 2179 4421 Petrus

527 4448 779 4526 Mongus
810 4445 1085 4508 mandato
1140 4444 1340 4506 Acacii
1395 4445 1744 4525 patriarihaa
1773 4448 2181 4509 Constantino-

531 4516 802 4617 politani,
865 4533 1178 4595 translatus
1227 4541 1313 4596 est
1354 4516 1427 4594 ab
1479 4533 1784 4595 Euchailis
1814 4535 1885 4596 ad
1924 4516 2242 4614 patriar-D

530 4627 767 4688 cbatnm
792 4623 1283 4685 Alexandrinum.
1310 4622 1622 4684 Narcissus
1639 4623 2176 4702 Hierosolymorum

531 4714 887 4796 patriarcha,
953 4730 1020 4772 ex
1082 4714 1426 4792 episcopatu
1479 4712 1786 4773 Fladiadil
1835 4713 1934 4792 qui
1978 4712 2182 4774 subest

535 4801 853 4882 metropoli
871 4799 1416 4874 Navarzaa,abduxit
1437 4800 1623 4860 virum
1643 4808 1911 4862 sanctum
1935 4800 2182 4862 Alexan-

533 4892 707 4952 drum
740 4898 797 4951 et
845 4887 1384 4968 Hierosolymorum
1422 4890 1813 4968 patriarcbam
1867 4889 2178 4970 ordinavit,

529 4980 862 5060 imperante
910 4976 1246 5039 Alexandro
1294 4981 1553 5040 Mamaeae
1586 4977 1729 5052 ﬁlio,
1783 4977 1938 5040 sicut
1986 4978 2181 5060 inquit

527 5068 820 5130 Eusebius
839 5065 1246 5146 Pamphilides
1275 5065 1397 5126 suis
1429 5065 1489 5126 in
1522 5064 1785 5127 historiis
1815 5066 2182 5129 ecclesiasti-

529 5159 638 5239 cis,
674 5175 742 5218 ac
775 5174 894 5216 non
923 5156 984 5215 in
1014 5154 1166 5216 libro
1187 5153 1715 5216 Demonstrationis
1733 5156 2175 5218 ecclesiasticae.

527 5247 617 5310 Ex
665 5245 876 5307 eodem
935 5243 1279 5324 episcopatu
1329 5243 1626 5306 Fladiadis
1672 5245 1947 5306 dominus
2000 5242 2182 5308 Nice-

531 5336 755 5417 phorus
806 5333 1059 5409 Phocas,
1123 5332 1424 5394 communi
1487 5332 1728 5396 decreto
1786 5352 1894 5416 per
1937 5351 2176 5396 auream

2268 3292 2354 3346 καὶ
2423 3299 2514 3348 τοῦ
2567 3289 2920 3374 Ἀντιοχείας,
3007 3297 3095 3351 καὶ
3166 3300 3258 3351 τοῦ
3333 3287 3736 3373 Ἱεροσολύμων,
3820 3291 3906 3345 καὶ

2265 3379 2540 3458 ἀρχόντων
2594 3381 2905 3458 βασιλικῶν,
2952 3380 3252 3459 συνοδικῶς,
3301 3381 3525 3462 Μιχαήλ
3575 3401 3655 3442 τις
3707 3379 3902 3444 ἐπικη-

2264 3470 2471 3547 ρυχθεὶς
2527 3467 2833 3546 Ἀμασείας,
2869 3473 2991 3529 εἶτα
3039 3475 3114 3536 ὡς
3156 3471 3437 3552 σχολάζων
3490 3470 3589 3538 τὴν
3644 3468 3902 3547 νΛγκυραν

2262 3555 2460 3633 λαϐών,
2515 3561 2602 3616 καὶ
2651 3562 2742 3617 τὸν
2795 3562 2959 3619 τόπον
3012 3561 3194 3634 αὐτῆς,
3266 3566 3335 3637 τῇ
3387 3566 3483 3616 τοῦ
3548 3566 3903 3636 Κερασοῦντος

2263 3647 2536 3721 μετετέθη.
2595 3651 2689 3707 Καὶ
2745 3659 2838 3706 τοῦ
2891 3653 3072 3731 θρόνου
3125 3651 3320 3717 ταύτης
3376 3648 3636 3727 ἐγκρατὴς
3691 3647 3901 3725 γέγονεν

2263 3733 2649 3801 ὑποϐιϐασθείς.
2736 3741 3036 3820 Νικηφόρος
3143 3738 3539 3820 μητροπολίτης
3638 3737 3900 3814 Γάγγροις.

2261 3825 2556 3902 ἡγούμενος
2599 3830 2830 3906 γεγονὼς
2872 3837 2964 3886 τοῦ
3022 3827 3322 3906 Κοσμιδίου,
3368 3825 3551 3884 ’ἐλαϐεν
3618 3828 3690 3891 ὡς
3763 3845 3902 3904 σχο-

2262 3911 2431 3986 λάζφν
2477 3916 2564 3971 καὶ
2610 3917 2707 3984 τὴν
2767 3918 3093 3999 μητρόπολιν
3151 3908 3475 3996 ”Αμαστριν,
3534 3907 3590 3972 Ὀ
3647 3923 3904 3999 Δεοντου-

2263 4001 2465 4068 πόλεως
2507 4002 2692 4061 ἔλαϐεν
2745 4009 2818 4070 ὡς
2879 3993 3158 4088 σχολάζων
3215 4007 3313 4075 τὴν
3357 3993 3811 4084 ’Ἀρκαδιούπολιι
3847 3993 3905 4058 Ὀ

2260 4089 2540 4156 ἐπίσκοπος
2597 4092 2794 4168 Ἀθύμα
2867 4095 3020 4153 ἔλαϐε
3100 4097 3196 4164 τὴν
3282 4094 3604 4174 Σεργέντζην
3657 4088 3742 4149 69.
3818 4093 3906 4164 Τῷ

2261 4176 2640 4266 ’.ᾼξιοοπόλεως
2727 4183 2790 4233 ’10
2872 4185 3258 4266 σχολάζοντα,Δ
3299 4183 3450 4250 ἐδόθη
3534 4182 3786 4262 πρότερον
3865 4181 3900 4248 ἡ

2269 4255 2500 4335 ’Ἄϐυδος
2534 4287 2548 4302 ⁶
2598 4271 2808 4352 ὕστερον
3000 4255 3088 4331 καὶ
3143 4255 3474 4352 ὁἯΑπρως.
3525 4255 3612 4346 Tir;
3654 4255 3899 4332 ’Ᾰλανίας

2262 4355 2414 4425 ἐδόθη
2471 4361 2505 4426 ἡ
2568 4362 3019 4441 Σωτηριούπολις.
3081 4363 3274 4441 Πέτρος
3347 4365 3374 4418 6
3446 4362 3657 4438 Μογγὸς
3709 4355 3900 4433 ἐντολῇ

2263 4442 2508 4504 Ἀκακίου
2590 4453 2929 4531 πατριάρχου
3037 4448 3660 4525 Κωνσταντινουπόλεως,
3765 4467 3899 4522 μετ-

2263 4534 2412 4618 ετέθη
2479 4535 2584 4593 ἀπὸ
2635 4539 2916 4618 Εὐχαΐτων
2965 4541 3036 4604 εἰς
3095 4537 3487 4618 Ἀλεξάνδρειαν
3536 4536 3898 4616 πατριάρχης.

2266 4614 2321 4679 Ὀ
2392 4614 2746 4706 πατριάρχης-
2806 4619 3177 4708 Ἱεροσολύμων
3243 4614 3559 4708 Νάρκισσος,
3631 4614 3736 4681 άπὸ
3805 4629 3901 4698 τῇς

2263 4711 2556 4781 ἐπισκοπῆς
2601 4713 2890 4774 Φλαδιάδου
2920 4717 3008 4794 71,
3053 4716 3170 4784 ἥτις
3215 4717 3350 4773 ἐστὶν
3402 4718 3504 4772 ὑπὸ
3557 4715 3655 4783 τὴν
3693 4713 3899 4791 μητρό-

2263 4799 2411 4856 πολιν
2468 4803 2762 4882 Ναυάρζης,
2828 4805 2997 4886 ἤγαγε
3051 4809 3142 4862 τὸν
3197 4806 3250 4864 ἒν
3307 4806 3474 4886 ἁγίοις
3544 4800 3900 4882 Ἀλέξανδρον,

2262 4891 2349 4945 καὶ
2440 4890 2813 4971 ἐχειροτόνησε
2915 4885 3250 4975 πατριάρχην
3335 4885 3729 4974 Ἰεροσολύμων,
3815 4889 3904 4946 ἐπὶ

2262 4981 2359 5044 τῆς
2415 4979 2683 5055 βασιλείας
2742 4980 3079 5064 Ἀλεξάνδρου
3135 4993 3226 5042 τοῦ
3283 4984 3554 5059 Μαμαίας,
3615 4981 3686 5046 ὥς
3736 5002 3900 5059 φησιν

2262 5065 2506 5132 Εὐσέϐιος
2550 5071 2577 5125 6
2625 5070 2900 5151 Παμφίλου
2969 5073 3022 5127 ἐν
3065 5086 3187 5134 ταῖς
3231 5070 3700 5138 ἐκκλησιαστικαῖς
3744 5070 3904 5125 αὖτοῦ

2260 5155 2532 5236 ἱστορίαις,
2577 5158 2665 5213 καὶ
2709 5160 2828 5239 οὐχὶ
2885 5159 2938 5216 ἐν
2981 5167 3048 5236 τῇ
3105 5158 3270 5237 βίϐλῳ
3324 5164 3422 5226 τῆς
3453 5157 3902 5224 ἐκκλησιαπικῆς

2262 5245 2417 5300 αὐτοῦ
2445 5243 2780 5312 ἀποδείξεως.
2842 5247 2978 5305 Ἀπὸ
3026 5249 3122 5317 τῆς
3176 5248 3339 5316 αὐτῆς
3395 5246 3690 5314 ἐπισκοπῆς
3746 5244 3906 5301 Φλα-

2261 5331 2433 5396 διάδος
2465 5334 2493 5389 6
2521 5343 2672 5413 κῦρος
2725 5336 3022 5416 Νικηφόρος
3074 5339 3102 5393 6
3141 5343 3337 5404 Φωκᾶς
3395 5341 3549 5414 κοινῇ
3610 5334 3774 5414 ψήφῳ
3819 5331 3909 5390 διὰ

1865 5491 2120 5556 VABLE
2164 5490 2601 5559 LECTIONES.

611 5623 678 5676 ω
706 5624 926 5705 Τυρίων,
953 5622 1019 5675 69
1051 5627 1412 5706 Σεργενίτζην.
1445 5626 1507 5676 70
1535 5624 2029 5692 Ἀλλεξιουπόλεως.
2074 5625 2126 5676 Ἡ
2159 5626 2470 5710 Φλαδιάδος,
2505 5627 2656 5693 forte
2685 5628 3001 5698 Φλαϐιάδος.

617 5738 645 5780 h
668 5745 849 5822 quam
878 5739 1091 5809 sponte
1119 5731 1254 5809 quis
1283 5733 1571 5794 instituit.
1646 5730 2047 5812 iTyriensen.
2111 5734 2589 5816 gSeryenitzan.
2663 5737 2690 5780 κ
2743 5739 3273 5822 Alexiopolitano.
3346 5738 3358 5774 '
3399 5737 3726 5803 Fladiadis
3750 5738 3921 5818 forte

543 5808 879 5872 Flavtadis.
