4192 6220
518 356 629 424 911

1880 363 2012 428 JUS
2052 353 2522 424 CANONICUM.

3781 361 3896 429 912

514 491 625 567 dit,
661 510 731 555 eo
755 493 910 568 loco,
948 493 1051 574 qui
1105 493 1262 556 Elaea
1319 494 1575 570 dicitur;
1608 493 1812 576 ibique
1844 501 2160 558 conventus

2254 494 2308 547 ἐν
2377 499 2445 570 τῇ
2499 495 2777 566 τοποθεσίᾳ
2819 495 2884 563 τῆ
2940 494 3205 575 λεγομένῃ
3252 496 3457 580 Ἐλαίᾳ,
3517 503 3604 556 καὶ
3647 498 3762 556 ἐκεῖ
3804 500 3895 562 τὰς

517 581 826 644 hominum
863 581 1096 646 habuit.

595 669 868 745 Euzoius,
903 689 1000 734 an.
1033 687 1154 735 xw.

599 760 974 836 Laurentius,
1011 779 1108 824 an.
1143 778 1225 830 x1,
1252 780 1443 824 mens.
1477 780 1558 825 v1.

591 848 856 929 Alypius,
890 868 989 911 an.
1021 867 1150 925 xm,
1188 869 1375 913 mens.
1409 869 1492 916 VI.

592 938 871 1000 Pertinax
917 939 1250 1002 consularis
1281 959 1314 1002 e
1357 948 1565 1002 senatu
1614 939 1902 1017 Romano,
1937 959 2010 1003 an
2039 956 2164 1002 xxx.

515 1025 624 1088 Hic
653 1027 828 1090 aliam
861 1028 1149 1090 exstruxit
1181 1029 1492 1091 ecclesiam
1544 1029 1604 1091 in
1656 1030 1784 1093 loco
1845 1029 2162 1104 maritimo,

515 1134 696 1196 quem
730 1115 906 1198 Sycas
930 1131 970 1163 ω
1001 1125 1231 1196 vocant,
1267 1119 1440 1200 eique
1476 1119 1648 1182 Pacis
1677 1137 1897 1181 nomen
1927 1118 2162 1182 indidit.

592 1293 1003 1377 Olympianus,
1033 1314 1130 1359 an.
1162 1314 1241 1360 x1.

591 1388 854 1466 Marcus,
884 1403 984 1448 an.
1018 1401 1147 1448 xm.

602 1474 902 1554 Cyriacus,
937 1492 1036 1535 an.
1070 1491 1192 1538 xvr.

597 1562 899 1645 Castinus,
931 1581 1028 1623 an.
1061 1580 1163 1625 vn.
1199 1563 1309 1626 Hic
1349 1565 1504 1625 intra
1558 1563 1752 1643 ipsum
1798 1565 2160 1646 Byzantium,

512 1651 586 1714 ad
618 1651 884 1714 Petrinm
913 1652 993 1729 (id
1028 1672 1243 1714 nomen
1296 1653 1410 1715 loci
1453 1654 1563 1735 est)
1624 1662 1907 1717 exstruxit
1965 1666 2162 1718 orato-

2251 580 2480 646 συνάξεις
2510 582 2698 643 ἐποίει.

2331 671 2586 752 Εὖζώϊος,
2624 671 2718 740 ἔτη
2751 661 2872 747 ις’.

2330 750 2665 837 Λαυρέντιος,
2713 760 2806 828 ἔτη
2841 750 2936 842 ια’,
2972 767 3146 838 μῆνας
3173 764 3237 836 ς’
3263 812 3277 826 .

2329 845 2603 929 Ἀλύπιος,
2649 849 2743 917 ἔτη
2775 840 2870 929 ιγ’,
2919 840 3091 927 μῆνας
3120 843 3222 927 ς’.

2329 937 2573 1014 Περτίναξ
2642 941 2892 1004 ὑπατικὸς
2981 946 3078 1008 τῆς
3155 945 3210 998 ἐν
3301 933 3480 1020 Ῥώμῃ
3571 941 3889 1023 συγκλήτου,

2248 1023 2341 1091 ’ἐτη
2375 1016 2462 1087 ιϐ’.
2499 1029 2662 1092 Οὗτος
2695 1028 2873 1109 ἑτέραν
2917 1028 3204 1098 ἐκκλησίαν
3261 1016 3550 1099 ἀνέστησεν
3605 1016 3659 1089 ἐν
3727 1016 3895 1111 παραξ

2245 1111 2510 1188 θαλασσίῳ
2537 1115 2810 1197 λεγομένῳ
2837 1126 3058 1202 Συκαϊς,
3107 1122 3334 1201 Εἰρήνην
3380 1123 3468 1179 τὸν
3527 1123 3681 1179 οἶκον
3722 1144 3894 1201 προσ-

2249 1203 2561 1282 αγορεύσας.

2331 1287 2688 1369 Ὀλυμπιανὺς
2699 1343 2715 1371 ,
2748 1297 2842 1364 ἔτη
2875 1319 2927 1353 ια
2939 1286 2972 1365 ’.,

2327 1381 2563 1460 Μάρκος,
2595 1383 2690 1451 ἔτη
2733 1408 2789 1464 ιγ
2800 1374 2830 1446 ⁸,

2330 1473 2615 1550 Κυριακὸς,
2648 1472 2742 1541 ἔτη
2772 1463 2896 1547 ις’,

2330 1567 2612 1640 Καστῖνος,
2645 1561 2738 1629 ἔτη
2769 1555 2837 1634 ζ’.
2873 1565 3034 1627 Οὗτος
3065 1563 3119 1620 ἐν
3149 1565 3289 1638 αύτῷ
3316 1573 3394 1642 τῷ
3425 1568 3706 1643 Βυζαντίῷ,
3733 1567 3789 1624 ἐν
3817 1577 3894 1642 τῷ

2246 1644 2606 1738 ἐπιλεγομένῳ
2651 1653 2868 1731 Πετρίῳ,
2926 1655 3197 1733 εὖκτήριον
3253 1659 3351 1723 τῆς
3410 1657 3558 1734 ἁγίας
3616 1659 3891 1738 Εὐφημίας

514 1742 671 1803 rium
703 1749 924 1803 sancta
952 1740 1315 1822 Euphemiae,
1362 1761 1491 1824 quae
1544 1732 1683 1805 tunc
1738 1754 1958 1826 martyr
2014 1745 2160 1808 facta

2247 1732 2451 1817 ἤγειρε,
2498 1738 2618 1794 τότε
2651 1741 3082 1820 μαρτυρησάσης.

511 1830 724 1893 fuerat.

589 1919 828 2000 T-ratus,
855 1937 952 1982 an.
985 1935 1167 1994 xxxv,
1197 1938 1388 1984 mens.
1421 1938 1502 1983 vr.

590 2008 967 2074 Domitianus
984 2020 1032 2090 ιι,
1052 2008 1238 2071 frater
1258 2009 1637 2090 imperatoris
1657 2010 1964 2086 Probi,an.
2000 2031 2159 2076 xxxv.

511 2115 702 2160 mens.
735 2113 814 2159 VI.

595 2186 843 2267 Probus,
877 2185 1151 2265 ejusdem
1181 2184 1425 2248 Domitii
1456 2187 1640 2262 ﬁlius,
1673 2187 1844 2248 annis
1877 2206 1978 2251 xu.

590 2275 1220 2355 Metrophanes,frater
1249 2275 1516 2354 ejusdem
1551 2275 1996 2358 Probi,Domitii
2027 2277 2155 2352 ﬁlii,

512 2366 638 2446 qui,
687 2371 972 2444 regnante
1021 2364 1402 2426 Constantino
1461 2384 1694 2444 magno,
1746 2367 1935 2429 factus
1966 2377 2056 2430 est
2086 2368 2160 2430 ab

514 2455 725 2516 eodem
781 2455 1140 2534 imperatore
1195 2453 1538 2517 Patriarcha
1596 2454 2156 2539 Constantinopolis.

508 2542 749 2606 Praefuit
777 2561 874 2606 an.
912 2561 972 2605 x.

596 2633 958 2708 Alexander,
985 2633 1318 2714 imperante
1348 2633 1752 2710 Constantino,
1778 2654 1876 2698 an.
1908 2653 2078 2698 xxm.

592 2723 831 2798 Paulus,
866 2722 1194 2805 confessor,
1224 2742 1321 2787 an.
1353 2741 1413 2785 x.
1447 2721 1556 2784 Hic
1586 2724 1829 2804 ejectus,
1860 2733 1917 2786 et
1938 2725 2160 2807 infcon-

511 2813 769 2876 fessione
803 2821 1071 2873 mortuus
1101 2819 1212 2874 est.

590 2900 884 2963 Eusebius
911 2901 1185 2977 Arianus,
1232 2901 1422 2983 primo
1449 2900 1669 2979 Beryti,
1724 2901 1942 2965 deinde
1971 2903 2147 2968 Nico~

514 2991 749 3067 mediae,
785 3000 992 3071 postea
1024 2990 1591 3071 Constantinopolis,
1626 2991 1838 3051 annnis
1869 3009 1971 3054 xu.
2064 3062 2071 3070 ι

591 3079 977 3143 Macedonius
1008 3078 1314 3160 presbyter
1337 3079 1607 3160 ejusdem
1640 3079 1940 3162 Ecclesiae,
1970 3080 2159 3144 sancti

509 3168 752 3250 spiritus
785 3176 1179 3250 oppugnator,
1213 3187 1308 3230 an.
1342 3186 1449 3232 x11.

589 3259 1612 3341 EudoxiusArianus,Germanicere,
1641 3259 2158 3334 hincAntiocheaz,

509 3357 714 3430 postea
747 3348 1307 3430 Constantinopolis,
1368 3347 1700 3430 imperante
1746 3349 2006 3427 Juliano,
2034 3370 2164 3412 rur-

510 3458 761 3520 sumque
787 3438 1054 3510 Joviano,
1087 3456 1185 3501 an.
1217 3454 1341 3500 vm.

591 3527 976 3608 Demophilus
1006 3528 1285 3604 Arianus,
1321 3528 1528 3590 Beroaz
1559 3528 1616 3588 in
1642 3526 1920 3606 Thracia,
1956 3538 2159 3610 postea

515 3617 1081 3698 Constantinopolis,
1114 3617 1286 3678 annis
1315 3634 1396 3694 x1,
1428 3616 1738 3678 mensibus
1760 3635 1818 3681 ν.

591 3705 879 3785 Evagrius
932 3705 1316 3782 orthodoxus,
1368 3706 1672 3767 ordinatus
1727 3705 1798 3766 ab
1859 3705 2161 3769 Eustathio

510 3793 903 3873 Antiocheno,
938 3793 1250 3854 confestim
1285 3801 1447 3854 actus
1470 3801 1560 3855 est
1590 3794 1648 3854 in
1683 3794 1956 3855 exsilium
1987 3797 2161 3858 aVa-

513 3883 696 3956 lente,
724 3900 858 3942 cum
886 3881 1291 3961 pontiﬁcatum
1322 3882 1601 3960 gessisset
1631 3901 1724 3942 an.
1761 3899 1836 3944 ιν.

591 3970 914 4050 Gregorius
956 3971 1314 4049 Theologus,
1375 3988 1506 4030 cum
1565 3978 1738 4031 antea
1795 3969 2159 4034 Sasimorum

513 4057 720 4120 fuisset
750 4057 1433 4138 episcopus,Theodosio
1467 4077 1675 4136 magno
1704 4059 2021 4138 imperium
2049 4061 2160 4121 ob—

513 4147 764 4221 tinente,
797 4146 1170 4208 renuntiatus
1203 4160 1290 4208 est
1313 4146 1558 4208 antistes
1589 4146 2157 4230 Constantinopolis;

510 4235 860 4298 conﬁrmato
911 4235 1024 4316 ipsi
1056 4237 1270 4296 throno
1301 4235 1644 4296 auctoritate
1702 4236 1930 4315 synodi,
1965 4247 2029 4299 ut
2057 4239 2160 4318 qui

508 4323 745 4386 lanores
777 4323 1156 4386 sustinuisset
1201 4342 1428 4403 graves,
1457 4331 1514 4384 et
1543 4323 1616 4386 ab
1650 4325 1964 4386 haeresium
1997 4326 2161 4407 lepra

2326 1914 2545 1992 Τράτος,
2577 1916 2670 1983 ἔτη
2699 1914 2759 1973 λε
2772 1905 2802 1992 ’,
2837 1918 3008 1987 μῆνας
3037 1919 3101 1993 ς’
3110 1908 3139 1978 ’.

2329 2006 2673 2088 Δομετιανὸς,
2745 2003 2966 2088 ἀδελφὸς
3024 2004 3223 2087 Πρόϐου
3284 2007 3568 2086 βασιλέως,
3625 2010 3717 2079 ἔτη
3782 2002 3888 2087 κδ’,

2247 2095 2420 2167 μῆνας
2450 2083 2519 2164 ζ’.

2328 2181 2550 2259 Πρόκος,
2583 2189 2676 2239 τοῦ
2705 2182 2862 2240 αὐτοῦ
2895 2185 3150 2260 Δομετίου
3178 2184 3236 2234 ’72
3274 2188 3408 2267 υἱὸς,
3442 2187 3536 2255 ἔτη
3581 2177 3675 2265 ιβ’.

2324 2271 2699 2351 Μητροφάνης,
2775 2274 2803 2328 6
2861 2271 3082 2352 ἀδελφὸς
3132 2281 3223 2331 τοῦ
3295 2277 3450 2335 αύτοὖ
3512 2274 3740 2354 Πρόϐου,
3800 2285 3892 2335 τοῦ

2241 2363 2352 2419 υἱοῦ
2411 2359 2662 2436 Δομετίου
2697 2378 2714 2398 ο
2779 2361 2835 2427 ὃς
2890 2361 2974 2418 ἐπὶ
3055 2363 3148 2419 τοῦ
3210 2363 3443 2443 μεγάλου
3500 2367 3891 2423 Κωνσταντίνου

2243 2448 2424 2528 γέγονε
2506 2447 2630 2532 παρ’
2716 2453 2872 2508 αὐτοῦ
2955 2451 3299 2532 Πατριάρχης
3384 2455 3890 2511 Κωνσταντινουπό-

2244 2536 2408 2617 λεως,
2440 2537 2535 2604 ἔτη
2567 2561 2583 2593 ι
2597 2529 2628 2601 ’,

2326 2624 2685 2708 Ἀλέξανδρος,
2717 2627 2802 2685 ἐπὶ
2846 2631 3232 2709 Κωνστατίνου,
3265 2629 3359 2698 ἔτη
3403 2621 3516 2710 κγ’.

2324 2714 2550 2797 Ποῦλος,
2597 2719 2625 2773 6
2656 2716 3018 2798 ὁμολογητής,
3051 2717 3145 2787 ἔτη
3195 2741 3210 2774 ι
3238 2762 3252 2778 .
3301 2722 3461 2786 Οὗτος
3489 2719 3767 2798 ἐξεϐλήθη,
3801 2725 3892 2779 καὶ

2244 2802 2582 2872 ἐτελεύτησεν
2611 2808 2665 2862 ἐν
2689 2806 2964 2887 ὁμολογίᾳ.

2323 2891 2569 2959 Εὐσέϐιος
2599 2896 2627 2950 ὁ
2659 2891 2952 2976 Ἀρειανὸς,
2975 2902 3182 2976 πρῶτον
3213 2898 3469 2975 Βηρυτοῦ,
3502 2899 3624 2956 εἶτα
3646 2911 3893 2976 Νικομη-

2242 2978 2401 3057 ὃείας,
2437 2984 2569 3058 μετὰ
2592 2983 2755 3040 ταῦτα
2789 2984 3414 3063 Κωνσταντινουπόλεως,
3447 2985 3542 3054 ἔτη
3575 2977 3668 3064 ιβ’.

2323 3069 2648 3135 Μακεδόνιος
2685 3071 3029 3158 πρεσϐύτερος
3059 3079 3156 3142 τῆς
3177 3079 3343 3143 αὐτῆς
3367 3073 3708 3158 Ἐκκλησίας,
3734 3099 3889 3135 πνευ-

2179 3158 2218 3207 C
2247 3160 2590 3242 ματομάχος,
2621 3161 2716 3228 ἔτη
2746 3152 2840 3238 ιβ’,

2330 3247 2566 3314 ΕὐδόξιΟς
2597 3250 2888 3329 Ἀρειονὸς,
2920 3253 3314 3332 Γερμανικείας,
3375 3251 3495 3309 εἶτα
3527 3253 3885 3335 Ἀντιοχείας,

2245 3339 2380 3413 μετὰ
2421 3345 2582 3395 ταῦτα
2641 3340 3265 3422 Κωνσταντινουπόλεως,
3318 3341 3403 3398 ἐπὶ
3447 3340 3752 3420 Ἰουλιανοῠ,
3799 3349 3890 3403 καὶ

2241 3426 2401 3484 πάλιν
2430 3430 2458 3484 6
2503 3429 2656 3494 αὐτὸς
2685 3427 2770 3485 ἐπὶ
2805 3427 3080 3506 Ἰοϐιανοῦ,
3113 3431 3208 3498 ἔτη
3239 3421 3320 3500 ή’.

2325 3515 2632 3597 Δημόφιλος
2664 3520 2691 3573 6
2722 3516 3015 3597 Ἀρειανὸς,
3077 3522 3291 3601 Βερόηςᾼ
3328 3527 3427 3588 τῆς
3485 3520 3716 3601 Θρᾴκης,
3752 3525 3888 3598 μετὰ

2245 3606 2398 3663 τοῦτο
2429 3606 3054 3690 Κωνσταντινυυπόλεως,
3102 3610 3185 3666 ἔτι
3219 3599 3313 3684 ια’,
3347 3599 3615 3688 μῆναςήεί

2325 3695 2578 3774 Εύάγριος
2607 3693 2894 3775 ὀρθόδοξος,
2926 3701 3317 3777 χειροτονηθεὶς
3347 3702 3449 3757 ὑπὸ
3478 3702 3756 3760 Εὐσταθίου
3785 3706 3883 3768 τῆς

2245 3782 2598 3865 Ἀντιοχείκς,
2629 3787 2902 3870 παρευθὺς,
2939 3787 3188 3866 ἐξωρίσθη
3216 3789 3316 3845 ὑπὸ
3348 3788 3656 3864 Οὐάλεντος,
3687 3789 3883 3870 ἀρχιε-

2245 3858 2497 3951 ρατεύσας
2653 3858 2723 3934 6v.

2322 3962 2609 4042 Γρηγόριος
2667 3966 2694 4020 6
2753 3963 3036 4046 Θεολόγος,
3098 3966 3346 4045 πρότερον
3417 3967 3664 4043 Σασίμων
3736 3969 3888 4047 γενό-

2241 4070 2399 4124 μενος
2455 4051 2762 4132 ἐπίσκοπος,
2825 4052 2909 4109 ἐπὶ
2969 4052 3239 4111 Θεοδοσίου
3293 4064 3386 4114 τοῦ
3439 4055 3670 4134 μεγάλου
3727 4067 3887 4115 Κων-

2243 4139 2718 4206 σταντινουπόλεως
2796 4141 3162 4224 ἐπεκηρύχθη,
3253 4142 3660 4224 ἐπικυρωθέντος
3741 4148 3887 4222 αὖτῷ

2242 4234 2333 4283 τοῦ
2389 4229 2570 4308 θρόνου
2641 4231 2782 4310 παρὰ
2843 4236 2941 4298 τῆς
2997 4229 3229 4309 συνόδου,
3291 4235 3364 4297 ὡς
3407 4232 3579 4290 πολλὰ
3633 4235 3882 4316 καμόντι,

2241 4319 2328 4373 καὶ
2369 4323 2466 4383 τῆς
2522 4317 2701 4401 λώϐης
2748 4326 2854 4377 τῶν
2910 4321 3153 4401 αἱρέσεων
3196 4323 3294 4390 τήν
3355 4319 3672 4390 Ἐκκλησίαν
3727 4322 3885 4383 ἔλευ-

508 4411 818 4474 liberasset
849 4432 981 4474 eam
1037 4400 1387 4475 Eccle'siam.
1425 4415 1569 4476 Cum
1600 4421 1798 4475 autem
1843 4400 2157 4477 nonnullos

2243 4407 2544 4485 θερώσαντι.
2583 4400 2675 4473 (Ως
2706 4407 2760 4464 δέ
2804 4400 2972 4476 τινας
2997 4412 3102 4467 τῶν
3158 4410 3209 4477 ἐξ
3267 4412 3529 4491 Αἰγύπτου
3585 4412 3887 4493 ἀρχιερέων

513 4501 827 4582 pontiﬁces
873 4501 1175 4583 Egyptios
1202 4501 1592 4563 intellexisset
1640 4503 1728 4562 vir
1783 4501 2159 4565 beatissimus

509 4591 781 4652 invidere
811 4596 1045 4670 negotio
1070 4609 1198 4666 suo,
1235 4591 1613 4671 pronuntiata
1635 4591 1708 4651 de
1730 4593 2162 4672 componendis

513 4679 694 4741 rebus
723 4680 1014 4755 oratione,
1071 4681 1283 4742 throno
1329 4679 1494 4741 urbis
1555 4680 1949 4759 imperatricis
2006 4682 2158 4744 ultro

511 4769 711 4843 cessit,
747 4788 883 4832 cum
917 4771 1176 4851 pontifex
1205 4771 1375 4831 annis
1404 4788 1487 4832 xu
1511 4769 1738 4831 fuisset.

589 4858 898 4920 Nectarius
931 4860 1331 4939 magistratum
1365 4879 1602 4941 gerens,
1627 4878 1659 4920 a
1689 4875 1757 4920 CL
1773 4858 2041 4921 Patribus
2073 4861 2158 4922 si-

513 4948 633 5008 mul
668 4956 725 5009 et
749 4947 1096 5029 baptizatur,
1150 4958 1207 5010 et
1258 4949 1608 5024 ordinatur;
1640 4949 1892 5009 Arcadio
1924 4968 2161 5031 quoque

510 5045 816 5115 regnante,
852 5036 1256 5116 pontiﬁcatum
1287 5055 1519 5116 gerens,
1554 5056 1652 5100 an.
1700 5055 1816 5113 xvn,
1852 5055 2045 5102 mens.
2075 5055 2158 5112 Vt,

592 5127 849 5188 Joannes
875 5125 1345 5205 Chrysostomns,
1378 5145 1476 5187 an.
1511 5144 1567 5198 v,
1605 5143 1795 5188 mens.
1831 5142 1913 5188 v1.

591 5213 870 5276 Arsacius
902 5212 1227 5295 presbyter,
1259 5214 1516 5276 Nectarii
1545 5215 1744 5290 frater,
1779 5231 1876 5275 an.
1909 5229 1974 5276 ιι.

592 5302 820 5365 Atticus
863 5301 1168 5384 presbyter
1222 5301 1923 5382 Constantinopolitanus,
1959 5301 2155 5384 impe-

513 5398 683 5453 rante
713 5389 1053 5454 Theodosio
1088 5392 1341 5469 minore,
1375 5411 1473 5456 an.
1501 5410 1601 5455 xx.

2243 4497 2395 4571 μάθοι
2465 4499 2493 4554 6
2557 4498 2957 4577 μακαριώτατος
3026 4506 3104 4574 τῷ
3158 4500 3426 4579 πράγματι
3496 4503 3882 4580 φθονήσαντας,

2240 4587 2331 4642 τὸν
2401 4588 2776 4667 συντακτήριον
2830 4587 3029 4653 ἐξέθετο
3096 4587 3276 4670 λόγον,
3346 4590 3434 4645 καὶ
3492 4591 3737 4656 ἑκουσίως
3790 4599 3887 4649 τοῦ

2241 4679 2341 4741 τῆς
2393 4674 2655 4752 βασιλίδος
2712 4677 2894 4756 θρόνου
2949 4675 3228 4756 ἐξίσταται,
3263 4669 3269 4670 ⁷
3306 4678 3399 4746 ἔτη
3471 4669 3546 4755 ιβ’
3624 4680 3886 4762 ἀρχιερα-

2241 4765 2449 4829 τεύσας.

2322 4855 2603 4934 Νεκτάριος
2631 4855 3004 4932 ἆξιωματικὸς,
3065 4858 3166 4914 61:6
3218 4859 3324 4914 τῶν
3371 4845 3453 4935 ρν⁸
3498 4857 3742 4939 Πατέρων
3770 4861 3886 4937 ἅμα

2241 4945 2329 5002 καὶ
2361 4945 2661 5020 βαπτίζεται
2689 4950 2776 5004 καὶ
2805 4959 3220 5029 χειροτονεῖται,
3250 4947 3337 5003 καὶ
3367 4944 3450 5002 ἐπὶ
3481 4942 3753 5026 Ἀρκαδίου
3780 4951 3885 5029 ἆρ-

2243 5035 2564 5114 χιερατεύει,
2595 5033 2690 5103 ἔτη
2721 5030 2842 5113 ις’,
2889 5025 3058 5113 μῆνας
3088 5025 3191 5110 ς’.

2326 5123 2577 5191 Ἰωάννης
2606 5126 2633 5180 6
2664 5129 3034 5203 Χρυσόστομος
3064 5123 3159 5192 ἕτη
3189 5114 3257 5200 ε’,
3291 5124 3461 5201 μῆνας
3491 5115 3593 5200 ς’.

2319 5213 2598 5293 ,Αρσάκιος
2646 5213 3014 5294 πρεσϐύτερος,
3066 5212 3288 5293 ἀδελφὸς
3339 5217 3646 5298 Νεκταρίου,
3675 5215 3770 5284 ἔτη
3799 5206 3882 5295 β’.

2317 5302 2557 5369 Ἀττικὸς
2584 5301 2930 5407 πρεσϐύτερος
2956 5301 3556 5369 Κωνσταντινουπόλεως
3584 5305 3668 5363 ἐπὶ
3695 5305 3888 5366 Θεοδο-

2235 5392 2347 5451 σίου
2375 5399 2468 5452 τοῦ
2498 5399 2709 5474 μικροῦ,
2750 5393 2845 5462 ἔτη
2873 5392 2950 5458 κ’.

1834 5557 2087 5624 νΑΒΙιΕ
2132 5559 2565 5626 LECTIONES.

593 5667 654 5720 τε
688 5677 1027 5746 Δομετιανοῦ.

596 5788 639 5820 ω
669 5774 850 5838 hodie
877 5776 1060 5859 Pera,
1088 5778 1212 5841 sive
1242 5785 1488 5850 Galam.
1522 5805 1550 5838 ιι
1579 5777 1664 5842 at.
1692 5775 2018 5840 Domitius.
