4192 6220
506 371 625 438 915

1887 374 1920 434 J
1925 372 2017 434 US
2060 370 2510 440 CANONICUM

3771 379 3885 447 916

505 525 875 587 aconomns,
923 507 1135 572 eodem
1164 507 1496 590 imperante
1525 507 1834 584 Mauricio,
1869 517 1928 571 et
1957 509 2130 570 Phoc:

2234 507 2478 585 κλησίας,
2526 513 2614 567 καὶ
2639 512 2938 588 οἰκονόμος,
2998 512 3084 570 ἐπὶ
3124 519 3216 570 106
3260 515 3416 573 αὐτοῦ
3457 516 3765 594 Μαυρικίου,
3797 497 3884 574 καὶ

501 601 777 678 tyranno,
801 615 904 658 an.
931 613 992 659 ιι

586 683 845 747 Thomas
864 685 1150 748 diaconus
1162 692 1221 746 et
1242 685 1829 767 sacellariusMajoris
1849 686 2151 764 Ecclesia,

500 781 791 852 regnante
821 775 1014 837 Pboca
1044 772 1694 856 eodem,pontiﬁcatum
1719 776 1899 856 gessit
1929 796 2030 838 an.
2066 793 2148 854 III,

500 880 696 925 mens.
722 879 788 926 Il.

579 951 833 1030 Sergius
845 952 1129 1016 diaconus
1152 951 1416 1032 ejusdem
1429 951 2025 1035 Ecclesia,regnante
2041 954 2154 1018 He-

499 1041 681 1104 raclio
713 1057 982 1122 augusro,
1015 1061 1117 1104 an.
1137 1058 1340 1117 xxvm,
1379 1061 1570 1108 mens.
1598 1060 1702 1110 v11.

495 1131 755 1211 Pyrrhus
812 1131 1122 1213 presbyter
1155 1130 1421 1211 ejusdem
1455 1131 1758 1214 Ecclesia,
1795 1135 2147 1212 monachus,

2239 597 2325 655 ἐπὶ
2353 605 2516 656 arma
2558 607 2648 657 106
2678 601 2949 681 τυράννου,
2979 602 3075 671 ἔτη
3109 602 3184 659 ια’
3197 652 3210 666 ,

2320 694 2516 764 Θωμᾶς
2559 686 2796 754 διάκονος
2827 691 2916 747 καὶ
2963 689 3307 772 σακελλάριος
3336 697 3432 760 τῆς
3465 691 3718 772 Μεγάλης
3747 690 3879 752 Ἐκ-

2234 773 2482 854 κλησίας,
2517 777 2601 836 ἐπὶ
2630 786 2723 837 τοῦ
2764 781 2920 838 αὐτοῦ
2976 787 3158 858 Φωκᾶ,
3222 781 3632 863 ἀρχιερατεύσας
3662 781 3756 850 ἔτη
3799 781 3876 862 γ’,

2237 870 2410 941 μῆνας
2440 866 2512 944 β’.

2317 955 2532 1035 Σέργιος
2563 956 2800 1024 διάκονος
2829 964 2927 1027 τῆς
2975 963 3136 1027 αὐτῆς
3197 958 3538 1041 Ἐκκλησίας,
3596 959 3683 1018 ἐπὶ
3725 951 3880 1042 Ἠρα-

2236 1040 2411 1100 κλείου
2440 1044 2723 1122 βασιλέως,
2757 1047 2851 1115 ἔτη
2878 1045 3002 1124 κη’,
3033 1054 3206 1124 μῆνας
3237 1046 3285 1119 ς’
3298 1093 3315 1109 .

2317 1132 2511 1213 Πύῤῥος
2541 1133 2885 1216 πρεσϐύτερος
2914 1137 3008 1205 τῆς
3067 1137 3230 1204 αὐτῆς
3275 1133 3591 1203 Ἐκκλησίας
3635 1141 3876 1219 μοναχὸς

496 1228 556 1282 et
584 1239 803 1302 prases
835 1219 1358 1296 monasteriorum,
1409 1229 1468 1284 et
1497 1222 1680 1284 abbas
1711 1223 2130 1305 Chrysopolita-

2233 1222 2320 1278 καὶ
2348 1221 2532 1303 ἄρχων
2558 1227 2662 1282 τῶν
2706 1226 3094 1306 μοναστηρίων,
3145 1229 3231 1282 καὶ
3277 1225 3566 1303 ἡγούμενος
3597 1229 3876 1304 Χρυσοπό-

493 1328 632 1386 nus,
666 1311 959 1373 seditione
987 1318 1305 1386 commota,
1333 1312 1717 1374 renuntiavit:
1738 1332 1870 1375 cum
1891 1314 2130 1394 pontife:

2232 1308 2391 1385 λεως,
2425 1313 2656 1376 στάσεως
2699 1314 2990 1391 γενομένης
3047 1316 3416 1394 παρῃτήσατο,
3463 1315 3874 1396 ἀρχιερατεύσας

492 1400 704 1463 fuisset
732 1419 806 1462 an
835 1419 899 1475 ιι,
937 1419 1129 1463 mens.
1161 1417 1241 1476 Ix,
1275 1400 1488 1462 diebus
1511 1418 1594 1464 1x.

575 1490 789 1552 Paulus
817 1489 1088 1570 ejusdem
1151 1489 1460 1570 presbyter
1493 1489 1865 1567 Ecclesia,et
1893 1511 2137 1556 acono-

495 1600 648 1658 mus,
685 1581 960 1645 Heraclio
984 1589 1270 1661 regnante
1300 1600 1393 1643 an.
1430 1599 1533 1644 xu.

576 1669 832 1752 Pyrrhus
862 1670 1082 1733 iterum
1114 1669 1445 1746 restitutus,
1481 1689 1647 1734 mens
1668 1689 1749 1735 IV.

2231 1397 2324 1467 ἔτη
2355 1400 2429 1480 β’,
2464 1407 2640 1477 μῆνας
2670 1401 2741 1478 θ’,
2775 1402 2976 1483 ἡμέρας
3005 1403 3076 1462 θ’.

2301 1489 2507 1557 Παῦλος
2535 1489 2877 1572 πρεσϐύτερος
2906 1498 3004 1561 τῆς
3036 1496 3200 1560 αὐτῆς
3229 1489 3574 1572 Ἐκκλησίας,
3604 1493 3691 1550 καὶ
3719 1495 3869 1551 οἷκο-

2179 1623 2186 1628 .
2223 1578 2405 1655 νόμος,
2441 1581 2526 1637 ἐπὶ
2553 1591 2644 1640 τοῦ
2673 1583 2827 1638 αὐτοῦ
2873 1573 3204 1663 Ἡρακλείου,
3236 1581 3331 1648 ἔτη
3364 1579 3461 1658 ιβ’.

2302 1668 2496 1748 Πύῤῥος
2528 1669 2684 1727 πάλιν
2713 1669 3075 1746 ἀποκατέστη,
3123 1675 3299 1746 μῆνας
3341 1667 3411 1729 δ’.

571 1735 779 1822 Petrus
808 1760 1092 1822 diaconus
1149 1769 1207 1822 et
1257 1779 1599 1823 aconomus
1625 1762 1893 1841 ejusdem
1920 1763 2130 1827 Eccle-

2300 1735 2495 1837 Πέτρος
2521 1757 2758 1823 διάκονος
2781 1761 2868 1816 καὶ
2896 1735 3170 1835 οἰκονόμος
3191 1758 3286 1841 τῆς
3317 1761 3483 1826 αὐτῆς
3515 1757 3862 1836 Ἐκκλησίας,

493 1848 618 1924 sia,
699 1857 984 1928 regnante
1065 1847 1449 1912 Constantino
1492 1865 1518 1893 ο
1574 1851 1836 1913 Heraclii
1893 1860 2132 1936 nepote,

485 1957 562 2001 an
581 1955 686 2014 xu,
721 1957 912 2002 mens.
948 1955 1026 2002 ιν.

568 2027 827 2090 Thomas
853 2027 1138 2091 diaconus
1182 2036 1240 2091 et
1269 2028 1659 2093 chartularius
1690 2029 1960 2110 ejusdem
2010 2031 2127 2094 Ec-

479 2117 698 2198 clesia,
732 2137 830 2180 an.
864 2135 945 2194 IX,
980 2137 1171 2180 mens.
1204 2135 1303 2181 vn.

565 2206 824 2270 Joannes
854 2207 1161 2290 presbyter
1192 2216 1255 2270 et
1292 2207 1686 2271 chartularius
1714 2209 1979 2289 ejusdem
2013 2209 2130 2274 Ec-

483 2296 705 2379 clesia,
741 2316 839 2359 an.
865 2314 924 2373 v,
955 2316 1150 2360 mens.
1181 2316 1263 2360 ιι.

565 2386 985 2451 Constantinus
1014 2386 1303 2448 diaconus
1334 2386 1600 2466 ejusdem
1634 2386 1937 2463 Ecclesia,
1962 2407 2132 2452 vaso-

486 2493 742 2558 rumque
771 2484 1054 2557 custos,et
1078 2493 1443 2551 (economus,
1463 2476 1672 2538 eodem
1697 2475 2078 2542 Constantino
2108 2493 2135 2534 P

486 2563 842 2646 imperante,
904 2583 1038 2626 cum
1097 2565 1499 2644 pontiﬁcatum
1563 2584 1659 2628 an.
1695 2584 1756 2644 ιι,
1818 2587 2011 2635 mens.
2046 2589 2131 2647 ιιι,

483 2653 785 2732 gessisset,
809 2653 1038 2733 ejectus
1063 2660 1176 2715 est.

562 2741 857 2823 Georgius
875 2741 1597 2823 presbyter,syncellus,et
1615 2762 1884 2807 vasorum
1911 2758 2129 2828 custos,

483 2831 695 2895 eodem
718 2833 1041 2894 Constante
1061 2830 1422 2911 imperatore
1450 2839 1509 2892 et
1530 2833 1937 2912 Constantino,
1975 2837 2131 2902 Con-

494 2923 702 2984 stantis
750 2921 895 2999 ﬁlio,
957 2937 1285 3000 cognomen
1346 2919 1576 2983 Barbati
1607 2924 1889 3008 gerentis,
1922 2946 2130 3008 an.m,

481 3029 674 3074 mens.
702 3030 788 3076 ΙῙῐ.

556 3101 906 3165 Theodorus
935 3099 1243 3182 presbyter
1274 3100 1540 3180 ejusdem
1564 3101 1872 3180 Ecclesia,
1899 3110 2128 3187 syncel-

477 3189 595 3266 lus,
633 3197 691 3252 et
715 3207 992 3252 vasorum
1023 3197 1241 3271 custos,
1267 3189 1438 3251 annis
1468 3207 1531 3266 Il,
1570 3197 1629 3252 et
1657 3190 1874 3254 deinde
1897 3197 2123 3274 pulsus.

477 3279 826 3342 Theodorus
877 3280 1062 3355 idem,
1115 3278 1365 3342 Barbato
1397 3279 1608 3342 eodem
1639 3280 1991 3363 imperante,
2025 3305 2126 3350 re-

476 3369 714 3434 stitutus
744 3370 805 3432 in
854 3371 1172 3449 integrum,
1205 3376 1508 3452 tanquam,
1583 3387 1760 3432 verus
1793 3374 2128 3453 patriarcha

475 3460 886 3542 pontiﬁcatum
918 3461 1102 3539 gessit
1130 3477 1226 3521 an.
1256 3476 1300 3536 1,
1334 3477 1528 3521 mens.
1560 3477 1622 3521 x.

554 3549 792 3627 Paulus,
825 3567 896 3612 ex
922 3549 1108 3626 laicis,
1136 3548 1363 3630 primus
1393 3567 1427 3610 a
1455 3549 1726 3628 secretis,
1760 3553 1970 3617 eodem
2001 3555 2121 3618 im-

474 3649 721 3722 perante
750 3640 1029 3717 Barbato,
1061 3659 1160 3704 an.
1191 3658 1274 3716 x1,
1308 3658 1500 3702 mens.
1532 3658 1656 3703 vnl.

557 3721 875 3792 Callinicus
919 3729 1248 3811 presbyter,
1280 3737 1337 3793 et
1367 3736 1563 3792 custos
1591 3749 1862 3795 vasorum
1894 3733 1954 3796 in
1987 3737 2122 3800 Bla-

469 3817 734 3900 cbernis,
761 3819 1099 3899 imperante
1126 3817 1480 3894 Justiniano,
1506 3817 1741 3882 Barbati
1773 3821 1916 3904 ﬁlio,
1953 3827 2120 3888 nari-

468 3905 583 3969 bus
618 3907 907 3985 mutilato,
942 3926 1040 3971 an.
1069 3926 1171 3972 xu.

549 3995 736 4076 Cyrus
767 3996 1095 4078 presbyter,
1121 4004 1181 4058 et
1224 3997 1554 4059 monachus
1584 4014 1652 4058 ex
1683 3997 1876 4061 insula
1899 4004 2113 4065 Amas-

2216 1844 2302 1903 ἐπὶ
2347 1849 2737 1905 Κωνσταντίνου
2766 1847 2848 1923 73,
2895 1847 3109 1928 ἐκγόνου
3137 1857 3229 1908 106
3261 1837 3588 1926 Ἡρακλείου,
3634 1847 3728 1916 ἔτη
3759 1848 3859 1926 ιβ’.

2215 1940 2389 2010 μῆνας
2421 1935 2470 1993 δ’
2485 1984 2497 1998 .

2296 2033 2488 2102 Θωμᾶς
2519 2025 2754 2092 διάκονος
2801 2028 2887 2085 καὶ
2938 2023 3273 2108 χαρτοφύλαξ
3302 2024 3398 2094 τῆς
3428 2028 3592 2094 αὒτῆς
3619 2025 3862 2095 Ἐκκλη-

2216 2114 2355 2191 σίας,
2388 2115 2482 2183 ἔτη
2526 2116 2602 2190 θ’,
2649 2123 2822 2192 μῆνας
2852 2115 2921 2188 ζ’.

2299 2201 2547 2272 Ἰωάννης
2599 2203 2941 2285 πρεσϐύτερος
3011 2204 3097 2262 καὶ
3155 2202 3490 2286 χαρτοφύλαξ
3543 2210 3642 2273 τῆς
3693 2205 3860 2273 αὐτῆς

2217 2289 2560 2376 Ἐκκλησίας,
2592 2293 2686 2362 ἔτη
2731 2293 2806 2370 ε’,
2842 2295 3012 2370 μῆνας
3040 2290 3111 2352 Θ’.

2299 2391 2699 2448 Κωνσταντϊνος
2793 2381 3032 2445 διάκονος
3097 2382 3198 2448 τῆς
3269 2380 3430 2449 αὐτῆς
3503 2379 3850 2464 Ἐκκλησίας,

2217 2472 2301 2526 καὶ
2346 2471 2686 2552 σκευοφύλαξ,
2719 2474 2806 2528 καὶ
2849 2471 3145 2548 οἰκονόμος,
3194 2469 3280 2527 ἐπὶ
3337 2479 3428 2528 τοῦ
3484 2470 3640 2529 αὐτοῦ
3701 2481 3859 2528 Κων-

2216 2561 2485 2618 σταντίνου
2514 2561 2597 2637 Ἠ,
2643 2560 3054 2642 ἀρχιερατεύσας
3095 2559 3188 2627 ἔτη
3247 2557 3331 2637 β’,
3403 2561 3576 2634 μῆνας
3635 2558 3710 2638 γ’,
3765 2558 3858 2627 ἑξ-

2215 2647 2414 2719 εϐλήθη
2424 2699 2437 2713 ,

2296 2741 2554 2818 Γεώργιος
2613 2736 2984 2819 πρεσϐύτερος,
3060 2736 3368 2817 σύγκελλος,
3452 2738 3538 2793 καὶ
3607 2739 3860 2817 σκευοιρύ-

2215 2826 2330 2904 λαξ,
2391 2829 2475 2884 ἐπὶ
2508 2828 2601 2885 106
2654 2828 2812 2886 αύτοῦ
2865 2827 3228 2901 Κώνσταντος,
3273 2827 3360 2882 καὶ
3414 2825 3499 2881 ἐπὶ
3570 2836 3859 2884 Κωνσταν-

2210 2920 2348 2975 τίνου
2390 2927 2482 2978 τοῦ
2521 2920 2633 2975 υἷοῦ
2677 2916 3042 2991 Κώνσταντος,
3075 2925 3168 2974 τοῦ
3214 2914 3564 2994 Πωγωνάτου,
3626 2912 3721 2982 ἔτη
3774 2921 3855 2994 γ’,

2214 3013 2385 3084 μῆνας
2411 3008 2467 3089 γ’
2480 3050 2496 3068 ο

2290 3097 2554 3180 Θεόδωρος
2581 3095 2924 3178 πρεσϐύτερος
2954 3101 3050 3164 τῆς
3078 3097 3240 3161 αὐτῆς
3266 3091 3610 3174 Ἐκκλησίας,
3637 3093 3858 3172 σύγκελ-

2208 3184 2323 3267 λος,
2355 3190 2440 3244 καὶ
2483 3185 2823 3269 σκευοφύλαξ,
2858 3185 2952 3254 ’ἐτη
2983 3184 3056 3263 β’,
3089 3185 3175 3240 καὶ
3203 3180 3482 3253 ἒξεϐλήθη,

2291 3269 2347 3336 Ὀ
2377 3280 2533 3342 αὐτὸς
2566 3276 2830 3356 Θεόδωρος
2859 3276 2944 3332 ἐπὶ
2972 3281 3064 3333 τοῦ
3095 3278 3250 3332 αὖτοῦ
3276 3271 3602 3350 Πωγωνάτου
3634 3271 3851 3330 ἀποκα-

2204 3365 2390 3449 τέστη,
2422 3368 2833 3449 ἀρχιερατεύσας
2865 3368 2938 3429 ὡς
2969 3362 3216 3432 ἀληθινὸς
3245 3361 3582 3441 πατριάρχης
3615 3360 3732 3425 ἔτος
3762 3362 3849 3439 α’,

2205 3461 2379 3532 μῆνας
2411 3457 2450 3514 ι’
2464 3503 2477 3518 .

2284 3547 2492 3614 Παῦλος
2525 3552 2553 3606 ὁ
2581 3550 2686 3606 ἀπὸ
2714 3549 2917 3606 λα’ίκῶν
2973 3539 3426 3624 προτασηκρῆτις,
3459 3539 3544 3597 ἐπὶ
3574 3540 3664 3598 106
3694 3540 3850 3598 x3106

2205 3638 2554 3719 Πωγωνάτου,
2586 3638 2680 3706 ἔτη
2724 3636 2828 3721 ς’,
2859 3636 3027 3714 μῆνας
3049 3632 3136 3701 η’.

2284 3717 2596 3793 Κάλλίνικος
2626 3717 2998 3809 πρεσϐύτερος,
3031 3723 3119 3780 καὶ
3147 3717 3468 3802 σκευοφύλαξ
3500 3718 3844 3800 Βλαχερνῶν,

2203 3813 2286 3872 ἐπὶ
2318 3814 2704 3900 Ἰουστινιανοῦ,
2737 3821 2848 3875 υἱοῦ
2871 3821 2963 3873 τοῦ
2994 3810 3350 3891 Πωγωνάτου,
3382 3814 3473 3866 τοῦ
3499 3809 3840 3888 ῥινοτμῆτου,

2200 3901 2295 3970 ἔτη
2342 3904 2433 3983 ιβ’,

2282 4002 2444 4075 Κῦρος
2473 3993 2839 4077 πρεσϐύτερος,
2866 3995 2953 4051 καὶ
2979 3990 3219 4069 μοναχὸς
3239 3987 3344 4042 ἀπὸ
3367 3985 3464 4053 τῆς
3484 3986 3645 4055 νήσου
3671 3985 3846 4062 Ἀμά-

465 4081 644 4166 tride,
704 4077 917 4147 eodem
952 4077 962 4078 ί
994 4083 1327 4148 Justiniano
1413 4084 1766 4166 imperante,
1850 4087 2114 4171 itemque

2212 4085 2420 4166 ῖτριδος,
2453 4089 2537 4146 ἐπὶ
2565 4097 2655 4147 τοῦ
2698 4094 2858 4149 αὐτοῦ
2889 4085 3277 4158 Ἰουστινιανοῦ,
3313 4079 3399 4136 καὶ
3421 4077 3506 4135 ἐπὶ
3534 4087 3627 4138 106
3651 4077 3841 4136 Φιλιπ-

465 4189 565 4234 an.
599 4190 679 4252 v1,
713 4173 932 4236 deinde
962 4174 1191 4257 pulsus.

545 4261 806 4326 Joannes
853 4263 1162 4345 diaconus,
1212 4271 1270 4325 et
1320 4263 1943 4328 chartulariusdomus
1963 4286 2116 4332 aco-

2195 4184 2376 4254 πικοῦ,
2408 4176 2501 4246 ἔτη
2530 4179 2632 4254 ς’,
2669 4180 2756 4236 καὶ
2785 4177 2836 4244 ἐξ
2879 4174 3156 4244 ἐξεϐλήθη.

2280 4258 2528 4333 Ἰωάννης
2609 4265 2869 4341 διάκονος,
2930 4265 3016 4319 καὶ
3085 4254 3420 4342 χαρτοφύλαξ
3476 4263 3567 4312 τοῦ
3628 4258 3838 4313 οἰκονο-

460 4349 647 4428 nomi,
690 4351 901 4415 eodem
937 4344 1266 4434 Philippica
1315 4352 1672 4434 imperante,
1725 4372 1792 4416 ac
1823 4354 2110 4436 Artemio,

2212 4354 2370 4437 Latoe,
2431 4357 2515 4414 ἐπὶ
2571 4365 2662 4416 τοῦ
2704 4361 2861 4417 αὐτοῦ
2903 4353 3248 4428 Φιλιππικοῦ,
3295 4350 3382 4406 καὶ
3425 4347 3509 4404 ἐπὶ
3567 4344 3842 4427 Ἀρτεμίου

464 4439 657 4520 primo
706 4460 741 4503 a
797 4442 1178 4524 secretis,qui
1235 4442 1484 4504 nomine
1533 4449 1754 4504 mutato
1812 4442 2004 4507 dictus
2030 4455 2118 4509 est

457 4528 828 4610 Anastasius,
861 4551 961 4596 an.
995 4549 1082 4597 ιιι.

540 4618 871 4684 Germanus
901 4630 1352 4703 magnus,antea
1367 4622 1558 4704 Cyzici
1591 4621 2111 4703 episcopus,dein-

2199 4436 2663 4529 πρωτασηκρῆτις,
2744 4453 2835 4503 106
2917 4440 3395 4522 μετονομασθέντπ
3471 4436 3835 4516 Ἀναστασίου,

2196 4533 2291 4602 ἔτη
2335 4535 2410 4615 γ’,

2277 4627 2540 4705 Γερμανὸς
2585 4629 2611 4683 ὁ
2675 4626 2866 4705 μέγας,
2939 4625 3224 4684 ἐπίσκοπος
3294 4617 3511 4689 Κυζίκου
3561 4615 3833 4705 πρότερον,

459 4706 536 4770 de
557 4707 1608 4793 Constantinopolitanus,imperante
1639 4719 1836 4771 autem
1860 4710 2112 4776 Anasta-

2212 4714 2319 4771 ιῖτα
2385 4714 3005 4786 Κωνςταντινουπόλεως,
3069 4713 3152 4768 ἐπὶ
3210 4719 3299 4768 τοῦ
3369 4705 3524 4762 αὐτοῦ
3573 4704 3834 4762 Ἀναστα-

457 4795 636 4879 sio,et
667 4797 1002 4862 Theodosio
1051 4802 1336 4880 Augusto,
1371 4807 1429 4861 et
1460 4803 1684 4874 Leone,
1719 4809 2109 4877 cognomento

2212 4803 2325 4874 τίοι),
2372 4807 2458 4861 καὶ
2488 4805 2572 4861 ἐπὶ
2604 4804 2877 4863 Θεοδοσίου
2909 4814 3000 4863 τοῦ
3055 4799 3338 4880 βασιλέως,
3395 4798 3481 4852 καὶ
3524 4795 3609 4852 ἐπὶ
3669 4795 3833 4851 Λέον-

459 4886 722 4973 Conone,
757 4907 889 4950 cum
925 4890 1326 4971 pontiﬁcatum
1371 4889 1654 4968 gessisset
1680 4905 1756 4950 an
1787 4888 1963 4965 xv,ab
1997 4891 2109 4952 hoc

2212 4914 2281 4956 τος
2332 4899 2424 4949 τοῦ
2479 4895 2567 4950 καὶ
2627 4895 2890 4973 Κόνωνος,
2951 4890 3366 4972 ἀρχιερατεύσας
3411 4884 3505 4953 ἔτη
3565 4883 3662 4964 ιε’,
3718 4882 3834 4950 ἐξε-

454 4971 640 5054 impio
674 4977 868 5038 Leone
896 4979 1052 5058 Aug.
1090 4980 1318 5056 ejectus
1349 4985 1460 5040 est.

536 5062 883 5126 Anastasius
933 5065 1243 5148 presbyter
1267 5074 1325 5129 et
1376 5065 1698 5148 syncellus,
1729 5065 1817 5126 vir
1865 5065 2104 5148 impius,

2189 4978 2360 5049 ϐλτίθη
2402 4979 2490 5038 ὑπ’
2555 4982 2574 5020 τ’
2649 4985 2674 5022 Γ
2737 4991 2790 5023 ε’
2852 4983 2866 5002 ’
2941 4980 3028 5038 ϐ”
3214 4977 3268 5034 λ’
3379 4974 3447 5030 Λ¹

2281 5021 2291 5051 ι
2458 5019 2470 5038 ι
2522 5005 2677 5040 uno.»
2706 5006 2797 5039 του
2843 5005 2936 5038 ασε
2974 5004 3060 5046 ους
3089 4982 3209 5058 βασι
3248 4999 3349 5039 εως
3427 4995 3628 5036 εοντος.

2272 5069 2612 5135 Ἀναστάσιος
2653 5071 3000 5152 πρεσϐύτερος
3057 5071 3142 5126 καὶ
3187 5063 3500 5145 σύγκελλος,
3560 5066 3588 5120 ὁ
3641 5060 3832 5120 δυσσε-

456 5150 668 5216 eodem
701 5153 900 5217 Leone
935 5163 1244 5238 regnante,
1280 5163 1453 5238 atque
1481 5154 1865 5218 Constantino
1896 5157 2108 5219 Cabal—

2212 5157 2311 5234 ἵης,
2343 5159 2427 5218 ἐπὶ
2469 5168 2560 5217 106
2601 5150 2758 5218 αὐτοῦ
2788 5150 3028 5234 Λέοντος,
3062 5161 3149 5216 καὶ
3191 5157 3275 5214 ἐπὶ
3310 5155 3698 5213 Κωνσταντίνου
3738 5160 3832 5210 106

452 5239 602 5318 lino,
635 5261 734 5306 an.
768 5261 936 5310 xxxv.

528 5330 956 5396 Constantinus
1015 5334 1341 5400 monachus
1411 5341 1470 5396 et
1537 5331 1852 5415 episcopus
1907 5331 2100 5415 Sylai,

2190 5247 2402 5308 Καϐαλλ
2412 5247 2540 5323 ἔνου,
2590 5248 2682 5319 ἔτη
2714 5248 2777 5307 κδ
2788 5248 2798 5265 ’
2810 5296 2825 5311 .

2268 5348 2666 5404 Κωνστανττνος
2714 5340 2954 5420 μοναχὸς
2982 5339 3070 5396 καὶ
3097 5336 3391 5400 ἐπίσκοπος
3428 5331 3521 5390 106
3571 5329 3826 5413 Συλαῖου,

1763 5511 2018 5578 VARle
2060 5513 2500 5585 LECTIONES.

519 5625 584 5678 π
640 5626 1007 5696 Κώνσταντος.
1044 5629 1100 5681 ’τί
1137 5631 1508 5697 Κώνσταντος.

569 5732 924 5800 Constante.
956 5769 984 5816 ρ
1015 5738 1373 5804 Constante.
