4192 6220
324 338 364 406 9
385 345 456 412 17
1687 358 1954 424 ϐΒιΕΟΟ

2076 359 2377 426 )MANUM
3604 363 3724 430 918

325 484 354 538 6
389 482 847 564 ἀποκεφαλισθεὶς,
898 485 982 543 ἐπὶ
1033 490 1426 547 Κωνσταντίνου
1478 499 1571 549 τοῦ
1636 490 1958 554 Καϐαλλίνου

330 573 355 587 ν
478 567 530 587 ,ι

2076 495 2268 575 capite
2316 498 2541 578 plexus,
2602 499 2929 581 imperante
2976 498 3359 563 Constantino
3411 487 3725 566 Caballin°

329 573 422 643 ἔτη
456 573 550 654 ιβ’.

2076 573 2163 646 an:
2196 604 2301 648 xu.

411 669 669 744 Νικήτας,
706 672 734 726 6
765 669 869 726 ἀπὸ
897 669 1170 751 Σθλάϐων,
1198 675 1472 754 εὐνοῦχος,
1503 674 1848 756 πρεσϐύτερος
1878 685 1958 736 τῶ

2147 673 2408 757 Nicetas,
2453 677 2787 753 eunuchus,
2838 677 3145 740 Slavorum
3177 687 3352 756 gente
3375 687 3566 753 natus,
3599 678 3707 742 SS.

330 753 493 833 ἁγίων
525 756 894 831 Ἀποστόλων,
941 762 1030 816 καὶ
1085 762 1266 841 ἅρχων
1310 770 1414 818 τῶν
1460 753 1852 846 γμοναστηρίὼν,
1899 769 1958 825 ἐπ

2076 753 2472 843 Apostolorum
2509 765 2834 846 presbyter,
2861 776 2916 827 et
2940 785 3156 848 praeses
3183 753 3708 842 monasteriorum,

325 850 416 900 :06
445 847 602 903 αὐτοῦ
636 849 1048 924 Κωνσταντίνου,
1082 851 1168 906 καὶ
1199 850 1282 907 ἐπὶ
1305 859 1396 908 τοῦ
1415 855 1526 910 υἱοῦ
1549 856 1704 915 αὑτοῦ
1732 856 1953 923 Λέοντος

2076 853 2446 929 regnantibus
2458 855 2666 916 eodem
2685 855 3343 936 Constantino,ejusque
3358 857 3476 918 ﬁlio
3491 858 3709 932 Leone,

319 939 412 988 :06
453 933 513 989 ἐκ
539 941 636 1002 τῆς
672 938 930 1016 Χαζᾶρας,
963 938 1058 1006 ἕτη
1106 939 1201 1020 ιγ’,
1245 946 1420 1016 μῆνας
1461 932 1534 1004 δ’.

2076 941 2164 1021 ιιιί
2191 942 2446 1005 Chazara
2477 950 2662 1004 matre
2682 943 2792 1004 fuit
2814 943 3028 1006 editus.
3051 932 3147 1008 an:
3172 932 3300 1020 x11},
3326 964 3516 1008 mens.
3547 963 3628 1007 ιν.

411 1021 616 1088 Παῦλος
661 1028 688 1081 6
721 1028 969 1106 Κύπριος,
1024 1027 1286 1110 διάκονος,
1347 1031 1434 1086 καὶ
1490 1030 1734 1108 ἐλεήμων
1777 1033 1812 1091 6'
1861 1036 1958 1093 νέος

2139 1029 2350 1091 Paulus
2384 1029 2650 1112 Cyprius,
2687 1031 3000 1105 diaconus,
3055 1041 3113 1094 et
3143 1034 3291 1095 alter
3317 1042 3710 1112 cognomento

317 1109 404 1167 ἐπὶ
432 1114 525 1168 :06
554 1115 706 1174 αὐτοῦ
735 1116 983 1199 Λέοντος,
1020 1120 1107 1176 καὶ
1139 1118 1233 1205 ἐπὶ.
1253 1121 1648 1205 Κωνσταντίνου
1693 1125 1780 1180 καὶ
1810 1127 1958 1205 Εἰρή·

2076 1109 2670 1194 ηὶεθιίοοιδε,ἐοίὶεηι
2701 1121 2900 1182 Leone
2928 1129 3304 1199 regnante,et
3324 1109 3710 1187 Constantino

325 1221 443 1269 νης,
477 1200 573 1268 τῆς
605 1205 759 1262 αὒτοῦ
789 1197 1012 1286 μητρὸς,
1044 1206 1137 1275 ἔτη
1185 1197 1254 1288 ε’,
1279 1210 1454 1284 μῆνας
1483 1199 1589 1282 ς’.
1871 1197 1880 1205 .

2076 1214 2230 1286 Itque
2260 1207 2432 1268 Irena
2466 1217 2678 1284 matre,
2711 1228 2805 1270 an.
2841 1227 2901 1282 v,
2940 1197 3108 1271 mens
3135 1227 3212 1270 v1.

408 1291 664 1366 Ταράσιος
695 1295 722 1348 6
765 1293 870 1350 ἀπὸ
919 1296 1259 1377 ἆσηκρητῶν,
1308 1300 1335 1354 6
1379 1297 1600 1378 ἔξαρχος
1631 1306 1726 1367 τῆς
1753 1301 1800 1372 ζ’
1829 1305 1958 1361 συνόη

2135 1297 2597 1376 Tarasius,unus
2611 1315 2678 1358 ex
2707 1299 3044 1360 secretariis
3064 1317 3286 1379 prmses
3314 1317 3418 1362 v11.
3445 1302 3706 1376 concilii,

327 1373 441 1458 δου,
475 1379 559 1435 ἐπὶ
588 1386 690 1436 τῶν
721 1383 888 1439 αὐτῶν
917 1384 1178 1460 βασιλέων
1213 1388 1601 1445 Κωνσταντίνου
1617 1392 1702 1446 καὶ
1721 1393 1958 1470 Εἰρήνης

2076 1373 2443 1463 'egnantibus
2509 1385 2722 1446 iisdem
2783 1405 2952 1465 augg.
3015 1373 3394 1450 Constantino
3425 1398 3484 1450 et
3510 1373 3708 1460 Irena,

325 1468 420 1564 xxi.
443 1467 528 1524 ἐπὶ
558 1472 857 1553 Νικηφόρου
895 1484 988 1533 :06
1016 1475 1122 1531 ἀπὸ
1154 1483 1400 1554 γενικῶν,
1434 1467 1848 1558 ἀρχιερατεύσας
1878 1481 1958 1539 ἔττ

2080 1482 2316 1555 temque
2341 1472 2701 1554 Nicephoro,
2735 1477 3036 1556 quondam
3065 1476 3365 1552 Generali,
3400 1479 3712 1559 pontiﬁca-

327 1552 438 1630 κα’,
475 1563 648 1634 μῆνας
678 1552 774 1637 β’,ν
1170 1552 1178 1554 -
1597 1552 1606 1558 ’

2076 1583 2180 1624 .um
2214 1552 2398 1643 gessit
2427 1552 2522 1624 an.
2560 1581 2640 1642 x1,
2677 1552 2870 1627 mens.
2896 1583 2960 1630 ιι.

409 1649 710 1728 Νικηφόρος
742 1655 774 1740 ὁ,
800 1651 904 1708 ἀπὸ
935 1653 1252 1732 ἆσηκρητῶν
1282 1653 1564 1732 γενόμενος
1596 1661 1861 1740 μοναχὸς,
1893 1661 1958 1718 ἐπ

2141 1652 2533 1734 Nicephorus,
2570 1672 2638 1715 ex
2669 1655 2988 1717 secretario
3015 1656 3202 1718 factus
3222 1656 3568 1732 monachus,
3602 1656 3710 1718 sub

323 1743 414 1793 :06
457 1739 612 1794 αὖτοῦ
641 1739 901 1815 βασιλέως
934 1743 1256 1821 Νικηφόρου,
1283 1745 1370 1800 καὶ
1398 1743 1482 1801 ἐπὶ
1507 1739 1853 1827 Σταυρακίου,
1887 1773 1954 1807 κα

2076 1743 2328 1822 ejusdem
2360 1741 2680 1822 Nicephori
2703 1761 2835 1824 aug.
2861 1752 2918 1805 et
2941 1743 3254 1821 Stauracii,
3290 1759 3348 1806 et
3377 1745 3710 1821 Michaelis,

322 1827 410 1919 imi
440 1827 686 1919 Μιχαὴλ,
727 1832 840 1919 ικαὶ,
876 1831 961 1919 ἐπὶ
1010 1833 1232 1898 Λέοντος
1263 1841 1355 1889 τοῦ
1381 1832 1674 1912 ’Λρμενίου,
1709 1838 1958 1919 ἀρχιερα-

2076 1841 2118 1894 at
2145 1833 2412 1895 Armenii
2435 1833 2650 1895 Leonis
2667 1833 2943 1914 imperio,
2968 1835 3372 1914 pontificatum
3401 1835 3581 1914 gessit
3609 1853 3710 1898 an.

323 1915 512 1978 τεύσας
543 1915 637 1985 ἔτη
687 1908 758 2000 θ’,
804 1918 1058 1991 ἐξεϐλήθη
1114 1923 1214 1978 ὑπὸ
1256 1933 1350 1982 :06
1389 1927 1548 1982 αὐτοῦ
1605 1925 1830 1991 Λέοντος
1886 1939 1958 1986 :oi

2076 1941 2142 1997 :x,
2177 1923 2249 1985 ab
2280 1924 2391 1984 hoc
2422 1921 2604 2003 impio
2638 1908 2840 1985 Leo-ne
2865 1908 3099 2004 pulsus.

324 2000 628 2072 δυσσεϐοῦς.

406 2093 654 2160 Θεόδοτος
685 2100 713 2154 6
760 2097 1129 2174 Μηλισσηνὸς,
1163 2103 1190 2156 6
1222 2102 1310 2158 καὶ
1357 2111 1710 2184 Κασσιτηρᾶς,
1766 2107 1973 2165 οἰκονο-

325 2182 532 2264 μάχος,
563 2184 647 2242 ἐπὶ
674 2187 766 2244 :06
793 2188 950 2246 αὒτοῦ
981 2188 1226 2265 Λέοντος,
1261 2189 1354 2258 ἔτη
1397 2192 1502 2267 ς·’.

404 2359 684 2429 Ἀντώνιος
715 2365 1000 2431 ἒπίσκοπος
1037 2378 1129 2428 τοῦ
1177 2367 1423 2443 Συλαὶου,
1456 2373 1484 2427 6
1511 2372 1599 2428 καὶ
1632 2379 1964 2448 Κασιματᾶς,

319 2452 406 2508 ἐπὶ
433 2459 526 2508 :06
556 2451 712 2510 αὖτοῦ
742 2455 983 2529 Λέοντος,
1018 2459 1105 2514 καὶ
1161 2458 1246 2540 ἐπὶ
1291 2458 1516 2540 Μιχαῦλ
1575 2468 1668 2516 τυῦ
1711 2461 1963 2543 Τραυλοῦ,

319 2541 408 2596 καὶ
452 2539 535 2596 ἐπὶ
567 2542 844 2623 Θεοφίλου,
878 2544 971 2612 ἔτη
1006 2545 1102 2624 ιγ’.

404 2630 675 2711 Ἰωάννης,
723 2635 750 2689 6
780 2637 868 2690 καὶ
920 2632 1116 2707 Ἰανῆς,
1166 2639 1194 2692 6
1238 2635 1492 2705 δυσσεϐης
1548 2640 1636 2694 καὶ
1679 2641 1964 2717 οἷκονομά-

322 2741 449 2800 χος,
483 2719 566 2776 ἐπὶ
595 2721 686 2778 :06
738 2725 893 2780 16:06
935 2724 1209 2806 Θεοφίλου,
1270 2727 1356 2783 καὶ
1412 2725 1497 2782 ἐπὶ
1553 2725 1823 2808 Θεοδώρας
1881 2731 1968 2786 καὶ

323 2807 573 2888 Μιχαήλ.
609 2811 904 2891 Καθῃρέθη,
939 2813 1352 2894 ἀρχιερατεύσας
1385 2813 1478 2882 ἔτη
1508 2814 1593 2893 γ’.

403 2897 650 2963 Μεοόδιος
723 2903 962 2982 μοναχὸς
1060 2905 1148 2959 καὶ
1229 2901 1597 2984 πρεσϐύτερος,
1683 2906 1967 2972 ἐπίσκοπος

319 2987 603 3065 γενόμενος
665 2989 905 3070 Κυζίκου,
990 2991 1113 3048 εὗτα
1167 2994 1796 3068 Κωνσταντινουπόλεως,
1883 2997 1967 3054 ἐπὶ

2137 2100 2480 2162 Theodotus
2513 2099 2884 2175 Melissenus,
2929 2107 3324 2179 cognomento
3356 2101 3708 2177 Cassiteras,

2056 2189 2510 2252 simulacrorum
2563 2208 2830 2266 eversor,
2892 2191 3104 2253 eodem
3137 2189 3336 2252 Leone
3390 2199 3708 2271 regnante,

2054 2300 2152 2342 an.
2184 2298 2266 2342 VI.

2135 2371 2426 2434 Antonius
2452 2371 2764 2452 episcopus
2797 2367 2981 2450 Silzni,
3015 2378 3408 2450 cognomento
3437 2369 3706 2432 Casimao-

2053 2468 2161 2531 tas,
2197 2461 2408 2521 eodem
2446 2461 2644 2522 Leone
2704 2459 3059 2539 imperante,
3111 2459 3376 2541 itemque
3409 2459 3710 2524 Michaele

2051 2550 2258 2626 Balbo,
2295 2559 2352 2612 et
2383 2548 2716 2629 Theophilo
2747 2567 2843 2610 an.
2867 2565 2993 2610 xm.

2131 2639 2520 2720 Joannes,qui
2541 2637 3229 2718 etJanes,virimpius,et
3254 2638 3705 2700 simulacrorum

2053 2730 2261 2804 hostis,
2297 2729 2633 2809 imperante
2676 2725 2999 2806 Thophilo,
3035 2735 3093 2787 et
3135 2725 3475 2802 Theodora,
3505 2736 3562 2789 et
3592 2729 3704 2789 Mi-

2050 2819 2238 2880 chaele
2257 2818 2560 2898 depositus
2585 2815 3115 2892 est,administrato
3140 2817 3479 2896 pontiﬁcatu
3497 2835 3590 2878 an.
3615 2835 3703 2882 ιιι.

2132 2907 2468 2970 Methodius
2511 2905 2836 2967 monachus
2867 2912 2925 2966 et
2972 2905 3300 2985 presbyter,
3336 2905 3523 2967 factus
3573 2906 3706 2987 epi-

2053 3017 2267 3079 scopus
2297 2995 2585 3078 Cyzici,ac
2616 2993 2834 3056 deinde
2865 2995 3702 3076 Constantinopolis,regnan-

314 3082 422 3133 τῶν
465 3079 634 3166 αὒτςῦν
675 3078 956 3162 βασιλέων,
1019 3079 1290 3160 Θεοδώρας
1344 3083 1432 3141 καὶ
1472 3084 1720 3166 Μιχαὴλ,
1772 3084 1865 3154 ἔτη
1895 3075 1958 3162 δ’,

2078 3075 2211 3149 ibus
2241 3075 2454 3148 iisdem
2497 3085 2686 3164 Augg.
2731 3082 3047 3144 Theodora
3075 3091 3133 3146 et
3164 3075 3454 3161 Michaele,
3488 3075 3584 3148 an.
3623 3104 3700 3164 ιγ,

313 3170 484 3240 μῆνας
514 3156 590 3244 β’.

403 3253 655 3333 Ἰγνάτιος
709 3260 736 3313 6
807 3257 1125 3336 ἀγιώτατος,
1184 3262 1268 3317 επὶ
1326 3267 1431 3318 τῶν
1475 3262 1648 3320 αὐτῶν
1704 3263 1966 3341 βασιλέων

318 3341 588 3422 Θεοδώρας
631 3347 719 3401 καὶ
764 3345 1008 3426 Μιχαὴλ,
1045 3346 1138 3414 ἔτη
1169 3346 1244 3425 δ’,
1294 3354 1467 3425 μῆνας
1512 3350 1586 3428 β’.

391 3433 596 3495 Φώτιος
643 3435 670 3489 6
713 3433 818 3490 ἀπὸ
863 3435 1182 3513 ἆσηκρητῶν
1229 3439 1510 3516 γενόμενος
1568 3441 1832 3519 μοναχὸς,
1879 3439 1964 3496 ἐπὶ

317 3520 567 3600 Μιχαηλ,
613 3523 701 3578 καὶ
749 3522 834 3579 ἐπὶ
883 3523 1149 3599 βασιλείου
1197 3537 1290 3585 τοῦ
1347 3525 1667 3608 Μακεδόνος,
1742 3527 1836 3596 ἔτη
1888 3519 1959 3610 θ’,

312 3611 400 3666 καὶ
430 3608 684 3680 ἐξεϐλήθη
712 3613 811 3668 61:6
839 3613 932 3670 :06
960 3611 1280 3680 Μακεδόνος.

393 3697 650 3778 Ἰγνάτιος
680 3699 862 3782 πάλιν,
907 3702 992 3760 ἐπὶ
1018 3711 1111 3761 τοῦ
1159 3707 1314 3764 06:06
1359 3705 1619 3782 βασιλέως
1652 3717 1744 3766 τοῦ
1774 3714 1956 3764 Μακε-

311 3787 492 3864 δόνος,
541 3788 633 3858 ἔτη
669 3794 767 3854 ια’.

391 3881 600 3944 ψώτιος
631 3881 810 3956 πάλιν,
844 3883 929 3941 ἐπὶ
972 3886 1193 3950 Λέοντος
1224 3887 1315 3943 :06
1343 3885 1656 3968 φιλοσόφου,

387 3971 652 4051 Στέφανος
683 3974 710 4029 6
739 3971 962 4054 ἀδελφὸς
997 3975 1250 4058 Λέοντος,
1282 3978 1369 4034 επὶ
1414 3982 1514 4045 τῆς
1561 3976 1829 4054 βασιλείας
1871 3988 1962 4038 :06

309 4064 467 4120 αὐτοῦ
498 4061 746 4136 Λέοντος,
792 4062 885 4132 ἔτη
915 4064 990 4144 γ”

392 4149 671 4216 Ἀντώνιος
755 4155 784 4210 6
844 4154 1104 4236 Καυλὲας,
1173 4157 1259 4213 επὶ
1326 4162 1419 4214 :06
1484 4160 1641 4216 αὐτοῦ
1708 4155 1953 4232 Λέοντος,

309 4239 405 4307 ἔτη
434 4239 486 4316 β’
497 4284 512 4300 .

395 4327 652 4418 Νικόλαος
683 4333 711 4387 6
755 4333 860 4389 ἀπὸ
921 4339 1211 4416 μυστικῶν,
1256 4333 1340 4392 ἐπὶ
1394 4342 1485 4392 :06
1516 4336 1671 4394 αὐτοῦ
1701 4336 1948 4418 Λέοντος,

313 4417 406 4485 ’ἐτη
441 4408 538 4498 ια’,
567 4420 656 4475 καὶ
683 4408 1056 4491 κατεϐιϐάσθη.

392 4507 642 4584 Εὖθύμιος
673 4512 938 4592 μοναχὸς,
991 4515 1018 4569 6
1074 4513 1178 4570 ἀπὸ
1221 4512 1542 4595 ωγκέλλων,
1575 4515 1661 4571 επὶ
1700 4511 1951 4581 Ἀλεξάν-

309 4595 450 4676 δρου,
485 4595 579 4665 ἔτη
610 4595 677 4669 ε’,
725 4605 898 4674 μῆνας
930 4602 993 4675 ς’
995 4609 1036 4660 Ι.

389 4685 647 4748 Νικόλαος
677 4690 818 4750 αὖθις
849 4691 876 4744 6
919 4689 1023 4745 ἀπὸ
1053 4695 1337 4767 μυστικῶν,
1376 4691 1460 4749 ἐπὶ
1485 4700 1577 4749 τοῦ
1606 4694 1761 4751 αὒτοῦ
1789 4691 1950 4750 Ἀλε-

306 4772 541 4852 ξάνδρου,
573 4776 659 4831 καὶ
690 4781 1102 4856 Κωνσταντίνου,
1135 4781 1223 4838 καὶ
1277 4772 1548 4858 Ῥωμανοῦ
1573 4791 1666 4841 τοῦ
1695 4788 1948 4850 Λακαπη·

303 4869 416 4942 νοῦ,
451 4861 545 4930 ἔτη
576 4861 650 4940 ιγ’
664 4910 679 4943 ,

389 4950 653 5039 Στέφανος
721 4954 1114 5039 μητροπολίτης
1173 4955 1480 5039 Ἀμασείας,
1527 4958 1612 5015 ἐπὶ
1654 4968 1744 5017 τοῦ
1798 4962 1953 5018 αὐτοῦ

306 5038 568 5116 βασιλέως
612 5048 702 5097 :06
736 5032 1027 5127 Ῥωμανοῦ,
1060 5046 1153 5116 ἔτη
1184 5032 1264 5124 β’,
1300 5032 1477 5124 μῆνας
1505 5047 1599 5112 ια’.

389 5129 605 5220 Τρύιρων
661 5135 952 5220 μοναχὸς,
1025 5135 1110 5192 ἐπὶ
1188 5130 1478 5214 Ῥωμανοῦ,
1541 5137 1952 5220 ἀρχιερατεύσας

307 5217 612 5306 ἐπὶγχρόνῳ
648 5219 815 5296 ῥητῷ,
876 5222 1068 5303 μέχρις
1112 5225 1174 5281 ἂν
1217 5217 1586 5306 Θεοφύλακτος
1613 5217 1652 5284 νϐ
1703 5217 1798 5284 τοῦ
1847 5227 1950 5300 βα-

306 5305 498 5396 σιλέως
557 5308 664 5371 υἱὸς
732 5309 806 5372 εἷς
882 5310 1072 5393 μέτρον
1153 5305 1342 5396 φθάσῃί
1408 5316 1632 5393 νομίμου
1716 5313 1949 5388 ἡλικίας,

306 5395 402 5463 ἔτη
431 5395 516 5474 γ’.

2051 3195 2245 3240 mens.
2269 3193 2334 3238 Il.

2131 3266 2416 3345 Ignatius,
2471 3263 2557 3323 vir
2586 3261 3014 3335 sanctissimus,
3064 3259 3271 3322 iisdem
3318 3265 3502 3341 Augg.
3537 3263 3701 3326 The-

2049 3355 2234 3417 odora
2265 3363 2322 3414 et
2352 3351 2640 3415 Michaele
2671 3348 3060 3429 regnantibus
3088 3366 3161 3409 an
3211 3365 3292 3423 Iv,
3327 3368 3518 3412 mens.
3553 3368 3618 3412 ιι.

2132 3442 2377 3506 Photius
2408 3460 2476 3502 ex
2508 3439 2833 3501 secretario
2881 3439 3070 3498 factus
3101 3437 3452 3511 monachus,
3500 3437 3698 3520 impe-

2045 3531 2314 3594 rantibus
2348 3528 2666 3603 Michaele,
2719 3546 2788 3589 ac
2835 3525 3055 3588 Basilio
3107 3524 3450 3600 Macedone,
3485 3544 3582 3590 an.
3614 3545 3696 3611 ιχ,

2043 3631 2101 3683 et
2133 3623 2358 3700 ejectus
2389 3638 2423 3680 a
2454 3617 2796 3680 Macedone.

2121 3709 2380 3790 Ignalius
2430 3707 2672 3781 iterum,
2733 3704 2944 3768 eodem
3001 3700 3328 3767 Macedone
3384 3711 3692 3784 regnante,

2043 3816 2144 3860 an.
2175 3817 2259 3862 XI.

2125 3887 2369 3951 Photius
2398 3889 2636 3959 iterum,
2670 3890 2957 3964 regnante
2989 3881 3188 3944 Leone
3217 3881 3608 3965 PhiloSOpho.

2124 3978 2483 4058 Stephanus,
2519 3974 2731 4037 Leonis
2759 3974 2966 4048 frater,
3021 3970 3132 4033 sub
3176 3970 3431 4052 imperio
3480 3971 3696 4035 Leonis

2043 4067 2336 4151 ejusdem,
2373 4083 2470 4127 an.
2507 4083 2568 4127 ιιι

2123 4155 2417 4220 Antonius
2477 4153 2747 4229 Cauleas,
2810 4151 3020 4214 eodem
3081 4153 3278 4213 Leone
3332 4150 3688 4233 imperante,

2125 4297 2137 4310 .
2172 4263 2240 4308 ιι.

2039 4265 2417 4415 anNicolaus,
2443 4343 2617 4395 antea
2638 4331 2918 4414 mysticus
2939 4331 3307 4414 (3i),eodem
3354 4331 3555 4394 Leone
3587 4347 3690 4394 re-

2035 4433 2280 4506 gnante,
2309 4442 2404 4485 an.
2437 4440 2522 4505 XI,
2550 4422 2788 4484 tandem
2823 4422 2970 4485 solio
2993 4421 3281 4502 dejectus.

2115 4512 2460 4593 Euthymius
2527 4512 2872 4588 monachus,
2926 4522 3102 4574 antea
3142 4507 3460 4590 syncellus,
3493 4507 3688 4588 impe-

2034 4611 2202 4665 rante
2226 4601 2585 4671 Alexandro,
2621 4620 2717 4663 an.
2749 4618 2809 4675 v,
2840 4617 3030 4662 mens.
3063 4616 3146 4662 VI.

2115 4691 2392 4753 Nicolaus
2451 4689 2732 4770 mysticus
2791 4688 3030 4762 iterum,
3090 4687 3299 4749 eodem
3350 4683 3688 4746 Alexandro

2035 4779 2390 4861 imperante,
2421 4787 2479 4840 et
2508 4778 2920 4859 Constantino,
2953 4785 3012 4839 et
3038 4776 3302 4838 Romano
3354 4777 3686 4856 Lacapeno,

2036 4889 2132 4932 an.
2171 4886 2271 4932 XIII

2114 4957 2452 5038 Stephanus
2484 4955 2978 5036 metropolitanus
3007 4953 3566 5034 Amaseae,potiente
3583 4970 3687 5016 re-

2033 5067 2166 5110 rum
2199 5045 2410 5106 eodem
2442 5045 2710 5106 Romano
2749 5046 2901 5124 Aug.
2938 5063 3032 5105 an.
3068 5061 3127 5123 ιι,
3164 5060 3352 5104 mens.
3386 5060 3469 5106 x1.

2114 5134 2347 5214 Trypho
2381 5134 2728 5207 monachus,
2762 5133 3094 5214 imperante
3124 5133 3416 5207 Romano,
3452 5130 3686 5212 pontiﬁ-

2036 5231 2232 5285 catum
2287 5220 2727 5284 administravit
2783 5222 2854 5282 ad
2906 5229 3134 5284 certum
3185 5227 3442 5300 tempus,
3491 5219 3686 5282 donec

2036 5310 2533 5392 TheOphylacms,
2557 5310 2933 5391 imperatoris
2950 5309 3324 5386 ﬁlius,aatatis
3337 5309 3518 5391 justa
3548 5327 3682 5372 mo-

2035 5401 2174 5462 dum
2205 5399 2540 5477 aitingeret.
2571 5399 2806 5463 Praefuit
2831 5419 2905 5464 an
2936 5419 3024 5466 ιιι.

1861 5558 2110 5625 NOTIE.

391 5673 524 5756 (31)
559 5672 791 5738 Nomen
822 5679 1124 5760 dignitatis
1153 5685 1448 5767 palatinas.
