4192 6220
460 387 579 454 919

1843 390 1874 452 J
1881 389 1974 452 US
2014 385 2463 453 CANONICUM

3723 373 3842 440 920

537 522 1037 608 Theophylactus,
1100 525 1399 606 Lacapeni
1456 525 1636 602 ﬁlius,
1670 521 2107 606 imperantibus

2272 521 2632 601 Θεοφύλακτος
2677 521 2705 576 ὃ
2734 527 2825 576 106
2856 525 3177 586 Λακηναποῦ
3205 518 3338 598 υἱὸς,
3384 515 3469 573 ἐπὶ
3501 512 3838 574 Κωνσταντέ-

458 615 841 678 Constantino
870 615 932 677 in
988 615 1284 696 porphyra
1335 625 1492 692 nato,
1529 623 1588 677 et
1618 616 1747 697 ipso
1769 614 2100 694 Lacapeno,

456 707 631 768 annis
659 722 826 782 xxm,
861 705 1071 767 diebus
1100 722 1240 769 xxv.

537 793 911 876 Polyeuctus,
972 794 1183 857 eodem
1243 795 1616 858 Constantius
1647 795 2003 874 imperante,
2035 811 2104 854 ac

453 882 796 965 Nicephoro
828 883 1314 965 Phoca,itemque
1358 883 1431 945 ad
1465 902 1617 946 xxxv
1643 884 1802 947 diem
1857 899 1892 942 a
1937 881 2102 942 desi-

455 979 630 1052 gnato
664 972 1024 1053 imperatore
1052 972 1280 1036 Joanne
1309 971 1841 1054 Zymisce.Praafuit
1862 971 2104 1032 omnino

453 1077 552 1124 an.
583 1077 706 1136 xxv,
742 1080 933 1125 mens.
968 1079 1028 1124 v.

536 1149 790 1213 Basilius
814 1149 1538 1227 Scamandrenus,eodem
1553 1150 1816 1232 Zymisce
1849 1167 2102 1230 regnan-

456 1248 536 1323 te,
572 1259 671 1303 an.
703 1258 784 1304 ιν.

536 1329 828 1392 Antonius
857 1328 1211 1404 monachus,
1251 1328 1541 1405 Studites,
1571 1328 1782 1391 eodem
1813 1327 2099 1408 Zymisce,

456 1437 524 1481 ac
553 1417 774 1481 Basilio
799 1418 860 1479 in
891 1421 1187 1499 porphyra
1215 1426 1374 1498 nato,
1401 1419 1698 1500 fratreque
1727 1419 1914 1498 ipsius
1946 1414 2102 1479 Con-

457 1507 712 1570 stantino
743 1507 1202 1588 imperantibus,
1234 1527 1332 1571 an.
1363 1525 1446 1569 v1.

537 1597 812 1659 Nicolaus
869 1597 1325 1678 Chrysoberges,
1384 1597 1598 1659 iisdem
1638 1596 1934 1675 Augustis,
1971 1615 2105 1658 cum

457 1685 728 1749 Ecclesia
757 1695 990 1767 pastore
1042 1690 1329 1749 caruisset
1356 1687 1428 1748 ad
1461 1705 1650 1749 annos
1682 1703 1737 1748 ιν
1770 1685 1836 1749 S.
1868 1685 2109 1748 Praefuit

458 1793 537 1837 an
567 1793 714 1851 χχιι,
748 1793 942 1837 mens.
973 1793 1097 1840 VIII.

459 1862 718 1928 Sisinius
748 1864 1051 1945 magister,
1106 1863 1318 1927 iisdem
1377 1863 1830 1946 imperantibus,
1885 1881 2100 1928 an.1u.

457 1953 704 2034 Sergius
760 1953 942 2016 abbas
970 1954 1460 2030 Manuelicorum,
1509 1953 1722 2016 iisdem
1753 1954 2102 2037 imperanti-

457 2041 590 2119 bus,
626 2061 722 2106 an.
756 2059 859 2106 xx.

537 2132 878 2196 Eustathius
921 2134 1151 2216 primus
1180 2133 1659 2215 presbyterorum
1703 2132 1846 2196 azdis
1876 2134 2102 2211 aulica),

456 2223 842 2304 regnantibus
875 2223 1088 2285 iisdem
1116 2224 1420 2303 Augustis,
1454 2243 1552 2287 an.
1583 2240 1663 2285 IV.

538 2312 781 2375 Alexius
811 2312 1238 2375 ecclesiarches
1295 2312 1619 2374 mansionis
1651 2312 1960 2387 studianae,
1997 2311 2107 2375 sub

459 2401 672 2464 iisdem
730 2403 1040 2482 Augustis,
1075 2408 1134 2462 et
1164 2400 1273 2462 sub
1323 2401 1576 2482 imperio
1628 2401 1810 2462 solius
1841 2401 2107 2480 ejusdem

461 2489 857 2564 Constantini,
923 2495 981 2551 et
1035 2487 1290 2552 Romani
1332 2488 1778 2569 Argyropuli,et
1803 2488 2110 2552 Michaelis

459 2577 877 2658 Paphlagonis,
912 2585 970 2640 et
999 2576 1306 2640 Michaelis
1345 2575 1631 2655 Calafatm,
1660 2586 1717 2638 et
1743 2576 2112 2640 Constantini

462 2665 851 2742 Monomachi,
885 2684 982 2728 an.
1017 2682 1145 2728 nx.

543 2841 806 2907 Michael
856 2843 1216 2919 Cerularius,
1291 2843 1400 2906 sub
1459 2846 1668 2909 eodem
1727 2843 2108 2905 Constantino

2187 633 2277 668 νου
2307 618 2398 666 τοῦ
2429 609 2948 691 Πορφυρογεννήτου,
2965 608 3055 664 καὶ
3075 604 3159 664 ἐπ’
3181 608 3338 664 αὐτοῦ
3367 612 3458 662 τοῦ
3489 609 3835 674 Λακαπηνοῦ,

2187 699 2281 767 ἔτη
2325 699 2436 779 κγ’,
2461 699 2664 777 ἡμέρας
2688 697 2801 758 κε’.

2267 787 2613 864 Πολύευκτος,
2691 787 2776 844 ἐπὶ
2851 793 2943 842 106
3026 787 3183 844 αὐτοῦ
3252 781 3658 854 Κωνσναντίνου,

2187 879 2486 958 Νικηφόρου
2543 883 2636 935 τοῦ
2683 882 2870 952 Φωκᾶ,
2944 877 3031 931 καὶ
3093 874 3177 931 ἐπὶ
3220 871 3441 952 ἡμέραις
3484 866 3564 926 λε’
3607 873 3701 935 τῆς
3731 867 3834 922 ἀν·

2187 971 2506 1049 αγορεύσεως
2576 967 2818 1027 Ἰωάννου
2886 974 2976 1024 106
3046 971 3341 1044 Τζυμισκῇ,
3428 961 3522 1030 ἔτη
3582 958 3669 1034 ιδ’,
3727 962 3837 1034 μῆ·

2187 1081 2280 1122 νας
2317 1058 2384 1120 ε’.

2268 1144 2536 1210 Βασίλειος
2568 1147 2595 1202 '0
2626 1142 3061 1224 Σκαμανδρηνὸς,
3094 1142 3178 1200 ἐπὶ
3207 1148 3299 1199 τοῦ
3340 1139 3496 1196 αὐτοῦ
3538 1141 3832 1216 Τζυμισκῇ,

2189 1235 2282 1302 ἔτη
2317 1234 2358 1291 3’
2375 1283 2388 1298 .

2267 1323 2548 1389 ’Λντώνιος
2580 1325 2844 1403 μοναχὸς,
2877 1326 2904 1379 ὃ
2934 1321 3243 1402 Στουδίτης,
3276 1320 3360 1377 ἐπὶ
3389 1326 3480 1377 106
3508 1318 3664 1376 αὐτοῦ
3691 1322 3837 1386 Τζυ-

2187 1419 2374 1490 μισκῇ,
2407 1415 2494 1470 καὶ
2549 1412 2632 1469 ἐπὶ
2691 1411 2962 1469 Βασιλείου
3033 1421 3124 1471 τοῦ
3176 1408 3688 1490 Πορφυρογεννήτου,
3747 1405 3837 1459 καὶ

2191 1486 2199 1490 ⁷
2331 1486 2366 1490 ”’
3258 1486 3265 1488 ’
3300 1486 3310 1489 “
3359 1486 3364 1487 ⁷
3399 1486 3409 1505 Ι

2191 1503 2582 1560 Κωνσταντίνου
2610 1507 2702 1558 τοῦ
2728 1499 2951 1582 ἀδελφοῦ
2980 1503 3157 1576 αὐτοῦ,
3190 1498 3284 1567 ἔτη
3326 1498 3390 1572 ς
3415 1544 3431 1558 .

2271 1590 2529 1654 Νικόλαος
2563 1592 2591 1646 ὃ
2621 1581 3012 1670 Χρυσοϐἑργης,
3048 1590 3132 1646 ἐπὶ
3181 1594 3285 1644 υῶν
3335 1587 3505 1644 αὐτῶν
3546 1581 3830 1670 βασιλέων,

2188 1685 2286 1748 τῆς
2313 1679 2629 1748 Ἐκκλησίας
2673 1668 3007 1754 γᾶποιμάντου
3055 1675 3432 1741 διατελεσάσης
3477 1671 3570 1740 ἔτη
3621 1668 3668 1726 δ’
3700 1671 3832 1748 πρὸς

3743 777 3838 832 καὶ

2127 1782 2167 1831 Β
2188 1774 2264 1843 τῷ
2291 1769 2500 1842 ἡμίσει,
2533 1767 2628 1834 ἔτη
2663 1765 2754 1844 ιβ’,
2802 1768 2888 1823 καὶ
2924 1771 3096 1837 μῆνας
3125 1764 3215 1833 η’.

2267 1856 2491 1920 Σισίνιος
2515 1857 2825 1936 μάγιστρος,
2860 1855 2944 1912 ἐπὶ
2972 1861 3076 1911 τῶν
3108 1854 3302 1930 αὐτῶν,
3348 1851 3441 1918 ἔτη
3473 1851 3550 1930 γ’.

2268 1944 2485 2024 Σέργιος
2554 1945 2849 2024 ἡγούμενος
2908 1944 3014 2002 τῶν
3068 1941 3317 2010 Μανουὴλ
3360 1941 3446 1999 ἐπὶ
3487 1946 3590 1998 τῶν
3661 1937 3835 1993 c1616”

2188 2032 2283 2102 ἔτη
2312 2033 2389 2094 κ’.

2270 2125 2549 2190 Εὗστάθιος
2591 2124 2797 2204 πρῶτος
2851 2127 2958 2179 τῶν
3013 2119 3374 2202 πρεσϐυτέρων
3437 2129 3528 2178 τοῦ
3597 2117 3651 2173 ἐν
3715 2127 3834 2176 τοῖς

2189 2213 2472 2290 βασιλείοις
2517 2221 2664 2287 ναοῦ,
2697 2213 2782 2269 ἐπὶ
2811 2219 2916 2268 τῶν
2948 2214 3114 2269 αὐτῶν
3145 2210 3427 2288 βασιλέων,
3451 2207 3544 2276 ἔτη
3575 2206 3642 2269 δ’.

2273 2302 2502 2369 Ἀλὲξιος
2559 2305 2587 2358 ὃ
2647 2300 3048 2381 ἐκκλησιάρχης
3091 2306 3190 2368 τῆς
3262 2304 3429 2376 μονῆς
3497 2305 3602 2354 τῶν
3661 2302 3836 2350 Στου-

2191 2390 2319 2464 δίου,
2351 2392 2435 2448 ἐπὶ
2463 2398 2568 2448 τῶν
2617 2395 2787 2450 αὐτῶν
2828 2389 3110 2468 βασιλέων,
3156 2391 3243 2446 καὶ
3292 2389 3375 2445 ἐπὶ
3417 2387 3512 2456 τῆς
3568 2389 3838 2468 αὒτοκρα-

2191 2481 2362 2558 τορίας
2404 2483 2496 2538 106
2551 2482 2708 2538 αὐτοῦ
2764 2480 3153 2538 Κωνσταντίνου
3202 2479 3388 2557 μόνου,
3444 2478 3533 2533 καὶ
3565 2465 3840 2548 Ῥωμανοῦ

2193 2575 2284 2625 τοῦ
2365 2568 2807 2649 Ἀργυροπούλου,
2894 2571 2980 2625 καὶ
3063 2565 3289 2649 Μιχαὴλ
3369 2574 3461 2624 106
3542 2561 3838 2643 Παφλαγό-

2192 2681 2282 2721 νος
2349 2658 2573 2739 Μιχαὴλ
2628 2665 2720 2715 τοῦ
2764 2657 3099 2738 Καλαφάτου,
3165 2658 3254 2714 καὶ
3311 2653 3702 2715 Κωνσταντίνου
3745 2657 3843 2708 106

2193 2749 2545 2828 Μονομάχου,
2579 2746 2672 2814 ἔτη
2705 2745 2807 2813 ιη’.

2273 2835 2497 2918 Μιχαὴλ
2526 2839 2553 2892 ὃ
2613 2833 2989 2914 Κηρουλάριος,
3047 2834 3131 2893 ἐπὶ
3172 2841 3263 2892 106
3321 2834 3477 2890 αὐτοῦ
3550 2843 3843 2890 Κωνσταν-

461 2933 876 3011 Monomacho,
938 2941 995 2995 et
1050 2931 1159 2995 sub
1190 2932 1504 2995 Theodora
1532 2933 1593 2994 in
1626 2933 1918 3014 porphyra
1947 2944 2104 3009 nata,

2200 2935 2329 2984 πίνου
2373 2937 2463 2986 106
2517 2927 2867 3008 Μονομάχου,
2923 2928 3010 2982 καὶ
3080 2925 3165 2983 ἐπὶ
3221 2923 3488 3004 Θεοδώρας
3540 2928 3638 2990 τῆς
3695 2929 3845 3001 Πορ-

465 3029 524 3084 et
553 3021 662 3084 sub
709 3021 996 3086 Michaele
1024 3040 1192 3098 sene,
1239 3021 1402 3102 prius
1459 3021 1822 3099 Stratiotico,
1885 3029 1943 3084 et
1999 3020 2107 3083 sub

464 3110 706 3173 domino
733 3109 959 3174 Isaacio
993 3110 1322 3186 Comneno,
1353 3129 1456 3172 an.
1485 3127 1587 3174 xv.

545 3289 963 3354 Constantinus
992 3288 1312 3365 Lichudes,
1349 3288 1620 3370 ejusdem
1655 3287 1880 3350 domini
1901 3287 2109 3350 Isaacii

463 3379 780 3455 Comueni,
804 3387 864 3442 et
883 3379 1113 3442 domini
1133 3377 1503 3441 Constantini
1521 3381 1698 3442 Ducae
1719 3376 2107 3459 temporibus,

463 3470 801 3622 magilis
827 3557 1188 3640 Xiphilinus,
1223 3557 1493 3637 ejusdem
1521 3555 1889 3620 Constantini
1916 3555 2108 3629 Ducae,

465 3666 535 3710 ac
564 3647 835 3710 Dominae
850 3647 1146 3728 Eupociaa,
1199 3644 1452 3708 Romani
1493 3645 1796 3724 Diogenis,
1827 3645 2114 3708 Michaelis

463 3735 642 3799 Ducae
669 3735 777 3798 ﬁlii
805 3734 1174 3817 temporibus
1203 3753 1302 3799 an.
1327 3737 1662 3814 xm,:mens
1690 3751 1772 3796 v1.

545 3911 787 3975 Cosmas
826 3911 1414 3992 Hierosolymitanus,
1476 3911 1746 3992 ejusdem
1780 3912 2105 3980 Michaelis,

465 4008 524 4065 et
545 3999 1244 4081 NicephoriBotanitataa,
1273 4009 1330 4062 et
1355 4001 1588 4064 Domini
1615 4000 1805 4062 Alexii
1827 4000 2114 4064 Comueni

464 4089 856 4172 temporibus,
893 4089 1299 4171 pontiﬁcatum
1353 4090 1539 4170 gessit
1593 4109 1690 4151 an.
1720 4107 1779 4166 ν,
1813 4109 1981 4152 mens
2009 4107 2111 4164 vn;

467 4177 684 4242 deinde
715 4177 1096 4241 renuntiavit.

545 4266 1301 4345 Eustratius,cognomento
1317 4265 1865 4348 Garidas,ejusdem
1888 4267 2114 4329 domini

465 4355 664 4420 Alexii
696 4364 992 4437 tempore,
1019 4373 1117 4416 an.
1149 4373 1236 4418 Ill.

552 4445 834 4509 Nicolaus
888 4445 1236 4518 monachus,
1271 4445 1711 4526 grammaticus,
1746 4446 1847 4526 qui
1876 4446 2114 4527 Lopha-

469 4535 633 4597 dium
662 4533 931 4610 incoluit,
985 4532 1294 4596 ordinatus
1324 4550 1357 4593 a
1385 4531 1507 4593 Deo
1543 4535 1820 4614 pontifex,
1849 4535 2113 4616 ejusdem

467 4623 699 4686 domini
727 4623 919 4685 Alexii
949 4630 1240 4704 tempore,
1273 4639 1372 4683 an.
1407 4637 1588 4698 xxm,
1623 4642 1814 4686 mens.
1847 4641 1934 4687 in.

546 4711 806 4775 Joannes
836 4712 1293 4774 hieromnemon
1319 4708 1500 4788 (31").
1523 4723 1913 4790 cognomento
1934 4713 2114 4774 Chal-

469 4801 849 4883 cedonii,sub
877 4800 1086 4864 eodem
1116 4797 1324 4862 Alexio
1355 4798 1682 4877 Comueno,
1719 4800 2027 4865 etJoanne
2054 4802 2113 4863 in

468 4892 766 4972 pcrphyra
790 4899 952 4973 nato,
985 4909 1081 4953 an.
1115 4906 1284 4953 xxm.

549 4977 670 5042 Leo
705 4979 993 5063 Stypiota,
1051 4978 1265 5040 eodem
1311 4979 1538 5041 Joanne
1565 4978 1626 5040 in
1659 4981 1951 5063 porphyra
1979 4989 2115 5045 nato

471 5075 782 5148 regnante,
814 5087 914 5131 an.
944 5087 1073 5144 vni,
1096 5085 1288 5129 mens.
1322 5083 1446 5131 vm.

548 5157 801 5222 Michael
815 5155 1656 5234 monachus,exercitationum
1667 5158 1791 5240 (39!)
1811 5157 2116 5221 studiosis-

2192 3017 2597 3097 φυρογεννήτου,
2667 3017 2755 3072 καὶ
2810 3015 2895 3072 ἐπὶ
2971 3014 3198 3095 Μιχαὴλ
3275 3013 3514 3094 γέροντος
3570 3018 3661 3068 106
3731 3011 3844 3066 ἀπὸ

2191 3112 2282 3162 τοῦ
2312 3111 2721 3186 Στρατιωτικοῦ,
2747 3105 2832 3161 καὶ
2857 3104 2940 3160 ἐπὶ
2959 3104 3051 3161 106
3077 3110 3353 3180 Κομνηνοῦ
3372 3109 3526 3183 κυροῦ
3551 3100 3841 3175 ’[σαακίου,

2192 3191 2286 3261 ἔτη
2332 3191 2398 3250 ιε’
2413 3241 2428 3256 .
3225 3195 3228 3197 ’

2274 3293 2674 3349 Κωνστανττνος
2746 3284 2773 3339 δ
2845 3281 3141 3364 Λειχούδης
3187 3283 3272 3339 ἐπὶ
3324 3287 3415 3338 τοῦ
3471 3282 3628 3338 αὐτοῦ
3680 3281 3848 3358 κυροῖ»

2195 3368 2452 3430 Ἰσαακίου
2493 3381 2587 3431 106
2630 3371 2929 3452 Κομνηνοῦ,
2974 3374 3062 3429 καὶ
3113 3372 3200 3430 ἐπὶ
3247 3381 3402 3452 κυροῦ
3447 3369 3846 3429 Κωνσταντίνου

2193 3468 2285 3518 τοῦ
2317 3463 2512 3543 Λούκα,
2542 3460 2636 3529 ἔτη
2666 3460 2712 3517 δ’
2738 3461 2930 3538 ἥμισυ.

2275 3549 2526 3618 Ἰωαννης
2557 3553 2584 3607 ὃ
2628 3549 2933 3632 Ξιφιλϊνος,
2985 3550 3070 3608 ἐπὶ
3112 3556 3202 3607 τοῦ
3256 3551 3411 3609 αὐτοῦ
3445 3560 3847 3609 Κωνσταντινου

2194 3642 2284 3696 106
2312 3645 2506 3714 Λουκα,
2538 3641 2626 3696 καὶ
2655 3639 2739 3696 ἐπὶ
2766 3645 2867 3708 τῆς
2893 3646 3050 3719 κυρᾶς
3102 3638 3376 3715 Εὐδοκίας,
3433 3640 3521 3694 καὶ
3583 3643 3842 3713 Ρωμανοῦ

2195 3735 2283 3784 106
2317 3727 2614 3806 Διογένους,
2667 3729 2755 3784 καὶ
2799 3727 3023 3809 Μιχαὴλ
3064 3731 3174 3788 υἱοῦ
3226 3735 3318 3786 τοῦ
3377 3727 3573 3807 Δούκα,
3605 3726 3698 3792 ἔτη
3732 3725 3806 3804 ιγ’
3823 3773 3842 3805 ,

2197 3822 2367 3893 μῆνας
2397 3817 2506 3891 ς’.

2278 3913 2494 3982 Κοσμᾶς
2536 3908 2564 3962 ὃ
2625 3896 3068 3987 ι1εροσολυι,ι.ίτης,
3130 3905 3213 3963 ἐπὶ
3259 3913 3350 3963 106
3407 3908 3562 3963 αὐτοῦ
3586 3903 3841 3984 Μιχαὴλ,

2197 3996 2284 4051 καὶ
2316 3994 2401 4051 ἐπὶ
2443 3995 2742 4075 Νικηφόρου
2771 3997 2860 4051 106
2890 3997 3254 4077 Βοτανειάτου,
3285 3998 3372 4052 καὶ
3421 3995 3505 4052 ἐπὶ
3551 3997 3642 4077 106
3681 3997 3845 4072 κυροῖ,

2198 4082 2429 4150 Ἀλεξίου
2455 4088 2547 4141 106
2577 4074 2874 4165 Κομνηνοῦ,
2917 4074 3328 4166 ἀρχιερατεύσας
3386 4085 3480 4153 ἔτη
3535 4074 3603 4159 ε’,
3659 4089 3842 4159 μῆνας

2135 4181 2178 4230 D
2195 4178 2297 4255 ς’,
2331 4179 2455 4236 εἶτα
2483 4179 2851 4256 παρῃτήσατο.

2277 4268 2588 4348 Εὖστράτιος
2619 4269 2645 4322 '0
2675 4265 2960 4334 τοῦπίκλην
2993 4265 3237 4347 Γαριδᾶς,
3269 4267 3354 4325 ἐπὶ
3381 4270 3471 4326 106
3496 4270 3652 4328 αὐτοῦ
3680 4269 3845 4348 κυροῦ

2199 4355 2454 4431 Ἀλεξίου,
2499 4356 2594 4426 ἔτη
2624 4356 2700 4435 γ’.

2278 4445 2538 4512 Νικόλαος
2571 4448 2812 4527 μοναχὸς
2843 4447 2870 4502 ὃ
2901 4450 3296 4529 Γραμματικὸς,
3324 4450 3351 4505 ὃ
3382 4449 3435 4504 ἐν
3463 4453 3538 4524 τῷ
3567 4447 3834 4528 Λοφαδίῳ,

2198 4533 2586 4615 θεοπρόϐλητος
2629 4536 2926 4615 ἀρχιερεὺς,
2964 4536 3048 4593 ἐπὶ
3092 4540 3182 4594 106
3210 4539 3366 4595 αὒτοῦ
3393 4541 3550 4618 κυροῦ
3577 4535 3836 4618 Ἀλεξίου,

2199 4624 2292 4691 ἔτη
2335 4624 2437 4700 κζ’,
2473 4627 2642 4701 μῆνας
2671 4623 2745 4703 γ’·

2279 4713 2527 4781 Ἰωάννης
2559 4715 2588 4770 ὃ
2614 4715 2967 4793 εἷρομνήμων,
3003 4715 3030 4770 ὃ
3077 4713 3449 4795 ἐπιλεγόμενος
3490 4719 3581 4773 106
3613 4714 3838 4784 Χαλκη-

2195 4801 2366 4878 δόνος,
2401 4803 2486 4860 ἐπὶ
2513 4805 2605 4859 106
2635 4804 2788 4860 αὐτοῦ
2840 4801 3067 4868 Ἀλεξίου
3109 4807 3199 4861 106
3244 4807 3557 4886 Κωμνηνοῦ,
3587 4804 3681 4863 καὶ
3714 4803 3836 4863 ἰω-

2199 4893 2352 4948 άννου
2382 4896 2473 4949 106
2502 4893 3015 4973 Πορφυρογεννήτου,
3050 4891 3142 4960 ἔτη
3172 4884 3283 4973 κγ’.

2280 4981 2426 5038 Λέων
2457 4984 2484 5038 '0
2533 4987 2766 5061 Στυπῆς,
2813 4981 2898 5064 ἐπὶ
2939 4984 3030 5037 106
3071 4983 3226 5039 αὐτοῦ
3276 4981 3516 5043 Ἰωάννου
3556 4986 3650 5042 106
3692 4991 3838 5064 Πορ-

2200 5071 2604 5151 φυρογεννήτου,
2650 5058 2853 5144 ἔτηνηξ
2888 5072 3062 5145 μῆνας
3104 5061 3184 5139 η’,

2282 5158 2502 5240 Μιχαὴλ
2537 5161 2800 5240 μοναχὸς,
2863 5162 2892 5216 ὃ
2945 5159 3398 5245 ἂσκητικώτατος,
3458 5165 3487 5221 ὃ
3519 5152 3779 5241 Ὀξειτης,
3812 5168 3840 5223 ὃ

2031 5335 2283 5404 NOTAE.

555 5502 707 5587 (31⁸)
738 5502 1137 5570 Ecclesiastici
1166 5502 1384 5570 nomen
1414 5503 1612 5586 ofﬁcii,
1645 5506 1722 5570 de
1749 5527 1866 5590 quo
1895 5508 2069 5572 intra.

2332 5509 2451 5590 (32)
2485 5507 2943 5574 Monasticarum
2978 5509 3229 5574 scilicet.
