4192 6220
446 401 566 472 927

1818 417 1850 480 J
1856 417 1948 481 US
1989 417 2437 482 CANONICUM

3729 403 3847 476 928

448 539 644 604 locum
675 540 1146 608 binariussubiit
1173 564 1185 609 :
1220 544 1482 608 laborem
1511 547 1758 612 multum
1773 556 1830 610 et
1851 549 2082 612 studiun

2167 547 2497 616 ἀπέστησαν
2539 546 2622 622 76,
2674 550 2761 604 καὶ
2820 549 2892 610 εἰς
2951 548 3039 604 τὸν
3097 547 3257 603 τόπον
3354 553 3452 614 τῆς
3510 544 3760 613 ἐνότητος
3803 547 3832 601 ὁ

453 631 553 712 qui
580 651 688 694 nos
711 634 1313 714 praacesseruntbeati
1343 634 1502 699 Petri
1531 656 1905 702 successores
1936 639 2100 702 adhi-

2182 635 2360 704 δυῖκὸς
2404 636 2684 705 ἐπεισῆλθε
2723 655 2738 670 ⁸
2798 634 2964 693 πολὺν
3020 636 3188 693 κόπον
3245 637 3335 692 καὶ
3377 632 3611 702 σπουδὴν
3654 636 3700 692 οἱ
3729 637 3829 712 πρὸ

449 719 728 792 buerunt,
763 733 825 783 ut
855 723 1116 786 schisma
1145 724 1221 788 de
1265 725 1462 788 medio
1511 727 1838 802 tolleretur,
1873 735 1932 790 et
1959 727 2082 789 uni-

2179 728 2331 802 ἡμῶν
2401 723 2639 806 διάδοχοι
2682 732 2773 782 τυῦ
2831 724 3087 804 μακαρίου
3148 724 3344 805 Πέτρου
3387 724 3696 800 ἀπένειμαν,
3732 723 3821 781 ἵνα

451 811 551 872 tati
600 811 906 893 Ecclesiae,
948 813 1045 892 qui
1097 832 1162 876 se
1209 813 1282 875 ab
1333 832 1402 875 ea
1449 825 1821 895 separarunt,
1875 817 2094 878 redde-

450 907 682 962 rentur.
717 898 1114 973 Quamobrem
1140 911 1195 964 et
1227 904 1476 984 nos,qui
1509 905 1623 966 hoc
1655 913 1922 986 tempore
1951 925 2092 987 apo-

2178 817 2265 872 καὶ
2329 816 2390 871 τὸ
2449 815 2655 896 σχίσμα
2723 815 2854 894 ἀρθῇ
2921 813 2985 880 ἔκ
3071 813 3259 890 μέσου,
3334 815 3421 870 καὶ
3463 821 3532 891 τῇ
3617 812 3825 880 ἐνότητι

2178 906 2276 970 τῆς
2349 903 2669 972 Ἐκιλησίας
2727 907 2774 960 οἱ
2829 901 2922 959 ἀπ’
3009 906 3175 972 αὐτῆς
3234 903 3449 968 ἑαυτοὺς
3502 904 3825 983 χωρίσαντες

448 989 670 1051 stolicaa
718 989 878 1052 sedis
935 1009 1136 1053 curam
1196 993 1588 1074 suscepimus,
1624 1003 1688 1057 ut
1741 995 1862 1057 Deo
1907 996 2082 1077 placet

2178 990 2498 1055 ἀποδοθῶσι,
2537 995 2632 1049 Aio
2661 993 2747 1049 καὶ
2776 994 2940 1067 ἡμεῖς
2970 995 3016 1048 οἱ
3045 999 3138 1050 τοῦ
3169 997 3256 1051 νῦν
3315 998 3499 1071 καιροῦ
3569 1000 3660 1050 τοῦ
3684 991 3825 1048 ἀπο-

449 1078 728 1143 omnibus
757 1080 1200 1163 Ecclesiis,quae
1224 1083 1523 1145 suntintra
1549 1090 1841 1146 terrarum
1861 1084 2092 1162 orbem,

2178 1081 2423 1139 στολικοῦ
2447 1083 2629 1160 θρόνου
2659 1082 2757 1150 τὴν
2806 1079 3049 1163 φροντίδα
3099 1079 3398 1161 δεξάμενοι,
3451 1082 3524 1145 ὡς
3581 1087 3658 1156 τῷ
3713 1087 3828 1156 Θεῷ

447 1173 852 1242 constituere;
899 1171 1166 1252 quamvis
1218 1170 1374 1234 beati
1423 1171 1575 1235 Petri
1627 1175 1937 1236 virtutibus
1995 1195 2082 1256 pat

2179 1171 2388 1250 ἀρεσκει
2427 1169 2735 1228 διατίθεσθαι
2765 1171 2959 1236 πάσαις
3018 1184 3141 1236 ταῖς
3204 1168 3544 1238 Ἐκκλησίαις
3575 1182 3696 1233 ταῖς
3724 1170 3826 1226 ὑπὸ

447 1258 595 1319 nihil
631 1258 976 1341 habeamus,
1007 1259 1338 1322 ministerio
1373 1269 1571 1323 tamen
1606 1263 1766 1342 fungi
1798 1263 2087 1343 cogimur.

444 1347 534 1409 Ad
553 1348 606 1408 id
633 1347 996 1410 credidimus
1025 1349 1558 1423 attendendum,ne
1590 1369 2094 1413 connumeremur

440 1435 626 1517 (quod
656 1436 827 1515 absit)
862 1437 956 1517 iis,
983 1457 1130 1517 quos
1164 1457 1270 1518 per
1301 1441 1647 1520 prophetam
1677 1443 1960 1503 Dominus
1989 1462 2090 1503 re-

445 1525 784 1606 prehendit,
827 1525 1068 1588 dicens:
1114 1525 1280 1598 Quod
1314 1529 1566 1607 ejectum
1601 1539 1708 1602 est,
1749 1551 1861 1590 non
1896 1531 2088 1592 intro-

445 1615 694 1678 duxistis
724 1636 738 1690 ;
771 1616 929 1696 quod
958 1615 1282 1688 inﬁrmum,
1337 1637 1454 1679 non
1506 1619 1813 1681 sanavistis
1846 1629 1902 1680 et
1931 1621 2086 1702 quod

448 1705 646 1784 periit,
674 1725 791 1766 non
824 1707 1210 1786 quaesivistis;
1248 1717 1304 1769 et
1333 1709 1490 1790 quod
1538 1711 1934 1788 confractum,
1967 1731 2085 1773 non

445 1793 770 1874 obligastis.
798 1795 1056 1872 Ideoque
1105 1796 1174 1858 ad
1227 1798 1726 1862 introductionem
1763 1801 2082 1862 liberorum

2172 1794 2378 1859 ἀσθενὲς
2434 1797 2527 1852 οὒκ
2582 1793 2978 1872 ἐθεραπεύσατε,

2176 1261 2273 1329 τὴν
2305 1261 2628 1336 οἷκουμήνην
2659 1258 2860 1332 οὔσαις,
2895 1261 2938 1316 εί
2982 1260 3068 1317 καὶ
3112 1272 3235 1322 ταῖς
3293 1260 3477 1340 χάρισι
3508 1267 3600 1318 τοῦ
3643 1281 3824 1333 μακα-

2175 1351 2282 1429 ρίου
2329 1349 2522 1429 Πέτρου
2550 1347 2715 1426 μηδέν
2757 1371 2807 1405 τι
2859 1349 3036 1420 ἰσάζον
3080 1347 3306 1428 ἔχομεν,
3364 1347 3502 1411 τέως
3544 1347 3824 1422 ἑιαζόμεθα

2172 1448 2270 1506 τὴν
2297 1437 2558 1495 διακονίαν
2615 1437 2882 1497 ἐκτελεῖν.
2942 1439 3077 1515 Πρὸς
3123 1447 3274 1496 τοῦτο
3321 1437 3536 1502 ἑαυτοὺς
3609 1437 3814 1516 ἠγάγο-

2173 1549 2268 1603 μεν
2323 1527 2608 1608 προσέχειν
2698 1528 2892 1602 μήπως
2992 1529 3464 1606 συναριθμηθῶμεν
3536 1524 3687 1605 (ὅπερ
3744 1525 3824 1600 μὴ

2173 1617 2399 1697 γένοιτο)
2434 1618 2494 1672 ἀν
2562 1619 2640 1691 τῲ
2681 1616 2885 1695 ἀριθμῷ
2929 1617 3017 1679 οὓς
3061 1612 3291 1681 ὄνειδίξει
3319 1617 3346 1670 ὁ
3378 1615 3561 1693 Κύριος
3619 1612 3704 1670 διὰ
3731 1624 3822 1673 τοῦ

2171 1707 2462 1785 προφήτου,
2527 1703 2720 1783 λέγων,
2779 1706 2850 1762 Τὸ
2914 1702 3166 1771 ἐκϐληθέν
3229 1703 3321 1760 οὒκ
3370 1704 3703 1782 εἱσηγάγετε,
3755 1704 3818 1759 τὸ

3079 1794 3178 1871 καὶ,
3231 1794 3294 1848 τὸ
3393 1790 3672 1854 ἀπολωλὸς
3729 1793 3825 1848 οὐκ

447 1881 508 1943 in
539 1882 730 1944 locum
763 1883 1040 1946 Ecclesiae
1086 1895 1142 1947 et
1195 1888 1438 1949 unitatis
1478 1898 1515 1961 τ,
1569 1889 2082 1970 inventionemque

2172 1883 2486 1954 ἐζητήσατε,
2523 1885 2610 1940 καὶ
2639 1884 2700 1938 τὸ
2729 1881 3040 1939 συνθλασθὲν
3096 1884 3189 1939 οὐκ
3245 1879 3589 1956 ἐδεσμεύσατε
3618 1879 3704 1940 77.
3737 1887 3826 1954 Τῷ

445 1971 678 2034 amissa:
708 1972 1006 2036 drachma:
1039 1994 1458 2056 properemus:
1488 1986 1545 2038 et
1575 1979 1900 2052 apostolico
1935 1999 2088 2059 prae-

445 2069 616 2141 cepto
675 2061 899 2123 incitati
957 2071 996 2138 ’,
1051 2063 1108 2124 ἱη
1169 2083 1270 2125 eos
1322 2065 1423 2145 qui
1471 2065 1756 2128 doctrina)
1785 2086 2092 2130 sermones

439 2159 856 2230 aspernantur,
892 2160 955 2212 ut
1007 2171 1351 2232 persuasum
1403 2154 1726 2216 habeamus
1769 2156 2088 2231 moderari,

444 2247 498 2326 et
535 2237 796 2300 ﬁdelium
818 2241 1280 2304 admonitionem
1315 2244 1659 2323 tempestive
1682 2244 2093 2326 intempestive

441 2325 676 2390 factam.
707 2327 778 2389 Et
809 2329 966 2391 illius
997 2331 1266 2412 exemplo
1321 2333 1537 2406 edocti,
1573 2334 1672 2413 qui
1722 2345 1848 2394 erat
1876 2325 2091 2412 glorize

443 2417 753 2490 Dominus,
775 2427 831 2480 et
861 2419 1062 2480 omnia
1095 2421 1156 2481 in
1189 2439 1294 2481 sua
1325 2429 1612 2498 potestate
1645 2421 1887 2494 habens,
1908 2421 2085 2483 incli—

443 2522 584 2566 nare
615 2505 752 2568 fecit
794 2508 997 2582 caelos,
1033 2518 1089 2570 et
1122 2509 1432 2570 descendit
1466 2527 1479 2570 :
1516 2521 1881 2591 acceptaque
1933 2512 2084 2572 servi

442 2591 632 2655 forma
659 2595 922 2675 seipsum
953 2597 1292 2671 exinanivit,
1329 2605 1390 2659 ut
1422 2598 1547 2659 ovis
1579 2601 1793 2660 amissa
1819 2620 1922 2660 suo
1951 2619 2088 2678 gre-

443 2681 498 2760 gi
531 2682 962 2746 restitueretur.
990 2684 1182 2766 Unde,
1217 2687 1395 2748 frater
1424 2687 1483 2747 in
1513 2688 1772 2762 Christo,
1809 2689 2088 2750 dilectio-

444 2788 579 2830 nem
608 2778 764 2832 tuam
818 2771 910 2832 his
959 2773 1170 2836 litteris
1217 2775 1628 2844 admonemus.
1668 2785 1730 2837 ut
1762 2778 1915 2838 hauc
1961 2797 2087 2839 rem

442 2858 765 2939 diligenter
795 2879 988 2923 cures.
1028 2864 1174 2925 Nam
1209 2881 1322 2924 una
1345 2864 1467 2925 sola
1487 2874 1576 2926 est
1601 2865 1950 2934 Ecclesia.et
1975 2885 2089 2929 una

443 2947 569 3010 sola
597 2949 1075 3012 sanctiﬁcationis
1105 2970 1263 3025 arca,
1295 2951 1355 3013 in
1384 2971 1559 3033 quam
1610 2973 2089 3035 unumquemque

443 3038 707 3100 fidelium
743 3058 774 3101 e
805 3040 1023 3101 diluvio
1055 3041 1277 3102 servari
1324 3051 1556 3122 oportet
1590 3060 1602 3106 :
1635 3052 1691 3104 et
1722 3043 1882 3106 circa
1914 3045 2088 3106 unio-

2172 1995 2248 2029 τοι
2280 1975 2409 2052 πρὸς
2442 1973 2538 2039 τὴν
2582 1971 2782 2038 εἴσαξιν
2809 1978 2914 2028 τῶν
2972 1971 3170 2028 τέκνων
3227 1972 3358 2050 πρὸς
3419 1973 3508 2026 τὸν
3537 1972 3703 2028 τὸπον
3730 1970 3825 2037 τῆς

2173 2061 2454 2129 ἐκκλησίας
2485 2062 2570 2143 78,
2602 2063 2688 2127 καὶ
2730 2060 2830 2129 τὴν
2859 2059 3054 2141 εὕρεσιν
3099 2062 3197 2126 τῆς
3227 2057 3602 2135 ἀπολλυμένης
3646 2059 3821 2138 δραχ-

2173 2155 2281 2226 μῆς
2339 2153 2672 2232 σπεύσωμεν,
2761 2151 2848 2206 καὶ
2905 2157 2982 2225 τῷ
3051 2147 3390 2223 ἀποστολικῷ
3443 2150 3816 2228 προστάγματι

2175 2242 2576 2316 συνωθούμενοι,
2652 2241 2782 2317 πρὸς
2839 2238 2902 2288 79
2967 2240 3090 2302 τοὺς
3146 2245 3252 2294 τῶν
3321 2243 3419 2305 τῆς
3483 2235 3822 2302 διδασκαλίας

2173 2327 2344 2406 λόγων
2370 2329 2720 2404 ἀμελοῦντας,
2795 2329 3100 2385 ἐπιστατεῖν
3143 2329 3287 2402 ἡμᾶς
3354 2327 3548 2384 πείθειν
3605 2327 3688 2404 80,
3735 2329 3824 2383 καὶ

2170 2418 2267 2473 τὶιν
2311 2419 2571 2475 νουθεσίαν
2605 2419 2731 2495 [τῶν
2760 2418 2980 2494 πιστῶν]
3016 2417 3264 2495 εὐκαίρως
3306 2415 3388 2496 81,
3447 2415 3674 2496 ἀκαίρως
3735 2417 3823 2472 καὶ

2169 2513 2245 2581 τῷ
2275 2505 2656 2586 παραδείγματι
2731 2505 2929 2562 ἐκείνου
2984 2503 3340 2584 διδαχθέντες,
3401 2505 3458 2568 ὃς
3511 2504 3575 2571 ἧν
3635 2505 3820 2584 Κύριος

2174 2597 2267 2664 τῆς
2313 2595 2488 2675 δόξης,
2537 2597 2623 2651 καὶ
2654 2595 2826 2654 πάντα
2855 2595 2910 2650 ἐν
2939 2601 3007 2663 τῆ
3049 2591 3149 2666 ἰδίᾳ
3177 2592 3380 2666 ἐξουσία
3417 2591 3586 2673 ἔχων,
3620 2593 3820 2650 ἔκλινεν

2173 2684 2318 2760 ὅμως
2381 2685 2628 2765 οὐρανοὺς
2683 2685 2771 2740 καὶ
2841 2682 3095 2757 κατῆλθε,
3170 2684 3257 2740 καὶ
3325 2683 3510 2738 ἑαυτὸν
3567 2681 3818 2762 ἐκένωσε,

2173 2775 2383 2854 μορφὴν
2413 2773 2597 2830 δούλου
2640 2770 2838 2854 λαϐὼν,
2865 2771 2958 2854 ’ἱνα
2988 2779 3055 2848 τῇ
3087 2769 3187 2844 ἰδίᾳ
3228 2771 3428 2847 ποίμνῃ
3485 2773 3546 2827 τὸ
3594 2770 3819 2828 ἀπολω-

2172 2837 2263 2927 λος
2291 2837 2557 2943 πρόϐατον
2587 2837 2841 2938 ἀποδοθῇί
2875 2837 3054 2920 "svos;
3092 2837 3199 2941 τοί,
3221 2837 3425 2939 ἀδελφέ
3467 2859 3522 2916 ἐν
3577 2867 3812 2939 Χριστῷ,

2171 2952 2268 3018 τὴν
2300 2952 2514 3030 ἀγάπην
2571 2972 2665 3007 σου
2713 2949 2776 2999 33
2831 2949 2915 3006 διὰ
2970 2955 3075 3007 τῶν
3144 2947 3417 3026 παρόντων
3489 2948 3819 3026 γραμμάτων

2172 3047 2548 3120 παραινοῦμεν,
2583 3040 2675 3096 ’ίνα
2728 3036 2957 3119 ἀκριϐῶς
3027 3038 3332 3118 φροντίσῃς,
3387 3037 3500 3094 ἐπεὶ
3543 3038 3636 3112 μία
3708 3035 3821 3092 ἐστὶ

442 3145 577 3188 nem
612 3128 740 3208 ejus
771 3129 965 3190 modis
993 3129 1269 3192 omnibus
1305 3130 1570 3192 labores:
1599 3141 1813 3212 tuaque
1871 3133 2082 3212 cogitet

2171 3130 2308 3204 μόνη
2339 3126 2652 3205 Ἐκκλησία,
2685 3129 2772 3184 καὶ
2843 3128 2935 3204 μία
2985 3126 3122 3202 μόνη
3179 3127 3214 3193 ἡ
3287 3135 3379 3184 τοῦ
3421 3123 3683 3212 ἀγιασμοῦ
3725 3146 3818 3180 κι-

441 3216 751 3297 prudentia
781 3225 842 3279 ut
873 3217 1135 3280 Ecclesia
1167 3219 1269 3282 Dei
1306 3239 1422 3281 non
1457 3220 1641 3299 possit
1695 3211 1882 3282 divisa
1935 3211 2082 3284 con-

2169 3215 2360 3298 ϐωτὸς,
2392 3221 2462 3285 εἰς
2491 3219 2556 3286 ἣν
2587 3218 2677 3274 ἕνα
2733 3215 2954 3273 ἕκαστον
3013 3222 3117 3271 τῶν
3173 3215 3375 3271 πιστῶν
3441 3211 3526 3270 δεῖ
3592 3213 3697 3269 ἀπὸ
3727 3223 3820 3273 τοῦ

441 3305 681 3381 sistere,
733 3316 795 3367 ut
824 3326 1060 3369 omnem
1093 3309 1350 3370 animam
1381 3309 1674 3372 viventem
1709 3330 1741 3371 e
1775 3311 2084 3389 praesentis

439 3393 652 3456 diluvii
711 3396 987 3476 procellis
1016 3445 1031 3472 ,
1092 3396 1245 3458 intra
1290 3416 1468 3459 unam
1521 3417 1718 3460 arcam
1753 3409 1770 3443 ι
1799 3399 2083 3462 Ecclesia:

434 3477 780 3564 congregari
823 3494 1090 3565 oporteat
1137 3486 1210 3548 ad
1262 3486 1495 3549 beatum
1543 3491 1782 3550 Petrum
1815 3489 2078 3550 omnium

429 3572 694 3636 fidelium
753 3574 1235 3653 gubernatorem.
1297 3574 1604 3637 Traditum
1675 3588 1767 3638 est
1819 3597 2074 3658 quonam

431 3663 605 3724 modo
665 3663 849 3724 sancti
900 3666 1156 3739 Patresn
1206 3665 1405 3726 divino
1463 3665 1672 3744 spiritu
1731 3665 2073 3747 illuminati,

433 3752 697 3812 omnium
766 3752 1162 3814 Ecclesiarum
1236 3754 1552 3833 primatum
1633 3766 2071 3817 sacrosanctam

341 3864 343 3866 ·
429 3838 752 3901 Romanam
785 3840 1112 3902 Ecclesium
1146 3841 1416 3903 absolute
1462 3842 1733 3905 obtinere
1757 3844 2070 3923 jus<erint.

431 3938 489 3989 et
520 3930 589 3990 ad
624 3929 754 4008 ejus
784 3930 1139 3990 sententiam
1195 3929 1460 3990 onmium
1517 3932 1809 4007 judicium
1865 3934 2074 3995 referri

431 4017 920 4097 prazseripserint.
953 4019 1027 4081 Et
1057 4019 1127 4080 ad
1165 4019 1484 4080 tollendam
1513 4022 1583 4079 de
1619 4021 1812 4082 medio
1843 4021 2081 4082 divisio-

433 4125 593 4177 nem,
627 4107 698 4167 ad
759 4107 1038 4168 unionem
1097 4106 1401 4179 Ecclesiae,
1458 4108 1530 4167 ad
1593 4109 2071 4188 eonjunctionem

432 4193 604 4256 divisi
639 4194 899 4274 parietis,
954 4205 1195 4277 prepter
1237 4195 1340 4258 Dei
1389 4197 1798 4271 dilectionem,
1835 4209 2074 4280 propter

2165 3307 2536 3384 κατακλυσμοῦ
2581 3309 2813 3372 σωθῆναι
2850 3320 2864 3334 ’
2927 3306 3012 3361 καὶ
3064 3305 3193 3383 πρὸς
3237 3304 3337 3372 τὴν
3394 3303 3618 3370 ἐνότητα
3648 3303 3814 3369 αὸτῆς

2163 3402 2291 3452 πᾶσι
2323 3396 2534 3474 τρόποις
2572 3394 2843 3470 κοπιάσῃς
2877 3408 2891 3424 ⁶
2938 3395 3025 3450 καὶ
3080 3390 3435 3470 διαλογισάτω
3489 3393 3524 3459 ἡ
3581 3392 3649 3460 σή
3680 3392 3816 3472 φρό-

2164 3507 2314 3551 νησις
2357 3491 2472 3551 πῶς
2502 3487 2535 3552 ἡ
2588 3482 2880 3550 Ἐκκλησία
2943 3488 3036 3538 τοῦ
3107 3479 3238 3537 Θεοῦ
3293 3481 3353 3537 οὒ
3420 3477 3629 3537 δύναται
3684 3501 3812 3537 συν-

2163 3573 2393 3630 ίστασθαι
2423 3571 2722 3652 διῃρημένη
2754 3589 2770 3606 ⁰
2822 3578 2998 3628 πᾶσαν
3055 3571 3239 3650 ψυχὴν
3307 3576 3480 3640 ζῶσαν
3538 3569 3643 3627 ἀπὸ
3714 3575 3814 3637 τῆς

2159 3665 2430 3740 τρικυμίας
2503 3671 2596 3720 τοῦ
2674 3661 2930 3741 παρόντος
3013 3657 3386 3735 κατακλυσμοῦ
3457 3657 3647 3715 ἔσωθεν
3716 3663 3816 3729 τῆς

2159 3757 2284 3825 μιᾶς
2327 3749 2555 3808 κιϐωτοῦ
2596 3749 2661 3799 84
2689 3751 2778 3817 τὴς
2812 3747 3132 3816 Ἐκκλησίας
3179 3745 3262 3802 δεῖ
3331 3749 3754 3826 συναθροισθηναι
3790 3764 3805 3777 ⁸

2159 3842 2242 3899 ἐπὶ
2277 3850 2345 3918 τῷ
2375 3844 2613 3922 μακαρίῳ
2652 3842 2719 3892 85
2746 3841 2948 3921 Πέτρῳ,
2981 3845 3059 3913 τῷ
3111 3836 3404 3917 κυϐερνήτῃ
3461 3838 3674 3896 πάντων
3701 3845 3809 3896 τῶν

2159 3933 2380 4004 πιστῶν,
2454 3929 2716 4005 παρεδόθη
2749 3947 2764 3963 ⁸
2840 3937 2952 3995 πῶς
3011 3931 3059 3985 οἱ
3109 3929 3252 4006 ἅγιοι
3326 3925 3585 4008 Πατέρες,
3646 3931 3691 3984 οἱ
3737 3936 3812 4003 τῷ

2159 4024 2280 4098 θείῳ
2385 4022 2651 4098 Πνεύματι
2710 4018 3124 4099 πεφωτισμένοι,
3205 4023 3388 4074 πασῶν
3461 4023 3568 4072 τῶν
3679 4015 3809 4075 Ἐκ-

2161 4110 2396 4178 κλησιῶν
2450 4111 2516 4167 τὰ
2572 4123 2811 4189 πρωτεῖα
2867 4107 3051 4172 ἀπλῶς
3135 4107 3234 4173 τὴν
3305 4107 3446 4184 ἱερὰν
3504 4107 3591 4163 καὶ
3657 4107 3810 4186 ἁγίαν

2159 4191 2420 4276 Ῥωμαίαν
2480 4198 2798 4266 Ἐκκλησίαν
2898 4195 3045 4277 ἔχειν
3132 4194 3412 4254 ἐκέλευσαν
3522 4196 3610 4252 καὶ
3677 4198 3808 4274 πρὸς

426 4282 643 4346 animae
672 4284 945 4360 salutem,
976 4292 1033 4347 et
1066 4294 1306 4366 propter
1337 4286 1675 4347 fruitionem
1711 4288 2073 4368 gloriamque)

2167 4291 2249 4357 τὴν
2281 4289 2440 4358 αὐτῆς
2508 4289 2730 4367 γνώμην
2787 4282 3002 4344 πάντων
3057 4285 3152 4351 τὴν
3211 4285 3378 4363 κρίσιν
3440 4285 3808 4340 τετυπώκασιν

431 4391 550 4433 non
609 4373 940 4446 marcest-it,
978 4373 1298 4451 vigilanter
1327 4377 1588 4437 adverte.
1627 4376 1882 4436 l'rimum
1914 4378 2065 4457 apud
2100 4447 2134 4459 ﬁ
2156 4377 2429 4459 ἀναφέρειν
2464 4396 2478 4410 ·

431 4460 709 4541 teipsum,
745 4461 962 4523 deinde
1013 4462 1072 4524 in
1115 4463 1266 4537 aliis,
1303 4474 1592 4544 quatenus
1649 4465 1680 4524 d
1712 4465 1844 4526 vina
1891 4467 2073 4544 gratia

425 4549 782 4629 largitur,da
813 4570 1051 4630 operam
1088 4562 1147 4614 ut
1177 4571 1314 4632 grex
1344 4573 1473 4613 cum
1500 4553 1760 4614 Ecclesia
1813 4555 2067 4616 uniatur'

429 4647 488 4700 et
517 4639 617 4719 qui
648 4639 858 4718 seipsaa
888 4639 1232 4702 Dominicas
1261 4661 1399 4704 oves
1429 4645 1807 4717 conﬁtentur,
1841 4645 1909 4705 ad
1934 4663 2072 4723 gre-

426 4746 558 4806 gem
613 4727 765 4789 beati
824 4728 982 4792 Petri
1035 4739 1432 4804 revertantur,
1481 4733 1578 4812 qui
1626 4734 1860 4794 Domini
1903 4735 2074 4813 jussu

426 4834 630 4878 eorum
665 4837 866 4879 curam
900 4819 1183 4901 suscepit.
1216 4823 1337 4881 Nos
1368 4821 1606 4900 quidem
1667 4822 1726 4884 in
1783 4823 1892 4884 hoc
1955 4842 2071 4884 non

428 4907 1592 4990 temporariamlnudemspectamus,non
1615 4925 2071 4991 praetereuntem

2534 4378 2620 4433 καὶ
2678 4379 2809 4455 πρὸς
2879 4377 2940 4431 τὸ
3004 4373 3212 4430 ἀνελεῖν
3270 4373 3367 4439 την
3425 4369 3671 4451 διαίρεσιν
3749 4372 3806 4430 ἐκ

2157 4478 2249 4528 τοῦ
2275 4469 2461 4542 μέσου,
2492 4467 2622 4546 πρὸς
2651 4465 2750 4532 τὴν
2805 4465 3030 4530 ἑνότητα
3104 4468 3203 4530 τῆς
3293 4459 3640 4542 Ἐκκλησίας,
3675 4464 3805 4541 πρὸς

2157 4558 2252 4624 την
2323 4554 2554 4622 σόλευξιν
2625 4564 2716 4613 τοῦ
2813 4551 3132 4632 διῃρημένου
3213 4551 3450 4630 τείχους,
3564 4548 3647 4606 διὰ
3705 4552 3804 4618 την

2156 4653 2248 4702 τοῦ
2279 4651 2410 4702 Θεοῦ
2451 4643 2688 4723 ἀγάπην,
2722 4641 2806 4698 διὰ
2833 4644 2932 4710 τὴν
2984 4646 3082 4708 τῆς
3113 4645 3212 4708 σῆς
3285 4643 3467 4718 ψνχῆς
3512 4641 3803 4720 σωτηρίαν,

2155 4735 2242 4790 καὶ
2325 4732 2406 4791 διὰ
2487 4733 2584 4799 τὴν
2681 4729 2972 4787 ἀπό)αυσιν
3061 4735 3158 4796 τῆς
3246 4727 3548 4807 ἀμαράντου
3629 4726 3807 4800 δόξης,

2156 4823 2457 4903 ἐγρηγόρως
2513 4821 2748 4900 πρόσχες
2788 4840 2800 4854 ο
2867 4820 2953 4876 καὶ
3035 4824 3248 4896 πρῶτον
3349 4817 3516 4903 παρὰ,
3573 4825 3802 4893 σεαυτῷ,

2157 4912 2439 4988 μετέπειτα
2507 4908 2561 4966 δὲ
2616 4909 2701 4966 ἐπὶ
2753 4921 2870 4973 τοῖς
2940 4906 3153 4982 ἄλλοις,
3267 4905 3401 4972 ὅσην
3463 4902 3528 4955 86
3597 4907 3632 4976 ἡ
3699 4908 3811 4964 θεία

1743 5070 2006 5136 VARUE
2050 5068 2480 5138 LECTIONES.

503 5197 567 5248 73
595 5198 882 5270 ἀπέστησε,
915 5201 978 5252 77
1007 5199 1360 5284 ἐδεσμήσατε.
1397 5203 1460 5253 78
1511 5205 1640 5284 πρὸς
1658 5205 1755 5272 τὴν
1811 5207 2033 5275 ἑνότητα
2063 5206 2162 5273 τὴς
2221 5205 2564 5276 Ἐκκλησίας.
2609 5204 2673 5254 79
2838 5205 2991 5284 πρὸς.
3027 5202 3091 5254 80
3147 5203 3332 5261 πείθει.
3389 5202 3446 5253 81
3519 5204 3808 5284 νουθεσίαν,

424 5277 661 5366 ἐμπειγειν
692 5284 971 5366 εὐκαίρως.
1000 5281 1158 5366 82-τῇ
1187 5284 1371 5362 ἀγάπῃ
1435 5277 1563 5344 σουξ
1593 5285 1658 5335 85
1711 5284 2096 5366 διαλογίσηται,
2127 5287 2192 5336 84
2249 5293 2347 5356 τῆς
2417 5288 2595 5363 τιμίας
2647 5277 2992 5349 Xt6t0105;85
3044 5291 3160 5348 πῶς
3217 5289 3295 5358 τῷ
3349 5305 3482 5360 μακ.
3538 5282 3605 5334 86
3664 5277 3808 5349 ἴσονξ

425 5358 492 5408 87
521 5362 723 5439 μακρὰν
753 5358 1003 5420 ἀπελθεῖν
1036 5358 1176 5424 ὁδόν.

509 5506 530 5535 τ
553 5494 882 5593 licet-omn}
911 5497 992 5560 ad
1021 5505 1323 5593 unitatem
1343 5501 1646 5593 Ecclesia,
1681 5502 2240 5593 inventionemque,
2267 5509 2288 5538 ⁸
2316 5507 2441 5593 tum
2467 5501 2794 5593 apostolico
2812 5504 3101 5593 pracepto
3123 5493 3529 5593 impulsaque
3552 5495 3663 5575 iis,
3691 5503 3805 5593 qui

424 5573 723 5660 doctrina:
743 5576 922 5639 verba
940 5579 1313 5660 negligenter
1340 5590 1582 5656 curant,
1617 5573 1850 5645 instare
1869 5573 2162 5656 hortatur,
2189 5585 2243 5642 et
2267 5573 2736 5644 admonitionem
2761 5573 2974 5658 urgere
2996 5573 3807 5660 tempestivé,iﬁtempestive

424 5661 556 5716 tum
587 5655 1162 5742 flliusexempl'of;
1191 5655 1618 5742 uenerabilem.
1678 5690 1704 5721 ιι
1734 5661 2096 5741 congregari
2152 5667 2472 5742 oporteat:
2534 5680 2646 5742 quo
2703 5655 2877 5726 modo
2935 5655 3350 5738 beato'l’elro,
3410 5655 3808 5736 gubernatori

430 5737 704 5799 omnium
731 5735 1032 5816 ﬁdelium,
1065 5739 1299 5804 tradita
1327 5741 1430 5803 sit'
1465 5759 1728 5821 quonam
1760 5735 1932 5804 modo
1961 5735 2184 5803 sancti.
