4192 6220
341 381 468 447 929

344 509 504 590 χάρις
560 506 787 584 δίδωσιν,
863 509 1104 590 ἐργάζου,
1181 508 1277 565 ἵνα
1356 510 1418 566 τὸ

346 604 416 674 τῇ
463 597 754 672 Ἐκκλησίᾷ
788 614 803 630 ⁶
838 601 926 656 καὶ
1009 602 1056 656 οἱ
1130 597 1513 678 ὁμολογοῦντες
1575 600 1790 664 ἑαυτοὺς
1820 597 2006 657 δεσπο-

349 687 469 744 τικά
506 685 768 767 πρόϐατα,
828 691 958 768 πρὸς
1029 690 1092 745 τὸ
1147 697 1238 748 τοῦ
1321 690 1579 768 μακαρίου
1633 687 1831 769 Πέτρου
1881 687 2003 745 ἐπι-

351 775 618 856 στρέψωσι
667 777 940 858 βόσκημα,
1018 779 1073 843 ὃς
1130 778 1229 845 τὴν
1286 777 1459 834 αὐτῶν
1512 775 1755 858 φροντίδα
1800 775 2005 844 ἐδέξατο

352 863 412 921 ἐκ
473 873 568 923 τοῦ
611 870 941 926 Λεσποτικοῦ
1009 889 1442 945 προστάγματος.
1507 858 1700 942 Ἠμεϊς
1758 866 1854 942 μὲν
1914 865 2002 923 οὖν

355 952 408 1010 ἐν
466 956 634 1028 τούτῳ
675 956 735 1012 οὗ
789 955 889 1022 τὴν
944 956 1260 1034 πρόσκαιρον
1317 953 1542 1021 εῦδοξίαν
1595 959 1913 1035 θεωροῦμεν,
1947 957 2007 1012 οῦ

353 1041 452 1107 τὴν
482 1043 892 1123 παρερχομένην
935 1041 1086 1110 δόξαν
1121 1043 1470 1123 ἐκζητοῦμεν,
1502 1047 1554 1100 οἳ
1587 1046 1648 1100 τὸ
1707 1045 2002 1110 ποιμαίνειν

355 1128 632 1206 ἐδεξάμεθα
692 1131 750 1188 ἐκ
805 1139 898 1189 τοῦ
972 1133 1233 1214 ὀυφικίου.
1323 1132 1548 1198 Δούλους
1593 1134 1736 1208 ἡμᾶς
1791 1133 2004 1190 πάντων

356 1226 462 1276 τῶν
505 1228 596 1277 τοῦ
639 1228 769 1278 Θεοῦ
824 1220 1023 1278 δούλων
1093 1221 1477 1301 ὁμολογοῦμεν.
1541 1219 1688 1279 Ἀλλ’
1746 1221 1858 1278 ἐπεὶ
1913 1223 2004 1278 τὸν

359 1309 536 1383 κύριον
592 1311 679 1366 καὶ
746 1309 1054 1368 διδάσκαλον
1121 1314 1301 1393 ἡμῶν,
1358 1312 1449 1368 ’ίνα
1501 1311 1592 1368 ἕνα
1649 1313 1827 1391 νεκρὸν
1871 1310 2004 1366 ἀνα-

357 1399 558 1474 στήσῃ,
612 1398 664 1454 ἐν
726 1401 930 1476 σώματι
1001 1399 1251 1458 ἀπελθεῖν
1306 1399 1422 1457 ὁδὸν
1480 1399 1542 1449 87
1599 1402 1685 1457 καὶ
1754 1397 2001 1479 δακρῦσαι

285 1489 288 1493 ’
357 1485 786 1564 ἀναγινώσκομεν
821 1491 876 1545 ἐν
913 1496 990 1565 τῷ
1034 1490 1294 1565 μνήματι,
1369 1491 1456 1545 καὶ
1511 1487 1763 1560 λαλῆσαι,
1801 1489 2000 1566 Λάζαρε

357 1571 502 1650 δεῦρο
533 1574 631 1640 ἔξω
664 1592 680 1608 ⁸
735 1575 948 1642 ἀνάξιον
1003 1578 1266 1655 κρίνομεν,
1347 1577 1436 1634 ἐὰν
1506 1579 1566 1633 τὸ
1630 1576 1884 1634 τάλαντον
1941 1578 2002 1633 τὸ

358 1665 680 1720 Δεσποτικὸν
753 1665 1089 1747 ἐπισχῶμεν,
1149 1669 1236 1724 καὶ
1303 1665 1660 1743 ἀμελήσωμεν
1725 1669 1810 1728 οῦς
1843 1664 2001 1721 δυνά-

1723 374 2406 448 ϐΗιΕΟΟ-ΒΟΜΑΝΟΜ

1533 511 1778 584 ποίμνιον
1837 509 2004 586 ἐνωθῇ

2093 506 2332 585 gloriam
2365 506 2715 588 quaarimus,
2749 506 2850 588 qui
2882 507 3164 588 pascendi
3190 507 3568 590 suscepimus
3603 509 3736 570 offi-

3618 375 3742 444 930

2088 595 2244 658 cium
2269 609 2313 660 '.
2339 597 2552 659 Servos
2574 615 2683 658 nos
2711 596 2978 658 omnium
3009 596 3116 658 Dei
3138 615 3449 660 servorum
3483 599 3733 661 conﬁte-

2090 685 2366 747 mur.Scd
2400 704 2534 746 cum
2569 685 2886 749 Dominum
2935 694 2993 747 et
3039 686 3376 765 Magistrum
3436 694 3731 762 nostrum,

2086 781 2148 833 ut
2181 792 2360 834 unum
2397 783 2692 835 mortuum
2734 775 3122 837 resuscitaret
3178 775 3236 838 in
3291 793 3562 857 corpore,
3595 794 3736 856 pro-

2087 861 2306 924 fectum
2337 862 2517 925 fuisse
2543 872 2657 937 ﬂet
2715 863 3092 943 lacrymatum
3142 863 3392 943 legimus
3423 865 3495 928 ad
3527 865 3728 946 sepul-

2087 969 2278 1024 crum,
2337 961 2395 1012 et
2425 951 2692 1013 dixisse:
2748 955 2979 1026 Lazare,
3015 953 3107 1013 exi
3163 953 3738 1032 foraszjudicamus

2087 1038 2422 1120 indignum,
2454 1041 2503 1100 si
2533 1039 2771 1102 Domini
2804 1041 3167 1103 retineamus
3190 1043 3566 1124 talentum,et
3587 1060 3736 1122 quos

2089 1145 2424 1208 possumus,
2448 1131 2506 1188 in
2539 1129 2734 1190 anima
2764 1131 3120 1192 resuscitare
3153 1130 3541 1210 negligamus.
3565 1130 3733 1203 Quod

2089 1225 2397 1295 superest,
2444 1217 2694 1280 dilectos
2763 1218 2917 1279 filios
2966 1227 3201 1280 nostros
3259 1217 3615 1280 Balduinum
3677 1225 3737 1279 et

2088 1303 2582 1367 Balditzioninum
2635 1315 2956 1387 praesentes
3005 1306 3387 1369 tabellarios!
3415 1307 3488 1368 ad
3540 1307 3730 1368 dilec-

2088 1393 2381 1456 tissimum
2416 1395 2603 1458 lilium
2631 1403 2900 1458 nostrum
2925 1395 3372 1458 Emmanuelem
3403 1395 3731 1477 imperato-

2084 1501 2210 1546 rem
2245 1484 2956 1565 Constantinopolitanum
2987 1503 3020 1546 a
3052 1485 3332 1563 religioso
3385 1493 3540 1547 caatu
3585 1484 3729 1544 mis-

2086 1591 2206 1646 sos,
2237 1573 2540 1635 dilectioni
2591 1579 2708 1636 tum
2756 1573 3019 1634 studiose
3050 1574 3544 1635 commendamus
3579 1595 3591 1634 :
3630 1592 3732 1634 ro-

2087 1670 2312 1740 gantes,
2343 1674 2401 1722 ut
2435 1681 2539 1742 per
2567 1689 2588 1718 ι
2617 1662 2998 1724 dilectionem
3033 1662 3140 1724 Dei
3165 1662 3437 1743 beatique
3469 1662 3650 1736 Petri,
3677 1670 3736 1724 et

355 1755 487 1826 μεθα
518 1751 573 1807 ἐν
623 1758 774 1832 ψυχῇ
818 1756 1132 1824 ἀναστῆσαι.
1182 1758 1304 1834 Περὶ
1328 1763 1420 1813 τοῦ
1448 1755 1655 1824 λοιποῦ,
1704 1757 1822 1818 τοὺς
1861 1755 2001 1832 ἀγα-

2093 1750 2248 1810 sedis
2279 1752 2616 1831 apostolicae
2647 1759 2704 1812 et
2737 1752 2968 1831 pietatis
2994 1752 3213 1813 cultum
3239 1763 3284 1824 ³,
3321 1760 3560 1833 aSpectu
3594 1771 3733 1832 gra-

355 1862 554 1906 πητους
620 1843 908 1921 ἡμετέρους
966 1846 1104 1910 υἱοὺς
1177 1844 1432 1901 Βαλδούῖν
1521 1846 1606 1900 καὶ
1663 1842 2002 1916 Βαλδίζίονιν,

2093 1839 2239 1927 tioso
2263 1839 2322 1900 in
2353 1859 2558 1900 eorum
2593 1839 3053 1902 necessitatibus
3075 1840 3542 1902 consolationem
3569 1841 3733 1903 adhi-

354 1929 478 1993 τοὺς
546 1935 652 1985 τῶν
715 1932 990 2011 παρόντων
1058 1935 1385 2013 γραμμάτων
1455 1933 1842 2012 ἀποκομιστάς,
1875 1933 2004 2010 πρὸς

2093 1926 2257 1990 beas.
2291 1927 2374 1989 De
2404 1937 2500 1990 tua
2524 1929 2860 1991 valetudine
2897 1932 3171 2008 cupimus
3205 1949 3311 2010 per
3336 1929 3562 1991 litteras
3610 1930 3739 1992 ﬁeri

355 2019 447 2072 τὸν
492 2018 970 2097 ἀγαπητικώτατον
1027 2025 1136 2080 υίὸν
1193 2026 1348 2100 ἡμῶν
1406 2021 1750 2099 Ἐμμανουῆλ
1800 2023 1890 2077 τὸν
1921 2021 2010 2076 αὖ·
2090 2017 2402 2081 certiores.

363 2107 656 2187 τοκράτορα
728 2111 1333 2177 Κωνσταντινουπόλεως
1390 2112 1494 2168 ἀπὸ
1543 2119 1634 2168 τοῦ
1706 2107 1952 2172 εὖλαϐους
2011 2107 2354 2184 ἀθροίσματος
2417 2107 2774 2187 πεμφθέντκς,
2843 2115 2910 2185 τῇ
2977 2107 3160 2186 ἀγάπῃ
3192 2130 3284 2165 σου
3370 2115 3732 2187 προσεκτικ’ῖ›ς

359 2194 703 2273 παραδίδομεν
737 2215 754 2234 ⁶
787 2198 1104 2279 ἐρωτῶντες,
1137 2202 1230 2258 ’ίνα
1258 2202 1438 2264 αὺτοῖς
1469 2199 1552 2257 διὰ
1582 2201 1678 2268 τὴν
1710 2201 1922 2278 ἀγάπην
1952 2207 2044 2256 τοῦ
2074 2202 2222 2267 Θεοῦ,
2257 2197 2342 2251 καὶ
2371 2205 2464 2255 τοῦ
2493 2199 2747 2275 μακαρίου
2805 2197 3022 2277 Πέτρου,
3083 2199 3170 2254 καὶ
3236 2203 3327 2253 τοῦ
3386 2196 3736 2254 ἀποστολικοῦ

365 2286 573 2360 θρόνου,
607 2288 697 2343 καὶ
724 2289 824 2356 τὴν
854 2291 950 2357 τῆς
980 2289 1242 2354 εῦλαϐείος
1274 2289 1545 2350 εὐλάϐειαν
1574 2290 1657 2370 88,
1673 2289 1938 2367 βλέμματι
1952 2286 2186 2367 χαρίεντι
2206 2283 2258 2339 ἐν
2273 2299 2393 2346 τατς
2425 2285 2570 2351 ἰδίαις
2602 2287 2853 2366 ἀνάγκαις
2882 2288 2976 2350 τὰς
3007 2284 3366 2366 παρακλήσεις
3397 2285 3686 2350 ἀποδώσεις
3724 2307 3737 2320 ’

361 2374 416 2428 δὲ
447 2374 541 2439 σὰς
566 2376 762 2454 ὑγιείας
791 2375 874 2434 διὰ
903 2385 1009 2436 τῶν
1041 2386 1147 2436 σῶν
1176 2387 1389 2461 γραφῶν
1433 2379 1652 2456 θέλομεν
1683 2381 1818 2454 ἡμῖν
1843 2375 2200 2444 δηλώσαοθαι.

794 2492 1149 2544 ΒΑΣΙΛΕΙοΥ
1180 2493 1585 2548 ΑΧΡΙΔΗΝὑι’.

365 2565 452 2639 Α..
509 2578 841 2663 Ἀντιφραῶὴ
909 2582 972 2633 89
1047 2591 1140 2642 τοῦ
1213 2582 1510 2662 ἅγιωτάτου
1579 2581 2009 2663 ἀρχιεπισμόπου

446 2658 860 2743 Θεσσαλονικῆς,
977 2667 1151 2743 κυρίου
1251 2658 1521 2743 Βασιλείου
1615 2658 1714 2722 τοῦ
1796 2663 2008 2743 μ’ᾼχρι-

443 2736 625 2835 δηνοῦ,
686 2736 851 2821 πρὸς
899 2745 990 2800 τὸν
1033 2736 1214 2801 πάπαν
1287 2736 1498 2819 Ῥώμης
1565 2745 1737 2823 κύριον
1795 2736 2008 2823 Ἀδρια-

445 2841 557 2881 νον,
599 2843 620 2875 ι

446 2916 780 2996 Ἀνέγνωμέν
839 2944 933 2982 σου
1001 2923 1099 2990 τὴν
1155 2920 1460 2996 ἐπιστολὴν,
1515 2921 1778 3000 ἀγιώτατε
1834 2920 2006 2995 πάπα,

2531 2478 2800 2543 BASILII
2842 2478 3274 2543 ACHRlDENl.

2090 2582 2134 2642 Ι.
2171 2582 2548 2664 Rescriptum
2575 2586 2950 2646 sanctissimi
2968 2584 3426 2664 archiepiscopi
3476 2583 3522 2644 Τ
3521 2584 3734 2646 hessa-

2171 2663 2508 2745 lonicensis,
2544 2666 2781 2726 (lumini
2807 2663 3029 2726 Basilii
3053 2663 3497 2740 Achﬁdenﬁad
3515 2682 3740 2745 papam

2172 2743 2532 2811 Romanum.
2570 2745 2878 2807 dominum
2907 2745 3288 2807 Adrianum.

2174 2921 2453 3002 Legimus
2486 2930 2642 2983 tuam
2674 2921 3008 3002 epistolam,
3045 2921 3422 2984 sanctissime
3463 2941 3630 3004 papa,
3666 2940 3737 2984 ex

371 3007 469 3062 καὶ
537 3012 936 3086 κατενοήσαμεν
1005 3010 1055 3077 ἐξ
1102 3015 1264 3079 αὐτῆς
1325 3013 1387 3068 τὸ
1441 3010 1572 3086 ὕψος
1631 3012 1727 3077 τῆς
1783 3007 2009 3074 διανοίας

2094 3029 2208 3091 qua
2241 3010 2650 3091 perspeximus
2681 3011 2901 3087 ingenii
2936 3011 3016 3072 tui
3049 3011 3741 3086 sublimitatem,bumili-

368 3115 482 3169 σου,
515 3097 576 3152 τὸ
605 3097 760 3173 βάθος
791 3105 888 3167 τῆς
917 3101 1310 3174 ταπεινώσεως,
1364 3101 1424 3156 τὸ
1495 3097 1693 3162 πλάτος
1749 3101 1845 3166 τῆς
1876 3099 2012 3154 κατὰ

369 3188 499 3244 Θεὸν
543 3188 756 3268 ἀγάπης
785 3195 871 3249 καὶ
901 3192 1176 3260 διαθέσεως
1211 3211 1226 3226 ⁶
1257 3192 1343 3273 ὑφ’
1387 3197 1452 3262 ἧς
1513 3195 1570 3249 οῦ
1598 3178 2012 3272 στενοχωρεῖταί

369 3299 459 3352 ρου
486 3281 521 3346 ὴ
586 3279 916 3350 ἀποστολικὴ
986 3283 1188 3363 καρδία,
1248 3281 1384 3339 ἄλλά
1441 3280 1754 3338 πλατύνεται
1813 3279 2012 3355 μᾶλλον

365 3367 430 3422 τὰ
473 3367 760 3450 σπλάγχνα
818 3373 890 3437 εἷς
946 3371 1219 3453 ὑποδοχὴν
1276 3374 1364 3428 καὶ
1410 3371 1746 3450 περιποίησιν
1800 3369 1906 3426 τῶν
1959 3369 2012 3424 ἐν

367 3455 597 3522 ἀπάσαις
666 3473 789 3523 ταῖς
871 3459 1209 3530 Ἐκκλησίαις
1269 3467 1614 3539 Χριστιανῶν,
1673 3458 2008 3536 Ἐπέγνωμέν

369 3566 462 3601 σου
490 3547 589 3615 την
618 3549 800 3627 φωνὴν
857 3548 940 3610 διὰ
994 3573 1099 3608 των
1161 3551 1488 3630 γραμμάτων
1535 3547 1843 3618 λαλήσασαν
1871 3547 2009 3622 ἡμῖν

370 3635 443 3698 εἷς
469 3636 534 3691 τὰ
561 3637 673 3692 ὦτα
733 3639 821 3693 καὶ
877 3640 976 3706 τὴν
1033 3637 1284 3702 διάνοιαν,
1341 3639 1670 3713 Ἦκούσαμεν
1726 3634 2011 3698 λαλοῦντος

371 3725 446 3809 ᾡς
479 3725 701 3805 πατρὸς,
759 3727 832 3792 ὡς
883 3727 1158 3809 ποιμένος,
1232 3725 1434 3804 μᾶλλον
1491 3724 1545 3782 δὲ
1603 3725 2007 3805 ἀρχιποίμενος,

374 3801 466 3877 Ὠς
528 3801 624 3890 μέν
701 3816 800 3895 γὰρ
880 3801 1077 3892 πατὴρ,
1137 3801 1243 3875 καὶ-
1275 3801 1878 3894 τοὺς-ἀπηλλοτριωοθαί
1927 3834 2018 3868 σου

373 3897 653 3968 δόκοῦντας
699 3906 862 3985 υἱοὺς,
921 3907 1020 3962 ὕπὸ
1078 3907 1197 3971 τοὺς
1281 3905 1563 3985 πατρικούς
1619 3925 1710 3959 σου
1783 3899 2010 3966 κόλπους

375 3991 638 4072 συνάγεις,
691 3995 776 4050 καὶ
829 3993 1122 4071 κηδόμενος
1191 3996 1390 4053 τούτων
1455 3991 1717 4054 διατελεῖς
1749 4007 1764 4022 ⁸
1825 3993 1898 4054 ὡς
1958 3987 2012 4046 δὲ

375 4081 600 4155 ποιμὴν,
657 4085 750 4139 οἷα
818 4081 1055 4160 πρόϐατα
1135 4083 1524 4160 πεπλανημένα
1594 4078 1836 4156 ἀνακαλῇ
1868 4095 1884 4111 ⁶
1939 4081 2012 4142 ὡς

373 4165 428 4223 δὲ
473 4169 738 4236 ποιμένων
768 4174 971 4248 ποιμὴν
1014 4173 1112 4240 τὴν
1170 4173 1526 4250 ποιμαντικήν
1569 4193 1661 4227 σου
1716 4170 1802 4225 καὶ
1841 4165 2011 4225 θεοδί-

375 4254 563 4314 δακτον
593 4257 894 4336 ἐπιστήμην
924 4259 1182 4327 διδάσκεις
1252 4265 1420 4343 ἡμᾶς,
1471 4263 1560 4318 καὶ
1600 4265 1705 4316 τῶν
1753 4258 2012 4333 ποιμνίων

376 4348 454 4422 μὴ
483 4347 727 4423 ἀμελεῖν,
774 4348 910 4406 ἀλλὰ
957 4351 1102 4428 πάσῃ
1145 4349 1356 4427 δυνάμει
1415 4352 1750 4430 προνοεῖσθαι

374 4443 554 4500 κακῶς
584 4436 712 4517 ἔχον
769 4440 1069 4512 θεραπεύειν
1139 4439 1428 4518 ἐπιμελῶς.
1490 4437 1824 4515 Ἠκούσαμεν
1874 4437 2008 4493 ἀνα-

375 4522 700 4602 καλουμένου
768 4529 899 4608 πρὸς
984 4529 1188 4610 ἑαυτὸν,
1273 4531 1362 4588 καὶ
1445 4526 1849 4610 ἐπεστράφημέν
1925 4547 2018 4584 σου

376 4615 508 4694 πρὸς
564 4615 664 4682 τὴν
717 4619 903 4696 φονήν.
987 4619 1189 4683 Πάντος
1285 4619 1340 4676 δὲ
1399 4622 1443 4676 εἱ
1515 4617 1820 4697 ἀλλοτρίους
1875 4616 2015 4680 υἱοὺς

380 4699 507 4781 [τῆς
563 4711 660 4770 σῆς
715 4704 1015 4785 ἁγιότητος]
1117 4707 1458 4786 ἐλογιζόμεθα
1530 4707 1767 4785 ἑαυτοὺς,
1827 4705 1863 4773 ἢ
1920 4709 2017 4771 τῆς

376 4795 477 4858 σῆς
587 4799 939 4869 ποιμαντικῆς
1048 4796 1502 4878 ἀπομακρύνεσθαι
1630 4794 2017 4874 προῃρούμεθα,

379 4879 475 4936 οὒκ
504 4879 740 4965 ἂν-οῧτε
805 4883 1108 4963 ἐπέγνωμεν
1181 4888 1256 4950 ὡς
1339 4887 1602 4965 πατρικὴν
1683 4885 1783 4953 τήν
1841 4882 2023 4962 φωνὴν

379 4969 496 5026 οὔτε
525 4961 620 5034 ὼὶ
627 4971 880 5048 ποιμένος
911 4961 970 5030 τὸ
1005 4973 1358 5043 ἀνακλητικὸν
1407 4961 1618 5047 ᾅδοντος
1691 4961 2018 5050 ἐπανεστρά-

378 5080 578 5140 φημεν.
644 5062 790 5118 Κατά
846 5062 944 5142 γὰρ
1028 5065 1118 5119 τὸν
1174 5071 1266 5122 τοῦ
1349 5065 1535 5144 Κυρίου
1603 5061 1784 5140 λόγον,
1857 5057 2020 5123 οὐδείς

379 5169 510 5205 ποτε
541 5147 885 5228 ἐπιγνώσεται
942 5154 1048 5210 τῶν
1112 5151 1400 5232 ἀλλοτρίων
1469 5154 1568 5222 τὴν
1625 5152 1829 5230 φωνὴν,
1885 5147 2023 5205 ἀλλὰ

2095 3099 2228 3160 tatis
2259 3100 2742 3179 profunditatem,
2777 3099 3147 3161 latitudinem
3173 3125 3198 3166 b
3231 3107 3344 3160 tua:
3374 3118 3517 3180 erga
3546 3101 3732 3164 Deum

2094 3187 2430 3249 dilectionis
2461 3199 2515 3248 et
2546 3189 2897 3262 affectionis,
2931 3207 3037 3268 per
3064 3207 3237 3268 quam
3274 3207 3392 3250 non
3442 3206 3734 3268 coangus-

2096 3283 2250 3337 tatur
2292 3277 2680 3356 apostolicum
2732 3296 2834 3339 cor
2877 3285 3065 3351 tuum,
3101 3277 3243 3357 quin
3285 3277 3481 3357 potius
3509 3277 3738 3340 viscera

2095 3365 2451 3444 dilatantur,
2521 3365 2593 3426 ad
2667 3365 3108 3446 suscipiendum
3185 3365 3737 3446 acquirendumque

2094 3452 2357 3512 omnium
2419 3452 2816 3515 Ecclesiarum
2878 3451 3263 3514 Christianos.
3292 3450 3512 3514 Vocem
3575 3459 3735 3512 tuam

2095 3541 2440 3620 agnovimus
2471 3561 2576 3622 per
2612 3542 2860 3618 litteras,
2886 3542 3291 3620 alloquentem
3324 3557 3432 3602 nos
3462 3539 3534 3600 ad
3563 3559 3737 3602 aures

2099 3630 3381 3710 mentisqueintima.Audivimusloquentem
3400 3636 3466 3690 ut
3481 3637 3705 3710 patrem
3719 3679 3735 3711 ,

2096 3727 2160 3781 ut
2209 3729 2526 3800 pastorem,
2588 3720 2676 3780 vel
2737 3721 2930 3802 potius
2986 3719 3528 3800 archipastoremC.
3591 3717 3735 3780 Nam

2101 3809 2266 3889 quasi
2324 3819 2511 3890 pater,
2545 3809 2718 3885 filios,
2753 3809 2853 3890 qui
2903 3829 2937 3870 a
2987 3819 3043 3870 te
3085 3808 3403 3871 abalienati
3433 3808 3732 3886 videntur,

2092 3897 2200 3960 sub
2235 3907 2517 3979 paternos
2568 3899 2733 3962 sinus
2766 3909 2894 3961 tuos
2923 3899 3109 3978 cogis,
3149 3916 3476 3978 eorumque
3502 3899 3736 3961 sollici-

2094 3987 2357 4048 tudinem
2392 3988 2572 4050 habes
2599 4009 2614 4049 :
2637 3989 2803 4070 quasi
2835 3995 3036 4068 pastor
3063 3995 3511 4064 autem,utoves
3529 4006 3735 4050 erran-

2095 4087 2202 4151 tes,
2239 4095 2520 4152 revocas;
2551 4079 2720 4160 quasi
2775 4086 3073 4158 pastorum
3124 4085 3344 4158 pastor,
3379 4078 3736 4157 pastoralem

2093 4173 2254 4226 tuam
2288 4183 2338 4227 et
2373 4167 2655 4228 divinitus
2678 4167 2928 4229 infusam
2963 4165 3271 4230 scientiam
3306 4184 3413 4227 nos
3434 4165 3636 4243 doces,
3663 4187 3740 4230 ne

2091 4272 2302 4334 greges
2331 4255 2699 4335 negligamus
2718 4257 2820 4319 sed
2857 4256 2990 4318 totis
3020 4255 3248 4318 viribus
3277 4255 3736 4336 prospiciamus,

1760 4397 1777 4430 ,
1833 4349 1922 4404 καὶ
1950 4348 2155 4424 caput
2187 4344 2263 4425 ei,
2299 4345 2455 4425 quod
2483 4345 2634 4406 male
2667 4345 2864 4427 habet,
2891 4345 3100 4406 sedulo
3141 4345 3510 4408 medeamur.
3543 4346 3736 4408 Audi-

2099 4433 2288 4494 vimus
2303 4443 2682 4496 revocantem
2706 4434 2778 4496 ad
2809 4434 3096 4515 seipsum,
3129 4441 3189 4494 et
3218 4433 3289 4494 ad
3318 4449 3526 4495 vocem
3578 4441 3736 4496 tuam

2100 4521 2370 4584 conversi
2402 4541 2627 4585 sumus.
2661 4521 2841 4584 Plane
2869 4523 2920 4584 si
2957 4523 3186 4584 alienos
3217 4539 3250 4581 a
3281 4529 3378 4582 tua
3425 4521 3738 4586 sanetitate

2100 4611 2252 4672 ﬁlios
2283 4630 2390 4673 nos
2420 4611 2580 4692 ipsos
2601 4611 3130 4681 existimassemus,
3155 4617 3254 4671 aut
3280 4608 3452 4688 longe
3481 4627 3516 4670 a
3546 4620 3742 4690 pasto-

2101 4701 2210 4762 rali
2247 4719 2392 4763 cura
2443 4711 2539 4762 tua
2587 4700 2851 4782 separari
2897 4700 3311 4774 voluissemus,
3366 4718 3737 4781 nequaquam

2105 4789 2552 4869 agnovissemus
2571 4798 2634 4850 ut
2653 4801 2961 4870 paternam
2991 4806 3420 4868 vocem,neque
3433 4788 3506 4850 ad
3539 4796 3742 4870 pasto-

2104 4898 2230 4942 rem
2261 4879 2526 4959 receptui
2547 4886 2857 4941 canentem
2877 4877 3184 4939 dconversi
3215 4877 3555 4939 fuissemus.
3592 4877 3740 4940 Nam

2101 4969 2270 5048 juxta
2299 4968 2553 5030 verbum
2584 4967 3028 5042 Domini,nemo
3049 4985 3312 5046 unquam
3336 4975 3539 5028 noscet
3557 4974 3747 5028 extra-

2105 5075 2352 5118 neorum
2384 5073 2612 5131 vocem,
2647 5055 2752 5117 sed
2779 5055 2976 5136 potius
3003 5054 3076 5117 ab
3107 5073 3179 5118 ea
3206 5055 3410 5135 fugiet.
3445 5053 3596 5127 Quid
3625 5053 3744 5135 igi-

2106 5154 2202 5208 tur
2225 5145 2298 5206 ad
2332 5163 2439 5206 nos
2469 5143 2728 5207 errantis
2775 5143 2901 5206 ovis
2958 5143 3319 5222 similitudo,
3363 5143 3742 5210 sanctissime

1719 5313 1984 5381 VARLE
2004 5312 2436 5380 LECTIONES.

459 5447 524 5500 88
550 5447 805 5531 εῦριϐείας
836 5450 1016 5516 εὖλαϐ.
1048 5453 1113 5507 89
1139 5455 1493 5536 ἀντίγραμμα.

459 5604 485 5636 ν
509 5571 799 5652 pascendi
825 5593 1051 5641 munus
1063 5584 1433 5658 suscepimus
1448 5593 1526 5640 ea:
1540 5574 1759 5658 efﬁcio.
1789 5579 1814 5611 ι
1842 5569 2091 5658 longum
2111 5571 2231 5632 iter
2254 5569 2597 5658 confecisse.
2628 5578 2654 5622 3'
2681 5568 3153 5658 Balditzionem,
3177 5568 3620 5635 latoresharum
3642 5570 3743 5658 tit:

381 5649 676 5718 terarum.
725 5667 746 5698 ι
774 5663 838 5718 nt
861 5665 1138 5740 propter.
1185 5670 1209 5702 ι
1232 5649 1674 5722 reverentiam.
1704 5653 1732 5697 δ
1759 5649 2247 5733 amplitudinem.
2278 5663 2302 5696 ο
2321 5655 2627 5730 pastorem
2649 5652 3013 5736 principem.
3044 5650 3070 5693 ἀ
3099 5649 3167 5716 ut
3187 5661 3430 5734 pastore
3475 5656 3746 5734 receptui

379 5740 649 5797 canente.
