4192 6220
435 375 546 445 931

1862 372 1994 441 JUS
2033 365 2477 440 CANONICUM

3697 353 3815 426 93‘2

437 509 632 593 papa?
664 509 804 592 quid
838 509 1033 589 imago
1063 508 1296 570 amissae
1333 507 1676 572 drachma}?
1705 507 1822 571 Nos
1854 508 2013 570 enim
2047 525 2082 570 e

2169 505 2366 583 μᾶλλον
2397 507 2483 564 καὶ
2512 504 2748 586 φεύξεται
2779 503 2869 563 ἀπ’
2906 504 3091 571 αὐτῆς.
3152 503 3211 560 Τί
3262 498 3372 593 ὀὖν
3438 498 3571 593 πρὸς
3601 496 3750 593 ἡμᾶς
3780 492 3816 558 ἦ
3876 539 3886 551 .

441 601 574 664 sinu
608 609 704 662 tuo
733 599 1026 661 excidisse
1059 615 1364 678 negamus,
1399 605 1456 658 et
1509 598 1764 660 ﬁliorum
1823 599 2084 679 appella-

442 691 686 762 tionem,
723 697 824 749 aut
863 687 1216 768 pastoralem
1251 705 1450 748 curam
1487 707 1600 749 non
1633 686 1985 766 refugimus,
2019 697 2084 750 ut

440 780 554 841 tale
580 777 904 840 convicium
955 776 1128 837 nobis
1180 775 1563 855 exprobctur.
1609 776 1759 838 Tuto
1790 785 1982 838 autem
2016 797 2084 840 ac

440 868 712 938 ﬁrmiter,
734 865 840 929 Dei
875 865 1061 944 gratia
1103 865 1415 926 stetimus"
1439 864 1497 926 in
1533 865 1687 926 beati
1735 865 1889 928 l'etri
1937 885 2082 926 con-

439 957 718 1021 fessione.
753 955 820 1018 Et
841 973 1016 1036 quem
1050 953 1154 1014 ille
1185 953 1492 1016 confessus
1515 963 1691 1029 est,et
1721 955 2078 1033 praedicavit,

441 1047 794 1110 conﬁtemur
824 1054 881 1105 et
929 1042 1344 1124 praedicamus;
1396 1043 1544 1104 nihil
1595 1062 1662 1104 ex
1706 1043 2082 1124 synodalibus

438 1141 780 1199 sanctorum
809 1130 1046 1192 Patrum
1099 1129 1354 1192 decretis
1382 1131 1751 1197 innovantes.
1789 1150 1899 1194 nec
1925 1133 2080 1212 adji-

441 1226 671 1288 cientes
693 1221 1048 1300 evangelicis
1077 1229 1137 1282 et
1179 1220 1518 1301 apostolicis
1541 1220 1762 1296 verbis,
1794 1222 1865 1282 ad
1899 1242 2080 1283 unum

440 1314 671 1397 apicem
716 1329 923 1392 usque,
961 1309 1050 1371 vel
1081 1308 1203 1372 iota
1253 1328 1460 1372 unum.
1501 1310 1832 1371 Didicimus
1865 1311 2021 1371 enim
2050 1329 2084 1371 a

441 1404 707 1487 gentium
739 1417 1033 1487 praecone,
1083 1417 1258 1487 quam
1291 1399 1484 1477 gravis
1515 1399 2085 1480 impendeatiispte-

443 1485 546 1573 na,
579 1491 677 1573 qui
710 1488 847 1551 talia
869 1485 1244 1548 audent.Etsi
1271 1487 1428 1548 enim
1455 1505 1584 1566 ego,
1613 1487 2086 1568 (inquitlvelan-

444 1581 614 1660 gelus
642 1578 716 1640 de
749 1576 895 1639 ccelo
926 1574 1358 1637 annuntiaverit
1387 1575 1552 1637 vobis
1577 1584 1790 1656 preter
1810 1577 1891 1652 id,
1927 1576 2084 1658 quod

445 1666 784 1750 accepistis,
817 1665 1130 1727 anathema
1164 1673 1310 1726 esto.
1343 1664 1466 1726 Hoc
1500 1674 1856 1741 metuentes,
1893 1667 2085 1728 viviﬁ-

2163 594 2440 676 παραϐολὴ
2525 604 2617 653 τοῦ
2710 593 3064 662 πλανηθέντος
3149 588 3435 670 προϐάτου,
3548 586 3816 670 ἁγιώτατε

2161 673 2363 766 atina;
2421 685 2482 742 Τί
2552 683 2604 742 δὲ
2691 685 2846 741 εἰκὼν
2930 689 3028 750 τῆς
3129 677 3463 740 ἀπολωλυίας
3533 673 3811 766 δραχμῆς,

2167 760 2359 848 Ἡμεῖς
2388 774 2488 852 γὰρ
2517 771 2632 829 οὔτε
2684 772 3002 835 ἐκπεσόντας
3059 771 3272 832 ἑαυτοὺς
3341 773 3448 823 τῶν
3515 763 3620 820 σῶν
3689 760 3815 818 κόλ-

2165 885 2280 918 πων
2309 861 2504 943 φαμὲν,
2564 862 2679 918 οὔτε
2750 861 2846 930 τὴν
2902 863 3120 928 υίότητα
3192 858 3228 926 ἢ
3299 858 3397 925 τὴν
3458 851 3815 928 ποιμαντικῆν

2165 939 2554 1030 ἀποφεύγομεν,
2589 951 2682 1007 τίνα
2721 952 2810 1008 καὶ
2873 947 3039 1012 οὕτως
3095 945 3464 1021 ὀνειδιζώμεθα
3512 960 3522 972 ⁸
3573 939 3812 1009 ἑστήκα-

2168 1061 2263 1113 μεν
2287 1026 2391 1112 δέ,
2425 1046 2552 1098 Θεοῦ
2594 1040 2796 1120 χάριτι,
2859 1037 2943 1096 ἐπὶ
2985 1043 3084 1108 τῆς
3140 1044 3233 1093 τοῦ
3303 1032 3584 1120 μακαρίου,
3614 1026 3811 1120 Πέτρου

2165 1125 2449 1206 ὁμολογίας
2476 1127 2534 1176 91
2584 1115 2833 1207 ἀσφαλῶς
2863 1150 2920 1184 τε
2951 1129 3038 1184 καὶ
3081 1125 3309 1191 ἀκλινῶς
3343 1144 3357 1158 ⁸
3417 1121 3503 1178 καὶ
3561 1118 3619 1173 ὃν
3646 1115 3810 1190 ,ἐκεῖ-

2166 1239 2254 1281 νος
2324 1217 2642 1296 ὡμολόγησε
2695 1219 2783 1274 καὶ
2839 1216 3106 1296 ἐκήρυξεν,
3181 1209 3548 1292 ὁμολογοῦμέν
3601 1226 3667 1296 τε
3708 1208 3816 1278 ,καὶ

2165 1305 2497 1383 κηρύσσομεν
2544 1321 2558 1335 ⁸
2635 1314 2713 1382 μή
2783 1295 3102 1377 καινίζοντές
3158 1327 3208 1360 τι
3289 1307 3394 1359 τῶν
3451 1311 3567 1363 τοῖς
3647 1295 3816 1374 ἁγίοις

2171 1394 2400 1472 Πατράσι
2434 1391 2712 1460 συνοδικῶς
2771 1393 3119 1474 δεδογμένων,
3167 1395 3244 1468 μὴ
3300 1387 3663 1470 προστιθέντες
3693 1399 3814 1449 τοῖς

2169 1481 2535 1560 εὖαγγελικοϊς
2564 1485 2651 1540 καὶ
2680 1482 3058 1548 ἀποστολικοϊς
3101 1482 3303 1561 λόγοις,
3360 1476 3486 1558 ἄχρι
3554 1479 3643 1535 καὶ
3686 1482 3814 1550 μιᾶς

2167 1571 2402 1650 κεραίας,
2435 1572 2468 1640 ἢ
2500 1575 2629 1629 ἱὼτα
2659 1572 2799 1637 ἑνός,
2833 1570 3132 1649 Ἐμάθομεν
3191 1572 3290 1650 γὰρ
3346 1568 3464 1625 οἶόν
3507 1567 3617 1623 ἐστι
3676 1565 3816 1642 παρὰ

2168 1664 2245 1734 τῷ
2273 1662 2461 1739 κήρυκι
2517 1662 2622 1717 τῶν
2678 1660 2838 1719 ἐθνῶν
2895 1663 3024 1741 βαρὺ
3077 1663 3140 1717 τὸ
3196 1657 3575 1737 ἐπικρεμασθέν
3643 1653 3815 1710 ἐπιτί-

445 1742 679 1820 οοῐηέι
725 1754 1098 1816 incruentam
1157 1752 1460 1827 hostiam',
1511 1762 1570 1813 ut
1627 1753 1728 1833 qui
1786 1753 2014 1833 accepit
2055 1773 2086 1815 a

2170 1771 2289 1823 μιον
2318 1762 2436 1814 τοῖς
2478 1751 2544 1805 τὰ
2573 1757 2789 1807 τοιαῦτα
2817 1749 3078 1825 τολμῶσι.
3143 1747 3251 1807 Κᾶν
3291 1749 3390 1826 γὰρ
3448 1743 3555 1822 ἐγὼ
3612 1742 3814 1833 (φηῗὶν)

450 1847 700 1911 Domino
731 1841 902 1904 nobis
928 1841 1190 1922 tradidit,
1208 1842 1293 1902 sic
1317 1823 1665 1902 exhibemus
1687 1855 1714 1898 ε
1740 1865 1750 1900 :
1777 1823 2082 1903 Iudaicam

2169 1837 2203 1905 ἢ
2273 1836 2496 1916 ἅγγελος
2553 1838 2604 1904 ἐξ
2658 1842 2876 1918 ούρανοῦ
2919 1823 3373 1918 ἐύαγγελίζηταιὝ
3416 1832 3547 1922 ύμῖν
3601 1830 3726 1910 παρ’
3785 1833 3813 1886 ὃ

446 1935 686 2018 quidem
746 1931 1165 2004 humilitatem,
1200 1939 1257 1992 et
1288 1929 1438 2010 legis
1489 1929 1760 1991 umbram
1809 1949 2084 2010 superas-

445 2025 769 2088 cendentes
788 2022 836 2092 h;
863 2039 996 2082 cum
1026 2018 1170 2082 Jesu
1199 2027 1416 2093 autem,
1445 2028 1503 2080 et
1533 2019 1663 2099 ejus
1691 2019 1997 2100 discipulis
2027 2021 2086 2081 in

447 2111 718 2176 sublimis
740 2107 938 2190 gratiae
965 2107 1244 2188 palatium
1279 2109 1852 2172 conscendenteszet
1878 2128 2088 2190 panem

444 2201 846 2272 comedentes,
880 2216 996 2259 non
1026 2195 1383 2271 afllictionis,
1412 2205 1495 2267 (ut
1526 2197 1617 2259 lex
1648 2198 1776 2278 ait),
1810 2199 1913 2258 sed
1935 2197 2089 2259 laeti—

447 2292 565 2366 tias,
596 2298 654 2354 et
681 2306 784 2353 cor
815 2304 1024 2349 revera
1073 2287 1548 2348 conﬁrmantem.
1592 2285 1758 2359 Quod
1793 2287 1842 2347 si
1888 2297 1950 2348 ut
1983 2307 2088 2368 pa-

445 2391 636 2446 stores
668 2377 752 2441 illi
777 2377 1166 2458 desipuimus,
1210 2376 1389 2456 (quod
1422 2377 1597 2451 absit,
1633 2396 1742 2438 nec
1774 2385 1993 2438 tantum
2028 2378 2086 2439 in

443 2491 552 2534 nos
585 2468 767 2551 possit
796 2467 1110 2547 malignus)
1132 2466 1206 2526 de
1237 2466 1450 2546 quibus
1481 2466 1770 2529 Jeremias
1803 2467 2086 2547 propheta

443 2561 772 2622 lamentans
801 2555 919 2617 ait:
951 2553 1304 2616 Sacerdotes
1346 2575 1462 2616 non
1491 2555 1771 2616 dixerunt
1797 2573 1811 2617 :
1854 2557 1966 2618 Ubi
1998 2565 2088 2617 est

443 2648 826 2713 Dominus?et
849 2644 952 2725 qui
981 2643 1097 2722 legi
1115 2643 1518 2723 adhaerebant,
1549 2644 1924 2706 nesciverunt
1957 2664 2082 2706 me:

446 2745 507 2801 et
537 2743 800 2818 pastores
831 2733 892 2793 in
924 2750 1018 2793 me
1066 2731 1235 2812 impii
1277 2731 1540 2796 fuerunt.
1576 2729 1638 2794 Si
1669 2733 1816 2794 tales
1851 2733 1955 2794 tibi
1997 2734 2084 2795 vi-

446 2826 764 2896 debantur,
785 2819 1154 2883 sanctissime
1191 2824 1379 2896 l’ater,
1415 2840 1667 2901 quonam
1695 2831 1861 2902 pacto
1886 2841 2088 2902 posses

447 2934 554 2977 nos
575 2913 748 2974 aliter
779 2909 1108 2984 nominare,
1144 2927 1316 2990 quam
1351 2927 1486 2970 oves
1509 2911 2087 2989 errantes,etdrach-

449 3022 601 3066 mam
641 3001 955 3082 perditam,
995 3006 1052 3058 et
1084 2997 1400 3059 multorum
1434 2997 1665 3060 dierum
1701 3006 1991 3060 mortuum
2025 3000 2085 3062 in

445 3092 720 3174 sepulcro
745 3085 1095 3170 jacentem?
1127 3088 1343 3148 Verum
1378 3106 1452 3149 ne
1483 3106 1612 3149 eam
1644 3087 1718 3149 de
1748 3087 1920 3149 nobis
1950 3089 2082 3170 opi-

446 3181 685 3243 nionem
717 3176 1039 3258 concipias.
1073 3177 1278 3256 Neque
1309 3175 1467 3237 enim
1491 3176 1649 3237 aliud
1682 3175 1951 3238 novimus
1969 3177 2088 3238 fun-

2168 1925 2514 2007 παρελάϐετε,
2573 1929 2804 2004 ἀνάθεμα
2855 1927 3010 1987 ἔστω.
3112 1929 3276 1984 Τοῦτο
3331 1920 3673 2003 φοϐούμενοι,
3727 1922 3813 1976 καὶ

2171 2015 2268 2082 τὴν
2310 2019 2568 2086 ζωοποιὸν
2599 2018 2684 2072 καὶ
2742 2016 3060 2092 ἀναίμακτον
3118 2017 3296 2072 Θυσίαν
3358 2014 3430 2075 ὡς
3503 2011 3530 2066 ὁ
3582 2007 3817 2087 παραλα-

2172 2100 2279 2159 ϐὼν
2329 2105 2435 2160 ἀπὸ
2490 2110 2582 2160 τοῦ
2641 2111 2826 2184 Κυρίου
2895 2103 3196 2185 παρέδωκεν
3251 2105 3408 2181 ἡμῖν,
3467 2098 3631 2162 οὕτως
3691 2097 3814 2154 ἑπι-

2175 2191 2424 2267 τελοῦμεν
2457 2209 2471 2223 ⁸
2547 2194 2645 2261 τήν
2727 2194 2824 2261 μὲν
2909 2191 3206 2261 ἰουδαῒκὴν
3277 2189 3658 2261 ταπεινότητα,
3727 2191 3817 2244 καὶ

2172 2281 2271 2347 τὴν
2319 2281 2412 2337 106
2467 2285 2630 2358 νόμου
2687 2283 2839 2338 σκιὰν
2919 2280 3438 2362 ὑπεραναϐαίνοντες,
3501 2278 3572 2339 εἷς
3629 2274 3683 2330 δὲ
3752 2280 3814 2334 τὸ

2169 2371 2406 2450 ὑπερῷον
2467 2375 2565 2436 τῆς
2621 2369 2836 2446 ὑψηλῆς
2898 2372 3115 2451 χάριτος
3171 2371 3306 2447 μετά
3359 2374 3451 2424 τοῦ
3515 2363 3688 2431 Ἰησώ
3727 2371 3818 2423 καὶ

2169 2461 2274 2514 τῶν
2298 2458 2458 2515 αὐτοῦ
2495 2463 2745 2534 μαθητῶν
2802 2459 3167 2524 ἀναϐαίνοντες
3203 2477 3219 2494 ⁸
3278 2459 3366 2514 καὶ
3410 2453 3564 2535 ἄρτον
3611 2452 3818 2513 ἐσθιον-

2168 2567 2277 2620 τες,
2324 2545 2447 2626 οὐχὶ
2494 2548 2584 2603 τὸν
2653 2552 2760 2626 τῆγ
2815 2547 3128 2624 κακώσεως,
3200 2550 3274 2606 ὡς
3327 2549 3354 2602 ὁ
3416 2545 3574 2620 νόμος
3631 2546 3810 2624 φησὶν,

2169 2633 2306 2691 ἀλλὰ
2332 2637 2424 2691 τὸν
2477 2641 2577 2703 τῆς
2645 2637 2989 2718 εὐφροσύνης,
3049 2640 3140 2694 καὶ
3195 2637 3362 2700 ὅντως
3404 2633 3614 2714 καρδίαν
3685 2657 3814 2702 στη-

2171 2725 2394 2800 ρίζοντα.
2471 2727 2530 2782 Ei
2573 2722 2628 2780 δὲ
2680 2726 2814 2781 κατὰ
2855 2727 2976 2790 τοὺς
3033 2727 3290 2801 ποιμένας
3347 2725 3574 2789 ἐκείνους
3643 2725 3814 2804 ἠφρο-

2170 2814 2458 2888 νευσαμεθα
2517 2814 2567 2892 (ὃ
2618 2816 2692 2889 μὴ
2744 2814 2949 2892 γένοιτο
3019 2814 3155 2891 μηδὲ
3237 2817 3310 2880 εἰς
3366 2823 3612 2872 τοσοῦτον
3696 2813 3814 2870 καθ’

2169 2903 2322 2976 ἡμῶν
2351 2903 2547 2982 ἰσχύσῃ
2578 2905 2606 2958 ὁ
2661 2903 2922 2982 πονηρὸς)
2973 2907 3089 2984 περὶ
3117 2907 3190 2960 ὧν
3246 2907 3274 2961 ὁ
3328 2905 3606 2984 προφήτης
3665 2893 3822 2981 (laps-

2170 2993 2291 3066 μίας
2335 2994 2539 3069 θρηνῶν
2567 2990 2745 3070 ἔλεγεν
2779 3011 2794 3028 ⁸
2831 2996 2889 3050 Oi
2917 2996 3076 3072 ἱερεῖς
3152 2995 3248 3051 οὐκ
3324 2995 3502 3070 εἶπον,
3562 2998 3664 3048 ποῦ
3708 2991 3818 3049 ἔστι

2173 3080 2356 3154 Κύριος
2392 3099 2407 3160 ς
2443 3083 2530 3137 καὶ
2587 3083 2634 3138 οὶ
2704 3081 3054 3162 ἀντεχόμενοι
3116 3093 3206 3142 τοῦ
3289 3085 3473 3160 νόμου,
3532 3089 3630 3145 οὐκ
3684 3081 3816 3150 ἠπί-

2168 3171 2358 3226 σταντό
2430 3191 2495 3246 με
2531 3185 2546 3201 ⁸
2609 3172 2696 3227 καὶ
2752 3173 2819 3226 οἱ·
2854 3171 3102 3247 ποιμένες
3158 3169 3379 3239 ἠσέϐουν
3435 3176 3508 3240 εἰς
3569 3175 3690 3252 ἐμέ.
3762 3171 3822 3228 Εἰ

445 3271 810 3343 damentum,
845 3283 1019 3347 quam
1051 3264 1208 3345 quod
1237 3263 1641 3326 substructum
1674 3273 1782 3328 est.
1834 3263 2086 3327 Eadem-

2169 3260 2394 3315 τοιοῦτοί
2436 3280 2519 3315 σοι
2582 3259 2740 3335 ἦμεν,
2801 3260 3062 3338 ἁγιώτατε
3123 3262 3314 3340 Πάτερ,
3349 3269 3464 3327 πῶς
3522 3263 3582 3320 ἂν
3639 3262 3819 3324 ἄλλως

446 3377 561 3441 que
596 3367 815 3429 tecum,
880 3353 1268 3436 praedicamus
1315 3361 1373 3414 et
1428 3353 1710 3416 docemus
1767 3373 1873 3433 ego
1928 3355 2086 3436 iique

2171 3348 2328 3441 εἶχες
2360 3348 2674 3441 *ὀνομάζειν
2722 3351 2864 3424 ἡμᾶς
2926 3348 2998 3441 ἢ.
3037 3348 3272 3430 πρόϐατα
3314 3349 3668 3433 πλανηθέντα,
3730 3353 3820 3406 καὶ

445 3433 675 3522 omnes,
717 3445 817 3528 qui
871 3433 944 3506 ad
1002 3460 1269 3522 magnam
1329 3443 1832 3524 apostolicamque
1880 3433 2082 3506 sedem

2171 3433 2418 3528 δραχμῂν
2467 3437 2864 3528 ἀφανισθεῖσαν,
2920 3439 3008 3494 καὶ
3065 3441 3246 3518 νεκρὸν
3303 3442 3358 3496 ἒν
3425 3443 3576 3521 τάφῳ
3631 3443 3818 3517 κείμε-

445 3523 1146 3616 Constantinopolitanam
1200 3523 1586 3612 pertinemus.
1639 3530 1709 3592 Et
1751 3551 1923 3608 unus,
1984 3533 2084 3614 qui

2169 3547 2254 3616 νον
2284 3523 2616 3616 πολυήμερον
2664 3545 2680 3607 ς
2923 3528 3030 3616 μὴ’,
3057 3525 3223 3592 οὕτως
3275 3529 3392 3586 οἵου
3447 3533 3565 3610 περὶ
3629 3533 3811 3606 ἡμῶν.

444 3628 505 3688 in
527 3626 794 3707 utrisque
823 3613 1109 3684 Ecclesiis
1141 3629 1442 3702 personat,
1475 3639 1671 3682 sermo
1703 3621 1876 3683 ﬁdei:
1900 3613 2085 3684 idem-

2169 3613 2295 3672 Οὔτε
2324 3616 2424 3694 γὰρ
2467 3614 2709 3691 θεμέλιον
2741 3614 2901 3672 ἄλλον
2951 3614 3175 3693 οἴδαμεν
3203 3619 3344 3697 παρὰ
3399 3621 3489 3675 τὸν
3545 3619 3808 3694 κείμενον,

445 3734 562 3797 que
592 3701 953 3776 sacriﬁcatur
980 3701 1187 3790 agnus,
1221 3709 1323 3790 qni
1380 3709 1533 3770 tollit
1581 3717 1822 3790 peccata
1880 3709 2083 3772 mundi

2169 3703 2342 3761 καὶτὰ
2405 3704 2535 3760 αὕτα
2604 3726 2688 3762 σοι
2758 3701 3110 3784 πρεσϐεύομεν
3167 3707 3255 3762 καὶ
3329 3704 3644 3784 διδασκομεν
3703 3706 3811 3785 ἐγὼ

443 3793 730 3876 Christus,
792 3800 950 3862 inter
999 3797 1398 3860 occidentales
1447 3797 1760 3872 antistites,
1807 3799 1908 3879 qui
1973 3800 2082 3861 sub

2169 3813 2227 3848 τε
2253 3794 2342 3849 καὶ
2383 3793 2573 3857 πάντες
2607 3797 2654 3851 οἱ
2715 3804 2809 3852 τοῦ
2864 3793 3098 3873 μεγάλου
3139 3797 3226 3851 καὶ
3292 3796 3647 3854 ἀποστολικοῦ
3713 3801 3810 3862 τῆς

449 3898 610 3952 tuum
669 3886 999 3970 principale
1047 3886 1284 3970 culmen
1341 3894 1548 3966 agunt,
1603 3894 1661 3947 et
1706 3906 1834 3960 nos,
1887 3888 1986 3969 qui
2015 3889 2089 3950 ab

447 3969 685 4040 oriente
735 3975 861 4038 sole
917 3969 1198 4035 sublimi‘
1246 3973 1897 4054 Constantinopolitana
1949 3978 2090 4039 sede

448 4065 767 4129 sacerdotii
791 4061 1134 4144 accepimus
1162 4061 1542 4142 splendorem
1569 4079 1582 4126 :
1609 4065 1876 4144 quamvis
1916 4084 2091 4146 parva

450 4155 718 4236 quaedam
749 4151 1110 4216 otfendicula
1134 4151 1196 4212 in
1230 4149 1426 4212 medio
1458 4150 1774 4232 interjecta
1799 4172 1905 4215 nos
1929 4173 2094 4235 sepa-

449 4243 730 4314 rarint,et
749 4258 822 4304 ex
843 4259 960 4302 uno
983 4240 1312 4320 eodemque
1329 4239 1538 4320 spiritu
1559 4241 1774 4302 multos
1787 4241 2091 4305 fecerint).

449 4331 594 4405 Quae
622 4330 864 4394 omnino
898 4328 1106 4392 tollere
1158 4329 1234 4390 de
1278 4328 1497 4405 medio,
1533 4338 1592 4391 et
1634 4331 1795 4391 velut
1842 4331 2090 4412 lapides,

2175 3883 2774 3967 Κωνσταντινουπόλεως
2837 3884 3018 3960 θρόνου
3067 3900 3080 3915 ⁸
3115 3886 3202 3940 καὶ
3253 3885 3339 3950 εἷς
3369 3885 3423 3942 ἐν
3493 3885 3815 3967 ἀμφοτέραις

2170 3984 2291 4036 ταῖς
2325 3961 2666 4039 Ἐκκλησίαις
2695 3975 2722 4029 ὁ
2766 3971 3086 4050 λαλούμενος
3151 3972 3310 4054 λόγος
3371 3975 3468 4044 τῆς
3796 3991 3814 4008 ⁸

2174 4062 2262 4116 καὶ
2288 4062 2317 4118 ὁ
2346 4061 2502 4126 αὐτὸς
2574 4062 2738 4138 ἀμνὸς
2796 4063 2990 4138 θύεται,
3037 4064 3065 4119 ὁ
3120 4073 3212 4122 106
3265 4065 3468 4141 κόσμου
3525 4064 3690 4144 αἴρων
3721 4064 3816 4131 τὴν

2175 4149 2456 4230 ἁμαρτίαν,
2523 4152 2772 4228 Χριστὸς,
2843 4149 2896 4208 ἐν
2965 4172 3023 4206 τε
3078 4164 3195 4215 τοῖς
3251 4155 3387 4209 κατὰ
3436 4151 3578 4209 δύσιν
3618 4153 3815 4232 ἀρχιε-

2178 4249 2341 4320 ρεῦσι,
2375 4254 2492 4305 τοτς
2519 4243 2621 4298 ὑπὸ
2650 4242 2749 4310 τὴν
2780 4251 2880 4310 σὴν
2921 4241 3127 4302 τελοῦσι
3183 4246 3466 4325 κορυφαίαν
3526 4244 3814 4323 ἀκρότητα,

2176 4332 2262 4386 καὶ
2290 4331 2425 4405 ἡμῖν
2455 4343 2573 4394 τοῖς
2629 4329 2681 4397 ἐξ
2735 4329 2883 4392 ἡλίου
2953 4332 3263 4412 ἀνίσχοντος
3331 4341 3424 4390 106
3464 4332 3672 4409 ὑψηλοῦ
3722 4333 3817 4400 τῆς

442 4423 611 4502 juxta
641 4417 1051 4502 propheticum
1073 4434 1479 4492 sermonem,e
1500 4417 1592 4478 via
1625 4418 2086 4499 projicere,uni-

2179 4420 2780 4485 Κωνσταντινουπόλεως
2810 4421 2991 4500 θρόνου
3061 4419 3371 4500 δεχομένοις
3442 4424 3536 4486 τὰς
3609 4427 3708 4488 τῆς
3736 4424 3816 4476 ἱε-

451 4517 748 4590 tatemque
759 4505 1158 4570 Ecclesiarum
1179 4506 1309 4567 sine
1331 4505 1684 4568 otl‘endiculo
1707 4507 2086 4591 constituere,

2183 4508 2419 4585 ρωσύνης
2446 4507 2609 4587 αὐγάς
2656 4527 2671 4543 ⁸
2723 4511 2767 4565 εἰ
2846 4512 2935 4566 καί
3002 4532 3118 4566 τινα
3170 4511 3374 4590 βραχέα
3431 4511 3819 4590 προσκόμματα

453 4605 564 4660 tua:
590 4595 921 4660 sanctitatis
963 4594 1120 4657 erit:
1147 4613 1280 4675 quae
1309 4593 1527 4656 Christi
1575 4596 1848 4678 exemplo
1880 4597 2038 4659 velut
2069 4618 2086 4660 ε

2185 4598 2257 4660 είς
2289 4596 2451 4674 μέσον
2521 4596 2905 4678 παραρῤιφέντα
2961 4597 3248 4666 διάστησαν
3320 4601 3486 4676 ἡμᾶς,
3545 4602 3633 4656 καὶ
3699 4597 3825 4655 πολ-

452 4687 608 4750 οσειο
640 4683 1032 4768 prospiciens,
1067 4683 1346 4745 distantia
1401 4684 1462 4744 in
1497 4702 1693 4771 unum
1743 4703 2086 4766 congregari

2185 4686 2309 4753 λοὺς
2338 4689 2688 4771 πεποιήκασι,
2738 4690 2860 4754 τοὺς
2917 4688 3032 4753 ἑνὸς
3087 4690 3176 4746 καὶ
3216 4696 3308 4747 τοῦ
3364 4691 3520 4750 αύτοῦ
3577 4690 3823 4766 Πνεύμα-

449 4775 574 4837 vnlt
600 4781 626 4822 ιι
657 4783 716 4837 et
745 4780 960 4856 potest.
995 4774 1117 4836 Nos
1147 4772 1309 4834 enim
1340 4770 1513 4852 pauci
1540 4769 1554 4810 ¹
1582 4789 1811 4849 sumus,
1838 4781 1896 4835 et
1925 4793 2086 4853 parvi

2186 4800 2300 4842 τος,
2335 4768 2414 4835 υΑ
2443 4777 2655 4842 πάντως
2671 4768 2885 4844 -ὲξελεϊν
2913 4777 2968 4834 ἐν
3025 4785 3118 4834 106
3161 4776 3348 4854 μέσου,
3378 4778 3468 4834 καί
3521 4779 3597 4843 ὡς
3653 4777 3821 4841 λίθους

452 4863 618 4944 gregi
639 4880 990 4946 praesumus,
1015 4860 1383 4922 mediocrem
1403 4859 1670 4940 quidem,
1705 4870 1762 4922 et
1790 4869 1856 4923 ut
1879 4870 2103 4942 guttam

452 4952 694 5015 dicendi
779 4949 1120 5012 facultatem
1203 4947 1537 5029 habentes,
1623 4947 1824 5012 vitutis
1905 4961 2086 5013 auten

2185 4953 2369 5034 λόγοι,
2440 4957 2528 5012 καὶ
2602 4955 2942 5036 ἀπρόσκοπον
2997 4957 3096 5024 τὴν
3152 4955 3377 5023 ἑνότητα
3433 4963 3540 5012 τῶν
3601 4953 3832 5021 Ἐκκλη-

452 5041 856 5124 nequidquam
906 5037 1229 5121 participes
1282 5057 1297 5098 :
1351 5036 1526 5098 etiam
1575 5037 1624 5097 si
1675 5044 1772 5098 tua
1825 5039 2086 5102 sanctita:

2185 5047 2313 5102 σιῶν
2380 5050 2735 5120 καταστῆσαι,
2807 5047 2907 5113 τῆς
2978 5048 3077 5114 σῆς
3134 5045 3280 5102 ἔσται
3349 5047 3672 5124 ἁγιωσύνης,
3727 5046 3827 5111 τῆς

457 5129 798 5212 [contrarii]
831 5127 1220 5211 persuasione
1249 5125 1521 5207 decepta,
1555 5126 1809 5189 maxima
1833 5129 2086 5210 quaedan

2185 5136 2627 5215 χριστομιμήτως
2657 5136 2731 5200 ὡς
2775 5133 2828 5202 ἐξ
2887 5138 3103 5214 οὐρανοῦ
3157 5133 3567 5212 διακυπτούσης,
3629 5136 3715 5193 καὶ
3762 5136 3827 5191 τὰ

1770 5294 2022 5362 VARIE
2064 5299 2511 5369 LECTIONES.

535 5432 602 5486 90
629 5433 818 5517 πάτερ,
860 5433 920 5486 9|
957 5434 1042 5492 lui
1083 5439 1152 5512 τῇ
1179 5440 1272 5492 τοῦ
1313 5432 1572 5514 μακαρίου
1601 5432 1802 5514 Πέτροῦ
1829 5435 2107 5518 ὁμολογίᾳ,

2187 4869 2331 4932 τινὰς
2383 4866 2443 4924 ἐκ
2494 4872 2592 4935 τῆς
2636 4866 2756 4926 ὀδοῦ
2842 4865 3134 4947 διαρρῖψαι,
3192 4869 3330 4924 κατὰ
3379 4869 3466 4924 τὸν
3499 4867 3826 4947 προφητικὸν

539 5575 848 5661 fucinus.
897 5568 1355 5661 Jsacriﬁct'un}.
1391 5579 1421 5623 ε
1445 5571 1533 5660 sic
1557 5568 1942 5661 perfidiam:
1971 5597 1997 5640 ιι
2028 5568 2608 5661 trumcendentes:_‘_
2629 5576 2737 5656 qui
2763 5575 2844 5640 ad
2887 5574 3072 5661 solem
3129 5577 3421 5642 orientem
3467 5593 3520 5661 a_
3563 5574 3836 5661 sublimi.

450 5671 470 5725 ί
503 5653 561 5712 et
593 5648 820 5712 multos
849 5649 1178 5729 effecerint,
1213 5650 1319 5728 qui
1346 5648 1530 5710 unius
1561 5653 1621 5710 et
1647 5649 1912 5727 ejusdem
1939 5653 2199 5732 spiritus
2225 5671 2459 5717 sumus.
2493 5655 2518 5696 ι
2547 5648 2851 5737 dir-empta
2879 5657 3075 5721 denuo
3103 5664 3390 5742 copulare,
3417 5655 3566 5720 vult.
3591 5656 3603 5690 '
3631 5659 3838 5737 parvi.
