4192 6220
381 415 500 484 933

1723 405 2416 480 (ὶΒᾹέΟΟ-ΗΟΜΑΝΗΜ

3627 402 3744 475 934

377 548 631 608 διεστῶνα
659 550 899 629 συνάγειν
955 547 1016 598 99
1071 550 1158 606 καὶ
1225 546 1552 626 βουλομένης
1601 548 1691 606 καὶ
1732 547 2021 626 δυναμένης

2108 547 2183 610 de
2229 544 2398 607 nobis
2441 547 2735 626 suspicata
2775 544 2872 622 sit,
2909 561 2976 605 ex
3008 541 3328 606 dilectione
3353 545 3746 625 quorumdam

375 639 449 702 εἷς
482 637 558 697 ἕν.
607 630 798 715 Ἠμεῖς
831 639 930 714 μὲν
993 639 1093 718 γὰρ
1147 639 1399 717 βραχεῖς,
1472 638 1560 693 καὶ
1617 636 1848 717 βραχέος
1891 661 2018 694 ποι-

374 727 524 803 μνίου
595 729 966 809 κατάρχομεν,
1025 726 1236 806 μέτριον
1281 727 1378 802 μὲν
1446 727 1534 782 καὶ
1600 728 1734 782 κατὰ
1792 727 2020 806 σταγόνα

372 817 461 872 τὸν
491 815 650 896 λόγον
679 815 920 896 ἔχοντες,
956 817 1147 896 ἀρετῆς
1207 813 1260 871 δὲ
1316 815 1635 895 μετέχοντες
1666 813 1754 871 οὐδ
1783 818 1950 872 ὁτιουν
1999 832 2016 848 ⁸

373 906 535 962 εἶκαὶ
589 908 626 974 ἡ
686 928 755 967 ση
828 906 1050 985 ἀγιότης
1111 904 1336 982 μέγιστά
1384 927 1501 961 τινα
1550 905 1667 983 περὶ
1715 906 1870 980 ἡμῶν
1926 905 2020 960 ὓπ-

375 993 615 1068 ενόησεν,
648 993 709 1052 ἐκ
748 1000 847 1062 τῆς
905 1017 1062 1050 τινων
1132 994 1348 1072 ἀγάπης
1404 998 1510 1049 τῶν
1569 991 1784 1050 ἐνταῦθα
1841 991 2019 1050 ἐπιδε-

375 1079 722 1162 δημηκότων,
780 1084 867 1140 καὶ
923 1083 1058 1160 ἡμῖν
1129 1081 1509 1162 ὡμιληκότων,
1554 1082 1763 1146 πάντως
1843 1103 2020 1161 παρα-

376 1175 681 1233 πεισθεῖσα.
711 1165 772 1228 Ἠ
805 1169 858 1228 δέ
901 1194 961 1251 γε
1019 1172 1089 1238 σὴ
1146 1171 1442 1250 τελειότης,
1502 1171 1590 1226 καὶ
1646 1177 1736 1226 τοῦ
1818 1191 2018 1226 παντε-

373 1258 514 1320 λείου
557 1268 781 1340 Χριστοῦ
811 1263 986 1318 εὶκόνα
1015 1263 1103 1318 καὶ
1131 1261 1376 1337 ὁμοίωμα
1401 1259 1628 1340 φέρουσα
1669 1259 1805 1316 κατά
1846 1281 1903 1315 τε
1927 1261 2019 1315 τὸν

373 1349 554 1427 θρόνον
584 1351 721 1406 κατα
761 1372 818 1406 τε
860 1357 1054 1430 γνῶσιν
1082 1355 1170 1406 καὶ
1211 1351 1309 1416 τὴν
1352 1348 1443 1405 τοῦ
1498 1349 1611 1426 βίου
1641 1347 2017 1427 λαμπρότητα,

373 1437 568 1507 δυνατὴ
636 1441 847 1504 πάντως
931 1439 1077 1496 ἔσται
1132 1440 1220 1495 καὶ
1294 1439 1358 1494 τὰ
1417 1436 1694 1494 διιστῶντα
1755 1435 2021 1495 σκάνδαλα

373 1529 665 1610 περιελεῖν,
732 1535 820 1589 καὶ
888 1545 1008 1596 ταῖς
1080 1531 1420 1598 Ἐκκλησίαις
1483 1531 1917 1597 ἀποκαταστῆσαι
1961 1530 2022 1585 τὸ

373 1619 576 1678 ἑνιατον
599 1623 686 1678 καὶ
727 1619 1071 1698 ἀδιάτμητον.
1107 1611 1276 1700 υΕχει
1335 1618 1390 1676 δὲ
1419 1622 1548 1700 πρὸς
1603 1630 1756 1678 τοῦτο
1785 1621 1819 1687 ἡ
1864 1618 2019 1696 ἁγιό·

371 1731 473 1776 της
501 1732 594 1767 σου
635 1709 700 1760 95
729 1713 992 1785 σύμπνουν
1041 1711 1129 1767 καὶ
1185 1712 1432 1790 συνεργὸν
1487 1711 1578 1766 τὸν
1644 1708 2020 1787 κραταιότατον

2103 635 2203 717 qui
2232 634 2329 696 hic
2364 632 2747 714 peregrinati,
2781 650 2888 694 nos
2930 631 3166 693 allocuti
3201 641 3356 694 sunt.
3391 633 3513 694 Tun
3549 645 3744 696 autem

2103 724 2406 804 integritas
2431 735 2491 798 ω,
2527 722 2787 802 undique
2820 720 3064 802 perfecti
3105 722 3345 797 Christi,
3409 734 3522 785 tam
3577 729 3748 800 sede,

2103 833 2277 894 quam
2314 813 2614 894 peritia,et
2639 813 2776 873 vitae
2796 809 3464 890 splend~~re,imaginem
3490 821 3546 873 et
3574 813 3744 874 simi-

2105 902 2413 964 litudinem
2447 901 2738 968 referens,
2799 899 3014 980 poterit
3055 899 3298 960 omnino
3327 900 3575 962 dissidio
3599 920 3745 964 cau-

2102 1009 2228 1052 sam
2285 991 2608 1072 praebentia
2665 989 2941 1050 scandala
2991 1007 3321 1062 removere,
3359 998 3416 1050 et
3469 991 3750 1055 Ecclesiis

2105 1080 2386 1142 unionem
2418 1078 2899 1158 soliditatemque
2943 1077 3280 1141 restituere.
3329 1077 3520 1143 Habet
3550 1088 3746 1142 autem

2101 1169 2172 1231 ad
2227 1170 2337 1230 hoc
2385 1166 2663 1229 sanctitas
2738 1175 2833 1226 tua
2903 1166 3244 1227 unanimem
3305 1179 3362 1228 et
3415 1168 3745 1248 adjutorem

2102 1257 2608 1340 potentissimum.
2655 1263 2713 1316 et
2777 1255 2934 1316 inter
2985 1255 3376 1336 imperatores
3429 1259 3746 1319 maximum

2102 1366 2170 1408 ac
2196 1365 2493 1408 summum
2529 1346 2767 1426 pietate,
2789 1344 2889 1424 qui
2920 1353 2976 1406 et
3001 1346 3223 1406 Viribus
3254 1346 3745 1426 inexpugnabilis,

2105 1442 2164 1498 et
2194 1435 2511 1517 prudentia
2537 1434 2868 1513 excellens,
2901 1448 2961 1494 et
3005 1433 3160 1494 inter
3190 1452 3399 1495 omnes
3430 1434 3617 1496 bonos
3648 1435 3750 1514 qui

2106 1543 2364 1606 unquam
2407 1521 2785 1584 admirationi
2827 1522 3063 1583 fuerunt
3092 1521 3541 1596 celeberrimus,
3577 1524 3750 1602 cujus

2103 1614 2270 1675 nntui
2303 1622 2360 1674 et
2381 1632 2488 1674 nos
2520 1611 2891 1693 parebimus,
2925 1619 2982 1672 et
3010 1610 3162 1672 servi
3193 1611 3518 1674 Dominica:
3539 1613 3748 1674 volun-

2104 1703 2206 1766 tati
2239 1702 2656 1782 obsequemur.

369 1800 460 1854 καὶ
487 1800 736 1878 μέγιστον
780 1799 833 1855 ἐν
865 1798 1162 1879 βασιλεῦσι,
1194 1800 1277 1878 κρὶ
1307 1789 1596 1878 ἀκρότατον
1653 1797 1751 1864 τὴν
1797 1793 2084 1865 εὐσέϐειαν,
2119 1796 2209 1850 τὸν
2239 1795 2324 1849 καὶ
2364 1815 2462 1859 την
2490 1792 2554 1841 94
2620 1792 2776 1870 ἰσχὺν
2830 1790 3203 1869 ἀπρόσμαχον,
3261 1791 3348 1846 καὶ
3372 1791 3468 1857 τὴν
3498 1789 3748 1879 φρόνησιν

369 1887 786 1964 ἀνυπέρϐλητον,
832 1891 918 1946 καὶ
949 1889 1002 1944 ἐν
1031 1886 1193 1944 ἅπασι
1223 1902 1339 1950 τοῖς
1371 1888 1562 1950 καλοῖς
1593 1887 1803 1942 πάντων
1832 1891 1937 1940 τῶν
1967 1883 2055 1940 ἀπ’
2104 1884 2290 1945 αἰῶνος
2319 1882 2726 1956 θαυμαζομένων
2755 1880 3176 1954 ὀνομαστότατον
3211 1880 3294 1934 ὀὗ
3321 1886 3398 1953 τῷ
3429 1880 3641 1953 νεύματι
3663 1868 3750 1934 καὶ

370 1977 533 2053 ἡμεῖς
577 1977 848 2054 ὑπείξομεν
869 1981 956 2035 καὶ
984 1985 1060 2052 τῷ
1094 1984 1401 2052 Δεσποτικῴ
1435 1977 1693 2052 θελήματι
1719 1978 1764 2032 οἱ
1794 1973 1967 2030 δοῦλοι
1996 1973 2424 2052 ὑπηρετήσομεν.

378 2119 379 2126 η
453 2085 535 2154 Β’.
589 2115 612 2150 σ
648 2094 952 2172 Ἀπόκρισις
983 2095 1114 2173 πρὸς
1145 2093 1209 2150 τὰ
1265 2092 1590 2172 ἐρωτηθέντα
1629 2091 1748 2171 περί
1789 2111 1928 2153 τινος

1059 2174 1228 2252 γάμον
1239 2219 1254 2234 .
1305 2198 1332 2228 ι

454 2282 512 2340 ’0
545 2287 814 2360 Πετρακᾶς
856 2279 1104 2358 ἐγέννησε
1164 2281 1261 2346 την
1322 2268 1726 2359 Ἀρχόντισσαν,
1776 2279 1864 2334 καὶ
1919 2277 2017 2345 τὴν

373 2370 583 2450 Καλὴν,
647 2370 1002 2450 ὁμομητρίους
1050 2387 1065 2403 ⁶
1125 2369 1160 2436 ἡ
1205 2366 1558 2448 Ἀρχόντισσα
1614 2367 1864 2442 ἐγέννησε
1918 2367 2016 2434 τὴν

371 2449 610 2529 Ξανθήν,
646 2449 707 2514 Ἠ
779 2456 931 2524 Καλὴ
976 2456 1222 2532 ἐγέννησε
1265 2459 1355 2513 τὸν
1413 2459 1653 2531 Συμεὼν,
1724 2459 1758 2524 ἡ
1832 2455 2016 2522 Ξανθη

371 2549 620 2628 ἐγέννησε
660 2549 759 2615 τὴν
792 2547 1011 2626 Σοφίαν.
1065 2536 1285 2626 ”Ετεροι
1317 2544 1406 2602 δύο
1450 2544 1759 2626 αὐτάδελφοι
1817 2544 1868 2610 ἐξ
1902 2544 2015 2599 έτέ-

373 2660 463 2718 ρου
536 2637 715 2716 γένους
781 2636 1102 2718 ,δμοπάτριοι
1165 2637 1252 2691 καὶ
1318 2637 1660 2715 ὁμομήτριοι,
1735 2632 2017 2696 Ἰουλιανὸς

370 2714 460 2784 καὶ
488 2714 741 2786 ἰωαννώ,
779 2714 973 2787 ιὈστις
1004 2714 1312 2788 -Ὶουλιανὸς
1367 2720 1651 2780 ἀνελάϐετο
1695 2725 1766 2786 εἷς
1825 2735 2016 2801 γυναῖ-

370 2838 441 2871 κα
510 2815 704 2894 Σοφίαν
764 2813 862 2880 τήν
929 2812 1189 2892 θυγατέρα
1244 2818 1340 2879 τῆς
1400 2816 1638 2878 Ξανθῆς.
1719 2810 2019 2869 Ἀκώλυτόν

372 2904 482 2960 ἑστι
515 2899 701 2958 λαϐεῖν
748 2901 846 2968 τὴν
905 2898 1132 2958 Ἰωαννώ
1189 2901 1427 2958 σύνευνον
1508 2903 1729 2976 Κυμεὼν
1770 2903 1859 2957 τὸν
1912 2904 2018 2957 υἱὸν

371 2997 477 3059 τῆς
508 2989 715 3067 Καλῆς,
747 2990 782 3059 ἢ
813 2991 873 3046 ού
906 3009 922 3064 ;
977 2996 1122 3060 ζητῶ
1177 2991 1346 3047 τοίνυν
1405 2991 1652 3069 γνωρίσαι
1694 2997 1850 3048 τοῦτο
1918 3011 2020 3047 σα·-

375 3081 624 3162 φέστερον
654 3080 793 3158 παρὰ
823 3084 920 3147 τῆς
951 3084 1048 3146 σῆς
1080 3077 1496 3158 μεγαλειότητος
1539 3079 1836 3160 ἐγγράφως,

374 3169 512 3249 Πρός
581 3175 743 3225 ταῦτα
800 3167 1076 3246 ἀπόκρισις
1188 3167 1392 3248 ἐπέχθη
1475 3170 1692 3235 τοιαύτη
1723 3187 1736 3200 ⁸
1799 3166 2018 3236 Ἐπειδῆ

2032 2098 2070 2145 Β
2092 2085 2143 2149 Il
2187 2085 2521 2166 Responsio
2543 2085 3006 2164 adiuterroguta
3019 2083 3091 2145 de
3110 2081 3468 2163 quibusdam
3492 2085 3745 2164 nuptiis.

2184 2275 2456 2334 Petracas
2485 2272 2687 2351 genuit
2739 2271 3189 2334 Archontissam
3221 2280 3278 2334 et
3321 2270 3524 2344 Calen,
3560 2271 3747 2331 uteri-

2102 2381 2210 2423 nos
2242 2382 2255 2422 :
2291 2363 2676 2424 Archontissa
2733 2361 2939 2440 genuit.
2993 2359 3314 2424 Xanthen:
3363 2359 3500 2423 Cale
3547 2359 3752 2436 genuit

2102 2449 2454 2532 Symeonem
2484 2469 2497 2510 :
2524 2451 2710 2513 Xante
2725 2453 2930 2529 genuit
2952 2449 3258 2530 Sophiam.
3286 2451 3412 2513 Duo
3433 2447 3644 2509 fratres
3676 2469 3743 2511 ex

2101 2539 2216 2600 alio
2265 2559 2484 2620 genere
2533 2538 2958 2618 consanguinei
3014 2549 3073 2600 et
3116 2539 3353 2610 uterini,
3387 2535 3659 2599 Julianus
3689 2547 3748 2600 et

2101 2627 2468 2699 Joanna.Qui
2491 2628 2760 2691 Julianus
2782 2652 2808 2682 n
2839 2629 3068 2708 accepit
3091 2629 3152 2689 in
3188 2645 3428 2690 uxorem
3459 2622 3742 2704 Sophiam

2102 2716 2352 2778 Xanlhm
2374 2717 2575 2779 filiam.
2601 2721 2688 2780 An
2716 2716 2993 2798 Symeoni
3024 2717 3191 2779 Cales
3222 2715 3340 2777 tilio
3371 2715 3553 2774 licent
3575 2717 3748 2778 Joan-

2104 2823 2241 2866 nam
2273 2824 2302 2850 ο
2331 2824 2575 2867 uxorem
2636 2807 2888 2880 ducere,
2945 2806 3178 2868 necne?
3234 2805 3441 2878 Quaero
3473 2799 3650 2877 igitur
3675 2806 3746 2868 ab

2103 2893 2494 2974 amplitudine
2528 2902 2626 2956 tua
2650 2895 2763 2955 hoc
2791 2895 3056 2974 apertius
3105 2895 3324 2976 scripto
3357 2905 3744 2972 cognOscere.

2182 3161 2273 3224 Ad
2306 3164 2690 3242 quaestionem
2716 3162 3078 3245 hujnsmodi,
3115 3165 3421 3246 responsio
3446 3164 3576 3226 talis
3599 3164 3748 3226 facta

375 3257 710 3338 ἀναφαίνεται
763 3258 824 3313 τὸ
878 3256 1129 3335 ἐρώτημά
1184 3278 1296 3327 σου,
1369 3260 1415 3312 ὦ
1455 3256 1819 3336 θεοφιλέστατε
1895 3256 2021 3334 Δυρο

2103 3259 2232 3313 est:
2274 3249 2418 3312 Cum
2454 3261 2550 3312 tua
2583 3253 2889 3314 manifesta
2939 3253 3012 3313 sit
3035 3253 3447 3330 interrogatio,
3483 3253 3747 3330 piissime

375 3348 568 3427 ῥαχίτα
598 3346 736 3425 μέγα
785 3345 1116 3425 σακελλάριε,
1177 3346 1220 3401 εἰ
1276 3345 1596 3403 ἀπολύονται
1655 3343 1741 3402 δύο
1809 3344 2020 3427 ἀδελφοὶ

377 3441 508 3518 πρὸς
575 3437 715 3493 θείαν
785 3434 1221 3517 πρωτεξαδέλφην
1304 3437 1392 3493 καὶ
1469 3435 1688 3511 ἀνεψιὰν
1741 3435 1792 3502 ἐξ
1846 3437 2021 3516 ἑτέρου

377 3524 801 3607 πρωτεξοδέλφου
883 3527 1015 3604 πρὸς
1112 3525 1331 3600 ἔννομον
1406 3525 1579 3604 γάμον
1636 3525 1798 3590 ἔξεστι
1869 3533 2022 3583 τοῦτο

377 3616 639 3696 γενέσθαι,
675 3616 803 3673 Οὔτε
873 3616 973 3694 γὰρ
1030 3613 1256 3691 ἄθεσμόν
1305 3615 1468 3694 ἐστιν,
1540 3613 1655 3672 οὔτε
1711 3615 2020 3690 κεκωλυμέ-

379 3728 490 3764 νον.
525 3703 739 3761 Ἐκεῖνα
780 3705 880 3783 γὰρ
941 3703 1282 3779 κεκωλυμένα
1338 3702 1606 3782 λέγονται,
1665 3705 1752 3760 καὶ
1797 3704 2021 3784 ἄθεσμα,

378 3796 467 3851 καὶ
523 3794 824 3872 παράνομα,
901 3791 954 3848 ἐν
1011 3797 1096 3856 οἷς
1150 3793 1217 3848 τά
1284 3800 1374 3849 τοῦ
1434 3791 1616 3870 γένους
1676 3791 2021 3873 συγχέονται,

381 3881 680 3955 Τουτέστιν,
740 3882 784 3936 εἰ
836 3881 980 3944 θεῖός
1051 3881 1185 3961 ἐστι,
1257 3883 1556 3952 συνοικήσει
1612 3885 1709 3948 τῆς
1778 3881 2024 3960 γυναικὸς

379 3969 662 4028 κινδυνεύει
688 3970 902 4046 ἀνεψιὸς
960 3968 1202 4048 λέγεσθαι
1265 3977 1343 4026 τῶ
1410 3968 1556 4047 λόγῳ
1597 3974 1695 4035 τῆς
1750 3972 1881 4050 πρὸς
1925 3969 2024 4038 τήν

381 4073 607 4139 γυναῖκα
664 4063 1023 4138 συναρμογῆς.
1091 4059 1188 4117 Καὶ
1244 4058 1309 4115 αὖ
1385 4057 1543 4118 πάλιν
1589 4060 1631 4114 εὶ
1676 4057 2023 4136 γυναικάδελ-

380 4150 478 4230 φός
549 4148 682 4217 ἐστι,
757 4147 1026 4224 συμϐαίνει
1083 4150 1248 4228 τυχὸν
1318 4146 1558 4225 λέγεσθαι
1627 4145 1958 4228 σύγγαμϐρος
2006 4165 2020 4180 ⁸

450 4235 616 4294 ὶᾶἷλλ’
653 4236 710 4270 ”·’
938 4238 950 4260 ’
1090 4239 1103 4260 “
1222 4239 1236 4260 ’
1575 4239 1594 4294 ὶ
1683 4239 1711 4294 6
1768 4239 1801 4293 ἀ
1956 4237 1997 4276 ’θ

382 4261 449 4294 κα
645 4260 777 4294 α.τα
805 4259 1023 4305 τοιαυτη
1082 4261 1117 4305 η
1177 4259 1434 4317 συγχυσις
1505 4259 1573 4293 κα
1651 4261 1681 4293 τ
1807 4259 2022 4312 πρεπες.

384 4329 531 4386 Κατά
553 4329 652 4406 γάρ
681 4329 772 4383 τὸν
799 4326 1152 4406 θεοφύλακτον
1211 4328 1377 4405 μέγαν
1427 4325 1644 4403 βασιλέα
1667 4327 1752 4402 95,
1813 4327 1867 4383 ἐν
1908 4341 2027 4391 τοῖς

381 4418 575 4496 γάμοις
615 4420 676 4476 οὒ
705 4416 868 4492 μόνον
924 4417 985 4472 τὸ
1055 4415 1499 4495 ἐπιτετραμμένον
1554 4424 1835 4490 ζητοῦμεν,
1893 4416 2028 4474 ἀλλά

382 4507 470 4562 καὶ
526 4507 588 4561 τὸ
636 4504 910 4584 εὐπρεπές.
963 4504 1060 4561 Καὶ
1103 4503 1313 4584 ἑτέρωθι
1369 4506 1398 4560 6
1466 4507 1646 4578 αὐτὸς,
1707 4506 1798 4563 Ἐν
1841 4509 1926 4571 οἷς
1964 4507 2030 4562 τὰ

383 4601 476 4651 τοῦ
545 4593 726 4672 γένους
785 4593 1126 4673 συγχέονται,
1200 4593 1402 4649 ἐκεῖθεν
1451 4595 1478 4649 6
1535 4596 1705 4672 γάμος
1757 4594 2024 4671 ἀθέμιτος.

387 4674 519 4741 υΟτι
559 4689 684 4761 γοῦν
713 4680 830 4738 οὔτε
871 4705 950 4746 τις
981 4681 1245 4761 ἀπρέπεια
1307 4681 1521 4738 ἐνταῦθα
1573 4683 1880 4764 ἀνακύπτει,
1913 4682 2028 4740 οὔτε

383 4782 478 4832 τοῦ
529 4771 710 4852 γένους
765 4771 1021 4851 σύγχυσις
1081 4769 1195 4850 (τοῦ
1240 4771 1339 4851 γὰρ
1394 4771 1569 4850 ἑτέρου
1626 4772 1812 4851 μίμους
1883 4771 2029 4848 πέμ-

385 4884 520 4925 πτος
574 4861 800 4937 βαθμὸς,
857 4869 950 4918 τοῦ
1010 4858 1064 4916 δὲ
1121 4861 1299 4940 ἐτέρου
1367 4858 1624 4940 δεύτερος,
1723 4863 1810 4918 καὶ
1866 4861 2029 4927 οὕτως

385 4947 607 5026 ἕϐδομος
665 4948 717 5015 ἐξ
806 4948 1116 5029 ἀγχιστείας
1201 4949 1613 5028 ὀνομαζόμενος)
1702 4949 1946 5027 ἔνθεσμος
2004 4953 2032 5008 6

384 5045 622 5101 τοιοῦτος
656 5038 850 5115 γάμος,
895 5039 982 5094 καὶ
1025 5036 1265 5114 ἔννομος,
1339 5039 1425 5094 καὶ
1480 5037 1770 5105 ἀκώλυτος.
1830 5038 2032 5121 Ἀγχι-

387 5127 533 5183 στεία
554 5125 608 5182 δέ
659 5125 790 5201 ἐστι,
851 5127 986 5183 κατά
1026 5128 1117 5183 τὸν
1173 5125 1483 5203 νομοθέτην,
1543 5128 1806 5196 οἰκειότης
1860 5151 2030 5208 προσ-

387 5216 551 5273 ώπων
576 5216 636 5272 ἐκ
661 5216 846 5294 γάμων
888 5217 1023 5292 ἡμῖν
1075 5215 1412 5296 συνημμένη,
1471 5218 1774 5295 συγγενείας
1830 5217 1979 5282 ἐκτός
2015 5235 2028 5250 ⁸

2104 3339 2446 3418 Dyrrachita
2500 3358 2708 3419 magne
2738 3342 3052 3403 sacellarie
3106 3361 3179 3402 an
3212 3341 3440 3402 duobus
3469 3340 3748 3401 fratribus

2100 3426 2366 3504 legitimo
2412 3429 2706 3490 connubio
2758 3429 2927 3508 jungi
2986 3431 3160 3491 liceat
3215 3449 3350 3490 cum
3399 3428 3596 3509 priore
3645 3447 3747 3488 so-

2103 3515 2274 3577 brina
2305 3525 2361 3576 et
2412 3517 2756 3577 consobrini
2809 3518 3162 3598 patruelisve
3206 3519 3341 3579 lilia.
3393 3520 3532 3578 .Iure
3563 3515 3742 3578 licet:

2107 3623 2302 3685 neque
2334 3605 2496 3665 nefas
2525 3629 2572 3680 ρ,
2601 3625 2791 3679 neque
2819 3606 3202 3684 prohibitum.
3230 3605 3334 3668 Illa
3362 3605 3520 3666 enim
3551 3605 3752 3685 prohi-

2107 3691 2229 3756 bita
2255 3694 2535 3756 dicuntur
2562 3721 2608 3771 (ι,
2646 3695 2893 3769 nefaria,
2931 3705 2988 3757 et
3020 3695 3258 3775 injusta,
3303 3695 3363 3756 in
3395 3694 3611 3776 quibus
3640 3715 3747 3757 co-

2107 3782 2402 3861 gnationis
2420 3783 2558 3862 jura
2586 3783 3048 3848 confunduntur.
3081 3783 3144 3846 Id
3177 3793 3265 3846 est
3311 3785 3358 3845 si
3392 3793 3630 3865 patruus
3659 3785 3749 3847 vel

2107 3871 2433 3933 avunculus
2464 3883 2576 3949 est,
2628 3873 2700 3934 ob
2741 3873 3032 3935 rationem
3064 3873 3322 3954 conjugii
3353 3872 3746 3936 cohabitatio-

2107 3961 2318 4040 nisque
2351 3981 2484 4023 cum
2517 3980 2720 4037 uxore,
2748 3963 3011 4024 futurum
3039 3972 3148 4039 est,
3174 3962 3456 4024 utfratris
3492 3964 3753 4028 sororis-

2109 4069 2177 4114 ve
2210 4051 2365 4112 tilias
2416 4052 2767 4133 appelletur.
2801 4051 2871 4112 Et
2923 4071 3129 4114 rursus
3183 4053 3234 4114 si
3285 4051 3485 4114 uxoris
3542 4051 3748 4136 frater,

2108 4141 2337 4203 accidet
2365 4141 2513 4203 forte
2539 4149 2600 4202 ut
2632 4161 2933 4222 congener
2965 4143 3227 4204 dicatur°
3257 4151 3314 4204 et
3362 4145 3498 4223 alia,
3521 4167 3652 4229 quae
3682 4167 3750 4210 ex

2107 4230 2448 4311 hujusmodi
2480 4229 2825 4294 confusione
2849 4242 2909 4295 et
2941 4233 3330 4314 turpitudine.
3355 4233 3497 4296 Nam
3530 4255 3751 4299 secun-

2109 4319 2249 4382 dum
2276 4319 2746 4401 the0pbylactum
2767 4341 3042 4401 magnum
3071 4322 3350 4384 Basilium
3380 4341 3421 4396 ι’,
3447 4323 3506 4385 in
3531 4327 3754 4406 nuptiis

2111 4428 2229 4471 non
2254 4410 2442 4470 solum
2474 4409 2628 4490 quod
2663 4410 3016 4490 permissum
3050 4419 3138 4472 est
3179 4411 3524 4491 quaerimus,
3558 4415 3660 4474 sed
3696 4424 3754 4477 et

2112 4499 2267 4580 quod
2319 4499 2655 4561 honestum.
2717 4498 3000 4580 Idemque
3055 4499 3220 4570 alibi.
3265 4499 3324 4560 in
3380 4500 3594 4580 quibus
3624 4521 3754 4582 qua;

2112 4597 2250 4650 sunt
2279 4587 2652 4669 cognationis
2681 4587 3143 4665 confunduntur,
3171 4588 3252 4650 ibi
3273 4589 3489 4669 nuptize
3505 4588 3748 4653 illicitae.

2050 4666 2095 4717 ι)
2114 4677 2279 4750 Quod
2295 4666 2476 4756 igitur
2494 4695 2687 4757 neque
2710 4676 3007 4757 turpitudo
3026 4677 3124 4739 hic
3141 4666 3394 4758 emergit
3413 4678 3754 4761 ulla,neque

2111 4767 2347 4846 generis
2377 4766 2682 4847 confusio;
2738 4769 2828 4846 (ex
2859 4785 2973 4827 una
3015 4785 3270 4849 namque
3321 4775 3483 4848 parte
3514 4769 3754 4848 quintus

2113 4860 2352 4939 gradus,
2394 4875 2462 4918 ex
2492 4856 2676 4917 altera
2709 4855 3026 4932 secundus,
3064 4857 3427 4936 proindeque
3461 4859 3753 4939 septimus

2114 4945 2423 5010 affinitatis
2479 4947 2845 5025 nominatus)
2890 4945 3065 5007 licita:
3112 4945 3258 5008 tales
3289 4946 3529 5028 nuptiae,
3559 4947 3753 5027 legiti-

2115 5055 2345 5118 maeque
2368 5055 2478 5098 nec
2498 5033 2982 5097 vetitaeAiﬁnitas
3003 5040 3222 5116 autem,
3257 5035 3584 5097 secundum
3600 5038 3757 5117 juris

2116 5128 2508 5194 conditorem,
2570 5133 2660 5186 cst
2716 5141 3105 5205 personarum
3183 5124 3594 5206 propinquitas
3651 5147 3759 5209 per

2116 5215 2356 5298 nuptias
2385 5213 2560 5276 nobis
2615 5213 2951 5293 conciliata,
3010 5221 3172 5276 extra
3217 5215 3653 5294 cognationem.
3688 5216 3760 5279 Et

1716 5381 1980 5450 νΑιιυΕ
2021 5383 2345 5451 LECTION
2351 5382 2460 5446 ES.

468 5503 536 5556 92
569 5506 870 5573 συνάπτειν.
899 5506 965 5559 93
1003 5509 1040 5578 ἡ
1072 5507 1340 5586 ἀγιωσύνη
1364 5527 1482 5570 σου.
1511 5504 1577 5556 94
1601 5507 1692 5564 τὸν
1735 5507 1871 5565 κατά
1899 5508 2021 5578 τήν.
2051 5505 2118 5557 95
2143 5505 2436 5565 Βασίλειον.

473 5642 524 5708 ιε
565 5625 886 5705 perfectio.
949 5624 1262 5690 “Joanno.
1307 5643 1338 5675 ο
1385 5623 1762 5690 Joannonem
1804 5647 1831 5689 ρ
1858 5627 2172 5691 incestum.
2218 5632 2322 5690 εισι
2379 5627 2626 5701 incesta,
2661 5629 2715 5688 et
2743 5624 3013 5704 nefaria,
3045 5625 3114 5688 in
3143 5625 3384 5708 quibus.
3414 5635 3435 5663 '
3465 5626 3643 5694 illum
3697 5628 3764 5695 di

390 5706 625 5770 vinitus
654 5708 1038 5770 custoditum.
