4192 6220
458 356 578 425 935

1839 353 1872 416 J
1878 351 1972 416 US
2011 349 2459 416 CANONIGUM

3723 354 3844 420 936

467 492 803 558 differentia
839 490 1002 553 nulla
1040 488 1152 552 erit
1208 493 1550 567 agnatorum
1613 495 1670 548 et
1700 493 2102 566 cognatorum,

2193 485 2280 540 καὶ
2349 483 2568 566 διαφορά
2634 509 2715 552 τις
2783 488 2876 544 οὐκ
2931 487 3075 545 ’ἐσται
3132 489 3371 568 ἀγνάτων
3427 490 3514 546 καὶ
3567 489 3840 568 κογνάτων

465 583 567 665 qui
606 581 883 644 videlicet
917 596 1024 659 per
1056 594 1252 665 mares
1307 583 1404 665 aut
1434 575 1682 665 feminas
1712 574 2102 665 descendunt,

461 663 718 753 septimo
750 667 1054 731 afﬁnitatis
1109 664 1291 744 gradu
1333 663 1710 753 intermedio.
1746 663 1904 753 Talis
1933 663 2110 753 igitur

463 751 800 824 contractus
853 757 974 833 ﬁet,
1053 751 1572 834 nec'prohibetur,
1636 752 1709 813 iis
1753 752 2105 826 rationibus,

463 868 608 931 quas
639 846 868 924 legibus
899 854 954 906 et
999 842 1328 906 canonibus
1373 841 1561 903 innixi
1593 841 1867 903 diximus.
1906 846 2107 904 Mense

462 937 826 1021 Septembri,
861 933 1123 997 indictus
1154 931 1406 994 Basilius
1444 931 1685 994 humilis
1709 956 1750 1012 ε,
1786 931 2108 994 Thessalo-

460 1048 859 1194 nicia‘eilCETE
901 1122 1517 1189 METROPOLITANI
1561 1123 2001 1188 HEltACLE/E.

622 1233 934 1313 Responsa
962 1231 1041 1292 ad
1073 1229 1533 1292 Constantinum
1577 1228 1940 1307 episcopum.

540 1339 965 1416 Interrogatio.
1021 1335 1113 1396 Au
1172 1331 1272 1412 qui
1322 1335 1394 1395 ad
1482 1332 1776 1392 secundas
1843 1331 2110 1393 convolat

459 1429 723 1510 nuptias,
749 1424 1024 1503 accipere
1055 1421 1240 1503 possit
1267 1422 1483 1504 bigami
1516 1431 1914 1508 precationem
1945 1447 1978 1490 a
2009 1449 2110 1492 re-

457 1516 651 1598 gionis
678 1514 963 1576 antistite.

543 1606 874 1686 Responsio
928 1601 1141 1662 Exacta
1190 1601 1430 1681 quidem
1493 1603 1808 1685 disciplina
1840 1605 2108 1685 bigamos

461 1712 747 1760 coronare
772 1711 887 1754 non
920 1689 1081 1751 novit
1115 1711 1130 1750 :
1167 1710 1393 1768 magnae
1419 1701 1615 1754 autem
1648 1693 1932 1757 Ecclesiae
1962 1715 2110 1756 con-

2194 579 2294 629 τῶν
2323 572 2374 640 ἐξ
2418 574 2776 654 ἀῤῥενογονίας
2820 575 3024 645 δηλαδὴ
3079 580 3164 635 καὶ
3222 577 3558 657 θηλυγονίας,
3617 575 3836 654 ἑϐδόμου

2189 660 2241 728 εξ
2362 663 2674 744 ἀγχιστείας
2761 663 3178 740 μεσολαϐοῦντος
3278 667 3500 744 βαθμοῦ.
3573 665 3834 724 Ἐντεῦθεν

2191 755 2280 808 οὗν
2309 753 2526 832 γένηται
2557 755 2617 810 τὸ
2659 757 2892 812 τοιοῦτον
2964 755 3336 837 συνάλλαγμα,
3398 759 3485 814 καὶ
3533 757 3592 813 οὗ
3656 753 3835 812 κωλυ-

2190 843 2408 911 θήσεται
2437 841 2554 899 καθ’
2586 842 2672 908 οῧς
2729 843 2930 925 ἔφαμεν
2997 845 3245 925 τρόπους,
3292 846 3474 922 νόμοὶς
3532 847 3620 903 καὶ
3667 845 3831 900 κανό-

2191 953 2272 987 σιν
2315 929 2723 1010 ἐπερειδόμενοι,
2770 922 2910 1001 Μηνὶ
2965 922 3327 1016 Σεπτεμϐρίῳ,
3371 936 3728 1011 ἑπινεμήσεως
3759 922 3830 1008 θ’,

2192 1019 2462 1086 Βασίλειος
2495 1023 2522 1077 6
2551 1023 2795 1086 ταπεινὸς
2827 1022 3244 1091 Θεσσαλονίκης.

2382 1131 2633 1182 ΝΙΚΗΤΑ
2679 1132 3195 1185 ΜΗΤΡΟΠΟΛΙΤΟΥ
3240 1132 3640 1190 ΠΡΑΚΛΕῙΑΣ.

2315 1249 2342 1280 ιι
2377 1223 2702 1305 Ἀποκρίσεις
2734 1229 2864 1308 πρὸς
2911 1239 3310 1287 Κωνσταντῖνον
3339 1229 3643 1290 ἕπίσκοπον.
3679 1249 3702 1279 ⁸

2273 1325 2589 1406 Ἐρώτησις.
2649 1330 2778 1394 Τοὺς
2859 1331 2932 1393 εἰς
3001 1328 3235 1411 δεύτερον
3295 1331 3614 1389 ωνοικέσιον
3667 1331 3823 1410 ἔρχο-

2189 1416 2383 1494 μένους
2427 1419 2469 1473 εἶ
2498 1415 2583 1474 δεῖ
2613 1415 2799 1474 λαϐεῖν
2833 1419 2933 1487 τὴν
2974 1427 3065 1477 τοῦ
3095 1418 3316 1499 διγάμου
3374 1421 3539 1500 εὐχὴν
3571 1421 3710 1499 παρὰ
3737 1428 3829 1478 τοῦ

2193 1507 2329 1564 κατὰ
2359 1506 2542 1586 χώραν
2585 1507 2903 1587 ἀρχιερέως.

2276 1596 2586 1676 Απόκρισις,
2655 1590 2716 1653 Ἠ
2789 1597 2885 1674 μὲν
2941 1597 3176 1677 ἀκρίϐεια
3242 1599 3361 1662 τοὺς
3413 1595 3665 1676 διγάμους
3736 1599 3828 1654 οὒκ

2197 1683 2312 1742 οἶδε
2344 1695 2649 1765 στεφανοῦν,
2695 1689 2729 1755 ἡ
2762 1686 2816 1743 δὲ
2846 1687 2900 1745 ἐν
2929 1695 2996 1764 τῇ
3028 1686 3237 1766 μεγάλῃ
3269 1685 3561 1760 Ἐκκλησία
3588 1689 3830 1757 συνήθεια

460 1785 710 1849 suetudo
741 1783 866 1844 haec
889 1799 1006 1841 non
1030 1779 1436 1854 observat,sed
1471 1781 1717 1861 bigamis
1735 1784 1909 1844 etiam
1933 1803 2102 1866 spon-

2192 1775 2258 1831 τὰ
2300 1782 2514 1831 τοιαῦτα
2536 1775 2596 1832 οὗ
2623 1790 3011 1855 παρατηρεϊται
3053 1796 3066 1809 ·
3094 1775 3231 1833 ἀλλὰ
3271 1777 3357 1833 καὶ
3413 1790 3530 1841 τοῖς
3587 1775 3830 1854 διγάμοις

461 1875 683 1937 salitias
741 1887 991 1932 coronas
1048 1866 1301 1948 imponit
1335 1887 1347 1931 :
1387 1888 1497 1932 nec
1529 1872 1681 1932 ullus
1715 1892 1970 1952 unquam
2005 1893 2110 1954 per

463 1983 593 2026 eam
625 1978 860 2024 causam
913 1959 1213 2021 incusatus
1263 1967 1372 2021 est.
1436 1959 1694 2032 Ideoque
1751 1962 2105 2024 calumniam

460 2073 576 2114 non
631 2047 971 2112 formidabit
1027 2046 1360 2127 quisquam,
1396 2052 1442 2108 si
1506 2048 1651 2110 tales
1712 2053 2104 2116 coronaverit.

460 2141 582 2202 Nisi
615 2138 773 2222 quod
806 2154 1024 2198 annum
1085 2155 1267 2196 unum
1325 2145 1419 2196 aut
1452 2137 1703 2198 alterum
1739 2157 1769 2199 a
1803 2158 2104 2202 sacrorum

458 2229 870 2310 mysteriorum
929 2223 1348 2310 communione
1405 2227 1598 2288 arceri
1659 2228 1958 2290 debeant:
1997 2249 2106 2292 nec

457 2316 745 2398 eum,qui
795 2313 1195 2396 precationem
1255 2315 1548 2395 concepit,
1613 2315 1789 2378 simul
1840 2336 1973 2380 cum
2033 2320 2106 2381 iis

455 2408 654 2470 cibum
685 2422 927 2466 sumere
959 2410 1228 2483 oporteat
1255 2437 1292 2475 ι.

531 2497 830 2573 Interrog.
884 2494 979 2554 An
1013 2491 1268 2571 puellam
1320 2500 1592 2570 oporteat
1621 2494 1895 2576 accipere
1921 2496 2101 2559 alium

451 2586 662 2656 virum,
699 2601 834 2643 cum
887 2579 974 2640 vir
1006 2579 1135 2658 eius
1188 2592 1277 2640 est
1309 2579 1369 2640 in
1429 2590 1769 2645 extraneam
1806 2586 2108 2665 regionem

455 2676 775 2754 profectus,
809 2671 1010 2751 ibique
1043 2669 1433 2733 concubinam
1469 2683 1695 2749 nactus,
1735 2683 1791 2737 et
1840 2676 1968 2757 ipsa
2000 2667 2109 2739 viri

452 2761 707 2824 reditum
745 2760 932 2822 tribus
953 2759 1125 2821 annis
1156 2761 1536 2840 exspectavit.

533 2852 703 2930 Resp.
740 2849 847 2912 Hic
877 2847 1118 2928 quidem
1152 2866 1185 2909 a
1215 2849 1544 2912 concubina
1575 2851 1864 2935 discedet,
1890 2873 1999 2917 nec
2032 2854 2104 2916 ab

454 2957 634 3002 uxore
656 2937 1029 3018 separabitur
1062 2954 1076 2999 :
1123 2937 1226 2998 sed
1263 2955 1371 2998 nec
1399 2937 1524 3018 ipsa
1555 2939 1625 3001 ad
1681 2941 1825 3004 alias
1854 2943 2104 3006 festina-

455 3029 540 3089 bit
567 3027 823 3110 nuptias.
859 3025 1070 3088 Libera
1101 3025 1260 3086 enim
1287 3037 1395 3102 est,
1432 3037 1490 3088 ut
1524 3028 1716 3110 inquit
1762 3033 2098 3112 Apostolus,
2122 3066 2161 3116 ο

454 3119 581 3179 viro
614 3127 869 3192 mortuo,
905 3135 1021 3177 non
1054 3123 1250 3178 autem
1285 3133 1354 3178 eo
1383 3118 1638 3182 vivente.

531 3296 820 3375 Interrog.
886 3293 1083 3357 Puella
1158 3292 1424 3374 quaedam
1486 3294 1674 3358 virum
1731 3299 1982 3380 accepit,
2043 3309 2101 3363 et

449 3383 883 3466 sponsaliorum
941 3383 1090 3444 facta
1151 3390 1239 3444 est
1294 3389 1552 3463 precatio
1602 3393 1659 3447 et
1706 3385 2092 3452 benedictio:

449 3493 580 3535 cum
613 3472 866 3536 carnalis
884 3491 1000 3533 non
1023 3471 1440 3534 intervenisset
1470 3477 1702 3554 copula,
1728 3476 1819 3536 vir
1849 3475 1909 3538 in
1932 3497 2096 3541 suam

454 3582 687 3624 socrum
741 3561 1050 3642 prolapsus
1101 3570 1212 3637 est,
1270 3561 1690 3644 gravidamque
1741 3564 1899 3629 fecit.
1945 3566 2095 3640 Quid

449 3651 784 3714 faciendum
819 3661 908 3712 est
929 3649 960 3711 ?

528 3740 711 3820 Resp.
771 3738 854 3800 De
923 3739 1032 3801 hac
1088 3737 1288 3820 specie
1349 3748 1406 3800 et
1439 3743 1602 3820 prius
1623 3743 2090 3823 respondimus:

448 3847 605 3891 nunc
635 3836 827 3890 autem
852 3827 1007 3909 quod
1043 3827 1321 3908 suppetit,
1354 3830 1889 3908 respondebimus:
1917 3832 2097 3896 licere

447 3919 572 3978 viro
605 3935 768 3978 suam
801 3935 1042 3978 uxorem
1077 3916 1338 3980 habere:
1368 3918 1472 3978 sed
1498 3919 1758 3998 procula
1789 3939 1961 3983 socru
1993 3940 2095 3984 re-

450 4005 806 4068 movendum
849 4023 1006 4080 esse,
1069 4004 1145 4066 ob
1205 4005 1416 4066 malam
1471 4009 1985 4093 consuetudinem,
2021 4030 2098 4073 ne

444 4095 696 4176 amplius
724 4094 798 4156 ab
829 4113 899 4156 ea
930 4094 1282 4175 pelliciatur.

527 4272 838 4357 Interrog.
873 4273 932 4338 Si
954 4294 1070 4356 qua
1109 4274 1325 4337 mulier
1347 4283 1515 4356 partu
1538 4277 1721 4360 edito,
1754 4279 2088 4342 calumnie-

2190 1864 2310 1928 τοὺς
2381 1865 2666 1944 νυμφικοὺς
2711 1866 2992 1944 στεφάνους
3036 1865 3339 1933 ἐπιτίθησι·
3408 1865 3497 1921 καὶ
3543 1862 3705 1930 οὐδεὶς
3735 1868 3828 1922 οὗ·

2190 1950 2376 2010 δὲποτε
2408 1943 2507 2009 διὰί
2533 1960 2687 2011 τοῦτο
2736 1943 3016 2024 ἐνεκλήθη.
3068 1943 3244 2011 Ηῼστε
3299 1953 3413 2012 οὖδέ
3469 1977 3550 2019 τις
3586 1951 3827 2034 φοϐηθή-

2189 2063 2335 2098 σεται
2391 2045 2454 2098 τὸ
2531 2041 2824 2120 ἐπίκλημα,
2903 2044 3023 2106 τοὺς
3098 2051 3364 2107 τοιώτους
3459 2045 3821 2122 στεφανώσας.

2189 2130 2339 2199 Πλὴν
2370 2130 2664 2211 ὀφείλουσιν
2694 2131 2782 2190 ἕνα
2839 2131 2875 2200 ἢ
2933 2133 3020 2189 καὶ
3092 2131 3327 2212 δεύτερον
3369 2133 3605 2189 ἐνιαυτὸν
3647 2130 3821 2187 κωλυ-

2187 2223 2339 2287 θῆναι
2395 2225 2494 2288 τῆς
2550 2228 2655 2276 τῶν
2698 2220 2859 2299 ἀγίων
2930 2221 3232 2302 μυστηρίων
3301 2219 3656 2297 μεταλήψεως
3691 2236 3704 2250 ⁸
3738 2222 3822 2276 καὶ

2189 2307 2302 2369 οὐδὲ
2329 2312 2420 2367 τὸν
2485 2309 2897 2391 ἱερολογήσαντα
2955 2312 3066 2391 χρὴ
3134 2315 3527 2380 συνεστιαθῆναι
3598 2312 3820 2376 τούτοις.

2270 2488 2384 2568 Ἐρ.
2413 2490 2470 2546 Εἰ
2499 2488 2582 2547 δεῖ
2630 2488 2794 2570 κόρην
2849 2488 3034 2546 λαϐεῖν
3091 2489 3264 2570 ἕτερον
3325 2487 3506 2570 ἀνδρα,
3577 2493 3670 2547 τοῦ
3724 2490 3822 2544 ἆν-

2193 2575 2310 2654 δρὸς
2341 2579 2502 2646 αὐτῆς
2539 2579 2835 2659 ἀπάραντος
2863 2581 2936 2644 εἰς
2987 2576 3294 2646 ἀλλοδαπὴν
3343 2581 3550 2659 χώραν,
3607 2580 3824 2635 κάκεῖσε

2192 2667 2472 2736 παλλακὴν
2540 2669 2898 2750 κτησαμένου,
2944 2669 3031 2726 καὶ
3073 2670 3234 2736 αὐτῆς
3291 2670 3826 2750 προσκαρτερησάσης

2189 2757 2287 2824 τὴν
2319 2765 2411 2814 τοῦ
2439 2754 2622 2838 ἀνδρὸς
2655 2756 2824 2838 ἄφιξιν
2855 2757 3078 2837 χρόνους
3109 2771 3276 2836 τρεῖς.

2272 2847 2395 2905 Ἀπ.
2435 2837 2494 2904 Ὀ
2535 2837 2766 2912 τοιοῦτος
2807 2849 2905 2914 τῆς
2949 2850 3044 2922 μὲν
3097 2846 3377 2914 παλλακῆς
3437 2847 3820 2927 ἀποστήσεται,

2187 2939 2282 3005 τῆς
2314 2935 2368 2992 δὲ
2396 2937 2642 3014 γυναικὸς
2709 2939 2769 2995 ού
2837 2937 3252 3016 χωρισθήσεται.
3311 2933 3478 2992 Ἀλλὰ
3546 2936 3634 2990 καὶ
3690 2935 3824 3002 αὐτὴ

2187 3027 2316 3105 πρὸς
2371 3025 2546 3104 ἕτερον
2614 3025 2786 3104 γάμον
2857 3027 2950 3082 οὒκ
3020 3026 3316 3086 ἀπονεύσει.
3387 3023 3669 3103 Ἐλευθάρα
3725 3027 3824 3104 γὰρ

2187 3117 2327 3174 ἐστιν
2361 3116 2455 3197 (ὥς
2499 3119 2703 3198 φησινὸ
2734 3114 3081 3197 ’Λπόστολος)
3105 3117 3459 3181 ἀποθανόντος
3489 3116 3582 3172 τοῦ
3611 3114 3822 3198 ἀνδρὸς,

2185 3211 2379 3278 ζῶντος
2409 3205 2484 3282 δὲ,
2533 3208 2627 3263 οῦκ
2654 3205 2753 3269 ἔτι,

2268 3293 2381 3375 Ἐρ.
2427 3295 2572 3375 Κόρη
2600 3317 2679 3358 τις
2711 3292 2992 3352 ἀνελάϐετο
3049 3291 3227 3375 ἄνδρα,
3285 3296 3374 3352 καὶ
3414 3294 3629 3373 γέγονεν
3681 3295 3822 3375 εὖχὴ

2184 3385 2468 3462 μνηστείας
2498 3386 2586 3441 καὶ
2630 3383 2914 3464 ἱερολογία,
2973 3382 3093 3440 ἄνευ
3175 3389 3274 3451 τῆς
3342 3385 3640 3464 συναφείας,
3702 3383 3822 3440 Εἶθ’

2181 3477 2314 3535 οὕτω
2367 3477 2673 3543 περιέπεσεν
2731 3479 2758 3534 6
2814 3477 2946 3556 ἀνὴρ
3009 3478 3082 3541 εἷς
3152 3478 3250 3545 τὴν
3329 3481 3484 3537 αὐτοῦ
3545 3478 3816 3557 πενθερὰν.

2179 3569 2266 3625 καὶ
2295 3567 2650 3647 ἐνεγάστρωσε
2679 3569 2896 3634 ταύτην,
2931 3567 2992 3622 Τί
3033 3563 3118 3623 δεῖ
3149 3580 3366 3627 ποιεῖνζ

2260 3746 2385 3808 Ἀπ.
2447 3745 2570 3824 Περὶ
2625 3744 2820 3811 ταύτης
2881 3744 2977 3812 τῆς
3058 3744 3354 3808 ὑποθέσεως
3414 3745 3501 3801 καὶ
3569 3745 3814 3825 πρότερον

2177 3833 2555 3913 ἀπεκρίθημεν,
2640 3832 2726 3888 καὶ
2781 3839 2867 3889 νῦν
2979 3831 3034 3889 δὲ
3088 3835 3151 3890 τὸ
3217 3833 3606 3914 παριστάμενον
3684 3835 3816 3909 ἡμῖν

2177 3921 2595 4002 ἀποκρινούμεθα
2627 3962 2643 3980 .
2673 3919 2752 3977 ὅτι
2798 3923 2826 3978 6
2875 3921 3007 4002 ἀνὴρ
3061 3922 3160 3990 τὴν
3220 3923 3406 3979 ἑαυτοῦ
3452 3923 3551 3998 μὲν
3592 3935 3816 4000 γυναῖκα

2179 4010 2325 4091 ἔχειν
2353 4012 2851 4092 συγχωρηθήσεται,
2883 4016 2980 4078 τῆς
3053 4010 3107 4067 δὲ
3193 4015 3440 4091 πενθερᾶς
3511 4012 3814 4090 μακρυνθή-

2175 4122 2344 4176 σεται,
2375 4098 2460 4157 διὰ
2486 4100 2586 4167 τὴν
2617 4098 2820 4180 φαύλην
2871 4101 3142 4171 συνήθειαν
3188 4115 3202 4130 ⁸

2171 4212 2270 4257 της
2300 4190 2389 4246 καὶ
2428 4187 2504 4246 ἔτι
2543 4187 2789 4256 ἕλκηται.

2254 4276 2370 4357 Ἐρ.
2442 4277 2568 4335 Ἐὰν
2617 4300 2698 4342 τις
2756 4279 2885 4356 γυνὴ
2955 4284 3179 4335 τεκοῦσα
3260 4278 3492 4354 παιδίον,
3558 4277 3816 4354 διαϐάλλῃ

3263 4100 3357 4157 ’ἕνα
3412 4101 3490 4176 μὴ
3544 4102 3644 4158 ὕπὸ
3683 4101 3815 4156 ταύ-

450 4371 546 4425 tur
573 4349 990 4434 sacerdotem;
1031 4365 1194 4446 quasi
1229 4382 1299 4426 ex
1347 4349 1428 4426 'eo
1462 4349 1780 4447 pepererit,
1810 4369 1951 4450 quid
2003 4369 2089 4430 fac

2185 4367 2338 4447 ἱερέα,
2393 4369 2466 4432 ὡς
2525 4365 2576 4432 ἐξ
2634 4369 2790 4423 αὐτοῦ
2843 4374 3068 4424 τεκοῦσα
3109 4377 3281 4442 τοῦτο,
3328 4372 3378 4425 τί
3419 4367 3501 4426 δεῖ
3554 4367 3814 4448 γενέσθαι,

443 4451 721 4514 ciendum
748 4453 796 4514 si
848 4452 1262 4534 probationum
1301 4452 1382 4516 sit
1429 4454 1674 4535 inopia?
1695 4475 1767 4518 an
1782 4457 2092 4538 jusjuran-

445 4540 588 4604 dum
645 4542 944 4624 praestabit
997 4543 1231 4625 mulier,
1293 4550 1360 4604 ut
1425 4545 1704 4607 sacerdos
1760 4549 2090 4628 periculum

441 4630 658 4708 gradus
687 4630 943 4693 subeat?

520 4720 693 4800 Resp.
732 4720 994 4786 Crimina
1040 4741 1157 4784 nou
1212 4739 1318 4802 per
1351 4721 1708 4784 calumniam
1734 4738 1762 4769 ιι
1785 4731 1885 4786 aut
1914 4743 2087 4787 exse-

441 4808 767 4871 orationem
801 4810 1129 4886 diluuntur,
1188 4812 1291 4872 sed
1324 4810 1640 4893 inculpata:
1661 4813 1792 4874 vita
1849 4814 2088 4875 testium

442 4916 587 4959 voce
602 4898 992 4979 jurejurando
1017 4900 1867 4963 conﬁrmatademonstrantur
1893 4925 1936 4961 ν.
1972 4907 2091 4966 Me-

440 4985 637 5049 retrici
661 4999 859 5050 autem
893 4988 1055 5051 nulla
1113 4988 1262 5050 ﬁdes
1293 4987 1565 5050 habenda
1599 5007 1612 5052 :
1650 4989 1753 5051 sed
1783 4989 2088 5072 relinqua-

441 5081 535 5136 tur
566 5077 843 5140 sacerdos
865 5077 1090 5158 judicio
1139 5077 1270 5150 Dei,
1325 5077 1424 5159 qui
1456 5077 1649 5139 statim
1685 5079 1967 5144 ultionem
2001 5089 2092 5144 est

435 5164 720 5228 facturus.

518 5253 816 5336 Interrog.
850 5254 1044 5320 Vidua
1091 5255 1384 5337 quaedam,
1436 5276 1777 5338 germanam
1833 5257 2086 5339 habens,

2175 4457 2395 4536 ἀπορίας
2443 4459 2600 4524 οὔσης
2671 4453 3032 4537 ἀποδείξεωνς
3093 4454 3392 4514 Ἐκτελέσει
3450 4459 3542 4514 τὸν
3596 4457 3748 4536 ὅρκον
3776 4459 3812 4524 ἡ

2173 4545 2331 4624 γυνὴ,
2377 4546 2463 4602 καὶ
2491 4543 2802 4602 κινδυνεύσει
2833 4546 2904 4608 εἰς
2945 4547 3036 4602 τὸν
3077 4546 3277 4623 βαθμὸν
3322 4549 3350 4604 6
3381 4548 3544 4628 ἱερεὺς
3578 4565 3596 4624 ;

2254 4723 2382 4784 ’Λπο
2465 4723 2542 4782 Τὰ
2597 4720 2910 4802 ἐγκλήματα
2965 4727 3026 4782 οὒ
3081 4720 3164 4781 διὰ
3260 4731 3639 4804 συκοφαντικοέᾶ
3726 4723 3814 4780 καὶ

2171 4812 2374 4873 τελείου
2402 4811 2635 4894 λύονται,
2674 4810 2810 4868 ἀλλὰ
2851 4809 2936 4867 διὰ
2989 4819 3170 4892 φωνῆς
3225 4813 3501 4893 μαρτύρων
3555 4809 3813 4883 ἀδιαῦλή-

2173 4928 2278 4962 των
2329 4903 2468 4984 ὅρκῳ
2526 4903 2880 4978 πιστουμένης
2948 4901 3364 4967 ἀποδείκνυνται.
3426 4910 3506 4981 Τῇ
3559 4901 3613 4959 δὲ
3643 4903 3812 4982 πόρνη

2173 4993 2415 5070 οὐδαμῶς
2470 4993 2787 5074 προσεκτέον
2833 5009 2848 5024 ⁸
2925 4991 3046 5050 ἀλλ’
3103 4994 3272 5053 ἐάσθω
3303 4996 3330 5050 6
3370 4994 3533 5072 ίερεὺς
3584 5000 3653 5070 τῇ
3721 5001 3814 5051 τοῦ

2173 5091 2304 5142 Θεοῦ
2358 5083 2545 5163 κρίσει,
2606 5084 2694 5139 καὶ
2745 5083 2901 5146 αὐτὸς
2965 5084 3178 5154 ποιήσει
3257 5083 3353 5151 τὴν
3433 5079 3700 5150 ἐκδίκησιν
3759 5080 3812 5137 ἐν

2171 5173 2354 5253 τάχει,

2253 5260 2366 5340 Ἐρ.
2415 5261 2550 5330 Γυνή
2582 5283 2663 5327 τις
2707 5260 2878 5342 χήρα,
2924 5259 3125 5342 ἔχουσα
3182 5258 3510 5342 αύταδέλφην
3562 5269 3813 5320 τεκοῦσαν

1753 5425 2011 5496 VARIE
2054 5428 2484 5499 LECTIONES.

513 5603 535 5632 ⁸
579 5593 827 5659 humilis
838 5601 1146 5681 episcopus
1169 5595 1432 5681 Thessal.
1479 5596 1767 5679 'nuptiali
1794 5617 2004 5681 eorum
2031 5603 2300 5667 convivio
2312 5603 2627 5666 interesse.
2656 5599 3355 5681 'nonperjuramentum
3377 5596 3450 5661 de
3469 5597 3806 5681 calumnia,

430 5693 626 5757 neque
655 5694 763 5756 per
791 5673 1135 5741 abiolutiun
1151 5673 1605 5757 juramentumI
1634 5687 1658 5717 '
1679 5679 2044 5760 probantur.
