4192 6220
528 290 646 358 939

1878 299 1912 359 ,Ι
1916 296 2011 360 US
2056 289 2505 359 CANONICUM

3774 285 3894 353 940

530 424 633 506 qui
662 444 731 488 ex
775 425 849 488 iis
887 432 1209 491 nascuntur
1256 435 1530 510 nepotes,
1580 435 2078 511 pronepotesque,
2108 434 2168 489 et

2250 428 2335 485 καὶ
2364 430 2411 484 οἱ
2452 426 2653 483 τούτων
2682 424 2934 505 ἀπόγονοι
2966 440 2986 463 ⁸
3012 423 3133 506 οἵγε
3181 425 3290 501 μὴν
3333 424 3409 511 ἐκ.
3448 420 3709 511 πλαγίου,
3733 424 3887 496 θεῖοι,

530 514 876 596 abnepotes.
911 516 1022 590 Qui
1052 526 1249 579 autem
1280 527 1417 579 sunt
1455 537 1525 581 ex
1583 526 1939 593 transverso,
1973 516 2168 598 patrui

529 606 618 665 vel
669 606 988 682 avunculi,
1050 606 1158 668 ﬁlii
1202 607 1446 670 fratrum
1507 626 1894 680 sararumve,
1949 623 2166 668 consa-

529 691 708 767 brini,
742 703 800 755 et
823 694 1042 757 caeteri.
1073 696 1543 758 Ascendentium
1590 696 1794 776 igitur,
1827 703 1885 757 et
1908 695 2166 757 descen-

530 780 818 863 dentium,
845 783 918 844 ad
949 783 1284 864 nuptiarum
1333 785 1679 848 societatem
1737 784 2075 865 canjunctia
2103 783 2163 845 in

526 868 823 932 inﬁnitum
846 870 977 949 lege
1006 871 1375 950 prohibetur.
1412 874 1571 937 Patri
1598 873 1757 935 enim
1788 873 1878 934 vel
1910 889 2037 947 avo,
2075 872 2165 934 vel

528 976 767 1040 proavo,
815 968 918 1023 aut
966 961 1140 1022 matri
1187 962 1276 1024 vel
1307 963 1467 1039 aviae,
1503 963 1593 1025 vel
1626 962 1899 1043 proaviae,
1933 960 2168 1041 nuptias

528 1064 663 1108 cum
694 1047 816 1110 ﬁlia
841 1048 931 1110 vel
964 1057 1179 1129 nepote
1200 1059 1602 1132 pranepoteve
1630 1051 1793 1113 nullo
1816 1049 1991 1112 modo
2017 1068 2166 1111 can-

528 1136 767 1198 trahere
815 1136 973 1199 licet.
1029 1137 1152 1200 Nec
1208 1157 1413 1201 rursus
1461 1140 1641 1216 ﬁlius,
1672 1140 1763 1202 vel
1808 1156 2017 1219 nepos,
2070 1144 2170 1199 aut

530 1241 853 1306 pronepos,
905 1229 1057 1306 patri
1108 1227 1199 1289 vel
1252 1230 1448 1303 matri,
1490 1237 1590 1291 aut
1619 1247 1724 1290 avo
1755 1228 1843 1290 vel
1875 1227 2039 1302 aviae,
2070 1232 2172 1287 aut

2248 516 2478 591 ἀνεψιοὶ,
2527 503 2819 595 ἐξάδελφυι,
2884 515 2971 571 καὶ
3014 503 3095 572 ali
3129 511 3330 580 λοιποί,
3395 503 3459 569 Ἠ
3501 511 3598 589 μὲν
3652 509 3740 567 οὗν
3787 515 3894 567 τῶν

2249 605 2523 680 ἀνιόντων,
2596 605 2685 660 καὶ
2766 603 3056 661 κατιόντων
3143 605 3274 683 πρὸς
3358 602 3533 682 γάμου
3619 598 3892 657 κοινωνίαν

2250 693 2555 773 συναρμογὴ
2585 694 2660 755 εἷς
2690 691 2979 772 ἀπέραντον
3034 694 3176 772 παρὰ
3220 698 3315 749 τοῦ
3354 693 3519 767 νόμου
3571 685 3890 750 κεκώλυται,

2213 820 2218 829 ο
2250 781 2322 839 Οὐ
2352 782 2452 859 γὰρ
2477 782 2656 859 πατρὶ,
2694 780 2730 850 ἣ
2758 782 2982 855 πάππῳ,
3015 781 3052 850 ἢ
3101 781 3433 860 προπάππῳ,
3475 777 3589 834 εἴτε
3642 776 3825 855 μητρὶ,
3856 774 3892 844 ἢ

2250 871 2470 947 μάμμῃ,
2501 869 2538 937 ἢ
2568 870 2872 949 προμάμμῃ
2902 869 3011 927 ἐστὶ
3077 870 3290 947 θεμιτὸν
3358 870 3528 948 γάμον
3580 862 3892 929 συναλλάξαι

2251 960 2385 1035 μετὰ
2411 957 2551 1038 υἴοῦ,
2613 958 2648 1026 ἢ
2706 958 2951 1037 ἐκγόνου,
3021 959 3067 1016 ὥ
3121 958 3446 1038 δισεκγόνου,
3502 957 3565 1012 τὸ
3618 951 3833 1010 σύνολον
3873 967 3888 983 ⁸

2250 1044 2365 1103 οὔτε
2408 1047 2516 1121 μὴν
2541 1047 2602 1102 τὸ
2634 1045 2910 1118 ,ἀνάπαλιν
2963 1048 3072 1111 υἱὸς
3127 1046 3163 1116 ἢ
3205 1047 3418 1126 ἔκγονος
3475 1044 3512 1112 ἢ
3565 1041 3887 1118 δισέκγονος,

2249 1136 2405 1214 πατρὶ
2434 1135 2470 1203 ἢ
2520 1135 2679 1213 μητρὶ
2734 1134 2771 1202 ἢ
2825 1136 3029 1211 πάππῷ
3076 1134 3113 1203 ἢ
3170 1136 3366 1212 μάμμῃ
3423 1132 3462 1202 ἢ
3503 1131 3813 1210 προπάππῳ
3852 1128 3889 1196 ἢ

2250 1224 2578 1303 προμάμμῃ.
2615 1215 2821 1304 Ἠυτῶν
2877 1223 2938 1282 ἐκ
2990 1223 3216 1303 πλαγίου
3273 1222 3354 1299 δὲ,
3408 1221 3573 1302 μέχρι
3626 1220 3714 1277 καὶ
3741 1215 3891 1275 ἐϐδό-

531 1305 746 1392 praavo
761 1314 851 1374 vel
868 1305 1120 1393 proaviae
1140 1316 1701 1396 conjungitur.0rdo
1715 1325 1911 1391 autem
1933 1334 2137 1377 eorum
2150 1364 2165 1387 ,

2253 1335 2353 1388 μου
2379 1314 2580 1389 βαθμοῦ
2604 1314 2701 1381 τὴν
2756 1312 2984 1370 κώλυσιν
3033 1312 3255 1394 ἔχουσα,
3300 1312 3480 1369 ἔκτοτε
3534 1323 3652 1373 τοῖς
3693 1305 3890 1396 βουλο-

530 1400 633 1479 qui
660 1409 797 1463 sunt
817 1420 884 1463 ex
910 1393 1339 1486 transverso,ad
1360 1393 1678 1485 septimum
1704 1424 1897 1487 usque
1921 1404 2165 1499 gradum

2252 1400 2430 1476 μένοις
2460 1402 2805 1458 συνάπτεσθαι
2834 1404 2897 1459 τὸ
2947 1393 3126 1459 ἄνετον
3183 1403 3324 1480 παρὰ
3378 1406 3470 1457 τοῦ
3524 1397 3688 1473 νόμου

528 1489 991 1567 prohibitionem
1044 1484 1290 1575 habens,
1326 1484 1537 1558 exinde
1576 1484 1860 1575 conjungi
1910 1492 2167 1557 valenti-

2250 1488 2396 1548 ϐάνει
2443 1513 2530 1547 και
2581 1489 2983 1568 ἀνεμπόδιστον.
3057 1494 3118 1549 Οἱ
3205 1491 3392 1568 βαθμοὶ
3474 1487 3728 1564 μέντοιγε

529 1575 642 1639 bus
672 1579 1122 1658 permissionem
1156 1571 1348 1673 a_lege
1378 1584 1556 1645 sumit
1585 1593 1642 1645 et
1664 1571 2170 1645 libertatemPar-

2250 1587 2569 1657 συγγενικῶς
2640 1580 2938 1673 ῥιζονχίας-
2962 1578 3320 1673 λαμϐάνοντες
3363 1577 3506 1673 ,τὴν
3558 1575 3756 1673 ἀρχηγ,
3830 1571 3893 1627 ἐκ

528 1683 596 1727 ra
652 1669 869 1746 gradus
914 1688 949 1731 a
977 1671 1275 1749 cognatica
1322 1673 1505 1754 stirpe
1549 1673 1783 1734 initium
1842 1677 2164 1750 sumentes,

2250 1672 2357 1722 τῶν
2406 1667 2682 1744 ῇβαθμίδων
2724 1674 2821 1736 τῆς
2889 1667 3146 1744 κλίμακος
3194 1667 3636 1754 ὠνομάσθησαν..

528 1744 676 1857 dicti
701 1765 839 1819 sunt
884 1757 959 1857 ad
1016 1744 1466 1857 similitudinem
1494 1763 1807 1857 graduum
1849 1744 2163 1857 scalarum;

2250 1757 2348 1834 γὰρ
2381 1760 2431 1813 αἱ
2458 1756 2711 1834 βαθμτδες
2756 1758 2807 1823 ἐξ
2850 1757 3096 1815 ἐπιπέδου
3137 1759 3317 1857 τινὸςῇ
3342 1757 3439 1857 τὴν
3512 1752 3697 1857 ἀρχὴν,
3741 1749 3892 1857 λιμμ-

530 1845 674 1909 Nam
698 1846 1197 1947 quemadmodum
1228 1850 1446 1927 gradus
1474 1840 1549 1912 de
1573 1851 1746 1931 plana
1792 1849 2027 1911 initium
2059 1868 2161 1910 su-

2250 1843 2516 1927 ϐάνουσαι,
2588 1849 2675 1904 καὶ
2724 1850 2797 1913 εἰς
2851 1849 2918 1904 τὰ
2956 1847 3139 1917 πρόσω
3180 1842 3571 1925 προϐαίνουσαι,
3643 1840 3743 1907 τὴν
3790 1840 3891 1947 iv:

2284 1931 2307 1947 κ
2442 1934 2466 1947 ..
2575 1935 2587 1947 .
2728 1936 2768 1947 ,-
2811 1935 2833 1947 ..
3190 1937 3200 1947 .
3509 1930 3534 1947 ν
3754 1929 3768 1947 .

531 1943 784 2009 mentes,
817 1942 875 1996 et
901 1934 976 1997 ad
1009 1935 1290 1999 ulteriora
1323 1928 1795 2019 progredientes,
1849 1956 2163 2001 ascensum

2250 1931 2367 1988 οδον
2435 1934 2471 2002 ἢ
2534 1935 2632 2003 τὴν
2677 1935 2893 1993 κάθοδον
2942 1937 3373 2015 συμπεραίνουσιν
3409 1952 3423 1966 ·
3478 1930 3615 1989 οὕτω
3842 1928 3892 1981 εἱ

533 2030 590 2085 et
619 2023 970 2085 descensum
996 2027 1316 2087 terminant
1345 2044 1360 2090 :
1384 2028 1469 2090 sic
1501 2036 1560 2090 et
1589 2028 1649 2088 hi
1674 2028 1915 2109 gradus,
1931 2036 1995 2088 ut
2014 2026 2166 2088 rami

530 2112 769 2193 quidam
792 2112 967 2173 simul
998 2113 1119 2174 nati
1146 2133 1180 2175 a
1203 2115 1404 2177 radice
1433 2118 1606 2197 primi
1640 2117 1926 2195 genitoris
1953 2133 2163 2197 prace-

530 2200 759 2278 dentes,
793 2203 1202 2281 cognationem
1235 2206 1570 2285 perﬁciunt.
1606 2204 1862 2286 Singulae
1891 2224 2030 2285 ergo
2061 2223 2168 2284 ge-

529 2290 869 2352 nerationes
916 2308 1099 2353 unum
1151 2294 1398 2372 gradum
1447 2295 1869 2370 faciunt,Pater
1894 2295 2073 2376 igitur
2094 2292 2167 2355 ad

533 2378 719 2440 ﬁlium
752 2379 912 2441 nulla
954 2381 1131 2442 modo
1161 2382 1458 2461 gradatur,
1486 2392 1800 2467 propterea
1827 2384 1983 2466 quod
2004 2382 2170 2446 radix

534 2467 712 2546 hujus
741 2476 833 2529 est
861 2474 918 2529 et
946 2469 1608 2555 principium,unusque
1637 2474 1854 2553 gradus
1866 2475 2021 2536 ﬁlius
2033 2490 2167 2535 cum

534 2564 699 2643 patre
730 2574 863 2618 esse
894 2566 1191 2622 censetur.
1227 2559 1351 2622 Duo
1383 2571 1578 2623 autem
1612 2563 1901 2641 germani,
1932 2563 2070 2643 quia
2099 2581 2168 2624 ex

531 2642 759 2733 duabus
782 2646 1921 2733 progrediunturgenerationibus,duos
1937 2642 2170 2733 quoque

531 2731 748 2822 gradus
770 2732 1013 2822 faciunt.
1037 2733 1295 2817 Quaeque
1322 2740 1483 2801 ehim
1511 2731 1813 2818 generatio
1856 2731 2168 2822 (quemad-

533 2821 776 2885 modum
816 2819 1097 2904 diximus)
1151 2826 1401 2902 gradum
1437 2848 1621 2891 unum
1676 2830 1833 2890 facit.
1866 2819 2172 2892 'P'atrueles

530 2927 670 2971 vero
704 2916 760 2970 et
790 2910 1154 2994 consobrini,
1179 2916 1370 2995 quarti
1401 2926 1538 2978 sunt
1565 2917 1807 2997 gradus,
1825 2928 1882 2980 et
1902 2918 2177 2981 similiter

2247 2022 2437 2098 βαθμοὶ
2491 2026 2564 2087 ὡς
2613 2024 2674 2081 ἐκ
2728 2026 2873 2104 ῥίζης
2926 2027 3182 2104 ὁμοφυεῖς
3236 2021 3418 2079 κλάδοι
3487 2030 3582 2079 τοῦ
3673 2016 3886 2095 πρώτου

2252 2112 2568 2191 γεννήτορος
2638 2114 2939 2193 προϊόντες,
3024 2112 3125 2180 τὴν
3191 2111 3495 2190 συγγένειαν
3570 2104 3889 2193 ἀπαρτίζου-

2252 2220 2364 2260 σιν.
2452 2191 2689 2269 Ἐκάστη-
2768 2202 2856 2259 οὖν
2902 2202 3146 2280 γέννησις
3215 2199 3309 2255 ἵνα
3358 2199 3557 2276 βαθμὸν
3612 2191 3888 2251 ἀποτελεῖ.

2252 2288 2433 2368 Πατὴρ
2487 2289 2610 2369 γοῦν
2668 2292 2798 2371 πρὸς
2868 2293 2977 2347 υἱὸν
3042 2287 3283 2365 οὐδαμῶς
3333 2284 3723 2365 βαθμιδοῦνται,
3796 2283 3893 2371 αθέ

2251 2376 2333 2432 ότι
2374 2376 2485 2454 ῥίζα
2554 2370 2737 2436 τούτου
2783 2378 2930 2436 πέλει
2973 2380 3061 2435 καὶ
3102 2377 3374 2457 καταρχή.
3423 2379 3519 2439 Εἷς
3550 2372 3605 2430 δὲ
3632 2372 3832 2450 βαθμὸς
3865 2370 3895 2424 ὃ

2251 2467 2359 2529 υἱὸς
2387 2469 2517 2545 πρὸς
2546 2470 2637 2524 τὸν
2683 2468 2884 2549 πατέρα
2919 2467 3202 2547 λογίζεται.
3277 2465 3345 2525 Οἵ
3401 2487 3463 2543 γε
3492 2464 3603 2540 μὴν
3644 2460 3733 2518 δύο
3774 2460 3898 2514 αύτ-

2252 2552 2488 2636 ἀδελφοι,
2549 2554 2680 2613 διότι
2749 2558 2811 2614 ἐκ
2864 2556 2952 2613 δύο
3008 2557 3304 2635 γεννήσεων
3360 2552 3729 2632 προέρχονται,
3802 2560 3903 2613 καὶ

2251 2641 2341 2702 δύο
2430 2644 2742 2703 ἀποτελοῦσι
2825 2646 3077 2723 βαθμούς.
3165 2637 3393 2710 Ἐκάστη
3467 2646 3566 2721 γὰρ
3633 2639 3883 2720 γέννηαις

2255 2732 2355 2813 (ὡς
2386 2733 2616 2815 εἴρηται)
2655 2736 2857 2812 βαθμὸν
2898 2735 2988 2791 ἕνα
3043 2732 3320 2794 ἀποτελεῖ.
3371 2733 3431 2789 Οἱ
3474 2731 3653 2806 μέντοι
3707 2749 3894 2807 πρωτ-

2255 2821 2522 2905 εξάδελφοι
2601 2825 2847 2905 τετάρτου
2930 2825 3132 2901 βαθμοῦ
3172 2821 3569 2902 ,τυγχάνουσιη
3643 2817 3899 2877 ὡσαύτως

2254 2913 2341 2967 καὶ
2398 2915 2446 2968 οἱ
2503 2911 2854 2992 δισεξάδελφοι
2912 2912 3063 2969 ἕκτου
3129 2908 3248 2968 κατ’
3327 2907 3611 2987 ἀναλογίαν
3666 2926 3896 2983 καταρι-

533 2997 762 3060 sobrini
781 2998 991 3091 eade_m
1014 3001 1248 3091 ratione
1270 2995 1679 3087 servata,sexti
1700 3006 1917 3086 gradus
1941 3026 2170 3071 connu-

2256 3002 2504 3076 θμοῦνται
2547 3003 2765 3091 βαθμοῦ.
2794 3018 2808 3032 '
2858 3004 2906 3059 οἱ
2933 3000 2988 3057 δέ
3057 3023 3118 3079 γε
3186 2995 3592 3091 τρισεξάδελφοι,
3647 3014 3897 3091 τοιουτο-

534 3094 860 3177 rnerantur.
889 3085 1252 3177 ‘Eademque
1303 3093 1481 3156 modo
1507 3082 1734 3177 'actavi',
1794 3096 2170 3160 sobrinarum

2256 3091 2464 3169 τρόπω(
2497 3089 2704 3177 ὀγδόου.
2752 3082 2815 3149 Ἠ
2855 3092 3070 3157 τοιαύτη
3126 3088 3296 3147 τοίνυν
3344 3087 3621 3177 συγγένεια
3645 3082 3896 3177 καλετται

533 3175 663 3237 ﬁlii.
695 3174 855 3236 Talis
884 3174 1068 3254 igitur
1099 3182 1369 3259 cognatio
1418 3192 1657 3245 vocatur
1713 3174 1782 3247 ex
1835 3185 2122 3263 sanguine
2155 3204 2169 3249 :

532 3264 675 3357 hinc
706 3272 765 3325 et
792 3264 1211 3357 prahibitionis
1227 3270 1546 3333 terminum
1561 3272 1631 3334 ad
1652 3273 1967 3353 septimum
1989 3293 2175 3357 usque

533 3353 778 3433 gradum
818 3353 1024 3443 sortita
1055 3364 1166 3436 est,
1202 3365 1265 3419 ut
1285 3361 1583 3422 studiosus
1614 3361 1847 3423 discere
1881 3353 2174 3443 patestvex

532 3445 725 3519 legum
753 3441 1153 3505 voluminibus
1200 3453 1258 3508 et
1306 3448 1696 3528 synodalibus
1724 3441 2168 3513 constitutioni-

534 3530 665 3595 bus.
702 3534 813 3591 Lex
834 3531 993 3591 enim
1025 3534 1062 3594 5
1085 3534 1251 3596 titulo
1290 3534 1367 3597 28
1394 3536 1533 3601 libr.
1564 3538 1696 3600 bsic
1732 3540 1812 3600 ait
1850 3558 1862 3599 :
1891 3539 2051 3603 Inter
2073 3560 2173 3603 eas

534 3636 1011 3708 personas,_quaa
1040 3630 1229 3684 sunta
1249 3624 1454 3702 latere,
1486 3635 1573 3687 est
1603 3628 1868 3707 quaedam
1899 3630 2173 3708 prohibi-

532 3707 790 3769 tia.Nam
839 3706 1035 3769 fratris
1083 3711 1174 3771 vel
1218 3714 1441 3777 sororis
1471 3706 1651 3776 ﬁliam
1682 3706 1924 3779 uxorem
1956 3718 2175 3781 ducere

535 3814 655 3859 non
686 3795 845 3874 licet,
895 3813 1005 3856 nec
1049 3815 1255 3859 eorum
1310 3811 1547 3882 neptem
1583 3825 1596 3865 :
1627 3804 1808 3867 simili
1859 3807 2032 3868 modo
2064 3827 2177 3870 nec

542 3882 735 3965 patrui
784 3884 1150 3971 avunculive,
1199 3887 1393 3949 amitae
1435 3900 1839 3955 materteraeve
1879 3895 2081 3971 ﬁliam,
2116 3897 2173 3958 id

537 3984 651 4044 est,
679 3969 1098 4033 consobrinam
1154 3994 1387 4039 meam:
1423 3981 1526 4041 sed
1576 4000 1769 4061 neque
1826 3984 1979 4045 ﬁlius
2008 3969 2176 4047 meus

538 4077 745 4151 eorum
797 4068 1060 4138 neptem,
1122 4064 1223 4144 qui
1278 4065 1505 4128 sobrini
1559 4071 1950 4151 appellantur.
1996 4073 2069 4134 Et
2095 4074 2178 4135 ita

2257 3177 2309 3244 ἐξ
2335 3177 2590 3254 αἵματος.
2640 3169 2831 3236 ’Ἔνθεν
2859 3181 2946 3235 καὶ
2971 3189 3032 3235 τὸ
3072 3183 3172 3245 τῆς
3222 3174 3500 3237 κωλύσεως
3552 3171 3696 3252 ὅριον
3724 3171 3893 3251 μέχρι

2228 3275 2350 3325 ,τοῦ
2410 3266 2633 3344 ἓϐδόμου
2687 3269 2890 3345 βαθμοῦ
2975 3266 3316 3347 ἐκληρώσατο
3349 3280 3363 3294 ·
3451 3265 3525 3325 ὡς
3581 3260 3721 3318 ἔστιν
3778 3259 3895 3324 ἐξὸν

2257 3362 2582 3434 καταμαθεῖν
2610 3361 2700 3416 τὸν
2733 3358 3000 3439 φιλομαθῆ
3046 3357 3151 3414 ἀπό
3214 3377 3271 3412 τε
3326 3355 3422 3423 τῆς
3485 3352 3707 3439 νομικῆς
3736 3370 3898 3439 περι-

2259 3433 2475 3524 λήψεως
2531 3449 2619 3503 καὶ
2675 3433 2771 3516 τῆς
2826 3433 3101 3514 συνοδικῆς
3157 3443 3459 3510 διατάξεως.
3530 3433 3589 3499 Ὀ
3645 3440 3741 3516 μὲν
3794 3438 3899 3516 γὰρ

2255 3539 2416 3613 νόμος
2447 3536 2499 3594 ἐν
2532 3526 2579 3591 ε’
2607 3535 2768 3611 τίτλῳ
2794 3544 2886 3593 τοῦ
2928 3526 3022 3603 κη’
3066 3532 3265 3612 βιϐλίου
3292 3533 3428 3590 οὕτω
3472 3531 3626 3611 φησὶ,
3686 3527 3893 3590 Μεταξὺ

2253 3633 2359 3681 τῶν
2411 3625 2472 3681 ἐκ
2511 3625 2736 3705 πλαγίου
2813 3626 3107 3705 προσώπων
3163 3623 3273 3679 ἔστι
3328 3644 3407 3684 τις
3477 3618 3725 3681 κώλυσις.
3787 3616 3897 3705 τὴν

2257 3717 2356 3795 γὰρ
2382 3715 2475 3772 τοῦ
2503 3704 2726 3796 ἀδελφοῦ
2794 3704 2895 3792 μου
2941 3718 2978 3783 ἢ
3031 3719 3131 3780 τῆς
3191 3709 3420 3792 ἀδελφῆς
3477 3730 3577 3784 μου
3635 3704 3891 3796 θυγατέρα

2256 3794 2539 3879 λαμϐάνειν
2593 3794 2723 3884 πρὸς
2766 3806 2938 3883 γάμον
3011 3807 3071 3862 οῦ
3151 3800 3324 3876 θέμις,
3382 3796 3495 3855 οὐδὲ
3547 3797 3646 3863 τὴν
3693 3794 3894 3850 τούτων

2256 3892 2483 3971 ἐγγόνην
2519 3913 2533 3929 ·
2567 3894 2762 3968 ὁμοίως
2813 3891 2926 3949 οὐδὲ
2967 3892 3065 3958 τὴν
3113 3888 3371 3968 θυγατέρα
3423 3895 3516 3944 τοῦ
3554 3885 3694 3971 θείου
3730 3883 3765 3950 ἢ

2254 3965 2417 4059 θείας,
2474 3965 2711 4038 τουτέστι
2782 3981 2880 4047 τὴν
2957 3965 3240 4058 ἐξαδέλφην
3297 3998 3423 4053 μου.
3496 3970 3644 4030 Ἀλλ’
3720 3968 3836 4029 οὐδὲ
3864 3965 3901 4024 ὅ

2254 4075 2362 4138 υἱὸς
2393 4095 2496 4148 μου
2521 4073 2618 4139 τὴν
2675 4071 2899 4149 ἐκγόνην
2971 4072 3161 4143 αὐτῶν,
3212 4064 3406 4131 οἵτινες
3447 4062 3691 4142 λέγονται
3751 4059 3892 4149 δισε-

539 4148 779 4227 quidem
812 4151 1306 4248 consobrinorum
1338 4158 1512 4235 ﬁlios,
1546 4148 1826 4224 nimirum
1876 4164 2170 4248 sobrinus,

2255 4160 2517 4242 ξάδελφοι.
2555 4162 2652 4218 Καὶ
2680 4148 2815 4216 οὕτω
2847 4162 2943 4236 μὲν
3000 4160 3119 4223 τοὺς
3148 4158 3253 4248 τῷν
3309 4152 3602 4248 ἐξαδέλφων
3669 4148 3893 4248 παῖδας,

539 4242 640 4333 qui
686 4251 865 4333 sunt_
875 4242 1037 4333 sexti
1075 4245 1314 4323 gradus,
1372 4248 1799 4328 prohibitarum
1833 4239 2170 4333 nuptiarum

2254 4239 2431 4328 ἤγουν.
2484 4251 2604 4314 τοὺς
2674 4247 3086 4329 δισεξαδέλφους,
3150 4243 3345 4308 οἴτπνες
3391 4246 3517 4300 εἰσιν
3575 4239 3891 4333 ἕκτου

441 4322 446 4327 ’
539 4313 810 4435 limitem,
842 4313 1106 4435 Novella:
1128 4334 1258 4435 ipsa
1298 4313 1588 4435 posuerit.
1625 4313 1936 4419 Septimus
1973 4313 2170 4403 autem

2255 4347 2377 4415 μοῦ,
2464 4342 2525 4396 τὸ
2580 4361 2688 4395 των
2755 4336 3136 4412 κεκωλυμένων
3206 4334 3392 4413 γάμων
3458 4333 3494 4399 ἡ
3552 4330 3709 4435 νεῆαρὰ

534 4421 773 4501 gradus,
833 4420 973 4500 quia
1029 4421 1268 4486 silentia
1315 4425 1645 4506 praeteritus
1696 4416 1909 4501 fuerat,
1975 4431 2170 4492 locum

2255 4429 2482 4486 τέθεικεν
2525 4428 2811 4508 ὁροθέσιον.
2861 4418 2920 4485 ιΟ
2949 4425 3004 4482 δὲ
3059 4421 3280 4500 ἕϐδομος
3349 4422 3549 4508 βαθμὸς
3592 4417 3677 4476 διὰ
3743 4418 3807 4474 τὸ
3836 4416 3899 4473 ἐκ

538 4518 870 4591 acceperat,
899 4528 1010 4572 nec
1028 4511 1103 4573 ad
1124 4513 1463 4593 nuptiarum
1484 4515 1827 4578 societatem
1846 4517 2170 4583 vetabatur.

2257 4519 2456 4576 τούτων
2486 4506 2985 4597 παήρασιωπηθῆναι,
3058 4515 3241 4594 χώραν
3293 4506 3581 4597 ἐλάμϐανε,
3665 4511 3753 4567 καὶ
3777 4595 3789 4597 _
3822 4508 3897 4574 εἱς

537 4597 759 4660 Verum
790 4599 1086 4679 synadalis
1114 4602 1396 4680 cognitio,
1427 4603 1578 4665 facta
1609 4612 1877 4685 tempore
1926 4609 2170 4669 sanctis-

2256 4606 2430 4684 γάμου
2471 4595 2746 4664 κοινωνίαν
2789 4608 2883 4663 οὐκ
2938 4595 3219 4664 ἐκωλύετο.
3282 4597 3345 4657 Ἦ
3400 4595 3456 4654 δέ
3524 4617 3587 4676 γε
3646 4595 3895 4666 συνοδικὴ

539 4689 677 4751 simi
703 4687 864 4748 illius
905 4687 1274 4767 patriarchae,
1310 4690 1538 4752 domini
1565 4693 1833 4769 Lucm,ut
1861 4702 2097 4776 turpem
2119 4703 2170 4757 el

2258 4692 2562 4777 διάγνωσις,
2591 4698 2628 4764 ἡ
2668 4694 2754 4751 ἐπὶ
2804 4698 2902 4760 τῆς
2959 4691 3245 4772 ἐφημερίας
3277 4687 3537 4768 γενομένη
3591 4696 3686 4747 τοῦ
3727 4688 3897 4765 ἁγιω-

538 4778 943 4852 inhanestum,
979 4777 1137 4866 hunc
1165 4779 1482 4860 septimum
1500 4780 2170 4866 gradum.prapterper-

2258 4787 2411 4843 τάτου
2451 4787 2650 4848 ἐκείνου
2716 4782 3044 4863 πανριάρχου
3096 4780 3270 4860 κυρίου
3328 4785 3524 4855 Λουκᾶ,
3568 4780 3644 4843 ὡς
3672 4779 3897 4860 αἰσχρὸν

540 4882 815 4928 sanarum
840 4864 1301 4948 proximitatem,
1337 4867 1652 4948 prohibitis
1682 4878 1740 4931 et
1767 4869 1989 4933 illicitis
2009 4864 2170 4953 adju-

2255 4878 2342 4933 καὶ
2397 4876 2594 4953 ἄπμον
2660 4871 2754 4932 καί
2808 4879 2989 4931 τοῦτον
3017 4871 3106 4927 τὸν
3132 4867 3353 4947 ἕϐδομον
3399 4869 3625 4947 βαθμὸν,
3669 4866 3755 4924 διὰ
3795 4868 3897 4936 τὴν

538 4955 774 5029 dicavit,
823 4962 882 5015 et
912 4971 979 5015 ex
1011 4955 1481 5018 Christianorum
1539 4957 1792 5019 abscidit
1842 4961 2170 5040 republica.

2256 4970 2362 5021 τῶν
2416 4963 2714 5043 προσώπων
2768 4962 3057 5041 ἐγγύτητα,
3112 4973 3230 5022 τοῖς
3311 4955 3750 5036 ἂπηγορευδένοις
3806 4959 3898 5013 καὶ

540 5044 706 5106 Hanc
735 5051 931 5104 autem
949 5043 1294 5106 sxnodalem
1317 5045 1611 5107 actionem
1626 5045 2170 5133 lNavellaconstitu-

2255 5052 2738 5133 ἀποτετραμμένοις
2783 5049 3031 5129 ἐνέκρινε,
3088 5051 3175 5106 καὶ
3229 5051 3328 5115 τῆς
3396 5052 3503 5133 τῶν
3572 5046 3901 5133 Χριστιανῶν

544 5133 625 5194 tio
646 5131 1018 5213 imperatoris
1046 5132 1324 5213 inclytiet
1351 5124 1923 5216 Porphyrogennetae
1951 5138 2170 5202 domini

2257 5124 2533 5206 πολιτείας.
2564 5124 2845 5215 ἐξέκοψεν.
2903 5124 3344 5204 ”Επηκολούθησε
3398 5131 3453 5190 δὲ
3523 5141 3592 5209 τῇ
3622 5124 3900 5212 ίσυνοδικῇ

543 5220 830 5284 Manuelis
860 5219 1176 5285 subsecuta
1206 5231 1316 5299 est,
1350 5230 1409 5285 et
1435 5241 1566 5304 qua;
1589 5223 1829 5290 decreta
1867 5240 2007 5292 sunt
2035 5247 2170 5291 san-

2259 5231 2425 5308 ταύτῃ
2472 5228 2653 5309 πράξει
2705 5231 2794 5286 καὶ
2835 5228 3016 5306 νεαρὸν
3071 5225 3334 5301 θέσπισμα)
3385 5231 3477 5281 τοῦ
3529 5224 3585 5281 ἐν
3651 5222 3900 5301 βασιλεῦ-

539 5320 659 5389 cte,
681 5310 1073 5373 conﬁrmavit.

2260 5341 2343 5377 σιν
2384 5317 2621 5395 ἀοιδίμου
2678 5319 2766 5375 καὶ
2806 5318 3341 5398 παρφυρογενηήτομ,
3409 5316 3585 5395 κυρίου
3622 5315 3898 5394 Nam,

2259 5410 2350 5466 καὶ
2380 5409 2446 5466 τὰ
2476 5405 2803 5488 ψηφισθέντα
2831 5405 3085 5486 ἐκύρωσεν
3113 5404 3384 5485 ἀσφαλῶς.

1885 5567 2149 5633 νΑΒΙᾸέἶ
2174 5563 2604 5634 LECTIONES.

620 5688 647 5728 ιι
677 5677 920 5741 Scilicet
956 5678 1373 5745 Basilicarum.
