4192 6220
567 312 686 383 943

1942 328 1976 390 ,ἵ
1981 327 2076 391 US
2113 324 2562 393 CANONICUM

3817 329 3937 395 944

569 454 811 521 obnoxii
830 467 990 536 sunt;
1007 477 1126 521 non
1145 458 1306 521 enim
1325 458 1884 540 judicaturillicitus
1906 462 1984 524 hu
1985 463 2202 542 jusmo-

2297 465 2455 516 πᾶσιν
2513 461 2822 541 ἐγνώρισαν.
2898 469 3054 526 Θεϊος
3121 463 3220 541 γὰρ
3317 466 3406 521 καὶ
3459 463 3695 543 ἀνεψιὸς,
3765 463 3943 539 τρίτου

573 545 640 608 di
679 555 1036 623 contractus,
1077 547 1233 630 quod
1265 549 1336 610 ad
1381 557 1612 612 sextum
1659 550 1904 626 gradum
1956 549 2214 613 externis

572 637 929 717 porrigatur.
955 636 1160 718 Neque
1186 637 1397 699 eadem
1426 638 1672 700 fratrum
1703 639 2214 720 proximitas,qua3

576 726 769 804 patrui
820 726 1168 788 avunculive
1217 745 1350 788 cum
1400 727 1596 789 fratris
1643 729 1936 790 sororisve
1976 728 2121 802 ﬁlio,
2157 735 2214 788 et

571 814 910 877 consobrini
946 815 1322 896 aliorumque
1362 824 1768 896 cognatorum.
1814 815 1929 880 Sed
1988 837 2062 877 ex
2095 835 2212 878 uno

566 901 806 983 quidem
837 903 996 965 fonte
1027 903 1208 983 primi
1226 905 1513 984 genitoris
1547 905 1900 986 procedunt,
1928 905 2208 986 paulatim

563 999 760 1053 autem
807 991 882 1052 ab
925 991 1177 1054 invicem
1214 995 1588 1072 elongantur,
1638 993 1820 1056 veluti
1849 994 1908 1055 iu
1945 994 2208 1056 diversos

559 1077 732 1141 scissi
786 1079 1030 1144 rivulos.
1082 1079 1185 1141 Est
1215 1087 1273 1142 et
1301 1082 1416 1143 alia
1446 1080 1684 1160 species
1733 1081 2101 1160 cognationis
2133 1099 2206 1144 ex

561 1167 868 1251 afﬁnitate,
901 1187 1033 1251 quae
1061 1169 1344 1248 gradibus
1402 1169 1642 1250 quidem
1691 1189 1809 1232 non
1845 1170 2206 1246 continetur,

562 1266 878 1340 propterea
911 1257 1068 1339 quod
1099 1257 1278 1320 trium
1310 1277 1596 1338 generum
1615 1258 2205 1339 habetcomplexum.

561 1346 1000 1411 Prohibitarum
1017 1355 1214 1408 autem
1240 1365 1628 1427 personarum
1654 1356 1880 1408 tantum
1908 1349 2000 1409 lex
2021 1348 2215 1412 nomi-

565 1436 749 1498 natim
769 1435 1138 1498 mentionem
1165 1434 1735 1516 faciens,sequentes
1765 1445 1928 1498 extra
1949 1435 2208 1517 prohibi-

559 1524 782 1588 tionem
812 1532 872 1587 et
897 1523 1338 1586 accusationem
1370 1524 1524 1585 sivit.
1562 1524 1796 1588 Etenim
1819 1527 1854 1589 4
1878 1544 1932 1586 c.
1967 1525 2207 1596 5,tit.28

2295 546 2440 614 ὄντες
2469 550 2694 626 βαθμοῦ,
2743 551 2854 622 θείᾳ
2896 552 2982 607 καὶ
3051 549 3242 626 ἆνεψιᾷ
3295 550 3350 617 ἐξ
3407 550 3584 628 ἐτέρου
3637 551 3817 630 γένους
3845 551 3939 607 τὸν

2295 639 2450 696 αὐτὸν
2499 637 2750 718 ἐχούσαις
2822 639 3023 716 βαθμὸν
3084 641 3327 718 γαμικῶς
3403 640 3805 715 συναπτόμενοι,
3839 640 3940 694 οῦ-

2294 723 2460 791 δόλως
2518 727 2886 803 ἐπιτιμῶνται,
2945 726 3074 786 Οὐδὲ
3117 730 3215 808 γὰρ
3285 728 3532 805 ἀθέμιτον
3583 732 3644 785 τὸ
3699 737 3940 787 τοιοῦτον

2297 815 2640 896 συνάλλαγμα
2699 816 2951 897 κρίνεται,
2994 819 3066 881 ὡς
3125 831 3207 882 εἷς
3235 817 3388 875 ἕκτον
3417 819 3614 895 βαθμὸν
3663 819 3722 874 ἐκ
3776 824 3939 896 τριῶν

2362 905 2378 926 ι
2512 911 2539 921 ~
2650 905 2664 924 ν
2795 906 2804 926 ν
3084 904 3156 930 9M
3263 908 3275 922 ε
3481 908 3494 925 θ
3557 906 3570 928 \
3661 909 3682 918 ν
3780 904 3793 922 ν
3814 904 3837 923 ’δ

2293 926 2380 960 και
2421 926 2578 982 τριων
2642 926 2989 984 αναγομενον.
3037 914 3164 964 Once
3222 929 3321 986 γαρ
3349 908 3384 975 ἡ
3441 929 3574 974 αυτη
3616 929 3720 962 των
3775 903 3938 961 αοελ-

2292 998 2400 1071 γῶν
2429 994 2657 1071 ὶγγύτης
2685 995 2832 1062 καὶὴ
2876 1004 2968 1052 τοῦ
3030 993 3166 1051 θείου
3219 997 3350 1074 πρὸς
3391 997 3483 1051 τὸν
3553 995 3788 1071 ἀνεψιὸν,
3849 996 3941 1050 καὶ

2292 1083 2327 1148 ἡ
2369 1091 2460 1140 τοῦ
2488 1080 2764 1162 ἐξαδέλιρου
2821 1083 2909 1138 καὶ
2950 1083 3054 1138 τῶν
3099 1082 3273 1140 ἄλλων
3317 1089 3582 1162 συγγενῶν
3629 1099 3642 1112 ·
3681 1083 3804 1162 ἀλλ,
3876 1083 3940 1139 ἐκ

2293 1169 2390 1246 μὲν
2419 1175 2604 1248 πηγῆς
2648 1177 2772 1246 μιᾶς
2802 1180 2894 1229 τοῦ
2950 1172 3160 1250 πρώτου
3215 1174 3530 1251 γεννήτορος
3604 1170 3934 1250 ἐξέρχονται,

2291 1261 2428 1316 κατὰ
2485 1261 2672 1337 μικρὸν
2742 1257 2796 1314 δὲ
2853 1258 3104 1329 ἀλλήλων
3163 1261 3533 1340 μακρύνουσιν,
3618 1261 3795 1339 ὥσπερ
3863 1262 3937 1323 εἷς

2290 1347 2566 1429 διαφόρους
2661 1349 2969 1428 σχιζόμενοι
3027 1350 3244 1426 ῥύακας,
3306 1339 3469 1406 ’Ἐστι
3518 1339 3610 1405 ίδὲ
3665 1351 3754 1406 καὶ
3805 1347 3937 1405 ἄλλο

2291 1435 2437 1502 εἶδος
2506 1437 2807 1516 συγγενείας
2864 1436 2925 1494 ἐκ
2977 1437 3309 1517 ἀγχιστείας,
3407 1437 3536 1516 ὅπερ
3577 1439 3806 1514 βαθμοῖς
3837 1438 3934 1512 μὲν

2291 1523 2530 1601 οὐδαμῶς
2556 1525 2884 1605 περιέχεται,
2936 1523 3022 1581 διὰ
3073 1528 3135 1581 τὸ
3190 1525 3500 1602 συμπλοκὴν
3570 1533 3728 1605 τριῶν
3787 1524 3935 1605 ἔχειν

560 1611 667 1676 lib.
699 1613 785 1676 sic
808 1611 888 1676 ait
911 1613 985 1675 ad
1017 1611 1261 1674 verbum
1289 1629 1303 1674 :
1341 1611 1544 1694 Neque
1576 1631 1730 1688 eam,
1757 1632 1886 1694 quae
1917 1613 2026 1674 fuit
2065 1632 2202 1676 uxor

2293 1621 2458 1694 γενῶν
2493 1631 2507 1644 ⁶
2574 1613 2952 1680 κεκωλυμένων
3025 1611 3080 1669 δὲ
3129 1615 3303 1689 μόνων
3385 1614 3682 1694 προσώπων
3753 1614 3928 1691 ῥητῶς

559 1701 808 1784 privigni
838 1701 980 1776 mei,
1009 1701 1262 1781 accipio,
1295 1720 1490 1782 neque
1517 1721 1770 1764 noverca
1799 1702 1988 1763 virum
2013 1721 2202 1782 quon-

2293 1707 2321 1760 ὁ
2351 1705 2512 1779 νόμος
2564 1704 2834 1778 μνησθεὶς,
2891 1703 2957 1760 τὰ
3015 1701 3132 1770 ἐξῆς
3184 1703 3428 1760 ἆκώλυτα
3486 1705 3573 1762 καὶ
3628 1702 3936 1780 ἆκέγκλητα

556 1790 692 1852 dam
724 1809 847 1853 sua:
875 1789 1154 1871 privignae
1177 1837 1193 1862 ,
1218 1789 1456 1871 accipit.
1499 1790 1570 1853 Et
1598 1791 1725 1853 haec
1746 1790 1987 1871 quidem
2017 1789 2202 1854 habe-

2293 1791 2494 1854 εἴασεν,
2530 1791 2618 1848 Ἐν
2661 1793 2760 1871 γὰρ
2815 1796 2892 1864 τῷ
2946 1789 2995 1846 δ’
3047 1790 3316 1871 κεφαλαίῳ
3369 1800 3460 1849 τοῦ
3516 1784 3563 1847 ε’
3620 1791 3796 1849 τίτλου
3845 1799 3939 1848 τοῦ

557 1881 634 1945 de
665 1883 1014 1962 cognatione
1059 1901 1135 1946 ex
1188 1882 1514 1962 sanguine,
1578 1891 1636 1945 et
1687 1883 2014 1945 afﬁnitate:
2055 1890 2202 1945 etut

2290 1871 2386 1949 κη’
2413 1878 2612 1957 βιϐλίου
2651 1881 2808 1960 φησὶν
2852 1877 3112 1944 αὖτολεξεὶ
3167 1881 3356 1936 οὑτωσί
3389 1898 3402 1912 ⁸
3465 1877 3594 1938 Οὐδὲ
3648 1881 3745 1947 τὴν
3803 1880 3934 1938 ποτὲ

553 1971 834 2053 equidem
863 1971 1139 2047 arbitror,
1143 1971 1312 2052 juxta
1328 1980 1595 2035 exactam
1604 1973 1628 2052 j
1638 1972 1762 2034 uris
1784 1971 2161 2052 disciplinam
2190 1997 2202 2043 ;

2291 1982 2520 2048 γυναῖκα
2576 1965 2831 2043 λαμϐάνω
2886 1977 2980 2027 τοῦ
3047 1968 3304 2047 προγόνου
3375 1990 3500 2044 μου,
3552 1966 3668 2025 οὔτε
3722 1970 3759 2036 ἡ
3815 1991 3932 2042 μη-

557 2060 826 2144 quamvis
857 2060 1128 2142 plurimae
1154 2061 1456 2123 canonica;
1489 2070 1547 2122 et
1593 2061 1798 2122 civiles
1834 2059 2202 2135 sanctiones,

2290 2059 2447 2138 τρυιὰ
2502 2055 2759 2134 λαμϐάνει
2813 2058 2905 2113 τὸν
2962 2057 3245 2134 γενόμενον
3300 2053 3456 2135 ἄνδρα
3523 2057 3617 2124 τῆς
3673 2058 3934 2135 προγόνης

557 2149 712 2231 quod
744 2149 807 2211 in
841 2149 1168 2212 multorum
1213 2167 1489 2212 versuum
1522 2149 1743 2230 scripta
1771 2148 2202 2230 diffundantur,

2290 2149 2476 2215 αὐτῆς.
2513 2148 2612 2204 Καὶ
2680 2145 2815 2203 οὕτω
2871 2145 2968 2221 μὲν
3016 2144 3215 2226 ἔχομεν
3265 2147 3382 2225 περὶ
3450 2151 3550 2212 τῆς
3605 2144 3658 2211 ἐξ
3702 2145 3931 2221 αἵματος

554 2238 674 2301 sint
704 2237 1140 2320 praetermissae.
1179 2236 1348 2310 Quod
1378 2247 1575 2301 autem
1609 2245 1668 2300 et
1696 2255 1887 2317 major
1932 2237 2202 2317 cognatio

2288 2239 2377 2294 καὶ
2430 2235 2752 2320 ἀγχιστείας
2812 2236 3113 2313 συγγενείας
3148 2253 3162 2269 ·
3211 2236 3323 2315 καὶ,
3381 2236 3454 2300 ὡς
3507 2234 3739 2313 ἐγῷμαι,
3796 2233 3930 2313 ἐχο-

554 2345 628 2392 ex
671 2327 922 2410 spiritali
969 2327 1398 2408 consequentia
1443 2346 1718 2402 nascens,
1751 2327 1907 2389 inter
1938 2345 2050 2390 nos
2075 2326 2202 2408 pios

2285 2325 2452 2402 μένης
2482 2329 2579 2390 τῆς
2610 2319 2873 2401 ἂκριϐείας
2908 2342 2922 2360 ο
2972 2323 3016 2378 εἰ
3067 2324 3156 2379 καὶ
3209 2323 3276 2378 τὰ
3317 2321 3548 2379 πλεῖστα
3600 2323 3704 2378 τῶν
3762 2345 3928 2379 κανο-

549 2409 910 2491 intercedit,
945 2415 1022 2478 de
1052 2434 1122 2479 ea
1154 2417 1241 2478 sic
1269 2416 1592 2478 summarie
1625 2415 2016 2479 tractandum.

2285 2416 2442 2471 νικὼν
2471 2415 2559 2470 καὶ
2614 2417 2846 2488 νομικῶν
2914 2412 3282 2486 θεσπισμάτων
3353 2411 3405 2468 ἐν
3465 2413 3689 2485 τούτοις,
3736 2409 3820 2466 διὰ
3869 2414 3930 2466 το

550 2507 650 2574 τῆς
720 2505 1044 2586 πολυραφίας
1074 2503 1422 2585 πολύστιχον,
1455 2504 1894 2586 κατελείφθησαν,
1930 2493 2061 2562 "Ott
2091 2503 2146 2560 δὲ
2174 2507 2262 2562 καὶ
2318 2503 2509 2576 μείζων
2570 2501 2846 2580 συγγένεια
2888 2500 2941 2557 ἐν
2987 2504 3347 2576 πνευματικῆς
3382 2499 3685 2564 ἀκολουθίας
3728 2499 3926 2556 ἀνακύ-

551 2615 755 2652 πτουσα
783 2593 837 2650 ἐν
867 2596 1002 2670 ἡμῖν
1030 2607 1146 2660 τοῖς
1189 2592 1419 2650 εὒσεϐἐσι
1448 2593 1760 2671 μεσολαϐεῖ,
1794 2596 1882 2651 καὶ
1911 2595 2027 2672 περὶ
2055 2594 2251 2661 ταύτης
2283 2593 2460 2674 χρεὼν
2492 2589 2630 2674 οὕτω
2659 2587 2954 2656 διαλαϐεῖν.

633 2681 837 2746 Canon
869 2667 947 2746 56
976 2680 1182 2761 synodi
1227 2681 1287 2757 6,
1332 2681 1408 2744 de
1451 2667 1802 2762 hujusmodi
1851 2667 2201 2762 cognatione

2365 2673 2424 2739 ιΟ
2454 2668 2567 2753 νς’
2594 2680 2767 2738 κανὼν
2808 2684 2907 2746 τῆς
2938 2667 3020 2752 ς’
3063 2674 3276 2737 συνόδου
3333 2678 3451 2756 περὶ
3512 2681 3604 2744 τῆς
3675 2677 3923 2742 τοιαύτης

554 2771 682 2834 haec
715 2771 1088 2851 promulgat:
1127 2769 1419 2843 Quoniam
1463 2770 1744 2852 spiritalis
1794 2769 2197 2845 necessitudo,

2285 2771 2586 2850 συγγενείας
2647 2769 2811 2825 ταῦτα
2879 2765 3170 2847 διαγορεύει
3203 2785 3220 2804 ο
3281 2763 3500 2832 Ἐπειδὴ
3558 2766 3748 2841 μείζων
3792 2766 3936 2832 ἐστὶν

549 2876 661 2922 seu
686 2858 963 2934 afﬁnitas,
987 2875 1306 2939 corporum
1327 2859 1748 2939 conjunctione
1778 2860 1968 2939 major
1995 2867 2112 2921 est:
2140 2859 2202 2919 in

2285 2860 2480 2930 ἡκατὰ
2522 2864 2728 2932 πνεῦμα
2787 2859 3048 2924 οἷκειοτης
3107 2860 3203 2924 τῆς
3269 2858 3374 2912 τῶν
3433 2856 3693 2931 σωμάτων
3761 2877 3925 2914 συνα-

551 2946 854 3011 nonnullis
888 2953 1086 3009 autem
1115 2947 1262 3009 locis
1289 2947 1669 3027 cognovimus
1699 2946 2202 3029 quosdam,quiex

2285 2951 2455 3032 φείας,
2487 2946 2724 3026 ἔγνωμεν
2755 2944 2809 3002 δὲ
2852 2945 2906 3001 ἓν
2960 2968 3065 3002 τισι
3116 2946 3297 3009 τόποις
3353 2947 3502 3009 τινας
3557 2945 3618 3001 ἐκ
3658 2955 3752 3004 τοῦ
3783 2947 3930 3024 ἁγίου

551 3042 758 3100 sancto
790 3042 850 3098 et
885 3035 1128 3098 salutari
1157 3034 1510 3116 baptismate
1559 3036 1817 3098 infantes
1847 3035 2200 3116 suscipiunt,

2285 3041 2371 3096 καὶ
2435 3033 2801 3115 σωτηριώδους
2859 3036 3223 3110 βαπτίσματος
3318 3033 3513 3098 παῖδας
3584 3033 3924 3114 ἀναδεχομέο

555 3132 761 3216 postea
782 3143 1016 3206 quoque
1036 3143 1169 3216 cum
1200 3124 1490 3216 matribus
1519 3125 1755 3188 illorum
1787 3124 1980 3216 viduis
2001 3125 2200 3186 matri-

2285 3149 2426 3202 νους,
2497 3127 2586 3182 καὶ
2643 3125 2778 3201 μετὰ
2831 3131 2986 3182 τοῦτο
3057 3137 3177 3187 ταῖς
3269 3123 3482 3180 ἐκείνων
3538 3126 3767 3201 μητράσί
3821 3145 3927 3202 7",-

553 3214 820 3277 mouium
871 3213 1269 3275 contrahere:
1309 3213 1644 3291 statuimus,
1678 3221 1742 3276 ut
1786 3215 1848 3275 in
1898 3223 2202 3294 posterum

2285 3217 2552 3296 ρευούσαις
2654 3215 2882 3292 γαμικὸν
3007 3211 3455 3275 σοναλλάττοντας
3556 3212 3877 3268 συνοικέσιον
3912 3229 3924 3240 ·

551 3302 702 3365 nihil
734 3302 834 3364 ﬁat
863 3301 1182 3381 ejusmodi.
1211 3300 1272 3364 Si
1301 3304 1400 3383 qui
1431 3310 1626 3365 autem
1656 3321 1803 3384 {per
1852 3310 2202 3383 praesentem

2286 3306 2546 3385 ὁρίζομεν,
2601 3303 2708 3360 ἀπὸ
2763 3311 2854 3360 τοῦ
2943 3305 3204 3382 παρόντος
3287 3300 3453 3377 μηδὲν
3507 3308 3740 3358 τοιοῦτον
3799 3323 3926 3380 πρα-

551 3409 845 3454 canonem
875 3391 988 3452 hoc
1016 3390 1213 3454 facere
1235 3391 1596 3472 deprehensi
1625 3391 1928 3467 fuerint,ii
1959 3391 2202 3472 quidem

2285 3397 2504 3474 χθῆναι.
2538 3393 2599 3449 Εἰ
2626 3389 2681 3447 δέ
2729 3414 2865 3456 τινες
2932 3393 3019 3448 καὶ
3076 3393 3209 3467 μετὰ
3271 3393 3359 3446 τὸν
3430 3391 3666 3469 παρόντα
3733 3390 3928 3445 κανόνα

549 3479 744 3562 primo
772 3478 846 3540 ab
879 3479 995 3540 hoc
1023 3477 1230 3542 illicito
1262 3489 1319 3542 et
1349 3480 1567 3559 injusto
1607 3479 1982 3541 matrimonio
2001 3497 2029 3537 ε
2049 3478 2202 3540 desi-

2286 3485 2576 3564 ιρωραθεῒεν
2647 3490 2800 3539 τοῦτο
2880 3487 3176 3554 ποιοῦντες,
3263 3480 3621 3558 πρωτοτύπως
3712 3479 3809 3553 μὲν
3882 3481 3927 3532 οἱ

550 3565 982 3654 stant:deinde
1001 3575 1062 3630 et
1086 3567 1508 3631 fornicatorum
1541 3567 1732 3649 poenis
1778 3565 2195 3648 subjiciantur.

2285 3581 2507 3633 τοιοῦτοι
2591 3574 2991 3654 ἀφιστάσθωσαν
3089 3583 3181 3632 τοῦ
3279 3573 3512 3630 τοιούτου
3617 3572 3927 3650 παρανόμου

550 3653 696 3720 Cum
727 3655 910 3735 igitur
949 3673 1210 3738 praesens
1239 3674 1430 3719 canon
1459 3658 1748 3738 majorem
1779 3663 1945 3718 vocet
1973 3655 2204 3734 spirita-

551 3744 673 3807 lem
687 3744 1099 3825 cognationem
1111 3763 1310 3826 ,quam
1326 3746 1621 3808 carnalem
1642 3767 1655 3805 :
1683 3763 1932 3807 necesse
1957 3743 2194 3820 habent,

553 3833 657 3915 qui
687 3851 794 3916 per
822 3850 953 3894 eam
986 3833 1248 3896 devincti
1269 3837 1497 3905 sunt,in
1529 3841 1612 3896 tot
1631 3834 1848 3913 gradus
1869 3840 2194 3894 veneratio-

551 3939 690 3984 nem
724 3922 854 4002 ejus
887 3928 948 3984 et
974 3921 1157 3984 decus
1187 3922 1528 3997 observare,
1563 3931 1704 4003 quot
1734 3930 1792 3983 et
1817 3939 1888 3983 ex
1915 3920 2198 4000 sanguine

549 4009 940 4090 cognationis.
971 4011 1119 4072 Nam
1150 4013 1296 4086 Deo,
1322 4010 1534 4091 inquit,
1569 4029 1674 4091 per
1702 4009 2197 4091 baptismainter-

548 4099 1039 4176 cedente,eorum
1059 4099 1274 4161 animae
1295 4119 1403 4162 con
1403 4099 1820 4179 junguntur,et
1846 4117 1997 4160 unus
2020 4099 2196 4160 homo

549 4191 746 4273 ﬁt,qui
774 4210 847 4254 ex
875 4208 1046 4253 sacro
1073 4190 1423 4272 baptismate
1443 4191 1726 4252 infantem
1761 4190 2042 4270 suscepit,
2078 4191 2194 4252 hu-

543 4281 763 4362 jusque
793 4279 1086 4342 naturalis
1117 4287 1304 4360 pater.
1342 4281 1512 4342 Unde
1541 4289 1600 4342 et
1626 4285 2063 4358 consequenter
2087 4296 2193 4340 eo-

2280 3663 2624 3740 συνοικεσίου,
2683 3661 2866 3719 ἔπειτα
2935 3661 2988 3718 δὲ
3045 3664 3132 3719 καὶ
3214 3675 3332 3727 τοῖς
3407 3667 3516 3717 τῶν
3569 3661 3926 3739 πορνευόντων

2279 3752 2559 3827 ἕπιτιμίοις
2616 3749 3091 3822 ὑποϐληθήτωσαν.
3175 3741 3304 3809 ΗΟτι
3397 3751 3567 3807 τοίνυν
3662 3753 3691 3806 ὁ
3748 3750 3926 3828 παρὼν

2278 3843 2452 3898 κανὼν
2512 3840 2724 3917 μείζονα
2793 3839 2952 3899 καλεῖ
3012 3841 3113 3907 τὴν
3188 3839 3549 3914 πνευματικὴν
3624 3837 3925 3917 συγγένειαν

2279 3930 2421 4008 παρὰ
2449 3930 2547 3996 τὴν
2598 3929 2874 4009 σαρκικὴν,
2921 3928 3158 4007 ἀνάγκην
3203 3928 3418 4008 ἔχουσιν
3475 3930 3522 3983 οἱ
3588 3925 3673 3987 διὰ
3728 3927 3925 3992 ταύτης

2278 4017 2601 4080 συνδεθέντες
2658 4020 2730 4082 εἰς
2815 4018 3094 4083 τοσούτους
3178 4018 3408 4094 βαθμοὺς
3507 4029 3789 4096 συντηρεῖν
3866 4016 3927 4070 τὸ

2277 4108 2474 4174 ταύτης
2530 4105 2822 4182 σεϐάσμιον
2878 4108 2965 4163 καὶ
3023 4107 3302 4186 εὐπρεπὲς,
3375 4107 3450 4170 εἰς
3516 4103 3668 4169 ὅσους
3726 4106 3817 4161 καὶ
3866 4105 3928 4160 τὸ

2277 4201 2376 4263 τῆς
2399 4195 2451 4261 ἐξ
2481 4195 2711 4272 αἵματος
2738 4197 3064 4275 συγγενείας.
3112 4197 3209 4253 Διὰ
3261 4197 3362 4274 γὰρ
3416 4203 3508 4252 τοῦ
3537 4194 3923 4271 βαπτίσματος,

2277 4291 2428 4358 Θεοῦ,
2473 4286 2625 4364 φησὶ,
2663 4286 3006 4360 μεσάζοντος.
3039 4287 3091 4341 αἱ
3120 4287 3291 4364 ψυχαὶ
3333 4287 3503 4342 αὐτῶν
3552 4284 3926 4362 συνάπτονται,

550 4386 684 4430 rum
711 4367 911 4450 liberi,
944 4367 1157 4430 fratres
1186 4367 2104 4448 nominantur,quemadmodum
2137 4374 2194 4427 et

2285 4374 2361 4430 καὶ
2385 4377 2466 4437 εἷς
2527 4372 2820 4452 ἅνθρωπος,
2867 4375 2918 4449 ὃ,
2977 4375 3033 4430 τὲ
3090 4376 3151 4430 ὶκ
3217 4383 3312 4431 τοῦ
3355 4372 3502 4450 ἁγίου
3556 4371 3926 4448 βαπτισμάτος

549 4455 664 4535 illi,
696 4463 1027 4539 compatrcs
1067 4477 1081 4520 :
1115 4456 1390 4520 similiter
1419 4466 1480 4520 et
1507 4475 1636 4538 quae
1687 4477 1756 4519 ex
1788 4457 1880 4518 his
1909 4456 2194 4536 deinceps

2285 4464 2366 4518 τὸ)
2394 4459 2562 4518 παῖδα
2590 4461 2893 4542 δεξάμενος,
2922 4463 3009 4519 καὶ
3039 4465 3068 4518 ὁ
3098 4463 3231 4522 κατὰ
3261 4460 3429 4539 σάρκα
3482 4459 3666 4516 τούτου
3722 4460 3924 4538 πατὴρ,

551 4545 960 4628 producuntur
989 4563 1257 4627 personae
1279 4545 1647 4625 cognationis
1669 4564 1736 4607 ex
1766 4543 2050 4622 sanguine
2071 4563 2195 4606 sor-

2285 4551 2532 4628 γίνονται.
2597 4540 2760 4609 εὈθεν
2822 4550 3120 4616 ἀκολούθως
3191 4551 3281 4607 καὶ
3351 4552 3399 4606 οἱ
3453 4549 3654 4604 τούτων
3709 4545 3926 4628 παῖδες,

550 4638 779 4720 tiuntur
807 4635 1257 4716 appellationes.

2285 4636 2488 4720 αδελφοὶ
2556 4639 2922 4714 ὀνομάζονται,
2995 4641 3129 4697 καθα
3175 4641 3265 4696 καὶ
3331 4638 3558 4712 ἐκεῖνοι,
3629 4637 3928 4710 σύντεκνοι,

553 4715 824 4790 Ὠσαύτως
850 4715 953 4781 ίκοὶ
981 4725 1048 4783 τὰ
1087 4726 1150 4780 ἐκ
1190 4724 1391 4781 τούτων
1432 4723 1768 4801 καταγόμενα
1799 4721 1985 4802 ἐφεξης
2014 4724 2272 4800 πρόσωπα
2328 4715 2426 4791 τὰς
2479 4732 2576 4797 τῆς
2619 4727 2672 4794 ἐξ
2726 4729 2955 4805 αἵματος
2996 4729 3295 4808 συγγενείας
3321 4727 3539 4797 κλήσεις
3571 4723 3929 4806 μεταλαγχά-

551 4834 723 4890 νουσι,
752 4814 840 4869 καὶ
870 4813 995 4869 εἰσὶν
1017 4811 1227 4879 ἀληθῶς
1256 4813 1345 4868 καὶ
1373 4812 1717 4888 ὀνομάζονται
1745 4824 2043 4890 συγγενεῖς,

628 4903 899 4982 Suntque
948 4917 1112 4977 vere,
1145 4909 1203 4963 et
1235 4900 1621 4963 nominantur
1666 4901 1962 4978 cognanti.
1997 4900 2197 4963 Sancti

2364 4897 2426 4963 Ἡ
2453 4907 2552 4986 γὰρ
2583 4914 2673 4964 τοῦ
2701 4908 2848 4984 ἁγίου
2906 4908 3210 4984 Πνεύματος
3268 4905 3495 4972 ἐνωτικὴ
3549 4902 3767 4986 δύναμις
3795 4982 3807 4986 _
3851 4905 3928 4968 εἰς

557 4989 718 5052 enim
750 4989 995 5069 spiritus
1030 4989 1279 5052 uniendi
1324 4996 1582 5071 potestas
1611 5007 1820 5050 omnes
1862 4987 2198 5052 conciliavit

2285 4982 2500 5064 γνησίαν
2526 4982 2806 5065 ⁷ἐγγύτητα
2864 4982 3067 5050 πάντας
3124 4989 3475 5066 συνήρμοσεν,
3532 4985 3598 5051 ἣν
3642 4982 3928 5040 συνθολοῦ-

705 4859 723 4893 9

551 5079 616 5141 in
644 5095 841 5142 veram
871 5077 1391 5159 propinquitatem,
1422 5096 1552 5159 quae
1583 5075 1981 5138 contractibus
2013 5076 2194 5138 illici-

551 5165 628 5229 tis
655 5165 938 5230 confundi
952 5185 1070 5228 non
1082 5165 1730 5247 poiest.Prohibitorius
1742 5181 1885 5245 ergo
1909 5164 2198 5227 terminus

553 5256 618 5319 in
648 5255 854 5337 hac,ut
879 5253 942 5316 in
971 5254 1276 5334 sanguinis
1297 5254 1862 5335 cognatione,usque
1897 5253 1973 5314 ad
2004 5253 2192 5334 septi-

548 5362 710 5408 tnum
761 5343 1010 5434 gradum
1060 5342 1493 5408 observabitur.
1543 5341 1646 5405 Est
1673 5350 1732 5404 et
1760 5343 1874 5403 alia
1924 5339 2196 5421 cognatio

2277 5077 2391 5131 σθαι
2451 5073 2876 5155 συναλλάγμασιν
2932 5075 3183 5152 ἀθέσμοις
3236 5076 3410 5142 πάντη
3454 5071 3729 5135 ἀδύνατον.
3803 5077 3924 5128 Πα-

2279 5165 2699 5244 ρατηρηθήσεται
2770 5163 2824 5220 δὲ
2880 5164 2934 5222 ἐν
3004 5167 3170 5241 ταύτῃ
3251 5166 3312 5220 τὸ
3410 5161 3701 5219 κωλυτικὸν
3754 5158 3926 5239 ὅριον,

2275 5254 2412 5310 κατὰ
2440 5253 2538 5320 τὴν
2679 5251 2912 5330 αἵματος
2964 5254 3290 5334 συγγένειαν,
3335 5251 3497 5332 μέχρι
3540 5252 3629 5309 καὶ
3697 5246 3928 5324 ἑϐδόμου

2275 5343 2497 5418 βαθμοῦ.
2565 5331 2729 5400 υΕστι
2772 5339 2828 5398 δὲ
2883 5343 2972 5400 καὶ
3025 5331 3176 5420 ἑτέρα
3245 5331 3521 5420 συγγένεια
3564 5339 3648 5396 διὰ
3701 5337 3923 5413 θέσεως,

1884 5499 2138 5564 VARUE
2182 5495 2612 5563 LECTIONES.

673 5646 862 5708 latum
893 5645 1054 5708 hunc
1083 5652 1216 5725 post
1241 5661 1554 5709 canonem.
1609 5652 1638 5694 ε
1667 5642 1742 5705 ab
1772 5643 1882 5704 hac
1911 5645 2158 5722 nefaria
2183 5643 2645 5710 cohabitatt‘om.
