4192 6220
252 351 379 419 945

1616 344 2297 411 GBIECO-BOMANUM

3506 349 3627 416 946

244 487 426 545 εἴτουν
483 488 738 550 υἱοθεσίας
769 502 785 519 ⁶
831 486 898 553 ἣν
941 484 1006 554 δὴ
1061 486 1149 541 καὶ
1217 483 1384 553 αὐτὴν
1458 483 1597 542 οὕτω
1651 504 1898 563 παραφυ-

1985 496 2091 559 per
2101 479 2691 564 adoptionem,quam
2706 480 2915 543 eodem
2933 481 3107 562 plane
3116 481 3296 546 modo
3305 482 3630 550 observare

240 574 452 635 λάττειν
520 574 821 655 ὀφείλομεν,
907 574 1143 651 καθάπερ
1227 573 1317 629 καὶ
1370 573 1471 641 τὴν
1540 570 1592 639 ἐξ
1634 570 1889 649 αἵματος,

232 667 324 722 καὶ
351 665 451 732 τὴν
522 662 608 720 διὰ
663 672 753 723 τοῦ
813 666 951 721 θείου
1008 662 1393 740 βαπτίσματος.
1454 662 1656 726 Ταύτας
1707 660 1806 738 γὰρ
1835 657 1895 716 ἔκ

238 775 297 810 τε
339 759 446 810 τῶν
482 755 635 832 ἱερῶν
704 753 964 825 κανόνων,
1033 753 1120 808 καὶ
1186 753 1291 806 τῶν
1346 746 1667 832 φιλευσεϐῶν
1721 748 1895 822 νόμων

244 855 432 921 τηρεῖν
463 830 858 920 παρελάϐομεν,
931 841 1003 904 ὡς
1059 839 1418 917 προέκκειται.
1481 830 1545 896 Ἠ
1614 836 1669 894 δέ
1723 858 1783 914 γε
1814 834 1898 892 διὰ

247 930 444 993 θέσεως
474 927 789 1009 ἀδελφότης,
840 930 915 991 ὡς
970 928 1291 993 ἀσύσταττος
1358 928 1446 983 καὶ
1501 924 1766 1005 ἀϐέϐαιος,
1813 925 1899 981 καὶ

253 1025 323 1095 τῇ
405 1017 554 1097 φύσει
638 1016 1010 1096 ἆνακόλουθος,
1083 1016 1171 1072 καὶ
1225 1021 1303 1090 τῷ
1368 1014 1516 1092 νόμῳ
1569 1011 1894 1092 ἀπόϐλητος,

262 1104 494 1169 οὒδόλως
565 1104 679 1163 οὒδέ
728 1108 799 1169 εὶς
857 1106 1060 1183 γαμικὰ
1128 1103 1426 1183 συνοικέσια
1486 1101 1893 1183 ἐμποδοστατεῖ.

253 1195 405 1263 Φησὶ
433 1197 533 1274 γὰρ
562 1196 624 1252 τὸ
651 1184 734 1250 λε’
763 1182 1046 1276 κεφάλαιον
1068 1200 1160 1250 τοῦ
1190 1182 1265 1272 ιγ’
1303 1192 1478 1250 τίτλου
1505 1200 1597 1250 τοῦ
1626 1182 1902 1276 εἰβιϐλίου

255 1272 457 1364 ρητῶςή
482 1272 671 1342 οὖτωσί
715 1300 732 1318 ⁸
768 1272 914 1350 Μηδὲ
954 1282 1096 1361 παρὰ
1138 1280 1300 1347 ξένοις
1369 1293 1488 1346 τοῖς
1558 1279 1657 1348 ἕω
1687 1272 1898 1356 Ῥώμης

263 1374 467 1430 οἰκοῦσι
511 1370 594 1427 διὰ
649 1370 839 1436 θέσεως
907 1367 1199 1451 ἀδελφότης
1257 1369 1601 1432 συνιστάσθω.
1656 1368 1763 1427 Κάν
1819 1389 1898 1432 τις

254 1464 330 1526 ὡς
374 1459 595 1540 ἀδελφὸς
661 1459 1036 1539 προσληφθεὶς,
1076 1457 1425 1540 ,κληρονόμος
1480 1465 1682 1539 γραφῇ,
1740 1456 1897 1513 ἐκπι-

250 1549 431 1607 πτέτω
458 1537 558 1617 της
627 1537 1007 1628 κληρονομίας.
1072 1537 1239 1605 ιὈθιεν
1309 1537 1528 1615 ἒπειδὴί-
1567 1546 1703 1604 οὕτω
1758 1546 1900 1625 παρὰ

251 1645 359 1695 τῶν
392 1638 570 1713 νόμων
638 1640 673 1705 ἡ
732 1636 816 1693 διὰ
882 1636 1075 1702 θέσεως
1128 1634 1422 1715 ἀδελφότης
1476 1635 1896 1715 ἀποσκορακίζε-

253 1750 366 1801 ται,
430 1725 546 1784 οὐδὲ
602 1729 732 1806 πρὸς
790 1724 1119 1804 συναλλαγὰς
1183 1726 1414 1803 γαμικὰς
1493 1725 1611 1805 ἔχει
1668 1723 1898 1781 κώλυσιν

1975 567 2408 655 debemus,quo
2424 577 2482 632 et
2497 587 2778 651 eam,que
2798 578 2886 632 est
2909 588 2979 633 ex
3001 570 3382 651 sanguine,et
3405 571 3624 655 quale:

1976 654 2175 719 divino
2192 657 2574 722 lavacro.Has
2592 658 2751 720 enim
2767 659 3115 741 utsuperius
3132 660 3389 741 positum
3410 654 3524 739 est,
3548 680 3620 726 ex

1979 745 2162 808 sacris
2187 747 2536 825 canonibus,
2568 747 2982 830 religiosisque
3021 747 3254 828 legibus
3284 750 3624 832 accepimus

1980 834 2754 909 observandas.Quaeantem
2772 854 2879 917 per
2889 836 3268 917 adoptionem
3287 837 3625 903 fraternitas

1980 923 2288 1003 contingit,
2316 932 2382 986 ut
2404 924 2720 988 imbecillis
2743 932 2802 987 et
2820 924 3067 1002 incerta,
3089 942 3201 991 nec
3221 935 3623 992 consentanea

1982 1020 2231 1085 natura,
2266 1020 2324 1075 et
2356 1013 2485 1094 lege
2519 1014 2850 1094 rejicienda
2886 1016 2936 1087 ιι,
2988 1014 3220 1077 nullum
3267 1033 3513 1097 prorsus
3542 1016 3619 1080 ad

1981 1101 2278 1179 nuptiales
2312 1101 2781 1166 cohabitationes
2826 1102 3326 1184 impedimentum
3359 1112 3623 1185 praestat.

1978 1190 2078 1254 Ait
2100 1189 2258 1253 enim
2286 1192 2362 1255 35
2382 1209 2438 1256 c.
2476 1191 2655 1255 13tit.
2688 1191 2728 1254 ὅ
2748 1191 2909 1269 libri,
2944 1192 3031 1254 sic
3054 1193 3128 1256 ad
3158 1192 3410 1255 verbnm
3434 1213 3450 1255 :
3478 1194 3625 1257 Nec'

1979 1279 2131 1361 apud
2165 1279 2536 1361 peregrinos,
2563 1280 2667 1362 qui
2695 1288 2858 1342 extra
2886 1283 3134 1343 Romam
3183 1281 3467 1358 habitant,
3499 1281 3624 1345 fra-

1981 1367 2223 1431 ternitas
2254 1386 2360 1449 per
2403 1368 2785 1450 adoptionem
2824 1369 3110 1433 consistat
3141 1391 3155 1429 :
3190 1376 3249 1432 et
3277 1369 3328 1431 si
3358 1370 3492 1452 quis
3520 1388 3621 1433 as-

1979 1465 2253 1538 sumptus
2284 1464 2346 1519 ut
2373 1457 2575 1539 frater,
2610 1459 2802 1522 haeres
2832 1460 3091 1541 scriptus
3136 1457 3234 1535 sit,
3290 1458 3523 1522 excidat
3549 1458 3625 1522 ab

1981 1546 2347 1609 hereditate.
2383 1546 2554 1611 Unde
2593 1565 2728 1609 cum
2776 1546 2864 1610 sic
2916 1566 2950 1609 a
3000 1546 3234 1629 legibus
3280 1545 3626 1611 fraternitas

1979 1636 2312 1718 adoptionis
2360 1636 2734 1718 reprobetur,
2790 1654 2986 1717 neque
3035 1636 3111 1700 ad
3160 1635 3628 1701 matrimoniaies

1981 1725 2404 1788 conventiones
2435 1724 2893 1805 prohibitionem
2933 1726 3111 1789 habet
3158 1725 3362 1804 ullam,
3395 1731 3619 1808 utpote.

254 1817 520 1888 ὁπωσοῦν,
554 1817 626 1880 ὡς
662 1813 765 1880 ἔξω
818 1819 917 1881 τῆς
986 1820 1094 1870 τῶν
1147 1816 1298 1893 ἱερῶν
1366 1813 1600 1870 κανόνων
1655 1815 1743 1870 καὶ
1794 1818 1898 1869 τῶν

1982 1821 2146 1877 extra
2198 1832 2329 1875 eam
2376 1801 2599 1876 cadens
2627 1832 2757 1895 qua
2785 1832 2856 1876 ex
2886 1801 3415 1877 sacriscanonibus
3445 1801 3628 1894 est,et

256 1901 578 1984 φιλευσεϐὦν
632 1903 809 1977 νόμων
862 1903 1124 1958 πίπτουσα
1157 1921 1173 1938 ·
1246 1900 1367 1958 ἀλλ’
1439 1903 1499 1974 ἐᾷ
1540 1903 1734 1966 ταύτας
1763 1923 1901 1980 προ-

254 1991 473 2064 ϐαίνειν,
507 1994 581 2055 ὼς
641 1989 946 2067 μηδαμόθεν
1001 1991 1226 2047 κώλυσίν
1284 2013 1402 2048 τινα
1451 1992 1485 2059 ἢ
1543 1990 1748 2067 μέμψιν
1778 1990 1901 2047 ἐπι-

252 2081 564 2160 συρομένας.
627 2071 692 2137 Ἠ
749 2079 889 2143 θέσις
957 2080 1057 2159 γὰρ
1116 2092 1363 2155 μιμεῖται
1447 2081 1543 2147 τὴν
1601 2078 1773 2160 φύσιν.
1840 2068 1902 2134 Ἠ

255 2170 410 2249 φύσις
470 2167 522 2224 δὲ
577 2170 688 2224 υἱὸν
746 2167 1083 2246 ἐπιγινώσκει
1166 2165 1251 2224 διὰ
1305 2169 1622 2246 γεννήσεως,
1682 2165 1903 2245 ἀδελφὸν

251 2256 307 2315 δὲ
369 2256 634 2333 οὐδαμῶς.
707 2259 769 2314 Εἰ
834 2253 887 2312 δὲ
930 2255 1154 2336 ἀδελφὸν
1233 2258 1269 2325 ἡ
1313 2258 1503 2338 ζφύσις
1561 2258 1621 2313 οὒ
1674 2257 1899 2336 πέφυκεν

259 2346 581 2422 ἀποτίκτειν,
639 2345 736 2426 ἄρα
783 2347 870 2402 καὶ
937 2347 972 2413 ἡ
1032 2345 1198 2425 θέσις,
1284 2347 1356 2409 ὡς
1424 2343 1731 2421 μιμουμένη
1801 2345 1901 2410 τὴν

257 2438 434 2515 φύσιν,
466 2437 561 2493 οὐκ
587 2434 817 2516 ἐξισχύει
846 2436 976 2511 πρὸς
1028 2435 1243 2501 ποίησιν
1296 2432 1673 2513 ἀδελφότητος.
1722 2431 1900 2490 Ἀκώ-

258 2526 389 2583 λυτα
421 2526 529 2599 οὖν,
574 2526 664 2582 καὶ
721 2522 1120 2604 ἀκατηγόρητα,
1178 2525 1266 2580 καὶ
1328 2525 1660 2580 παντάπασιν
1716 2520 1898 2598 ἄμεμ-

258 2637 365 2672 πτα
422 2615 487 2671 τὰ
529 2611 939 2690 συναλλάγματα
995 2614 1063 2669 τὰ
1111 2611 1294 2678 ’έξωθεν
1344 2619 1450 2669 τῶν
1505 2608 1699 2668 ἄνωθεν
1748 2612 1899 2690 ε’ίρη-

262 2704 456 2780 μένων,
488 2702 549 2759 ’ἐκ
599 2724 657 2758 τε
720 2700 977 2781 αἵματος,
1036 2701 1098 2758 ἔκ
1164 2723 1221 2758 τε
1278 2701 1613 2781 ἀγχιστείας,
1684 2700 1773 2757 καὶ
1843 2698 1902 2755 ἐκ

262 2793 456 2849 θέσεων
486 2790 818 2871 ἀμφοτέρων,
869 2796 966 2853 τῆς
1017 2812 1075 2848 τε
1117 2788 1202 2846 διὰ
1256 2796 1349 2846 τοῦ
1403 2790 1550 2868 ἁγίου
1593 2789 1899 2865 βαπτίσμα-

262 2905 379 2961 τος,
405 2883 494 2937 καὶ
541 2886 635 2947 τῆς
699 2880 978 2943 υἱοθεσίας.
1046 2880 1146 2938 Καὶ
1200 2877 1317 2935 οὔτε
1373 2876 1440 2934 δι’
1495 2877 1898 2958 ἀδελφοποιτας,

265 2970 382 3028 οὔτε
437 2968 503 3025 δι’
575 2967 742 3036 ἄλλης
809 2969 975 3032 αἰτίας
1032 2967 1174 3033 ὅλως
1258 2968 1781 3048 πορατραπῄσονται,
1827 2969 1900 3030 ὡς

1985 1900 2815 1983 τειίεἰοείείιεςίὺυεΝετιιῐη
2858 1902 3000 1964 sinit
3045 1903 3153 1965 has
3180 1902 3531 1982 procedere,
3562 1909 3628 1964 ut

1984 1991 2146 2053 nulla
2177 2009 2244 2053 ex
2274 2000 2439 2072 parte
2471 1990 2932 2074 prohibitionem
2966 1991 3249 2073 aliquam,
3279 1990 3373 2054 vel
3415 2007 3629 2072 repre-

1985 2079 2337 2144 hensionem
2366 2080 3015 2163 attrahentes.Adoptio
3040 2080 3202 2144 enim
3222 2079 3487 2143 imitatur
3515 2097 3630 2142 na-

1986 2180 2181 2232 turam
2209 2189 2223 2231 :
2253 2178 2459 2233 natura
2490 2178 2690 2233 autem
2722 2171 2905 2235 tilium
2936 2170 3099 2233 novit
3128 2189 3238 2253 per
3280 2168 3624 2250 generatio-

1982 2277 2144 2339 nem,
2176 2258 2417 2321 fratrem
2444 2277 2840 2341 nequaquam.
2867 2258 3034 2333 Quod
3062 2259 3114 2321 si
3143 2259 3387 2322 fratrem
3416 2265 3629 2321 natura

1983 2365 2297 2429 procreare
2326 2367 2444 2409 non
2475 2356 2690 2428 potest.
2727 2366 2840 2411 nec
2864 2347 3100 2429 adoptio
3128 2346 3625 2429 igitur,utimita-

1982 2437 2094 2499 trix
2125 2438 2450 2513 naturm,ad
2464 2436 2795 2500 faciendam
2821 2436 3248 2501 fraternitatem
3262 2437 3437 2500 valet.
3458 2435 3628 2500 Liciti

1983 2534 2120 2589 sunt
2143 2526 2462 2606 igitur,nec
2487 2525 2852 2590 accusationi
2878 2526 2971 2589 vel
2998 2525 3454 2608 reprehensioni
3481 2524 3629 2588 sub-

1976 2616 2123 2696 jecti
2151 2615 2621 2697 contractus,qui
2652 2624 2817 2678 extra
2843 2633 2946 2677 eos
2974 2624 3134 2691 sunt,
3165 2633 3314 2697 quos
3353 2612 3631 2697 superius

1982 2703 2238 2767 diximus
2267 2723 2336 2767 ex
2359 2705 2667 2786 sanguine,
2692 2724 2762 2768 ex
2791 2704 3099 2782 afﬁnitate,
3134 2710 3194 2767 et
3219 2710 3478 2783 utraque
3496 2703 3629 2767 aﬂi-

1982 2792 2249 2874 liatione,
2310 2801 2427 2856 tam
2485 2811 2617 2877 quae
2665 2811 2773 2875 per
2812 2812 3048 2857 sacrum
3107 2792 3422 2875 baptisma,
3455 2808 3632 2874 quam

1984 2901 2114 2964 qua:
2143 2900 2250 2964 per
2282 2881 2762 2965 adoptionem.Et
2783 2901 2978 2967 neque
3006 2900 3117 2966 per
3142 2881 3341 2945 fratris
3362 2880 3625 2964 adoptio-

1984 2990 2349 3053 nem,neque
2372 2990 2479 3054 per
2506 2973 2684 3037 aliam
2713 2991 2953 3037 causam
2984 2989 3229 3055 prorsus
3260 2977 3629 3036 evertentur.

257 3059 399 3137 παρὰ
427 3059 522 3127 τῆς
566 3068 658 3117 τοῦ
685 3057 845 3133 νόμου
875 3062 1087 3125 σιωπῆς
1145 3058 1207 3112 τὸ
1262 3055 1564 3136 ἔμπρακτον
1619 3054 1768 3136 ἔχειν
1797 3077 1898 3112 σα-

1985 3078 2115 3141 quae
2146 3079 2253 3142 per
2282 3061 2428 3141 legis
2457 3062 2757 3125 silentium
2790 3054 3316 3144 deprehendantur
3350 3060 3629 3123 effectum

254 3158 368 3232 φῶς
410 3149 962 3226 καταλαμϐανόμεναι.
992 3149 1133 3217 Αὕτη
1191 3171 1274 3205 σοι
1340 3148 1470 3227 παρ’
1538 3150 1694 3224 ἡμῶν
1722 3150 1756 3217 ἡ
1800 3153 1898 3216 τῆς

254 3246 356 3308 σῆς
412 3239 679 3306 ἀξιώσεως
738 3238 1094 3319 ἑκπλήρωσίς,
1164 3238 1463 3314 τιμιωτάτη
1524 3260 1614 3313 μοι
1666 3238 1754 3294 καὶ
1782 3259 1899 3317 τρι-

252 3330 449 3397 πόθητε
486 3328 693 3408 κεφαλή
798 3319 964 3393 υΙΞΙτις
1022 3331 1066 3385 εί
1123 3329 1222 3404 μὲν
1277 3334 1368 3384 τοῦ
1426 3324 1543 3384 κατ’
1600 3324 1745 3393 ἀξίαν
1800 3325 1899 3403 ἐφ-

253 3418 449 3491 έκοιτο,
482 3418 648 3499 χάρισ
676 3424 753 3492 τῷ
782 3424 922 3496 Θεῷ,
952 3423 1030 3492 τῷ
1058 3424 1127 3494 τῇ
1170 3416 1467 3495 ἀνθρωπίνη
1524 3416 1763 3487 ἀσθενείᾳ
1801 3423 1901 3482 τὴν

254 3508 441 3566 ἑαυτοῦ
482 3508 640 3587 ἰσχὺν
694 3506 1035 3584 μεγαλύνοντι
1072 3521 1086 3537 ⁶
1148 3507 1192 3562 εἰ
1245 3505 1298 3562 δὲ
1355 3504 1492 3562 πολὺ
1545 3511 1638 3563 τοῦ
1692 3502 1899 3567 δέοντος

257 3600 599 3672 ἀπολίποιτο,
671 3601 759 3656 καὶ
816 3599 952 3656 οὕτω
1008 3600 1166 3679 χάρις
1219 3604 1296 3674 τῷ
1367 3597 1573 3672 ἑκάστῳ
1624 3598 1755 3676 πρὸς
1839 3598 1901 3652 τὸ

256 3688 518 3770 συμφέρον
588 3688 684 3755 τὴν
751 3698 843 3748 τοῦ
924 3688 1222 3763 πνεύματος
1302 3686 1490 3744 διδόντι
1584 3685 1896 3766 φανέρωσιν.

257 3779 406 3836 Ἐπεὶ
437 3776 550 3837 οὐδὲ
579 3778 795 3849 πάντες,
855 3776 1162 3856 ἀπόστολοι,
1196 3777 1232 3846 ἢ
1288 3773 1615 3856 διδάσκαλοι,
1673 3774 1710 3842 ἢ
1761 3796 1898 3852 προ-

253 3873 440 3949 φῆται,
474 3867 610 3923 κατά
652 3867 744 3922 τὸν
803 3865 971 3945 μέγαν
1044 3864 1362 3928 ἀπόστολον.
1422 3864 1592 3939 Ἠμῖν
1647 3860 1702 3919 δὲ
1767 3885 1900 3941 συγ..

252 3957 445 4035 γνώμη
480 3955 696 4018 πάντως
727 3954 872 4011 ἔσται
902 3957 1044 4035 παρὰ
1095 3958 1200 4011 τῶν
1242 3956 1360 4019 τοὺς
1417 3953 1637 4017 οἰκείους
1708 3950 1899 4029 λόγους

248 4044 665 4120 οἰκονομούντων
710 4043 764 4101 ἐν
817 4046 1007 4122 κρίσει,
1083 4046 1251 4101 εἶτουν
1301 4041 1575 4124 διακρίσει,
1620 4041 1755 4098 κατὰ
1810 4042 1902 4098 τὸν

248 4132 552 4210 ψάλλοντα,
609 4134 680 4196 ὡς
741 4132 798 4189 οὗ
854 4133 1096 4211 θράσους,
1166 4132 1203 4200 ἢ
1258 4129 1550 4197 ἐπιδείξεως
1616 4127 1740 4186 ἀλλ’
1793 4130 1900 4185 ὑπ-

250 4226 422 4288 ακοῆς
468 4222 556 4277 καὶ
596 4221 809 4300 ἀγάπης
840 4225 1228 4300 πνευματικῆς,
1273 4222 1362 4276 καὶ
1388 4223 1647 4299 σαρκικῆς
1704 4217 1900 4275 οἰκειόο

251 4331 414 4378 τητος
469 4309 809 4389 προθεμένοις
865 4307 1149 4367 ἀποδοῦναι
1230 4307 1468 4390 ὀὲρλημα,
1570 4307 1778 4363 Γένοιτο
1847 4304 1901 4361 δὲ

1985 3148 2373 3213 habereHaac
2403 3150 2510 3212 tibi
2540 3151 2776 3215 anobis
2824 3162 2940 3215 tnaa
2995 3149 3303 3234 petitionis
3330 3148 3627 3231 impletio,

1986 3238 2479 3318 pretiosissimum
2512 3239 2658 3302 mihi
2689 3248 2748 3303 et
2772 3240 3189 3303 charissimum
3210 3236 3559 3319 caput.Quaa
3578 3236 3631 3299 si

1986 3327 2350 3407 propositum
2384 3327 2563 3389 tinem
2597 3328 3047 3409 pertingat,Deo
3068 3328 3144 3389 sit
3158 3325 3367 3408 gratia,
3391 3325 3494 3407 qui
3520 3325 3631 3388 hu-

1986 3433 2175 3477 manaa
2198 3414 2592 3478 imbecillitati
2621 3434 2788 3479 suam
2819 3418 3091 3480 virtutem
3122 3418 3363 3495 copiose
3405 3413 3629 3494 elargi-

1985 3504 2306 3581 turzquod
2366 3504 2418 3565 si
2451 3522 2485 3565 a
2514 3504 2713 3567 debito
2761 3505 2937 3586 longe
2992 3503 3148 3567 absit
3195 3504 3414 3580 ofﬁcio,
3453 3502 3630 3565 etiam

1983 3592 2068 3654 sic
2123 3594 2309 3670 gratia
2363 3593 2598 3675 cuique,
2655 3594 2758 3676 qui
2802 3596 2873 3658 ad
2906 3594 2991 3672 id,
3024 3592 3180 3676 quod
3227 3590 3626 3669 conducibile,

1983 3680 2082 3742 dat
2110 3683 2137 3724 ¹ι
2166 3681 2410 3763 spiritus
2446 3681 3159 3747 manifestationem.Nam
3176 3700 3372 3764 neque
3393 3698 3627 3755 omnes,

1983 3770 2262 3848 apostoli,
2293 3780 2393 3834 aut
2439 3771 2733 3849 doctores,
2764 3780 2867 3837 aut
2921 3772 3247 3854 praphetaa,
3291 3773 3460 3853 juxta
3496 3787 3629 3833 ma-

1984 3876 2165 3937 gnum
2197 3859 2757 3941 Apostolum.Nobis
2782 3871 2980 3925 autem
3008 3860 3179 3924 venia
3203 3863 3446 3923 omnino
3471 3858 3638 3923 dabi-

1990 3954 2081 4008 tur
2112 3946 2312 4024 abiis,
2364 3949 2466 4032 qui
2518 3969 2683 4014 suam
2734 3951 3061 4014 orationem
3111 3949 3633 4032 disponuntlcum

1983 4037 2207 4113 judicio
2237 4056 2343 4101 seu
2364 4040 2864 4117 consideratione,
2891 4041 3059 4122 juxta
3088 4058 3223 4103 eum
3254 4038 3355 4123 qui
3386 4038 3585 4121 psallit
3615 4059 3631 4101 :

1986 4126 2144 4206 quod
2176 4146 2295 4190 non
2324 4129 2707 4206 audaciae,vel
2747 4129 3184 4205 ostentationis,
3208 4128 3311 4192 sed
3342 4127 3632 4192 obedien-

1984 4215 2084 4276 tiae
2111 4221 2170 4276 et
2201 4215 2525 4297 spiritualis
2545 4219 2905 4295 dilectionis,
2941 4219 3315 4301 carnalisque
3345 4217 3634 4300 proximi-

1987 4303 2120 4364 tatis
2152 4308 2638 4386 proposuerimus
2670 4308 2936 4371 debitum
2992 4308 3272 4371 reddere’.
3305 4305 3430 4368 Tua
3457 4324 3634 4369 reve-

252 4401 344 4456 καὶ
372 4398 475 4464 τὴν
517 4398 616 4465 σὴν
645 4398 931 4473 τιμιότητα
981 4397 1037 4454 ἐν
1086 4404 1163 4473 τῷ
1190 4399 1352 4477 φωντὶ
1405 4403 1510 4453 τῶν
1566 4401 1658 4452 τού
1714 4395 1898 4472 Κυρίου

1986 4393 2177 4455 rentia
2210 4396 2267 4456 in
2298 4395 2432 4458 luce
2463 4405 2890 4478 praeceptorum
2919 4396 3161 4460 Domini
3192 4404 3478 4478 perpetuo
3500 4413 3633 4457 am-

253 4485 482 4544 ἔντολῶν
538 4489 850 4565 πορευθῆναι
904 4486 1367 4567 ἀμεταστρέπτως,
1468 4486 1556 4541 καὶ
1615 4487 1758 4560 ἡμᾶς
1815 4483 1898 4539 διὰ

1984 4482 2148 4544 bulel
2171 4492 2229 4544 et
2260 4503 2368 4547 nos
2397 4504 2506 4566 per
2538 4495 2667 4549 tuas
2699 4485 3135 4568 propitiatorias
3186 4502 3417 4565 preces,
3467 4501 3636 4546 asse-

253 4583 361 4634 τῶν
386 4580 494 4631 σῶν
518 4572 835 4652 ἱλαστηρίων
872 4571 1128 4649 δεήσεων,
1174 4576 1262 4632 καὶ
1318 4586 1508 4653 τυχεῖν
1564 4574 1662 4639 τῆς
1716 4572 1777 4629 ἐκ
1805 4571 1896 4629 δε-

1983 4590 2244 4650 quamur
2273 4591 2307 4634 a
2338 4573 2564 4636 dextris
2595 4576 2722 4657 ejus
2753 4575 3023 4637 ordinem
3053 4582 3113 4636 et
3139 4573 3512 4653 locum,cum
3533 4571 3633 4646 iis,

250 4666 377 4732 ειῶν
406 4666 563 4723 αὐτοῦ
588 4661 786 4729 τάξεώς
854 4683 913 4719 τε
986 4665 1074 4720 καὶ
1130 4664 1385 4736 στάσεως,
1452 4663 1588 4738 μετὰ
1628 4668 1734 4719 τῶν
1804 4660 1897 4718 ἀπ’

1985 4659 2086 4740 qui
2117 4660 2190 4722 ab
2222 4670 2444 4725 aeterno
2476 4664 2651 4727 electi
2701 4664 2757 4727 ei
2784 4670 2946 4727 sunt.
2979 4662 3086 4727 Cui
3114 4660 3397 4742 competit
3424 4660 3633 4742 gloria,

249 4757 438 4818 αἰῶνος
466 4752 926 4832 εὐαρεστησάντων
977 4755 1141 4825 αὐτῷ.
1201 4747 1265 4833 ᾯ
1321 4751 1508 4831 πρέπει
1561 4747 1705 4824 δόξα,
1765 4750 1898 4824 τιμὴ

1985 4749 2199 4824 honor,
2226 4752 3066 4832 etpotentiaaeterna,nunc,et
3094 4751 3155 4814 in
3184 4751 3483 4814 infinitum
3515 4768 3627 4814 sa:-

248 4847 339 4903 καί
366 4843 554 4918 κράτος
586 4842 820 4914 αἰώνιον,
855 4848 942 4898 νῦν
970 4843 1055 4900 κοὶ
1108 4844 1181 4906 εἷς
1236 4843 1327 4899 τὸν
1393 4841 1682 4915 ἀπέραντον
1740 4842 1898 4896 αἰῶνα

1990 4837 2192 4899 culum
2222 4840 2603 4905 saeculorum.
2637 4843 2854 4906 Amen.

251 4939 361 4991 τῶν
390 4932 616 4990 αἰώνων.
652 4932 828 5007 Ἀμήν
839 4976 852 4990 .

1578 5077 1842 5160 nam
1872 5091 2311 5161 LECTIONES.

332 5255 360 5298 ιι
386 5235 667 5314 rejicula.
736 5239 750 5281 ί
782 5231 825 5293 ι.
867 5232 921 5295 7.
956 5229 1027 5296 Ο.
1061 5232 1135 5297 de
1162 5230 1386 5297 hatred.
1445 5230 1719 5314 institi,
1778 5229 1876 5290 57.
1912 5227 1991 5290 D.
2025 5228 2161 5291 eod.
2200 5235 2231 5314 _t
2257 5233 2451 5314 sacris
2507 5231 2846 5296 canonibus
2892 5238 2948 5294 et
2994 5230 3117 5314 piis
3148 5228 3380 5314 legibus
3410 5234 3648 5314 ignota.

254 5324 283 5366 ι
311 5310 517 5396 gratia
544 5314 621 5387 ei,
653 5314 1005 5396 quantique
1034 5329 1118 5377 ea:
1146 5330 1263 5376 usu
1290 5330 1401 5376 suo
1429 5311 1538 5396 dat
1565 5311 1836 5391 spiritus.
1873 5317 2055 5370 lsuas
2084 5310 2358 5373 rationes
2375 5312 2809 5376 administrant
2828 5327 2963 5375 cum
2981 5310 3246 5389 judicio,
3264 5313 3395 5374 sive
3412 5310 3648 5375 discre-

255 5390 440 5473 tione,
473 5400 540 5457 ut
570 5390 1136 5457 cuinPsalinorum
1165 5400 1413 5457 auctore
1440 5390 1685 5472 loquor.
