4192 6220
345 336 464 404 θξθ
1676 334 2377 400 θ’ΒιΕΟΟ-ΒΟΜΑΝΠΜ.
3597 330 3716 395 950

352 474 619 554 ὂγγραφου
671 473 708 541 ἢ
765 472 1002 552 ἀγράφου
1081 469 1527 538 ὲκκλησιαστικῆς
1606 468 1941 550 παραδόσεως
1972 481 1986 496 ⁸

2095 465 2439 547 scriptae,aut
2464 485 2583 529 non
2614 466 2847 547 scripta:
2872 466 3325 529 eccclesiasticze
3352 462 3711 554 traditionis.

353 548 552 641 γίνεται
606 561 662 619 δὲ
704 548 987 634 πολλάκις,
1051 558 1310 637 βασιλεως
1382 548 1708 633 κελεύοντος,
1767 556 1852 618 διά
1878 578 1995 613 τινα

2095 553 2169 615 F‘it
2197 562 2395 617 autem
2440 573 2624 636 saepe,
2665 555 2918 635 jubente
2970 554 3259 636 principe,
3319 574 3424 636 per
3460 550 3716 631 aliquam

358 650 660 728 οἰκονομίαν
726 648 1098 707 λυσιτελοῦσαν
1178 654 1352 725 κοινῇ.
1427 649 1526 706 Καὶ
1603 647 1788 726 γέγονε
1842 653 1997 703 τοῦτο

2095 642 2585 722 lispensationem
2606 641 2632 683 δ
2655 643 2888 723 publice
2919 642 3385 709 conducentem:
3423 656 3476 710 et
3498 648 3716 710 factum

358 740 444 798 ἐπὶ
525 746 634 797 τῶν
686 741 901 816 ἡμερῶν
969 746 1059 797 τοῦ
1154 735 1389 812 ἀοιδίμου
1472 735 1730 813 βασιλέως
1824 735 1999 813 κυρίου

2095 740 2170 792 est
2199 740 2466 813 tempore
2511 732 2714 813 inclyti
2754 732 3129 811 imperatoris
3174 732 3402 797 domini
3433 735 3720 799 Manuelis

358 828 613 897 Μανουὴλ
667 830 756 885 καὶ
812 827 1301 908 Πορφυρογεννήτου
1386 831 1683 901 Κομνηνοῦ.
1743 830 1846 883 Τοῦ
1903 825 2002 901 γὰρ

360 918 670 998 σοφωτάτου
738 916 935 974 ἐκείνου
1023 914 1304 973 Εύσταθίου
1383 923 1475 973 τοῦ
1567 913 1701 972 κατᾶ
1785 910 2003 991 Φλῶρον

361 1006 605 1064 διακόνου
646 1004 795 1070 ὄντος
848 1010 948 1072 τῆς
1008 1002 1248 1082 μεγάλης
1317 998 1659 1081 Ἐκκλησίας,
1708 1000 1796 1056 καὶ
1863 1001 2001 1075 μαί-

364 1117 550 1173 στορος
578 1101 683 1151 τῶν
710 1094 969 1172 ῥητόρων,
1003 1094 1075 1156 είς
1132 1092 1230 1159 τὴν
1273 1089 1594 1157 Ἐκκλησίαν
1653 1095 1757 1146 τῶν
1802 1089 2005 1145 Λυκίων

364 1184 580 1263 Μυρέων
650 1183 1021 1263 ψηφισθέντος,
1078 1182 1167 1237 καὶ
1221 1178 1665 1255 καταδεξαμέκου,
1698 1178 1786 1234 καὶ
1824 1177 2003 1233 ἀσπα-

365 1272 616 1352 σαμένου,
679 1274 766 1328 καὶ
824 1268 925 1338 ἤδη
984 1271 1070 1326 καὶ
1132 1271 1262 1345 πρὸς
1332 1270 1428 1335 τὴν
1499 1267 1827 1347 χειροτονίαν
1858 1265 2001 1321 ἐτοι-

364 1348 683 1440 μασθὲντος,
761 1360 1078 1437 πρόσταγμα
1166 1364 1259 1413 τοῦ
1368 1358 1651 1434 μακαρίτου
1745 1353 2002 1431 βασιλέως

366 1449 565 1507 ἐκείνου
608 1450 737 1528 πρὸς
764 1451 864 1515 την
932 1444 1140 1502 σύνοδον
1209 1446 1652 1525 καταπεφοίτηκε,
1710 1440 2006 1500 διακελευό-

366 1560 548 1618 μενον,
624 1535 858 1604 δέξασθαι
926 1537 1122 1602 ταύτην
1191 1535 1601 1613 ποραιτούμενον
1663 1534 1753 1588 τὸν
1802 1532 2002 1588 Εὔα-τά-

363 1630 496 1701 θιον,
530 1638 896 1706 προσαγαγεῖν
927 1622 981 1680 δὲ
1035 1634 1217 1684 τοῦτον
1276 1626 1349 1686 εἷς
1405 1622 1503 1689 τὴν
1563 1620 1867 1696 περίκλυτον
1899 1628 2003 1677 τῶν

2086 818 2375 883 Comneni
2399 821 3142 901 Prophyrogennetaaﬁum
3165 820 3324 882 enim
3357 822 3723 906 sapientissi-

2090 928 2220 971 mus
2242 908 2342 971 ille
2353 908 3173 990 Eustathius,qui,secundam
3196 910 3458 989 Florum,
3493 930 3724 992 magna

2087 998 2369 1061 Ecclesia;
2399 998 2684 1060 diaconus
2699 1009 2759 1059 et
2781 999 3090 1059 rhetorum
3124 998 3490 1082 magister,in
3508 1002 3721 1065 Eccle-

2088 1086 2235 1147 siam
2265 1087 2573 1168 Lyciorum
2607 1090 2933 1167 Myreoruui
2988 1086 3215 1147 electus
3269 1097 3445 1165 esset,
3477 1098 3536 1151 et
3564 1090 3722 1151 elec-

2087 1176 2309 1237 tionem
2336 1174 2694 1246 admisisset,
2730 1175 3213 1253 amplexatusque
3237 1175 3468 1251 fuisset,
3482 1179 3725 1258 jamque

2087 1264 2159 1325 ad
2191 1263 2624 1325 ordinationem
2674 1271 2909 1343 paratus
2945 1262 3176 1342 :jussio
3228 1262 3387 1326 beati
3436 1267 3726 1347 principis

2085 1352 2245 1413 illius
2273 1352 2345 1414 ad
2373 1351 2659 1432 synodum
2708 1351 2948 1431 prodiit,
2991 1367 3107 1431 qua
3150 1352 3624 1433 prmcipiehatur,
3659 1364 3728 1415 ut

2084 1439 2563 1502 Eustathiuscad
2603 1439 2879 1518 inclytam
2919 1438 3540 1503 Thessalonicensium
3595 1460 3726 1504 me-

2087 1529 2383 1610 tropolim,
2416 1546 2589 1609 quam
2641 1526 2944 1606 suscipere
2993 1526 3327 1598 recusabat,
3389 1530 3725 1603 accederet,

2088 1626 2292 1697 utpote
2318 1625 2456 1679 tunc
2478 1613 2951 1678 vacantem.Sola
2981 1614 3180 1693 igitur,
3203 1623 3269 1676 ut
3292 1615 3573 1692 diximus,
3606 1617 3726 1679 im-

368 1703 796 1773 Θεσσαλονικέων
857 1711 1206 1792 μητρόπολιν,
1260 1714 1333 1775 ὼς
1375 1708 1624 1778 τηνικάδε
1653 1711 2004 1789 χηρεύουσαν.

2095 1706 2384 1785 peratoria
2424 1706 2615 1785 jussio
2666 1703 2931 1765 mutandi
2981 1704 3107 1765 hac
3149 1703 3586 1786 innovandique
3618 1725 3728 1787 po-

366 1806 442 1863 Τὰ
470 1811 692 1861 τοιαῦτα
722 1803 831 1877 οὖν,
867 1805 944 1867 ὡς
1003 1800 1251 1877 εἴπομεν,
1282 1798 1524 1863 κάλευσις
1570 1800 1706 1874 μόνη
1759 1798 2008 1875 βασιλικὴ

372 1892 588 1969 δύναμιν
645 1892 763 1973 ἔχει
834 1889 1198 1948 δεταλλάττειν
1275 1912 1331 1946 τε
1417 1890 1505 1945 καὶ
1559 1902 1914 1963 καινοτομεῖν.
1953 1879 2010 1946 Ὀ

370 1982 617 2059 βασιλεὺς
674 1983 797 2061 γὰρ,
857 1984 950 2037 οἷα
1018 1978 1194 2041 κοινός
1252 1979 1355 2035 τῶν
1413 1976 1744 2044 Ἐκκλησιῶν
1794 1976 2012 2044 ἐπιστη-

369 2072 652 2151 μονάρχης
679 2071 768 2127 καὶ
834 2069 908 2127 ὢν
962 2070 1051 2124 καὶ
1105 2068 1514 2147 ὀνομαζόμενος,
1567 2067 1656 2123 καὶ
1712 2063 2010 2124 συνοδικαϊς

372 2161 617 2238 γνώμαῖς
648 2160 944 2232 ἐπιστατεῖ,
978 2158 1066 2213 καὶ
1110 2159 1172 2213 τὸ
1227 2158 1377 2235 κύρος
1420 2156 1633 2217 ταύταις
1688 2155 1959 2234 χαρίζεται
1994 2172 2007 2186 ⁸

371 2247 813 2316 ἑκκλησιαστικὰς
879 2244 1050 2312 τάξεις
1120 2245 1369 2324 ῥυθμίζει,
1428 2244 1516 2301 καὶ
1585 2246 1860 2319 νομοθετεῖ
1915 2242 2011 2319 βίῳ

372 2340 460 2395 καὶ
502 2336 742 2410 πολιτείᾳ
801 2340 907 2392 τῶν
971 2344 1064 2394 τοῦ
1110 2335 1347 2412 βήματος
1415 2333 1503 2389 καὶ
1545 2333 1652 2407 μὴν
1715 2332 1802 2388 καὶ
1843 2330 2009 2396 δίκαις

372 2426 677 2484 ἐπισκόπων
736 2426 823 2481 καὶ
888 2422 1180 2502 κληρικῶν,
1240 2423 1327 2478 καὶ
1380 2422 1509 2500 πρός
1578 2442 1639 2499 γε
1669 2422 2009 2501 χηρευουσῶν

372 2518 573 2597 ψήφοις
605 2512 957 2581 Ἐκκλησιῶν.
1019 2511 1226 2590 Ἐνάγει
1294 2509 1349 2567 δὲ
1412 2512 1500 2565 καὶ
1567 2509 1672 2566 ἀπὸ
1732 2508 2008 2573 ἐλάττονος

364 2609 534 2680 τιμῆς
563 2605 635 2669 εἷς
691 2604 929 2677 μείζονα,
988 2598 1193 2667 δηλαδὴ
1263 2599 1370 2655 ἀπὸ
1430 2597 1735 2655 ἐπισκοπῶν
1790 2601 1865 2663 εἱς
1894 2621 2009 2673 μη-

369 2692 643 2773 τρόπολιν,
673 2695 709 2758 ἢ
738 2690 921 2770 ἀνδρὸς
996 2688 1188 2769 ἀρετὴν
1242 2687 1279 2756 ἢ
1321 2686 1477 2744 πόλιν
1532 2692 1726 2762 τιμῶν,
1756 2694 1929 2746 Ταῦτα
1958 2685 2013 2743 δὲ

370 2783 545 2839 πάντα
573 2781 695 2860 ῥᾷόν
724 2780 834 2836 ἐστι
889 2780 1214 2853 καταμαθεῖν
1270 2776 1361 2832 τὸν
1428 2774 1694 2855 φιλομαθῆ
1766 2775 1872 2832 ἀπό
1914 2796 2013 2852 γε-

372 2878 472 2938 τῆς
498 2871 607 2927 τῶν
645 2874 795 2948 ἱερῶν
849 2870 937 2925 καὶ
998 2867 1148 2924 θείων
1192 2865 1427 2922 κανόνων
1481 2864 1851 2943 περιλήψεως,
1926 2860 2016 2919 καὶ

373 2961 480 3017 ἀπὸ
537 2963 635 3026 τῆς
747 2955 1158 3015 Ἰουστινιανείου
1239 2960 1425 3031 νεαρᾶς
1502 2953 1827 3033 νομοθεσίας,
1914 2956 2013 3021 τῆς

368 3047 618 3122 κειμένης
649 3047 701 3104 ἐν
733 3046 842 3121 ὅλῳ
867 3052 944 3121 τῷ
990 3045 1147 3124 τρίτῷ
1202 3041 1387 3121 βιϐλίῳ
1440 3049 1543 3101 τῶν
1574 3042 1870 3100 Βασιλικῶν
1901 3061 1913 3073 ·
1946 3043 2011 3099 τὰ

369 3139 489 3217 περὶ
571 3136 871 3193 ἐπισκόπων
967 3135 1057 3191 καὶ
1139 3131 1430 3212 κληρικῶν,

2091 1803 2360 1857 testatem
2393 1795 2592 1857 habet.
2626 1792 2951 1874 Imperator
2980 1793 3139 1854 enim
3168 1804 3234 1855 ut
3262 1796 3596 1857 communis
3623 1795 3730 1857 Εε·

2092 1884 2407 1946 clesiarum
2439 1885 2912 1963 ἐπιστημονάρχης
2944 1882 3235 1945 exsistens
3265 1890 3324 1946 et
3366 1885 3727 1960 nominatus,

2093 1972 2473 2052 synodalibus
2498 1980 2709 2053 praeest
2737 1971 3070 2042 sententiis,
3095 1979 3154 2033 et
3180 1972 3365 2034 robur
3395 1972 3734 2035 tribuit.Ec-

2094 2061 2459 2124 clesiasticos
2508 2061 2748 2123 ordines
2794 2060 3119 2141 componit,
3154 2067 3211 2123 et
3248 2060 3439 2140 legem
3471 2062 3573 2124 dat
3602 2061 3735 2123 vitze

2095 2151 2430 2232 politiaeque
2460 2149 2795 2230 eorum,qui
2823 2149 2988 2211 altari
3014 2149 3314 2211 serviunt:
3340 2150 3454 2211 hoc
3479 2151 3733 2232 amplius

2087 2240 2334 2321 judiciis
2358 2256 2384 2297 d
2416 2239 2828 2320 episcoporum
2878 2238 3378 2316 clerieorumque,
3413 2245 3471 2300 et
3515 2257 3734 2301 vacan-

2092 2317 2236 2392 tium
2269 2317 2665 2390 Ecclesiarum
2687 2326 2982 2406 suﬂ'ragiis
3010 2326 3109 2388 e.E
3138 2327 3371 2389 minore
3402 2326 3577 2389 etiam
3609 2329 3731 2389 ho-
3820 2317 3833 2320 ν

2092 2436 2238 2480 nore
2290 2418 2363 2479 ad
2410 2417 2699 2497 majorem
2748 2415 3006 2490 reducit,
3039 2414 3114 2477 ab
3148 2416 3429 2496 episcopo
3459 2416 3736 2479 videlicet

2090 2507 2153 2569 in
2185 2505 2675 2587 metropolim,vel
2705 2504 2814 2565 viri
2842 2505 3113 2565 virtutem
3161 2504 3252 2565 vel
3303 2504 3599 2566 civitatem
3630 2524 3734 2566 or-

2094 2596 2411 2658 nansHaac
2436 2603 2630 2658 autem
2654 2595 2914 2656 omniam
2938 2593 3200 2655 studioso
3218 2593 3734 2656 facileestdiscere

2096 2704 2164 2747 ex
2194 2702 2499 2746 sacrorum
2530 2683 2988 2762 divinorumque
3024 2701 3317 2745 canonum
3348 2683 3741 2763 comprehen-

2097 2773 2265 2835 sione
2281 2772 2384 2848 ζει
2408 2772 2746 2833 Jutinianea
2774 2771 3007 2833 novella
3031 2770 3454 2833 constitutione
3472 2786 3522 2844 ε,
3548 2771 3742 2851 posita

2097 2863 2159 2923 in
2188 2870 2313 2924 toto
2343 2861 2495 2922 libro
2527 2860 2698 2923 tertio
2734 2860 3149 2923 Basilicarum.
3180 2858 3291 2932 Qui
3338 2877 3470 2940 quae
3497 2866 3634 2921 sunt
3664 2859 3739 2922 de

2098 2950 2397 3029 episcopis
2426 2957 2483 3012 et
2510 2949 2767 3026 clericis,
2802 2967 3129 3029 eorumque
3162 2948 3503 3030 privilegiis,
3534 2957 3590 3010 et
3611 2948 3742 3011 vita)

2095 3047 2339 3111 statu,et
2396 3039 2589 3101 causis
2647 3038 3061 3103 crtminalibus
3121 3047 3180 3100 et
3219 3038 3741 3119 pecuniariis,fuse

1543 3134 1632 3189 καὶ
1711 3133 2010 3211 προνομίων

2095 3126 2450 3210 disputat.Et
2482 3127 2568 3209 (ut
2596 3146 2714 3189 uno
2741 3127 2926 3190 verbo
2958 3128 3175 3204 dicam)
3210 3126 3336 3188 solo
3367 3127 3743 3190 sacriﬁcandi

372 3214 567 3306 αὖτῶν,
600 3227 687 3283 καὶ
742 3225 856 3302 βίου
924 3223 1322 3300 καταστάσεως,
1382 3223 1478 3278 καὶ
1540 3219 1698 3278 δικῶν
1727 3219 2010 3299 ἐγκλημα-

2095 3225 2343 3298 excepto
2377 3216 2733 3297 ministerio,
2767 3217 3000 3296 reliqua
3044 3214 3407 3296 pontificalia
3438 3216 3744 3296 privilegia

368 3303 645 3373 T'XGJV'TE
694 3314 781 3370 καὶ
860 3315 1216 3392 χρηματικῶν
1276 3311 1349 3374 εἷς
1422 3308 1621 3373 πλάτος
1705 3305 2010 3383 διαλαμϐά-

2095 3306 2421 3386 imperator
2448 3313 2851 3384 repraesentat,
2878 3305 3114 3384 quando
3136 3303 3400 3381 legitime
3430 3305 3742 3392 cononice-

370 3427 533 3464 νοντι.
582 3404 703 3478 Καὶ,
734 3405 808 3465 ὡς
853 3390 979 3465 ἔπος
1011 3401 1204 3477 εἰπεῖν,
1250 3397 1391 3466 πλὴν
1459 3396 1621 3473 μόνου
1687 3397 1780 3452 τοῦ
1807 3399 2011 3475 ἱερουρ-

2095 3413 2209 3475 que
2241 3394 2397 3456 facit.
2433 3395 2850 3473 lnveniturque
2881 3392 3114 3453 decimo
3146 3410 3303 3452 nono
3337 3392 3489 3454 libro
3528 3390 3740 3453 Judai-

374 3505 520 3571 γιῖν,
578 3493 645 3548 τὰ
700 3489 861 3547 λοιπὰ
917 3488 1264 3568 ἀρχιερατικὰ
1317 3486 1578 3565 προνομία
1632 3485 1809 3565 σαφῶς
1872 3486 2017 3571 εἷκοτ

377 3569 562 3653 νίζειὸ
610 3577 856 3656 βασιλεὺς
912 3575 993 3657 ἐφ’
1077 3580 1163 3640 οἷς
1214 3576 1432 3657 πράττει
1515 3574 1754 3650 νομίμως
1810 3595 1868 3629 τε
1933 3569 2021 3629 καὶ

376 3654 693 3741 ηνονικῴς.
725 3654 1035 3748 Εὖρηταινδὲ
1064 3667 1152 3723 καὶ
1180 3664 1235 3721 ἐν
1289 3654 1357 3721 ιθ’
1406 3663 1552 3743 λόγῳ
1602 3663 1697 3730 τῆς
1723 3660 2021 3734 Ἰουδαϊκῆς

374 3756 755 3839 ἀρχαιολογίας
803 3753 1032 3811 Φλαϐίου
1090 3753 1379 3827 Ἰωσήπου,
1422 3751 1700 3830 ὑπογραφὴ
1770 3749 2021 3839 βασιλικὴ

373 3828 537 3911 οὕτως
581 3828 779 3926 ἔχουσα
815 3861 830 3876 ⁸
878 3840 1112 3920 Τιϐέριος
1159 3839 1413 3903 Κλαύδιος
1463 3828 1669 3917 Καῖσαρ
1728 3836 2014 3914 Σεϐαστὸς,

372 3938 638 4016 Γερμανὸς
666 3933 725 4014 9,
775 3933 1051 4013 ἀρχιερεὺς
1097 3930 1373 4016 μέγιστος,
1446 3926 1793 4016 δημαρχικῆς
1846 3926 2015 4016 ,ἐξου-

375 4006 514 4099 σίας,
544 4006 742 4087 ὕπατος
772 4006 1265 4103 χἐίροτονηθεὶςτὸ
1318 4015 1577 4097 δεύτερον.
1625 4006 1755 4074 ιὈτι
1812 4015 1900 4071 οὖν
1929 4018 2017 4073 καὶ

376 4116 598 4194 Χριστὸς
629 4114 815 4191 Κυρίου
859 4113 887 4167 6
913 4110 1049 4166 κατὰ
1078 4109 1287 4186 καιροὺς
1338 4103 1583 4171 ϐασιλεὺς
1638 4105 1771 4181 ἐστι,
1831 4103 1914 4161 διὰ
1954 4107 2016 4161 τὸ

375 4206 579 4284 χρίσμα
605 4203 702 4269 τῆς
731 4197 994 4277 βοσιλείας
1029 4218 1045 4235 ο
1077 4200 1105 4254 6
1132 4195 1187 4253 δὲ
1231 4198 1476 4276 Χριστὸς,
1535 4196 1621 4253 καὶ
1680 4196 1805 4284 Θεὸς
1834 4196 2010 4269 ἡμῶν,

2101 3500 2303 3547 Carum
2330 3480 2739 3560 antiquitatum
2763 3480 2940 3543 Flavii
2970 3479 3601 3560 Josephi,subscriptio
3623 3481 3741 3541 im-

2103 3570 2340 3652 perialis
2366 3570 2451 3631 sic
2471 3568 2696 3631 habens
2722 3587 2735 3631 :
2770 3568 3045 3630 Tiberius
3072 3568 3353 3629 Claudius
3393 3567 3585 3630 Caesar
3613 3569 3741 3631 Au-

2102 3669 2328 3741 gustus,
2361 3658 2767 3734 Germanicus,
2795 3658 3053 3739 pontifex
3075 3658 3386 3731 maximus,
3424 3656 3747 3720 tribunitiae

2104 3750 2425 3829 potestatis,
2489 3748 2695 3809 consul
2752 3754 2983 3809 creatus
3037 3748 3279 3810 iterum.
3342 3744 3507 3819 Quod
3564 3745 3745 3822 igitur

2103 3846 2312 3900 unctus
2340 3835 2577 3899 Domini
2608 3835 2683 3898 sit
2712 3844 2770 3898 et
2818 3836 2892 3909 is,
2936 3837 3036 3917 qui
3068 3855 3175 3917 pro
3206 3845 3477 3917 tempore
3508 3842 3597 3896 est
3623 3835 3740 3896 im-

2103 3934 2335 4008 perator
2368 3933 2612 4006 propter
2634 3925 2973 3987 unctionem
3004 3924 3242 4006 imperii
3270 3943 3283 3988 :
3320 3923 3589 3987 Christus
3635 3942 3744 3986 au-

2101 4024 2243 4095 tem,
2273 4022 2330 4076 et
2362 4014 2514 4076 Deus
2549 4022 2770 4087 noster,
2804 4033 2937 4075 cum
2968 4013 3124 4091 aliis,
3159 4023 3219 4076 et
3252 4012 3512 4093 pontifex
3543 4020 3748 4074 noster

2097 4104 2284 4166 factus
2311 4110 2421 4181 est,
2475 4110 2531 4163 et
2563 4101 2959 4182 praedicatur?
2992 4103 3205 4165 merito
3236 4111 3294 4165 et
3323 4104 3451 4183 ipse
3499 4101 3745 4183 pontiﬁ-

2100 4191 2325 4255 calibus
2355 4190 2671 4252 decoratur
2698 4191 2923 4269 gratiis.

363 4278 513 4369 ,ᾖτὰ
539 4296 645 4347 τῶν
686 4289 886 4367 ἄλλων,
932 4288 1021 4345 καὶ
1062 4286 1337 4366 ἀρχιερεὺς
1366 4286 1545 4363 ἡμῶν,
1575 4284 1663 4340 κτὶ
1692 4281 1876 4361 γέγονε
1904 4284 1991 4339 καὶ
2034 4282 2445 4360 ἀνακηρύττεται
2481 4296 2494 4309 ⁸
2529 4278 2760 4359 εύλόγως
2792 4282 2878 4337 καὶ
2947 4282 3100 4346 αὐτὸς
3142 4280 3543 4360 ἀρχιερατικοῖς
3573 4303 3745 4337 κατα-

375 4383 658 4456 κοσμεῖται
688 4378 1011 4458 χαρίσμασιν
1022 4424 1036 4438 ,

454 4455 569 4548 Ἐρ.
601 4468 661 4524 Εἰ
692 4455 816 4522 ’δέον
854 4464 962 4521 ἐστὶ
1008 4465 1096 4521 καὶ
1156 4462 1210 4519 ἐν
1266 4475 1384 4527 τοῖς
1439 4472 1726 4541 πορφυροῖς
1758 4458 2011 4548 ἄρχιερα-

2174 4456 2609 4548 interrogatio,
2641 4456 2733 4518 An
2765 4464 3229 4548 consentaneum
3277 4455 3354 4548 sit
3379 4478 3407 4521 ε
3428 4455 3488 4516 in
3516 4474 3747 4548 purpu-

378 4545 549 4621 τικοῖς
597 4554 854 4630 ’ἐσθήμασι
897 4556 1134 4627 τεθῆναι,
1196 4551 1428 4629 καθάπερ
1480 4551 1569 4605 καὶ
1609 4548 1664 4604 ἐν
1719 4561 1835 4610 τοῖς
1905 4545 2022 4602 λευ-

378 4659 500 4710 κοῖς
547 4663 562 4679 ⁸
597 4643 650 4701 ἐν
681 4644 778 4719 μὲν
808 4648 886 4717 τῷ
914 4642 1174 4723 στιχαρίῳ
1228 4640 1351 4704 τοὺς
1410 4638 1705 4717 ποταμοὺς,
1748 4636 1803 4692 ἐν
1857 4633 1913 4723 δὲ
1943 4640 2021 4707 τῷ

381 4732 637 4817 φαινολίῳ
666 4731 915 4810 σταυροὺς
949 4744 963 4760 ⁸
997 4730 1085 4786 καὶ
1114 4731 1159 4786 εί
1190 4727 1273 4785 δεῖ
1300 4729 1387 4785 καὶ
1442 4726 1730 4807 πορφύρεον
1787 4722 2022 4803 γενέσθαι

382 4825 601 4885 σάκκον.

463 4912 593 4974 Ἀπ.
640 4912 712 4970 Τὸ
778 4908 890 4973 ἔθος
959 4910 1055 4976 τῆς
1124 4904 1443 4972 Ἐκχλησίας
1499 4904 1565 4960 τὰ
1628 4905 1865 4982 ’πορφυρἆ
1922 4899 2020 4977 ἀρ·

381 5000 664 5080 χιερατικὰ
712 5002 832 5055 θεῖα
887 4997 1159 5072 ἐσθήματα
1209 4992 1356 5051 ἀπλᾶ
1423 4991 1666 5069 βούλεται
1711 4988 1877 5080 εἶναι,
1938 4987 2024 5041 καὶ

383 5077 559 5168 itm—{dc
587 5088 892 5163 προσθήκης
922 5090 1027 5142 τῶν
1070 5082 1361 5164 εἰρημένων
1403 5086 1659 5157 ποταμῶν
1714 5077 1803 5134 καὶ
1859 5096 2023 5130 σταυ-

2103 4544 2224 4607 reis
2267 4543 2704 4625 pontificalibus
2755 4542 3129 4607 vestimentis
3160 4542 3319 4624 poni,
3354 4542 3745 4624 quemadmo-

2103 4633 2242 4693 dum
2299 4639 2357 4694 et
2416 4632 2478 4693 in
2527 4631 2718 4695 albis:
2750 4633 2811 4693 in
2854 4631 3425 4712 στιχαρίῳιιᾳυίἀθῐη
3476 4630 3744 4713 ﬂumina,

2102 4720 2162 4781 in
2192 4721 2476 4800 φαινολίῳί
2499 4726 2694 4783 autem
2729 4737 2964 4783 cruces.
2998 4724 3070 4783 Et
3099 4738 3173 4781 an
3204 4737 3509 4801 pupureus
3542 4737 3749 4782 saccus

2105 4809 2234 4870 ﬁeri
2265 4808 2501 4872 debeat.

2184 4896 2321 4960 Res.
2340 4897 2720 4961 Consuetudo
2750 4896 3033 4963 Ecclesiae
3063 4914 3358 4978 purpurea
3387 4896 3749 4978 pontiﬁcalia

2105 4982 2455 5045 indumenta
2478 4984 2691 5064 simpla
2722 4986 2846 5046 vult
2869 5003 3023 5062 esse,
3072 4992 3130 5045 et
3158 4984 3285 5046 sine
3331 4984 3744 5065 praedictorum

2109 5071 2420 5135 ﬂuminum
2450 5073 2837 5155 cruciumque
2864 5072 3222 5154 adjectione.
3255 5071 3505 5137 Saccum
3550 5082 3744 5137 autem

1701 5241 1955 5307 VARUE
2001 5238 2318 5305 LECTION
2323 5240 2431 5305 ES.

466 5375 496 5419 ί
522 5373 865 5453 Γερμανικός.

467 5496 496 5538 δ
549 5489 1111 5576 propleLaliqlmm
1140 5490 1464 5576 rationem.
1502 5497 1530 5576 °_
1579 5491 1647 5550 ut
1676 5486 2016 5576 reciperent
2056 5481 2454 5576 Enslalhz‘um
2479 5480 3080 5576 illigenunlian‘tem,
3126 5488 3186 5576 et
3229 5483 3647 5576 perducerent.
3674 5483 3754 5546 ad

392 5561 684 5657 inclytum
746 5561 1359 5657 Thessalonicensium
1386 5561 1820 5657 “metropolim,
1874 5573 2015 5629 tunc
2071 5568 2407 5626 vacantem.
2469 5563 2495 5606 ἀ
2547 5561 2774 5628 litibus.
2834 5575 2858 5604 ο
2886 5561 3297 5628 electionibzis.
3372 5561 3747 5627 fvolumine.

387 5669 418 5713 α
444 5645 829 5737 ιεᾱὶειαιίοηθ.
861 5651 912 5706 α’
942 5668 1089 5733 opus
1112 5650 1212 5713 sit.
1246 5649 1274 5693 ιι
1297 5648 1466 5730 palla
1493 5645 1766 5727 ‘perula.
