4192 6220
320 303 439 372 953
1642 276 2359 378 caeco-nonnum.
3572 312 3689 379 954
3736 392 3749 411 ρ

318 441 407 499 οὖν
449 442 512 498 τὸ
548 441 799 522 μέγιστον
840 443 1017 500 ἐκεῖνο
1058 441 1296 519 σφάλμα,
1356 444 1443 501 καὶ
1487 449 1643 501 τοῦτο
1670 443 1735 513 δὴ
1777 443 1956 500 τὸτοῦ

2043 456 2203 500 mum
2234 440 2381 503 illud
2413 450 2699 525 erratum,
2731 452 2812 525 et,
2845 452 2910 507 ut
2936 444 3274 509 Salomonis
3303 453 3434 508 utar
3464 445 3683 523 verbis,

318 528 689 608 Σολομῶντος,
733 530 856 605 ᾅδου
898 532 1156 610 πεταύρου
1210 530 1392 587 ποιοῦν
1463 538 1740 612 συναντᾷν,
1799 534 1834 601 ἡ
1906 531 1956 587 ὲν

2043 526 2353 616 incurrere
2400 530 2622 595 faciens
2674 532 2736 594 in
2787 533 3058 616 laqueum
3110 535 3353 611 inferni,
3389 535 3688 597 innovatio

316 625 393 695 τῷ
443 624 543 687 τῆς
613 619 840 686 πίστεως
913 617 1163 695 συμϐόλῳ
1233 620 1543 696 καινοτομίᾳ
1575 636 1591 653 ⁶
1666 620 1733 688 ἣν
1775 620 1961 690 ἐποιή-

315 729 498 783 σαντο,
570 706 1019 789 ἆνακηρύττοντες
1088 708 1150 764 τὸ
1206 709 1417 784 Πνεῦμα
1486 709 1545 765 ἐκ
1611 716 1702 766 τοῦ
1758 711 1961 787 Πατρὸς

316 797 404 853 καὶ
456 795 518 853 ἐκ
583 807 676 856 τοῦ
731 800 854 855 Υἱοῦ
905 797 1296 877 ἐκπορεύεσθαι.
1354 798 1452 854 Καὶ
1522 799 1657 873 μετά
1724 796 1897 855 πολλά
1942 816 1957 833 ·

316 882 466 943 Ἐπεὶ
492 883 547 942 δὲ
575 886 663 943 καὶ
710 888 828 966 περὶ
871 890 969 955 τῆς
1034 892 1335 966 προσφορᾶς
1377 892 1485 942 τῶν
1532 886 1741 957 ἀζύμων
1798 885 1961 950 πολὺς

315 976 345 1031 ὃ
398 973 560 1046 ζῆλος
601 988 720 1041 τοῖς
762 974 1013 1056 πολλοῖς,
1061 976 1148 1031 καὶ
1202 977 1364 1054 πυρὸς
1418 975 1750 1055 θερμότερος,
1812 976 1840 1032 ὃ
1897 974 1961 1044 δὴ

316 1061 529 1140 λέγεται
562 1077 579 1094 ⁸
633 1064 720 1121 καὶ
763 1065 1014 1144 πρότερον
1059 1062 1121 1121 ἂν
1149 1063 1245 1128 τὰς
1277 1063 1457 1143 ψυχὰς
1500 1064 1770 1143 πρόοιντο,
1799 1064 1835 1133 ἢ
1863 1065 1961 1132 τὴν

317 1151 439 1231 περὶ
487 1151 688 1207 τούτων
751 1149 901 1218 δόξαν
944 1154 1113 1210 αὐτῶν
1156 1149 1512 1232 παραλύσαιεν
1553 1169 1558 1173 ”
1616 1155 1665 1209 οἱ
1720 1150 1774 1209 δέ
1822 1174 1961 1217 τινες

316 1240 407 1296 καὶ
466 1239 640 1313 οἰκείῳ
709 1241 861 1298 πάθει
913 1241 1381 1320 καταχαρίζονται,
1460 1241 1548 1297 καὶ
1629 1241 1788 1320 παγὶς
1871 1251 1961 1301 τοῦ

316 1324 559 1384 διαϐόλου
612 1333 690 1401 τῷ
724 1327 915 1403 Παύλῳ
971 1326 1122 1384 δοκεῖ
1155 1346 1173 1362 ·
1231 1328 1264 1383 ἃ
1308 1328 1407 1403 μὲν
1450 1325 1536 1384 δεῖ
1571 1330 1703 1407 πρὸς
1746 1328 1959 1394 τούτους

317 1416 511 1494 εἰπεῖν,
556 1413 610 1470 ἐν
657 1416 854 1495 ὑστέρῳ
908 1414 1146 1492 λέξομεν,
1194 1417 1254 1472 τὸ
1292 1423 1414 1495 μὲν,
1457 1417 1519 1472 τὸ
1576 1414 1801 1496 ἄμετρον
1869 1416 1962 1475 106

314 1501 479 1574 ζήλου
547 1501 880 1577 κολάζοντες,
940 1517 1059 1568 τοῖς
1128 1501 1182 1560 δὲ
1254 1504 1499 1561 ταπεινὸν
1554 1502 1845 1568 δεικνύντες
1900 1507 1960 1561 τὸ

2044 615 2105 677 in
2136 617 2277 679 ﬁdei
2297 620 2770 703 symbolo,quam
2786 615 3078 698 feCerunt,
3108 624 3534 705 promulgando
3559 622 3689 704 Spi-

2046 705 2223 767 ritum
2256 725 2325 769 ex
2356 710 2530 771 l’atre
2562 719 2620 781 et
2649 709 2798 771 Filio
2826 711 3175 791 procedere.
3208 713 3289 775 Et
3315 720 3448 793 post
3469 712 3678 775 multa.

2047 793 2335 866 Quoniam
2364 805 2559 859 autem
2591 806 2649 861 et
2678 796 2754 862 de
2795 817 3128 880 azymorum
3158 799 3457 863 oblatione
3486 801 3689 864 multis

2047 899 2294 960 magnus
2324 893 2417 948 est
2445 886 2630 963 zelus,
2679 896 2737 950 et
2769 889 2903 966 igne
2932 889 3255 963 ardentior,
3314 889 3464 970 quod
3499 888 3689 968 aiunt,

2045 979 2104 1033 et
2133 973 2295 1052 prius
2319 974 2548 1038 animas
2569 975 2900 1053 amiserint,
2935 995 3110 1058 quam
3137 978 3481 1058 opinionem
3503 977 3578 1039 de
3596 978 3689 1040 his

2042 1077 2208 1121 suam
2235 1061 2636 1125 destituerint.
2663 1064 2913 1137 Quidam
2942 1075 3136 1126 autem
3172 1074 3231 1128 et
3262 1066 3502 1146 proprio
3525 1065 3687 1127 blan-

2042 1148 2287 1211 diuntur
2316 1151 2576 1232 aﬂ'ectui,
2608 1161 2667 1215 et
2695 1154 2943 1235 laqueus
2992 1153 3216 1216 diaboli
3246 1155 3427 1218 Paulo
3455 1154 3689 1216 videtur

2043 1235 2184 1309 Quae
2212 1238 2271 1299 in
2302 1239 2411 1301 hos
2441 1241 2696 1303 dicenda
2727 1252 2891 1316 sunt,
2939 1243 3235 1322 posterius
3265 1242 3634 1324 proferemus
3666 1261 3679 1306 :

2044 1324 2295 1389 aliorum
2325 1328 2565 1409 quidem
2588 1329 3045 1392 immoderatum
3075 1331 3268 1392 zelum
3292 1332 3605 1411 punientes
3635 1345 3681 1407 ι),

2044 1413 2176 1476 aliis
2205 1425 2401 1479 autem
2424 1417 2719 1497 abjectum
2742 1419 3127 1481 ostendentes
3147 1419 3302 1500 quod
3327 1439 3444 1481 non
3466 1428 3554 1480 est
3574 1419 3684 1481 ab-

2038 1502 2266 1581 jectum
2295 1538 2323 1581 q
2345 1505 2428 1569 Et
2458 1525 2674 1569 rursus
2685 1515 2825 1587 post
2850 1507 3044 1569 multa
3072 1529 3091 1569 :
3122 1507 3191 1568 Et
3221 1507 3687 1569 occidentalibus

316 1590 695 1655 ἀταπείνωτον,
733 1594 832 1650 Καὶ
860 1592 1004 1656 αὖθις
1048 1593 1181 1668 μετᾶ
1229 1591 1403 1649 πολλά
1429 1607 1445 1624 ⁸
1497 1595 1594 1651 Καὶ
1635 1607 1753 1657 τοῖς
1814 1602 1956 1651 Δυτι-

2045 1590 2224 1669 igitur
2240 1593 2291 1655 si
2313 1594 2458 1676 quid
2482 1597 2540 1657 in
2555 1594 2829 1676 dogmate
2847 1604 3146 1677 peccatur,
3159 1596 3314 1675 quod
3332 1596 3407 1659 de
3428 1596 3603 1659 Patre
3619 1596 3686 1658 (i-

312 1693 437 1744 κοῖς
479 1681 651 1737 τοίνυν
681 1681 786 1737 εἴτι
851 1682 950 1757 μὲν
1002 1684 1121 1761 περὶ
1184 1684 1244 1738 τὸ
1312 1680 1485 1760 δόγμα
1527 1680 1953 1763 διαμαρτάνεται,

2044 1680 2181 1741 dem
2213 1695 2235 1726 τ
2255 1683 2551 1745 concutiat
2583 1684 2965 1765 (quale,quod
2991 1688 3048 1746 in
3076 1683 3340 1765 symbolo
3366 1684 3440 1746 de
3462 1682 3683 1764 Spiritu

312 1769 411 1838 τὴν
478 1770 741 1850 πατρικὴν
797 1773 971 1828 πίστιν
1022 1769 1263 1845 σαλεῦον,
1338 1774 1457 1828 οἷον
1524 1769 1589 1838 δὴ
1645 1773 1706 1830 τὸ
1775 1772 1827 1830 ἐν
1882 1780 1956 1847 τῷ

2042 1776 2244 1830 sancto
2265 1771 2692 1851 adjectum,ubi
2716 1773 3043 1855 periculum
3072 1772 3565 1853 maximum),boc
3582 1771 3684 1853 qui

314 1856 563 1934 συμϐόλῳ
637 1860 755 1939 περὶ
806 1869 899 1919 τοῦ
953 1860 1102 1938 ἁγίου
1145 1860 1446 1936 Πνεύματος
1502 1861 1906 1940 προστιθέμενον
1941 1882 1951 1894 '

2041 1874 2158 1931 non
2178 1857 2423 1938 dignum
2449 1863 2824 1923 correctione
2854 1862 3273 1938 'concesserit,
3307 1861 3478 1921 venia
3517 1860 3681 1921 indi-

313 1946 432 2004 ἔνθα
502 1950 530 2004 ὁ
589 1946 819 2013 κίνδυνος
892 1948 1140 2027 μέγιστος
1176 1968 1191 1986 '
1271 1959 1425 2008 10610
1481 1950 1558 2026 μὴ
1629 1947 1956 2030 διορθώσεως

2040 1948 2327 2022 gnuszetsi
2344 1950 2785 2012 athronoverba
2796 1950 3241 2030 faciantﬁquem
3255 1949 3567 2012 sublimem
3582 1968 3680 2011 su-

312 2035 616 2112 ἀξιούμενον
678 2044 995 2117 συγχωρῶν,
1054 2038 1437 2119 ἀσυγχώρητος
1472 2054 1485 2068 ⁶
1546 2037 1641 2095 κᾶν
1700 2039 1805 2095 ἀπὸ
1867 2047 1956 2095 του

2040 2030 2255 2097 blimes
2276 2047 2739 2119 proponuntn,et
2754 2038 2804 2100 si
2843 2040 3446 2101 l’etrieonfessionem
3481 2036 3679 2118 profe-

311 2124 493 2203 θρόνου
548 2126 669 2191 τοὺς
741 2125 928 2204 λόγους
1002 2133 1285 2207 ποιῶνται,
1345 2127 1403 2182 ὃν
1484 2126 1691 2203 ὑψηλὸν
1766 2126 1963 2204 ὑψηλοὶ

312 2213 613 2293 προτιθέασι
649 2233 665 2249 ⁶
722 2214 822 2272 κᾶν
864 2216 964 2283 τὴν
1019 2225 1112 2275 τοῦ
1155 2215 1350 2294 Πέτρου
1394 2214 1680 2294 ὁμολογίαν
1736 2214 1965 2296 προϐάλ-

311 2301 532 2378 λωνται,
573 2301 670 2360 κᾶν
699 2305 791 2360 τὸν
831 2303 918 2361 ἔπ’
962 2303 1137 2381 ἐκείνῃ
1196 2306 1529 2383 μακαρισμὸν
1577 2304 1891 2385 περιφέρωσι
1939 2324 1955 2339 θ

311 2390 413 2448 κᾶν
454 2393 549 2455 τὰς
578 2391 730 2457 κλεῖς
773 2398 872 2461 τῆς
894 2392 1162 2470 βασιλείας
1185 2394 1321 2469 ἡμῖν
1351 2393 1640 2456 ἐπισείωσι.
1674 2394 1773 2451 Καὶ
1800 2392 1958 2450 πάλιν

310 2480 445 2555 μετὰ
487 2478 662 2541 πολλά
696 2497 710 2511 ⁵
756 2483 829 2539 Οὔ
879 2481 1049 2538 τοίνυν
1080 2480 1197 2537 οὔτε
1239 2483 1357 2560 περὶ
1397 2488 1504 2538 τῶν
1546 2481 1778 2557 ἀζύμων,
1840 2482 1956 2539 οὔτε

308 2569 559 2646 περὶτῶν
603 2574 861 2636 νηστειῶν
908 2568 1526 2649 ἀντισκληρυνθησόμεθα
1581 2577 1658 2644 τῷ
1714 2569 1956 2645 ἁκαμπεῖ

308 2662 402 2714 τοῦ
444 2654 617 2721 ἔθνους
645 2660 965 2738 φρονήματι.
1010 2666 1174 2717 Τοῦτο
1229 2659 1329 2737 γάρ
1372 2656 1510 2715 ἔστιν
1541 2658 1781 2738 ὀστράκῳ
1823 2681 1954 2737 συγ-

308 2744 505 2818 κολλᾷν
549 2744 827 2827 ὄστρακον,
888 2745 1054 2822 μηδὲν
1096 2746 1219 2814 ἦθος
1288 2747 1323 2796 3
1373 2746 1650 2826 ὑγροτέρου
1704 2769 1954 2827 παρεντι-

308 2834 515 2913 θέντας,
600 2834 778 2914 ὥσπερ
848 2832 1045 2914 ἐγένετ’
1118 2835 1179 2892 ἂν
1239 2835 1373 2900 ἴσως
1431 2834 1745 2915 ἐχέκολλον.
1831 2835 1957 2895 Ούδὲ

309 2921 509 2979 πολλοῦ
565 2922 650 2980 δεῖ
690 2926 808 3004 περὶ
864 2926 970 2982 τῶν
1028 2924 1480 3003 ἆπηριθμημένων
1524 2923 1731 2982 λοιπῶν
1767 2944 1778 2957 ·
1826 2925 1959 3005 ὅπερ

2048 2130 2204 2198 rant,
2234 2134 2291 2186 et
2326 2126 2373 2186 si
2393 2128 2520 2207 ejus
2556 2127 3051 2190 bealiﬁcationem
3077 2128 3516 2203 circumferant,
3553 2125 3681 2186 etsi

2042 2210 2234 2273 claves
2249 2216 2414 2293 regni
2431 2216 2739 2278 minaciter
2754 2217 2924 2279 nobis
2942 2217 3205 2299 quatiant
3238 2217 3309 2278 Et
3322 2233 3534 2278 rursus
3550 2222 3684 2295 post

2042 2302 2271 2363 multa:
2301 2302 2482 2383 [gitur
2503 2324 2694 2386 neque
2718 2316 2960 2388 prapter
2982 2325 3203 2388 azyma,
3237 2324 3430 2387 neque
3449 2304 3681 2384 jejunis

2040 2388 2512 2455 obdurescemus
2533 2402 2736 2456 contra
2764 2395 3012 2473 rigidam
3046 2395 3237 2474 gentis
3268 2393 3647 2476 pertinaciam
3673 2411 3691 2453 :

2042 2476 2190 2558 (Hoc
2212 2481 2370 2542 enim
2394 2492 2484 2544 est
2505 2491 2716 2545 testam
2737 2481 3549 2564 testaaconglutinare,sinihil
3571 2498 3683 2543 na-

2042 2573 2187 2629 tura;
2215 2569 2586 2634 ﬂexibilioris
2615 2571 2982 2655 interponas,
3007 2592 3139 2655 quae
3158 2573 3396 2634 forsitan
3419 2568 3682 2651 glutino-

2041 2676 2164 2719 sam
2176 2659 2293 2719 vim
2311 2659 2774 2744 habeat):neque
2787 2663 2910 2727 fere
2930 2670 3173 2744 propter
3186 2661 3411 2743 reliqua
3435 2678 3654 2722 enume

2040 2755 2325 2829 rata,quaz
2345 2767 2412 2810 se
2434 2749 2749 2813 observare
2778 2751 3144 2828 conﬁtentes,
3183 2759 3395 2831 praeter
3413 2747 3682 2811 suﬂ‘ocati

2043 2838 2419 2917 esum(hujus
2437 2839 2596 2902 enim
2615 2859 2809 2922 neque
2831 2858 3047 2904 nomen
3066 2839 3288 2902 Latinis
3307 2837 3683 2919 temperanti-

2040 2924 2150 2987 bus
2167 2926 2477 2990 tolerabile
2493 2928 2697 3002 ',sicut
2721 2948 2830 2992 uec
2853 2929 3252 3011 nobis;neque
3269 2926 3682 2989 fornicationis

311 3010 693 3087 ὁμολογοῦντες
723 3015 812 3070 καὶ
855 3015 1000 3072 αὐτοὶ
1042 3028 1252 3093 τηρεῖν,
1310 3015 1463 3077 ὶκτὸς
1518 3019 1616 3081 τῆς
1660 3035 1953 3094 πνικτοφα-

2042 3021 2098 3075 et
2109 3015 2531 3096 jejunii,etiam
2550 3018 2601 3078 si
2624 3020 2795 3080 ferini
2825 3027 2882 3080 et
2904 3010 3182 3080 bestiales
3199 3014 3543 3078 hominesid
3559 3023 3683 3077 stu-

312 3103 431 3180 γίας
492 3099 709 3182 (ταύτης
780 3104 879 3183 γὰρ
942 3101 1057 3162 οὐδὲ
1114 3103 1344 3178 τοῦνομα
1388 3104 1626 3167 Λατίνοις
1698 3104 1957 3183 σώφροσιν

311 3190 554 3265 ἀνεκτὸν,
600 3190 781 3271 ὥσπερ
840 3190 955 3249 οὐδὲ
1010 3189 1135 3272 παρ’
1191 3193 1345 3271 ἡμῖν,
1405 3190 1519 3248 οὐδὲ
1573 3194 1634 3248 τὸ
1676 3198 1774 3260 τῆς
1818 3215 1954 3270 πορ-

310 3279 474 3355 νείας,
535 3281 622 3337 καὶ
687 3286 788 3349 τῆς
859 3282 1102 3348 νηστείας
1137 3284 1156 3311 ‘
1226 3278 1325 3337 κᾶν
1392 3283 1440 3336 οἱ
1508 3280 1786 3361 θηριώδεις
1869 3282 1957 3338 καὶ

308 3367 597 3435 κτηνώδεις
680 3370 878 3437 ταύτην
979 3367 1346 3448 ἐπιτηδεύωσι)
1426 3366 1634 3427 δοκοῦσι
1730 3369 1954 3433 πολλοῖς

309 3456 618 3536 ἀσύγνωστα
698 3456 1033 3539 σφάλλεσθαι.
1123 3452 1219 3513 Ὧν
1293 3458 1370 3533 μὴ
1452 3459 1769 3515 συντίθεσθαι
1838 3473 1954 3521 τοῖς

308 3544 515 3626 λόγοις,
548 3544 733 3627 ἀνδρός
781 3546 946 3627 ἐστιν,
990 3549 1062 3614 ὡς
1106 3548 1286 3622 οἶμαι,
1328 3558 1450 3609 ταῖς
1481 3544 1953 3627 ἐκκλησιαστικαῖς

308 3624 557 3713 ἱστορίαις
587 3624 1059 3714 ἐγγυμνασθέντος,
1104 3637 1192 3691 καὶ
1248 3636 1525 3712 μαθόντος.
1588 3624 1678 3698 Ὠς
1735 3637 1794 3691 ού
1850 3657 1954 3691 παν

308 3720 421 3789 ἔθος
478 3723 784 3804 ἀποσχίζειν
840 3722 1162 3804 Ἐκκλησίας
1217 3724 1417 3803 ἰσχύει,
1488 3721 1624 3780 ἀλλὰ
1691 3725 1753 3779 τὸ
1822 3726 1952 3803 πρὸς

309 3809 558 3893 διαφορὰν
587 3803 713 3891 ἄγον
742 3811 1027 3891 δόγματος.
1079 3803 1225 3880 "Ben
1283 3810 1337 3868 δὲ
1393 3813 1603 3875 πάντως
1646 3812 1735 3867 καὶ
1762 3818 1947 3884 ταῦτα,

308 3902 374 3956 τὰ
415 3902 556 3978 παρὰ
582 3915 697 3966 τοῖς
741 3906 1065 3977 θαυμαστοῖς
1112 3916 1312 3983 νιιριταῖς
1368 3900 1651 3982 σφάλματα
1682 3920 1698 3939 ο
1745 3901 1809 3956 τὰ
1852 3903 1948 3977 μὲν

306 3988 359 4055 ἐξ
390 3988 681 4069 εὐλαϐείας,
714 3993 787 4057 ὡς
837 3993 899 4048 τὸ
945 3993 1230 4071 προσάγειν
1273 3992 1393 4054 τοὺς
1451 3990 1761 4066 ἀσπασμούς
1829 4002 1946 4054 τοῖς

303 4079 460 4142 θείοις
524 4076 731 4161 ἐδάφεσι
776 4079 873 4158 (μὴ
913 4083 1014 4161 γὰρ
1064 4079 1129 4149 δὴ
1171 4077 1586 4160 παραδεξαίμεθα
1642 4079 1742 4134 τὴν
1784 4101 1952 4134 σατα-

306 4168 459 4235 νικὴν
490 4166 697 4235 ἐκείνην
727 4176 1097 4250 συκοφαντίαν,
1141 4171 1215 4232 ὡς
1258 4166 1357 4247 ἄρα
1402 4166 1646 4229 Λατίνοις
1689 4170 1746 4224 ού
1786 4189 1953 4246 παρα-

2039 3101 2205 3164 diose
2234 3106 2451 3185 colant)
2476 3108 2751 3169 videntur
2794 3107 2991 3169 multis
3036 3126 3129 3178 ea,
3153 3125 3287 3186 quas
3304 3105 3533 3166 veniam
3561 3122 3679 3164 non

2041 3202 2364 3269 merentur,
2376 3196 2916 3274 peccare.Quorum
2932 3195 3123 3257 verbis
3141 3213 3255 3255 non
3269 3192 3682 3258 assentiri.viri

2039 3290 2148 3357 est,
2176 3290 2238 3343 ut
2261 3285 2491 3364 Opinor,
2514 3285 2573 3345 in
2606 3284 3026 3346 ecclesiasticis
3055 3283 3321 3345 historiis
3346 3281 3677 3356 exercitati,

2039 3383 2098 3431 et
2122 3371 2223 3452 qui
2252 3372 2552 3447 didicerit,
2581 3392 2696 3434 non
2720 3392 2960 3434 omnem
2991 3391 3217 3433 morem
3248 3383 3273 3414 ι
3302 3370 3372 3433 ad
3395 3370 3674 3431 divellen-

2038 3458 2176 3519 dum
2194 3460 2878 3541 abEcclesiavalere,sed
2899 3462 2999 3543 qui
3020 3460 3346 3523 doctrinam
3360 3460 3419 3521 in
3439 3467 3681 3520 conten-

2034 3546 2256 3609 tionem
2289 3550 2549 3613 deducit.
2566 3553 2763 3614 Mores
2781 3563 2807 3601 ν
2824 3559 3018 3613 autem
3038 3550 3278 3611 omnino
3310 3557 3446 3610 sunt
3476 3557 3532 3609 et
3556 3549 3676 3609 haec

2036 3628 2189 3707 apud
2218 3628 2351 3690 illos
2379 3631 2688 3711 praeclaros
2732 3632 2970 3711 judices
3016 3638 3205 3692 errata
3240 3647 3253 3691 :
3291 3628 3403 3690 alia
3435 3627 3674 3708 quidem

2037 3733 2104 3776 ex
2136 3717 2445 3796 religione,
2482 3727 2543 3779 ut
2573 3719 2859 3781 exhibere
2889 3719 3089 3781 oscula
3119 3718 3304 3780 sacris
3326 3716 3677 3798 pavimeztis

2038 3805 2179 3886 (non
2214 3806 2371 3867 enim
2404 3826 2548 3869 sane
2597 3809 2981 3872 admittamus
3031 3808 3352 3870 satanicam
3384 3806 3543 3867 illam
3571 3823 3675 3866 ca-

2032 3893 2339 3963 lumniam.
2374 3914 2587 3977 nempe
2618 3906 2678 3958 ut
2710 3898 2931 3960 Latinis
2961 3911 2981 3941 ι
3010 3916 3126 3958 non
3146 3894 3676 3958 admittendaima-

2031 3983 2232 4060 ginum
2257 3986 2577 4066 veneratio)
2600 3986 2715 4048 alia
2737 3996 2930 4048 autem
2958 4005 3027 4048 ex
3058 3984 3523 4066 diSpensatione,
3547 4002 3680 4065 quae

2038 4073 2437 4136 infirmitatem
2498 4076 2649 4155 regit
2699 4090 2744 4150 ³,
2804 4077 3047 4138 forsitan
3078 4075 3318 4156 quidem
3353 4082 3410 4134 et
3439 4073 3675 4148 animae,

2036 4161 2279 4222 omnino
2302 4176 2499 4224 autem
2533 4165 2901 4244 corporalem
2931 4183 2946 4241 ;
2974 4173 3035 4224 ut
3058 4165 3378 4226 monachos
3404 4163 3459 4224 in
3488 4180 3673 4240 aegro-

303 4252 487 4311 δεκτέα
544 4259 580 4323 ὴ
642 4263 748 4313 τῶν
803 4246 1018 4314 εἰκόνων
1083 4246 1464 4336 προσκύνησις)
1536 4254 1602 4311 τὰ
1657 4251 1712 4308 δὲ
1764 4251 1815 4318 ἐξ
1870 4255 1951 4308 οἷ-

2040 4246 2353 4312 tationibus
2384 4270 2619 4313 sumere
2671 4272 2918 4315 carnes:
2950 4253 3129 4334 idque
3151 4251 3372 4324 sobrie,
3401 4261 3455 4312 et
3473 4269 3678 4312 revera

302 4343 578 4420 κονομίας,
626 4346 1007 4422 οἶκονομούσης
1049 4344 1336 4418 ἀσθένειαν,
1383 4344 1527 4422 τάχα
1586 4341 1681 4417 μὲν
1725 4343 1811 4398 καὶ
1841 4346 1948 4417 ψυ-

2040 4338 2432 4419 spiritualiter.
2472 4342 2634 4413 Quod
2667 4360 2719 4403 ει
2750 4341 2850 4422 qui
2884 4342 2937 4402 id
2971 4311 3348 4403 aclcumulent
3372 4339 3551 4401 rebus
3578 4338 3675 4401 in-

302 4437 439 4512 χῆς,
499 4433 709 4498 πάντως
766 4434 822 4490 δὲ
863 4436 962 4502 τὴν
993 4434 1303 4509 σωματικήν
1334 4449 1353 4469 '
1414 4434 1488 4495 ὡς
1530 4432 1590 4486 τὸ
1633 4430 1755 4493 τοὺς
1787 4452 1951 4505 μονα-

2040 4425 2464 4509 differentibus,
2499 4430 2647 4490 alius
2671 4430 2767 4491 hic
2801 4432 2859 4491 in
2882 4433 3024 4493 istos
3051 4450 3270 4502 sermo,
3307 4447 3422 4488 non
3459 4431 3513 4486 in
3548 4446 3673 4501 eos,

303 4521 440 4600 χοὸς
484 4521 539 4578 ἐν
564 4536 681 4588 τοῖς
711 4523 887 4587 νόσοις
918 4520 1339 4599 μεταλαμϐάνειν
1396 4526 1561 4600 κρεῶν
1596 4535 1610 4550 '
1657 4520 1946 4593 καὶτοῦτο,

2040 4514 2133 4594 qui
2166 4521 2418 4594 primum
2462 4517 2608 4578 illud
2654 4518 2883 4580 ratione
2913 4520 3333 4599 dispensarunt
3362 4521 3409 4592 δ,
3444 4528 3501 4577 et
3533 4516 3671 4583 alia,

301 4607 732 4692 κεκολασμένως,
765 4613 852 4668 καὶ
900 4618 976 4687 τῷ
1021 4607 1130 4668 ὄντι
1183 4615 1569 4685 πνευματικῶς.
1617 4609 1673 4665 El
1716 4605 1770 4663 δέ
1813 4628 1949 4672 τινες

2040 4622 2165 4685 quae
2193 4607 2549 4685 quibusdam
2575 4606 2705 4667 aliis
2730 4606 3058 4667 rationibus
3086 4605 3368 4668 Ecclesiis
3391 4605 3674 4666 occiden-

300 4699 428 4754 αὐτὸ
459 4696 733 4778 χυδαιοῦσι
776 4713 898 4763 ταῖς
953 4698 1304 4781 ἀδιαφορίαις,
1372 4696 1545 4776 ἕτερος
1603 4698 1752 4759 οὗτος
1794 4694 1952 4774 λόγος

299 4788 430 4864 πρὸς
473 4789 712 4863 τούτους,
760 4790 820 4845 οὗ
870 4789 1000 4868 πρὸς
1030 4790 1150 4852 τοὺς
1193 4788 1415 4867 πρώτως
1478 4794 1632 4843 τοῦτο
1675 4785 1811 4841 κατὰ
1852 4783 1951 4840 λό-

298 4897 395 4953 γον
463 4877 940 4957 οίκονομῆσαντας,
1012 4878 1100 4933 καὶ
1170 4874 1306 4931 ἄλλα
1364 4872 1485 4930 κατ’
1546 4869 1740 4935 ἄλλους
1808 4873 1951 4957 τινας

2037 4692 2257 4754 talibus
2317 4704 2455 4755 sunt
2485 4696 2681 4757 inﬁxa.
2736 4695 2996 4768 Quorum
3030 4694 3175 4756 nihil
3207 4694 3537 4756 distrahere
3568 4713 3676 4754 nos

2037 4782 2609 4864 potest.Neutiquam
2634 4804 2646 4843 :
2675 4782 2724 4844 si
2757 4784 2995 4864 quidem
3016 4784 3250 4864 judices
3272 4782 3508 4862 habeat,
3534 4800 3673 4843 sen-

2040 4872 2280 4932 tentiam
2333 4873 2594 4934 ferentes
2642 4873 2901 4952 paternis
2932 4871 3162 4951 legibus
3191 4880 3670 4933 consentaneam.

2034 4957 2108 5023 Et
2131 4960 2245 5021 nisi
2261 4960 2433 5040 longa
2468 4960 2615 5023 mihi
2640 4961 2832 5024 futura
2863 4975 3023 5025 esset
3060 4960 3268 5038 ovatio,
3299 4970 3358 5022 et
3385 4962 3455 5023 ad
3482 4961 3672 5023 histo-

1603 5125 1870 5191 VARIIE
1914 5124 2230 5193 LECTION
2243 5125 2354 5190 ES.

297 4961 489 5043 λόγους
560 4963 866 5045 ἐμπαγέντα
924 4955 1050 5031 ταῖς
1105 4963 1340 5028 δυτικαῖς
1425 4959 1790 5028 Ἐκκλησίαις,
1859 4955 1952 5017 Ὧν

375 5252 410 5303 3
435 5253 611 5321 ἤθους.

375 5399 402 5443 (ι
454 5399 813 5471 coercentes.
830 5428 858 5471 «ι
874 5390 1229 5471 abjectiessc
1240 5387 1465 5471 animi,
1483 5383 1865 5471 οεισηάεηιθε
1881 5388 2041 5452 nolle
2057 5382 2370 5471 humiliari
2380 5432 2392 5446 .
2409 5400 2432 5471 ς
2451 5380 2660 5471 quoda
2672 5400 2751 5471 pq
2757 5381 2955 5471 tribus
2966 5389 3271 5471 acceptum
3288 5381 3488 5462 ﬁdem.
3505 5388 3537 5471 _'
3556 5382 3660 5471 qui

293 5470 530 5548 corrigi
559 5488 678 5532 non
704 5461 989 5551 paleis}
1018 5488 1054 5532 a
1087 5469 1304 5531 throno
1344 5468 1608 5529 ra'iones
1633 5463 1921 5551 afferant.
1957 5480 1986 5512 ιι
2022 5464 2183 5551 ﬁliis
2212 5461 2629 5551 praetulerunt.
2662 5482 2687 5513 ν
2717 5464 2952 5551 Latinis
3005 5461 3345 5524 hominibus
3375 5462 3659 5551 modestis

292 5554 382 5608 est
411 5542 748 5614 tolerabile.
784 5567 807 5598 ι
836 5551 1356 5614 consuetudinem.
1388 5583 1415 5624 ς
1440 5542 1918 5610 consuetudines.
1954 5576 1982 5624 ιν
2005 5543 2257 5606 Latinus
2287 5543 2703 5624 adoratiouem
2735 5545 3091 5624 imaginum
3143 5559 3266 5603 non
3309 5542 3651 5624 admittere.

291 5635 317 5668 ⁸
370 5645 503 5709 quas
527 5649 661 5694 cum
693 5632 1051 5711 inﬁmitate
1077 5620 1411 5709 dispensat.
1446 5628 1473 5670 δ
1531 5624 1700 5701 Quod
1728 5626 1910 5709 siqui
1941 5623 2218 5688 licentius
2242 5623 2476 5706 agendo
2504 5623 2693 5687 nimis
2721 5623 2826 5689 hoc
2850 5620 3275 5707 pervulgatum
3300 5622 3553 5703 faciant.
