4192 6220
359 294 362 296 ’
390 338 510 413 957

1720 346 2295 413 θΜεΟ-ΒοΜΑΝ
2302 350 2411 413 UM
2422 396 2435 411 .

3663 352 3779 419 958

392 472 722 564 Πνεύματος.
782 463 912 532 υΟτι
966 477 1054 533 val
1082 478 1134 564 ὁ,
1167 477 1357 556 Σωτὴρ
1404 477 1460 534 ἐν
1501 475 1762 555 δακτύλῳ,
1807 479 2042 537 τουτέστι

2138 479 2234 542 sed
2256 481 2797 564 carnaliter,neque
2822 482 3453 562 supramundane,sed
3476 483 3778 547 mundane

394 568 471 655 τῷ
514 562 649 655 άγίῳ
676 563 964 655 ΙΞνεύματι,
1010 566 1077 655 τά
1117 562 1363 642 δαιμόνια
1418 566 1694 655 ἐκϐάλλειν
1750 570 1881 649 πρὸς
1926 571 2046 632 τοὺς

2138 569 2332 631 annuli
2363 562 2823 651 appellationem
2854 571 3307 655 accipientibus,
3348 572 3545 636 studio
3567 590 3776 653 magno

395 649 635 743 ἀπειθεῖς
689 650 871 732 ἔλεγεν
947 653 1245 731 Ἰουδαίους,
1320 658 1376 713 οἳ
1456 654 1771 729 Βεελζεϐοὺλ
1829 656 2045 737 ἐκερτό-

2138 649 2465 721 affectatum
2495 667 2584 721 est
2617 658 2842 722 annulo
2868 649 3123 740 gestare,
3154 649 3357 743 utpote
3374 649 3777 725 Ecclesiar'um

398 762 555 831 μουνΔ
578 739 728 823 ἔχειν
800 743 980 806 αὐτόν.
1040 746 1139 804 Καὶ
1195 746 1285 802 τὸν
1342 745 1694 804 ἐπανελθόντα
1735 745 1791 802 δὲ
1842 746 2045 804 ἄσωτον

2138 750 2382 828 sponsis.
2415 748 2674 830 ideoque
2696 739 2893 831 neque
2916 750 3032 812 hoc
3061 749 3181 812 illis
3207 739 3408 813 notam
3437 750 3649 813 inurit.

404 832 507 889 δὶὸν
528 828 796 921 δακτυλίῳ
824 835 1010 913 χρύσῳ
1050 833 1416 911 ἐπεκόσμησεν
1449 851 1464 868 ⁸
1499 835 1623 893 ὅλον
1651 833 1855 903 δηλαδὴ
1884 846 2067 895 τοῦτον
2110 836 2389 902 ἐκτελέσας
2447 828 2826 920 πλευματικὸν,
2886 841 2999 897 ἀντὶ
3055 848 3327 921 σαρκικοῦ.
3386 852 3514 907 Τοῖς
3566 863 3627 920 γε
3670 844 3780 917 μὴν

403 920 646 1010 Λατίνοις
687 925 748 981 οὒ
786 925 1180 999 πνευματικῶς,
1241 922 1377 983 ἀλλὰ
1421 926 1706 1002 σαρκικιῖις,
1754 922 1860 982 οὐδ’
1903 926 2294 1007 ὑπερκοσμίως,
2340 927 2477 984 ἀλλὰ
2530 936 2805 1005 κοσμικῶς
2847 930 2945 998 τὴν
2986 940 3080 990 τοῦ
3130 920 3373 988 δακτυλίο
3426 930 3778 1010 προσηγορίαν

400 1007 905 1092 ἐκλαμϐανομέοις,,
933 1010 1377 1093 περισπούδαστον
1407 1016 1603 1093 γίνεται
1644 1016 1706 1073 τὸ
1726 1012 2180 1097 δακτυλιοιρορεῖν,
2214 1019 2287 1083 ὡς
2317 1018 2421 1074 τῶν
2447 1016 2786 1085 Ἐκκλησιῶν
2827 1016 3081 1090 δήπουθεν
3113 1022 3432 1100 μνήστορσιν
3465 1007 3480 1050 ⁸
3515 1018 3631 1075 ὅθεν
3660 1007 3777 1075 οὐδὲ

402 1108 558 1158 τοῦτο
584 1100 874 1180 προσάπτει
916 1101 1120 1177 μέμψιν
1151 1106 1356 1167 αὐτοῖς.

485 1186 804 1268 Ἐρώτησις.
878 1192 936 1249 Et
991 1191 1259 1270 πρόκριμα
1312 1198 1389 1268 τῷ
1442 1191 1688 1273 ἀρχιερεῖ
1760 1194 1822 1249 τὸ
1890 1192 2053 1273 εἰσέρ-

406 1280 595 1358 χεσθαι
638 1279 711 1342 εἰς
750 1279 846 1343 τὰς
904 1281 1185 1345 Λατινικὰς
1245 1280 1546 1358 ἐκκλησίας,
1595 1281 1684 1340 καί
1736 1296 2052 1360 προσκυνεῖν

403 1371 559 1440 ἡνίκα
618 1370 680 1427 ἂν
741 1371 1097 1452 προσκληθείη
1151 1374 1277 1454 παρ’
1334 1375 1528 1434 αῦτῶν.
1576 1376 1675 1433 Καὶ
1729 1378 1772 1432 εἰ
1817 1374 2051 1452 μεταδώ-

403 1481 482 1516 σει
538 1461 742 1524 τούτοις
796 1461 1213 1544 κατακλαυστοῦ,
1287 1462 1412 1520 ὅταν
1467 1466 1539 1530 εἷς
1606 1465 1703 1533 τὴν
1764 1465 1915 1543 ἁγίαν
1961 1467 2048 1521 καὶ

402 1548 694 1619 καθολικὴν
722 1550 1005 1618 ἐκκλησίαν
1066 1551 1119 1609 ἐν
1177 1559 1245 1630 τῇ
1288 1551 1583 1633 λειτουργίᾳ
1630 1554 2044 1633 παραγίνωνται.

487 1639 613 1702 Ἀπ.
646 1639 795 1707 Τινὲς
837 1646 943 1696 τῶν
1016 1640 1248 1698 Λατίνων
1306 1644 1625 1722 εὑρίσκονται
1677 1643 1755 1718 μὴ
1824 1643 2048 1700 καθόλου

400 1725 768 1808 διαφερόμενοι
798 1730 928 1804 πρὸς
957 1729 1023 1785 τὰ
1052 1731 1168 1786 καθ’
1223 1733 1369 1806 ἡμᾶς
1427 1731 1545 1804 ἔθη,
1577 1732 1642 1787 τά
1670 1753 1728 1788 τε
1757 1730 2047 1811 δογματικὰ

2212 1194 2635 1275 Interrogatio.
2667 1196 2763 1259 An
2795 1195 3201 1276 praajudicium
3243 1196 3510 1269 antistiti,
3542 1193 3781 1274 ingredi

2134 1284 2470 1346 Latinorum
2533 1285 2841 1353 ecclesias.
2906 1294 2965 1347 et
3020 1284 3103 1346 ibi
3134 1284 3407 1362 adorare,
3436 1304 3572 1348 cum
3601 1283 3676 1346 ab
3708 1283 3783 1344 iis

2132 1380 2406 1436 evocatus
2452 1373 2652 1439 fuerit.
2705 1374 2775 1436 Et
2803 1393 2878 1436 an
2912 1373 2986 1435 iis
3016 1371 3775 1448 fractionemldistribuet,

2134 1481 2264 1523 cum
2290 1462 2351 1524 in
2381 1471 2579 1524 sancta
2610 1471 2668 1525 et
2695 1464 2985 1527 catholica
3003 1463 3276 1526 Ecclesia
3306 1481 3474 1525 sacro
3506 1462 3779 1524 ministe-

2130 1550 2219 1612 rio
2250 1550 2648 1616 interfuerint.

2211 1640 2344 1702 Res.
2371 1642 2715 1704 Latinorum
2738 1641 3003 1722 quidam,
3056 1661 3175 1704 non
3212 1640 3456 1703 omnino
3487 1659 3519 1702 a
3552 1638 3770 1702 nostris

2136 1728 2420 1806 moribus,
2458 1739 2573 1792 tam
2605 1730 2972 1810 dogmaticis,
3001 1749 3173 1811 quam
3203 1728 3780 1803 ecclesiasticis,dif-

401 1821 490 1876 καὶ
539 1820 607 1875 τὰ
661 1818 1080 1887 ἐκκλησιαστικεί
1109 1839 1124 1854 ⁸
1185 1824 1273 1879 καὶ
1332 1825 1479 1898 εἰσὶν,
1527 1826 1599 1887 ὡς
1643 1822 1704 1881 ἄν
1758 1846 1837 1889 τις
1891 1824 2044 1901 εἴπῃ,

2139 1819 2291 1879 ferre
2321 1819 2769 1899 comperiuntur
2800 1837 2814 1882 :
2850 1828 3067 1881 etsunt
3101 1821 3187 1901 (ut
3208 1818 3427 1881 dixerit
3456 1815 3775 1898 quispiam)

400 1910 539 1966 κατὰ
584 1915 739 1967 τοῦτο
779 1911 1304 1991 ἐπαμφοτερίζοντες.
1353 1902 1569 1991 ΗΩσπερ
1610 1914 1781 1969 τοίνυν
1836 1915 1896 1969 τὸ
1953 1913 2051 1968 ἀν-

402 1997 837 2077 τισκληρύνεσθαι
923 2012 1040 2064 τοῖς
1138 1999 1330 2056 ἐπίπαν
1412 1999 1802 2081 διαφερομένοις
1890 2004 2049 2078 ἡμῖν,

403 2086 679 2166 ἐξαιρέτως
710 2086 799 2143 ἐπὶ⁷
841 2092 918 2161 τῷ
973 2086 1195 2168 δόγματι
1250 2094 1352 2156 τῆς
1407 2096 1500 2147 τοῦ
1542 2091 1691 2169 ἁγίου
1749 2092 2052 2168 Πνεύματος

404 2175 792 2256 ἐκπορεύσιως,
834 2180 1063 2244 καθῆκον
1115 2179 1203 2235 καὶ
1243 2177 1389 2236 ὅσιον
1420 2196 1434 2211 ⁸
1498 2179 1636 2237 οὕτω
1676 2182 1739 2237 τὸ
1793 2203 2053 2259 συγκατα-

404 2263 602 2323 ϐαίνειν
626 2279 743 2332 τοῖς
785 2267 862 2343 μὴ
917 2268 1195 2341 τοιούτοις,
1254 2269 1345 2326 καὶ
1391 2270 1756 2350 συνέρχεσθαι,
1803 2273 1863 2328 ού
1917 2294 2053 2350 προ-

408 2368 581 2436 κρινεῖ
607 2358 685 2432 τῷ
725 2357 992 2438 ἀρχιερεῖ,
1037 2361 1111 2422 ὡς
1170 2360 1468 2435 οἰκονομίαν
1516 2361 1918 2437 πεπιστευμένῳ
1967 2360 2055 2418 καὶ

406 2445 787 2525 μετερχομένῳ
812 2447 912 2514 τὴν
940 2447 1242 2525 πρέπουσαν
1299 2449 1593 2525 οἰκονόμοις
1637 2453 1851 2530 ψυχῶν,
1888 2440 2054 2509 υΟθεν

404 2536 493 2592 καὶ
551 2537 622 2599 είς
679 2536 773 2599 τὰς
834 2535 1117 2604 ἐκκλησίας
1191 2537 1364 2594 αὐτῶν
1444 2536 1790 2618 προσκληθεὶς
1874 2543 2046 2612 οὗτος,

2135 1905 2197 1967 in
2226 1926 2295 1968 eo
2326 1908 2615 1988 ancipites
2665 1911 2710 1968 ιί.
2764 1908 3273 1982 Quemadmodum
3330 1907 3512 1987 igitur
3554 1905 3629 1967 iis
3675 1922 3776 1967 re-

2137 1996 2369 2072 luctari,
2408 1997 2506 2078 qui
2540 2015 2782 2077 prorsus
2808 2016 2842 2059 a
2866 1997 3038 2059 nobis
3060 1994 3780 2076 dissentiunt,pra3sertim

2136 2084 2197 2146 in
2228 2085 2500 2165 dogmate
2529 2087 2604 2147 de
2634 2088 2821 2148 sancti
2851 2086 3104 2168 Spiritus
3134 2085 3536 2166 processione,
3560 2101 3781 2146 conve-

2139 2175 2312 2237 niens
2343 2185 2431 2238 est
2462 2184 2522 2238 et
2550 2185 2857 2239 sanctum:
2885 2177 3047 2238 sicin
3077 2177 3235 2239 idem
3269 2194 3401 2238 cum
3425 2193 3543 2235 non
3564 2172 3781 2235 talibus

2140 2264 2506 2327 descendere
2537 2274 2594 2327 et
2646 2266 2965 2328 convenire
2995 2266 3030 2347 ',
3066 2283 3180 2327 non
3235 2262 3642 2346 praajudicabit
3670 2280 3781 2323 an-

2140 2354 2330 2435 tistiti,
2362 2355 2462 2432 qui
2493 2356 2777 2417 creditam
2802 2356 3304 2436 dispensationem
3331 2352 3782 2417 convenientem

2137 2443 2463 2505 animarum
2496 2443 2988 2523 gubernatoribus
3021 2453 3282 2507 exercet.
3306 2440 3701 2516 Quamobrem
3726 2447 3785 2501 et

2136 2532 2231 2594 hic
2262 2532 2323 2593 in
2353 2533 2634 2595 ecclesias
2657 2552 2862 2596 eorum
2887 2534 3380 2608 accersitus,sine
3410 2530 3782 2594 dubitatione

406 2623 783 2691 ἆνενδοιάστως
832 2624 1088 2706 ἀφίξεται.
1139 2630 1253 2684 Τῶν
1305 2627 1470 2705 ἁγίων
1524 2629 1624 2706 γὰρ
1684 2629 1897 2685 εἰκόνων
1955 2631 2050 2686 εἰσὶ

2138 2623 2351 2685 veniet.
2387 2621 2732 2686 Sanctarum
2756 2624 2916 2686 enim
2946 2623 3271 2704 imaginum
3302 2627 3440 2686 sunt
3468 2629 3528 2683 et
3558 2620 3621 2682 hi
3651 2618 3784 2681 cul-

407 2714 496 2769 καὶ
566 2715 708 2771 οὗτοι
764 2715 1143 2795 προσκυνηταὶ,
1222 2716 1310 2772 καὶ
1384 2715 1440 2771 ἐν
1495 2730 1614 2780 τοῖς
1674 2714 1791 2774 κατ’
1862 2720 2048 2782 αὖτοὺς

2138 2720 2313 2783 tores,
2351 2719 2410 2775 et
2438 2712 2500 2774 in
2532 2713 2655 2774 suis
2687 2714 2925 2795 templis
2954 2731 3054 2775 eas
3084 2707 3785 2793 erigunLEtaccedenti—

407 2815 558 2866 ναοῖς
616 2803 998 2871 ἁναστηλοῦσιν
1064 2804 1248 2867 αὐτάς.
1334 2806 1432 2863 Καὶ
1488 2806 1764 2884 προθύμως
1817 2828 2047 2886 προσερ-

2138 2800 2244 2863 bus
2299 2802 2371 2865 iis
2425 2802 2772 2865 fractionem
2829 2810 3104 2885 prompte
3172 2801 3475 2880 largietur,
3534 2818 3668 2861 cum
3718 2797 3780 2858 in

406 2891 663 2972 χομένοις
694 2894 898 2955 τούτοις
933 2891 1223 2968 μεταδώσει
1280 2892 1675 2968 κατακλαστοῦ,
1733 2893 1857 2952 ὅταν
1889 2894 1942 2951 ἐν
1983 2901 2051 2972 τῇ

2138 2890 2398 2953 Ecclesia
2427 2892 2713 2954 catholica
2737 2892 3013 2955 aderunt.
3058 2891 3410 2973 Huiusmodi
3443 2891 3603 2951 enim
3634 2905 3783 2949 con-

407 2980 665 3059 καθολικῇ
727 2982 981 3055 ἐκκλησίᾳ
1052 2982 1471 3061 παραγένωνται.
1552 2975 1607 3043 Ὀ
1679 2985 1893 3053 τοιαύτη
1951 2987 2050 3063 γὰρ

2138 2981 2385 3043 suetudo
2441 2988 2787 3061 potestatem
2848 2980 3027 3044 habet
3084 2980 3362 3062 paulatim
3408 2996 3511 3041 eos
3537 2976 3780 3039 omnino

413 3072 658 3141 συνήθεια
708 3070 925 3149 δύναμιν
983 3072 1099 3153 ἔχει
1154 3074 1291 3129 κατὰ
1335 3074 1520 3151 μικρὸν
1577 3072 1885 3149 μεθελκύσαι
1951 3074 2050 3130 αὒ-

2138 3069 2467 3132 altrahendi
2517 3070 2590 3131 ad
2645 3088 2847 3134 sacros
2887 3078 3120 3132 nostros
3172 3087 3370 3131 mores
3397 3076 3455 3129 et
3483 3067 3778 3147 dogmata.

407 3160 530 3224 τοὺς
572 3159 798 3219 καθόλου
840 3164 970 3241 πρὸς
1022 3163 1087 3218 τὰ
1141 3159 1256 3218 καθ’
1300 3164 1444 3238 ἡμᾶς
1502 3162 1613 3239 ἱερὰ
1668 3162 1760 3229 ἔθη
1814 3164 1901 3219 καὶ
1962 3162 2053 3220 δό-

2140 3159 2429 3239 Repletur
2445 3167 2644 3221 autem
2667 3167 2727 3222 et
2743 3159 2907 3221 Italia
2931 3158 3266 3221 divinorum
3298 3156 3698 3238 apostolorum
3725 3161 3785 3216 et

406 3272 606 3329 γματα,
641 3258 928 3308 Πυκνοῦται
984 3249 1039 3307 δὲ
1094 3252 1183 3309 καὶ
1222 3253 1258 3319 ἦ
1312 3250 1507 3309 Ἰταλία
1549 3252 1698 3308 θείων
1746 3251 2053 3309 ἀποστόλων

2140 3256 2460 3327 martyrum
2495 3248 2752 3330 templis.
2787 3247 2949 3310 Inter
2977 3266 3105 3329 qua‘
3127 3263 3425 3308 summum
3456 3243 3684 3306 obtinet
3699 3243 3784 3304 lo-

406 3341 494 3396 καὶ
537 3341 810 3421 μαρτύρων
853 3353 1002 3404 ναοῖς
1038 3360 1052 3374 ⁸
1114 3344 1188 3397 ὦν
1230 3354 1515 3420 κορυφαῖος
1566 3344 1593 3397 ὁ
1631 3339 1685 3396 ἒν
1741 3347 1810 3417 τῇ
1893 3341 2054 3417 Ρώμῃ

407 3429 715 3509 περίκλυτος
803 3440 894 3489 τοῦ
977 3429 1031 3486 ἐν
1113 3428 1431 3495 ἀποστόλοις
1513 3430 1791 3510 κορυφαίου
1861 3430 2055 3510 Πέτρου

410 3520 556 3584 ναός.
591 3517 681 3577 Ἐν
711 3523 796 3583 οἷς
854 3517 1102 3598 ἡμέτεροι
1160 3519 1521 3599 εἰσερχόμενοι
1581 3518 1640 3575 ’ἐκ
1668 3540 1725 3574 τε
1768 3523 1864 3587 τῆς
1904 3522 2055 3598 ἱερα-

2139 3354 2273 3398 cum
2295 3336 2498 3399 Romae
2527 3336 2807 3419 inclytum
2843 3338 2999 3400 Petri
3054 3336 3459 3417 apostolorum
3493 3333 3783 3413 coryphaai

2138 3434 2255 3486 tem
2266 3424 2519 3505 plum.In
2545 3445 2676 3507 quae
2694 3424 3427 3505 nostratesingredientes,
3454 3431 3569 3484 tam
3595 3420 3786 3483 eccle-

2137 3513 2357 3574 siastici
2390 3515 2637 3590 ordinis,
2665 3533 2841 3595 quam
2864 3515 3025 3587 laici,
3052 3522 3185 3575 vota
3215 3512 3436 3575 faciunt
3463 3510 3535 3573 ad
3566 3509 3777 3589 Deum,

409 3616 563 3677 τικῆς
609 3607 811 3689 μερίδος
847 3609 934 3665 καὶ
976 3610 1074 3675 τῆς
1127 3607 1349 3688 λαϊκῆς,
1396 3609 1697 3688 προσευχάς
1740 3628 1796 3665 τε
1853 3615 2053 3666 ποιοῦν-

2139 3612 2198 3665 et
2228 3602 2468 3680 sanctis,
2505 3603 2606 3683 qui
2654 3605 2715 3664 in
2775 3605 2864 3665 eis
2911 3603 3208 3677 coluntur,
3242 3599 3500 3663 debitam
3532 3616 3783 3689 venera-

410 3721 493 3755 ται
537 3686 688 3777 πρὸς*
724 3698 876 3772 Θεὸν,
909 3699 997 3754 καὶ
1038 3710 1155 3762 τοῖς
1209 3696 1260 3753 ἐν
1316 3686 1499 3761 αὐτοῖς
1530 3686 1855 3773 τιμωμένοις
1883 3698 2052 3775 ἁγίοις

2138 3691 2356 3752 lienem
2392 3701 2449 3753 et
2507 3693 2797 3754 honorem
2859 3691 3160 3755 exhibent.
3197 3693 3320 3753 Nec
3375 3686 3782 3770 przejudicium

409 3788 509 3855 τὴν
589 3796 846 3867 σχετικὴν
902 3789 1255 3867 προσκύνησιν
1325 3788 1414 3842 καὶ
1466 3786 1626 3861 τιμήν
1680 3786 1998 3862 ἀπονέμουσι
2034 3804 2046 3816 ·

2138 3781 2273 3842 inde
2299 3781 2482 3843 ullum
2516 3781 2834 3857 sustinent,
2868 3800 3000 3844 cum
3052 3780 3328 3843 videlicet
3353 3779 3417 3841 in
3446 3777 3785 3867 Latinorum

409 3878 498 3933 καὶ
565 3865 832 3956 πρόκριμα
883 3865 1112 3934 ἐντεῦθεν
1168 3874 1396 3940 οῦδόλως
1447 3876 1770 3955 ὑφίστανται,
1830 3874 1909 3955 ἐφ’
1969 3875 2053 3936 οἷς

2139 3877 2274 3931 sunt
2305 3870 2560 3951 templis.
2626 3870 3004 3933 Meminimus
3052 3878 3246 3932 autem
3293 3865 3789 3946 interrogationes

410 3963 613 4034 δηλαδή
642 3967 744 4022 ὑπὸ
772 3966 891 4030 τοὺς
941 3968 1190 4028 Λατίνους
1250 3965 1347 4021 εἶσὶ
1404 3977 1579 4027 ναοῖς,
1628 3965 1954 4039 Μεμνήμεθα
2006 3961 2053 4018 δὲ

2140 3957 2321 4019 factas
2352 3977 2483 4021 esse
2527 3967 2664 4023 ante
2696 3960 2912 4022 multos
2940 3959 3063 4039 jam
3085 3977 3273 4020 annos
3294 3960 3544 4024 aMarco
3569 3960 3789 4016 sanctae

409 4058 481 4119 ὠς
511 4053 784 4134 γεγόνασιν
841 4054 1126 4134 ἐρωτήσεις
1178 4056 1279 4133 πρὸ
1336 4052 1465 4110 ἐτῶν
1522 4050 1625 4120 ἤδη
1679 4055 1872 4109 ἱκανῶν
1922 4060 2053 4131 παρῇ

2150 4048 2455 4109 memoria;
2485 4048 2818 4127 patriarcha
2847 4048 3338 4116 Alexandrino.et
3366 4044 3787 4134 responsiones

409 4133 621 4223 Μάρκου
671 4146 766 4201 τοῦ
806 4133 906 4213 τῆς
964 4146 1108 4208 ὁσίας
1153 4144 1373 4219 μνήμης
1430 4141 1764 4221 πατριάρχου
1823 4139 2053 4207 Ἀλεξαν-

2147 4136 2220 4197 ad
2253 4155 2375 4217 eas,
2436 4137 2733 4201 Theodori
2789 4137 3172 4213 Balsamonis,
3231 4136 3385 4199 beati
3439 4133 3790 4223 patriarchas

408 4220 577 4313 δρείας
617 4253 633 4271 ⁸
709 4234 798 4290 καὶ
864 4231 949 4290 ἐπ’
1022 4234 1209 4295 αῦταῖς
1266 4220 1569 4310 ἀποκρίσεις
1655 4220 1923 4310 Θεοδώρου
1973 4237 2053 4286 τοῦ

2144 4225 2473 4289 Antiochiae
2519 4226 2747 4301 Quibus
2767 4228 2994 4290 inserta
3023 4236 3147 4290 erat
3169 4235 3226 4289 et
3256 4227 3331 4290 de
3353 4224 3575 4288 Latinis
3596 4220 3787 4313 capti-

409 4311 698 4403 μακαρίτου
764 4321 1098 4401 πατριάρχου
1169 4318 1502 4399 Ἀντιοχείας
1562 4326 1655 4377 τοῦ
1710 4317 2053 4394 Βαλσαμών·

2144 4316 2230 4376 vis
2253 4315 2675 4395 interrogatio:
2712 4336 2785 4379 an
2817 4325 3083 4397 Oporteat
3129 4315 3404 4379 videlicet
3434 4333 3536 4376 eos
3566 4311 3785 4374 admit-

408 4415 497 4476 αἷς
542 4411 935 4489 συντεταγμένη
991 4410 1055 4478 ἧν
1105 4412 1192 4466 καὶ
1248 4410 1371 4487 Περὶ
1417 4408 1648 4465 Λατίνων
1698 4406 2053 4488 αἰχμαλώτων

2145 4411 2294 4478 tere,
2330 4405 2379 4466 si
2401 4424 2466 4467 se
2496 4407 2555 4468 in
2587 4405 2891 4469 catholicis
2925 4405 3200 4468 ecclesiis
3244 4409 3697 4485 repraesentem,
3731 4408 3788 4461 et

406 4502 692 4583 ὶρώτησις,
752 4503 796 4557 εἰ
835 4501 946 4581 χρὴ
990 4498 1192 4567 δηλαδὴ
1248 4499 1461 4563 τούτους
1521 4495 1871 4578 προδέχεσθαι
1928 4519 2053 4576 παρ·

2141 4502 2408 4572 quaarant
2456 4495 2789 4557 divinarum
2844 4494 3374 4557 sanctiﬁcationum
3407 4504 3444 4531 ω
3475 4489 3790 4583 participes

408 4577 739 4663 ουσιάζοντας
938 4590 1025 4653 τὰς
1089 4586 1371 4651 καθολικάς
1429 4577 1736 4656 ἐκκλησίας,
1808 4587 1898 4643 καὶ
1950 4593 2053 4657 ζη-

2140 4582 2290 4655 fieri,
2322 4591 2379 4644 et
2407 4592 2840 4665 consequenter
2868 4583 2941 4644 ad
2975 4584 3126 4644 hanc
3175 4583 3325 4645 facta
3357 4577 3693 4659 responsio,
3730 4579 3789 4638 in

407 4691 624 4744 τοῦντας
708 4676 1133 4755 μεταλαμϐάνειν
1212 4683 1317 4734 τῶν
1425 4676 1577 4733 θείων
1684 4676 2049 4755 ἁγιασμάτων.

409 4773 508 4829 Καὶ
549 4768 848 4834 ἀκολούθως
905 4768 989 4826 ἐπὶ
1050 4789 1218 4844 ταυτῃ
1280 4766 1583 4846 ἀπόκρισις,
1639 4764 1864 4822 καθόλου
1920 4765 2057 4821 ἀπα-

404 4858 689 4939 γορεύουσα
741 4860 861 4924 τοὺς
918 4856 1223 4935 εἰρημένους
1267 4855 1517 4919 Λατίνους
1574 4853 1658 4911 διὰ
1700 4856 1898 4935 χειρῶν
1951 4861 2058 4910 τῶν

404 4945 523 5026 καθ’
591 4950 734 5024 ἡμᾶς
793 4947 971 5026 ἱερέων
1025 4952 1124 5014 τῆς
1199 4944 1338 5007 θείας
1425 4945 1702 5007 κοινωνίας
1773 4942 2056 5008 ἀξιοῦσθαι.

411 5025 578 5101 υΗτις
621 5035 687 5104 δὴ
751 5036 1028 5116 ἀπόκρισις
1084 5035 1175 5092 τὸν
1233 5034 1428 5090 οἰκεῖον
1484 5030 1644 5110 λόγον
1703 5040 2060 5111 συγκροτοῦσα

408 5124 514 5181 ἀπὸ
570 5130 669 5192 τῆς
737 5125 878 5189 θείας
936 5129 1171 5205 Γραφῆς,
1228 5129 1306 5198 τῷ
1350 5128 1593 5201 Κυριακῷ
1650 5120 1834 5193 ἐκείνῳ
1891 5119 2059 5198 ἐχρή-

407 5236 535 5271 σατο
562 5213 760 5292 ῥήματι
794 5230 811 5247 ⁸
847 5206 905 5273 Ὀ
937 5213 1015 5291 μὴ
1058 5212 1132 5271 ὢν
1180 5210 1388 5292 (λέγον)
1429 5209 1548 5286 μετ’
1599 5208 1752 5286 ἐμοῦ,
1784 5205 1901 5265 κατ’
1932 5208 2062 5283 ἐμοῦ

406 5301 516 5359 ἐστι
553 5322 567 5337 ⁸
607 5303 695 5361 καὶ
740 5306 768 5361 ὁ
828 5304 906 5380 μὴ
961 5302 1201 5381 συνάγων
1244 5297 1366 5377 μετ’
1422 5299 1576 5376 ἐμοῦ,
1630 5296 1921 5376 σκορπίζει,
1982 5301 2061 5372 Τῇ

405 5394 621 5469 τοιαύτη
667 5391 719 5449 δὲ
764 5394 1039 5472 ἀποκρίσει
1096 5398 1385 5458 τηνικαῦτα
1437 5386 1623 5445 πολλοὶ
1681 5393 1788 5443 τῶν
1845 5382 2057 5461 ἐλλογί-

2139 4669 2478 4733 universum
2503 4672 2978 4746 interdicens,ne
3001 4670 3267 4753 prasdicti
3313 4669 3496 4731 Latini
3522 4685 3628 4749 per
3660 4684 3788 4728 ma-

2139 4776 2251 4820 nus
2272 4767 2612 4821 nostrorum
2637 4760 3013 4823 sacerdotum
3035 4760 3291 4822 divinam
3305 4755 3786 4819 communionem

2140 4852 2658 4921 mereanturQuw
2677 4867 2820 4912 sane
2844 4848 3154 4930 responsio
3178 4846 3473 4929 propriam
3493 4845 3788 4909 rationem

2141 4937 2402 5016 allegans
2432 4957 2498 5000 ex
2526 4956 2694 5001 sacra
2718 4937 3048 5019 Scriptura,
3075 4936 3384 4999 Dominico
3437 4935 3536 4998 illo
3565 4954 3671 4996 usa
3699 4942 3792 4995 est

2142 5026 2363 5086 verbo:
2424 5024 2538 5099 Qui
2581 5045 2701 5088 non
2739 5034 2834 5089 est
2875 5026 3113 5108 (inquit)
3166 5044 3423 5101 mecum,
3457 5033 3664 5088 contra
3694 5041 3792 5085 me

2144 5121 2235 5175 est
2269 5134 2283 5174 :
2318 5122 2376 5176 et
2422 5114 2523 5195 qui
2567 5133 2684 5180 non
2735 5116 2959 5195 colligit
3001 5133 3260 5196 mecum,
3297 5114 3606 5196 dispergit.
3638 5112 3791 5176 Huic

2142 5209 2337 5265 autem
2367 5221 2656 5284 responso
2684 5205 2954 5287 praclari
3001 5204 3170 5268 multi
3198 5204 3307 5267 viri
3331 5213 3469 5267 tunc
3499 5221 3620 5266 non
3648 5196 3790 5267 sunt

2141 5292 2469 5371 suﬂragati,
2493 5298 2557 5355 ut
2582 5293 2741 5375 quod
2796 5294 3046 5358 multum
3096 5293 3337 5357 duritiei
3360 5304 3421 5356 et
3450 5291 3793 5357 acerbitatis

2140 5380 2410 5456 haberet,
2441 5400 2551 5444 nec
2578 5382 2988 5447 convenientis
3010 5382 3470 5465 reprehensioni
3491 5381 3791 5445 Latinica-

1729 5550 1983 5615 VARIE
2027 5547 2465 5614 LECTIONES.

497 5682 531 5729 κ
567 5696 784 5762 panem
815 5678 1101 5759 fractum.
1134 5676 1158 5717 κ
1211 5672 1538 5737 metretas.
1577 5672 1696 5735 'sic
1726 5689 1844 5734 non
1876 5668 2096 5733 talibus
2125 5675 2307 5732 semet
2336 5670 2814 5735 accommodare.
2849 5690 2892 5719 ω
2922 5676 3466 5736 sacramentorum.
