4192 6220
405 276 523 344 O59
1772 279 1806 340 Ι
1811 278 1904 340 US
1943 277 2389 342 CANONICUM
3651 276 3779 342 960

404 428 537 473 rum
568 410 886 474 formarum
919 419 978 474 et
1000 411 1342 475 morum.Et
1361 411 1520 492 quod
1563 411 1883 492 (inquiunt)
1916 412 2043 474 hac

2125 433 2240 485 μων
2271 412 2363 469 οὐκ
2391 409 2589 485 ἔθεντο,
2644 416 2738 469 οἷα
2777 411 2913 470 πολὺ
2968 412 3172 493 ἐχούσῃ
3227 414 3290 469 τὸ
3342 413 3544 480 ἀπηνὲς
3582 434 3643 468 τε
3683 413 3776 470 καὶ

405 499 766 581 synodaliter
798 499 1041 562 decreta
1072 519 1188 562 non
1219 500 1360 581 sint,
1394 518 1588 581 neque
1612 499 1751 581 ipsi,
1778 508 1841 563 ut
1863 501 2046 565 haere-

2129 501 2339 576 ἰταμὸν,
2386 501 2475 557 καὶ
2543 501 2621 573 μὴ
2674 506 2943 579 προσῆκον
3000 501 3200 577 μέμψει
3249 504 3540 558 Λατινικῶν
3594 503 3775 559 τύπων

406 588 776 669 tici,publice
797 588 1005 669 rejecti
1025 589 1240 650 fuerint
1269 609 1285 661 ;
1312 589 1412 650 Sed
1440 597 1499 649 et
1536 588 1712 650 simul
1738 588 2045 652 nobiscum

2129 610 2187 644 τε
2224 589 2311 645 καὶ
2340 588 2492 651 ἐθῶν.
2530 582 2659 648 ιὈτι
2688 612 2745 646 τε
2792 589 2988 670 (φασὶν)
3045 594 3139 649 οὒκ
3180 590 3583 668 ἀνεγνώσθησαν
3610 590 3774 648 ταῦτα

404 677 605 739 cibum
638 687 895 751 sumant,
959 685 1018 738 et
1059 686 1398 757 precentur.
1432 676 1501 739 Et
1556 686 1748 754 potest
1770 679 1901 758 quis
1929 679 2047 753 (in-

2131 675 2436 758 συνοδικιῦς,
2472 682 2557 736 καὶ
2599 678 2703 739 οὔδ’
2753 680 2923 754 αὐτοὶ,
2973 682 3046 743 ὡς
3090 681 3416 759 αἳρεσιῶται,
3475 678 3772 748 ἀπόϐλητοι

405 766 641 848 quiunt)
658 765 1167 828 ratiocinationem
1191 767 1342 827 hanc
1368 764 1550 847 probe
1574 765 1854 845 colligere
1877 786 1945 829 ex
1970 786 2049 830 xv

2130 764 2360 841 δημοσίᾳ
2388 769 2666 846 γεγόνασιν
2701 785 2716 800 ⁸
2774 767 2911 825 ἀλλὰ
2978 771 3065 825 καὶ
3106 770 3451 827 συνεσθίουσιν
3492 771 3630 845 ἡμῖν
3684 772 3773 825 καὶ

401 875 630 920 canone
679 854 1342 935 Constantinopolitanae
1405 862 1623 915 sanctze
1654 854 1884 935 synodi,
1917 876 2047 939 qua;

2128 856 2496 935 συνεύχονται.
2576 860 2675 915 Καὶ
2725 856 2933 915 δύναταί
2983 878 3083 929 τις,
3145 858 3295 936 φησὶ,
3369 854 3462 913 τὸν
3514 856 3770 936 λογισμὸν

401 944 591 1024 prima
621 953 679 1008 et
711 945 972 1007 secunda
1001 945 1296 1026 appellata
1324 955 1434 1006 est.
1467 940 1539 1003 Et
1575 942 1728 1019 quod
1753 935 1951 1006 Latini
1971 945 2044 1007 ad

2125 946 2309 1001 τοῦτον
2338 947 2400 1001 ὲκ
2424 954 2517 1005 τοῦ
2545 935 2634 1025 iis,
2688 945 2907 1011 κανόνος
2963 951 3061 1013 τῆς
3110 948 3168 1002 ἒν
3226 947 3770 1005 Κωνσταντινουπόλει

404 1051 511 1095 nos
539 1034 849 1108 accedant,
883 1042 1230 1115 petantque,
1268 1041 1330 1092 ut
1361 1049 1395 1091 a
1434 1029 1604 1093 nobis
1634 1032 2042 1096 fermentatam

2128 1033 2280 1111 ἁγίας
2338 1032 2548 1091 συνόδου
2611 1040 2711 1102 τῆς
2780 1033 3076 1113 λεγομένης
3132 1034 3349 1114 πρώτης
3392 1037 3480 1093 καὶ
3533 1034 3772 1116 δευτέρας

400 1131 667 1184 sanetam
700 1122 1058 1193 oblationem
1091 1122 1388 1203 accipiant
1420 1139 1434 1180 :
1474 1118 1850 1182 manifestum
1882 1122 2042 1205 facit,

2125 1119 2302 1186 καλῶς
2332 1118 2690 1187 ἀναδέξασθαι.
2754 1124 2853 1182 Καὶ
2908 1120 2990 1179 ὅτι
3045 1124 3171 1179 αὐτὸ
3225 1124 3378 1180 τοῦτο
3435 1126 3498 1181 τὸ
3539 1124 3768 1205 προσέρ-

400 1212 646 1288 eos,nisi
663 1232 859 1293 azyma
880 1221 1358 1290 contemnerent,
1394 1216 1454 1278 et
1497 1210 1655 1289 parvi
1680 1210 1944 1276 facerent
1971 1215 2045 1278 iis

2125 1214 2314 1291 χεσθαι
2373 1211 2621 1278 Λατίνους
2655 1213 2815 1288 ἡμῖν,
2870 1213 2958 1269 καὶ
3000 1218 3184 1284 ζητεῖν
3238 1218 3337 1281 τῆς
3391 1213 3608 1289 ἐνζύμου
3665 1236 3768 1289 με-

399 1302 663 1363 contenti
686 1321 840 1377 esse,
876 1301 948 1363 ad
994 1301 1327 1365 divinorum
1365 1307 1801 1387 mysteriorum,
1832 1295 1988 1386 quod
2010 1315 2045 1359 ει

2124 1297 2480 1374 ταλαμϐἀνειν
2512 1301 2659 1379 ἁγίας
2715 1307 3013 1382 προσφορᾶς
3070 1300 3122 1367 ἐξ
3169 1304 3348 1381 ἡμῶν,
3407 1301 3569 1369 δῆλον
3623 1316 3771 1361 ποιεῖ

399 1388 572 1451 nobis
598 1390 682 1466 ﬁt,
741 1391 1098 1453 sacriﬁcium
1153 1411 1269 1453 non
1305 1412 1667 1471 accessuros.
1704 1396 2042 1458 'Ralionem

2122 1390 2195 1451 ὡς
2253 1391 2296 1445 εἶ
2339 1390 2417 1465 μὴ
2460 1391 2831 1471 περιεφρόνουν
2888 1391 2952 1446 τὰ
3015 1387 3208 1466 ἄζυμα,
3267 1392 3355 1447 καὶ
3412 1393 3485 1454 ὡς
3545 1391 3604 1449 οὒ
3652 1393 3769 1472 περὶ

397 1486 594 1539 autem
626 1498 790 1541 suam
826 1488 884 1541 et
913 1480 970 1541 hi
1003 1498 1075 1542 ex
1096 1479 1411 1558 Evangelia
1437 1483 2042 1564 conﬁrmantesquod

2121 1476 2322 1535 πολλοῦ
2380 1485 2646 1535 ποιοῦνται
2702 1481 2762 1536 τὸ
2816 1480 3049 1560 στέργειν
3104 1482 3307 1554 αὐτοῖς,
3339 1482 3432 1537 οὐκ
3487 1479 3549 1538 ἂν
3600 1503 3766 1559 προσ-

397 1582 430 1626 a
463 1565 598 1627 divo
624 1565 852 1629 Joanne
874 1568 1091 1630 dicitur
1115 1571 1390 1652 Domino,
1423 1582 1857 1653 proposuerunt
1882 1559 2042 1636 τ’Νο-

2123 1559 2357 1647 τερχοντο
2385 1574 2453 1645 τῇ
2500 1565 2626 1647 παρ’
2672 1570 2826 1644 ἡμῶν
2887 1559 3143 1646 γινομένῃ
3197 1574 3304 1624 τῶν
3356 1571 3508 1651 θείων
3559 1592 3768 1645 μυστη-

396 1653 610 1727 vlmus,
644 1656 861 1738 inquit,
925 1658 1239 1738 quemdam
1292 1649 1583 1722 daemonia
1609 1662 1947 1741 ejicienten
1980 1662 2039 1724 in

2125 1659 2248 1736 ρίων
2275 1658 2555 1737 ἱερουργίᾳ.
2590 1659 2690 1716 Τὸν
2739 1658 2934 1714 οἰκεῖον
2991 1655 3046 1713 δὲ
3102 1655 3263 1737 λόγον
3318 1649 3418 1714 καὶ.
3446 1659 3586 1714 οὗτοι
3646 1680 3764 1714 συν-

398 1750 497 1804 tuo
529 1748 791 1818 nomine,
827 1754 887 1808 et
917 1747 1332 1826 prohibuimus
1382 1768 1537 1820 eum=
1568 1750 1704 1831 quia
1734 1750 2041 1813 nobiscum

2127 1752 2374 1811 ιστῶντες
2428 1745 2489 1804 ἐκ
2554 1755 2646 1804 τοῦ
2722 1743 3060 1826 Εὖαγγελίου,
3139 1748 3201 1802 τὸ
3270 1747 3411 1825 παρὰ
3478 1752 3571 1804 τοῦ
3633 1747 3766 1803 θείου

395 1850 513 1921 non
546 1834 837 1914 sequitur.
872 1834 943 1895 Et
967 1835 1113 1897 dixit
1134 1838 1205 1898 ad
1232 1856 1366 1899 eum
1390 1840 1560 1900 .lesus
1583 1860 1596 1900 :
1620 1842 1706 1902 Ne
1733 1840 2043 1921 prohibea-

2125 1833 2373 1895 Ἰωάννου
2435 1837 2566 1914 πρὸς
2623 1837 2715 1891 τὸν
2775 1834 3051 1901 Δεσπότην
3105 1832 3376 1913 εἰρημένον
3433 1834 3760 1915 προέτεινον,

400 1920 494 1984 tis.
528 1921 637 1993 Qui
691 1923 849 1985 enim
909 1935 1120 1988 contra
1166 1944 1273 1987 nos
1307 1946 1420 1988 non
1455 1936 1564 1999 est,
1601 1948 1704 2009 pro
1730 1920 1898 1990 nobis
1929 1937 2037 1993 est.

2126 1924 2354 2002 Εἴδαμεν
2389 1923 2672 2005 (εἰπόντος)
2731 1924 2848 1979 τινὰ
2906 1922 2991 1979 ἐπὶ
3043 1928 3121 1996 τῷ
3172 1923 3389 1999 ὸνόματί
3442 1946 3534 1981 σου
3585 1922 3767 1981 ἐκϐάλ-

397 2009 562 2081 Quod
592 2011 1342 2092 autemsubjeceruntillud
1367 2034 1379 2078 :
1408 2016 1521 2088 Qui
1548 2037 1664 2078 non
1679 2024 2036 2093 estmecum,

2123 2014 2281 2071 λοντα
2305 2016 2372 2071 τὰ
2424 2012 2669 2090 δαιμόνια
2704 2032 2719 2048 ⁶
2774 2014 2862 2070 καὶ
2917 2011 3256 2088 ἐκωλύσαμεν
3299 2015 3480 2088 αὐτὸν,
3537 2011 3619 2069 ὅτι
3675 2014 3766 2071 οὐκ

398 2107 603 2161 contra
659 2120 753 2163 me
808 2111 1179 2183 estzaperte
1237 2113 1295 2166 et
1354 2105 1709 2186 simpliciter
1762 2107 2042 2169 adversus

2123 2104 2402 2161 ἀκολουθεῖ
2433 2101 2545 2180 μεθ’
2577 2104 2752 2186 ᾑμών,
2787 2104 2886 2160 Καὶ
2915 2102 3039 2158 εἷπε
3067 2103 3196 2181 πρὸς
3255 2103 3410 2161 αὐτὸν
3440 2105 3468 2159 ὁ
3498 2099 3699 2169 Ἰησοῦς
3744 2124 3759 2141 ·

405 2186 702 2250 diabo'um
756 2209 789 2252 a
840 2179 1140 2255 Salvatore
1194 2179 1493 2274 dirigitur:
1541 2196 2040 2276 quemadmodum

2126 2195 2212 2261 Μὴ
2285 2179 2535 2256 κωλύετε,
2593 2179 2688 2256 ”ος
2758 2192 2858 2271 γὰρ
2928 2195 3021 2250 οὐκ
3077 2179 3187 2248 ἔστι
3233 2188 3346 2247 καθ’
3402 2191 3581 2276 ἡμῶνξ
3638 2192 3763 2272 ὑπέρ

399 2294 541 2363 sane
572 2277 818 2355 indicat,
853 2300 982 2361 qua:
1011 2282 1231 2344 ibidem
1266 2292 1376 2357 est,
1412 2274 1708 2363 Evangelii
1754 2285 2036 2347 clausula.

2122 2287 2276 2359 ἡμῶν
2302 2285 2432 2345 ἐστι.
2471 2284 2886 2362 Προσεπήγαγον
2943 2279 2997 2336 δέ
3039 2281 3128 2336 καὶ
3183 2279 3263 2336 ὅτι
3318 2281 3379 2336 τὸ
3408 2279 3530 2361 μέν,
3568 2274 3625 2339 ι0
3686 2282 3762 2357 μὴ

397 2362 472 2427 Ut
493 2368 650 2428 enim
706 2369 892 2432 hostis
950 2379 1037 2431 est
1093 2370 1166 2433 ab
1216 2372 1386 2433 initio
1439 2362 1641 2446 Satan,
1677 2374 2045 2435 etamalitia

2125 2374 2199 2432 ὢν
2248 2373 2363 2450 μετ’
2419 2375 2554 2449 ἒμοῦ
2632 2369 2749 2428 κατ’
2808 2370 2935 2445 ἐμοῦ
3005 2368 3139 2440 ἐστι,
3194 2366 3471 2449 προδήλως
3525 2372 3615 2427 καὶ
3663 2392 3760 2449 γυ-

394 2451 684 2517 dimoveri
769 2477 886 2518 non
974 2468 1191 2539 potest,
1273 2480 1637 2542 prorsusque
1695 2462 2044 2542 paenitentia

2124 2470 2269 2540 μνῶς
2310 2464 2447 2520 κατὰ
2480 2468 2572 2518 τοῦ
2613 2457 2865 2517 διαϐόλου
2916 2458 3057 2537 παρά
3113 2463 3205 2513 τοῦ
3264 2459 3515 2538 Σωτῆρος
3559 2459 3760 2515 ἀποτο-

395 2542 677 2622 spoliatus
708 2555 818 2621 est,
867 2547 926 2608 in
962 2568 1031 2611 eo
1063 2565 1088 2595 ιι
1119 2569 1252 2611 cum
1301 2569 1418 2612 non
1475 2552 1551 2612 sit
1593 2571 1726 2612 eum
1762 2551 2036 2630 Domino,

2121 2552 2319 2619 ξεύεται
2355 2568 2369 2583 ⁸
2428 2550 2562 2608 καθά
2621 2547 2686 2617 δὴ
2757 2554 2913 2605 τοῦτο
2980 2546 3293 2625 παρίστησιν
3352 2547 3387 2614 ἡ
3441 2547 3616 2605 αὐτόθι
3670 2554 3761 2604 τοῦ

394 2641 600 2694 contra
629 2638 820 2714 ipsum
854 2637 1133 2712 existens,
1169 2647 1227 2701 et
1252 2648 1362 2713 est,
1383 2649 1438 2700 et
1463 2639 1799 2701 nominatur
1831 2660 1844 2700 :
1880 2643 2035 2722 quod

2119 2640 2439 2722 Εύαγγελίου
2496 2638 2784 2718 περικοπή.
2860 2639 2998 2695 Καθὸ
3053 2637 3153 2715 γὰρ
3208 2636 3396 2716 ἐχθρός
3459 2636 3600 2693 ἐστιν
3667 2634 3758 2693 ἀπ’

392 2729 720 2812 creaturam
781 2744 945 2786 suam
1003 2736 1161 2788 amet
1221 2737 1280 2791 et
1321 2728 1561 2792 inducat
1599 2747 1613 2791 :
1656 2730 1815 2791 illius
1840 2739 2037 2793 autem

2119 2733 2294 2812 ἀρχῆς
2353 2735 2382 2789 ὁ
2417 2730 2617 2805 Σαταν,
2675 2728 2762 2783 καὶ
2805 2727 3193 2805 ἀμετάτρεπτος
3253 2726 3357 2781 ἀπὸ
3413 2726 3508 2794 τῆς
3580 2726 3761 2793 κακίας

393 2809 587 2872 oderit
618 2820 717 2873 °et
748 2813 1067 2895 dispergat.
1093 2816 1239 2878 Illud
1261 2825 1481 2891 autem,
1509 2818 1750 2890 Quinon
1786 2828 1871 2880 est
1902 2838 2039 2882 con-

2120 2809 2289 2897 μένει,
2339 2822 2427 2878 καὶ
2475 2818 2700 2875 καθόλου
2756 2814 3034 2892 μετανοίας
3079 2814 3374 2894 ἐστέρηται,
3422 2816 3557 2871 κατά
3610 2822 3762 2871 τοῦτο

396 2906 483 2990 t_ra
511 2918 643 2980 nos,
679 2920 782 2990 pro
832 2902 1005 2965 nobis
1060 2913 1168 2979 est,
1203 2904 1273 2965 ad
1334 2907 1635 2967 hominem
1670 2907 1903 2987 dicitur,
1938 2909 2039 2990 qui

2121 2913 2199 2986 μὴ
2228 2911 2303 2969 ὢν
2332 2910 2468 2986 μετὰ
2520 2907 2612 2963 τοῦ
2656 2907 2950 2974 Δεσπότου,
3008 2901 3127 2960 κατ’
3184 2908 3341 2962 αὐτοῦ
3395 2902 3469 2960 ὢν
3522 2905 3610 2960 καὶ
3652 2902 3759 2959 ’ἐστι

390 2985 591 3049 Jesum
624 2989 864 3070 quidem
916 3011 1032 3054 non
1093 2994 1382 3075 sequitur,
1434 2995 1539 3055 sed
1570 3014 1672 3056 eos
1701 2985 2032 3069 aemulatur,

2120 2985 2209 3058 καὶ
2254 2985 2564 3074 ὀνομάζεται
2591 3016 2608 3033 ·
2654 2998 2727 3059 ὡς
2776 2996 2932 3051 αὒτοῦ
2992 2994 3088 3068 μὲν
3146 2992 3458 3070 ἀγαπῶντος
3514 2994 3576 3049 τὸ
3633 2993 3758 3052 ἑαυ-

391 3075 493 3157 qui
521 3064 716 3157 ipsu-m
745 3090 1092 3161 sequuntur,
1127 3064 1274 3145 etin
1308 3064 1550 3145 nomine
1582 3084 1712 3164 ejus
1744 3085 2036 3149 daemonia

2119 3096 2210 3146 τοῦ
2241 3087 2481 3164 πλάσμα,
2527 3088 2615 3142 καὶ
2670 3085 2979 3162 συνάγοντος
3013 3101 3027 3115 ⁶
3086 3082 3283 3164 ἐκείνου
3338 3078 3416 3155 δὲ,
3489 3091 3761 3157 μισοῦντος

392 3156 559 3245 ejicit
588 3183 601 3229 :
637 3177 814 3249 atque
832 3156 925 3232 ita
980 3180 1194 3252 potest,
1228 3173 1330 3253 qui
1380 3191 1413 3234 a
1442 3156 1929 3252 longe'ambulat,
1962 3176 2036 3238 ad

2120 3180 2246 3238 αὐτὸ
2294 3156 2397 3234 καὶ.
2433 3156 2912 3255 διασκορπίζοντος.
2971 3174 3043 3229 Τὸ
3097 3170 3174 3246 δὲ,
3234 3156 3325 3236 ”Ος
3379 3156 3590 3230 ούκνὲτι
3644 3168 3761 3228 καθ’

393 3256 763 3345 sequendum
822 3259 996 3321 facile
1055 3262 1291 3326 mutari.
1348 3262 1545 3324 Solius
1573 3262 1731 3324 enim
1766 3263 2038 3327 humana;

2118 3270 2296 3343 ἡμῶν,
2340 3267 2469 3345 ὑπὲρ
2510 3267 2665 3341 ἡμῶν
2692 3262 2855 3340 βστι,
2913 3262 3043 3340 πρὸς
3102 3259 3372 3339 ἄνθρωπον
3414 3259 3626 3340 εἴρηται
3668 3263 3764 3320 οὐκ

393 3340 822 3433 imbecillitatis
852 3349 1205 3422 subsidium,
1241 3351 1557 3414 conversio
1590 3351 1957 3433 poenitentia,
1980 3360 2037 3416 et

2119 3340 2502 3413 ἀκολουθοῦντα
2532 3340 2628 3429 μὲν
2684 3353 2761 3426 τῷ
2814 3351 3011 3421 Ἰησοῦ,
3057 3347 3319 3420 ζηλοῦντα
3361 3347 3415 3405 δὲ
3466 3350 3585 3414 τοὺς
3640 3348 3765 3405 ἀκο-

398 3431 853 3522 edeterioribus
908 3437 968 3499 in
1029 3439 1271 3501 meliora
1329 3431 1603 3502 mutatio.
1652 3441 2039 3506 Profvrebant

2120 3444 2429 3507 λουθοὸντας
2486 3444 2648 3522 «step,
2682 3441 2769 3497 καὶ
2815 3439 2900 3496 ἐπὶ
2940 3446 3018 3513 τῷ
3070 3439 3287 3513 ὀνόμανι
3330 3438 3512 3495 τούτου
3564 3434 3760 3494 ἐκϐάλ-

397 3521 570 3581 etiam
604 3523 663 3584 in
695 3525 807 3586 hoc
836 3525 1110 3609 Theopli}
1131 3528 1264 3590 lacti
1297 3530 1713 3610 sapientissimi
1746 3529 2038 3609 Bulgaria:

2119 3533 2278 3590 λοντα
2308 3531 2575 3608 δαιμόνια,
2612 3531 2709 3589 Καὶ
2736 3528 2872 3585 οὕτω
2910 3526 3215 3604 δυνάμενον,
3260 3527 3322 3583 ἐκ
3376 3534 3467 3584 τοῦ
3518 3527 3763 3584 ἀποστά-

390 3611 825 3695 archiepiscopi
877 3618 1258 3694 sententiam,
1317 3620 1490 3698 cujus
1547 3618 1605 3679 in
1665 3618 1776 3679 alia
1837 3627 2037 3681 nostra

2117 3620 2214 3689 δην
2268 3633 2602 3699 περιπατεῖν,
2662 3616 2847 3696 ῥαδίως
2907 3615 3216 3692 μεταθέσθαι
3287 3617 3359 3679 εἷς
3416 3617 3477 3671 τὸ
3531 3614 3760 3673 ἀκολου-

387 3701 775 3781 responsione
809 3708 1226 3786 proposuimus
1272 3706 1716 3788 compendium,
1751 3708 2038 3784 pt'mclara

2117 3715 2254 3773 θεῖν,
2313 3714 2421 3779 Τῆς
2508 3707 2833 3788 ἀνθρωπίνης
2900 3707 3000 3785 γὰρ
3061 3708 3229 3780 μόνης
3286 3705 3552 3769 ἀσθενείας
3621 3705 3759 3781 βοή·

391 3809 693 3881 exponens
751 3798 824 3859 de
884 3801 1374 3862 assensioneret
1428 3801 1874 3881 dispensatione
1903 3800 2034 3861 lau-

2116 3804 2284 3879 θημα,
2341 3802 2376 3869 ἡ
2438 3796 2729 3877 ἐπιστροφὴ
2784 3796 2873 3853 καὶ
2928 3797 3205 3872 μετάνοια,
3274 3795 3362 3850 καὶ
3419 3796 3455 3861 ἡ
3510 3794 3616 3850 ἀπὸ
3656 3797 3762 3881 τῷν

393 3879 592 3962 deque
620 3885 816 3964 digna.
854 3887 1003 3950 Hinc
1035 3889 1158 3969 qui,
1220 3899 1284 3952 ut
1334 3878 1555 3951 dictum
1586 3896 1697 3968 est,
1731 3888 2032 3950 contradi-

2116 3878 2375 3970 χειρόνων
2432 3890 2505 3951 εἷς
2576 3887 2641 3942 τὰ
2707 3885 2929 3966 κρείττω
2984 3882 3278 3962 μεταϐολή,
3360 3882 3649 3962 Προέφερον
3707 3878 3760 3937 δὲ

390 3970 625 4041 cebant.
661 3986 822 4037 recte
880 3985 936 4039 et
982 3998 1116 4039 cum
1176 3977 1404 4040 ratione
1459 3977 1734 4039 insistere
1787 3976 2032 4055 judicati

2114 3980 2201 4035 καὶ
2231 3979 2451 4057 γνώμην
2503 3976 2589 4033 ἐπὶ
2641 3976 2808 4048 τούτῳ
2863 3972 3255 4053 Θεοφυλάκτου,
3312 3982 3404 4030 τοῦ
3458 3970 3762 4051 σοφωτάτου

386 4070 545 4137 sunt,
580 4062 756 4125 veluti
816 4067 1208 4146 protervitatis
1259 4074 1661 4146 proponentes
1717 4065 2030 4144 dispensa-

2112 4066 2533 4147 ἀρχιεπισκόπου
2593 4062 2909 4142 Βουλγαρίας
2942 4078 2956 4093 '
3002 4064 3072 4129 ἧς
3128 4062 3228 4129 τὴν
3256 4061 3472 4135 σύνοψιν
3516 4059 3572 4114 ἐν
3612 4058 3760 4137 ἑτέρᾳ

391 4150 608 4212 tionem
640 4166 690 4227 (ι,
722 4154 794 4215 ad
852 4174 968 4216 non
1015 4155 1412 4236 perdendum,
1446 4155 1550 4215 sed
1581 4154 1804 4215 sensim
1830 4154 2030 4233 paula-

2115 4156 2269 4230 ἡμῶν
2350 4153 2620 4231 ἀποκρίσει
2695 4150 2939 4231 ἀνωτέρω
3018 4150 3398 4224 ἐποιησάμεθα,
3483 4149 3760 4223 θαυμαστὰ

386 4238 616 4321 timque
629 4242 771 4303 lucri
788 4243 1465 4324 faciendumfratres,pro
1479 4242 1691 4322 quibus
1703 4243 2037 4306 communis

2118 4245 2235 4317 περὶ
2310 4240 2748 4321 συγκαταϐάσεως
2828 4240 2923 4299 καί
3022 4239 3322 4312 οἰκονομίας
3392 4237 3749 4317 ἐκτιθεμένην,

385 4312 660 4392 Servator
672 4333 1022 4397 etDominus
1043 4339 1245 4393 noster
1263 4312 1607 4410 sanguinem
1621 4349 1790 4392 suum
1806 4331 2032 4394 etl‘udit.

2097 4325 2205 4389 ’καὶ
2259 4330 2550 4396 ἀξιέπαινα.
2611 4330 2877 4387 Ἐντεῦθεν
2940 4328 3215 4407 ἐκρίθησαν
3285 4329 3332 4383 οἱ
3399 4325 3752 4402 ἀντειπόντες,

382 4421 455 4481 ὡς
499 4420 709 4499 εἴρηται
740 4422 917 4486 καλῶς
947 4426 1034 4481 καὶ
1078 4423 1307 4501 εὖλογως
1338 4422 1605 4493 ἐνστῆναι,
1652 4423 1723 4483 ὡς
1768 4425 1865 4490 τῆς
1895 4421 2214 4497 ἰταμότητος
2245 4419 2608 4499 προτιθέμενοι
2638 4420 2737 4487 τὴν
2767 4417 3095 4493 οἰκονομίαν,
3138 4418 3269 4496 πρὸς
3311 4416 3373 4472 τὸ
3414 4415 3489 4490 μή
3518 4410 3756 4469 καταϐα-

383 4506 521 4583 λεθν,
569 4510 706 4567 ἀλλά
746 4510 994 4590 κερδῆσαι
1016 4510 1189 4590 ἠρέμα
1231 4512 1318 4568 καὶ
1347 4512 1481 4568 κατα
1515 4512 1700 4590 μικρὸν
1728 4511 1846 4574 τοὺς
1891 4509 2166 4591 ἀδελφοὺς,
2212 4511 2341 4589 ὑπὲρ
2368 4512 2442 4565 ὧν
2493 4512 2522 4567 ὁ
2565 4511 2740 4573 κοινὸς
2788 4508 2977 4588 Σωτὴρ
3018 4507 3106 4563 καὶ
3166 4506 3440 4572 Δεσπότης
3495 4503 3650 4578 ἡμῶν
3698 4503 3760 4560 τὸ

381 4600 473 4656 ἑκυ
482 4608 565 4657 τοῦ
595 4605 734 4676 αἷμα
761 4600 993 4682 ἐξέχεεν,

730 4704 1034 4770 .IOANNIS
1079 4704 1415 4770 EPISCOPI
1459 4703 1682 4768 CITBI.
2154 4718 2157 4721 ·
2364 4715 2383 4763 I

2154 4718 2157 4721 ’
2364 4713 2659 4764 ΙΩΑΝΝΟΥ
2687 4712 2817 4764 ΤΟΥ
2845 4710 3231 4763 ΕΠΙΣΚΟΠΟΥ
3266 4707 3500 4760 ΚΙΤΡΟΥ

379 4806 676 4884 Responsa
705 4806 790 4867 ad
821 4807 1284 4869 Constantinum
1343 4801 1720 4883 Cabasilam,
1760 4801 2029 4883 Dyrrha-

2119 4818 2146 4849 ι
2192 4793 2524 4862 Ἀποκρίσεις
2554 4796 2689 4884 πρὸς
2721 4804 3136 4884 Κωνσταντξνονὶ
3168 4789 3588 4870 ἀρχιεπίσκοπον
3620 4786 3756 4866 Δυῤ-

847 4887 971 4949 chii
1009 4887 1553 4967 archiepiscopum.
1706 4870 1719 4883 ’
1814 4870 1842 4883 ν

1706 4870 1719 4883 ’
1814 4870 1842 4883 υ
2561 4870 2750 4954 ῥαχίου
2780 4875 2872 4930 τὸν
2914 4870 3238 4932 Καϐάσιλαν.
3278 4894 3301 4926 ο

459 4981 1004 5062 Ιηεεννοθαεὸοᾘίο
1019 4982 1386 5046 consuetudo
1399 4988 1581 5056 est,ut
1601 4981 1661 5042 in
1686 4988 2030 5043 extraneam

2195 4981 2509 5062 Ἐρῳτησις.
2556 4981 2812 5050 Συνήθεια
2856 4979 2995 5036 ἐστὶν
3039 4976 3165 5057 ὧδε,
3215 4980 3288 5040 είς
3316 4975 3416 5041 τὴν
3446 4972 3545 5040 ἔξω
3576 4973 3758 5054 χώραν

379 5073 686 5154 regionem
711 5073 974 5155 azymitaa
991 5070 1384 5136 sacerdotes‘a
1412 5071 1770 5135 nostratibus
1799 5071 2034 5133 antisti-

2118 5074 2537 5153 χειροτονεῖσθαι
2592 5068 2842 5145 ἀζυμίτας
2906 5072 3065 5149 ἱερεῖς
3125 5065 3266 5155 παρά
3324 5065 3428 5120 τῶν
3482 5062 3756 5139 ἡμετέρων

385 5152 544 5225 tibus
571 5152 926 5226 ordinentur
959 5181 972 5222 :
1034 5162 1444 5244 recipiendum
1498 5161 1639 5224 illud
1673 5168 1762 5224 est
1794 5178 1983 5223 necne
2011 5159 2037 5222 ἲ

1605 5161 1639 5223 d
1673 5168 1762 5224 est
1794 5178 1983 5223 necne
2011 5159 2037 5222 Υ
2116 5152 2433 5242 ἀρχιερέων,
2483 5158 2679 5215 Λεκτόν
2721 5157 2831 5214 ἐστι
2874 5165 3050 5228 τοῦτο,
3085 5155 3121 5225 ἢ
3152 5152 3216 5244 ού
3242 5173 3259 5235 ;

455 5251 588 5315 Res.
622 5253 754 5316 Non
786 5251 1069 5332 scriptam
1107 5242 1393 5314 Ecclesia:
1423 5248 1945 5325 consuetudinem,
1972 5257 2037 5311 ut

2198 5248 2325 5309 Ἀπ.
2358 5251 2430 5309 Τὸ
2485 5246 2718 5328 ἄγραφον
2765 5245 2879 5314 ’έθος
2931 5252 3033 5317 τῆς
3076 5242 3418 5321 Ἐκκληαίας,
3464 5242 3538 5306 ὡς
3596 5243 3760 5319 νόμον

1690 5388 1950 5473 nam
1990 5406 2430 5476 LECTIONES.

482 5555 512 5586 ιι
564 5550 839 5625 eatenus.
900 5545 1129 5625 °qu0d_
1162 5546 1290 5623 ipse
1321 5542 1562 5625 quidem
1614 5543 1969 5625 ﬁgmentum
2014 5557 2190 5603 suum
2249 5544 2411 5625 omet
2465 5544 2522 5602 et
2562 5535 2847 5625 polligat,
2875 5534 2987 5599 ille
3004 5551 3146 5600 vero
3173 5538 3231 5598 et
3256 5531 3470 5608 oderit,
3504 5536 3585 5595 et.
3638 5529 3766 5594 vde

380 5618 1011 5690 accommodationefq
1040 5618 1228 5688 veluti
1256 5618 1362 5703 qui
1387 5618 1741 5704 pervicacia:
1769 5628 2203 5702 anteponerent
2230 5618 2770 5701 dispmsationem.
