4192 6220
406 336 516 410 961
1006 386 1009 395 ι
1744 346 2455 414 GRIECO-ROMANUM.
3660 323 3786 410 '962

402 495 646 560 κρατεῖν,
736 469 915 566 ὁητοῦ
981 484 1186 561 κόσμου
1241 485 1460 566 φωστὴρ
1518 488 1545 542 ὁ
1614 484 1779 564 μέγας
1831 483 2051 554 θεσπίζει

2142 476 2356 559 legem,
2393 477 2663 542 obtinere
2683 499 2700 556 ;
2718 477 3009 541 luminare
3038 477 3247 541 mundi
3271 496 3518 559 magnus
3540 478 3788 541 sducivit

400 570 696 635 Βασίλειος,
775 560 952 631 ”Οταν
1022 560 1147 652 γοῦν
1231 560 1326 638 τὰς
1397 560 1642 638 τοιαύτας
1698 560 2051 653 -χειροτονίας

2134 566 2410 630 Basilius.
2443 567 3235 648 Quandoigiturbujusmodi
3266 568 3781 631 ordinationcslex

399 661 494 716 οὐκ
536 660 865 739 ἑπιγινώσκῃ
920 664 949 718 ὁ
991 662 1152 737 νόμος
1200 667 1301 730 τῆς
1360 660 1700 733 Ἐκκλησίας,
1759 661 1843 718 διὰ
1899 667 2051 719 τοῦτο

2135 656 2421 719 Ecclesia:
2452 676 2568 718 non
2628 658 2957 737 agnoverit,
3020 656 3094 718 ob
3127 675 3253 718 eam
3288 676 3413 719 rem
3448 677 3644 740 neque
3676 678 3786 721 nos

398 745 515 804 οὐδὲ
557 751 723 825 ἡμεῖς
782 748 1043 826 δυνάμεθα
1101 752 1199 818 τὴν
1250 751 1305 807 ἐν
1362 753 1525 828 ταύτῃ
1566 753 1841 821 συνήθειαν
1908 772 2055 828 γνω-

396 847 652 910 ματεῦσαι
740 840 815 903 ὡς
884 837 1098 916 βεϐαίαν
1157 854 1394 919 κρατεῖν.
1469 842 1526 897 Εἰ
1582 840 1682 919 γὰρ
1738 841 1825 896 καὶ
1882 839 2058 918 μακρὰ

401 925 538 991 ἴσως
608 925 771 1003 ἐστὶν,
842 926 963 985 ἀλλ’
1034 930 1129 986 οὐκ
1198 927 1419 1003 οἴδαμεν
1476 926 1704 1008 ἀκριϐῶς
1773 931 1817 985 εἰ
1872 929 1959 984 καὶ
2002 927 2057 983 ἐν

400 1013 656 1091 συνοδικῷ
724 1014 1042 1097 δικαστηρίῳ
1123 1021 1443 1096 κρατηθεῖσα
1499 1014 1815 1085 ἐϐεϐαιώθη.
1879 1016 2053 1075 Ἐκεί-

403 1125 500 1170 νην
583 1108 682 1184 γὰρ
764 1107 862 1173 τὴν
919 1106 1122 1185 μακρὰν
1191 1107 1461 1177 συνήθειαν
1517 1104 1731 1183 βεϐαίαν
1788 1109 1835 1163 οἱ
1905 1106 2056 1181 νόμοι

400 1193 685 1271 τυγχάνειν
741 1191 1151 1275 διακελεύονται,
1222 1194 1322 1262 τὴν
1396 1194 1803 1269 δοκιμασθεῖσαν
1858 1193 1912 1251 ἐν
1971 1192 2055 1250 δι-

401 1281 671 1359 καστηρίῳ
748 1283 837 1339 καὶ
903 1287 1248 1361 κυρωθεῖσαν,
1322 1284 1431 1351 Τὴν
1516 1285 1593 1359 μὴ
1669 1284 1918 1351 τοιαύτην
1999 1280 2054 1338 δὲ

401 1365 706 1448 ὁλοσχερῶς
828 1369 1242 1435 ἀποϐάλλονται,
1391 1370 1759 1439 Ἐξετασθῆναι
1882 1372 2051 1430 τοίνυν

399 1457 575 1534 χρεὼν
605 1459 649 1513 εἰ
700 1459 787 1515 καὶ
833 1461 869 1528 ἡ
925 1461 1179 1540 εἰρημένη
1237 1463 1482 1532 συνήθεια
1554 1463 1653 1528 τῆς
1718 1464 2048 1542 χειροτονίας

397 1551 506 1601 τῶν
586 1545 762 1625 ἱερέων
871 1548 1154 1613 συνοδικῶς
1258 1549 1558 1630 ἐγυμνάσθη
1641 1553 1731 1608 καὶ
1814 1551 2049 1631 ἐκυρώθη

405 1633 559 1695 ποτέ.
625 1634 734 1693 Κᾶν
792 1637 888 1714 μὲν
937 1638 1124 1717 γέγονε
1178 1649 1353 1711 τοῦτο,
1408 1639 1663 1719 κρατείτω
1718 1642 1806 1697 καὶ
1863 1642 1936 1706 είς
1991 1643 2052 1697 τὸ

399 1720 521 1790 ἑξῆς
555 1742 574 1761 ⁸
619 1724 746 1783 εἰδὲ
807 1729 906 1808 μή,
966 1728 1174 1806 ἀνάγκη
1230 1734 1300 1805 τῇ
1339 1731 1452 1807 ἱερᾷ
1493 1730 1579 1785 καὶ
1646 1728 1856 1805 μεγάλη
1925 1751 2054 1787 συν-

2138 763 2455 825 possumus
2485 754 2767 820 statuere,
2797 747 2927 827 ejus
2983 746 3477 808 consuetudinem
3509 755 3785 829 tanquam

2138 832 2370 895 ﬁrmam
2397 833 2690 897 obtinere.
2725 833 2847 896 Etsi
2880 834 3039 895 enim
3074 835 3225 895 forte
3255 833 3432 913 longa
3462 842 3572 916 est,
3593 836 3786 899 nesci-

2139 939 2271 982 mus
2290 941 2423 984 vere
2448 942 2586 984 num
2613 922 2876 1004 synodali
2896 922 3419 1004 applausajudicio
3441 925 3789 989 conﬁrmata

2137 1008 2338 1071 fuerit.
2374 1009 2543 1073 Illam
2577 1012 2733 1072 enim
2769 1012 3002 1091 longam
3034 1011 3524 1074 consuetudinem
3557 1013 3788 1075 ﬁrmam

2140 1116 2272 1161 esse
2299 1099 2463 1180 leges
2486 1100 2720 1181 jubent.
2755 1118 2885 1181 quae
2908 1100 3135 1179 judicio
3161 1101 3525 1163 contradicto
3547 1102 3789 1183 probata

2139 1188 2639 1270 corroborataque
2660 1188 3007 1262 [μοι-ἤρυξε
3027 1199 3221 1251 autem
3248 1190 3382 1252 talis
3399 1209 3517 1252 non
3537 1200 3786 1267 est,eam

2136 1276 2310 1356 plane
2339 1278 2636 1359 rejiciunt.
2674 1279 3098 1358 lnquirendum
3130 1285 3220 1341 est
3248 1277 3599 1358 igitur,num
3620 1298 3781 1362 prae-

2135 1364 2294 1428 dicta
2320 1367 2717 1428 creandorum
2756 1367 3131 1428 sacerdotum
3194 1368 3564 1430 consuetudo
3596 1387 3781 1449 syno-

2133 1453 2267 1516 dice
2296 1454 2629 1537 disceptata
2688 1464 2745 1518 et
2793 1456 3022 1517 ﬁrmata
3076 1455 3254 1518 fuerit
3300 1474 3583 1537 unquam.
3613 1457 3704 1534 Et,
3738 1456 3789 1518 si

2133 1544 2249 1607 hoc
2276 1544 2490 1607 factum
2525 1546 2623 1625 sit,
2658 1545 2842 1606 valeat
2888 1546 3063 1607 etiam
3096 1545 3156 1605 in
3189 1553 3513 1625 posterum.
3547 1546 3651 1608 Sin
3683 1545 3789 1607 mi-

2135 1650 2272 1713 nus,
2306 1632 2377 1693 ad
2432 1651 2658 1696 sacram
2715 1651 3108 1714 magnamque
3157 1633 3444 1714 synodum
3476 1632 3551 1696 de
3582 1651 3654 1696 ea
3681 1651 3784 1695 re-

2137 1720 2279 1783 ferri
2314 1739 2561 1784 necesse
2619 1730 2731 1799 est,
2794 1732 2856 1783 ut
2898 1721 3054 1803 quod
3085 1721 3140 1784 ei
3172 1722 3461 1802 placuerit
3488 1723 3608 1785 ﬁat.
3635 1721 3781 1785 Nam

398 1809 504 1887 όδῳ
531 1813 596 1869 τὰ
627 1816 740 1892 περὶ
768 1818 963 1883 ταύτης
1007 1816 1378 1897 ἀνενεχθῆναι,
1425 1817 1561 1875 ὥστε
1609 1821 1670 1876 τὸ
1700 1816 1850 1883 δόξαν
1882 1817 2051 1895 ἐκείνῃ

2139 1828 2271 1889 quae
2308 1810 2597 1889 stnodice
2656 1811 3034 1874 considerata
3089 1820 3149 1872 et
3199 1811 3432 1891 cognita
3460 1822 3618 1888 sunt,
3653 1829 3783 1874 me-

397 1886 660 1979 γενέσθαι.
692 1886 768 1961 τὰ
797 1902 1079 1969 συνοδικῶς
1110 1886 1210 1986 γὰρ
1238 1886 1571 1981 σκεπτόμενα
1598 1908 1685 1964 καὶ
1709 1886 2051 1985 διαγινωσκόζ

2138 1886 2286 1960 liora
2338 1886 2396 1960 et
2448 1900 2710 1961 ﬁrmiora
2765 1907 2903 1961 sunt
2959 1900 3057 1975 iis,
3110 1918 3244 1981 quae
3274 1886 3375 1963 'ab
3406 1919 3524 1963 uno
3564 1886 3781 1962 decer-

398 2010 555 2069 μενα,
603 1996 709 2047 τῶν
749 1994 1054 2069 καταμόνας
1107 1994 1589 2073 γνωματευομένων
1645 1997 1917 2076 κρειττονά
1960 1997 2055 2055 είσι

395 2078 485 2133 καὶ
512 2077 941 2160 ἐπικρατέστερα.

480 2163 591 2245 Ἐρ.
639 2168 935 2226 Θάπτονται
992 2167 1250 2249 όρθόδοξοι
1325 2163 1582 2249 Ῥωμαῖοι
1634 2171 1688 2228 ἐν
1745 2179 2053 2238 Λατινικαῖς

395 2258 699 2326 ἐκκλησίαις
730 2261 1058 2339 ψαλλόμενοι
1088 2264 1229 2343 παρά
1273 2286 1330 2321 τε
1377 2255 1648 2341 Ῥωμαίων
1687 2267 1775 2325 καὶ
1818 2266 2054 2322 Λατίνων

393 2346 446 2403 ἐν
489 2349 683 2424 ταύτῳ.
746 2352 846 2408 Καὶ
902 2357 1122 2433 Λατῖνοι
1186 2351 1241 2408 δὲ
1296 2353 1739 2433 ἀποθνήσκοντες,
1799 2354 2048 2417 ὡσαύτως

393 2434 686 2522 ψάλλονται
716 2441 850 2515 ὁμοῦ
892 2441 1033 2520 παρὰ
1096 2432 1366 2516 Ῥωμαίων
1415 2444 1502 2499 καὶ
1546 2432 1779 2498 Λατίνων
1809 2439 2047 2522 ἀδιακρί-

392 2546 522 2589 τως.
558 2513 853 2603 Ἔπιτίμιον
885 2513 1047 2602 ἔστιν,
1080 2528 1116 2598 ἢ
1150 2513 1209 2585 ού
1240 2548 1256 2609 ;

478 2614 599 2674 Ἀπ.
691 2618 791 2672 Δύο
874 2619 971 2673 είσι
1054 2623 1296 2698 προφανῆ
1380 2621 1467 2676 καὶ
1538 2618 1744 2699 μεγᾶλα
1800 2626 2048 2677 ποιοῦντα

397 2700 644 2784 διαφορὰν
669 2705 831 2781 μέσον
885 2708 1041 2781 ἡμῶν
1095 2708 1185 2763 καὶ
1241 2708 1346 2764 τῶν
1403 2708 1657 2770 Λατίνων,
1704 2711 1776 2767 Τὸ
1842 2714 2051 2788 πρῶτον

394 2793 483 2849 καὶ
524 2800 732 2869 μεῖζον,
764 2817 827 2851 το
855 2797 971 2874 περὶ
1011 2795 1104 2852 τοῦ
1159 2796 1307 2874 ἀγίοο
1363 2797 1666 2873 Πνεύματος
1709 2796 1880 2876 δόγμα
1912 2815 1926 2830 ⁸
1990 2799 2051 2853 τὸ

395 2878 629 2961 δεύτερον
672 2880 778 2964 δὲλ
810 2884 897 2940 καὶ
954 2886 1013 2941 οὒ
1068 2892 1160 2941 τοῦ
1216 2884 1337 2945 ἴσου
1379 2885 1561 2964 λόγου,
1605 2892 1709 2943 τῶν
1748 2886 1959 2961 ἀζύμων
2014 2887 2049 2954 ἡ

393 2956 685 3050 προσφορά.
735 2956 825 3029 ἭΗ
882 2976 980 3039 τῆς
1052 2979 1262 3055 Γραφῆς
1333 2971 1388 3031 δὲ
1459 2956 1784 3054 ἀνάγνωσις,
1840 2956 1938 3043 τῆς
1991 2995 2048 3030 τε

2135 1994 2378 2052 nuntur.

2214 2164 2984 2247 lnterrogatioﬂrthodoxi
3005 2165 3254 2227 Romani
3277 2165 3337 2228 in
3360 2165 3646 2229 Latinicis
3676 2185 3780 2231 ec-

2136 2251 2743 2334 clesiissepeliuntur.
2780 2252 3078 2315 decantati
3100 2272 3134 2314 a
3162 2252 3446 2315 Romanis
3471 2261 3530 2315 et
3567 2253 3784 2315 Latinis

2135 2340 2492 2404 simnlJtem
2515 2342 2707 2403 Latini
2728 2341 3078 2424 morientes,
3112 2360 3148 2403 a
3170 2341 3453 2405 Romanis
3475 2349 3533 2404 et
3552 2341 3779 2405 Latinis

2132 2448 2252 2491 una
2281 2431 2646 2493 carminibus
2673 2431 3015 2495 indistincte
3055 2431 3432 2494 celebrantur
3463 2448 3477 2491 :
3510 2449 3779 2494 censurae

2134 2517 2248 2578 hoc
2278 2517 2596 2580 obnoxium
2625 2526 2737 2594 est,
2768 2537 2966 2581 annon
2992 2518 3018 2581 ?

2213 2606 2347 2670 Res.
2383 2610 2512 2670 Duo
2539 2617 2677 2669 sunt
2726 2606 3037 2671 manifesta
3084 2626 3138 2670 ει
3175 2627 3385 2687 magna
3418 2629 3431 2671 :
3463 2626 3597 2689 qua;
3623 2607 3781 2671 inter

2133 2714 2243 2757 nos
2273 2704 2331 2758 et
2358 2698 2596 2759 Latinos
2653 2697 2877 2761 faciunt
2934 2697 3357 2760 dilferentiam.
3406 2697 3668 2760 Primum
3723 2704 3782 2759 et

2134 2785 2348 2865 majus,
2379 2785 2647 2847 doctrina
2680 2787 2755 2848 de
2783 2794 2987 2848 sancto
3016 2786 3263 2867 Spiritu.
3298 2784 3635 2848 Secundum
3667 2803 3777 2846 au-

2131 2882 2274 2948 tem,
2310 2893 2421 2936 nec
2452 2875 2596 2936 tanti
2627 2875 2936 2953 momenti,
2969 2894 3301 2957 azymorum
3331 2874 3569 2937 oblatio.
3610 2872 3775 2938 Scri-

2133 2972 2319 3045 ptura;
2340 2973 2531 3025 autem
2561 2964 2761 3046 lectio,
2788 2965 3001 3027 veteris
3029 2972 3087 3026 et
3108 2982 3292 3040 novae,
3317 2964 3459 3026 item
3480 2963 3777 3045 precatio-

393 3046 624 3122 παλαιᾶς
679 3061 768 3115 καὶ
834 3065 933 3128 τῆς
958 3124 967 3137 ε
991 3046 1132 3134 νέας,
1173 3046 1282 3119 ’καὶ
1337 3066 1388 3119 αἱ
1458 3046 1777 3143 προσευχαὶ,
1831 3064 1920 3120 καὶ
1992 3065 2043 3119 αἱ

2133 3072 2234 3116 nes
2265 3063 2322 3114 et
2351 3053 2562 3115 musici
2592 3064 2820 3130 cantus,
2855 3062 2914 3116 et
2944 3046 3148 3115 divina
3179 3053 3421 3134 templa,
3446 3052 3777 3115 veneratio-

393 3143 666 3227 μελῳδίαι,
704 3150 790 3205 καὶ
819 3152 866 3206 οἱ
894 3148 1034 3208 θεῖοι
1066 3152 1200 3226 ναοὶ,
1232 3153 1319 3208 καὶ
1350 3154 1402 3207 αἱ
1443 3153 1821 3231 προσκυνήσεις
1851 3160 1944 3210 τοῦ
1985 3172 2041 3207 τε

390 3235 564 3312 τιμίου
634 3245 856 3317 σταυροῦ
914 3240 1004 3295 καὶ
1057 3245 1165 3295 τῶν
1208 3241 1369 3318 ἁγίων
1411 3240 1647 3315 εἰκόνων,
1708 3241 1859 3297 κοινὰ
1912 3241 2042 3297 τού-

392 3345 501 3390 τοις
531 3326 628 3381 είσὶ
671 3328 759 3383 καὶ
788 3328 949 3403 ἡμῖν.
997 3328 1104 3385 Οὐκ
1144 3326 1342 3401 ἀπᾷδον
1395 3329 1587 3404 τοίνυν,
1649 3327 1793 3389 οὐδὲν
1843 3335 1910 3406 τῇ
1951 3329 2042 3384 εύ-

393 3411 568 3487 σεϐείᾳ
636 3417 879 3472 ὁπωσοῦν
948 3416 1353 3494 λυμαινόμενον,
1413 3419 1475 3476 τὸ
1539 3418 1822 3476 θάπτεσθαι
1877 3420 2044 3474 Λατί-

395 3524 513 3568 νους
578 3503 631 3561 ἐν
692 3495 1020 3581 Ῥωμαϊκοῖς
1086 3520 1259 3580 ναοῖς,
1330 3507 1418 3565 καὶ
1486 3506 1778 3583 ψάλλεσθαι
1846 3509 2044 3583 ὁμοθυ-

397 3591 563 3666 μαδὸν
630 3594 774 3672 παρά
840 3615 898 3650 τε
973 3584 1244 3675 ιΡωμαίων
1312 3596 1401 3651 καὶ
1461 3596 1697 3651 Λατίνων
1766 3596 2046 3675 ίερουργῶν

396 3694 682 3760 νεκριμαῖα
747 3682 984 3739 Λατίνων
1035 3685 1123 3740 καὶ
1178 3673 1474 3760 Ῥωμαίων.
1537 3681 1666 3741 Οὔτε
1718 3673 1822 3763 γὰρ
1875 3685 1903 3739 ὁ
1952 3680 2051 3738 τό-

401 3791 500 3833 πος
541 3770 671 3839 τοὺς,
716 3770 1057 3846 ἀπελθόντας,
1102 3772 1245 3851 παρὰ
1293 3780 1410 3847 Θεῷ
1460 3784 1609 3829 ποιεῖ
1672 3768 2004 3841 ἂποϐλήτους
2032 3785 2046 3800 ·

405 3859 494 3915 καὶ
521 3859 555 3927 ἡ
587 3857 672 3915 ἐπ’
724 3861 904 3924 αὐτοῖς
961 3859 1243 3937 ψαλμῳδία
1298 3861 1404 3918 τῶν
1462 3861 1722 3941 Λατίνων,
1780 3858 1875 3914 οὐκ
1916 3857 2052 3914 ἔστιν

402 3946 608 4028 ἐθνικὴ,
665 3945 784 4004 ἀλλ’
842 3947 901 4004 ἐκ
955 3956 1062 4005 τῶν
1130 3946 1247 4006 καθ’
1288 3951 1431 4026 ἡμᾶς
1478 3948 1629 4005 θείων
1689 3954 1930 4027 Γραφῶν.
1990 3948 2050 4004 Ei

402 4032 458 4092 δέ
514 4057 594 4100 τις
649 4035 784 4100 ἴσως
841 4035 1037 4094 ἄτοπον
1118 4040 1335 4117 ἡγεῖται
1413 4038 1475 4094 τὸ
1540 4037 1816 4115 γινόμενον
1887 4034 2044 4112 οὕτω,

401 4125 614 4182 αὐτόθεν
644 4127 851 4204 εὑρήσει
880 4128 971 4183 τὸν
1011 4126 1270 4205 λογισμὸν
1322 4133 1504 4184 τοῦτον
1563 4126 1809 4201 μάταιον.
1872 4123 2050 4181 Πολλὰ

400 4214 501 4292 γὰρ
530 4215 751 4291 σώματα
781 4220 885 4273 τῶν
943 4215 1107 4294 ἁγίων
1164 4218 1211 4271 οἱ
1266 4213 1428 4271 πάλαι
1484 4216 1621 4271 κατὰ
1676 4214 1890 4291 καιροὺς
1949 4219 2048 4281 τῆς

400 4300 640 4365 ἀσεϐείας
721 4305 783 4359 τὸ
864 4303 1053 4382 κράτος
1140 4302 1356 4384 ἔχοντες
1437 4302 1768 4379 θνησιμαίοις
1830 4300 2048 4380 ἀλόγοις

398 4390 714 4473 παρέμιξαν,
768 4391 866 4450 καὶ
901 4377 980 4447 ἰέν
1035 4377 1219 4459 τόποις
1299 4389 1551 4472 βορϐόρου
1596 4377 1839 4468 μεστοῖς
1922 4377 2049 4448 ένα-
2072 4377 2116 4427 D

401 4478 658 4559 πέῤῥιψαν
691 4500 705 4514 ’
766 4479 887 4537 ἀλλ’
947 4483 983 4549 ἡ
1053 4480 1307 4557 δεδομένη
1349 4494 1465 4545 τοῖς
1508 4481 1675 4561 ἁγίοις
1731 4480 1914 4561 χάρις,
1997 4479 2049 4538 ἐν

400 4573 577 4626 τεῠθεν
631 4566 910 4638 ἀλώϐητος
968 4570 1166 4646 ἔμεινε.
1228 4572 1327 4629 Καὶ
1392 4570 1558 4627 ούτῶν
1625 4570 1767 4628 ἐστιν
1823 4572 1859 4639 ἡ
1942 4567 2052 4627 ἅνω

407 4648 774 4737 Ἰερουσαλήμ,
858 4661 894 4728 ἡ
973 4665 1078 4716 τῶν
1160 4659 1513 4738 πρωτοτόκων
1596 4657 1951 4739 μητρόπολις,
2011 4660 2047 4727 ἡ

400 4753 506 4803 τῶν
573 4747 783 4827 πραέων
849 4752 946 4826 γῆ,
1019 4749 1084 4803 τὰ
1137 4748 1459 4827 ἠγαπημένα
1521 4749 1874 4824 σκηνώματα.
1956 4748 2049 4804 Εὑ-

400 4836 661 4915 ρίσκονται
704 4834 759 4892 δὲ
799 4838 889 4893 καὶ
942 4834 1208 4894 δυσσεϐὦν
1270 4834 1530 4913 βασιλέων
1583 4837 1737 4918 τάφοι
1807 4836 1862 4893 ἐν
1929 4847 2048 4900 τοῖς

402 4924 516 4981 καθ’
576 4925 720 5000 ἡμᾶς
789 4925 957 5003 ἁγίοις
1027 4938 1203 5005 ναοῖς,
1276 4927 1350 4990 ὡς
1419 4925 1507 4982 καὶ
1578 4932 1671 4983 τοῦ
1746 4921 2050 5005 παραϐάτω

402 5010 707 5089 Ἰουλιανοῦ,
755 5015 810 5069 ιν
850 5021 929 5089 τῷ
983 5018 1096 5090 ναῴ
1135 5021 1242 5072 τῶν
1298 5016 1462 5093 ἁγίων
1530 5016 1619 5072 καὶ
1689 5015 2049 5094 πανευφήμων

402 5099 736 5177 ἀποστόλων,
781 5104 915 5159 κατὰ
955 5103 1055 5172 τὴν
1112 5101 1665 5163 Κωνσταντινούπολιν
1704 5121 1717 5136 ⁶
1787 5104 1875 5160 καὶ
1940 5100 2048 5177 μὴν

402 5192 491 5248 καὶ
541 5188 716 5247 ἄλλων
768 5190 1065 5258 κακοδόξων
1121 5192 1177 5249 ἐν
1226 5191 1425 5269 ἑτέροις
1463 5204 1612 5257 ναοῖς
1648 5210 1664 5228 ⁸
1707 5193 1796 5249 καὶ
1850 5194 1911 5249 ού
1952 5187 2049 5246 λυ-

403 5277 608 5337 σιτελεῖ
655 5279 859 5345 τούτοις
926 5281 962 5349 ἡ
1046 5280 1223 5339 ἐκεῖσε
1279 5282 1450 5361 ταφή.
1508 5278 1666 5337 Μένει
1721 5281 1822 5360 γὰρ
1875 5278 2047 5335 αὐτῶν

2125 3162 2347 3224 nesque
2379 3142 2655 3224 pretiosae
2685 3143 2881 3206 crucis
2925 3151 3384 3223 sanctarumque
3413 3141 3765 3222 imaginum,

2123 3232 2242 3293 illis
2272 3240 2409 3292 sunt
2438 3232 2748 3293 nobiscum
2778 3233 3139 3293 communia.
3175 3230 3305 3292 Non
3329 3239 3420 3292 est
3449 3231 3629 3309 igitur
3646 3229 3776 3292 dis-

2126 3330 2500 3395 sentaneum,
2533 3339 2727 3402 neque
2756 3321 3038 3401 pietatem
3081 3320 3204 3382 ulto
3237 3319 3413 3380 modo
3445 3318 3777 3393 oﬂ‘endens,

2128 3412 2366 3475 Latinos
2389 3411 2631 3490 sepeliri
2657 3410 2719 3470 in
2750 3409 3033 3472 Romanis
3059 3407 3383 3488 templis,et
3403 3416 3468 3467 ut
3495 3426 3529 3468 a
3559 3409 3780 3468 Roma-

2127 3500 2219 3561 nis
2249 3499 2589 3580 Latinisque
2616 3497 3114 3561 sacriﬁcatoribus
3136 3495 3539 3557 Romanorum
3569 3502 3629 3557 et
3658 3494 3776 3555 La-

2137 3588 2391 3649 tinorum
2422 3587 2639 3648 mortui
2689 3585 2954 3648 unanimi
2995 3591 3288 3647 concentu
3324 3596 3344 3623 ’
3373 3582 3774 3647 celebrentur.

2134 3676 2340 3757 Neque
2370 3674 2529 3737 enim
2561 3677 2727 3737 locus
2756 3675 2895 3736 facit
2936 3680 3200 3736 mortuos
3228 3673 3384 3755 apud
3415 3671 3601 3734 Deum
3632 3669 3781 3751 reji-

2137 3762 2424 3826 ciendos:
2462 3771 2522 3827 et
2551 3762 2895 3826 Latinorum
2952 3768 3029 3824 de
3078 3761 3152 3824 iis
3198 3760 3523 3844 psalmodia
3544 3778 3665 3820 non
3690 3766 3781 3821 est

2137 3852 2495 3935 pagana,sed
2532 3873 2600 3915 ex
2632 3851 2846 3913 divinis
2876 3863 2925 3933 8,
2958 3858 3157 3913 nostra
3183 3847 3780 3929 sententia,Scriptu-

2135 3942 2239 4004 ris.
2271 3941 2437 4015 Quod
2468 3942 2518 4003 si
2549 3942 2681 4023 quis
2710 3941 2864 4004 forte
2893 3959 3022 4004 rem
3075 3938 3421 4020 bujusmodi
3462 3937 3782 3999 absurdam

2133 4032 2478 4113 putet,hanc
2492 4030 3004 4093 ratiocinationem
3016 4048 3224 4091 vanam
3247 4028 3404 4091 iilico
3428 4026 3782 4108 comperiet.

2132 4122 2248 4192 Qui
2278 4121 2437 4182 enim
2468 4120 2767 4201 quondam
2798 4118 3126 4200 impietatis
3154 4117 3471 4201 imperium
3501 4135 3607 4178 suo
3627 4124 3780 4178 tem-

2133 4227 2276 4289 pore
2304 4239 2322 4277 ι
2349 4209 2759 4290 obtinuerunt,
2794 4209 2978 4271 multa
2998 4216 3339 4271 sanctorum
3358 4224 3608 4286 corpora
3630 4205 3781 4268 mis-

2134 4305 2387 4360 cuerunt
2440 4297 2760 4359 bestiarum
2820 4296 3200 4370 morticiniis,
3255 4306 3313 4358 et
3367 4296 3429 4356 in
3460 4295 3589 4356 loca
3611 4313 3781 4357 emno

2136 4390 2311 4468 plena
2332 4387 2860 4467 projecerunt.Sed
2884 4386 3017 4448 data
3030 4384 3249 4448 sanctis
3270 4385 3455 4464 gratia
3476 4383 3617 4445 inde
3638 4383 3780 4445 illae-

2133 4494 2199 4537 sa
2219 4475 2455 4538 mansit.
2487 4474 2823 4555 Eorumque
2842 4485 2932 4537 est
2953 4478 3230 4553 superius
3259 4471 3615 4546 Jerusalem,
3650 4470 3779 4548 pri-

2134 4563 2573 4643 mogenitorum
2608 4563 2972 4645 metropolis,
2992 4563 3220 4624 mitium
3256 4560 3659 4632 terra,dilecta
3690 4565 3780 4620 ta-

2133 4653 2475 4715 bernacula.
2498 4650 2817 4731 Impiorum
2842 4660 3037 4713 autem
3057 4669 3265 4731 regum
3286 4649 3580 4730 sepulcra,
3606 4646 3781 4708 etiam

2132 4741 2194 4802 in
2226 4739 2445 4803 nostris
2477 4741 2696 4802 sanctis
2720 4739 2957 4822 templis
2979 4740 3383 4811 inveniuntur,
3417 4743 3479 4798 ut
3506 4741 3784 4817 apostatae

2130 4828 2372 4905 Juliani,
2397 4828 2459 4890 in
2476 4828 2697 4909 templo
2726 4836 3065 4889 sanctorum
3088 4837 3144 4889 et
3162 4825 3612 4888 benedictorum
3632 4842 3781 4907 apo-

2130 4919 2442 4994 stolorum,
2496 4935 2678 4998 prope
2727 4916 3299 4998 Constantinopolim
3328 4927 3355 4959 ιι
3392 4934 3406 4975 :
3441 4924 3501 4977 et
3527 4914 3780 4976 aliorum

2134 5024 2426 5088 perversae
2467 5005 2609 5068 fidei
2637 5005 2700 5067 in
2729 5006 2862 5067 aliis
2888 5006 3147 5086 templis,
3182 5004 3399 5087 quibus
3420 5004 3544 5065 illic
3573 5002 3778 5084 sepul-

2131 5104 2253 5158 tum
2269 5095 2448 5158 fuisse
2462 5113 2576 5156 non
2591 5094 3070 5176 prodest.Eorum
3089 5093 3249 5158 enim
3270 5101 3468 5154 manet
3482 5092 3775 5173 impietas,

2132 5193 2190 5246 et
2243 5202 2449 5247 eorum
2503 5192 2595 5247 est
2640 5182 2794 5264 ignis
2847 5192 3108 5246 aeternus
3164 5183 3456 5263 gehennae
3497 5193 3544 5245 ν.
3575 5180 3781 5243 Restat

2130 5272 2309 5354 igitur
2331 5290 2465 5336 esse
2492 5272 3021 5355 irreprebensibile
3040 5271 3514 5337 Christianorum
3534 5269 3597 5333 in
3616 5269 3778 5333 Lati-

1742 5444 1996 5510 VARIE
2041 5439 2469 5509 LECTIONES.
2505 5490 2511 5496 .

475 5587 500 5616 τ
528 5573 754 5636 naeniae
780 5578 1155 5662 unanimiter
1198 5583 1594 5662 _canantnr._'
1645 5596 1722 5642 ea:
1775 5580 1997 5662 nostris
2048 5580 2244 5662 sacris
2302 5577 2667 5662 Scriptum,
2714 5582 2742 5662 ‘_
2758 5578 2883 5658 Qui
2931 5585 3092 5644 enim
3124 5578 3425 5662 quondam
3476 5576 3784 5657 impietate

385 5668 637 5730 pagana
665 5666 961 5734 regnante
983 5658 1313 5738 imperium
1341 5654 1692 5721 obtinebant
1712 5681 1732 5721 .-
1761 5671 1790 5705 ιι
1848 5658 2405 5741 Constantinopoli.
2439 5654 2790 5741 {supplicii
