4192 6220
419 285 540 351 963

1797 283 1830 352 Ι
1835 287 1928 362 US
1968 276 2417 353 CANONICUM

3676 278 3801 348 964

422 421 519 483 nis
543 423 788 506 templis
805 425 1166 506 sepultorum
1189 422 1877 505 funuszquandoquidem
1894 421 2070 484 etiam

2160 423 2194 488 ἡ
2255 419 2547 506 δυσσέϐεια,
2610 423 2698 480 καὶ
2768 395 2938 478 αὐτων
2982 419 3093 477 ἔστι
3149 421 3210 478 τὸ
3260 418 3468 477 αἰώνιον
3538 425 3640 498 πῦρ
3705 419 3810 484 τῆς

423 512 547 575 illic
574 515 849 595 pretiosae
869 513 1480 594 crucis,divarumque
1501 513 1833 593 etﬁgierum
1853 510 2075 574 erectio

421 611 482 664 et
501 603 824 665 veneratio.
859 605 992 667 Non
1019 603 1389 682 ineleganter
1411 603 1548 664 huic
1567 620 1853 682 responso
1872 601 2076 680 adjici-

424 697 520 754 tur
537 691 686 754 illud
709 692 863 772 quod
887 692 948 752 in
966 690 1284 768 Evangelio
1301 691 1583 772 scriptum
1609 701 1698 753 est
1718 691 1888 754 :St'ne
1908 708 2074 751 mor-

423 786 822 861 tuossepelz’re
837 799 977 843 suos
992 781 1827 861 mortuos.Sermone,opinor
1842 779 2072 858 signiﬁ-

430 879 605 932 cante
637 870 1082 951 corruptionem
1110 888 1265 950 esse,
1312 870 1550 931 illorum
1580 869 1966 951 sepulturam.
2003 867 2076 930 Ut

425 957 500 1020 ob
531 959 590 1020 id
635 958 973 1021 viventibus
1028 977 1206 1039 supra
1263 958 1548 1020 mundum
1579 975 1601 1004 κ
1631 959 1718 1019 vel
1767 957 2075 1038 exquisitis

426 1045 727 1126 exsequiis
755 1059 780 1100 ν
811 1056 1072 1108 mortuos
1102 1048 1163 1107 in
1191 1046 1493 1126 sepultura
1515 1047 1798 1127 prosequi
1830 1065 2074 1107 necesse

421 1154 540 1197 non
559 1134 655 1210 sit,
689 1145 790 1196 aut
820 1135 1002 1215 hujus
1030 1135 1216 1213 gratia
1246 1134 1508 1197 delectos
1540 1135 1852 1214 exquirere
1884 1135 2068 1195 locos.

2158 509 2452 576 κολάσεως.
2515 499 2840 587 ’Ἄμεμπτος
2896 509 3088 568 λοιπὸν
3140 511 3174 577 ἦ
3231 511 3375 588 map-ii
3433 513 3538 565 τῶν
3582 507 3636 563 ἐν
3684 520 3806 570 τοῖς

2159 604 2463 663 Λατινικοῖς
2507 613 2654 666 ναοῖς
2687 597 3126 679 ἐνσοριαζομὲνων
3187 604 3538 677 Χριστιανῶν.
3583 594 3804 661 Ἐπειδὴ

2156 687 2372 744 κάκεῖσε
2405 691 2439 756 ἡ
2470 699 2562 748 τοῦ
2604 690 2778 765 τιμίου
2823 695 3045 766 σταυροῦ
3099 689 3184 744 καὶ
3241 687 3345 744 τῶν
3399 685 3548 743 θείων
3579 706 3805 765 μορφω-

2157 779 2339 852 μάτων
2403 780 2540 834 ἐστὶν
2611 776 2978 848 ἂναστήλωσις
3047 777 3136 832 καὶ
3181 776 3560 854 προσκύνησις,
3623 780 3805 853 Προσ-

2155 871 2294 940 θήκη
2325 867 2380 926 δὲ
2410 875 2504 930 οὐκ
2532 871 2861 950 ἂπρόσφορος
2917 877 2986 946 τῇ
3041 870 3310 950 ἀποκρίσει
3369 870 3560 944 ταύτῃ,
3604 867 3803 923 κακεῖ-

2157 981 2214 1015 νο
2269 957 2333 1026 δη
2389 962 2450 1015 τὸ
2506 948 3162 1040 εὐαγγελιογραφούμενον,
3238 948 3413 1038 ’Ἄφες
3496 959 3620 1020 τοὺς
3703 977 3800 1011 νε·-

2153 1048 2308 1126 κροὺς
2390 1051 2602 1105 θάπτειν
2685 1051 2804 1112 τοὺς
2891 1051 3059 1105 αὐτῶν
3132 1049 3363 1126 νεκρούς.
3441 1057 3544 1105 Τοῦ
3611 1043 3798 1122 λόγου,

2157 1141 2338 1212 οἶμαι,
2383 1136 2664 1204 δηλοῦντος
2707 1140 2768 1194 τὸ
2809 1139 2908 1206 τήν
2963 1135 3237 1216 διαφθορὰν
3293 1135 3434 1192 εἶναι
3463 1135 3660 1192 τούτων
3705 1155 3794 1188 τα-

423 1228 549 1306 φήν,
602 1216 691 1289 Ὠς
723 1224 952 1284 ἐντεῦθεν
984 1225 1118 1300 μηδὲ
1151 1226 1446 1302 ἐπάναγκες
1478 1226 1618 1280 εἶναι
1648 1240 1762 1287 τοῖς
1790 1231 1946 1296 ζῶσιν
1976 1226 2337 1303 ὑπερκοσμίως
2368 1230 2504 1302 μήτε
2529 1225 2987 1308 περισπουδάστων
3043 1225 3366 1302 μελημάτων
3399 1223 3482 1280 ἐπὶ
3513 1223 3802 1301 ἐνταφιασ-

422 1322 508 1390 μῴ
549 1314 670 1377 τοὺς
696 1315 908 1392 νεκροὺς
937 1313 1131 1387 ἀξιοῦν,
1166 1315 1302 1388 μήτε
1336 1315 1442 1388 μὴν
1487 1313 1791 1376 ἐπιλέκτους
1822 1315 2011 1378 τόπους
2045 1314 2232 1370 τούτου
2275 1317 2434 1395 χάριν
2477 1315 2772 1388 ἐπιζητεῖν.

505 1401 942 1482 Interrogatio.
997 1400 1059 1463 Si
1105 1419 1349 1463 uxorem
1377 1397 1614 1462 habens
1646 1403 1946 1473 sacerdos,
1981 1401 2070 1463 vel

426 1490 733 1562 diaconus,
794 1490 888 1551 vel
945 1489 1158 1564 lector,
1211 1491 1573 1552 tundeatur:
1613 1499 1845 1552 maneat
1875 1498 2068 1550 autem

430 1581 564 1660 ejus
591 1579 807 1657 conjux
863 1578 922 1638 in
973 1579 1196 1640 mundo
1229 1599 1243 1638 :
1279 1598 1352 1640 an
1410 1581 1511 1659 qui
1542 1589 1742 1639 tonsus
1774 1588 1861 1641 est
1892 1579 2074 1658 possit

2233 1403 2552 1482 Ἐρώτησις.
2603 1396 2658 1462 (Ο
2709 1418 2935 1483 γυναῖκα
3009 1403 3154 1484 ἔχων
3210 1403 3396 1483 ἱερεὺς,
3456 1402 3492 1469 ἢ
3536 1399 3797 1473 διάκονος,

2153 1493 2188 1560 ἢ
2246 1493 2610 1574 ἀναγνώστης,
2659 1495 2702 1548 εἰ
2759 1494 2912 1558 αὐτὸς
2964 1493 3059 1568 μὲν
3114 1491 3379 1570 ἀποκαρῇ,
3455 1492 3610 1564 μείνῃ
3659 1486 3712 1543 δὲ
3762 1489 3797 1554 ἡ

2155 1581 2368 1660 σύζυγος
2428 1585 2583 1639 αὐτοῦ
2631 1582 2684 1637 ἐν
2741 1588 2816 1656 τῷ
2873 1581 3084 1661 κόσμῳ,
3157 1577 3238 1658 ἄρ’
3295 1580 3382 1635 οὖν
3442 1577 3652 1635 δύναται
3721 1578 3794 1640 εἷς

423 1669 494 1730 ad
529 1666 947 1747 sacerdotium,
981 1667 1073 1728 vel
1107 1667 1508 1747 pontiﬁcatum
1544 1668 1900 1748 promoveri,
1935 1668 2074 1730 licet

2159 1672 2435 1748 ἱερωσύνην
2495 1672 2530 1739 ἢ
2597 1671 2993 1752 ἀρχιερωσύνην
3079 1672 3416 1748 προαχθῆναι
3480 1668 3514 1734 ἦ
3583 1667 3795 1722 ἀποκα-

423 1775 574 1818 uxor
599 1756 726 1835 ejus
757 1762 1056 1818 tonsuram
1089 1775 1207 1818 non
1238 1756 1554 1818 admittat?

502 1931 874 1995 Res.Divinae
895 1945 915 1975 κ
946 1934 1175 2016 piaeque
1206 1934 1609 2013 leges,causas
1629 1943 2067 2011 enumerantes,

425 2023 502 2084 ob
535 2040 682 2103 quas
733 2024 1075 2104 nuptiarum
1133 2023 1380 2086 dissidia
1430 2024 1598 2104 ﬁunt,
1635 2024 1726 2084 his
1756 2023 2071 2086 divortium

424 2120 666 2192 propter
695 2120 998 2174 tonsuram
1030 2120 1448 2187 annumerant,
1493 2131 1667 2193 quam
1697 2113 2070 2174 occasionem

424 2199 787 2279 inculpatam
820 2210 877 2262 et
925 2202 1518 2282 irreprehensibilem
1570 2202 1898 2264 nominant.
1930 2201 2072 2263 Esse

427 2306 572 2352 sane
603 2290 777 2352 morti
809 2290 1093 2367 similem,
1129 2292 1455 2373 prudenter
1504 2300 1887 2365 censuerunt,
1915 2292 2073 2353 velut

427 2397 532 2459 pro
567 2378 683 2439 alia
711 2379 829 2440 vita
856 2380 1034 2442 aliam
1058 2381 1209 2442 viam
1242 2381 1498 2459 eligente
1525 2400 1617 2454 eo,
1645 2383 1744 2461 qui
1771 2381 1846 2442 ad
1869 2381 2073 2442 solita-

428 2469 576 2528 riam
608 2467 782 2528 vitam
817 2485 949 2530 sese
979 2468 1256 2532 destinat.
1292 2468 1354 2531 Si
1385 2469 1564 2547 igitur
1613 2470 1725 2529 tale
1756 2468 2072 2529 divortium

427 2563 519 2617 est
552 2555 878 2634 legitimum
914 2564 972 2617 et
1002 2557 1635 2638 irreprehensibile,ob
1662 2565 1988 2638 tonsuram;
2016 2569 2076 2618 et

429 2643 481 2706 si
507 2661 657 2705 uxor
689 2645 842 2705 tonsi
872 2653 1086 2722 potest,
1145 2645 1196 2706 si
1242 2647 1403 2726 velit,
1455 2665 1588 2707 cum
1641 2646 1756 2706 alio
1788 2646 1913 2706 viro
1944 2646 2074 2706 sine

431 2730 688 2794 crimine
745 2741 1110 2796 contractum
1171 2734 1584 2796 inirezetiam
1641 2735 1932 2816 depilatus
1987 2735 2076 2795 vir

431 2820 583 2900 ejus,
617 2819 758 2882 utin
785 2821 1004 2882 mundo
1030 2832 1296 2884 mortuus
1314 2823 1500 2884 semel
1549 2822 1753 2896 factus,
1777 2831 1989 2903 potest,
2023 2822 2074 2884 si

429 2909 644 2988 dignus
668 2909 1102 2990 reperiatur,ad
1127 2911 1454 2973 sacerdotis
1473 2911 1560 2972 vel
1581 2912 1856 2972 antistitis
1877 2911 2074 2991 digni-

2154 1761 2282 1839 ρεὶς,
2342 1762 2386 1816 εἰ
2456 1763 2542 1817 καὶ
2597 1763 2632 1828 ἡ
2691 1757 2908 1835 σύμϐιος
2957 1764 3114 1818 αὖτοῦ
3184 1759 3282 1824 τὴν
3363 1757 3653 1834 ἀπόκαρσιν
3737 1756 3794 1810 οὗ

2152 1847 2486 1914 καταδέξεται
2515 1870 2530 1930 ς

2235 1937 2357 1997 Ἀπ.
2408 1943 2467 1996 Οἱ
2531 1943 2664 1996 θεῖοι
2720 1941 2808 1996 καὶ
2875 1935 3200 2018 φιλευσεόεῖς
3256 1935 3430 2010 νόμοι,
3489 1934 3582 1996 τὰς
3627 1933 3788 1996 αἰτίας

2153 2025 2554 2107 κάταλέγοντες,
2604 2031 2677 2084 ὧν
2714 2026 2866 2084 ἕνεκα
2915 2027 2981 2082 τὰ
3023 2029 3128 2082 τῶν
3185 2031 3432 2102 γαμικῶν
3461 2020 3791 2078 συνοικεσίων

2155 2114 2389 2195 διαζύγια
2444 2117 2694 2196 γίνονται,
2751 2118 2963 2181 ταύταις
3028 2115 3325 2172 ἐντάττουσι
3391 2113 3477 2167 καὶ
3532 2114 3594 2166 τὸ
3645 2109 3790 2187 γινό-

2156 2227 2312 2280 μενον
2367 2203 2432 2261 δι’
2491 2207 2802 2287 ἆπόκαρσιν,
2888 2196 3065 2282 ιὈπερ
3129 2205 3216 2259 καὶ
3285 2201 3545 2287 πρό-φασιν
3614 2199 3790 2274 ἄμεμ-

2155 2317 2284 2350 πτον
2341 2297 2425 2353 καὶ
2479 2296 2882 2375 ἀκατηγόρητον
2949 2293 3313 2368 ὀνομάζουσιν.
3380 2277 3481 2346 μΗν
3553 2287 3618 2355 δὴ
3703 2289 3790 2342 καὶ

2154 2384 2360 2458 θανάτῳ
2440 2385 2796 2465 παρεοικέναι,
2898 2389 3070 2463 σοφῶς
3173 2379 3617 2459 γνωματεύουσιν,
3675 2378 3793 2438 ,ὡς

2156 2471 2333 2552 ἑτέραν
2404 2471 2514 2530 ἀνθ’
2589 2464 2788 2552 ἑτέρου
2835 2474 2947 2549 βίου
3031 2473 3244 2550 πορείαν
3316 2466 3622 2546 αἱρουμένου
3704 2464 3793 2520 του

2158 2563 2228 2625 εἰς
2273 2562 2370 2628 τὴν
2424 2561 2712 2638 μοναδικήν
2754 2564 2935 2639 βιοτὴν
2979 2556 3463 2638 παραγγέλλοντος.
3510 2557 3568 2612 Εἰ
3626 2554 3793 2609 τοίνυν

2155 2652 2216 2706 τὸ
2289 2649 2486 2706 τοιόνδε
2569 2649 2827 2729 διαζύγιον
2891 2649 3115 2726 νόμιμόδ
3185 2650 3294 2703 ἔστι
3363 2647 3452 2701 καὶ
3520 2644 3795 2718 ἄμεμπτον

2157 2737 2241 2794 διὰ
2290 2762 2388 2806 την
2446 2740 2756 2819 ἆπόκαρσιν,
2823 2741 2908 2796 καὶ
2949 2737 3158 2794 δύναται
3201 2738 3235 2804 ἡ
3280 2735 3412 2814 γυνὴ
3469 2742 3561 2790 τοῦ
3601 2752 3790 2808 κειρα-

2157 2826 2338 2908 μὲνου,
2401 2826 2456 2884 εἴ
2507 2850 2569 2907 γε
2624 2829 2888 2908 βούλεται,
2957 2825 3069 2902 μεθ’
3117 2825 3293 2904 ἑτέρου
3345 2819 3528 2900 ἀνδρὸς
3587 2820 3794 2908 ἀκατη-

2157 2907 2381 2995 γόρητον
2409 2917 2581 2974 θέσθαι
2620 2916 2961 2996 συνάλλαγμα
2993 2932 3006 2946 ⁸
3061 2913 3159 2994 ἄρα
3214 2914 3300 2969 καὶ
3358 2914 3386 2967 6
3441 2907 3794 2986 ἀποθριξάμε-

431 3005 606 3086 tatem
633 2998 1121 3078 promoveri.Hoc
1142 3018 1258 3060 non
1284 3019 1416 3062 esse
1439 3000 1822 3080 prohibitum,
1843 3001 2077 3063 discere

2160 3027 2246 3070 νος
2302 3006 2434 3086 ἀνὴρ
2487 3008 2706 3083 ταύτης,
2766 3008 2838 3070 ὡς
2894 3012 2971 3080 τῷ
3036 3005 3222 3078 κόσμῳ
3296 2996 3535 3062 καθάπαξ
3619 2998 3794 3075 νεκρὸς

427 3085 566 3147 licet
586 3104 657 3147 ex
679 3093 838 3148 textu
859 3087 1046 3149 octavi
1059 3089 1302 3150 canonis
1319 3089 1819 3152 Neocaesariensis
1841 3091 2070 3170 synodi,

430 3174 760 3255 eXpressim
798 3175 924 3238 haec
966 3177 1292 3239 sanciente.
1358 3175 1421 3239 Si
1448 3177 1699 3258 alicujus
1744 3197 1905 3253 uxor,
1940 3198 2073 3240 cum

439 3270 593 3326 esset
621 3264 1160 3338 laicus,adulterata
1182 3266 1362 3328 fuisse
1378 3266 1641 3328 convicta
1664 3268 1720 3328 l‘u
1731 3268 1863 3331 erit:
1887 3269 1936 3330 is
1957 3287 2076 3331 non

436 3357 634 3431 potest
661 3351 734 3412 ad
766 3353 1163 3415 ministerium
1189 3355 1498 3418 accedere.
1548 3356 1651 3418 Sin
1677 3365 1872 3418 autem
1898 3359 2076 3420 etiam

435 3448 568 3518 post
593 3431 1026 3504 ordinationem
1057 3443 1383 3506 adulterata
1406 3445 1600 3521 fuerit,
1626 3446 1805 3507 debet
1832 3464 1958 3507 eam
1985 3446 2077 3508 di-

431 3527 866 3601 mittere.Quod
893 3530 942 3591 si
963 3530 1416 3608 coltabitet,non
1449 3541 1639 3613 potest
1664 3533 1778 3594 sibi
1805 3535 2080 3595 commis-

441 3634 569 3678 sum
605 3618 1000 3680 ministerium
1021 3620 1284 3701 exsequi.
1315 3620 1375 3683 Si
1407 3622 1670 3701 igituris,
1704 3623 1802 3703 qui
1835 3641 2079 3684 uxorem

431 3723 598 3767 suam
624 3707 869 3782 dimisit,
887 3710 1054 3788 juxta
1072 3710 1316 3771 canonis
1342 3713 1790 3792 conceptionem
1812 3721 1856 3788 ³,
1883 3720 2083 3793 utpote

429 3794 819 3856 adulteratam
852 3806 980 3876 post
1026 3798 1213 3876 ipsius
1242 3799 1704 3870 ordinationem,
1736 3800 1849 3861 sibi
1880 3801 2080 3862 datum

431 3883 799 3944 sacerdotale
825 3885 1216 3946 ministerium
1250 3887 1378 3948 sine
1397 3888 1824 3968 impedimento
1837 3891 2074 3952 retinet:

429 3971 613 4032 multo
648 3972 833 4048 magis
855 3977 1147 4054 certe,qui
1173 3975 1334 4053 justa
1363 3981 1674 4038 occasione
1704 3997 1738 4038 a
1767 3997 1873 4039 sua
1899 3998 2079 4041 nxore

426 4057 806 4139 disjungitur,
836 4068 895 4122 et
923 4063 1353 4125 sacerdotalem
1380 4073 1435 4126 et
1459 4068 1854 4146 pontiﬁcalem
1882 4068 2077 4131 susci-

427 4146 550 4227 piet
581 4149 952 4228 dignitatem.

2157 3095 2462 3174 γενόμενος,
2524 3094 2753 3170 δύναται,
2822 3097 2865 3150 εἰ
2933 3092 3072 3159 αξιος
3132 3091 3384 3170 εὑρεθείη,
3457 3088 3541 3143 καὶ
3611 3087 3682 3147 εἷς
3737 3087 3795 3139 τὸ

2157 3191 2249 3240 τοῦ
2316 3173 2494 3261 ἱερέως
2577 3187 2664 3241 καὶ
2750 3187 2822 3247 εἰς
2899 3185 2960 3239 τὸ
3015 3191 3107 3240 τοῦ
3162 3178 3450 3259 ἀρχιερέως
3503 3173 3794 3253 ἀναχθῆναι

2159 3271 2385 3348 ἀξίωμα.
2443 3275 2514 3332 Τὸ
2557 3275 2629 3338 είς
2675 3275 2826 3329 τοῦτο
2870 3271 2924 3328 δὲ
2979 3269 3270 3347 ἀκώλυτον,
3322 3265 3433 3331 ἐξόν
3486 3263 3596 3320 ἐστι
3625 3283 3794 3318 κατα-

2161 3364 2348 3435 μαθεῖν
2378 3360 2483 3416 ἆπὸ
2511 3364 2608 3430 τῆς
2656 3360 2992 3440 περιλήψεως
3048 3364 3142 3415 τοῦ
3195 3353 3381 3433 ὀγδόου
3434 3351 3652 3412 κανόνος
3704 3348 3796 3415 τῆς

2162 3449 2216 3506 ἐν
2244 3451 2622 3531 Νεοκαισαρείᾳ
2677 3450 2909 3525 συνόδου,
2973 3449 3302 3518 θεσπίζοντος
3358 3453 3517 3531 ταῦτα
3574 3441 3748 3531 ῥητῶς
3780 3456 3794 3470 ⁸

2164 3538 2287 3596 Ἐὰν
2347 3543 2476 3618 γυνή
2515 3529 2677 3604 ᾐνιινος
2725 3543 3074 3620 μοιχευθεῖσα
3130 3536 3321 3592 λα’ίκοῡ
3363 3530 3512 3594 ὄντος
3571 3529 3797 3620 ἐλεγχθῇ

2163 3615 2398 3708 φανερῶς
2452 3632 2480 3685 6
2533 3615 2766 3694 τοιοῦτος
2936 3627 3219 3706 ὑπηρεσίαν
3279 3620 3449 3678 ἐλθεῖν
3520 3623 3579 3677 οὒ
3644 3615 3796 3708 δύνα-

2164 3705 2249 3773 ται
2285 3705 2304 3750 ’ν
2343 3718 2433 3774 ἐὰν
2488 3717 2542 3774 δὲ
2595 3721 2728 3794 μετὰ
2782 3720 2879 3786 τὴν
2938 3705 3265 3796 χειροτονίαν
3308 3711 3612 3796 μοιχευθῇη
3651 3705 3795 3784 ὀφεί-

2163 3804 2242 3862 λει
2326 3806 2582 3863 ἆπολύσαι
2665 3809 2850 3877 αὐτήν.
2936 3807 3060 3863 Ἐὰν
3142 3801 3196 3856 δὲ
3258 3806 3405 3875 συζῇ,
3480 3799 3538 3853 ού
3593 3794 3797 3851 δύναται

2162 3894 2378 3975 ἔχεσθαι
2418 3903 2515 3964 τῆς
2559 3897 2976 3978 ἐγχειρισθείσης
3021 3895 3160 3967 αὒτῷ
3213 3889 3500 3950 διακονίας.
3560 3887 3624 3978 Ei
3684 3882 3797 3940 τοί-

2161 3973 2248 4043 νυν
2306 3988 2334 4042 6
2393 3973 2677 4061 ἀπολύσας,
2720 3973 2857 4044 κατὰ
2910 3987 3008 4053 τὴν
3059 3991 3152 4040 τοῦ
3205 3979 3423 4042 κανόνος
3493 3973 3796 4053 περίληψιν»

2159 4077 2256 4142 τὴν
2340 4076 2524 4133 ἑαυτοῦ
2605 4077 2868 4156 γαμετὴν,
2951 4077 3023 4138 ὡς
3085 4072 3460 4150 μοιχευθεῖσαν
3517 4065 3652 4142 μετὰ
3701 4062 3796 4127 τὴν

2159 4166 2488 4244 χειροτονίαν
2532 4168 2716 4246 αὐτοῦ,
2770 4165 2952 4245 ἔχεται
3017 4164 3116 4228 τῆς
3179 4157 3418 4223 δοθείσης
3475 4156 3616 4228 αὒτῷ
3656 4156 3798 4246 ἱερα-

423 4241 594 4334 traiic-
609 4235 870 4334 διακονίας
915 4241 1333 4318 ἀνεμποδίστως,
1379 4242 1477 4325 ἄρα
1505 4267 1566 4325 γε
1594 4245 1779 4322 πολλῴ
1808 4247 1968 4305 πλέον
1999 4252 2027 4306 6
2056 4235 2201 4311 κατᾶ
2247 4235 2502 4334 ἐρρόφασιν
2561 4235 2840 4333 ἄμεμπτόν
2893 4253 3144 4330 διαζυγεὶς
3175 4252 3272 4317 τῆς
3303 4253 3495 4311 οἰκείας
3525 4242 3792 4324 γυναικὸς,

420 4322 704 4389 ἀκωλύτως
726 4329 812 4384 καὶ
854 4334 943 4387 τὸν
977 4334 1236 4410 ἱερατικὸν
1262 4336 1349 4390 καὶ
1391 4322 1483 4390 τὸν
1520 4322 1900 4415 ⁷ιέιρχιερατικὸν
1947 4335 2153 4414 ἀξίωμα
2181 4322 2402 4408 δέξεται.

504 4413 935 4496 Interrogatio.
969 4418 1218 4492 Quinam
1251 4413 1651 4502 praeferuntur
1680 4413 1738 4484 in
1770 4413 2136 4490 creationeD

427 4503 695 4592 episcOpi
716 4503 747 4564 ἱ)
777 4503 1131 4590 Protopapa,
1167 4517 1226 4572 et
1255 4509 1354 4591 qui
1385 4521 1522 4573 sunt
1551 4519 1683 4592 post
1711 4531 1844 4574 eum
1879 4531 2083 4576 sacer-

437 4589 716 4681 dote_s,an
737 4593 976 4658 diaconi
998 4589 1290 4661 habentes
1308 4589 1659 4681 principalia
1679 4599 2084 4664 ecclesiastica

430 4678 629 4743 ofﬁcia
651 4683 680 4743 ?

507 4766 692 4851 Resp.
752 4770 1102 4840 Vacantium
1158 4776 1548 4840 ecclesiarum
1601 4777 1876 4858 suffragia
1910 4793 1938 4836 δ
1983 4797 2079 4842 se-

425 4858 688 4920 cundum
721 4868 990 4926 exactam
1043 4865 1339 4928 rationem
1396 4865 1820 4928 convenienter
1851 4868 1997 4930 locis
2026 4878 2085 4932 et

427 4948 703 5026 personis
733 4952 1091 5030 procedunt.
1146 4953 1276 5016 Non
1330 4955 1488 5016 enim
1522 4953 1572 5016 si
1605 4954 1768 5017 locus
1797 4963 1888 5018 est
1917 4958 2084 5019 cele-

421 5032 571 5136 bris,
605 5045 664 5099 et
693 5047 934 5136 pastore
993 5043 1200 5136 perito
1245 5044 1591 5124 disertoque
1643 5063 1789 5124 opus
1825 5045 2077 5121 habens,

424 5127 598 5205 cujus
658 5135 715 5188 et
768 5127 883 5191 vita
943 5133 1206 5195 sermoni
1253 5141 1562 5214 congruat,
1599 5151 1854 5214 persona
1884 5145 2080 5199 autem

431 5217 704 5304 tempore
736 5215 889 5280 forte
915 5220 1006 5282 vel
1036 5223 1334 5285 voluntate
1357 5221 1679 5304 pontiﬁcali
1699 5223 1772 5284 ad
1792 5223 2082 5304 insignem

425 5302 673 5380 gradum
708 5307 1182 5374 ecclesiasticum
1215 5302 1515 5394 provecta,
1547 5311 1881 5375 sufﬁciente
1899 5302 2082 5396 expe-

2234 4432 2552 4512 νερώτησις.
2628 4434 2770 4500 Τίνες
2836 4439 3201 4515 προτιμῶνται
3271 4434 3343 4496 εἰς
3429 4427 3492 4484 τὸ
3570 4419 3798 4515 ψηφίζε-

2165 4523 2280 4576 σθαι
2299 4508 2384 4584 ἐἷς
2415 4521 2746 4604 ἐπισκοπάς;
2817 4508 2888 4582 Ὀ.
2924 4508 3283 4604 πρὼοπαπᾶς
3327 4520 3416 4577 καὶ
3457 4517 3505 4572 οἳ
3701 4508 3802 4604 :1")-

2163 4610 2253 4666 τὸν
2296 4613 2481 4692 ἱερεῖς,
2513 4610 2549 4679 ἢ
2587 4616 2634 4668 0i
2662 4595 2895 4670 διάκανοι
2925 4595 2976 4670 oi
3015 4612 3231 4694 ἔχοντες
3275 4603 3567 4690 ἁρχοντικὰ
3609 4595 3806 4662 ἐκκλη-

2165 4700 2408 4755 σιαστικὰ
2439 4700 2656 4780 ὀφφίκια
2691 4721 2706 4782 ς
3778 4773 3791 4790 ⁸

2247 4784 2374 4849 Ἀπ.
2420 4792 2482 4844 Αἱ
2537 4796 2642 4845 τῶν
2683 4792 3021 4870 χηρευουσῶν
3079 4788 3410 4855 Ἐκκλησιῶν
3460 4786 3629 4870 ψῆφοι
3672 4784 3805 4832 κατὰ

2165 4879 2255 4933 τὸν
2309 4877 2498 4956 ἀκριϐῆ
2553 4869 2722 4958 λόγον
2771 4869 3050 4960 γᾶναλόγως
3119 4893 3236 4944 τοῖς
3306 4877 3492 4936 τόποις
3542 4869 3639 4960 καὶ
3691 4875 3806 4960 τοῖς

2164 4953 2466 5045 προσώποις
2522 4953 2910 5048 προδαίνουσιν.
2957 4953 2968 4960 ’
2997 4973 3068 5028 Οὔ
3136 4970 3235 5048 γὰρ
3308 4968 3352 5022 εἰ
3410 4966 3438 5019 6
3489 4959 3651 5021 τόπος
3708 4953 3806 5048 ita?

2163 5052 2530 5132 περίϐλεπτος,
2566 5045 2688 5113 Ἵκαὶ
2756 5056 2999 5133 δεόμενος
3068 5045 3320 5131 ποιμένος
3391 5045 3808 5122 ἐπιστημονικοῦ

2164 5147 2252 5200 καὶ
2280 5142 2482 5224 λόγίου,
2513 5147 2599 5202 καὶ
2643 5153 2734 5202 τὸν
2790 5148 2901 5223 βίον
2955 5153 3032 5222 τῷ
3083 5145 3227 5224 λόγῳ
3281 5139 3567 5220 σύνδρομον
3621 5132 3804 5224 ⁸’ἔχον--

2164 5253 2278 5312 τος,
2309 5221 2370 5288 τὸ
2401 5221 2682 5313 πρόσωπον
2709 5233 2764 5290 δὲ
2791 5221 2863 5292 τὸ
2918 5221 3019 5293 ὺπδ
3076 5221 3270 5315 χρόνου
3299 5231 3465 5310 τυχὸν
3496 5225 3533 5294 ἢ
3561 5221 3805 5315 “Mli-7‘“

2165 5307 2274 5384 τος*
2298 5307 2673 5401 ἀρχιέρατικοῦ
2725 5325 2797 5388 εἷς
2858 5326 3057 5403 βαθμὸν
3081 5307 3341 5401 ..ἄναχθὲν
3367 5307 3655 5389 *ἒπίσημον
3711 5307 3806 5363 ἰκ-

1767 5471 2025 5539 νΑιιΙκΕ
2066 5478 2498 5545 LECTIONES.

504 5571 530 5605 "
557 5569 1062 5642 ultramundane.

1148 5615 1172 5657 ν
1193 5581 1471 5647 modulis.
1557 5602 1578 5632 ι
1608 5597 1824 5644 sacrm.

1911 5627 1934 5659 ι
1965 5589 2349 5652 sententiam.

2434 5621 2459 5664 ι,
2478 5589 2803 5654 electiones.
