4192 6220
479 298 597 365 967
1860 305 1991 368 JUS
2029 305 2182 371 CAN
2185 304 2479 369 ONICUM
3738 299 3858 366 968

566 431 750 515 Resp.
783 432 1063 498 Habitare
1092 436 1370 498 divinum
1409 436 1694 517 templum
1727 437 1868 499 solis
1896 437 2126 498 aedituis

2290 433 2415 499 Ἀπ.
2473 436 2545 494 Τὸ
2600 436 2774 513 μένειν
2831 436 2980 502 ἐντὸς
3052 443 3145 494 τοῦ
3211 439 3349 495 θείου
3404 443 3528 494 ναοῦ
3576 436 3858 515 νεωκόροις

485 520 646 596 licet,
705 535 822 584 tam
856 532 1099 604 propter
1127 525 1539 587 necessitatem
1589 525 1799 606 ofﬁcii,
1833 545 2006 606 quam
2041 527 2134 586 fu-

2220 525 2399 601 μόνοις
2457 525 2692 596 ἀνεῖται,
2737 524 2820 582 διά
2886 548 2942 582 τε
2994 527 3088 590 τὰς
3141 525 3430 604 ἀναγκαίας
3488 532 3660 599 τοῦτῳ
3710 527 3862 592 ῦπη-

485 629 618 672 rum
654 611 923 688 insidias,
969 613 1059 675 vel
1104 615 1505 687 effractorum,
1566 614 1891 676 aliorumve
1948 615 2134 677 scele-

2221 615 2414 692 ρεσίας,
2477 616 2564 674 καὶ
2631 613 2698 670 δι’
2741 613 3027 683 ἐπιϐουλὴν
3069 614 3334 690 κλεπτῶν,
3393 615 3430 683 ἢ
3481 614 3862 694 τοιχωρύχων³

496 707 782 761 ratorum.
819 701 921 762 Cui
955 711 1149 762 autem
1185 701 1315 762 talis
1332 721 1474 763 cura
1505 721 1622 762 non
1653 702 2134 783 incumbit,nullo

2218 702 2253 770 ἢ
2295 702 2484 781 ἐτέρων
2512 709 2818 759 κακοποιῶν
2851 722 2869 740 ⁶
2929 703 3077 777 ἄλλῳ
3128 703 3182 760 δέ
3229 727 3352 777 τινι,
3405 704 3483 778 μὴ
3512 701 3866 780 περικειμένῳ

491 787 667 848 modo
698 787 754 846 id
788 805 1138 850 concessum
1171 799 1285 852 est.
1309 790 1519 853 Cibum
1543 809 1682 853 vero
1714 809 1950 853 sumere
1984 793 2138 853 intra

489 875 927 956 templum,non
951 879 1140 939 solum
1169 879 1407 959 quodie,
1435 881 1535 940 sed
1573 897 1685 940 nec
1717 898 1823 960 per
1848 881 2026 953 vices,
2061 901 2136 942 ne

484 964 598 1045 ipsi
619 965 862 1044 quidem
908 967 1122 1028 aedituo
1156 968 1543 1048 permittitur.
1572 970 1640 1029 Et
1671 969 1796 1030 haec
1823 969 2135 1048 perspicue

485 1053 748 1114 declarat
777 1053 872 1116 lex
930 1056 1334 1118 ecclesiastica
1393 1071 1450 1118 et
1479 1056 1689 1118 civilis.
1720 1057 2135 1119 Ecclesiastica

491 1142 824 1222 quidem,in
856 1144 1032 1205 variis
1064 1145 1391 1207 canouihus
1439 1165 1452 1206 :
1485 1146 1586 1207 sed
1623 1146 1682 1206 in
1717 1145 1924 1226 primis
1949 1147 2008 1206 in
2040 1165 2133 1208 ca-

488 1249 645 1294 none
673 1233 749 1294 ’74
774 1234 1158 1295 ωουῐηθιιίρεο
1178 1242 1358 1296 sexta:
1380 1235 1584 1315 synodi
1620 1235 1744 1295 haec
1766 1235 1977 1295 edicit:
2004 1234 2133 1296 Non

488 1328 722 1400 oportet
749 1321 810 1382 in
839 1323 1166 1383 Dominicis
1197 1322 1366 1395 locis,
1408 1324 1498 1384 vel
1551 1322 1842 1398 ecclesiis,
1879 1341 1978 1384 eas
2004 1343 2134 1404 quae

486 1408 767 1470 dicuntur
799 1428 1039 1490 agapas,
1068 1410 1125 1472 id
1152 1419 1236 1472 est
1267 1411 1602 1474 charitales.
1643 1411 1857 1485 facere,
1892 1420 1951 1473 et
1978 1411 2136 1473 intus

481 1495 680 1559 inaede
719 1499 1057 1572 comedere,
1085 1506 1141 1560 et
1161 1499 1465 1562 accubitus
1489 1509 1779 1580 sternere,
1809 1499 1917 1571 Qui
1938 1510 2134 1563 autem

486 1585 600 1647 hoc
632 1585 764 1647 ausi
819 1587 1060 1667 fuerint,
1119 1589 1210 1649 vel
1267 1598 1522 1664 cessent,
1584 1589 1675 1649 vel
1721 1597 2128 1667 segregentur.

483 1673 835 1736 Accubitum
866 1685 1061 1737 autem
1093 1677 1308 1738 dicitur
1339 1677 1532 1738 omnis
1569 1677 1704 1739 lecti
1732 1688 2044 1757 apparatus
2071 1679 2132 1740 in

483 1762 670 1824 altum
703 1772 936 1826 erectus
961 1773 1018 1825 et
1049 1765 1266 1826 mollis.
1293 1765 1592 1828 Accumbo
1616 1751 1785 1827 enim'
1806 1751 1958 1846 apud
1979 1768 2132 1829 Lati-
2154 1751 2194 1800 Β

485 1873 594 1916 nos
630 1855 824 1934 jaceo.
875 1854 1162 1918 Similiter
1191 1869 1250 1920 et
1301 1858 1359 1918 in
1405 1859 1784 1936 nonagesimo
1814 1862 1872 1912 8*
1907 1877 2134 1922 canone

489 1944 641 2006 haec.
675 1943 920 2025 Eos,qui
949 1946 1037 2006 vel
1067 1964 1202 2006 cum
1259 1965 1442 2008 uxore
1473 1946 1830 2027 cohabitant,
1863 1948 1953 2010 vel
1982 1948 2134 2010 alio-

487 2032 630 2112 quin
709 2033 1226 2096 indiscriminatim
1255 2034 1333 2090 8"
1395 2053 1561 2097 sacra
1615 2035 1743 2097 loca
1797 2038 2139 2099 communia

481 2119 702 2182 faciunt
727 2121 827 2186 s'“
872 2131 931 2184 et
963 2123 1350 2202 contemptim
1383 2123 1440 2183 in
1475 2141 1544 2183 ea
1572 2122 1926 2199 alliciuntur,
1960 2133 2021 2186 et
2050 2127 2139 2187 sic

483 2209 548 2270 in
591 2209 679 2270 eis
712 2221 1062 2290 permanent
1091 2211 1264 2272 etiam
1292 2229 1361 2272 ex
1387 2213 1618 2292 iis,quae
1650 2212 1867 2272 suntin
1887 2231 2136 2274 venera-

483 2296 702 2359 bilibus
734 2298 990 2378 templis,
1045 2300 1610 2361 catechumenorum
1673 2301 2083 2362 mansionibus
2111 2303 2138 2345 ιι

482 2386 715 2448 extrudi
761 2387 1044 2466 jubemus
1089 2387 1154 2449 Si
1201 2387 1333 2467 quis
1363 2396 1463 2449 aut
1510 2389 1634 2450 haec
1666 2408 1780 2449 non
1814 2385 2136 2472 servaverit

479 2477 770 2557 siquidem
797 2477 874 2538 sit
901 2478 1178 2552 clericus,
1226 2479 1556 2558 deponatur
1609 2501 1623 2539 :
1670 2481 1721 2540 si
1751 2498 1888 2542 vero
1919 2481 2126 2558 laicus,

493 2568 986 2644 segregetur.Lex
1020 2578 1218 2629 autem
1251 2567 1442 2627 civilis
1473 2567 1531 2627 in
1564 2571 1757 2645 capite
1786 2568 2126 2646 undecimo,

483 2655 651 2716 titulo
681 2653 1040 2734 primo,libri
1071 2655 1262 2734 quinti
1307 2655 1601 2717 Basilicon
1650 2657 1776 2718 haec
1797 2657 1898 2720 ait.
1933 2656 2131 2738 Usque

483 2743 559 2804 ad
594 2743 865 2804 ecclesiae
917 2743 1229 2814 terminos,
1255 2745 1353 2823 qui
1383 2755 1518 2806 sunt
1550 2752 1686 2806 ante
1711 2745 1902 2806 fotum
1929 2747 2128 2826 publi-

484 2849 620 2892 cum
653 2831 1035 2892 securitatem
1068 2831 1348 2909 habeant,
1381 2833 1480 2912 qui
1505 2833 1941 2912 profugiunt”,
1974 2835 2133 2896 inte-

479 2918 744 2980 rioribus
776 2928 1014 2980 utentes
1062 2919 1332 2996 lavacris,
1393 2931 1494 2982 aut
1525 2921 1736 2994 hortis,
1771 2931 1870 2982 aut
1899 2922 2132 2984 habita-

485 3005 865 3081 tionibus,vel
897 3007 1164 3077 stabulis.
1196 3017 1294 3068 aut
1325 3008 1669 3089 porticibus.
1701 3010 2134 3072 Prohibe-antur

481 3103 676 3156 autem
721 3095 779 3156 in
805 3095 1089 3176 templum
1113 3083 1696 3166 cibum-sumerewel
1719 3099 2131 3162 dormire.b‘ed

2214 3083 2323 3173 σιν,
2364 3099 2400 3167 ἢ
2447 3098 2657 3180 αὐλαῖς²
2695 3083 2735 3168 ’ἢ
2791 3083 3287 3180 στοαῖς-χρώμενοι
3324 3117 3336 3130 ⁸

2216 794 2462 857 τοιαύτην
2532 789 2773 871 φροντίδα
2831 789 3088 849 ἐνδέδοται
3143 791 3407 867 οῦδαμῶς.
3466 793 3542 850 Τὰ
3573 790 3638 846 δέ
3678 790 3863 846 ἐσθίειν

2217 877 2358 936 ἔνδον
2399 887 2548 952 ναοῦ,
2609 884 2711 960 οὐχ
2764 880 2910 945 ὅπως
2965 880 3080 937 καθ’
3144 882 3396 960 ἑκάστην,
3456 879 3574 936 ἀλλ’
3628 877 3744 938 οἵ)δέ
3801 879 3864 933 ἐκ

2215 966 2609 1044 διαλειμμάτων
2661 971 2898 1026 ὁπωσοῦν
2948 971 3070 1049 τινὶ,
3134 968 3252 1025 ἀλλ’
3304 967 3410 1028 οὐδ’
3469 971 3609 1042 αύτῷ
3663 988 3862 1045 συγκε-

2216 1057 2460 1135 χώρηται
2490 1057 2753 1137 νεωκόρῳ.
2811 1059 2908 1116 Καὶ
2963 1058 3029 1114 τὰ
3083 1059 3199 1136 περὶ
3254 1059 3437 1114 τούτου
3487 1059 3687 1135 τρανῶς
3743 1053 3862 1111 διαο

2215 1152 2489 1224 σαφοῦσιν,
2537 1147 2565 1201 ὃ
2619 1167 2677 1202 τε
2729 1145 3162 1213 ἐκκλησιαστικὸς
3217 1147 3376 1221 νόμος
3437 1148 3521 1204 καὶ
3564 1148 3592 1202 6
3646 1143 3859 1201 πολιτι-

2215 1233 2330 1306 κός,
2396 1227 2452 1291 l0
2509 1235 2607 1308 μὲν
2661 1234 3121 1309 ἐκκλησιαστικὸς,
3188 1241 3241 1291 εν
3293 1233 3858 1314 διαφόροις-κανόσιν.

2217 1317 2381 1375 Ἀλλὰ
2423 1317 2486 1387 δὴ
2517 1323 2604 1377 καὶ
2631 1319 2685 1376 ἐν
2714 1329 2791 1396 τῷ
2833 1313 2913 1378 οδ’
2938 1329 3037 1390 τῆς
3095 1310 3462 1398 οἷκουμενικῆς
3515 1310 3599 1396 ς’
3645 1318 3862 1377 συνόδου

2215 1414 2377 1464 ταῦτα
2406 1406 2714 1488 διαγορεύει,
2747 1412 2827 1467 ὃτι
2859 1411 2930 1469 Οὐ
2959 1409 3042 1468 δεῖ
3099 1411 3152 1466 ἒν
3210 1425 3326 1476 τοῖς
3385 1411 3698 1490 Κυριακοῖς,
3737 1410 3774 1478 ἢ
3806 1410 3861 1465 ἐν

2215 1510 2336 1558 ταῖς
2392 1496 2695 1565 ἐκκλησίαις
2752 1500 2847 1564 τὰς
2902 1498 3193 1578 λεγομένας
3251 1501 3460 1577 ἆγάπας
3518 1513 3715 1578 ποιεῖν,
3774 1501 3863 1555 καὶ

2215 1583 2358 1642 ἔνδον
2386 1585 2440 1641 ἐν
2491 1594 2567 1661 τῷ
2625 1585 2763 1660 οἴκῳ
2817 1589 3021 1669 ἐσθίειν³
3079 1590 3167 1645 καὶ
3223 1587 3472 1646 ἇκούὸιτα
3527 1589 3858 1668 στρωννύειν,

2217 1677 2276 1730 Οἱ
2331 1671 2386 1730 δὲ
2454 1683 2608 1732 τοῦτο
2675 1691 2854 1734 ποιεῖν
2910 1677 3237 1754 τολμῶντες,
3296 1679 3333 1746 ἢ
3383 1679 3766 1734 παυσάσθωσαν
3824 1677 3861 1744 ἢ

2216 1766 2674 1844 καθαιρείσοωσαν,
2735 1765 3040 1823 ’Λκούϐιτον
3089 1765 3142 1822 δὲ
3199 1766 3409 1845 λέγεται
3467 1766 3618 1823 ἅπαν.
3685 1788 3860 1845 στρω-

2216 1852 2351 1927 μνῆς
2390 1855 2800 1930 κατασκεύασμα
2855 1858 2928 1920 είς
2984 1855 3116 1932 ὕψος
3173 1855 3396 1934 ἠρμένον
3454 1857 3541 1912 καὶ
3596 1855 3860 1930 μαλακόν.

2219 1939 2496 2017 Ἀκούμϐω
2537 1944 2636 2020 γὰρ
2664 1945 2826 2024 παρὰ,
2863 1946 3102 2008 Λατίνοις
3150 1946 3236 2019 τὸ,
3275 1945 3573 2008 ἀναπίπτω.
3636 1935 3859 2020 Ὀμοίως

2219 2027 2273 2085 δὲ
2315 2031 2402 2086 καὶ
2445 2029 2498 2086 ὲν
2527 2037 2602 2106 τῷ
2633 2021 2714 2101 οζ’
2745 2021 2947 2088 κανόνι
2978 2043 3140 2092 ταῦτα
3172 2049 3185 2064 ⁸
3237 2034 3366 2096 Τοός
3399 2033 3434 2099 ἢ
3482 2038 3692 2110 γαμετῇ
3734 2053 3861 2086 συν-

2222 2124 2511 2192 οικοῦντας,
2573 2119 2608 2186 ἢ
2664 2119 2838 2184 ἄλλως
2907 2119 3216 2199 ἆδιακρίτως
3283 2122 3404 2186 τοὺς
3447 2121 3616 2199 ἱεροὺς
3674 2120 3862 2184 τόπους

2219 2216 2670 2287 κοινοποιοῦντας,
2763 2211 2850 2265 καὶ
2923 2213 3392 2289 καταφρονητικῶς
3475 2211 3591 2289 περὶ
3677 2210 3860 2270 αὖτοὺς

2221 2293 2467 2376 ἔχοντας,
2513 2297 2599 2352 καὶ
2627 2296 2789 2361 οἵτως
2819 2297 2872 2354 ἐν
2900 2302 3082 2363 αὐτοῖς
3109 2299 3530 2374 καταμένοντας,
3564 2299 3652 2353 καὶ
3681 2296 3862 2351 ἐκτῶν

2218 2385 2272 2442 ἐν
2339 2398 2457 2448 τοῖς
2513 2382 2814 2460 σεϐασμίοις
2872 2400 3021 2451 ναοῖς
3077 2389 3543 2467 κατηχούμενείων
3591 2387 3860 2465 προστάσ-

2217 2496 2378 2550 σομεν
2436 2473 2760 2540 ἐξωθεῖσθαι,
2809 2477 2867 2532 Εἰ
2906 2473 2961 2530 δὲ
3005 2477 3082 2551 μή
3125 2497 3206 2538 τις
3266 2484 3421 2532 τοῦτο
3477 2473 3857 2554 παραφυλάξει,

2212 2563 2256 2618 εἰ
2312 2563 2409 2637 μὲν
2477 2562 2730 2641 κληρικὸς
2788 2562 2902 2639 εἴη,
2961 2564 3304 2643 καθαιρείσθω
3336 2585 3349 2597 ⁸
3420 2566 3464 2620 εἰ
3521 2560 3574 2618 δὲ
3641 2563 3857 2639 λα’ίκὸς,

2213 2651 2552 2731 ἂφοριζέσθω.
2590 2645 2647 2710 Ὀ
2678 2651 2732 2708 δέ
2779 2673 2841 2730 γε
2881 2651 3156 2716 πολιτικὸς
3202 2654 3362 2730 νόμος
3409 2651 3462 2707 ἐν
3490 2650 3757 2729 κειρλλαίῳ
3786 2645 3862 2707 ια’

2211 2752 2304 2801 τοῦ
2334 2734 2608 2819 α’τίτλου,
2666 2751 2760 2800 τοῦ
2815 2733 2862 2798 ε’
2915 2740 3114 2819 βιϐλίου
3175 2750 3280 2799 τῶν
3350 2741 3644 2800 Βασιλικῶν
3703 2743 3865 2801 ταῦτά

2215 2851 2345 2910 φησι
2379 2847 2394 2864 ⁸
2457 2832 2630 2912 Μέχρι
2691 2837 2794 2888 τῶν
2852 2834 2954 2911 πρὸ
3009 2837 3106 2898 τῆς
3152 2829 3412 2907 δημοσίας
3484 2831 3679 2908 ἀγορᾶς
3731 2830 3864 2909 ὅρων

2215 2925 2314 2988 τῆς
2355 2919 2638 2990 ἐκκλησίας
2693 2925 2754 2978 τὸ
2809 2920 3038 3001 ἀσφαλὲς
3092 2921 3366 3002 ἐχέτωσαν
3418 2925 3465 2978 οἱ
3523 2921 3863 3000 προσφυγόν-

2214 3031 2325 3091 τες,
2353 3023 2473 3074 τοῖς
2519 3009 2810 3091 ἐνδοτέροις
2862 3010 3130 3092 λουτροτς,
3189 3011 3225 3080 ἢ
3267 3013 3492 3090 κήποις,
3537 3010 3573 3077 ἢ
3633 3013 3862 3086 οἰκήμα-

3397 3098 3778 3156 κωλυέσθωσαν
3809 3097 3864 3153 δὲ

484 3192 542 3246 et
573 3185 814 3248 Novella
841 3185 1276 3265 septuagesima
1301 3186 1472 3248 tertia
1495 3186 2132 3266 imperatori»,domini

2215 3187 2362 3251 ἐντὸς
2391 3191 2482 3245 τοῦ
2523 3177 2650 3245 ναοῦ
2675 3188 2712 3256 ἢ
2742 3188 2926 3245 ἐσθίειν
2966 3177 3257 3256 ἢνῦπνοῦν,
3317 3187 3484 3246 Ἀλλὰ
3539 3190 3627 3245 καὶ
3685 3189 3720 3255 ἡ
3779 3177 3867 3265 ογ’

479 3272 698 3337 Leonis
727 3272 1088 3354 philosophi,
1115 3275 1392 3336 similiter
1423 3276 1591 3356 punit
1625 3294 1749 3351 eos,
1775 3277 1876 3357 qui
1907 3297 2129 3340 conce-

2215 3279 2370 3356 νεαρὰ
2427 3277 2517 3334 τοῦ
2571 3276 2833 3353 βασιλέως
2900 3278 3074 3357 κυρίου
3130 3277 3354 3343 Λέοντος
3409 3279 3501 3334 τοῦ
3572 3275 3864 3356 φιλοσόφου

480 3363 626 3425 dunt
655 3363 744 3425 vel
774 3362 833 3423 in
865 3363 1337 3426 catechumeniis
1367 3364 1820 3428 habitationem.
1857 3366 1945 3428 Ex
1981 3386 2128 3430 con-

2214 3368 2522 3443 παραμοίως
2593 3365 2803 3438 κολάζει
2859 3369 2946 3423 καὶ
2999 3368 3117 3431 τοὺς
3173 3365 3547 3446 ἐπιτρέποντας
3620 3367 3722 3433 τὴν
3791 3367 3865 3430 εἰς

480 3452 755 3532 ceptione
810 3451 908 3498 in"
967 3453 1145 3532 igitur
1214 3454 1561 3534 hujusmodi
1636 3454 2127 3519 constitutionum

2214 3456 2280 3510 τὰ
2335 3469 2771 3536 κατηχουμενετα
2813 3456 3142 3522 κατοίκησιν.
3219 3453 3314 3513 Ἐκ
3376 3455 3470 3523 τῆς
3515 3453 3862 3535 περιλήψεως

477 3541 642 3604 omni
672 3541 845 3604 modo
877 3541 1258 3604 interdictum
1292 3552 1402 3618 est,
1423 3543 1581 3604 intra
1609 3544 1897 3625 templum
1929 3545 2128 3608 cibum

477 3647 737 3704 sumere,
769 3637 828 3690 et
857 3629 1146 3693 habitare.

558 3805 995 3887 Interrogatio.
1027 3806 1090 3868 In
1149 3807 1531 3884 dignitatibus
1598 3811 2134 3877 ecclesiasticorum

479 3895 842 3971 ofﬁciorum,
877 3897 1009 3977 quis
1041 3894 1268 3976 primus
1299 3905 1408 3973 est,
1445 3907 1504 3960 et
1533 3899 1663 3978 quis
1721 3904 2040 3980 secundus,
2074 3910 2134 3966 et

479 3985 612 4065 quis
648 3984 874 4060 tertius,
914 3993 970 4046 et
1001 3984 1136 4064 quis
1170 3985 1456 4065 deinceps
1488 4005 1691 4048 eorum
1717 3991 1906 4053 ordo?

557 4072 696 4135 Res.
744 4072 826 4134 Ex
861 4079 1100 4153 antiqua
1131 4073 1450 4136 traditione
1484 4076 1710 4156 primus
1763 4088 1852 4140 est
1881 4098 2128 4158 magnus

478 4162 851 4242 dispensator
889 4166 901 4207 ί
935 4161 1267 4238 Secundus,
1321 4166 1422 4246 qui
1481 4180 1692 4247 praeest
1751 4189 1978 4250 magna:
2025 4189 2126 4232 sa-

478 4251 667 4324 cellae,
706 4251 766 4313 id
800 4260 910 4322 est,
948 4270 1196 4331 magnus
1226 4255 2128 4339 sacellarius.Tertius,magnus

478 4339 728 4402 sacrista
781 4390 794 4404 .

2211 3544 2299 3601 οὖν
2368 3547 2473 3601 τῶν
2531 3546 2781 3602 τοιούτων
2838 3545 3206 3620 Θεσπισμάτων
3263 3543 3697 3623 ἀπηγορευμένον
3755 3544 3865 3600 ἐστὶ

2209 3635 2567 3708 παντάπασιν,
2623 3637 2711 3691 καὶ
2790 3636 2852 3690 τὸ
2925 3633 3132 3710 ἐσθίειν,
3203 3635 3291 3690 καὶ
3362 3635 3423 3691 τὸ
3488 3633 3666 3709 μένειν
3719 3630 3863 3689 ἔνδον

2214 3723 2349 3780 θείου
2376 3733 2524 3786 ναοῦ.

2296 3809 2408 3890 Ἐρ.
2445 3811 2532 3867 Ἐν
2562 3824 2678 3875 τοῖς
2711 3813 3054 3891 ἀρχοντικοϊς
3098 3810 3566 3879 ἐκκλησιαστικοϊς
3600 3808 3860 3884 ἀξιώμασι

2213 3901 2291 3964 τίς
2335 3905 2565 3979 πρῶτος,
2613 3900 2698 3956 καὶ
2739 3901 2816 3963 τίς
2859 3898 3116 3979 δεύτερος,
3141 3902 3228 3957 καὶ
3268 3901 3346 3965 τίς
3376 3901 3544 3978 τρίτος
3582 3916 3596 3930 ⁸
3630 3901 3717 3955 καὶ
3757 3899 3860 3960 ιι·ῶὲ

2215 3987 2400 4070 ἐφεξῆς
2443 3991 2478 4056 ἡ
2508 3989 2706 4046 τούτων
2737 3990 2879 4056 τάξις
2913 4010 2929 4070 ς

2289 4076 2415 4138 Ἀττ.
2495 4079 2628 4136 Ἀπὸ
2727 4081 2824 4155 μὲν
2906 4079 3139 4144 παλαιᾶς
3219 4077 3558 4160 παραδόσεως
3643 4077 3856 4157 πρῶτός

2209 4168 2350 4224 ἐστιν
2394 4170 2422 4223 6
2464 4166 2631 4245 μέγας
2692 4169 2967 4244 οἰκονόμος
3001 4187 3016 4201 ⁸
3063 4165 3322 4248 δεύτερος,
3383 4171 3411 4224 6
3465 4169 3552 4224 επὶ
3600 4168 3701 4234 τῆς
3759 4188 3860 4241 με·

2209 4256 2378 4335 γάλης
2420 4255 2709 4324 σακέλλης,
2754 4259 2914 4335 ἡγουν
2970 4260 2998 4314 6
3056 4257 3221 4334 μέγας
3289 4254 3634 4334 σακελλάριος
3669 4275 3685 4291 ο
3743 4254 3859 4334 τρί-

857 4339 1135 4455 Quartu's',
1194 4343 1684 4455 chartophylaxit.
1719 4345 2126 4455 Quintcus,‘qui

2214 4367 2321 4419 τος,
2355 4349 2383 4402 6
2427 4345 2592 4424 μέγας
2638 4345 2959 4426 σκευοφύλαξ
2985 4363 2998 4377 ⁸
3058 4347 3324 4425 τέταρτος,
3399 4348 3426 4401 ὁ
3470 4343 3807 4425 χαρτοφύλαξ
3837 4361 3856 4378 ⁸

2260 4435 2269 4450 .
2555 4437 2568 4455 ε
2648 4434 2661 4455 ,
2712 4436 2725 4455 κ
2832 4441 2853 4449 -
3111 4441 3134 4451 ς.
3352 4432 3421 4455 vn
3611 4433 3638 4452 ν
3834 4435 3850 4455 ι

478 4428 696 4500 praeest
724 4439 914 4500 parvae
942 4421 1196 4497 sacellze,
1230 4423 1289 4484 id
1347 4421 1436 4488 est
1487 4421 1848 4487 sacellarius.
1885 4421 2118 4504 Sextus,

2214 4435 2474 4512 πέμπτος,
2511 4421 2578 4490 v6
2645 4434 2730 4490 ἐπὶ
2792 4421 2892 4502 τῆς
2961 4421 3194 4512 μακρᾶς-
3235 4421 3560 4510 σακέλληςξ,⁷
3609 4421 3772 4511 ἤγουν
3828 4435 3857 4488 6

475 4508 792 4589 primarius
827 4519 990 4570 actor
1021 4509 1161 4589 ',qui
1189 4519 1246 4571 et
1271 4514 1636 4576 exocataceli
1671 4513 2122 4578 dicuntur.Pri-

2214 4508 2549 4602 σακελλάριος
2585 4539 2598 4554 ⁸
2643 4525 2732 4579 καὶ
2779 4522 2952 4599 ἕκτος,
3007 4527 3035 4580 6
3089 4521 3440 4603 πρωτέκδικος
3471 4539 3488 4553 ⁸

480 4598 652 4659 marii
673 4606 866 4659 autem
897 4599 1156 4660 auctoris
1181 4600 1439 4661 ofﬁcium
1460 4620 1595 4662 cum
1610 4611 1782 4665 antea
1795 4613 1952 4667 esset
1973 4605 2129 4668 inter

477 4685 778 4760 inferiora,
817 4695 1013 4767 postea
1043 4687 1104 4748 in
1161 4688 1412 4750 aliorum
1443 4690 1710 4752 ordinem
1738 4699 2015 4754 statutum
2042 4702 2132 4756 est

479 4791 514 4835 a
544 4773 732 4836 beatae
763 4775 1069 4837 memoria).
1100 4777 1441 4857 patriarcha
1486 4777 2131 4862 Constantinopolitano

479 4864 731 4943 Georgio
754 4865 1253 4946 Xiphilino.Hanc
1283 4877 1480 4930 autem
1502 4870 1793 4934 actionem
1817 4875 2134 4938 subsecuta

481 4963 570 5016 est
601 4954 881 5035 praeclara
909 4960 1206 5018 sententia
1247 4957 1438 5019 sancti
1472 4960 1911 5040 metropolitani
1939 4965 2130 5026 Thes-

480 5041 772 5105 salonices
792 5043 1103 5122 Eusthatii,
1136 5045 1197 5108 id
1222 5046 1471 5109 laudans
1504 5057 1558 5108 et
1594 5050 1904 5126 extotlens,
1939 5061 2002 5114 ut
2025 5055 2130 5134 ju-

481 5140 572 5196 ste
604 5141 662 5194 et
690 5142 854 5194 extra
880 5135 1413 5214 reprehensionem
1443 5136 1828 5212 factum;cum
1862 5141 2130 5225 quidam,

482 5221 582 5302 qui
610 5223 909 5286 actionem
929 5243 1048 5288 non
1070 5225 1638 5304 admittebant,tunc
1656 5221 2132 5294 contradicerent

3548 4542 3577 4577 ο
3588 4543 3744 4586 ιτινες
3775 4543 3860 4577 και

2210 4611 2603 4680 ἐξωκατάκηλοι
2679 4611 2945 4692 λέγονται,
3042 4615 3113 4670 Τὸ
3194 4619 3286 4669 τοῦ
3367 4608 3722 4690 πρωτεκδίκου
3807 4608 3858 4665 δὲ

2212 4701 2455 4781 ὀφφίκιον
2509 4700 2560 4758 ἐν
2615 4715 2733 4764 τοῖς
2789 4699 3172 4768 ὑποϐεϐηκόσιν
3212 4701 3272 4757 ὃν
3327 4699 3577 4774 ἔκπαλαι,
3648 4698 3860 4776 ὕστερον

2212 4804 2330 4856 τοῖς
2360 4791 2674 4869 ὑπερέχουσι
2703 4792 2962 4868 συνετάγη
2992 4791 3133 4870 παρὰ
3187 4798 3280 4846 τοῦ
3332 4790 3427 4857 τῆς
3472 4788 3731 4868 μακαρίας
3762 4787 3861 4857 λή-

2213 4877 2340 4945 ξεως
2399 4879 2732 4959 πατριάρχου
2789 4879 3396 4947 Κωνστανςινουπόλεως
3469 4877 3730 4956 Γεωργίου
3770 4887 3862 4936 τοῦ

2214 4966 2508 5047 Ξιφιλίνου.
2579 4975 2656 5044 Τῇ
2724 4967 2905 5047 πράξει
2971 4966 3026 5024 δὲ
3081 4968 3245 5044 ταύτῃ
3315 4965 3716 5034 ἐπηκολούθησε
3771 4968 3860 5022 καὶ

2213 5059 2402 5136 γνώμη
2473 5058 2685 5134 γενναία
2737 5066 2829 5114 τοῦ
2884 5058 2939 5114 ἐν
2988 5056 3152 5135 ἁγίοις
3207 5055 3596 5137 μητροπολίτου
3652 5063 3860 5112 Θεσσα-

2213 5145 2428 5212 λονίκης
2513 5145 2816 5220 Εὖσταθίου,
2898 5149 3184 5205 ἐπαινοῦσα
3268 5147 3358 5203 καὶ
3440 5144 3712 5224 ὲξαίρουσα
3796 5147 3858 5200 τὸ

2211 5236 2453 5317 γεγονὸς,
2509 5235 2584 5297 ὡς
2653 5233 2882 5313 εὐλόγως
2934 5236 3022 5292 καὶ
3076 5233 3361 5309 ἀμὲκπτως
3415 5232 3676 5314 πραχθέν.
3749 5233 3858 5289 Οἷα

1807 5391 2054 5456 VARle
2097 5390 2533 5461 LECTIONES.

560 5505 611 5580 α’
642 5510 1073 5595 septuagesimo
1105 5525 1288 5573 nono.
1320 5509 1390 5595 8‘_'
1411 5513 1774 5591 promiscue.
1805 5513 1909 5562 8‘"
1925 5515 2289 5594 profanant.
2321 5515 2347 5557 ιι
2367 5512 2751 5595 stationibus.
2781 5510 2830 5552 δ’
2850 5515 2958 5595 qui
2987 5513 3068 5577 ad
3085 5514 3399 5578 ecclesiam
3424 5514 3855 5595 confugerunt.

481 5577 910 5649 "ﬁenientib.
944 5585 956 5624 ⁵
985 5604 1338 5650 wconomus-
1365 5591 1384 5643 l
1411 5577 1710 5653 ‘vasorum
1739 5577 1960 5655 custos.
1995 5595 2022 5635 ι
2044 5577 2484 5658 chartulurius.
2519 5593 2532 5627 '
2563 5596 2798 5674 primus

2896 5596 3124 5672 femor.
