4192 6220
285 315 404 384 969
1620 321 2302 390 GRZECO-ROMANUM
2312 368 2327 385 .
3538 321 3660 390 970

284 465 570 523 τηνικαῦτα
639 467 796 519 τινῶν
851 462 1226 529 ἀντειπόντων,
1313 464 1386 525 ὡς
1469 463 1547 538 μὴ
1602 458 1953 534 ἀποδεξαμέοι

2037 450 2150 512 ’ost
2177 453 2606 526 exocatacelos,
2641 454 2868 534 primus
2899 459 2996 516 est
3034 450 3474 533 protonotarius
3510 471 3526 515 :
3561 471 3660 516 se-

286 568 389 600 νων
418 547 517 616 τὴν
545 551 752 628 πρᾶξιν.
787 553 933 608 Μετὰ
993 553 1114 615 τοὺς
1187 549 1622 621 ἐξωκατακήλους
1680 549 1733 605 δὲ
1776 554 1927 627 πρῶ-

2037 542 2268 618 :undus,
2328 542 2675 618 actuarius:
2727 544 2960 619 tertius,
3017 541 3356 621 logotheta:
3395 551 3661 623 quartus,

288 635 379 700 τός
410 638 552 693 εστιν
582 641 610 694 6
657 641 1059 719 προτονοτάριος
1095 659 1108 674 ⁸
1167 638 1424 720 δεύτερος,
1473 642 1500 696 6
1541 641 1929 715 ὑπομνηματο-

2037 631 2332 692 :astrensis
2350 649 2372 694 ,ε
2399 633 2661 712 quintus,
2684 648 2984 693 sacrorum
3008 631 3371 692 memorialis
3396 651 3408 691 :
3439 641 3660 708 sextus,

289 725 488 806 γράφος
525 744 539 757 ·
585 729 783 808 τρίτος,
815 731 843 784 6
887 718 1174 808 λογοθιέτης
1208 745 1222 759 ⁸
1271 718 1543 807 τέταρτος,
1604 731 1632 784 6
1688 727 1930 804 κανστρί-

2037 718 2453 782 'eferendarius
2489 743 2501 783 :
2557 721 2869 800 septimus,
2919 739 2953 782 a
3000 719 3253 798 genibus
3288 740 3303 780 :
3337 729 3595 797 octavus,
3630 738 3665 782 θ.

290 834 402 876 σιος
434 829 450 847 ⁸
483 815 750 893 πέμπτος,
809 820 837 874 6
907 819 1242 896 ἱερομνήμων
1276 836 1292 854 ⁸
1369 817 1519 880 ἕκτος
1573 819 1600 872 6
1659 817 1932 894 ῥαιφερεν-

2037 825 2189 869 sacro
2247 810 2460 871 ordine
2487 820 2526 850 ιιι
2578 832 2590 868 :
2627 828 2841 882 nonus,
2895 809 3247 870 memoriam
3285 827 3609 896 suggerens
3644 831 3658 868 :

287 897 460 980 δάριος
498 921 512 935 ⁸
558 891 803 980 ἕϐδομος,
837 908 864 961 6
914 891 998 962 ἐπὶ
1021 891 1027 892 7
1201 907 1436 984 γονάτων
1469 924 1485 940 ο
1546 891 1820 982 δ’γδοος,ὝὸὝ
1849 903 1933 959 ἐπὶ

2037 895 2354 979 lecimus,a
2384 898 2676 960 secretisll
2710 918 2723 962 :
2754 891 3447 977 undecimus,ajudiciis
3471 919 3485 961 :
3510 899 3663 962 duo-

286 991 384 1054 τῆς
415 993 554 1069 ἱερᾶς
603 995 975 1058 καταστάσεως
1025 1013 1040 1028 ⁸
1108 992 1339 1074 ἔννατος,
1396 996 1423 1050 6
1464 995 1882 1069 ὑπομιμνήσκων
1915 1007 1927 1021 ⁸

2037 983 2305 1068 lccimus,
2342 988 2736 1050 secundarius
2767 988 3177 1050 diaconorum.
3213 987 3350 1048 Post
3369 1005 3469 1049 eos
3491 987 3664 1051 ostia-

283 1075 529 1156 δέκατος,
573 1085 600 1138 6
632 1082 716 1138 ἐπὶ
768 1083 881 1139 τῶκ
933 1082 1190 1162 σεκρέτων
1244 1102 1256 1116 ⁸
1318 1082 1609 1157 ἑνδέκατος,
1657 1085 1684 1138 6
1713 1082 1928 1137 ἐπὶτῶν

2037 1074 2092 1133 -ὶὶ
2141 1087 2258 1138 tres
2321 1078 2697 1157 magistratus
2740 1077 3166 1139 Ecclesiarum.
3202 1076 3434 1139 Creatio
3465 1087 3662 1140 autem

288 1167 511 1245 κρίσεων
541 1189 554 1203 ⁸
618 1168 930 1247 δωδέκατος,
989 1175 1017 1229 6
1069 1170 1377 1252 δευτερεύων
1451 1179 1555 1228 τῶν
1595 1170 1875 1252 Δδιακόνων
1911 1186 1922 1200 ⁸

2037 1165 2358 1252 iecundarii
2406 1167 2640 1228 diaconi
2695 1185 2814 1227 non
2848 1169 2909 1228 ﬁt
2937 1165 3293 1246 simpliciter
3329 1167 3432 1227 sed
3463 1167 3664 1229 habito

287 1252 405 1330 μετ’
439 1255 629 1322 αὑτοὺς
707 1262 753 1314 οἱ
808 1273 953 1338 τρεῖς
1015 1261 1294 1340 ὁστιάριοι,
1347 1262 1433 1316 καὶ
1490 1247 1609 1335 μετ’
1678 1259 1860 1321 αὖτοὺς
1891 1261 1936 1314 οἱ

2037 1250 2278 1315 lelectu.
2313 1253 2669 1335 Hujusmodi
2717 1273 2970 1335 namque
2991 1255 3252 1315 ofﬁcium
3283 1255 3540 1335 requirit
3573 1256 3668 1317 vi-

290 1357 437 1422 τρεῖς
494 1344 750 1425 ἄρχοντες
803 1354 909 1404 τῶν
971 1348 1327 1416 Ἐκκλησιῶν.
1389 1348 1454 1406 Ἠ
1497 1369 1826 1427 προχειρισις
1883 1344 1937 1402 δὲ

2037 1357 2149 1400 rum
2168 1349 2367 1422 aptum
2395 1351 2454 1403 et
2474 1343 2887 1424 idoneum,qui
2911 1342 3327 1404 convenientia
3340 1343 3671 1406 ministeria

295 1433 388 1489 τοῦ
417 1431 798 1514 δευτερεύοντος
846 1444 951 1494 τῶν
1008 1435 1261 1494 διακόνων
1317 1439 1421 1518 οὐχ
1488 1426 1669 1498 ἁπλῶς
1714 1438 1933 1516 γίνεται,

2044 1429 2321 1518 nculpate
2349 1430 2696 1511 adimpleat.
2736 1431 2876 1510 Ejus
2905 1430 3064 1492 enim
3095 1439 3184 1492 est
3215 1430 3578 1511 principium
3610 1438 3668 1494 et

297 1519 436 1578 ἀλλὰ
465 1507 581 1578 κατ3
614 1522 866 1602 ἐκλογήν.
917 1534 1100 1582 Δεῖται
1184 1527 1282 1605 γὰρ
1334 1507 1670 1582 τδοτοιοῦτον
1703 1507 1942 1604 beatum;

2037 1507 2345 1579 intistitum
2371 1528 2502 1599 post
2520 1507 2857 1598 ingressum
2879 1507 3244 1593 benedictio,
3278 1519 3338 1578 in
3366 1507 3669 1600 supplica-

295 1607 479 1688 ἀνδρὸς
508 1613 684 1668 ἱκανοῦ
712 1614 800 1669 καὶ
828 1611 1124 1680 ἐπιτηδείου
1156 1615 1226 1678 εἰς
1260 1604 1344 1670 τὸ
1441 1613 1737 1692 ἐκπληροῦν
1760 1612 1940 1688 ἅμέμ-

2037 1604 2284 1668 Lionibus
2312 1625 2341 1652 0
2397 1608 2780 1688 Evangelium
2830 1615 3087 1689 portare,
3123 1608 3527 1669 connexiones
3552 1622 3578 1664 P
3607 1614 3669 1671 et

295 1719 441 1762 πτως
491 1699 587 1761 τὰς
645 1700 968 1778 ἁρμοζούσας
1052 1702 1219 1775 τούτῳ
1276 1700 1564 1765 διακονιας.
1625 1705 1790 1760 Αὑτοῦ
1845 1703 1944 1780 γὰρ

2037 1696 2412 1774 repetitiones
2441 1697 2504 1758 in
2535 1700 2622 1759 eis
2651 1698 2844 1759 facere
2873 1706 3174 1777 :tempora
3205 1695 3452 1758 absente
3469 1697 3670 1759 archi-

296 1784 436 1841 ἐστιν
463 1789 498 1856 ἡ
527 1789 662 1862 μετὰ
691 1790 787 1856 τὴν
833 1789 1038 1848 εἴσοδον
1084 1792 1313 1870 εὖφημία
1369 1799 1472 1848 τῶν
1539 1789 1796 1867 βασιλέων
1848 1792 1934 1846 καὶ

2037 1783 2270 1846 liacono
2301 1786 2444 1847 dare
2502 1787 2798 1867 diaconis,
2833 1787 2935 1867 qui
2965 1784 3208 1848 amboni
3238 1785 3505 1846 serviunt
3532 1802 3580 1860 τι,
3616 1793 3675 1848 et

301 1881 418 1932 τῶν
469 1876 760 1956 ἀρχιερέων
807 1899 821 1914 ⁸
882 1881 943 1936 τὸ
987 1879 1040 1935 ἐν
1095 1893 1214 1944 ταῖς
1305 1879 1481 1942 λιταῖς
1550 1881 1826 1956 βαστάζειν
1875 1882 1935 1935 τὸ

2037 1873 2085 1931 ω
2117 1872 2248 1933 aliis
2277 1875 2630 1952 quibusdam
2671 1878 2863 1954 ,vicem
2897 1877 3026 1954 ejus
3055 1874 3354 1956 supplere.
3389 1873 3476 1937 Ob
3506 1893 3673 1936 eam-

277 1964 651 2046 Ἐὑαγγέλιον,
714 1969 801 2024 καὶ
855 1969 949 2031 τὰς
992 1969 1045 2025 ἐν
1099 1972 1285 2033 αὑταῖς
1335 1970 1597 2031 συναπτὰς
1643 1969 1730 2026 καὶ
1782 1971 1939 2038 αἰτή-

2037 1979 2142 2040 que
2174 1980 2412 2022 causam
2438 1963 2660 2024 dicitur
2693 1965 3108 2039 secundarius,
3144 1982 3262 2024 non
3295 1965 3452 2044 quod
3480 1965 3544 2024 in
3574 1981 3674 2024 or-

299 2074 408 2116 σεις
479 2067 656 2111 ποιεῖν
690 2071 703 2086 ⁸
766 2059 850 2134 τὸ,
909 2057 1134 2124 ἀπόντος
1191 2068 1284 2117 τοῦ
1338 2057 1709 2138 ἀρχιδιακόνου
1750 2055 1941 2114 διδόναι

2037 2050 2166 2110 iine
2187 2051 2576 2114 diaconorum
2626 2054 2704 2114 sit
2734 2056 3057 2115 secundus.
3094 2052 3300 2115 Talem
3333 2053 3518 2130 igitur
3544 2053 3675 2114 oﬁi-

299 2143 511 2220 καιροὺς
554 2156 672 2206 τοῖς
731 2142 784 2198 ἒν
840 2152 916 2220 τῷ
973 2143 1177 2222 ἅμϐωνι
1213 2144 1498 2221 διακόνοις,
1531 2148 1618 2202 καὶ
1659 2144 1793 2204 ἄλλα
1822 2149 1943 2203 τινα

301 2231 483 2286 τούτου
563 2233 900 2311 ὑστερήματα
950 2234 1267 2314 ἐκπληροῦν.
1373 2237 1519 2293 Κατὰ
1603 2242 1755 2292 τοῦτο
1825 2245 1946 2313 γοῦν

301 2320 388 2374 καὶ
431 2317 648 2398 λέγαται
672 2320 1007 2403 δευτερεύων,
1077 2328 1180 2403 οὐχ
1223 2325 1304 2380 ὃτι
1374 2323 1653 2403 δευτερεύει
1715 2323 1767 2379 ἐν
1801 2323 1854 2379 ἐν
1881 2329 1949 2400 τῇ

300 2406 442 2471 τάξει
469 2415 574 2465 τῶν
604 2407 884 2474 διακόνων.
958 2415 1217 2479 Τοιαύτην
1278 2415 1374 2488 μὲν
1431 2416 1522 2468 οῦν
1561 2415 1596 2481 ἡ
1658 2412 1948 2490 παλαιτέρα

303 2494 586 2582 παράδο-σις
632 2499 760 2579 εἶχε
788 2500 886 2567 τὴν
915 2507 1020 2556 τῶν
1070 2502 1422 2582 ἀρχοντικίων
1485 2501 1627 2567 τάξιν
1698 2504 1785 2558 καὶ
1816 2503 1947 2557 στά-

304 2607 409 2644 σιν.
490 2571 595 2643 εδτι
652 2585 706 2643 δὲ
777 2591 828 2645 αἱ
889 2571 1444 2671 τούτων-’σφραγῖδες
1503 2601 1597 2649 τοῦ
1650 2589 1948 2665 θελήματος

303 2680 410 2730 τῶν
466 2674 759 2754 ἀρχιερέων
840 2677 1175 2757 ἐξήρτηνται,
1247 2678 1480 2760 διάφοροι
1552 2678 1606 2734 δέ
1687 2681 1782 2734 εἶσι
1864 2680 1952 2734 καὶ

305 2776 427 2825 ταῖς
457 2765 696 2841 γνώμαις
739 2767 828 2822 καὶ
858 2782 980 2832 ταῖς
1041 2768 1264 2846 ὀρέξεσιν
1319 2772 1364 2824 οἱ
1408 2769 1702 2848 ἀρχιερεῖς.
1766 2768 1950 2823 τούτου

2030 2138 2253 2199 ciorum
2279 2143 2550 2203 ordiuem
2577 2151 2634 2204 et
2672 2152 2888 2204 statum
2922 2145 3222 2223 antiquior
3242 2143 3450 2204 habuit
3483 2142 3674 2205 tradi-

2033 2229 2262 2291 tio.Sed
2285 2251 2417 2292 cum
2441 2233 2650 2294 horum
2675 2234 2870 2311 sigilla
2891 2248 2911 2276 τ
2942 2235 3245 2314 pendeant
3279 2252 3346 2294 ex
3378 2234 3680 2295 voluntate

2029 2319 2356 2380 antistitum
2391 2332 2438 2400 ε,
2469 2339 2718 2401 quorum
2748 2323 3062 2384 εθηῑθιιιὶω
3079 2330 3140 2383 et
3161 2322 3490 2384 voluntates
3511 2322 3681 2383 diffe-

2030 2415 2188 2482 runt,
2226 2417 2541 2488 propterea
2571 2418 2738 2472 vetus
2769 2413 3048 2472 confusus
3079 2419 3169 2473 est
3220 2411 3388 2474 ordo.
3417 2411 3680 2490 Indeque

2031 2493 2151 2557 nec
2173 2498 2497 2559 ofﬁciorum
2540 2501 2798 2562 conditio
2827 2503 2844 2541 ι
2900 2501 2962 2561 in
2993 2519 3098 2562 sua
3128 2501 3404 2562 ﬁrmitate
3435 2500 3676 2575 mansit,

2031 2585 2136 2646 sed
2189 2587 2355 2665 juxta
2410 2591 2726 2668 praesulum
2790 2590 3070 2669 placitum
3103 2589 3457 2651 labefactata
3485 2629 3512 2659 ιι
3546 2588 3677 2665 fuit,

2032 2674 2300 2735 confusio
2330 2685 2526 2737 autem
2559 2679 2690 2757 ipsa
2719 2677 2779 2738 in
2815 2697 3020 2740 eorum
3045 2678 3246 2738 multis
3267 2678 3528 2756 vigorem
3555 2685 3685 2739 tan-

2035 2763 2171 2823 dem
2199 2764 2346 2841 legis
2383 2766 2657 2829 obtinuit.
2693 2767 2858 2838 Quod
2878 2778 3072 2828 autem
3098 2766 3159 2826 in
3179 2767 3252 2827 iis
3272 2766 3679 2843 inveniuntur,

307 2853 465 2931 χάριν
496 2855 754 2932 συνεχέθη
818 2858 852 2923 ἦ
896 2856 1039 2922 τάξις
1069 2859 1102 2924 ἡ
1161 2856 1384 2920 παλαιά.
1447 2859 1728 2915 Κάντεῦθεν
1771 2855 1886 2911 ὀὑδὲ
1918 2859 1951 2923 ἡ

2037 2852 2138 2931 qui
2180 2861 2480 2934 utcunque
2510 2865 2650 2918 sunt
2681 2857 3102 2918 ecclesiasticae
3143 2856 3530 2935 experientiae
3553 2873 3676 2935 par.

307 2943 488 3004 στάσις
541 2945 648 2997 τῶν
705 2943 1056 3024 ἀρχοντικίων
1125 2946 1210 3002 ἐπὶ
1284 2946 1381 3013 τῆς
1438 2945 1679 3025 ἱδρύσεως
1723 2946 1948 3024 ἔμεινεν,

2037 2941 2270 3022 ticipes,
2293 2945 2700 3006 eminentioris
2731 2947 2971 3026 quidem
2995 2945 3222 3006 ordinis
3245 2944 3438 3007 ofﬁcia
3455 2945 3516 3004 in
3541 2961 3685 3024 pro-

309 3027 446 3087 ἀλλὰ
473 3034 880 3104 μετακεκίνηται
937 3036 1073 3090 κατὰ
1129 3037 1190 3090 τὸ
1233 3050 1349 3099 τοῖς
1416 3035 1715 3114 ἀρχιερεῦσι
1745 3033 1948 3096 δοκοῦν,

313 3109 374 3129 ι-
486 3120 496 3129 ι
765 3118 802 3129 ιι
905 3119 930 3129 ιι
1078 3122 1090 3129 ι
1393 3121 1408 3129 α
1463 3125 1471 3129 -
1691 3124 1700 3129 -
1893 3125 1902 3129 Α

2037 3030 2168 3108 prio
2200 3040 2352 3092 statu
2385 3051 2486 3093 seu
2521 3034 2795 3095 ﬁrmitate
2816 3049 2838 3079 ν
2865 3053 3111 3097 manere
3161 3042 3362 3095 sinunt
3389 3053 3402 3093 :
3432 3033 3684 3094 inferio-

313 3109 375 3175 Ἠ
438 3120 701 3198 σύγχυσις
759 3118 812 3176 δὲ
870 3119 1002 3189 αὕτη
1075 3122 1128 3177 ἐν
1182 3138 1298 3187 τοῖς
1351 3109 1586 3179 πλείοσι.
1614 3124 1833 3198 τούτων,
1879 3125 1951 3184 ὡς

2039 3119 2122 3178 iis
2151 3136 2371 3194 autem,
2409 3121 2516 3182 etsi
2533 3133 2784 3203 mutent,
2818 3133 3011 3187 tamen
3033 3142 3150 3184 non
3176 3123 3474 3203 sinejusta
3508 3140 3686 3183 causa

309 3207 493 3283 νόμος,
539 3207 728 3265 λοιπὸν
758 3209 1138 3288 ἐπεκράτησεν.
1190 3201 1320 3269 ’Ότι
1380 3209 1434 3266 δὲ
1483 3212 1535 3268 ἐν
1565 3213 1770 3274 τούτοις
1817 3213 1951 3290 εὒρίο

306 3298 520 3351 σκονταί
547 3318 685 3360 τινες
757 3298 983 3378 μέτοχοι
1040 3298 1282 3356 ὁπωσοῦν
1337 3303 1518 3375 πείρας
1575 3298 1954 3365 ἐκκλησιαστι-

303 3388 426 3464 κῆς,
485 3385 551 3440 τὰ
622 3386 720 3460 μὲν
789 3392 890 3453 τῆς
957 3388 1322 3467 ὑπερεχούσης
1396 3386 1590 3452 τάξεως
1649 3387 1957 3466 ἆρχοντίκια

305 3471 392 3529 ἐπὶ
420 3478 518 3540 τῆς
576 3475 770 3538 οἰκείας
841 3475 1017 3551 μένειν
1078 3477 1203 3533 ἐῶσι
1263 3477 1664 3546 καταστάσεως,
1725 3475 1760 3542 ἢ
1822 3473 1959 3554 ἱδρύ-

308 3582 446 3624 σεως
481 3578 496 3592 ⁸
545 3563 613 3623 τὰ
640 3561 695 3617 δὲ
737 3568 836 3630 τῆς
871 3562 1110 3644 δευτέρας
1167 3566 1210 3620 εἰ
1245 3565 1333 3621 καὶ
1391 3564 1777 3640 μετατιθέασιν⁹
1809 3562 1956 3637 ὅμως

309 3655 370 3708 οῦ
396 3651 563 3730 χωρὶς
591 3650 806 3730 εὐλόγου
856 3655 1019 3716 αἰτίας
1066 3661 1218 3710 τοῦτο
1275 3661 1548 3716 ποιοῦντες
1604 3650 1956 3727 καταλαμϐά-

322 3762 521 3815 νονται,
595 3740 629 3808 ἢ
688 3740 877 3820 ἀρετὴν
931 3740 1136 3810 δηλαδὴ
1220 3747 1500 3817 τιμῶντες,
1577 3742 1612 3809 ἢ
1671 3740 1851 3819 λόγον,

311 3827 483 3896 ἄλλην
513 3828 896 3906 ἐπαινουμένην
961 3831 1244 3910 ἐνέργειαν,
1304 3831 1434 3910 Ο’ίγε
1503 3833 1608 3906 μὴν
1653 3831 1957 3886 παντάπασι

309 3919 494 3998 πείρας
553 3917 829 3995 ἂμέθεκτοι
885 3923 972 3978 καὶ
1045 3921 1484 3996 ἀνεπιστήμονες,
1545 3921 1610 3977 τὰ
1665 3916 1774 3974 ἅνω
1815 3919 1960 3977 κάτω

313 4017 586 4072 ποιοῦντες
616 4009 936 4088 εὑρίσκονται
971 4026 986 4042 ⁸
1059 4012 1147 4066 καὶ
1190 4011 1225 4077 ἡ
1282 4009 1537 4088 παροιμία
1589 4008 1791 4069 τούτοις
1823 4006 1959 4081 ὁμό-

312 4095 530 4177 στολος,
588 4097 698 4154 ἄνω
749 4099 1006 4174 ποταμῶν
1063 4111 1268 4179 χωρεῖν
1325 4097 1551 4174 λέγουσα
1607 4097 1701 4160 τὰς
1759 4096 1958 4172 πηγὰς,

308 4187 397 4241 καὶ
451 4187 515 4241 τὰ
583 4187 724 4264 παρὰ
781 4185 1049 4250 Ἰουδαίοις
1119 4185 1514 4264 δευτερόπρωτα
1564 4182 1825 4256 σάϐϐατα,
1871 4184 1959 4238 καὶ

2037 3207 2097 3267 id
2128 3209 2322 3270 facere
2353 3210 2904 3291 deprehenduntur,
2966 3213 3171 3274 virtuti
3222 3222 3362 3292 puta
3391 3213 3680 3273 honorem

2037 3295 2349 3373 habentes,
2383 3301 2471 3359 vel
2529 3300 2768 3362 dicendi
2799 3301 3029 3381 peritia:
3069 3310 3114 3375 ι,
3149 3301 3240 3360 vel
3273 3299 3376 3361 alii
3407 3298 3688 3360 laudabili

2039 3384 2326 3448 facultati.
2383 3387 2494 3459 Qui
2538 3407 2676 3449 vero
2719 3389 3104 3468 experientia:
3135 3388 3379 3449 omnino
3419 3387 3602 3448 rudes
3633 3394 3691 3448 et

2041 3475 2324 3554 imperiti,
2361 3496 2490 3556 quae
2511 3497 2772 3557 sursum,
2805 3479 3088 3538 deorsum
3119 3494 3294 3554 agere
3317 3475 3690 3555 comperiun-

2042 3570 2170 3624 tur:
2201 3573 2257 3624 et
2279 3566 2740 3645 proverbiumiis
2759 3568 3055 3643 convenit,
3085 3566 3395 3626 ﬂuviorum
3412 3564 3692 3644 inquiens

2039 3654 2232 3714 fontes
2266 3675 2498 3716 sursum
2529 3674 2865 3716 recurrere.
2891 3655 3036 3717 Item
3057 3655 3399 3716 Judaaorum
3429 3653 3693 3715 secunda

2042 3735 2232 3813 prima
2263 3736 2524 3811 sabbata,
2561 3746 2618 3797 et
2651 3737 2910 3815 gravium
2943 3777 2967 3818 ε
2989 3737 3388 3816 sophistarum
3435 3735 3690 3814 prothy-

2041 3831 2259 3885 steraz.
2295 3823 2677 3904 Frequentati
2726 3843 2866 3902 ergo
2914 3842 3157 3886 moreSa
3188 3823 3333 3884 mihi
3361 3823 3490 3884 sine
3511 3823 3692 3883 dubio

2042 3914 2334 3991 sequendi
2363 3914 2657 3974 videntur.
2714 3914 2881 3986 Quod
2936 3913 2987 3975 si
3017 3914 3156 3994 quid
3191 3913 3253 3973 in
3285 3913 3378 3973 his
3408 3912 3693 3974 innovare

2043 4019 2291 4062 necesse
2315 4003 2411 4076 sit,
2459 4003 2637 4083 justis
2694 4005 2770 4065 de
2801 4003 2995 4065 causis
3029 4022 3149 4063 non
3187 4021 3293 4082 pro
3327 4001 3693 4081 singulorum

2044 4090 2287 4152 arbitrio
2339 4093 2400 4152 id
2434 4093 2796 4155 faciendum.
2821 4092 2972 4154 Sunt
2999 4100 3200 4153 autem
3233 4099 3290 4151 et
3323 4091 3436 4152 alia
3476 4091 3692 4171 ofﬁcia,

2046 4198 2176 4258 qua;
2205 4183 2611 4244 sacerdotibus
2669 4183 2925 4243 maxime
2957 4188 3314 4261 congruunt,
3347 4181 3690 4256 catechista,

310 4275 454 4353 παρὰ
481 4287 596 4338 τοῖς
625 4272 818 4339 δεινοῖς
877 4288 1157 4356 σοφισταῖς
1228 4275 1295 4330 τὰ
1352 4275 1707 4352 πρωθύστερα.
1781 4273 1953 4350 Χρεὼν

2044 4273 2592 4351 orphanotropieus,
2629 4283 2879 4352 quatuor
2907 4271 3275 4344 defensores,
3308 4269 3688 4350 luniinarius,

314 4365 402 4420 οὖν
429 4362 547 4438 ἐμοὶ
627 4361 797 4440 δοκεῖ,
856 4378 973 4428 τοῖς
1043 4363 1268 4426 πολλοῖς
1342 4360 1507 4418 ἔθεσιν
1576 4359 1953 4438 ἀναντιῤῥήτως

2046 4361 2462 4434 nummidator,
2498 4371 2556 4420 et
2585 4363 2822 4422 circitor
2851 4361 2900 4424 ι).
2939 4362 3252 4422 Lectorum
3285 4357 3478 4420 ofﬁcia
3508 4359 3633 4418 haec
3671 4375 3686 4416 :

316 4451 624 4508 ἀκολουθεῖν
654 4471 685 4512 ι
725 4468 739 4482 ⁸
790 4454 833 4508 εἰ
863 4451 918 4508 δέ
946 4475 995 4508 τι
1023 4454 1110 4509 καὶ
1152 4463 1496 4525 καινοτομεῖν
1527 4451 1733 4528 ἀνάγκη
1766 4449 1818 4506 ἐν
1848 4451 1953 4513 τού,

2058 4447 2419 4510 domesticus
2443 4451 2632 4512 dextri
2657 4449 2843 4525 chori,
2873 4449 3237 4510 domesticus
3266 4445 3492 4507 sinistri
3526 4465 3539 4504 :
3577 4464 3693 4523 po-

317 4561 451 4620 τοις,
511 4539 563 4605 ἐξ
618 4539 850 4619 εὐλόγων
914 4543 1116 4616 αἰτιῶν,
1176 4537 1296 4596 ἀλλ’
1383 4543 1478 4597 οὐκ
1545 4541 1608 4595 ἒκ
1653 4537 1953 4614 θελημάτωη

2054 4537 2178 4616 puli
2205 4547 2440 4599 coactor
2467 4554 2490 4581 ε
2519 4539 2795 4602 similiter
2828 4558 2842 4597 :
2897 4536 3264 4598 domesticus
3294 4542 3624 4607 cantorum,
3660 4551 3696 4593 a

317 4627 458 4684 ἰδίων
500 4636 652 4685 τοῦτο
692 4642 894 4690 ποιεῖν.
931 4631 1039 4686 Εἰσὶ
1069 4628 1123 4685 δὲ
1191 4630 1278 4685 καὶ
1322 4627 1474 4708 ἕτερα
1529 4626 1766 4707 ὀφφίκια,
1831 4627 1953 4710 ἅπερ

2051 4626 2405 4704 quibusdam
2439 4628 2772 4707 appellatus
2801 4626 3163 4706 protopsalta
3197 4644 3210 4682 :
3247 4621 3696 4703 primicerusle-

313 4715 545 4793 μάλιστα
600 4730 719 4780 τοῖς
783 4721 1000 4796 ἱερεῦσιν
1043 4718 1354 4797 ἀρμόζουσιν
1390 4737 1407 4754 ⁶
1469 4719 1496 4772 6
1542 4716 1626 4772 ἐπὶ
1693 4721 1799 4771 τῶν
1856 4739 1953 4773 κα-

2047 4724 2299 4790 ctorum,
2336 4721 2646 4795 praafectus
2703 4714 3108 4776 contaciorum
3135 4713 3187 4790 ά,
3220 4719 3691 4791 protocanonar-

312 4806 627 4886 τηχήσεων,
657 4809 684 4862 6
754 4805 1167 4886 ὀρφανοτρόφος,
1229 4808 1276 4860 οἱ
1346 4805 1596 4884 τέσσαρες
1653 4801 1846 4860 ἔκδικοι
1883 4809 1953 4862 '6

2045 4803 2214 4883 chus,
2241 4813 2300 4865 et
2321 4803 2662 4864 chartularii
2688 4821 2914 4882 magnae
2934 4799 3691 4886 sacellae,armariiquerva-

315 4891 502 4974 ἄρχων
523 4885 630 4951 τῶν
692 4895 902 4975 φώτων,
962 4885 994 4951 ὸί
1049 4891 1438 4971 νουμμοδὸτης,
1485 4895 1576 4975 καί
1627 4895 1655 4948 6
1697 4891 1953 4972 περιοδευε

2045 4907 2272 4952 sorum.
2343 4892 2562 4954 Theori
2637 4901 2862 4966 autem,
2951 4890 3076 4974 [seu
3147 4885 3578 4970 observatores]
3638 4895 3699 4949 et

475 4972 856 5064 Ἀναγνωστὼν
887 4972 964 5039 ’δὲ
1031 4983 1266 5064 όφφίκία,
1324 4992 1512 5043 ταῦτα.
1564 4972 1623 5037 Ὀ
1653 4978 1953 5056 δομέστικος

2045 4980 2331 5061 deputati,
2361 4989 2418 5042 et
2457 4981 2747 5062 camisati,
2800 5000 2918 5042 non
2953 4972 3100 5040 sunt
3131 4978 3351 5058 ofﬁcia,
3384 4976 3488 5038 sed
3526 4975 3697 5037 mini-

319 5079 414 5130 τοῦ
441 5069 630 5149 δεξιοῦ,
664 5083 852 5154 χοροῦ,
883 5075 911 5130 6
939 5070 1246 5150 δομέστικος
1304 5078 1398 5128 τοῦ
1427 5071 1721 5149 ἀριστεροῦ,
1757 5068 1953 5128 λαασυ-

2047 5070 2228 5132 steria
2257 5069 2330 5131 iis
2350 5071 2424 5131 ad
2448 5070 2632 5132 altare
2659 5088 2894 5132 sacrum
2924 5069 3218 5147 injuncta.
3250 5067 3296 5128 Τ
3301 5066 3504 5128 heoris
3535 5064 3694 5128 enim

1648 5232 1912 5300 VARLE
1954 5235 2275 5306 LECTION
2285 5239 2394 5302 ES.

404 5443 444 5475 ω
465 5411 790 5492 praefectus
816 5427 1003 5474 sacrm
1031 5410 1340 5492 stationis.
1395 5487 1406 5492 _
1445 5443 1473 5474 η
1497 5407 1815 5487 praefectus
1842 5413 2230 5492 secretorum.
2330 5415 2354 5446 °
2385 5410 2643 5472 lituuiis.
2750 5419 2776 5460 P
2807 5408 3098 5492 collectas,
3121 5413 3179 5470 et
3207 5422 3460 5492 preces._
3544 5440 3570 5482 q
3598 5403 3707 5484 qui

323 5486 564 5554 aunt-in
591 5486 896 5576 suggestu.
937 5573 948 5576 _
1011 5527 1032 5558 τ
1059 5486 1574 5569 conﬁrmationes.
1686 5496 1708 5528 ⁸
1730 5487 2106 5576 pontiﬁcum.
2222 5492 2466 5576 tsta_t2‘o.
2580 5501 2607 5531 ιι
2635 5497 2897 5576 mutata.
3029 5509 3052 5539 ν
3079 5491 3143 5548 in
3171 5486 3576 5576 suastatione
3603 5501 3709 5576 seu

319 5577 610 5637 sessione.
666 5563 729 5614 ’ί
750 5573 1068 5636 doctrinm.
1154 5563 1183 5624 ί
1211 5577 1568 5631 acutorum.
1647 5590 1669 5621 ι
1671 5563 2172 5653 λήἱοῂᾳςιιιζὶηια.
2260 5585 2284 5617 ι
2313 5571 2795 5653 Frequentiores
2822 5587 2962 5651 ergo
2990 5567 3470 5633 consuetudines.
3552 5563 3580 5606 ³³
3609 5564 3709 5628 vi-

327 5658 568 5716 simtor.
653 5654 678 5688 °
704 5653 977 5717 collector
1003 5653 1133 5715 sive
1160 5654 1588 5730 congregator,
1666 5648 1692 5680 α
1718 5648 2145 5729 pugillarium.

780 5785 1038 5850 PATROL.
1085 5780 1194 5846 Gn.
1244 5777 1441 5844 CXIX.
3054 5781 3124 5842 31
