4160 6212
432 318 439 327 .
514 269 626 334 971

1875 278 1909 339 J
1915 276 2006 338 US
2053 272 2503 339 CANONICUM

3777 274 3900 339 972

514 405 788 471 custodia
819 411 877 468 et
905 403 1236 485 observatgo
1269 421 1575 467 sacrorum
1605 423 1883 468 vasorum
1905 415 1965 469 et
1986 424 2155 486 oper-

2243 410 2440 475 νάκτης
2501 409 2696 484 ὁμοίως
2766 412 2795 466 6
2868 408 3176 486 δομέστικος
3246 416 3371 511 τῶνε
3403 409 3643 487 ψαλτιῖη,
3696 413 3726 468 ὁ
3755 412 3901 491 παρὰ

514 496 784 561 culorum
819 504 841 529 °
862 494 1090 556 credita
1112 503 1226 573 est,
1260 494 1586 572 praesertim
1609 494 1658 555 si
1680 494 1895 576 lapillis
1918 505 1980 560 et
2011 515 2163 558 mar-

514 587 724 665 garitis
753 597 774 639 f
797 584 914 645 sint
968 589 1271 643 exornata.
1305 583 1578 663 Deputati
1630 592 1826 645 autem
1860 584 2036 665 pallia
2068 585 2162 647 fe-

512 683 878 747 rentes,cum
904 670 1201 751 lapidibus
1221 680 1487 751 praeeunt
1503 672 2159 753 sanctumEvangelium

514 764 780 847 (quando
803 762 863 822 in
895 759 1212 822 amhonem
1245 773 1276 814 ε
1305 760 1581 822 lectionis
1602 779 1777 823 causa
1807 763 2072 844 aﬁ'ertur)
2108 770 2166 825 et

510 872 679 918 sacra
706 852 883 923 dona,
915 849 977 909 in
1033 848 1305 928 ingressu
1361 850 1433 910 ad
1482 858 1745 911 sanctam
1781 870 2071 923 mensam,
2106 860 2165 914 et

507 961 786 1022 regressu
815 940 887 1002 ad
912 956 1120 1000 eorum
1154 938 1644 1019 propositionem.
1679 939 1916 1021 Reliqui
1938 949 2160 1018 autem,

509 1033 793 1096 nimirum
853 1026 1141 1099 camisati,
1203 1027 1265 1087 in
1318 1027 1814 1091 circumferendis
1871 1029 1943 1092 ad
1979 1030 2165 1094 altare

512 1118 869 1187 carbonibus
889 1116 1134 1195 ignis,et
1151 1115 1340 1177 sacris
1364 1117 1602 1180 cacabis
1624 1116 2046 1196 calefaciendis
2073 1138 2164 1181 oc-

2243 521 2400 554 τινων
2478 499 2763 577 λεγόμενος
2850 498 3267 575 πρωτοψάλτης.
3357 498 3416 558 Ὀ
3508 501 3893 580 πριμμικήριος

2243 588 2350 643 τῶν
2393 585 2766 665 ἂναγνωστῶν,
2795 590 2823 644 6
2854 586 3038 667 ἅρχων
3094 594 3199 646 τῶν
3241 582 3541 646 κοντακὶων
3592 591 3623 644 ὁ
3676 610 3899 668 πρωτο-

2242 674 2597 754 κανόναρχος,
2654 677 2743 732 καὶ
2790 674 3198 756 χαρτουλλάριοι
3254 681 3352 745 τῆς
3421 677 3661 756 μεγάλης
3691 676 3899 734 saxi).-

2243 762 2368 834 λης,
2426 765 2515 820 καὶ
2560 763 2653 821 τοῦ
2708 763 3139 846 σκευοφυλακίου,
3182 767 3365 845 θεωροὶ
3422 763 3500 847 δὲ,
3573 767 3662 823 καὶ
3723 763 3896 823 δεπο-

2243 853 2418 928 τάτοι,
2507 852 2595 909 καὶ
2682 854 2993 929 καμισάτοι,
3067 854 3163 910 οὒκ
3235 856 3361 911 εἰσὶν
3441 855 3658 936 όφφίκια
3752 853 3897 911 ἀλλᾶ

2247 938 2500 997 διακονίαι
2532 942 2650 1019 περὶ
2704 943 2767 998 τὸ
2816 941 2970 1020 ἅγιον
3025 941 3197 1023 βῆμα,
3268 943 3473 1008 τούτοις
3541 942 3889 1023 ἁρμόζουσαν..

2247 1032 2305 1087 Οἱ
2335 1028 2433 1105 μὲν
2486 1029 2585 1109 γὰρ
2652 1030 2835 1110 θεωροὶ
2913 1029 3013 1098 τὴν
3065 1029 3304 1111 φυλακὴν
3373 1033 3461 1088 καὶ
3520 1033 3743 1111 τήρησιν
3792 1055 3892 1088 πι-

2246 1118 2512 1175 στεύονται
2566 1120 2673 1174 τῶν
2737 1118 2890 1196 ἱερῶν
2959 1126 3180 1196 σκευῶν,
3265 1121 3355 1177 καὶ
3421 1125 3528 1177 τῶν
3596 1120 3891 1198 καλυμμά-

513 1213 709 1294 cupati
746 1214 976 1279 sunt,ut
1023 1203 1187 1294 illinc
1232 1223 1398 1294 more
1423 1206 1596 1268 solito
1629 1224 1781 1287 aqua
1798 1206 2036 1269 fervens
2060 1226 2155 1269 sa-

2244 1229 2349 1263 των
2379 1206 2575 1281 αὐτῶν,
2621 1208 2665 1263 εἴ
2722 1205 2952 1283 μάλιστα
3008 1208 3330 1286 εὖρίσκονται
3376 1218 3541 1268 ταῦτα
3582 1207 3744 1275 λίθοις
3799 1211 3894 1267 καὶ

511 1292 630 1365 eris
662 1292 1260 1380 poculistempeslive
1291 1293 1639 1357 infundatur
1673 1317 1685 1354 :
1722 1295 1978 1377 aliisque
2000 1295 2155 1358 simi-

2245 1298 2531 1376 μαργάροις
2621 1297 2977 1373 κοσμούμενα.
3040 1300 3099 1355 Οἱ
3153 1296 3425 1359 δεποτάτοι
3466 1295 3548 1379 δὲ,
3631 1296 3890 1375 μανδυιο-

511 1379 671 1453 libus
722 1381 1094 1447 ministeriis.
1151 1379 1303 1442 Sunt
1363 1383 1563 1459 etiam,
1626 1383 1726 1464 qui
1786 1384 2155 1465 appellantur

2240 1387 2517 1464 φοροῦντες
2576 1385 2711 1460 μετὰ
2791 1383 3082 1460 λαμπάδων
3166 1387 3603 1466 προπορεύονται,
3679 1394 3773 1444 τοῦ
3826 1410 3891 1445 τε

509 1472 933 1562 patriarchales
966 1470 1277 1562 domestici
1313 1488 1327 1530 :
1362 1472 1516 1551 quod
1552 1472 1812 1562 ofﬁcium
1846 1482 1937 1536 est
1966 1473 2155 1537 lecto-

2240 1475 2388 1552 ἁγίου
2431 1471 2772 1551 Εὖαγγελίου,
2818 1475 2978 1530 ὁπότε
3017 1474 3328 1554 ἀναφέρεται
3386 1476 3461 1539 εἷς
3514 1480 3607 1533 τὸν
3637 1473 3883 1552 ἄμϐωνα,

506 1558 664 1631 rum.
700 1558 1093 1626 Ministerium
1144 1568 1340 1622 autem
1383 1562 1561 1641 hujus
1592 1570 1701 1641 est,
1736 1561 1797 1622 in
1827 1561 2103 1642 ingressu
2133 1562 2155 1605 ¹¹

2240 1566 2366 1638 πρὸς
2430 1561 2744 1641 ἀνάγνωσιν,
2800 1563 2889 1618 καὶ
2954 1569 3060 1620 τῶν
3117 1564 3281 1641 ἁγίων
3336 1561 3538 1645 δώρων,
3594 1564 3648 1621 ἕν
3715 1587 3774 1622 τε
3815 1571 3890 1642 τῇ

511 1653 885 1740 patriarchae,
921 1650 1142 1712 dicere.
1179 1646 1245 1709 In
1279 1649 1495 1711 multos
1525 1667 1737 1740 annos,
1774 1650 2054 1712 domine!

2240 1653 2312 1716 εἷς
2340 1652 2441 1719 τὴν
2482 1650 2635 1740 άγίαν
2682 1651 2942 1740 τράπεζαν
2999 1648 3207 1732 εἰσόδῳ,
3265 1654 3352 1710 καὶ
3420 1651 3474 1711 ἐν
3532 1654 3602 1722 τῆ
3657 1656 3729 1718 εἰς
3781 1656 3885 1722 τὴν

505 1737 750 1827 πρόθεσιν
793 1744 1030 1821 ἐπανόδῳ
1058 1742 1249 1820 αὐτῶν,
1284 1745 1344 1798 Οἱ
1372 1740 1545 1798 λοιποὶ
1575 1739 1652 1821 δὲ,
1684 1740 1844 1817 ἤγουν
1875 1744 1921 1797 οἱ
1952 1742 2254 1816 καμισάτοι,
2288 1739 2698 1820 ἐνασχολοῦνται
2730 1741 2845 1819 περὶ
2888 1737 3192 1816 διακομιδὴν
3221 1741 3488 1821 ἀνθράκων
3518 1745 3679 1822 πυρὸς
3706 1746 3778 1810 εἷς
3818 1747 3886 1801 τὸ

501 1837 892 1913 θυσιαστήριον,
926 1837 1013 1890 καὶ
1034 1835 1151 1911 περὶ
1180 1833 1278 1898 τὴν
1305 1834 1410 1886 τῶν
1452 1834 1602 1886 θείων
1631 1828 1870 1899 λεϐήτων
1898 1828 2187 1909 ἐκπύρωσιν
2218 1848 2231 1862 ⁸
2264 1830 2357 1886 ’ίνα
2413 1829 2614 1886 ἐκεῖθεν
2657 1830 2891 1898 συνήθως
2934 1828 3050 1900 ζέον
3079 1828 3214 1908 ὕδωρ
3255 1843 3372 1897 τοῖς
3406 1833 3575 1911 ἁγίοις
3604 1834 3881 1912 ποτηρίοις

501 1926 638 1983 κατὰ
665 1926 847 2001 καιρὸν
875 1922 1095 2003 ἐγχεθῇ,
1128 1923 1214 1976 καὶ
1244 1922 1361 1998 περὶ
1392 1915 1551 1984 ἄλλας
1594 1920 1778 1993 ὁμοίας
1809 1919 2011 1983 τούτοις
2040 1920 2350 1998 ὑπηρεσίας,
2382 1919 2493 1975 Εἰσὶ
2525 1915 2580 1973 δὲ
2609 1918 2696 1973 καὶ
2724 1920 2771 1973 οἱ
2800 1915 3079 1996 λεγόμενοι
3126 1919 3509 2000 πατριαρχικοῖ
3551 1918 3878 1997 δομέστικοι,

503 2015 602 2073 Καὶ
629 2019 783 2069 τοῦτο
812 2011 866 2068 δὲ
908 2015 969 2068 τὸ
999 2012 1259 2091 ὀφφίκιον,
1290 2014 1394 2064 τῶν
1436 2008 1787 2085 ἀναγνωστῶν
1817 2008 1949 2068 ἐστι.
1987 2008 2232 2064 Διακονία
2261 2006 2315 2063 δὲ
2344 2007 2550 2081 τούτου,
2585 2007 2644 2062 τὸ
2673 2005 2726 2062 ἐν
2751 2019 2869 2065 τοῖς
2899 2005 3140 2086 προόδοις
3168 2018 3262 2069 τοῦ
3316 2009 3647 2091 πατριάρχου
3698 2010 3884 2090 λέγειν

498 2103 581 2177 τὸ,
631 2104 719 2164 Εἰς
755 2099 927 2158 πολλὰ
957 2099 1074 2178 ἔτη,
1106 2098 1332 2154 δέσποτα
1366 2096 1380 2155 Ξ

580 2190 769 2251 Inter.
792 2174 1352 2251 Archidiaconicum
1391 2186 1651 2249 ofﬁcium
1681 2187 1854 2266 cujus
1876 2193 1963 2246 est
1985 2184 2145 2245 ordi-

2318 2174 2428 2264 Ἐρ.
2487 2186 2560 2242 Τὸ
2608 2183 3034 2264 ἀρχιδιακονικὸν
3105 2184 3348 2267 ἂφφίκιον
3399 2188 3554 2254 ποίας
3611 2188 3718 2246 ἐστὶ
3784 2192 3879 2247 τά-

506 2280 689 2354 nis,et
724 2278 893 2358 cujus
923 2277 1175 2357 gradus:
1220 2285 1277 2337 et
1305 2293 1378 2335 an
1407 2282 1617 2355 praeest
1645 2274 1920 2335 omnibus
1948 2274 2153 2335 diaco-

2240 2272 2393 2353 ξεως,
2424 2274 2512 2329 καὶ
2542 2274 2693 2330 ποίου
2722 2274 2921 2349 βαθμοῦ
2954 2289 2968 2303 ⁸
3029 2276 3120 2332 καὶ
3148 2276 3192 2331 εἰ
3248 2279 3563 2355 προΐσταται
3591 2285 3697 2335 τῶν
3736 2278 3879 2336 ὅλων

504 2367 809 2446 nis,quasi
832 2375 889 2428 et
908 2365 1037 2446 ipse
1060 2365 1511 2426 archidiaconus
1531 2363 1607 2424 sit
1632 2381 1704 2425 ex
1727 2363 1942 2425 ofﬁciis
1964 2363 2155 2425 eccle-

2240 2359 2518 2441 διακόνων,
2592 2363 2665 2425 ὡς
2710 2360 3101 2440 ἆρχιδιάκονος,
3174 2365 3262 2421 καὶ
3316 2365 3484 2422 αὐτῶν
3536 2374 3640 2425 τῶν
3672 2367 3879 2436 ἔκκλη-

505 2457 763 2519 siasticis
794 2453 810 2495 ί
844 2475 858 2517 ;
894 2464 953 2516 et
982 2473 1054 2515 an
1083 2455 1392 2534 praefertur
1421 2453 1698 2516 omnibus
1726 2453 1787 2513 in
1820 2452 2153 2513 divinorum

2240 2456 2523 2507 σιαστικῶν
2552 2450 2829 2531 ἀρχόντων
2862 2467 2876 2481 ’
2936 2453 3024 2508 κά
3082 2454 3126 2508 εί
3170 2461 3488 2533 προτιμᾶται
3547 2457 3758 2514 πάντων
3825 2458 3882 2513 ἐν

508 2551 1018 2607 sacramentorum
1049 2542 1472 2621 assumptione.
1512 2543 1585 2603 Et
1630 2562 1702 2603 an
1739 2541 1874 2602 licet
1900 2541 2153 2603 antistiti

2240 2545 2304 2616 τῇ
2360 2538 2660 2614 μεταλήψει
2717 2545 2822 2595 τῶν
2877 2541 3028 2595 θείων
3114 2545 3415 2622 μυστηρίων
3448 2560 3461 2574 ⁶
3535 2547 3623 2602 καὶ
3674 2548 3719 2602 εί
3789 2545 3876 2602 ἐπ’

506 2653 690 2713 supra
722 2652 848 2713 eos,
879 2631 979 2710 qui
1023 2629 1256 2709 priores
1290 2630 1541 2709 ingressi
1578 2639 1735 2703 sunt,
1773 2630 1917 2691 nihil
1950 2638 2151 2691 autem

509 2721 848 2782 habuerunt
889 2718 1069 2779 ofﬁcii
1091 2728 1130 2794 ι,
1165 2718 1393 2798 aliquos
1426 2737 1795 2799 praeponere,
1827 2718 1927 2798 qui
1956 2736 2151 2798 neque

506 2809 625 2891 ipsi
658 2810 843 2870 ullum
875 2807 1133 2869 habeant
1154 2806 1439 2888 ofﬁcium,
1475 2808 1578 2869 sed
1611 2807 1858 2889 pictacio
1881 2838 1908 2879 ιε
1937 2807 2063 2869 solo
2095 2817 2153 2869 et

500 2900 668 2980 jussu
721 2895 1164 2979 praerogativnm
1223 2896 1587 2977 acceperint.
1638 2894 1781 2969 Quae
1832 2910 2030 2957 autem
2063 2904 2152 2957 est

510 2995 775 3068 potestas
826 2984 981 3047 sacri
1042 2984 1344 3060 memoris,
1407 2994 1465 3048 et
1516 3004 1590 3047 an
1619 2985 1907 3048 diaconus
1936 2984 2155 3049 debeat

505 3094 636 3138 esse
666 3075 757 3137 vel
788 3075 1089 3137 sacerdos.

584 3165 725 3227 Res.
759 3163 1338 3227 Arcliidiaconorum
1370 3163 1627 3226 ofﬁcium
1661 3182 1779 3225 non
1805 3170 1894 3226 est
1925 3162 2149 3244 magis-

503 3255 715 3318 teriale
741 3257 782 3334 1,
814 3271 923 3314 nec
954 3272 1023 3315 ex
1058 3253 1414 3316 liberalitate
1462 3252 1802 3332 pontiﬁcali.
1839 3259 1901 3313 ut
1933 3252 2153 3330 magis-

505 3342 871 3421 terialia,sed
897 3350 983 3402 est
1010 3342 1560 3403 circumvolutionis
1589 3342 1907 3403 multorum
1940 3340 2153 3402 solium

506 3432 823 3495 terminus.
860 3429 1120 3511 Ideoque
1162 3438 1229 3493 ut
1260 3430 1546 3511 temporis
1577 3438 1636 3492 et
1680 3428 1905 3511 proprii
1938 3429 2156 3491 laboris

2235 2627 2408 2693 ἁδείας
2438 2628 2546 2684 ἐστὶ
2596 2634 2673 2702 τῷ
2728 2628 2972 2708 ἀρχιερεῖ
3029 2628 3208 2689 ἐπάνω
3263 2638 3368 2688 τῶν
3436 2633 3872 2713 προεισοδευσᾶν-

2233 2738 2338 2772 των
2369 2713 2535 2791 μηδὲ)
2602 2714 2657 2771 δὲ
2729 2716 2997 2796 σχόντων,
3058 2719 3273 2799 όφφίκια
3323 2721 3377 2795 5,
3435 2721 3629 2779 τιθέναι
3698 2725 3869 2799 τινὰς¹

2234 2803 2398 2880 μηδὲν
2428 2802 2554 2880 μηδ’
2586 2805 2770 2867 αὖτοὺς
2823 2803 3048 2884 ἔχοντας
3104 2808 3366 2888 όφιρίκιον,
3425 2809 3561 2869 ἀλλὰ
3616 2814 3875 2886 πιττακίιρ

2234 2894 2381 2970 μόνῳ
2408 2895 2494 2950 καὶ
2556 2892 2921 2973 προστάγματι
2993 2894 3091 2962 τὴν
3145 2898 3417 2978 ὑπεροχὴν
3471 2897 3748 2967 λαϐόντας.
3784 2903 3872 2965 Τίς

2232 2983 2287 3042 δέ
2333 2985 2473 3042 ἐστιν
2520 2988 2557 3054 ἡ
2599 2984 2835 3064 ἐνέργεια
2901 2996 2994 3046 τοῦ
3061 2991 3464 3069 ἱερομνήμονος,
3524 2996 3683 3051 καὶεῖ
3750 2992 3875 3052 διά-

2232 3097 2387 3139 κονος
2429 3077 2578 3139 οὗτος
2607 3072 2804 3155 ὀφείλει
2847 3074 3014 3156 εἶναι,
3041 3076 3076 3145 ἢ
3105 3080 3293 3158 ἱερεύς,

2315 3163 2442 3227 Ἀπ.
2518 3164 2589 3221 Τὸ
2618 3160 3071 3255 Δάρχιδιακονικὸν
3096 3167 3377 3255 νόφφίκιον,
3436 3175 3531 3230 οὐκ
3582 3171 3722 3230 ἔστιν
3771 3174 3875 3255 ἄρ.

2236 3274 2530 3334 χοντικιον,
2582 3250 2698 3309 0666
2740 3252 2802 3308 ἐκ
2866 3251 3167 3333 φιλοτιμίας
3222 3257 3624 3342 ἀρχιερατικῆς,
3696 3250 3876 3342 ὥσπερ

2234 3344 2301 3399 τὰ
2354 3342 2665 3421 ἄρχοντίκια
2697 3356 2712 3370 ⁸
2788 3349 3072 3422 περιφορᾶς
3135 3342 3190 3401 δὲ
3246 3346 3460 3406 πολλων
3501 3349 3665 3425 ἡλίιρν
3737 3373 3875 3429 συμ-

2236 3431 2502 3511 πέρασι-ια.
2578 3432 2667 3486 Διὸ
2722 3431 2811 3486 καὶ
2865 3433 2939 3495 ὡς
2982 3433 3177 3512 χρόνου
3233 3437 3320 3493 καὶ
3386 3435 3513 3496 ἱδίου
3552 3440 3719 3498 κόπου
3763 3438 3873 3497 δὼ-

512 3521 730 3582 donum
769 3519 1225 3582 archidiaconus
1254 3519 1436 3581 habet
1465 3518 1621 3580 inter
1642 3536 1850 3579 omnes
1874 3517 2155 3580 diaconos

2240 3542 2383 3600 ρημα
2426 3522 2454 3575 ὁ
2483 3516 2998 3608 ἆλρχιδιάκονοςγέχει
3028 3523 3115 3578 καὶ
3167 3524 3267 3591 τὴν
3319 3526 3593 3608 ὑπεροχὴν
3619 3527 3704 3586 ἐπὶ
3731 3529 3870 3586 πάν-

505 3609 949 3691 praarogativam
1003 3625 1064 3683 ιιι,
1124 3608 1246 3669 sive
1322 3607 1533 3670 ofﬁciis
1591 3606 1893 3688 quibusvis
1960 3606 2157 3667 ornati

504 3699 647 3774 sint,
680 3699 800 3758 sive
850 3715 969 3757 non
1028 3696 1171 3777 sint,
1206 3711 1266 3758 et
1298 3705 1414 3759 tam
1476 3696 1536 3757 in
1568 3696 1811 3777 templo,
1846 3703 1903 3757 et
1951 3704 2155 3757 sancto

505 3786 698 3858 altari,
735 3804 910 3865 quam
971 3785 1030 3846 in
1086 3786 1421 3846 divinorum
1480 3792 1983 3846 sacramentorum
2017 3802 2150 3865 per-

508 3875 806 3955 ceptione.
870 3873 1224 3952 Prmponere
1270 3882 1469 3934 autem
1524 3873 1756 3953 aliquos
1804 3873 2015 3935 ofﬁciis
2049 3891 2155 3953 per

509 3962 867 4037 chartulas“,
893 3968 1066 4023 etiam
1092 3962 1143 4022 si
1165 3961 1357 4023 ofﬁcia
1380 3961 1658 4033 habeant,
1686 3981 1863 4041 supra
1894 3980 2016 4035 eos,
2052 3961 2152 4042 qui

507 4052 707 4132 priore
738 4049 868 4111 loco
914 4049 1165 4128 ingressi
1198 4058 1356 4124 sunt,
1413 4050 1575 4111 nullo
1638 4052 1813 4111 modo
1864 4058 1952 4110 est
1978 4068 2149 4111 rece-

507 4146 767 4220 ptum,ut
784 4147 842 4200 et
867 4138 1179 4200 manifesto
1202 4138 1498 4219 iniquum.
1518 4137 1675 4201 Ordo
1700 4140 1858 4200 enim
1875 4147 1931 4201 et
1952 4139 2153 4200 condi-

507 4229 591 4292 tio
624 4229 896 4290 introitus
948 4228 1332 4290 diaconorum
1392 4238 1659 4310 tempore
1695 4231 2071 4311 componitur
2097 4247 2147 4299 ο.

507 4319 894 4398 ﬁrmaturque
925 4327 983 4379 et
1041 4327 1130 4380 est
1177 4318 1502 4380 immobilis
1530 4332 1576 4379 Ρ.
1610 4318 1687 4380 Iis
1704 4318 2153 4399 autem,quibus

505 4409 699 4470 honor
726 4426 846 4488 prae
865 4405 998 4469 aliis
1028 4427 1347 4470 concessus
1378 4415 1512 4481 est,‘
1537 4407 1752 4471 suﬁiiit
1781 4407 2152 4469 sacriﬁcante

506 4496 767 4559 antistite
799 4496 857 4556 in
909 4496 1157 4559 introitu
1218 4504 1277 4558 et
1325 4496 1387 4557 in
1418 4495 1978 4582 communicatione,
2014 4504 2153 4556 tunc

505 4593 730 4647 tantum
765 4584 1031 4664 praeferri
1088 4585 1240 4659 aliis,
1293 4583 1394 4666 qui
1427 4584 1660 4665 priores
1691 4591 1827 4645 sunt
1856 4582 2151 4661 ingressi;

2237 3632 2343 3667 των
2372 3613 2476 3664 τῶν
2504 3604 2784 3688 διακόνων,
2819 3607 2932 3664 εἴτε
2966 3610 3330 3691 ἀρχοντικίοτς
3385 3604 3684 3677 ὁποιοισοῦν
3724 3620 3869 3675 τετί-

2238 3719 2458 3774 μηνται,
2506 3695 2646 3786 εῗται
2679 3700 2767 3753 καὶ
2798 3698 2898 3775 μὴ,
2935 3696 2988 3786 ἔν
3029 3721 3086 3756 τε
3114 3708 3192 3775 τῷ
3235 3709 3364 3778 ναῷ,
3399 3703 3455 3760 ἐν
3483 3712 3561 3781 τῷ
3762 3706 3868 3783 βή-

2239 3809 2390 3875 ματι,
2437 3786 2524 3875 καὶ
2566 3783 2619 3841 ἐν
2675 3790 2745 3861 τῇ
2808 3785 3106 3863 μεταλήψει
3164 3797 3271 3847 τῶν
3325 3793 3476 3849 θείων
3544 3783 3867 3875 μυστηρίων,

2240 3876 2309 3932 Τὸ
2365 3872 2420 3931 δὲ
2475 3871 2559 3929 διὰ
2639 3876 2930 3931 πιττακίων
2985 3877 3178 3935 τιθέναι
3259 3882 3425 3957 τινὰς»
3486 3882 3586 3939 κᾶν
3659 3871 3869 3965 ὀφὶθίχία

2236 3961 2456 4042 ἔχωσιν,
2494 3961 2671 4018 ἐπάνω
2737 3964 2844 4020 τῶν
2912 3966 3441 4052 προεισοδευσάντων,
3486 3973 3663 4039 πάντη
3704 3961 3872 4029 *ἆνὲν-

2235 4050 2414 4109 δεκτον
2449 4067 2462 4081 ⁸
2496 4054 2569 4115 ὡς
2625 4053 2717 4141 καὶἷ
2770 4050 3047 4132 προδῆλως
3075 4054 3274 4118 ἄδικον,
3330 4051 3392 4116 Ἠ
3428 4050 3533 4141 γὰρ
3587 4060 3732 4127 τάξις
3783 4063 3872 4118 καὶ

2234 4141 2416 4203 στάσις
2443 4144 2539 4209 τῆς
2590 4139 2787 4200 εἷσοδου
2838 4144 2945 4198 τῶν
3001 4142 3253 4204 διακόνων
3322 4155 3398 4223 τῷ
3454 4139 3636 4229 χρόνῳ
3684 4150 3868 4228 ῥυθμί-

2233 4236 2398 4317 ζεται,
2432 4230 2519 4285 καὶ
2561 4229 2879 4308 στηρίζεται,
2940 4234 3027 4289 καὶ
3084 4233 3223 4292 ἔστιν
3279 4237 3683 4312 άμετακίνητος.
3741 4238 3870 4317 Ἀρ-

2233 4332 2322 4375 κεϊ
2360 4316 2420 4408 ,δὲ
2466 4329 2585 4408 τοῖς
2653 4319 2790 4408 οὕτω
2849 4323 3273 4399 προτιμωμένοις
3330 4328 3412 4402 τὸ,
3485 4316 3871 4408 ἱερουργυῦντος

2233 4416 2324 4465 τοῦ
2350 4405 2661 4486 ἀρχιερέως,
2723 4406 2778 4462 ἐν
2833 4415 2901 4484 τῇ
2964 4409 3147 4487 εἰσόδῳ
3202 4415 3289 4470 καὶ
3341 4414 3395 4471 ἐν
3449 4405 3544 4493 τῇ*
3575 4405 3871 4491 μεταλήψει

2234 4495 2517 4562 τηνίκαῦτα
2584 4494 2745 4569 μόνον
2838 4504 3187 4576 προτιμᾶσθαι
3256 4509 3361 4559 τῶν
3435 4501 3869 4583 προεισοδευσάν-

2234 4610 2363 4658 των,
2392 4591 2452 4646 οὔ
2466 4584 2538 4675 δι’
2580 4585 2711 4644 ἄλλο
2757 4610 2832 4670 τι,
2890 4590 2925 4659 ἢ
2996 4591 3077 4649 ὅτι
3131 4594 3486 4675 ἄρχοντικίοις
3540 4596 3870 4672 τετίμηνται.

506 4692 626 4761 non
655 4672 729 4734 ob
778 4673 960 4746 aliud,
1016 4692 1192 4753 quam
1243 4672 1400 4754 quod
1453 4672 1669 4736 ofﬁciis
1715 4671 1977 4733 decorati
2007 4670 2148 4734 sint.

2240 4677 2406 4754 Κωρὶς
2460 4672 2515 4730 δὲ
2570 4685 2662 4734 τοῦ
2716 4676 3034 4759 ἀρχιερέως,
3087 4670 3331 4742 οὐδέποτε
3387 4683 3617 4761 οὐδαμοῦ
3654 4670 3872 4753 ταύτης

508 4759 651 4855 _Sine
676 4761 934 4855 antistite
978 4780 1141 4838 vero,
1177 4762 1339 4823 nullo
1384 4778 1630 4843 usquam
1664 4761 1838 4822 modo
1869 4760 1978 4855 hac
2011 4778 2130 4841 prae

2240 4768 2334 4855 τῆς
2405 4764 2778 4855 προτιμήσεως
2860 4767 3266 4836 ἀπολαύσουσιν,
3339 4775 3399 4831 El
3452 4759 3554 4855 γᾶρ
3599 4775 3687 4832 καὶ
3755 4772 3875 4833 οὖδὶ

507 4849 729 4912 latione
758 4850 1029 4911 fruentur
1058 4872 1070 4913 :
1105 4870 1239 4912 cum
1264 4850 1314 4911 si
1368 4868 1478 4911 nec
1509 4850 1691 4911 ofﬁcii
1707 4850 1845 4930 jura
1876 4847 2151 4937 habeant,

2240 4851 2548 4931 ὰρχοντίκια
2603 4849 2842 4935 ἔχουσιν,
2901 4856 3227 4937 ὑπερϐάλλον
3282 4863 3344 4918 τὸ
3399 4847 3600 4921 ἆδίκον.
3674 4862 3761 4928 Εἰς
3825 4863 3880 4919 τί

506 4938 699 5017 major
731 4938 807 4998 sit
862 4937 1165 5019 iniquitas.
1223 4936 1343 5001 Cur
1392 4938 1552 4999 enim
1593 4937 1841 5020 simplex
1875 4936 2155 5000 diaconus

2240 4941 2335 5031 γὰρ
2385 4937 2590 5031 ,ἁπλοῦς
2660 4939 2897 5031 διάκονος
2947 4936 3126 5026 ἐτέρου
3189 4951 3642 5031 προτιμηθήσεται
3704 4948 3879 5008 ἁπλοῦ

508 5026 609 5089 alii
660 5025 1011 5108 praeferetur
1050 5026 1309 5107 simplici
1387 5025 1660 5108 diacono,
1721 5025 1825 5107 qui
1879 5024 2155 5087 introitus

2240 5026 2485 5087 διακόνου
2542 5024 3082 5118 προεισοδεύσαντος,
3156 5024 3304 5108 [IX-iw
3346 5024 3431 5096 Vel
3538 5038 3722 5118 ἀγαπᾷ
3771 5039 3879 5107 τὴν

1856 5182 2119 5250 νΑΡιΙιΕ
2142 5183 2577 5253 LEGTIONES.

581 5318 617 5369 κ
658 5316 713 5374 δὲ
741 5318 983 5398 σχόντων
1014 5319 1277 5400 όφφίκιον.

591 5454 614 5486 ο
638 5422 1036 5517 υειαπιίριιιηι.
1112 5444 1150 5517 ,ί
1163 5428 1413 5517 gamma}
1455 5424 1890 5517 et_unionibus._
1974 5459 2003 5503 ς
2029 5432 2402 5517 suggestum.
2489 5425 2517 5466 ¹ι
2541 5446 2658 5517 pro
2693 5432 2938 5517 mione.
3070 5434 3887 5516 ofﬁcialiumecclesiastico-

506 5522 662 5600 Iram.
705 5583 760 5600 Μ
813 5504 992 5600 jtjcet
1018 5504 1251 5600 nullan;
1282 5507 1608 5600 habuerint
1638 5507 1988 5600 dignitatem
2016 5504 2494 5600 ecclesiasticam.
2541 5504 2575 5600 ἠ
2628 5511 2864 5600 ,κῃριῄθοί
2886 5504 3189 5600 ἀιιηζααὲἱιε
3215 5524 3275 5580 et
3290 5520 3466 5600 jussu
3492 5518 3885 5600 dignitatem.

502 5585 520 5629 ι
550 5603 628 5676 ex
657 5583 1500 5676 ofﬁcialiumdiggzjtaubus;
1533 5605 1641 5649 nec
1671 5583 1963 5676 tribuitur
1989 5584 2229 5676 explibf.
2262 5585 2481 5676 ροηιὶἰἰ
2511 5594 2578 5650 ut
2605 5584 2958 5676 ofﬁcialium
2992 5583 3342 5676 dignitates.
3398 5610 3439 5641 ω
3466 5583 3884 5667 eminentiam.

569 5665 796 5730 breves.
882 5688 906 5720 ο
935 5667 1115 5727 statio
1146 5666 1543 5728 diaconorum
1571 5684 1682 5747 pro
1712 5672 1970 5743 tempore
1997 5664 2281 5729 introitus
2307 5664 2680 5747 regulatui."
2730 5684 2757 5727 ρ
2782 5664 3211 5741 ἰηιιηιιιαῦὶιέε.
