4160 6212
338 300 457 366 973

1707 301 2391 368 θΗΛΕΟΟ-ΗΟΜΑΝῙΙΜ

3607 313 3726 382 974

338 432 544 493 ἀδικίαν
574 438 603 492 ὃ
658 436 993 528 προεστὼς,Δ
1014 438 1108 528 καὶ
1146 439 1317 528 ,τοῦτο
1388 437 1635 528 πράττειν
1690 437 1979 528 ἀλογίστως

2069 410 2515 528 praarogativam
2546 438 2753 502 habuit
2774 438 2943 503 ?Nisi
2973 440 3352 524 iniquitatem
3384 451 3542 508 amat
3569 465 3727 528 pm-

340 525 435 580 οὐκ
461 522 847 602 ἐπιστρέφεται.
917 523 1061 582 Ἀλλ’
1117 527 1190 590 εἷς
1247 533 1402 583 τοῦτο
1452 524 1612 604 λόγος
1655 525 1838 602 οὐδεὶς,
1873 529 1987 583 ὡσ-

335 634 434 692 περ
464 611 579 672 οὐδὲ
638 615 790 694 φωνὴ
866 611 1168 687 ἐπᾳδόντων
1228 620 1301 680 εἰς
1385 613 1567 680 ἆπίδος
1622 618 1757 689 ὦτα,
1815 617 1986 672 κατὰ·

338 702 401 757 τὸ
457 700 918 780 ψαλτῳδούμενον,
978 705 1050 761 Τὸ
1131 710 1223 760 τοῦ
1289 705 1669 784 ἱερομνήμονος
1728 702 1783 759 δὲ
1840 705 1987 783 ὀφφί-

339 811 456 848 κιον
526 789 756 867 διακόνῳ
812 791 866 860 t5
935 793 1175 872 ἀνάγκης
1242 796 1498 874 προσήκει
1532 813 1550 831 °
1602 791 1784 861 ἐπειδὴ
1856 815 1984 849 συν-

339 883 600 961 υπουργὸς
631 884 780 947 οὗτός
811 882 922 939 ἐστι
976 889 1055 958 τῷ
1122 885 1436 963 κανστρισίῳ
1489 886 1560 949 εἰς
1618 884 1679 939 τὸ
1734 882 1986 963 περιτιθέ-

340 991 426 1026 ναι
493 971 593 1038 τὴν
649 972 790 1051 ἱερὰν
846 971 1039 1040 στολὴν
1097 980 1173 1048 τῷ
1228 973 1474 1053 ἀρχιερεῖ
1543 971 1790 1049 μέλλοντι
1839 975 1981 1051 ἱερο-

342 1071 621 1135 πρακτεῖν,
687 1061 747 1118 Ei
804 1058 860 1116 δὲ
929 1061 1090 1140 ἱερεύς
1145 1061 1284 1118 ἐστιν
1355 1064 1384 1118 ὁ
1430 1063 1788 1142 ἱερομνήμων,
1846 1067 1983 1135 κενῷ

342 1146 584 1224 ὀνόματι,
618 1150 690 1215 ὡς
718 1147 885 1214 οὕτως
913 1151 1107 1227 εἰπεῖν,
1163 1152 1564 1230 ἱερομνημονεῖ.
1597 1148 1724 1209 Οὑδὲ
1740 1151 1839 1229 γὰρ
1870 1148 1982 1215 ἐξὸν

341 1237 485 1312 αὒτῷ
530 1236 584 1293 ἒν
643 1249 765 1301 ταῖς
819 1240 1127 1319 ὑπηρεσίαις
1196 1246 1302 1296 τῶν
1355 1239 1747 1321 ἀρχιερατικῶν
1796 1238 1983 1295 στολι-

340 1324 580 1406 σμάτῶν,
610 1325 851 1386 διακόνου
873 1327 1012 1393 τάξιν
1043 1342 1252 1407 τηρεῖν.
1299 1330 1445 1393 Τινὲς
1476 1326 1531 1385 δὲ
1563 1334 1664 1386 τῶν
1695 1326 1984 1408 ἀρχιερέων

341 1412 395 1478 ἐξ
424 1412 661 1494 ἀπειρίας
703 1418 796 1481 τὰς
862 1416 1127 1499 ἐγγραφας
1184 1423 1290 1473 τῶν
1359 1418 1636 1497 μαρτύρων
1692 1417 1786 1482 τας
1829 1439 1980 1495 γινο-

343 1501 506 1578 μένας
556 1507 674 1585 περὶ
730 1508 835 1563 τῶν
888 1510 1117 1587 ἱερᾶσθαι
1172 1505 1450 1581 θελόντων,
1532 1505 1827 1562 ἀνατιθέασι
1904 1512 1982 1580 τῷ

340 1593 708 1673 ἱερομνήμονι,
794 1597 880 1651 καὶ
950 1593 1259 1653 λανθάνουσι
1341 1602 1620 1675 προφανῶς
1682 1593 1977 1659 ἀδικοῦντες

338 1681 431 1736 τὸν
457 1681 855 1763 χαρτοιρύλακα,
889 1691 977 1759 Τῷ
999 1685 1184 1742 τούτου
1242 1686 1341 1764 γὰρ
1387 1686 1612 1765 ὀφφικίῳ
1640 1684 1978 1760 ἐμπέπηκται

336 1772 425 1826 καὶ
448 1772 483 1838 ἡ
513 1775 611 1837 τῆς
646 1773 893 1839 τοιαύτης
950 1771 1211 1837 διακονίας
1259 1774 1494 1854 ἐνέργεια
1526 1794 1538 1806 ⁸
1600 1774 1685 1829 καὶ
1739 1772 1978 1849 οῶαμῶς

334 1860 396 1915 ὲκ
422 1859 610 1915 τούτου
660 1859 791 1928 αὕτη
847 1861 1318 1942 παρασαλεύσεται,
1369 1862 1547 1942 ὥσπερ
1588 1861 1653 1930 δὴ
1695 1864 1783 1920 καὶ
1811 1865 1846 1931 ἡ
1874 1868 1978 1920 τῶν

334 1950 376 2004 ἱε
384 1946 664 2027 ρολογιῶν,
822 2010 845 2025 '

418 2037 743 2116 Ἐρώτησις.
780 2039 838 2097 Εἰ
881 2037 965 2095 ἐπ’
996 2037 1167 2106 ἀδείας
1220 2040 1329 2096 ἐστὶ
1379 2044 1458 2116 τῷ
1513 2040 1776 2120 ἀρχιερεῖ,
1833 2064 1979 2123 χαρ-

337 2127 633 2207 τοφύλακος
702 2126 873 2200 ὄντος,
951 2129 1118 2202 ἑτέαῳ
1175 2127 1439 2204 οἱῷδήτινι
1513 2130 1816 2208 ἐπιτρέπειν
1867 2131 1978 2187 εἴτε

335 2217 562 2275 πάντοτε
594 2220 956 2293 σημειοῦσθαι,
1034 2217 1145 2274 εἴτε
1190 2218 1427 2284 καθάπαξ
1495 2225 1647 2277 τοῦτο
1705 2218 1975 2298 διενεργῆ-

333 2327 446 2365 σαι.
484 2307 587 2365 Καί
630 2308 786 2373 ποίας
817 2307 926 2363 ἐστὶ
968 2306 1217 2386 γλώσσης
1246 2311 1281 2377 ἡ
1338 2314 1429 2365 τοῦ
1471 2306 1777 2383 δομεστίκου
1805 2332 1975 2389 προσ-

335 2394 545 2474 ηγορία,
577 2397 663 2452 καὶ
706 2395 792 2452 ἐπὶ
848 2397 1021 2462 ποίαις
1078 2395 1361 2470 ἐξουσιάζει
1389 2402 1495 2453 τῶν
1523 2395 1974 2464 ἐκκλησιαστικῶν

334 2482 675 2544 ἀκολουθιῶν.

413 2571 539 2632 Ἀπ.
594 2574 666 2631 Τὸ
725 2578 1071 2649 σημειοῦσθαι
1128 2575 1197 2631 τὰ
1247 2577 1683 2654 παρεμπίπτοντα
1711 2582 1789 2650 τῷ
1830 2597 1971 2656 χαρ-

335 2661 672 2743 τοφυλακικῷ
796 2661 1056 2740 ἀξιώματι
1162 2666 1637 2746 ἀπαρεγχειρήτως
1679 2664 1974 2743 ἐγκεκόλα-

334 2773 463 2808 πται
496 2771 509 2784 ⁸
559 2751 674 2809 ὅθεν
716 2754 804 2809 καὶ
859 2753 1120 2833 παρόντος
1167 2754 1262 2830 μὲν
1291 2758 1473 2829 αὐτοῦ,
1534 2757 1625 2812 οὒκ
1695 2753 1806 2819 ἐξόν
1835 2753 1973 2811 ἐστιν

334 2839 474 2907 ὅλως
517 2845 596 2916 τῷ
622 2842 889 2923 ἀρχιερεῖ,
962 2842 1125 2922 ἑτέρῳ
1167 2843 1435 2901 ἀναθεῖναι
1492 2845 1786 2919 σημείωσιν
1831 2846 1978 2901 οἱαν-

2070 524 2184 605 sul,
2219 524 2399 607 idque
2429 527 2626 591 facere
2682 529 3128 593 inconsiderate
3159 551 3280 594 non
3312 524 3721 600 dubitethed

2071 613 2201 692 ejus
2229 615 2391 677 nulla
2422 617 2675 679 habetur
2702 620 2853 680 ratio
2876 621 3060 699 magis
3083 639 3256 701 quam
3285 623 3446 685 vocis
3468 635 3495 677 ιι
3516 624 3725 688 incan-

2068 701 2317 789 tantium
2377 704 2437 765 in
2491 724 2665 768 aures
2715 709 2962 788 aspidis,
3016 709 3185 789 juxta
3263 711 3413 774 illud
3471 711 3722 781 Psalmi.

2068 786 2524 856 Sacrimemoris
2546 803 2748 858 autem
2780 786 3041 859 ofﬁcium
3071 798 3144 859 ad
3177 800 3494 862 diaconum
3512 821 3721 867 neces-

2066 878 2222 939 sario
2256 883 2691 959 pertineLNam
2730 885 2828 946 hic
2859 886 3036 947 simul
3064 896 3197 948 cum
3225 890 3514 953 castrensi
3542 892 3727 959 servit

2065 967 2136 1027 ad
2169 966 2539 1031 induendum
2570 990 2738 1035 sacra
2758 973 2906 1034 stola
2924 974 3290 1058 pontiﬁcem,
3324 996 3461 1039 cum
3491 980 3724 1044 sacriﬁ-

2065 1063 2306 1118 caturus
2336 1066 2445 1121 est.
2506 1058 2675 1131 Quod
2736 1062 2786 1122 si
2846 1062 3237 1124 sacrimemor
3295 1074 3389 1128 est
3414 1068 3718 1146 sacerdos,

2066 1143 2425 1221 nudo,utsic
2447 1146 2676 1229 loquar,
2704 1150 2945 1212 nomine
2968 1169 3137 1213 sacra
3166 1163 3478 1219 memorat.
3513 1143 3721 1238 Neque

2069 1232 2231 1293 enim
2263 1234 2317 1295 ei
2344 1235 2486 1297 licet
2515 1237 2575 1297 in
2608 1238 3038 1317 pontiﬁcalium
3087 1252 3574 1306 ornamentorum
3610 1232 3724 1307 fni-

2067 1320 2355 1398 nisteriis,
2409 1324 2653 1386 diaconi
2712 1328 2986 1388 ordinem
3018 1346 3280 1392 servare.
3317 1330 3471 1393 Sunt
3519 1342 3718 1395 autem

2062 1409 2385 1501 antistites,
2422 1413 2524 1493 qui
2547 1432 2654 1494 per
2681 1414 3079 1495 ignorantiam
3113 1420 3367 1499 scriptas
3388 1419 3719 1501 depositio-

2064 1514 2171 1558 nes
2202 1500 2463 1577 testium,
2491 1521 2621 1583 quae
2650 1503 2726 1565 de
2756 1504 2831 1565 iis
2860 1505 3027 1582 ﬁunt,
3055 1507 3156 1587 qui
3187 1508 3410 1570 sacrari
3437 1500 3718 1593 volunt",

2062 1587 2445 1649 committunt
2481 1590 2915 1668 sacrimemori,
2978 1613 3090 1655 nec
3140 1594 3623 1660 animadvertunt
3653 1587 3720 1662 se

2061 1684 2266 1765 aperte
2295 1676 2578 1755 injuriam
2612 1681 2807 1742 facere
2839 1682 3302 1763 cbartophylaci.
3336 1683 3529 1765 Hujus
3561 1687 3719 1749 enim

2000 1744 2039 1793 Β
2063 1744 2320 1853 cohaeret
2340 1744 2535 1828 ofﬁcio
2562 1769 2738 1830 etiam
2772 1770 2904 1831 talis
2946 1744 3263 1834 minisierii
3291 1744 3576 1853 potestas,
3608 1794 3722 1838 nec

2060 1851 2175 1912 allo
2208 1856 2382 1916 modo
2414 1875 2485 1919 ex
2518 1875 2590 1919 eo
2644 1860 3000 1940 concutitur,
3056 1860 3212 1922 sicut
3271 1851 3384 1924 nec
3414 1881 3720 1927 sacrarum

2062 1944 2494 2021 precationum.

2141 2032 2438 2123 Interrog.
2471 2034 2562 2097 An
2593 2036 2769 2098 liceat
2791 2036 3059 2112 antistiti,
3082 2038 3542 2121 cbartopbylace
3570 2060 3718 2123 prte-

2064 2128 2231 2182 sente
2253 2132 2294 2195 8,
2328 2122 2428 2182 alii
2486 2124 2673 2186 cuivis
2730 2126 3102 2187 committere
3148 2126 3238 2187 vel
3272 2126 3332 2188 in
3363 2122 3715 2210 perpetuum

2062 2206 2788 2290 sigillanditpotestalem,
2821 2214 2911 2275 vel
2944 2214 3130 2275 semel
3163 2218 3278 2277 hoc
3329 2206 3612 2280 faciendi.
3645 2222 3719 2281 Et

2060 2300 2226 2379 cujus
2258 2301 2477 2383 lingua;
2494 2305 2907 2366 sitdomestici
2937 2306 3257 2386 appellatio
3286 2325 3298 2366 :
3328 2316 3386 2368 et
3408 2308 3469 2369 in
3500 2309 3718 2390 quibus

2059 2390 2476 2453 ecclesiaSticis
2500 2393 2815 2455 ordinibus
2846 2404 3199 2475 poteStatem
3225 2397 3460 2461 habeat.

2135 2565 2274 2659 Res.
2300 2568 2569 2648 Sigillare
2665 2591 2794 2652 quae
2826 2574 3207 2650 usuveniunt,
3238 2576 3713 2659 cbartophylacis

2057 2654 2325 2734 dignitati
2353 2659 2775 2723 inviolabiliter
2806 2665 3164 2744 impressum
3198 2673 3288 2726 est
3321 2685 3334 2725 :
3366 2654 3702 2747 undevprze'

2057 2756 2224 2807 sente
2253 2748 2375 2820 illo,
2440 2750 2600 2811 nullo
2635 2752 2808 2812 modo
2870 2753 3008 2814 licet
3057 2754 3304 2815 antistiti
3334 2756 3711 2819 committere

2062 2835 2499 2925 aliiquamlibet
2519 2839 3058 2920 subsignationem:
3086 2843 3201 2904 nisi
3215 2853 3709 2925 proptertongum

333 2928 539 3000 δήτινα.
591 2920 667 2988 Eii
693 2920 916 3008 pistore
968 2920 1175 3011 ἀνάγκη
1233 2933 1430 3012 ἐπείγει
1487 2931 1570 2989 διὰ
1626 2939 1829 3012 μακρᾶς
1859 2930 1979 2989 ὀδοῦ

2064 2920 2194 3000 iter,
2229 2934 2287 2986 et
2342 2944 2581 2988 causam
2632 2948 2703 2990 ex
2749 2930 2879 2991 loco
2939 2920 3368 3011 emergentem,
3414 2933 3544 2995 ﬁeri
3574 2920 3706 2994 eam

331 3019 567 3098 γενέσθαι
636 3021 949 3097 σημείωσιν,
1017 3019 1102 3078 διά
1158 3044 1277 3080 τινα
1333 3025 1469 3079 κατὰ
1538 3021 1697 3079 εόπον
1726 3022 1978 3102 ἀνπφυεῖ-

2064 3030 2308 3102 necesse
2330 3014 2427 3078 sit.
2462 3014 2630 3079 Tunc
2659 3019 2818 3079 enim
2852 3038 3029 3100 quem
3061 3005 3362 3099 delegerit
3386 3020 3706 3099 antistites,

332 3130 429 3165 σαν
477 3108 741 3171 ὑπόθεσιν,
798 3119 1097 3178 Τηνικαῦτα
1165 3111 1290 3188 γὰρ,

333 3196 632 3279 ἀρχιερεὺς,
743 3197 1058 3257 ἀποστέλλει
1152 3197 1338 3272 δικαίῳ
1417 3202 1577 3258 αὐτοῦ
1676 3200 1976 3269 τηρήσοντα

328 3287 417 3344 καὶ
458 3288 887 3363 σημίιωσόμενον
938 3290 1039 3356 τὴν
1098 3288 1364 3348 ὑπόθεσιν.
1424 3293 1715 3352 Νοσοῦντος
1769 3287 1864 3364 μέν
1893 3310 1973 3343 τοι

325 3382 421 3433 τοῦ
447 3376 876 3457 χαρτοφύλακος,
918 3378 954 3446 ἢ
1005 3374 1427 3457 ἀποδημοῦννος,
1486 3375 1598 3434 ἄντ’
1671 3376 1870 3434 ἐκείνου
1898 3383 1975 3451 τῷ

327 3466 877 3547 ὑπομνηματογράφῳ
930 3466 1133 3524 ἀνεῖται
1184 3468 1219 3535 ἡ
1281 3463 1483 3528 ἕκθεσις
1534 3466 1623 3521 καὶ
1678 3465 1972 3542 ἀνάγνωσις

326 3555 433 3609 τῶν
482 3560 574 3610 τοῦ
629 3552 1090 3634 χαρτοφυλακικοῦ
1155 3554 1399 3634 σεκρέτου
1454 3555 1969 3629 ὑπομνηματισμῶν.

332 3632 395 3699 Ἦ
464 3648 557 3699 τοῦ
634 3632 946 3717 ήδομεστίκου
1042 3640 1096 3699 δὲ
1180 3632 1505 3722 προσηγορία
1605 3642 1739 3699 κατὰ
1808 3641 1973 3697 Λατί-

331 3753 449 3795 νους
516 3733 607 3787 τὸν
656 3731 967 3813 ἐξάρχοντα,
1020 3734 1110 3789 τὸν
1163 3736 1588 3812 προηφούμενον,
1619 3733 1710 3787 τὸν
1759 3729 1981 3786 ἐπιστά-

331 3841 431 3886 την
462 3816 643 3887 δηλοῖ.
698 3824 842 3878 Καθὰ
898 3820 962 3890 δή
1005 3823 1093 3878 καί
1156 3823 1287 3901 παρὰ
1327 3834 1448 3884 ταῖς
1522 3818 1826 3896 βασιλικαῖς
1879 3841 1981 3874 τα-

330 3907 594 3988 ξιαρχίαις
655 3908 862 3987 λέγεται
920 3909 1227 3987 δομέστικος
1285 3910 1382 3965 ἀνὰ
1441 3908 1597 3989 μέρος
1666 3908 1753 3963 καὶ
1783 3908 1979 3963 ἀνατο-

328 3996 449 4069 λῆς,
485 3999 573 4055 καὶ
602 3996 820 4073 δύσεως,
852 4001 939 4056 καὶ
967 3999 1185 4080 σχολῶν
1220 4019 1233 4033 ·
1279 3998 1416 4056 κατὰ
1457 4000 1548 4054 τὸν
1597 3998 1752 4053 αὐτὸν
1783 3994 1847 4064 δὴ
1877 3995 1976 4051 λό-

327 4110 422 4166 γον
464 4087 561 4143 xciv
591 4100 712 4154 ταῖς
771 4087 1242 4156 ἐκκλησιαστικαῖς
1299 4086 1475 4153 τάξεσι
1532 4085 1839 4162 δομέστικος
1882 4083 1978 4140 λέ-

329 4198 506 4255 γεται,
552 4175 653 4233 εἴτ’
708 4178 796 4235 οὖν
848 4176 1091 4258 ἀρχῳδὸς
1147 4180 1235 4235 καί
1295 4176 1584 4242 ἐπιστάτης
1653 4174 1759 4231 τῶν
1840 4171 1977 4249 μελ-

329 4261 500 4338 ῳδιῶν
525 4287 582 4321 τε
610 4268 697 4323 καὶ
739 4272 846 4323 τῶν
914 4265 1187 4343 μελῳδῶν,
1248 4269 1340 4324 οἷα
1391 4267 1464 4329 εἷς
1508 4265 1698 4343 ῥυθμὸν
1728 4264 1815 4319 καὶ
1838 4261 1981 4327 τάξιν

1383 3111 1440 3166 ὃν
1524 3110 1585 3166 ἃν
1642 3109 1916 3177 ἐκλέξηται
1948 3112 1975 3166 ὁ

2064 3101 2190 3180 iure
2218 3120 2325 3163 suo
2352 3104 2561 3179 mittet,
2595 3107 2697 3186 qui
2756 3127 2992 3169 causam
3043 3108 3465 3170 observaturus
3516 3108 3613 3184 sit,
3652 3117 3712 3171 et

2058 3189 2251 3268 sigillo
2274 3192 2615 3254 ﬁrmaturus
2635 3224 2680 3255 ν.
2705 3195 3044 3273 Egrotante
3064 3214 3203 3257 vero
3227 3196 3703 3278 chartophylace,

2057 3288 2158 3340 aut
2202 3280 2465 3356 absente,
2526 3284 2916 3362 promulgatio
2962 3292 3021 3345 et
3090 3284 3266 3346 lectio
3327 3296 3705 3364 regestorum

2055 3370 2272 3439 secreti
2328 3372 2829 3452 chartnphylacici
2904 3372 3168 3433 actuario
3243 3376 3536 3452 permissa
3592 3384 3705 3441 est.

2054 3458 2378 3546 Domestici
2434 3470 2632 3521 autem
2678 3460 3017 3541 appellatio,
3080 3461 3409 3522 secundum
3444 3464 3705 3546 Latinos,

2056 3545 2269 3607 ducem
2302 3552 2344 3619 ⁸,
2377 3550 2783 3627 praepositum,
2821 3550 3160 3629 praefectum
3202 3550 3516 3627 signiﬁcat.
3548 3545 3708 3615 Sane

2057 3635 2554 3714 quemadmodum
2605 3637 2662 3696 in
2699 3638 3097 3716 imperatoriis
3150 3641 3423 3700 ordinem
3457 3644 3711 3720 praefec-

2065 3722 2213 3782 turis
2263 3724 2479 3783 dicitur
2537 3724 2894 3786 domesticus
2948 3726 3009 3786 in
3061 3725 3331 3806 partibus
3369 3728 3614 3790 orientis
3652 3739 3714 3791 et

2063 3811 2388 3872 occidentis
2415 3828 2459 3880 ι,
2488 3812 2629 3872 item
2664 3814 2999 3874 scholarum
3029 3834 3043 3877 :
3072 3814 3279 3877 eadem
3311 3816 3541 3877 ratione
3559 3824 3618 3879 et
3646 3818 3711 3879 in

2062 3899 2477 3961 ecclesiasticis
2558 3901 2869 3963 ordinibus
2937 3902 3298 3965 domesticus
3355 3906 3707 3985 appellatur,

2066 3988 2332 4050 videlicet
2389 3998 2736 4072 praecentor,
2792 4001 2853 4055 et
2910 4001 3238 4054 cantuumz
3282 4005 3711 4077 cantorumque

2061 4077 2367 4157 praefectus
2403 4097 2415 4140 :
2473 4092 2538 4140 ut.
2594 4080 2653 4140 in
2695 4100 3008 4143 numerum
3038 4091 3095 4144 et
3126 4082 3398 4144 ordinem
3427 4091 3543 4145 tam
3579 4104 3705 4161 eos,

2061 4185 2235 4247 quam
2270 4171 2573 4230 cantiones
2603 4188 2989 4251 componens.
3018 4172 3201 4252 [dque
3231 4172 3424 4252 ipsum
3454 4181 3709 4253 potesta-

2062 4262 2180 4315 tem
2214 4255 2393 4317 habet
2429 4257 2491 4319 in
2520 4258 2948 4322 universalibns
2996 4260 3248 4338 vigiliisa
3276 4261 3710 4342 auspicationes

329 4357 589 4411 καθιστῶν
660 4356 844 4420 αὐτούς
900 4378 958 4412 τε
1005 4359 1092 4414 καὶ
1146 4357 1213 4414 τὰ
1268 4353 1647 4432 μελῳδήματα.
1685 4350 1978 4430 Ἐνέργειαν

2064 4344 2337 4422 faciendi,
2374 4346 2624 4411 dicendo
2654 4349 2725 4409 ad
2751 4350 3071 4410 antistitem
3105 4350 3193 4411 vel
3226 4357 3583 4429 praesentem
3612 4369 3708 4412 sa-

330 4439 384 4498 δὲ
426 4440 566 4527 ἔχει,
615 4446 740 4527 αὐτό
790 4466 869 4527 ,τε
909 4455 1083 4527 τοῦτο,
1135 4446 1223 4503 καὶ
1290 4446 1352 4527 τὸ
1408 4443 1464 4500 ἐν
1518 4456 1640 4527 ταῖς
1669 4440 1979 4527 καθολικαῖς

329 4522 614 4603 παννυχίσι
643 4525 742 4592 τὴς
785 4523 1012 4606 ἐνάρξεις
1060 4522 1261 4601 ποιεῖν,
1294 4523 1348 4580 ἐν
1396 4529 1475 4597 τῷ
1543 4523 1803 4603 ἐκφωνεῖν
1849 4522 1980 4600 πρὸς

330 4612 423 4667 τὸν
452 4611 726 4694 ἀρχιερέα³
761 4614 797 4684 ἢ
826 4616 916 4672 τὸν
984 4615 1217 4695 παρόντα
1287 4612 1447 4692 ἱερέα,
1505 4613 1588 4692 τὸ,
1649 4609 1978 4690 Εὒλόγησον,

332 4697 584 4762 δέσποτα.
644 4704 707 4758 Αἱ
789 4710 1027 4761 τοιαῦται
1086 4702 1143 4759 δὲ
1216 4698 1532 4781 παννυχίδες
1602 4700 1833 4778 γίνονται
1886 4697 1981 4773 μὲν

331 4788 419 4849 καὶ
449 4786 504 4844 ἐν
559 4787 743 4856 ἄλλοις
800 4804 1032 4871 καιροῖς,
1091 4788 1366 4871 ἐξαιρέτως
1434 4787 1489 4845 δὲ
1546 4788 1601 4843 ἐν
1645 4800 1769 4852 ταῖς
1825 4786 1981 4843 πέντε

331 4875 556 4957 ἡμέραις
583 4882 681 4945 τῆς
737 4880 952 4959 πρώτης
1007 4876 1293 4955 ἑϐδομάδος
1363 4877 1471 4935 τῶν
1535 4881 1814 4947 νηστειῶν,
1847 4875 1984 4950 μετὰ

331 4965 432 5048 τὴν
478 4971 578 5033 τῆς
648 4968 935 5048 ἱερουργίας
1016 4970 1122 5027 τῶν
1197 4964 1641 5048 προηγιασμένων
1698 4962 1980 5026 ἀπόλυσιν.

416 5045 525 5135 Ἐρ.
572 5056 649 5114 Τὰ
691 5045 987 5133 ἀντιμίνσια
1044 5058 1133 5115 καὶ
1172 5045 1250 5114 ἓν⁷
1299 5045 1502 5136 ἑτέραις
1544 5052 1643 5133 ἄρα
1698 5053 1980 5133 ἐπαρχίαις

335 5141 802 5224 παῤῥησιάζονται,
847 5146 884 5216 ἢ
914 5145 969 5203 ἐν
1038 5147 1178 5223 μόνῃ
1259 5150 1330 5222 τῇ
1384 5153 1491 5209 τοῦ,
1544 5141 1978 5221 διενεργήσαντος

2061 4434 2677 4538 cerdotem_,.l.3enedic,
2701 4438 2966 4501 domine.
2992 4437 3156 4538 :i‘alia
3178 4446 3376 4538 autem
3404 4438 3711 4538 peyigilia

2062 4525 2210 4587 ﬁunt
2241 4533 2298 4586 et
2324 4525 2456 4585 aliis
2481 4525 2722 4605 quidem
2758 4526 3148 4607 temporibus,
3180 4528 3286 4586 sed
3320 4525 3615 4607 praecipue
3646 4530 3709 4590 in

2061 4614 2322 4695 quinque
2373 4608 2586 4675 diebus
2639 4613 2845 4693 primae
2900 4614 3286 4676 hebdomadis
3337 4614 3708 4694 jejuniorum

2062 4710 2195 4784 post
2260 4701 2673 4764 dimissionem
2748 4703 3021 4765 sacriﬁcii
3073 4708 3099 4749 δ
3178 4703 3703 4783 ρι’ωεεηοιίίίοειο-

2062 4809 2196 4854 rum
2205 4838 2219 4854 .

2146 5045 2335 5139 Inter.
2367 5047 2738 5116 Antimensia
2763 5072 2839 5118 an
2868 5051 3057 5119 libere
3088 5052 3231 5117 ﬁant
3258 5069 3282 5101 ο
3316 5055 3378 5118 in
3406 5054 3540 5120 aliis
3563 5075 3703 5139 pro-

2061 5136 2418 5217 vinciis;an
2452 5142 2512 5202 in
2564 5142 2691 5204 sola
2739 5144 2887 5223 ejus,
2945 5145 3049 5226 qui
3103 5163 3174 5207 ea
3203 5154 3483 5228 operatur
3502 5136 3709 5228 “,inon

1657 5306 1918 5375 VARLE
1959 5305 2390 5373 LECTIONES.

413 5482 441 5526 ς
469 5447 596 5524 Quo
626 5465 793 5528 casu,
824 5451 1001 5516 naua
1028 5454 1223 5521 ιοαιτη
1250 5455 1427 5520 habet
1456 5451 1794 5526 ratio,'n0n
1820 5445 2041 5525 magis,
2072 5460 2252 5530 quam
2282 5460 2420 5507 vox.
2464 5481 2487 5513 τ
2513 5448 2848 5512 sacerdotes
2873 5449 3032 5530 ﬁeri.
3077 5486 3100 5520 ι
3121 5447 3311 5530 amoto
3339 5448 3713 5514 chartularii

330 5523 454 5623 non
481 5538 734 5623 uocante
776 5523 788 5528 ⁷
827 5536 1159 5616 tsignandi
1186 5536 1281 5601 vel
1310 5534 1588 5599 notandi.
1613 5523 1636 5623 "
1661 5567 1700 5623 nl
1720 5523 1964 5590 Nature.
1991 5523 2556 5623 _‘:‘subnotatu1'us.
2594 5614 2606 5623 _
2642 5556 2669 5588 ι
2692 5523 3052 5623 principem.
3097 5523 3298 5606 diem,
3331 5532 3705 5623 praefectum.

326 5617 354 5662 ι
379 5607 701 5696 sigillati":
735 5621 861 5678 tum
890 5603 1167 5696 ai'ientis,
1206 5626 1355 5684 tum.
1443 5611 1907 5696 {modulorum
1989 5603 2254 5696 ‘Munus
2281 5609 2413 5685 ejus
2442 5603 2715 5696 est,__ttmi
2751 5609 2861 5675 hoc
2880 5603 3079 5694 ipsum
3100 5603 3296 5691 agere,
3329 5603 3472 5696 ἱιιηζ
3493 5613 3564 5696 in
3597 5630 3709 5693 ge-

207 5740 217 5748 .
326 5686 639 5755 neralibus
666 5697 1030 5776 pervigiliis.
1116 5686 1303 5783 {post
1333 5694 1762 5761 absolutionem
1789 5686 2282 5756 consecrationis.
2367 5734 2391 5768 ε
2419 5703 2501 5749 οη
2532 5686 2717 5779 libere
2745 5686 3192 5773 perci'viantui‘.

3298 5692 3591 5771 perfecit.
