4160 6212
530 281 647 349 975

1912 285 1943 350 J
1950 287 2042 350 US
2083 284 2524 351 CANONIGUM

3778 284 3886 350 91.46

528 425 697 482 extra
726 422 1109 500 provinciam.
1143 421 1213 482 Et
1233 422 1374 503 quid
1396 422 1508 483 hoc
1545 421 1746 485 Graece
1763 421 2075 499 signiﬁcet,
2109 435 2140 480 e

2229 424 2432 491 ταῦτα,
2467 420 2554 475 καὶ
2585 422 2646 477 οὐ
2673 419 2797 500 παρ’
2852 420 3077 501 ἕνορίαν.
3144 423 3240 481 Καὶ
3310 423 3358 477 τί
3427 421 3670 495 σημαίνει
3741 425 3884 477 τοῦτο

529 510 826 590 quomodo
853 511 1237 574 scribendum
1271 511 1374 593 sit,
1408 531 1517 593 per
1544 513 1646 581 ἦτα
1667 529 1740 572 an
1773 529 1881 589 per
1910 511 2069 572 ἵῶτα.
2105 507 2167 571 Si

525 598 774 680 penuria
803 601 878 661 sit
907 599 1216 678 unguenti,
1275 619 1348 661 an
1380 600 1556 662 liceat
1585 597 1886 661 inventum
1914 615 2018 678 per
2049 596 2168 660 olei

527 687 867 750 mistionem
893 707 1133 766 augere.

603 775 784 856 Resp.
837 776 1204 839 Antimensia
1263 777 1699 840 sacriﬁcatoriae
1749 775 2168 856 participantia

524 863 836 939 facultatis,
900 885 1079 947 quam
1128 877 1357 945 septem
1416 866 1647 928 dierum
1691 864 2166 944 consequentiae

524 954 988 1016 consecrationis
1019 956 1093 1018 de
1132 974 1280 1017 novo
1315 963 1748 1018 exstructorum
1783 954 2163 1035 templorum,

520 1043 724 1124 positae
749 1045 809 1106 in
841 1064 912 1107 eo
943 1046 1133 1120 altari,
1167 1046 1323 1125 quod
1369 1046 1492 1109 illic
1523 1052 1634 1119 est,
1670 1063 1774 1125 per
1804 1041 2164 1106 sacriﬁcium

519 1131 771 1209 inducit,
831 1134 934 1196 ubi
991 1136 1204 1196 horum
1262 1154 1401 1196 usus
1427 1143 1540 1208 est,
1575 1134 1706 1195 sine
1736 1133 2163 1214 impedimento

517 1220 996 1284 distributionem
1029 1224 1345 1285 admittunt
1372 1242 1384 1285 :
1411 1242 1523 1284 nec
1545 1224 1658 1284 hac
1677 1223 1765 1284 vel
1793 1223 1892 1282 illa
1919 1221 2160 1302 provin-

524 1309 816 1391 cia,cujus
839 1312 1179 1392 jurisdictio
1213 1312 1417 1393 [forte]
1442 1311 1740 1390 obtigerit,
1777 1308 2161 1372 circumscri-

518 1398 762 1464 buntur.
821 1399 1052 1462 Etenim
1114 1407 1278 1462 extra
1331 1400 1617 1462 terminos
1677 1400 1851 1472 facta,
1906 1400 2055 1460 sicut
2105 1405 2164 1458 et

2253 497 2602 588 Ἐλληνικῶς,
2670 497 2760 565 καῖ
2823 497 2952 574 πῶς⁷
2981 509 3063 568 δεῖ
3105 511 3412 591 γράφεσθαι,
3472 499 3541 566 δι’
3597 509 3703 577 ἧτα
3756 507 3793 576 ἢ
3820 504 3884 564 δι’

2248 598 2376 651 ῑῶτα
2405 615 2420 675 ;
2457 598 2515 653 Ei
2543 598 2730 661 σπάνις
2774 596 2828 654 δέ
2853 597 2963 655 ἐστι
2996 601 3180 678 μόρου,
3221 598 3383 665 ’ἑξεστι
3427 621 3488 675 το
3521 597 3883 676 εὑρισκόμενον

2247 680 2344 768 διὰΔ
2361 685 2622 762 μίγματος
2666 684 2840 745 ἐλαίου
2869 686 3218 754 πληθύνεσθαι
3241 707 3257 768 ς

2331 764 2455 834 Ἃπ.
2515 776 2591 832 Τὰ
2648 775 2966 857 ἆντιμίνσια,
3053 782 3150 844 τῆς
3235 764 3547 855 ἆγιαστιγῆς
3622 772 3884 846 δυνάμεως

2248 862 2608 942 μετάσχοντα,
2655 864 2720 932 ἢν
2780 869 2962 928 αὐτοῖς
2997 867 3032 934 ἡ
3085 870 3186 933 τῆς
3242 865 3598 944 καθιερώσεως
3654 865 3758 921 τῶν
3829 862 3884 920 ὲκ

2248 950 2364 1006 νέου
2433 951 2842 1031 ἆνεγειρομὲνων
2895 961 3032 1011 ναῶν
3106 953 3383 1011 ἀκολουθία
3437 955 3472 1022 ἡ
3528 953 3881 1030 ἐπταήμερος,

2248 1039 2301 1095 ὲν
2330 1042 2407 1115 τῷ
2477 1040 2652 1098 ἐκεῖσε
2706 1045 3058 1122 θυσιαστηρίῳ
3120 1042 3399 1117 κειμένης,
3460 1041 3716 1122 ἱερουργίαι
3784 1040 3882 1116 ἒμ-

2247 1142 2415 1204 ποιετ,
2460 1129 2852 1207 ἀνεμποδίστως
2895 1135 3014 1190 ῐενθα
3060 1137 3096 1201 ὴ
3125 1135 3323 1190 τούτων
3375 1132 3568 1212 χρῆσίς
3624 1132 3736 1188 ἐστι
3767 1129 3882 1188 δια-

2246 1216 2435 1294 δόσιμα
2463 1219 2692 1297 γίνονται
2728 1237 2741 1249 ⁵
2796 1223 2885 1278 καὶ
2940 1223 3000 1279 οὗ
3069 1223 3476 1302 περιγράφονται
3553 1223 3610 1276 tv
3651 1216 3779 1295 τῇδε
3820 1224 3882 1296 τῇ

2245 1309 2437 1386 Eva-pia,
2473 1307 2508 1376 ἢ
2552 1308 2606 1364 ἐν
2649 1309 2845 1386 ἐκείνῃ,
2920 1311 3057 1366 κατά
3109 1333 3226 1367 τινα
3280 1308 3630 1374 δικαιοδοσίαν,
3679 1309 3882 1380 ἀποκε-

2243 1397 2594 1475 κληρωμένην
2637 1403 2790 1476 αὐτῇ.
2853 1401 2952 1457 Καὶ
2992 1401 3239 1479 ὑπερόρια
3295 1401 3394 1478 γὰρ
3449 1399 3718 1477 γινόμενα,
3754 1397 3882 1462 καθᾶ

514 1506 752 1570 sacrum
810 1496 1200 1568 unguentum,
1261 1489 1493 1570 aliaque
1523 1497 1746 1564 sancta,
1780 1508 1951 1550 suum
1983 1506 2147 1549 usum

2239 1482 2303 1555 δή
2333 1487 2508 1542 καὶτὸ
2556 1489 2699 1544 θετον
2750 1490 2934 1568 μόρον,
3005 1490 3093 1545 καὶ
3147 1487 3284 1545 ἀλλὰ
3338 1488 3488 1568 ἅγια,
3543 1509 3642 1553 την
3685 1487 3882 1545 ἑαυτῶν

519 1569 683 1639 extra
708 1580 1239 1659 reprehensionem
1299 1569 1539 1653 habent,
1595 1579 1787 1639 solum
1817 1584 2147 1640 consecrata

2240 1578 2435 1653 χρῆσιν
2517 1575 2891 1651 ἀνεπιτίμητον
2973 1575 3182 1656 ἔχουσι,
3265 1577 3425 1652 μόνον
3485 1576 3879 1654 ἱερουργηθέθτα

507 1665 676 1744 juxta
695 1659 930 1729 Patrum
955 1667 1029 1728 de
1070 1667 1164 1729 his
1188 1667 1433 1748 positam
1457 1664 1476 1705 ί
1499 1667 1900 1729 traditionem.
1933 1665 2147 1747 Appel-

2240 1663 2376 1718 κατὰ
2428 1663 2528 1730 τὴν
2577 1664 2825 1738 κειμένην
2880 1667 2997 1744 περὶ
3065 1675 3262 1725 τοῦτων
3318 1671 3422 1721 τῶν
3479 1664 3727 1742 Πατὲρων
3775 1686 3879 1722 πα·-

516 1738 654 1816 iatio
694 1765 892 1818 autem
931 1758 1061 1838 ipsa
1091 1738 1408 1818 deducitur
1429 1775 1462 1816 a
1494 1774 1718 1828 mensa,
1744 1751 1910 1837 'quod
1941 1738 2147 1818 secun-

2243 1749 2472 1832 ράδοσιν,
2509 1742 2570 1808 Ἠ
2599 1754 2926 1838 προσηγορία
2951 1738 3030 1809 ’δὲ
3082 1752 3215 1821 αὕτη
3284 1753 3576 1833 παράγεται
3626 1738 3738 1811 ήᾶπὸ
3795 1753 3880 1811 τοῦ

513 1843 652 1905 dum
713 1832 972 1910 Graecos
1007 1845 1299 1924 signiﬁcat
1355 1845 1585 1906 lancem
1619 1858 1667 1919 ε,
1722 1832 1788 1906 οἱ
1827 1843 2147 1906 secundum

2241 1841 2446 1922 μίνσου,
2475 1847 2567 1897 τοῦ
2594 1839 2711 1898 καθ’
2744 1832 3022 1910 ’Έλληνας
3053 1843 3149 1919 μὲν
3199 1843 3261 1900 τὸ
3328 1832 3520 1902 κανοῦν
3573 1840 3874 1916 δηλοῦντος,

512 1931 775 1995 Italicam
833 1934 1090 2014 linguam
1146 1933 1356 1995 venale
1441 1933 1851 2013 popinatorum
1907 1932 2147 1994 edulim.

2235 1929 2370 1984 κατὰ
2439 1926 2492 1983 δὲ
2546 1929 2642 1996 τὴν
2686 1926 2897 1996 Ἰταλήν
2924 1929 3168 2009 γλῶσσαν
3210 1933 3268 1985 τὸ
3325 1930 3870 2008 πεπραγματευμένον

513 2019 634 2084 Hac
666 2023 824 2085 enim
854 2021 1083 2085 ratione
1115 2030 1172 2084 et
1230 2023 1289 2083 in
1318 2022 1540 2083 mensis
1571 2021 1876 2102 explicatae
1905 2039 2153 2102 mappae,

511 2108 800 2174 mensalia
819 2112 1200 2187 dicuntur,ad
1225 2119 1495 2173 ornatum
1519 2118 1660 2191 puta
1684 2127 2144 2188 menszemensa-

512 2218 764 2282 rumque
798 2201 1258 2283 posita.Vulgari
1286 2208 1480 2262 autem
1508 2218 1783 2260 sermone
1805 2198 2159 2260 antimensia

511 2288 882 2364 dicuntur,ut
910 2290 971 2352 in
1014 2289 1382 2352 vestimentis
1415 2288 1693 2368 antipana
1713 2287 1759 2363 ιι,
1799 2295 2157 2368 ειιιιιῖοουο-

509 2397 623 2458 que
643 2380 716 2441 ab
743 2381 956 2442 effectu
994 2380 1168 2441 talem
1208 2378 1305 2440 iin
1338 2378 1428 2438 bis
1457 2377 1915 2456 appellationem
1949 2375 2154 2438 sortita

507 2479 668 2530 sunt.
698 2474 837 2533 Haec
867 2480 1066 2531 autem
1094 2469 1154 2529 in
1187 2467 1406 2530 sanctis
1437 2465 1555 2526 illis
1579 2474 1875 2543 ponuntur
1903 2465 2146 2539 mensis,

510 2575 658 2637 quas
687 2558 1052 2619 consecratio
1099 2576 1216 2618 non
1269 2554 1675 2639 sanctiﬁcavit.
1711 2553 1856 2614 Nam
1889 2572 1958 2614 ex
1990 2553 2147 2614 anti-

511 2647 778 2726 mensiis,
812 2648 942 2726 ipsa
970 2647 1142 2708 nobis
1173 2652 1518 2708 consecrata
1577 2661 1806 2717 mensa,
1842 2651 1900 2703 et
1929 2642 2151 2703 sacriﬁ-

510 2745 639 2798 cata
671 2736 911 2812 oblatio,
961 2735 1493 2797 sanctiﬁcationem
1524 2739 1784 2793 sumunt.
1818 2729 1958 2803 Quae
1988 2731 2145 2792 enim

511 2825 872 2886 sanctiﬁcata
903 2827 1011 2897 est,
1074 2842 1143 2885 ex
1191 2823 1386 2902 seipsa
1441 2820 1772 2882 sanctiﬁcat
1802 2819 1978 2893 dona,
2014 2838 2147 2880 cum

507 2931 619 2994 per
650 2933 714 2976 se
768 2932 884 2976 non
943 2914 1066 2976 sint
1123 2921 1343 2974 sencta.
1398 2911 1583 2990 quue
1615 2908 1923 2972 Dominica
1949 2928 2054 2969 vox
2086 2909 2148 2970 in

2238 2029 2355 2080 τοῖς
2385 2018 2670 2092 ὀψοποιοῖς
2713 2016 2948 2080 ἐδεστόν.
3010 2019 3157 2078 am
3211 2026 3366 2076 τοῦτο
3422 2021 3523 2098 γὰρ
3577 2021 3668 2078 καὶ
3719 2021 3787 2078 τὰ
3827 2019 3875 2076 ἓν

2239 2120 2358 2172 ταῖς
2413 2107 2694 2185 τραπέζαις
2775 2108 3146 2188 ἔφαπλοόμενα
3220 2111 3422 2183 ὀθόνια,
3482 2109 3732 2184 μινσάλια
3787 2110 3876 2168 λέ-

2239 2217 2441 2273 γονται,
2477 2200 2568 2252 οἷα
2597 2199 2726 2276 πρὸς
2768 2197 2970 2272 κόσμον
3025 2203 3124 2264 τῆς
3167 2198 3429 2278 τραπέζης
3488 2200 3577 2256 καὶ
3621 2202 3726 2257 τῶν
3755 2200 3874 2274 μίν·

2237 2307 2343 2340 σων
2400 2285 2659 2360 τιθέμενα.
2719 2287 2869 2343 Κατὰ
2927 2286 3244 2352 κοινολεξίαν
3304 2285 3359 2344 δέ
3429 2289 3727 2364 ἀντιμίνσια
3781 2288 3873 2346 λέ-

2236 2395 2440 2453 γονται,
2469 2374 2646 2445 ὥσπερ
2697 2376 2750 2429 ὲν
2815 2389 2931 2439 τοῒς
2989 2377 3302 2451 ἱματισμοϊς
3357 2378 3426 2434 τὰ
3481 2376 3757 2450 ἆντίπανα,
3794 2381 3875 2436 καὶ

2233 2460 2330 2517 ὅσα
2375 2461 2434 2518 ἐκ
2461 2468 2560 2529 τῆς
2602 2464 2738 2518 κατὰ
2805 2462 3090 2520 ἀνάκλασιν
3159 2466 3419 2543 ἑνεργείας
3475 2466 3574 2533 τὴν
3628 2467 3875 2534 τοιαύτην

2228 2551 2283 2606 ἒν
2339 2551 2540 2614 τούτοις
2608 2553 2960 2632 προσηγορίαν
3012 2551 3314 2633 εἰλήχασιν.
3377 2545 3464 2612 Ἑν
3545 2555 3768 2618 inteth
3823 2553 3874 2610 δὲ

2230 2653 2353 2702 ταῖς
2419 2641 2591 2718 ἁγίαις
2640 2642 2920 2720 τραπέζαις
2979 2649 3143 2699 ταῦτα
3197 2643 3448 2718 τίθενται,
3503 2643 3565 2708 ἃς
3619 2644 3874 2723 καθιέρω-

2232 2749 2312 2792 σις
2341 2729 2442 2808 οὔχ
2487 2727 2721 2802 ἧγίοσεν.
2770 2727 2864 2788 Ἐκ
2933 2731 3039 2788 τῶν
3092 2731 3428 2806 ἆντιμινσίων
3486 2733 3587 2810 γὰρ
3643 2735 3778 2804 αὐτή
3817 2754 3869 2788 τε

2230 2819 2366 2891 ἡμῖν
2395 2821 2769 2896 καθιερωθετσα
2813 2821 3042 2898 τράπεζα
3089 2821 3176 2877 καὶ
3231 2822 3636 2900 ἱερουργουμένη
3703 2843 3870 2900 προσ-

2231 2907 2364 2984 φορὰ
2409 2905 2733 2980 λαμϐάνουσι
2803 2911 2894 2964 τὸν
2949 2908 3232 2987 ἁγιασμόν.
3297 2899 3358 2965 Ἦ
3429 2911 3528 2989 γὰρ
3578 2931 3659 2965 τοι
3712 2899 3868 2988 ἅγια-

505 2993 840 3083 Evangeliis
891 3010 1158 3078 testatur,
1221 3001 1442 3081 majora
1483 2998 1657 3060 donis
1685 3007 1741 3058 et
1769 3015 1912 3059 auro
1945 2997 2147 3060 dicens

2234 2997 2439 3070 σθεῖσα,
2472 2993 2560 3075 ἀφ’
2591 2996 2784 3062 ἑαυτῆς
2811 2997 3013 3075 ἁγιάζει
3062 2997 3124 3054 τὸ
3166 2994 3326 3076 δῶρα.
3384 2998 3455 3055 03
3526 3000 3624 3076 γὰρ
3667 2998 3870 3058 οἴκοθέν

502 3094 687 3156 altare
749 3101 806 3155 et
860 3092 1170 3172 templum,
1232 3100 1294 3151 ut
1351 3108 1468 3150 uno
1530 3087 1770 3168 quidem
1829 3086 2006 3162 dona,
2069 3086 2152 3148 al-

501 3190 630 3244 tero
689 3190 890 3244 autem
939 3200 1148 3243 aurum
1215 3178 1640 3241 sanctiﬁcante.
1677 3175 1738 3237 Si
1801 3174 1980 3253 igitur
2029 3195 2148 3237 non

497 3271 834 3333 dedicatum
893 3279 983 3332 est
1042 3269 1349 3350 templum,
1385 3267 1539 3349 quod
1574 3265 1629 3327 ei
1659 3265 1847 3337 deest,
1881 3265 2143 3326 sanctiﬁ-

501 3361 722 3422 catoria
772 3359 1117 3423 antimensii
1172 3359 1259 3419 vis
1317 3357 1544 3437 implet.
1608 3354 1867 3434 Ideoque
1919 3353 1978 3413 in
2029 3373 2146 3415 non

499 3459 844 3512 consecrato
899 3448 1121 3529 templo
1179 3447 1532 3509 sacriﬁcium
1592 3443 1721 3504 sine
1787 3442 2145 3504 antimensio

2219 3083 2360 3139 ἐἰσιν
2403 3083 2554 3161 ἅγια.
2589 3085 2687 3142 Καὶ
2713 3094 2868 3144 τοῦτο
2922 3085 2975 3143 ἐν
3027 3098 3145 3148 τοῖς
3205 3085 3544 3164 Εὖαγγελίοις
3574 3089 3611 3156 ἦ
3659 3097 3864 3148 Δεσπο-

2231 3173 2353 3240 τικὴ
2407 3175 2556 3253 φωνὴ
2613 3189 2888 3255 μαρτυρεῖ,
2948 3175 3159 3252 μείζονα
3225 3181 3332 3234 τῶν
3399 3174 3579 3256 δώρων
3647 3177 3870 3257 λέγουσα

2229 3265 2431 3322 καὶτοῦ
2461 3270 2678 3343 χρυσοῦ,
2719 3264 2794 3320 ’τὸ
2845 3267 3235 3345 θυσιαστήριον,
3304 3266 3400 3324 καὶ
3445 3269 3537 3322 τὸν
3591 3268 3717 3324 ναόν
3751 3287 3765 3300 ⁸
3797 3270 3866 3332 ὡς

2229 3362 2322 3411 τοῦ
2373 3353 2468 3428 μὲν
2524 3354 2589 3408 τὰ
2644 3351 2806 3434 δῶρα,
2864 3362 2954 3412 τοῦ
3009 3352 3065 3411 δὲ
3120 3356 3209 3411 τὸν
3280 3356 3477 3435 χρυσὸν
3535 3356 3862 3435 ἀγιάζοντος.

2227 3442 2286 3497 Ei
2315 3448 2439 3519 γοῦν
2470 3440 2818 3520 ἂκαθιέρωτός
2867 3442 3003 3499 ἐστιν
3059 3445 3088 3499 ὁ
3118 3445 3263 3517 ναὸς,
3298 3445 3359 3499 τὸ
3413 3439 3693 3503 ἐλλεῖπον
3741 3447 3862 3504 τού-

494 3540 690 3600 facere
725 3528 1038 3620 nunquam,
1060 3537 1224 3598 licet.
1250 3535 1517 3607 Quonam
1555 3532 1712 3594 enim
1749 3530 1941 3620 modo,
1965 3531 2147 3593 altare

2229 3551 2315 3620 τρυ
2341 3528 2642 3607 ἀναπληροῖ
2693 3533 2729 3599 ἡ
2787 3532 3071 3610 ἁγιαστικὴ
3127 3531 3221 3590 τοῦ
3273 3532 3596 3607 ἀντιμινσίου
3625 3532 3859 3610 δύναμις.

499 3607 891 3689 sanctiﬁcabit
922 3627 1167 3700 donum,
1195 3625 1244 3686 si
1288 3622 1616 3686 sanctitatis
1647 3639 1764 3681 non
1794 3617 1972 3679 fuerit
2002 3638 2144 3699 par-

2229 3607 2394 3676 ΗΟθεν
2425 3617 2539 3675 οὐδὲ
2567 3617 2762 3683 ἔξεστιν
2830 3607 2886 3676 ἓν
2941 3620 3278 3699 ἆκαθιερώτῳ
3344 3621 3454 3696 ναῷ
3496 3624 3662 3702 χωρὶς
3726 3607 3864 3680 aim-

493 3715 734 3796 ticeps?
794 3716 866 3777 Et
915 3715 1212 3776 sacerdoti
1243 3714 1344 3792 qui
1379 3713 1490 3773 hoc
1521 3727 1698 3771 ausus
1736 3708 1934 3779 fuerit,
1974 3725 2144 3788 poena

2229 3709 2431 3781 μινσίου
2482 3709 2767 3787 ἱερουργίαν
2817 3709 3055 3788 γενέσθαι
3113 3708 3264 3769 ποτέ.
3337 3715 3458 3773 Πῶς
3511 3712 3612 3790 γὰρ
3681 3713 3744 3769 τὸ
3771 3715 3861 3768 θο-

494 3804 610 3864 erit
637 3804 954 3883 depositio.
1013 3806 1125 3864 Per
1188 3802 1303 3862 iota
1332 3810 1528 3862 autem
1562 3797 1864 3870 scribitur,
1903 3805 2145 3876 propter

2229 3797 2529 3875 σιαστήριον
2561 3798 2768 3875 ἁγιάσει
2823 3800 2884 3855 τὸ
2940 3797 3124 3878 δῶρον,
3187 3798 3264 3874 μὴ
3307 3801 3579 3878 μετασχὸν
3636 3801 3860 3879 ἁγιότη-

491 3890 904 3970 gentilitatem,
964 3909 1098 3950 nam
1149 3891 1318 3968 juxta
1383 3885 1822 3966 grammaticam
1847 3884 2135 3962 regulam,

2229 3907 2310 3948 τος
2343 3903 2358 3965 ;
2396 3887 2493 3943 Καὶ
2520 3893 2597 3961 τῷ
2623 3885 2950 3962 τολμήσαντι
3010 3897 3162 3946 τοῦτο
3217 3889 3350 3965 ἱερεῖ
3404 3888 3693 3965 πρόστιμόν
3724 3888 3860 3946 ἐστιν

489 3979 784 4056 gentilitia
841 3998 1037 4060 neque
1091 3977 1509 4058 productiones
1555 3979 1594 4054 ἱ,
1655 3991 1852 4052 neque
1908 3973 2141 4050 regulas

2229 3974 2254 4040 ἡ
2315 3974 2633 4052 καθαίρεσις.
2694 3973 2774 4030 Δι’
2830 3978 2960 4032 ἰῶτα
3015 3974 3070 4032 δὲ
3111 3976 3363 4056 γράφεται
3407 3973 3492 4036 διὰ
3519 3974 3580 4032 τό
3635 3977 3857 4036 ἑθνικόν.

495 4067 739 4130 habent.
771 4067 978 4130 Solent
1006 4076 1202 4128 autem
1229 4063 1596 4144 grammatici
1630 4080 1734 4141 per
1764 4061 1881 4120 iota
1907 4068 1964 4121 et
1991 4061 2133 4122 omi-

2229 4062 2295 4118 Γὰ
2323 4063 2422 4141 γὰρ
2463 4062 2668 4143 coma,
2742 4066 2877 4124 κατὰ
2930 4066 3020 4122 τὸν
3075 4065 3439 4142 γραμματικὸν
3499 4066 3693 4122 κανόνα
3744 4066 3859 4122 οὔτε

491 4173 636 4216 cron
691 4166 748 4218 et
799 4156 1026 4236 epsilon
1058 4153 1384 4235 gentilitias
1417 4171 1588 4213 voces
1633 4149 1925 4211 scribere.
1962 4148 2134 4210 Nullo

2229 4153 2562 4231 παραγωγὰς,
2616 4152 2732 4210 οὔτε
2793 4155 3014 4218 κανόνας
3065 4152 3276 4234 ἔχουσιν
3308 4172 3325 4189 ⁸
3385 4153 3610 4214 εἴθισται
3655 4153 3710 4212 δὲ
3740 4171 3857 4220 τοις

485 4253 682 4306 autem
740 4245 916 4306 modo
974 4251 1281 4324 receptum
1341 4250 1428 4304 est
1486 4249 1548 4301 ut
1577 4240 1749 4300 aliter
1778 4237 2135 4300 antimensia

2229 4254 2606 4317 γραμματικοῖς
2635 4239 2703 4297 δι’
2751 4245 2880 4299 ἰῶτα
2909 4244 2998 4300 καὶ
3027 4265 3055 4300 ο
3123 4244 3314 4322 μικροῦ
3365 4243 3453 4298 καὶ
3481 4263 3507 4299 ε
3577 4241 3735 4319 ψιλοῦ
3763 4245 3857 4308 τὰς

482 4331 628 4395 ﬁant
674 4335 724 4407 ιι,
779 4353 954 4414 quam
1011 4332 1073 4393 in
1131 4331 1265 4393 novi
1318 4330 1526 4410 templi
1571 4328 1966 4412 dedicatione.
2001 4326 2147 4390 Neci

2231 4329 2406 4392 θνικὰς
2462 4331 2636 4409 φωνὰς
2680 4330 2989 4411 γράφεσθαι.
3035 4331 3142 4388 Οὐκ
3196 4330 3311 4410 ἔχει
3392 4328 3446 4386 δὲ
3501 4332 3684 4412 χώραν
3715 4332 3857 4398 ὅλως

481 4420 1087 4503 aninﬁdvertunt,qui
1115 4421 1230 4482 alio
1262 4419 1437 4481 modo
1463 4437 1668 4480 eorum
1698 4415 2128 4478 confectionem

2229 4414 2327 4472 ιαθ’
2359 4416 2531 4496 ἕτερον
2581 4420 2773 4499 τρόπον
2843 4419 2965 4477 ἄνευ
3019 4421 3378 4498 καθιερώσεως
3457 4420 3571 4476 νέου
3639 4429 3766 4492 ναοῦ
3793 4425 3856 4480 τὸ

480 4511 786 4588 innovant,
823 4531 885 4574 se
916 4511 1266 4575 traditiones
1298 4507 1731 4572 ecclesiasticas
1770 4505 2122 4580 transgredi,

2229 4506 2438 4583 τίνεσθαι
2494 4507 2794 4584 ἂντιμίνσια
2829 4525 2844 4542 ⁸
2906 4510 2996 4565 καὶ
3079 4507 3417 4566 λανθάνουσιν
3498 4510 3712 4585 ἑαυτοὺς
3806 4514 3853 4566 οἱ

481 4608 538 4661 et
569 4601 723 4662 dona
756 4621 875 4663 non
907 4598 1481 4680 dona,necjuvantia
1504 4603 1588 4672 (ut
1615 4595 1716 4656 ille
1747 4593 1845 4665 ait)
1881 4594 2120 4654 oﬁ‘erre.

2229 4593 2550 4671 ιλλοτρόπως
2632 4607 3067 4673 καινοτομοῦντες
3143 4598 3244 4664 τὴν
3326 4597 3524 4654 τούτων
3608 4599 3848 4679 ποίησιν,

475 4687 599 4751 Nec
656 4691 803 4752 illud
856 4689 1381 4764 considerandum,
1444 4705 1519 4748 an
1567 4686 1640 4746 de
1677 4701 1825 4743 novo
1855 4682 2031 4742 simul
2064 4691 2122 4746 et

2229 4681 2510 4762 παραϐάτας
2575 4687 2847 4750 ποιοῦντες
2938 4690 3039 4742 τῶν
3111 4685 3566 4754 ὲκκλησιαστικῶν
3619 4687 3854 4766 παραδό-

474 4786 748 4839 recenter
772 4778 1123 4841 aediﬁcatum
1146 4777 1222 4838 sit
1250 4775 1632 4854 templum,ut
1661 4772 1790 4850 ejus
1825 4769 2118 4831 dedicatio

477 4865 598 4926 ﬁat.
632 4865 757 4926 Etsi
785 4867 943 4927 enim
977 4867 1136 4948 quod
1168 4864 1323 4945 piam
1358 4866 1481 4943 jam
1513 4861 1742 4943 pridem
1765 4858 2114 4920 azdiﬁcatum

473 4955 830 5035 reperiatur,
893 4955 1050 5036 quod
1081 4953 1588 5015 consecrationem
1645 4967 1766 5010 non
1794 4948 2113 5036 acceperit,

473 5034 628 5104 hanc
657 5034 984 5105 merebitur
1013 5040 1564 5120 sanctiﬁcationem,
1581 5044 1784 5118 utpote
1804 5034 1962 5115 quod
1984 5054 2113 5097 eam

470 5131 600 5192 sine
655 5131 1123 5211 reprehensione
1200 5130 1503 5210 suscipere
1572 5126 1774 5208 possit.
1837 5122 2005 5211 Quod
2063 5125 2116 5186 Si

460 5210 748 5300 unguenti
777 5220 855 5282 sit
900 5221 1220 5301 paucitaslum
1264 5219 1326 5280 in
1377 5216 1563 5280 sacris
1593 5210 1984 5298 baptismatis,
2012 5225 2115 5276 aut

2200 4792 2334 4827 σεων
2367 4819 2383 4845 ,
2429 4774 2516 4828 καὶ
2559 4771 2733 4853 ἄδωρα
2763 4772 2902 4854 δῶρα
2972 4776 3060 4832 καὶ
3115 4779 3212 4835 οὐκ
3264 4775 3516 4850 ὀνήσιμα,
3577 4777 3712 4833 κατᾶ
3754 4779 3851 4834 τὸν

2200 4860 2434 4936 εἰπόντα,
2467 4863 2841 4942 προσάγοντες,
2888 4865 2998 4922 Οὐκ
3063 4861 3278 4944 ἑφιστᾷν
3305 4862 3372 4940 δὲ.
3413 4864 3522 4944 χρὴ
3553 4866 3597 4920 εἰ
3629 4864 3847 4937 ἐκκαι-

2200 4954 2294 5015 νῆς
2323 4947 2433 5024 ἅμα
2495 4952 2584 5007 καὶ
2639 4954 2954 5033 προσφάτως
3023 4952 3160 5010 ἐστὶν
3231 4952 3622 5033 ἂνγηγερμένος
3691 4955 3842 5034 ναὸς,

2196 5039 2288 5096 ἵνα
2332 5041 2515 5097 τούτου
2585 5042 2891 5122 καθιέρωσις
2949 5044 3168 5125 γένηται
3201 5059 3217 5074 ⁸
3263 5043 3381 5101 ἀλλ’
3440 5046 3484 5100 εἰ
3551 5046 3642 5103 καὶ
3696 5046 3844 5126 εὑρί-

2197 5131 2376 5216 σκεταί
2402 5151 2481 5195 τις
2509 5129 2568 5186 ἐκ
2629 5131 2830 5190 πολλοῦ
2885 5133 2982 5210 μὲν
3035 5132 3481 5214 ἁνεγηγερμένος,
3525 5133 3840 5216 καθιέρωσιν

2195 5214 2248 5272 δὲ
2281 5218 2358 5293 μὴ
2386 5215 2685 5298 δεξάμενος,
2727 5223 2826 5289 τῆς
2870 5223 3133 5302 ἁγιστείας
3204 5224 3398 5291 ταύτης
3454 5224 3542 5279 καὶ
3597 5225 3628 5280 ὁ
3653 5214 3838 5283 τοιοῦ-

1773 5391 2031 5472 nam.
2069 5390 2514 5480 LECTIONES.

543 5557 568 5591 ο
593 5533 798 5596 series.
884 5532 1145 5593 tlutam.
1231 5543 1259 5586 κ
1286 5528 1645 5591 canistrum.
1732 5520 2129 5605 IIanttpanni.

2197 5527 2277 5590 ia
2307 5531 2370 5611 vi
2397 5531 2755 5611 reﬂean'onts
2782 5532 2984 5598 talem.
3036 5529 3494 5599 ldeductiones.
3579 5527 3614 5575 "
3634 5532 3833 5600 locum

463 5610 661 5685 habet,
693 5619 765 5674 ut
793 5611 1018 5691 absque
1040 5609 1183 5673 novi
1209 5607 1412 5688 templi
1439 5606 1887 5670 consecratione
1916 5612 2280 5694 antimengia
2308 5606 2486 5695 ﬁant.
2571 5611 2813 5702 lutilia.
2896 5639 2936 5669 ιιι
2967 5616 3193 5696 inopia.
