  <div class='ocr_page' id='page_1' title='image "/cluster/home/n/w/nwhite01/storage/ocr_20150623/119/hvd.32044073502494/496.png"; bbox 0 0 4160 6212; ppageno 0'>
   <div class='ocr_carea' id='block_1_1' title="bbox 290 391 3680 466">
    <p class='ocr_par' dir='ltr' id='par_1_1' title="bbox 290 391 3680 466">
     <span class='ocr_line' id='line_1_1' title="bbox 290 391 3680 466; baseline 0.006 -10"><span class='ocrx_word' id='word_1_1' title='bbox 290 391 408 457; x_wconf 81' lang='lat'>977</span> <span class='ocrx_word' id='word_1_2' title='bbox 1641 398 2349 466; x_wconf 67' lang='lat' dir='ltr'><strong>amco-nomon.</strong></span> <span class='ocrx_word' id='word_1_3' title='bbox 3560 391 3680 459; x_wconf 83' lang='lat'><strong>978</strong></span> 
     </span>
    </p>
   </div>
   <div class='ocr_carea' id='block_1_2' title="bbox 300 525 1928 612">
    <p class='ocr_par' dir='ltr' id='par_1_2' title="bbox 300 526 1928 610">
     <span class='ocr_line' id='line_1_2' title="bbox 300 526 1928 610; baseline 0.003 -26"><span class='ocrx_word' id='word_1_4' title='bbox 300 549 390 591; x_wconf 84' lang='grc' dir='ltr'><strong>τος</strong></span> <span class='ocrx_word' id='word_1_5' title='bbox 418 526 791 610; x_wconf 74' lang='grc' dir='ltr'>ἀξιωθήσεται,</span> <span class='ocrx_word' id='word_1_6' title='bbox 858 532 932 595; x_wconf 79' lang='grc' dir='ltr'>ὡς</span> <span class='ocrx_word' id='word_1_7' title='bbox 988 528 1224 597; x_wconf 79' lang='grc' dir='ltr'>δέξασθαι</span> <span class='ocrx_word' id='word_1_8' title='bbox 1280 534 1477 601; x_wconf 85' lang='grc' dir='ltr'>ταύτην</span> <span class='ocrx_word' id='word_1_9' title='bbox 1519 533 1813 610; x_wconf 78' lang='grc' dir='ltr'><strong>ἀμέμπτως</strong></span> <span class='ocrx_word' id='word_1_10' title='bbox 1856 531 1928 589; x_wconf 85' lang='grc' dir='ltr'>δυ-</span> 
     </span>
    </p>
   </div>
   <div class='ocr_carea' id='block_1_3' title="bbox 2018 525 3661 612">
    <p class='ocr_par' dir='ltr' id='par_1_3' title="bbox 2033 525 3661 612">
     <span class='ocr_line' id='line_1_3' title="bbox 2033 525 3661 612; baseline -0.002 -21"><span class='ocrx_word' id='word_1_11' title='bbox 2033 531 2386 612; x_wconf 89' lang='lat' dir='ltr'><strong>templorum</strong></span> <span class='ocrx_word' id='word_1_12' title='bbox 2440 533 2910 609; x_wconf 88' lang='lat' dir='ltr'><strong>consecratione,</strong></span> <span class='ocrx_word' id='word_1_13' title='bbox 2961 531 3152 611; x_wconf 86' lang='lat' dir='ltr'><strong>aliove</strong></span> <span class='ocrx_word' id='word_1_14' title='bbox 3180 529 3365 611; x_wconf 89' lang='lat' dir='ltr'><strong>ipsius</strong></span> <span class='ocrx_word' id='word_1_15' title='bbox 3393 546 3547 609; x_wconf 86' lang='lat' dir='ltr'><strong>usu;</strong></span> <span class='ocrx_word' id='word_1_16' title='bbox 3581 525 3661 601; x_wconf 88' lang='lat' dir='ltr'><strong>ei,</strong></span> 
     </span>
    </p>
   </div>
   <div class='ocr_carea' id='block_1_4' title="bbox 292 616 1928 711">
    <p class='ocr_par' dir='ltr' id='par_1_4' title="bbox 292 617 1928 702">
     <span class='ocr_line' id='line_1_4' title="bbox 292 617 1928 702; baseline 0.002 -29"><span class='ocrx_word' id='word_1_17' title='bbox 292 617 536 693; x_wconf 73' lang='grc' dir='ltr'>νάμενος.</span> <span class='ocrx_word' id='word_1_18' title='bbox 579 620 639 676; x_wconf 77' lang='grc' dir='ltr'><strong>Εἰ</strong></span> <span class='ocrx_word' id='word_1_19' title='bbox 668 620 854 684; x_wconf 75' lang='grc' dir='ltr'>σπάνις</span> <span class='ocrx_word' id='word_1_20' title='bbox 904 618 959 677; x_wconf 82' lang='grc' dir='ltr'><strong>δέ</strong></span> <span class='ocrx_word' id='word_1_21' title='bbox 1010 620 1120 677; x_wconf 82' lang='grc' dir='ltr'>ἐστι</span> <span class='ocrx_word' id='word_1_22' title='bbox 1180 623 1344 702; x_wconf 90' lang='grc' dir='ltr'>μύρου</span> <span class='ocrx_word' id='word_1_23' title='bbox 1398 623 1453 679; x_wconf 78' lang='grc' dir='ltr'>ἕν</span> <span class='ocrx_word' id='word_1_24' title='bbox 1511 645 1567 679; x_wconf 91' lang='grc' dir='ltr'><strong>τε</strong></span> <span class='ocrx_word' id='word_1_25' title='bbox 1626 636 1745 688; x_wconf 84' lang='grc' dir='ltr'>τοῖς</span> <span class='ocrx_word' id='word_1_26' title='bbox 1792 622 1928 679; x_wconf 66' lang='grc' dir='ltr'>θείου</span> 
     </span>
    </p>
   </div>
   <div class='ocr_carea' id='block_1_5' title="bbox 2018 616 3666 711">
    <p class='ocr_par' dir='ltr' id='par_1_5' title="bbox 2031 616 3666 711">
     <span class='ocr_line' id='line_1_5' title="bbox 2031 616 3666 711; baseline -0.002 -32"><span class='ocrx_word' id='word_1_27' title='bbox 2031 619 2200 698; x_wconf 88' lang='lat' dir='ltr'><strong>cujus</strong></span> <span class='ocrx_word' id='word_1_28' title='bbox 2231 619 2551 701; x_wconf 86' lang='lat' dir='ltr'><strong>pauxillum</strong></span> <span class='ocrx_word' id='word_1_29' title='bbox 2581 620 2883 684; x_wconf 87' lang='lat' dir='ltr'><strong>inventum</strong></span> <span class='ocrx_word' id='word_1_30' title='bbox 2913 629 3023 697; x_wconf 86' lang='lat' dir='ltr'><strong>est,</strong></span> <span class='ocrx_word' id='word_1_31' title='bbox 3057 618 3449 711; x_wconf 78' lang='lat' dir='ltr'><strong>commiscere</strong></span> <span class='ocrx_word' id='word_1_32' title='bbox 3470 616 3666 711; x_wconf 73' lang='lat' dir='ltr'><strong>oleum</strong></span> 
     </span>
    </p>
   </div>
   <div class='ocr_carea' id='block_1_6' title="bbox 296 703 1928 792">
    <p class='ocr_par' dir='ltr' id='par_1_6' title="bbox 296 706 1928 791">
     <span class='ocr_line' id='line_1_6' title="bbox 296 706 1928 791; baseline 0.002 -29"><span class='ocrx_word' id='word_1_33' title='bbox 296 706 650 783; x_wconf 82' lang='grc' dir='ltr'>βαπτίσμασι,</span> <span class='ocrx_word' id='word_1_34' title='bbox 681 710 770 765; x_wconf 88' lang='grc' dir='ltr'>καὶ</span> <span class='ocrx_word' id='word_1_35' title='bbox 811 707 866 764; x_wconf 83' lang='grc' dir='ltr'><strong>ἐν</strong></span> <span class='ocrx_word' id='word_1_36' title='bbox 907 715 975 783; x_wconf 78' lang='grc' dir='ltr'><strong>τῇ</strong></span> <span class='ocrx_word' id='word_1_37' title='bbox 1045 716 1150 766; x_wconf 84' lang='grc' dir='ltr'><strong>τῶν</strong></span> <span class='ocrx_word' id='word_1_38' title='bbox 1204 712 1345 767; x_wconf 81' lang='grc' dir='ltr'>ναῶν</span> <span class='ocrx_word' id='word_1_39' title='bbox 1374 712 1704 791; x_wconf 76' lang='grc' dir='ltr'><strong>καθιερώσει,</strong></span> <span class='ocrx_word' id='word_1_40' title='bbox 1751 711 1839 766; x_wconf 87' lang='grc' dir='ltr'><strong>καὶ</strong></span> <span class='ocrx_word' id='word_1_41' title='bbox 1891 711 1928 765; x_wconf 81' lang='grc' dir='ltr'>ἐ·</span> 
     </span>
    </p>
   </div>
   <div class='ocr_carea' id='block_1_7' title="bbox 2018 703 3667 792">
    <p class='ocr_par' dir='ltr' id='par_1_7' title="bbox 2030 703 3667 792">
     <span class='ocr_line' id='line_1_7' title="bbox 2030 703 3667 792; baseline -0.002 -25"><span class='ocrx_word' id='word_1_42' title='bbox 2030 708 2374 770; x_wconf 77' lang='lat' dir='ltr'><strong>conceditur</strong></span> <span class='ocrx_word' id='word_1_43' title='bbox 2408 728 2423 769; x_wconf 89' lang='lat'><strong>:</strong></span> <span class='ocrx_word' id='word_1_44' title='bbox 2458 718 2519 771; x_wconf 89' lang='lat' dir='ltr'><strong>ut</strong></span> <span class='ocrx_word' id='word_1_45' title='bbox 2544 709 2624 770; x_wconf 89' lang='lat' dir='ltr'><strong>ita</strong></span> <span class='ocrx_word' id='word_1_46' title='bbox 2655 709 3010 792; x_wconf 81' lang='lat' dir='ltr'><strong>suppletum,</strong></span> <span class='ocrx_word' id='word_1_47' title='bbox 3045 707 3120 770; x_wconf 88' lang='lat' dir='ltr'><strong>iis</strong></span> <span class='ocrx_word' id='word_1_48' title='bbox 3141 704 3239 789; x_wconf 90' lang='lat' dir='ltr'><strong>qui</strong></span> <span class='ocrx_word' id='word_1_49' title='bbox 3260 708 3407 788; x_wconf 87' lang='lat' dir='ltr'><strong>opus</strong></span> <span class='ocrx_word' id='word_1_50' title='bbox 3426 703 3667 781; x_wconf 78' lang='lat' dir='ltr'><strong>habent,</strong></span> 
     </span>
    </p>
   </div>
   <div class='ocr_carea' id='block_1_8' title="bbox 299 793 1928 880">
    <p class='ocr_par' dir='ltr' id='par_1_8' title="bbox 299 793 1928 880">
     <span class='ocr_line' id='line_1_8' title="bbox 299 793 1928 880; baseline 0.004 -29"><span class='ocrx_word' id='word_1_51' title='bbox 299 793 440 872; x_wconf 75' lang='grc' dir='ltr'>ἄλλη</span> <span class='ocrx_word' id='word_1_52' title='bbox 470 797 657 855; x_wconf 83' lang='grc' dir='ltr'>τούτου</span> <span class='ocrx_word' id='word_1_53' title='bbox 704 799 921 877; x_wconf 74' lang='grc' dir='ltr'>χρήσει,</span> <span class='ocrx_word' id='word_1_54' title='bbox 968 805 1046 873; x_wconf 83' lang='grc' dir='ltr'>τῷ</span> <span class='ocrx_word' id='word_1_55' title='bbox 1101 800 1455 875; x_wconf 76' lang='grc' dir='ltr'>εὖρισκομένῳ</span> <span class='ocrx_word' id='word_1_56' title='bbox 1512 802 1773 880; x_wconf 80' lang='grc' dir='ltr'><strong>ὀλιγοστῷ</strong></span> <span class='ocrx_word' id='word_1_57' title='bbox 1802 802 1928 878; x_wconf 56' lang='grc' dir='ltr'>μύρεί</span> 
     </span>
    </p>
   </div>
   <div class='ocr_carea' id='block_1_9' title="bbox 2018 793 3354 880">
    <p class='ocr_par' dir='ltr' id='par_1_9' title="bbox 2028 795 3354 880">
     <span class='ocr_line' id='line_1_9' title="bbox 2028 795 3354 880; baseline 0 -24"><span class='ocrx_word' id='word_1_58' title='bbox 2028 795 2281 858; x_wconf 78' lang='lat' dir='ltr'><strong>sufﬁciat</strong></span> <span class='ocrx_word' id='word_1_59' title='bbox 2308 797 2380 859; x_wconf 90' lang='lat' dir='ltr'><strong>ad</strong></span> <span class='ocrx_word' id='word_1_60' title='bbox 2404 798 2930 861; x_wconf 83' lang='lat' dir='ltr'><strong>sanctiﬁcationcm</strong></span> <span class='ocrx_word' id='word_1_61' title='bbox 2961 798 3354 880; x_wconf 81' lang='lat' dir='ltr'><strong>implendam.</strong></span> 
     </span>
    </p>
   </div>
   <div class='ocr_carea' id='block_1_10' title="bbox 298 878 3672 969">
    <p class='ocr_par' dir='ltr' id='par_1_10' title="bbox 298 878 3672 969">
     <span class='ocr_line' id='line_1_10' title="bbox 298 878 3672 969; baseline -0.002 -28"><span class='ocrx_word' id='word_1_62' title='bbox 298 888 808 963; x_wconf 80' lang='grc' dir='ltr'>συγκαταμίγνυσθαι</span> <span class='ocrx_word' id='word_1_63' title='bbox 837 885 1011 944; x_wconf 71' lang='grc' dir='ltr'>ἔλαιον</span> <span class='ocrx_word' id='word_1_64' title='bbox 1040 888 1446 969; x_wconf 87' lang='grc' dir='ltr'>συγκεχώρηται</span> <span class='ocrx_word' id='word_1_65' title='bbox 1481 906 1495 921; x_wconf 92' lang='grc'><strong>·</strong></span> <span class='ocrx_word' id='word_1_66' title='bbox 1557 878 1631 953; x_wconf 80' lang='grc' dir='ltr'>ὡς</span> <span class='ocrx_word' id='word_1_67' title='bbox 1689 888 1750 946; x_wconf 77' lang='grc' dir='ltr'><strong>ἂν</strong></span> <span class='ocrx_word' id='word_1_68' title='bbox 1807 886 1944 945; x_wconf 61' lang='grc' dir='ltr'>οὕτω</span> <span class='ocrx_word' id='word_1_69' title='bbox 1984 882 2296 966; x_wconf 77' lang='grc' dir='ltr'>πληθυνθὲν,</span> <span class='ocrx_word' id='word_1_70' title='bbox 2347 887 2543 967; x_wconf 77' lang='grc' dir='ltr'>ἀρκέσῃ</span> <span class='ocrx_word' id='word_1_71' title='bbox 2580 887 2919 967; x_wconf 72' lang='grc' dir='ltr'><strong>ἐκπληρῶσαι</strong></span> <span class='ocrx_word' id='word_1_72' title='bbox 2968 878 3064 944; x_wconf 75' lang='grc' dir='ltr'>τὸν</span> <span class='ocrx_word' id='word_1_73' title='bbox 3115 887 3377 965; x_wconf 81' lang='grc' dir='ltr'>ἁγιασμὸν</span> <span class='ocrx_word' id='word_1_74' title='bbox 3404 894 3521 947; x_wconf 80' lang='grc' dir='ltr'>τοῖς</span> <span class='ocrx_word' id='word_1_75' title='bbox 3549 878 3672 936; x_wconf 86' lang='grc' dir='ltr'>δεο-</span> 
     </span>
    </p>
   </div>
   <div class='ocr_carea' id='block_1_11' title="bbox 300 973 680 1048">
    <p class='ocr_par' dir='ltr' id='par_1_11' title="bbox 300 973 680 1048">
     <span class='ocr_line' id='line_1_11' title="bbox 300 973 680 1048; baseline 0.005 -18"><span class='ocrx_word' id='word_1_76' title='bbox 300 973 479 1048; x_wconf 80' lang='grc' dir='ltr'><strong>μένοις</strong></span> <span class='ocrx_word' id='word_1_77' title='bbox 502 974 680 1038; x_wconf 73' lang='grc' dir='ltr'>αὑτοῦ.</span> 
     </span>
    </p>
   </div>
   <div class='ocr_carea' id='block_1_12' title="bbox 381 1058 1928 1148">
    <p class='ocr_par' dir='ltr' id='par_1_12' title="bbox 381 1063 1928 1148">
     <span class='ocr_line' id='line_1_12' title="bbox 381 1063 1928 1148; baseline 0.001 -29"><span class='ocrx_word' id='word_1_78' title='bbox 381 1063 695 1141; x_wconf 85' lang='grc' dir='ltr'>Ἐρώτησις.</span> <span class='ocrx_word' id='word_1_79' title='bbox 757 1066 814 1122; x_wconf 81' lang='grc' dir='ltr'>Εἰ</span> <span class='ocrx_word' id='word_1_80' title='bbox 882 1064 1046 1131; x_wconf 79' lang='grc' dir='ltr'>ἔξεστι</span> <span class='ocrx_word' id='word_1_81' title='bbox 1105 1079 1225 1129; x_wconf 82' lang='grc' dir='ltr'>τοῖς</span> <span class='ocrx_word' id='word_1_82' title='bbox 1270 1067 1556 1148; x_wconf 81' lang='grc' dir='ltr'>Ἀρκένιοις</span> <span class='ocrx_word' id='word_1_83' title='bbox 1612 1067 1665 1123; x_wconf 90' lang='grc' dir='ltr'><strong>ἐν</strong></span> <span class='ocrx_word' id='word_1_84' title='bbox 1712 1071 1799 1131; x_wconf 81' lang='grc' dir='ltr'>αἷς</span> <span class='ocrx_word' id='word_1_85' title='bbox 1832 1066 1928 1122; x_wconf 81' lang='grc' dir='ltr'>πό-</span> 
     </span>
    </p>
   </div>
   <div class='ocr_carea' id='block_1_13' title="bbox 2018 1058 3674 1148">
    <p class='ocr_par' dir='ltr' id='par_1_13' title="bbox 2105 1058 3674 1143">
     <span class='ocr_line' id='line_1_13' title="bbox 2105 1058 3674 1143; baseline -0.004 -21"><span class='ocrx_word' id='word_1_86' title='bbox 2105 1060 2292 1125; x_wconf 85' lang='lat' dir='ltr'><strong>Inter.</strong></span> <span class='ocrx_word' id='word_1_87' title='bbox 2341 1058 2433 1123; x_wconf 85' lang='lat' dir='ltr'><strong>An</strong></span> <span class='ocrx_word' id='word_1_88' title='bbox 2500 1061 2676 1125; x_wconf 90' lang='lat' dir='ltr'><strong>liceat</strong></span> <span class='ocrx_word' id='word_1_89' title='bbox 2730 1060 3051 1139; x_wconf 83' lang='lat' dir='ltr'><strong>Armeniis,</strong></span> <span class='ocrx_word' id='word_1_90' title='bbox 3111 1061 3172 1124; x_wconf 90' lang='lat' dir='ltr'><strong>in</strong></span> <span class='ocrx_word' id='word_1_91' title='bbox 3226 1060 3441 1143; x_wconf 89' lang='lat' dir='ltr'><strong>quibus</strong></span> <span class='ocrx_word' id='word_1_92' title='bbox 3494 1063 3674 1137; x_wconf 80' lang='lat' dir='ltr'><strong>agunt</strong></span> 
     </span>
    </p>
   </div>
   <div class='ocr_carea' id='block_1_14' title="bbox 299 1148 1928 1233">
    <p class='ocr_par' dir='ltr' id='par_1_14' title="bbox 299 1148 1928 1233">
     <span class='ocr_line' id='line_1_14' title="bbox 299 1148 1928 1233; baseline 0.004 -28"><span class='ocrx_word' id='word_1_93' title='bbox 299 1148 443 1206; x_wconf 91' lang='grc' dir='ltr'>λεσιν</span> <span class='ocrx_word' id='word_1_94' title='bbox 475 1153 672 1209; x_wconf 77' lang='grc' dir='ltr'>οἰκοῦσι</span> <span class='ocrx_word' id='word_1_95' title='bbox 727 1154 862 1210; x_wconf 86' lang='grc' dir='ltr'><strong>κατά</strong></span> <span class='ocrx_word' id='word_1_96' title='bbox 917 1161 1090 1211; x_wconf 81' lang='grc' dir='ltr'>πᾶσαν</span> <span class='ocrx_word' id='word_1_97' title='bbox 1147 1154 1322 1213; x_wconf 77' lang='grc' dir='ltr'>ἄδειαν</span> <span class='ocrx_word' id='word_1_98' title='bbox 1377 1157 1567 1229; x_wconf 78' lang='grc' dir='ltr'><strong>κτίζειν</strong></span> <span class='ocrx_word' id='word_1_99' title='bbox 1629 1155 1928 1233; x_wconf 68' lang='grc' dir='ltr'>ἐκκλησίας,</span> 
     </span>
    </p>
   </div>
   <div class='ocr_carea' id='block_1_15' title="bbox 2018 1148 3671 1233">
    <p class='ocr_par' dir='ltr' id='par_1_15' title="bbox 2023 1150 3671 1227">
     <span class='ocr_line' id='line_1_15' title="bbox 2023 1150 3671 1227; baseline -0.003 -16"><span class='ocrx_word' id='word_1_100' title='bbox 2023 1150 2401 1226; x_wconf 86' lang='lat' dir='ltr'><strong>civitatibus,</strong></span> <span class='ocrx_word' id='word_1_101' title='bbox 2463 1151 2655 1214; x_wconf 83' lang='lat' dir='ltr'><strong>libere</strong></span> <span class='ocrx_word' id='word_1_102' title='bbox 2726 1153 3021 1215; x_wconf 67' lang='lat' dir='ltr'><strong>aediﬁcare</strong></span> <span class='ocrx_word' id='word_1_103' title='bbox 3092 1150 3415 1227; x_wconf 89' lang='lat' dir='ltr'><strong>ecclesias,</strong></span> <span class='ocrx_word' id='word_1_104' title='bbox 3479 1154 3540 1209; x_wconf 93' lang='lat' dir='ltr'><strong>et</strong></span> <span class='ocrx_word' id='word_1_105' title='bbox 3596 1163 3671 1207; x_wconf 90' lang='lat' dir='ltr'><strong>an</strong></span> 
     </span>
    </p>
   </div>
   <div class='ocr_carea' id='block_1_16' title="bbox 297 1237 1928 1324">
    <p class='ocr_par' dir='ltr' id='par_1_16' title="bbox 297 1237 1928 1324">
     <span class='ocr_line' id='line_1_16' title="bbox 297 1237 1928 1324; baseline 0.004 -29"><span class='ocrx_word' id='word_1_106' title='bbox 297 1240 387 1296; x_wconf 87' lang='grc' dir='ltr'><strong>καὶ</strong></span> <span class='ocrx_word' id='word_1_107' title='bbox 416 1237 529 1297; x_wconf 83' lang='grc' dir='ltr'>εἴτε</span> <span class='ocrx_word' id='word_1_108' title='bbox 572 1241 683 1322; x_wconf 75' lang='grc' dir='ltr'><strong>χρὴ</strong></span> <span class='ocrx_word' id='word_1_109' title='bbox 711 1244 1025 1320; x_wconf 85' lang='grc' dir='ltr'>κωκύεσθαι,</span> <span class='ocrx_word' id='word_1_110' title='bbox 1059 1244 1095 1313; x_wconf 73' lang='grc' dir='ltr'><strong>ἢ</strong></span> <span class='ocrx_word' id='word_1_111' title='bbox 1139 1246 1228 1319; x_wconf 81' lang='grc' dir='ltr'>ἑᾷν</span> <span class='ocrx_word' id='word_1_112' title='bbox 1275 1247 1460 1313; x_wconf 77' lang='grc' dir='ltr'>αὑτοὺς</span> <span class='ocrx_word' id='word_1_113' title='bbox 1505 1261 1682 1304; x_wconf 71' lang='grc' dir='ltr'>ποιεῖν</span> <span class='ocrx_word' id='word_1_114' title='bbox 1710 1248 1783 1310; x_wconf 81' lang='grc' dir='ltr'>ὡς</span> <span class='ocrx_word' id='word_1_115' title='bbox 1809 1246 1928 1324; x_wconf 88' lang='grc' dir='ltr'>βού-</span> 
     </span>
    </p>
   </div>
   <div class='ocr_carea' id='block_1_17' title="bbox 2018 1237 3667 1324">
    <p class='ocr_par' dir='ltr' id='par_1_17' title="bbox 2023 1237 3667 1323">
     <span class='ocr_line' id='line_1_17' title="bbox 2023 1237 3667 1323; baseline -0.002 -25"><span class='ocrx_word' id='word_1_116' title='bbox 2023 1238 2380 1317; x_wconf 88' lang='lat' dir='ltr'><strong>prohibendi</strong></span> <span class='ocrx_word' id='word_1_117' title='bbox 2434 1239 2575 1319; x_wconf 87' lang='lat' dir='ltr'><strong>sint,</strong></span> <span class='ocrx_word' id='word_1_118' title='bbox 2635 1259 2710 1302; x_wconf 90' lang='lat' dir='ltr'><strong>an</strong></span> <span class='ocrx_word' id='word_1_119' title='bbox 2767 1250 2943 1323; x_wconf 88' lang='lat' dir='ltr'><strong>prout</strong></span> <span class='ocrx_word' id='word_1_120' title='bbox 2988 1240 3284 1303; x_wconf 85' lang='lat' dir='ltr'><strong>voluerint</strong></span> <span class='ocrx_word' id='word_1_121' title='bbox 3330 1238 3547 1314; x_wconf 85' lang='lat' dir='ltr'><strong>facere,</strong></span> <span class='ocrx_word' id='word_1_122' title='bbox 3581 1237 3667 1297; x_wconf 90' lang='lat' dir='ltr'><strong>si-</strong></span> 
     </span>
    </p>
   </div>
   <div class='ocr_carea' id='block_1_18' title="bbox 297 1325 1928 1424">
    <p class='ocr_par' dir='ltr' id='par_1_18' title="bbox 297 1325 504 1403">
     <span class='ocr_line' id='line_1_18' title="bbox 297 1325 504 1403; baseline 0.01 -20"><span class='ocrx_word' id='word_1_123' title='bbox 297 1325 504 1403; x_wconf 79' lang='grc' dir='ltr'>λονται,</span> 
     </span>
    </p>
   </div>
   <div class='ocr_carea' id='block_1_19' title="bbox 2018 1325 3641 1424">
    <p class='ocr_par' dir='ltr' id='par_1_19' title="bbox 2020 1325 3641 1424">
     <span class='ocr_line' id='line_1_19' title="bbox 2020 1325 3641 1424; baseline 0.006 -38"><span class='ocrx_word' id='word_1_124' title='bbox 2020 1325 2227 1389; x_wconf 91' lang='lat' dir='ltr'><strong>nendi.</strong></span> <span class='ocrx_word' id='word_1_125' title='bbox 3128 1416 3144 1424; x_wconf 87' lang='lat'>_</span> <span class='ocrx_word' id='word_1_126' title='bbox 3408 1418 3416 1424; x_wconf 23' lang='grc' dir='ltr'><strong>Α</strong></span> <span class='ocrx_word' id='word_1_127' title='bbox 3613 1406 3641 1424; x_wconf 26' lang='grc'>,-</span> 
     </span>
    </p>
   </div>
   <div class='ocr_carea' id='block_1_20' title="bbox 378 1415 1928 1514">
    <p class='ocr_par' dir='ltr' id='par_1_20' title="bbox 378 1415 1928 1504">
     <span class='ocr_line' id='line_1_20' title="bbox 378 1415 1928 1504; baseline 0.004 -29"><span class='ocrx_word' id='word_1_128' title='bbox 378 1415 495 1498; x_wconf 82' lang='grc' dir='ltr'><strong>Ἀρ.</strong></span> <span class='ocrx_word' id='word_1_129' title='bbox 530 1416 620 1477; x_wconf 80' lang='grc' dir='ltr'>Ἐν</span> <span class='ocrx_word' id='word_1_130' title='bbox 647 1433 771 1484; x_wconf 84' lang='grc' dir='ltr'>ταῖς</span> <span class='ocrx_word' id='word_1_131' title='bbox 797 1428 1118 1501; x_wconf 75' lang='grc' dir='ltr'>Χριστιανῶν</span> <span class='ocrx_word' id='word_1_132' title='bbox 1148 1424 1354 1504; x_wconf 83' lang='grc' dir='ltr'>χώραις</span> <span class='ocrx_word' id='word_1_133' title='bbox 1382 1427 1470 1482; x_wconf 88' lang='grc' dir='ltr'><strong>καὶ</strong></span> <span class='ocrx_word' id='word_1_134' title='bbox 1518 1424 1736 1483; x_wconf 88' lang='grc' dir='ltr'>πόλεσιν</span> <span class='ocrx_word' id='word_1_135' title='bbox 1792 1424 1928 1483; x_wconf 84' lang='grc' dir='ltr'>ἐνδέ-</span> 
     </span>
    </p>
   </div>
   <div class='ocr_carea' id='block_1_21' title="bbox 2018 1415 3672 1514">
    <p class='ocr_par' dir='ltr' id='par_1_21' title="bbox 2031 1415 3672 1514">
     <span class='ocr_line' id='line_1_21' title="bbox 2031 1415 3672 1514; baseline -0.004 -35"><span class='ocrx_word' id='word_1_136' title='bbox 2031 1415 2243 1514; x_wconf 53' lang='lat' dir='ltr'><strong>miles,</strong></span> <span class='ocrx_word' id='word_1_137' title='bbox 2275 1416 2364 1479; x_wconf 82' lang='lat' dir='ltr'><strong>Ab</strong></span> <span class='ocrx_word' id='word_1_138' title='bbox 2422 1416 2595 1479; x_wconf 87' lang='lat' dir='ltr'><strong>initio</strong></span> <span class='ocrx_word' id='word_1_139' title='bbox 2626 1428 2652 1514; x_wconf 60' lang='grc' dir='ltr'>ιξ</span> <span class='ocrx_word' id='word_1_140' title='bbox 2681 1418 2921 1514; x_wconf 75' lang='lat' dir='ltr'><strong>quidem</strong></span> <span class='ocrx_word' id='word_1_141' title='bbox 2978 1416 3290 1514; x_wconf 59' lang='lat' dir='ltr'><strong>indultum</strong></span> <span class='ocrx_word' id='word_1_142' title='bbox 3334 1418 3563 1514; x_wconf 42' lang='lat' dir='ltr'><strong>estLut</strong></span> <span class='ocrx_word' id='word_1_143' title='bbox 3609 1415 3672 1473; x_wconf 91' lang='lat' dir='ltr'><strong>in</strong></span> 
     </span>
    </p>
   </div>
   <div class='ocr_carea' id='block_1_22' title="bbox 298 1496 1928 1597">
    <p class='ocr_par' dir='ltr' id='par_1_22' title="bbox 298 1496 1928 1597">
     <span class='ocr_line' id='line_1_22' title="bbox 298 1496 1928 1597; baseline 0.006 -36"><span class='ocrx_word' id='word_1_144' title='bbox 298 1496 455 1564; x_wconf 85' lang='grc' dir='ltr'>δοται</span> <span class='ocrx_word' id='word_1_145' title='bbox 474 1508 572 1582; x_wconf 80' lang='grc' dir='ltr'>μὲν</span> <span class='ocrx_word' id='word_1_146' title='bbox 600 1496 1026 1590; x_wconf 24' lang='grc' dir='ltr'>ἀρχῆθεντοῖκεῖν</span> <span class='ocrx_word' id='word_1_147' title='bbox 1057 1496 1190 1569; x_wconf 40' lang='grc' dir='ltr'>καὶ.-</span> <span class='ocrx_word' id='word_1_148' title='bbox 1216 1496 1647 1591; x_wconf 68' lang='grc' dir='ltr'>ἀλλογλώσσους,</span> <span class='ocrx_word' id='word_1_149' title='bbox 1692 1516 1779 1571; x_wconf 87' lang='grc' dir='ltr'><strong>καὶ</strong></span> <span class='ocrx_word' id='word_1_150' title='bbox 1808 1516 1928 1571; x_wconf 78' lang='grc' dir='ltr'>ἐτε-</span> 
     </span>
    </p>
   </div>
   <div class='ocr_carea' id='block_1_23' title="bbox 2018 1496 3667 1597">
    <p class='ocr_par' dir='ltr' id='par_1_23' title="bbox 2023 1496 3667 1597">
     <span class='ocr_line' id='line_1_23' title="bbox 2023 1496 3667 1597; baseline -0.003 -30"><span class='ocrx_word' id='word_1_151' title='bbox 2023 1504 2493 1571; x_wconf 85' lang='lat' dir='ltr'><strong>Christianorum</strong></span> <span class='ocrx_word' id='word_1_152' title='bbox 2525 1496 2869 1587; x_wconf 80' lang='lat' dir='ltr'><strong>regionibus</strong></span> <span class='ocrx_word' id='word_1_153' title='bbox 2889 1525 2919 1553; x_wconf 88' lang='grc' dir='ltr'><strong>ο</strong></span> <span class='ocrx_word' id='word_1_154' title='bbox 2950 1516 3007 1569; x_wconf 91' lang='lat' dir='ltr'><strong>et</strong></span> <span class='ocrx_word' id='word_1_155' title='bbox 3055 1503 3389 1597; x_wconf 74' lang='lat' dir='ltr'><strong>civitatibus</strong></span> <span class='ocrx_word' id='word_1_156' title='bbox 3418 1496 3667 1563; x_wconf 75' lang='lat' dir='ltr'><strong>diversze</strong></span> 
     </span>
    </p>
   </div>
   <div class='ocr_carea' id='block_1_24' title="bbox 300 1590 1928 1691">
    <p class='ocr_par' dir='ltr' id='par_1_24' title="bbox 300 1590 1928 1691">
     <span class='ocr_line' id='line_1_24' title="bbox 300 1590 1928 1691; baseline 0.003 -37"><span class='ocrx_word' id='word_1_157' title='bbox 300 1593 561 1691; x_wconf 75' lang='grc' dir='ltr'>ροδόξους,</span> <span class='ocrx_word' id='word_1_158' title='bbox 619 1596 778 1676; x_wconf 75' lang='grc' dir='ltr'>ἤγουν</span> <span class='ocrx_word' id='word_1_159' title='bbox 866 1598 1179 1691; x_wconf 72' lang='grc' dir='ltr'>Ἰουδαίους,</span> <span class='ocrx_word' id='word_1_160' title='bbox 1272 1590 1606 1682; x_wconf 14' lang='grc' dir='ltr'>Ἀργμεμίους,</span> <span class='ocrx_word' id='word_1_161' title='bbox 1669 1602 1928 1679; x_wconf 85' lang='grc' dir='ltr'>Ἰσμαηλί-</span> 
     </span>
    </p>
   </div>
   <div class='ocr_carea' id='block_1_25' title="bbox 2018 1590 3668 1691">
    <p class='ocr_par' dir='ltr' id='par_1_25' title="bbox 2021 1590 3668 1691">
     <span class='ocr_line' id='line_1_25' title="bbox 2021 1590 3668 1691; baseline -0.002 -39"><span class='ocrx_word' id='word_1_162' title='bbox 2021 1591 2236 1691; x_wconf 62' lang='lat' dir='ltr'><strong>lingua;</strong></span> <span class='ocrx_word' id='word_1_163' title='bbox 2268 1603 2327 1659; x_wconf 92' lang='lat' dir='ltr'><strong>et</strong></span> <span class='ocrx_word' id='word_1_164' title='bbox 2357 1595 2663 1691; x_wconf 70' lang='lat' dir='ltr'><strong>religionis</strong></span> <span class='ocrx_word' id='word_1_165' title='bbox 2720 1595 2995 1691; x_wconf 77' lang='lat' dir='ltr'><strong>homines</strong></span> <span class='ocrx_word' id='word_1_166' title='bbox 3042 1590 3668 1691; x_wconf 30' lang='lat' dir='ltr'><strong>habitarelntuutputa</strong></span> 
     </span>
    </p>
   </div>
   <div class='ocr_carea' id='block_1_26' title="bbox 298 1678 1928 1780">
    <p class='ocr_par' dir='ltr' id='par_1_26' title="bbox 298 1682 1928 1765">
     <span class='ocr_line' id='line_1_26' title="bbox 298 1682 1928 1765; baseline 0.006 -26"><span class='ocrx_word' id='word_1_167' title='bbox 298 1705 417 1762; x_wconf 88' lang='grc' dir='ltr'>τας,</span> <span class='ocrx_word' id='word_1_168' title='bbox 456 1682 798 1765; x_wconf 70' lang='grc' dir='ltr'>Ἀγαρηνους,</span> <span class='ocrx_word' id='word_1_169' title='bbox 855 1690 942 1745; x_wconf 80' lang='grc' dir='ltr'>καὶ</span> <span class='ocrx_word' id='word_1_170' title='bbox 999 1687 1217 1754; x_wconf 85' lang='grc' dir='ltr'>λοιποὺς</span> <span class='ocrx_word' id='word_1_171' title='bbox 1274 1692 1549 1756; x_wconf 81' lang='grc' dir='ltr'>τοιούτους</span> <span class='ocrx_word' id='word_1_172' title='bbox 1585 1711 1597 1724; x_wconf 82' lang='grc'>⁸</span> <span class='ocrx_word' id='word_1_173' title='bbox 1659 1691 1800 1760; x_wconf 72' lang='grc' dir='ltr'>πλὴν</span> <span class='ocrx_word' id='word_1_174' title='bbox 1847 1694 1928 1749; x_wconf 64' lang='grc' dir='ltr'><strong>οὐκ</strong></span> 
     </span>
    </p>
   </div>
   <div class='ocr_carea' id='block_1_27' title="bbox 2018 1678 3665 1780">
    <p class='ocr_par' dir='ltr' id='par_1_27' title="bbox 2020 1678 3665 1780">
     <span class='ocr_line' id='line_1_27' title="bbox 2020 1678 3665 1780; baseline -0.002 -38"><span class='ocrx_word' id='word_1_175' title='bbox 2020 1682 2231 1780; x_wconf 55' lang='lat' dir='ltr'><strong>Judaei,</strong></span> <span class='ocrx_word' id='word_1_176' title='bbox 2259 1685 2920 1780; x_wconf 75' lang='lat' dir='ltr'><strong>Armenii,_Ismaelitae,</strong></span> <span class='ocrx_word' id='word_1_177' title='bbox 2952 1683 3231 1780; x_wconf 79' lang='lat' dir='ltr'><strong>Agareni,</strong></span> <span class='ocrx_word' id='word_1_178' title='bbox 3267 1678 3326 1744; x_wconf 81' lang='lat' dir='ltr'><strong>et</strong></span> <span class='ocrx_word' id='word_1_179' title='bbox 3356 1678 3470 1780; x_wconf 72' lang='lat' dir='ltr'><strong>alii</strong></span> <span class='ocrx_word' id='word_1_180' title='bbox 3492 1678 3665 1780; x_wconf 65' lang='lat' dir='ltr'><strong>ejus-</strong></span> 
     </span>
    </p>
   </div>
   <div class='ocr_carea' id='block_1_28' title="bbox 298 1765 1928 1861">
    <p class='ocr_par' dir='ltr' id='par_1_28' title="bbox 298 1772 1928 1861">
     <span class='ocr_line' id='line_1_28' title="bbox 298 1772 1928 1861; baseline 0.008 -33"><span class='ocrx_word' id='word_1_181' title='bbox 298 1772 486 1861; x_wconf 64' lang='grc' dir='ltr'>ἀναμὶξ</span> <span class='ocrx_word' id='word_1_182' title='bbox 524 1776 659 1849; x_wconf 86' lang='grc' dir='ltr'><strong>μετά</strong></span> <span class='ocrx_word' id='word_1_183' title='bbox 728 1782 834 1831; x_wconf 89' lang='grc' dir='ltr'><strong>τῶν</strong></span> <span class='ocrx_word' id='word_1_184' title='bbox 889 1784 1234 1856; x_wconf 72' lang='grc' dir='ltr'>Χριστιανῶν,</span> <span class='ocrx_word' id='word_1_185' title='bbox 1305 1778 1442 1836; x_wconf 87' lang='grc' dir='ltr'><strong>ἀλλά</strong></span> <span class='ocrx_word' id='word_1_186' title='bbox 1497 1780 1928 1861; x_wconf 79' lang='grc' dir='ltr'>κεχωρισμένως.</span> 
     </span>
    </p>
   </div>
   <div class='ocr_carea' id='block_1_29' title="bbox 2018 1765 3664 1861">
    <p class='ocr_par' dir='ltr' id='par_1_29' title="bbox 2023 1765 3664 1861">
     <span class='ocr_line' id='line_1_29' title="bbox 2023 1765 3664 1861; baseline -0.002 -31"><span class='ocrx_word' id='word_1_187' title='bbox 2023 1772 2183 1833; x_wconf 91' lang='lat' dir='ltr'><strong>modi</strong></span> <span class='ocrx_word' id='word_1_188' title='bbox 2238 1792 2354 1835; x_wconf 91' lang='lat' dir='ltr'><strong>non</strong></span> <span class='ocrx_word' id='word_1_189' title='bbox 2390 1775 2727 1855; x_wconf 87' lang='lat' dir='ltr'><strong>promiscue</strong></span> <span class='ocrx_word' id='word_1_190' title='bbox 2779 1765 3025 1849; x_wconf 51' lang='lat' dir='ltr'><strong>tamen,</strong></span> <span class='ocrx_word' id='word_1_191' title='bbox 3051 1772 3156 1835; x_wconf 91' lang='lat' dir='ltr'><strong>sed</strong></span> <span class='ocrx_word' id='word_1_192' title='bbox 3183 1768 3461 1861; x_wconf 84' lang='lat' dir='ltr'><strong>seorsim.</strong></span> <span class='ocrx_word' id='word_1_193' title='bbox 3492 1765 3664 1861; x_wconf 74' lang='lat' dir='ltr'><strong>Unde</strong></span> 
     </span>
    </p>
   </div>
   <div class='ocr_carea' id='block_1_30' title="bbox 300 1849 1928 1956">
    <p class='ocr_par' dir='ltr' id='par_1_30' title="bbox 300 1849 1928 1956">
     <span class='ocr_line' id='line_1_30' title="bbox 300 1849 1928 1956; baseline 0.006 -39"><span class='ocrx_word' id='word_1_194' title='bbox 300 1850 467 1956; x_wconf 53' lang='grc' dir='ltr'>’ᾯθεν</span> <span class='ocrx_word' id='word_1_195' title='bbox 522 1865 610 1920; x_wconf 84' lang='grc' dir='ltr'><strong>καὶ</strong></span> <span class='ocrx_word' id='word_1_196' title='bbox 678 1849 1006 1945; x_wconf 70' lang='grc' dir='ltr'>ἀφορίζονται</span> <span class='ocrx_word' id='word_1_197' title='bbox 1067 1849 1230 1924; x_wconf 27' lang='grc' dir='ltr'>τόποι*</span> <span class='ocrx_word' id='word_1_198' title='bbox 1276 1867 1473 1956; x_wconf 61' lang='grc' dir='ltr'>ἑκάστῃ</span> <span class='ocrx_word' id='word_1_199' title='bbox 1516 1849 1713 1928; x_wconf 77' lang='grc' dir='ltr'>τούτων</span> <span class='ocrx_word' id='word_1_200' title='bbox 1738 1849 1748 1856; x_wconf 27' lang='grc' dir='ltr'><strong>η</strong></span> <span class='ocrx_word' id='word_1_201' title='bbox 1772 1869 1928 1951; x_wconf 78' lang='grc' dir='ltr'>φυλῇ,</span> 
     </span>
    </p>
   </div>
   <div class='ocr_carea' id='block_1_31' title="bbox 2018 1849 3668 1956">
    <p class='ocr_par' dir='ltr' id='par_1_31' title="bbox 2027 1849 3668 1956">
     <span class='ocr_line' id='line_1_31' title="bbox 2027 1849 3668 1956; baseline 0.002 -37"><span class='ocrx_word' id='word_1_202' title='bbox 2027 1858 2200 1921; x_wconf 88' lang='lat' dir='ltr'><strong>etiam</strong></span> <span class='ocrx_word' id='word_1_203' title='bbox 2225 1849 2435 1923; x_wconf 83' lang='lat' dir='ltr'><strong>harum</strong></span> <span class='ocrx_word' id='word_1_204' title='bbox 2461 1862 2719 1924; x_wconf 88' lang='lat' dir='ltr'><strong>tribuum</strong></span> <span class='ocrx_word' id='word_1_205' title='bbox 2745 1875 2772 1917; x_wconf 75' lang='grc' dir='ltr'><strong>Ρ</strong></span> <span class='ocrx_word' id='word_1_206' title='bbox 2803 1862 3016 1944; x_wconf 88' lang='lat' dir='ltr'><strong>cuique</strong></span> <span class='ocrx_word' id='word_1_207' title='bbox 3036 1858 3542 1956; x_wconf 53' lang='lat' dir='ltr'><strong>intracivitatem,</strong></span> <span class='ocrx_word' id='word_1_208' title='bbox 3574 1850 3668 1916; x_wconf 75' lang='lat' dir='ltr'><strong>vel</strong></span> 
     </span>
    </p>
   </div>
   <div class='ocr_carea' id='block_1_32' title="bbox 295 1942 1928 2041">
    <p class='ocr_par' dir='ltr' id='par_1_32' title="bbox 295 1942 1928 2035">
     <span class='ocr_line' id='line_1_32' title="bbox 295 1942 1928 2035; baseline 0.006 -29"><span class='ocrx_word' id='word_1_209' title='bbox 295 1948 406 2007; x_wconf 79' lang='grc' dir='ltr'>εἴτε</span> <span class='ocrx_word' id='word_1_210' title='bbox 429 1949 578 2016; x_wconf 80' lang='grc' dir='ltr'>ἐντὸς</span> <span class='ocrx_word' id='word_1_211' title='bbox 608 1942 839 2027; x_wconf 75' lang='grc' dir='ltr'>πόλεων,</span> <span class='ocrx_word' id='word_1_212' title='bbox 900 1953 1011 2011; x_wconf 83' lang='grc' dir='ltr'>εἵτε</span> <span class='ocrx_word' id='word_1_213' title='bbox 1065 1955 1240 2021; x_wconf 81' lang='grc' dir='ltr'>ἐκτός.</span> <span class='ocrx_word' id='word_1_214' title='bbox 1302 1942 1477 2015; x_wconf 72' lang='grc' dir='ltr'>’Ὥστε</span> <span class='ocrx_word' id='word_1_215' title='bbox 1522 1960 1724 2023; x_wconf 83' lang='grc' dir='ltr'>τούτοις</span> <span class='ocrx_word' id='word_1_216' title='bbox 1766 1942 1928 2035; x_wconf 53' lang='grc' dir='ltr'>ἐμπεξ</span> 
     </span>
    </p>
   </div>
   <div class='ocr_carea' id='block_1_33' title="bbox 2018 1942 3667 2041">
    <p class='ocr_par' dir='ltr' id='par_1_33' title="bbox 2025 1942 3667 2041">
     <span class='ocr_line' id='line_1_33' title="bbox 2025 1942 3667 2041; baseline -0.002 -35"><span class='ocrx_word' id='word_1_217' title='bbox 2025 1957 2211 2031; x_wconf 82' lang='lat' dir='ltr'><strong>extra,</strong></span> <span class='ocrx_word' id='word_1_218' title='bbox 2242 1949 2356 2012; x_wconf 91' lang='lat' dir='ltr'><strong>loci</strong></span> <span class='ocrx_word' id='word_1_219' title='bbox 2393 1949 2867 2016; x_wconf 91' lang='lat' dir='ltr'><strong>determinantur</strong></span> <span class='ocrx_word' id='word_1_220' title='bbox 2892 1942 3008 2015; x_wconf 51' lang='lat' dir='ltr'><strong>{ut</strong></span> <span class='ocrx_word' id='word_1_221' title='bbox 3036 1948 3129 2011; x_wconf 92' lang='lat' dir='ltr'><strong>his</strong></span> <span class='ocrx_word' id='word_1_222' title='bbox 3160 1942 3667 2041; x_wconf 78' lang='lat' dir='ltr'><strong>circumscriban-</strong></span> 
     </span>
    </p>
   </div>
   <div class='ocr_carea' id='block_1_34' title="bbox 294 2034 1928 2134">
    <p class='ocr_par' dir='ltr' id='par_1_34' title="bbox 294 2034 1928 2121">
     <span class='ocr_line' id='line_1_34' title="bbox 294 2034 1928 2121; baseline 0.006 -26"><span class='ocrx_word' id='word_1_223' title='bbox 294 2040 656 2121; x_wconf 86' lang='grc' dir='ltr'>ριγράφεσθαι,</span> <span class='ocrx_word' id='word_1_224' title='bbox 723 2043 812 2099; x_wconf 82' lang='grc' dir='ltr'><strong>καὶ</strong></span> <span class='ocrx_word' id='word_1_225' title='bbox 858 2044 935 2117; x_wconf 81' lang='grc' dir='ltr'>μὴ</span> <span class='ocrx_word' id='word_1_226' title='bbox 1005 2043 1248 2102; x_wconf 82' lang='grc' dir='ltr'>ἐπέκεινα</span> <span class='ocrx_word' id='word_1_227' title='bbox 1303 2049 1499 2104; x_wconf 89' lang='grc' dir='ltr'>τούτων</span> <span class='ocrx_word' id='word_1_228' title='bbox 1554 2049 1646 2113; x_wconf 70' lang='grc' dir='ltr'><strong>τὰς</strong></span> <span class='ocrx_word' id='word_1_229' title='bbox 1705 2034 1928 2119; x_wconf 67' lang='grc' dir='ltr'>οἰκήσεις</span> 
     </span>
    </p>
   </div>
   <div class='ocr_carea' id='block_1_35' title="bbox 2018 2034 3662 2134">
    <p class='ocr_par' dir='ltr' id='par_1_35' title="bbox 2022 2034 3662 2134">
     <span class='ocr_line' id='line_1_35' title="bbox 2022 2034 3662 2134; baseline -0.002 -37"><span class='ocrx_word' id='word_1_230' title='bbox 2022 2043 2139 2113; x_wconf 89' lang='lat' dir='ltr'><strong>tur,</strong></span> <span class='ocrx_word' id='word_1_231' title='bbox 2177 2057 2287 2100; x_wconf 92' lang='lat' dir='ltr'><strong>nec</strong></span> <span class='ocrx_word' id='word_1_232' title='bbox 2318 2040 2567 2102; x_wconf 86' lang='lat' dir='ltr'><strong>ulterius</strong></span> <span class='ocrx_word' id='word_1_233' title='bbox 2590 2058 2800 2103; x_wconf 89' lang='lat' dir='ltr'><strong>eorum</strong></span> <span class='ocrx_word' id='word_1_234' title='bbox 2825 2034 3222 2134; x_wconf 79' lang='lat' dir='ltr'><strong>habitationes</strong></span> <span class='ocrx_word' id='word_1_235' title='bbox 3246 2034 3662 2134; x_wconf 73' lang='lat' dir='ltr'><strong>extendantur.</strong></span> 
     </span>
    </p>
   </div>
   <div class='ocr_carea' id='block_1_36' title="bbox 294 2123 1928 2211">
    <p class='ocr_par' dir='ltr' id='par_1_36' title="bbox 294 2128 1928 2202">
     <span class='ocr_line' id='line_1_36' title="bbox 294 2128 1928 2202; baseline 0.006 -18"><span class='ocrx_word' id='word_1_236' title='bbox 294 2132 465 2186; x_wconf 74' lang='grc' dir='ltr'>αὒτῶν</span> <span class='ocrx_word' id='word_1_237' title='bbox 487 2128 821 2191; x_wconf 83' lang='grc' dir='ltr'>ἐκτείνεσθαι,</span> <span class='ocrx_word' id='word_1_238' title='bbox 866 2131 1259 2201; x_wconf 84' lang='grc' dir='ltr'>Ἐπεινενόηται</span> <span class='ocrx_word' id='word_1_239' title='bbox 1307 2134 1361 2191; x_wconf 84' lang='grc' dir='ltr'>δὲ</span> <span class='ocrx_word' id='word_1_240' title='bbox 1415 2146 1569 2196; x_wconf 81' lang='grc' dir='ltr'>τοῦτο</span> <span class='ocrx_word' id='word_1_241' title='bbox 1623 2151 1742 2202; x_wconf 85' lang='grc' dir='ltr'>τοῖς</span> <span class='ocrx_word' id='word_1_242' title='bbox 1770 2137 1928 2195; x_wconf 82' lang='grc' dir='ltr'>πάλαι</span> 
     </span>
    </p>
   </div>
   <div class='ocr_carea' id='block_1_37' title="bbox 2018 2123 3667 2211">
    <p class='ocr_par' dir='ltr' id='par_1_37' title="bbox 2018 2123 3667 2211">
     <span class='ocr_line' id='line_1_37' title="bbox 2018 2123 3667 2211; baseline -0.003 -26"><span class='ocrx_word' id='word_1_243' title='bbox 2018 2123 2169 2187; x_wconf 90' lang='lat' dir='ltr'><strong>Illud</strong></span> <span class='ocrx_word' id='word_1_244' title='bbox 2227 2138 2419 2191; x_wconf 89' lang='lat' dir='ltr'><strong>autem</strong></span> <span class='ocrx_word' id='word_1_245' title='bbox 2452 2150 2487 2192; x_wconf 85' lang='lat' dir='ltr'><strong>a</strong></span> <span class='ocrx_word' id='word_1_246' title='bbox 2516 2129 2813 2191; x_wconf 86' lang='lat' dir='ltr'><strong>veteribus</strong></span> <span class='ocrx_word' id='word_1_247' title='bbox 2856 2126 3225 2211; x_wconf 89' lang='lat' dir='ltr'><strong>principibus</strong></span> <span class='ocrx_word' id='word_1_248' title='bbox 3276 2123 3667 2211; x_wconf 77' lang='lat' dir='ltr'><strong>excogitatum</strong></span> 
     </span>
    </p>
   </div>
   <div class='ocr_carea' id='block_1_38' title="bbox 293 2210 1928 2305">
    <p class='ocr_par' dir='ltr' id='par_1_38' title="bbox 293 2216 1928 2303">
     <span class='ocr_line' id='line_1_38' title="bbox 293 2216 1928 2303; baseline 0.007 -31"><span class='ocrx_word' id='word_1_249' title='bbox 293 2216 622 2293; x_wconf 81' lang='grc' dir='ltr'>βασιλεῦσιν.</span> <span class='ocrx_word' id='word_1_250' title='bbox 669 2220 742 2281; x_wconf 87' lang='grc' dir='ltr'><strong>ὡς</strong></span> <span class='ocrx_word' id='word_1_251' title='bbox 773 2220 955 2295; x_wconf 77' lang='grc' dir='ltr'>οἶμαι,</span> <span class='ocrx_word' id='word_1_252' title='bbox 1013 2223 1172 2297; x_wconf 82' lang='grc' dir='ltr'>τριῶν</span> <span class='ocrx_word' id='word_1_253' title='bbox 1215 2223 1412 2286; x_wconf 80' lang='grc' dir='ltr'>ἕνεκεν.</span> <span class='ocrx_word' id='word_1_254' title='bbox 1473 2224 1622 2291; x_wconf 80' lang='grc' dir='ltr'>Ἐνὸς</span> <span class='ocrx_word' id='word_1_255' title='bbox 1679 2226 1795 2303; x_wconf 89' lang='grc' dir='ltr'><strong>μέν,</strong></span> <span class='ocrx_word' id='word_1_256' title='bbox 1841 2226 1928 2284; x_wconf 70' lang='grc' dir='ltr'><strong>ἵνα</strong></span> 
     </span>
    </p>
   </div>
   <div class='ocr_carea' id='block_1_39' title="bbox 2018 2210 3670 2305">
    <p class='ocr_par' dir='ltr' id='par_1_39' title="bbox 2025 2210 3670 2305">
     <span class='ocr_line' id='line_1_39' title="bbox 2025 2210 3670 2305; baseline 0.001 -30"><span class='ocrx_word' id='word_1_257' title='bbox 2025 2223 2139 2305; x_wconf 78' lang='lat' dir='ltr'><strong>est,</strong></span> <span class='ocrx_word' id='word_1_258' title='bbox 2172 2217 2384 2305; x_wconf 81' lang='lat' dir='ltr'><strong>tribus,</strong></span> <span class='ocrx_word' id='word_1_259' title='bbox 2415 2227 2479 2280; x_wconf 92' lang='lat' dir='ltr'><strong>ut</strong></span> <span class='ocrx_word' id='word_1_260' title='bbox 2513 2219 2748 2299; x_wconf 89' lang='lat' dir='ltr'><strong>opinor,</strong></span> <span class='ocrx_word' id='word_1_261' title='bbox 2781 2210 3100 2305; x_wconf 81' lang='lat' dir='ltr'><strong>decausis.</strong></span> <span class='ocrx_word' id='word_1_262' title='bbox 3129 2215 3259 2279; x_wconf 90' lang='lat' dir='ltr'><strong>Una</strong></span> <span class='ocrx_word' id='word_1_263' title='bbox 3284 2210 3551 2294; x_wconf 88' lang='lat' dir='ltr'><strong>quidem,</strong></span> <span class='ocrx_word' id='word_1_264' title='bbox 3573 2300 3579 2305; x_wconf 69' lang='lat'><strong><em>_</em></strong></span> <span class='ocrx_word' id='word_1_265' title='bbox 3604 2216 3670 2271; x_wconf 77' lang='lat' dir='ltr'><strong>ut</strong></span> 
     </span>
    </p>
   </div>
   <div class='ocr_carea' id='block_1_40' title="bbox 295 2302 1928 2390">
    <p class='ocr_par' dir='ltr' id='par_1_40' title="bbox 295 2302 1928 2390">
     <span class='ocr_line' id='line_1_40' title="bbox 295 2302 1928 2390; baseline 0.007 -29"><span class='ocrx_word' id='word_1_266' title='bbox 295 2312 374 2381; x_wconf 83' lang='grc' dir='ltr'>τῷ</span> <span class='ocrx_word' id='word_1_267' title='bbox 450 2305 791 2383; x_wconf 82' lang='grc' dir='ltr'>ἐστενωμένῳ</span> <span class='ocrx_word' id='word_1_268' title='bbox 860 2310 947 2365; x_wconf 82' lang='grc' dir='ltr'><strong>καὶ</strong></span> <span class='ocrx_word' id='word_1_269' title='bbox 996 2310 1345 2390; x_wconf 78' lang='grc' dir='ltr'>ἀφωρισμένῳ</span> <span class='ocrx_word' id='word_1_270' title='bbox 1385 2320 1483 2382; x_wconf 77' lang='grc' dir='ltr'>τῆς</span> <span class='ocrx_word' id='word_1_271' title='bbox 1534 2302 1728 2372; x_wconf 87' lang='grc' dir='ltr'>τούτων</span> <span class='ocrx_word' id='word_1_272' title='bbox 1785 2317 1928 2386; x_wconf 74' lang='grc' dir='ltr'>οἰκή-</span> 
     </span>
    </p>
   </div>
   <div class='ocr_carea' id='block_1_41' title="bbox 2018 2302 3667 2390">
    <p class='ocr_par' dir='ltr' id='par_1_41' title="bbox 2024 2302 3667 2390">
     <span class='ocr_line' id='line_1_41' title="bbox 2024 2302 3667 2390; baseline -0.002 -27"><span class='ocrx_word' id='word_1_273' title='bbox 2024 2319 2095 2363; x_wconf 83' lang='lat' dir='ltr'><strong>ex</strong></span> <span class='ocrx_word' id='word_1_274' title='bbox 2127 2302 2504 2367; x_wconf 86' lang='lat' dir='ltr'><strong>habitationis</strong></span> <span class='ocrx_word' id='word_1_275' title='bbox 2525 2307 2811 2387; x_wconf 83' lang='lat' dir='ltr'><strong>augustiis</strong></span> <span class='ocrx_word' id='word_1_276' title='bbox 2834 2316 2892 2369; x_wconf 89' lang='lat' dir='ltr'><strong>et</strong></span> <span class='ocrx_word' id='word_1_277' title='bbox 2922 2302 3332 2390; x_wconf 83' lang='lat' dir='ltr'><strong>deﬁnitionem</strong></span> <span class='ocrx_word' id='word_1_278' title='bbox 3353 2314 3401 2378; x_wconf 69' lang='grc' dir='ltr'>τι,</span> <span class='ocrx_word' id='word_1_279' title='bbox 3426 2302 3667 2390; x_wconf 78' lang='lat' dir='ltr'><strong>sensum</strong></span> 
     </span>
    </p>
   </div>
   <div class='ocr_carea' id='block_1_42' title="bbox 298 2392 1940 2473">
    <p class='ocr_par' dir='ltr' id='par_1_42' title="bbox 298 2392 1940 2473">
     <span class='ocr_line' id='line_1_42' title="bbox 298 2392 1940 2473; baseline 0.006 -22"><span class='ocrx_word' id='word_1_280' title='bbox 298 2416 459 2471; x_wconf 88' lang='grc' dir='ltr'>σεως,</span> <span class='ocrx_word' id='word_1_281' title='bbox 493 2392 832 2471; x_wconf 82' lang='grc' dir='ltr'>λαμϐάνωσιν</span> <span class='ocrx_word' id='word_1_282' title='bbox 882 2395 1150 2473; x_wconf 71' lang='grc' dir='ltr'>αἴσθησιν,</span> <span class='ocrx_word' id='word_1_283' title='bbox 1212 2403 1284 2467; x_wconf 85' lang='grc' dir='ltr'>ὡς</span> <span class='ocrx_word' id='word_1_284' title='bbox 1352 2400 1642 2470; x_wconf 79' lang='grc' dir='ltr'>ἀπόϐλητοι</span> <span class='ocrx_word' id='word_1_285' title='bbox 1692 2403 1775 2460; x_wconf 80' lang='grc' dir='ltr'><strong>διὰ</strong></span> <span class='ocrx_word' id='word_1_286' title='bbox 1842 2406 1940 2473; x_wconf 76' lang='grc' dir='ltr'><strong>τὴν</strong></span> 
     </span>
    </p>
   </div>
   <div class='ocr_carea' id='block_1_43' title="bbox 302 2481 1940 2572">
    <p class='ocr_par' dir='ltr' id='par_1_43' title="bbox 302 2481 1940 2572">
     <span class='ocr_line' id='line_1_43' title="bbox 302 2481 1940 2572; baseline 0.006 -33"><span class='ocrx_word' id='word_1_287' title='bbox 302 2481 421 2540; x_wconf 85' lang='grc' dir='ltr'>κατ’</span> <span class='ocrx_word' id='word_1_288' title='bbox 454 2485 640 2547; x_wconf 73' lang='grc' dir='ltr'>αὖτοὺς</span> <span class='ocrx_word' id='word_1_289' title='bbox 694 2483 909 2563; x_wconf 70' lang='grc' dir='ltr'>αῗρησιν</span> <span class='ocrx_word' id='word_1_290' title='bbox 964 2488 1249 2565; x_wconf 75' lang='grc' dir='ltr'>κρίνονται,</span> <span class='ocrx_word' id='word_1_291' title='bbox 1312 2482 1521 2571; x_wconf 76' lang='grc' dir='ltr'>Ἐτέρου</span> <span class='ocrx_word' id='word_1_292' title='bbox 1563 2490 1638 2572; x_wconf 79' lang='grc' dir='ltr'>δὲ,</span> <span class='ocrx_word' id='word_1_293' title='bbox 1671 2492 1763 2549; x_wconf 70' lang='grc' dir='ltr'>’ἕνα</span> <span class='ocrx_word' id='word_1_294' title='bbox 1804 2496 1940 2554; x_wconf 86' lang='grc' dir='ltr'><strong>κατά</strong></span> 
     </span>
    </p>
   </div>
   <div class='ocr_carea' id='block_1_44' title="bbox 299 2570 1937 2663">
    <p class='ocr_par' dir='ltr' id='par_1_44' title="bbox 299 2570 1937 2663">
     <span class='ocr_line' id='line_1_44' title="bbox 299 2570 1937 2663; baseline 0.007 -35"><span class='ocrx_word' id='word_1_295' title='bbox 299 2572 511 2651; x_wconf 79' lang='grc' dir='ltr'>μικρὸν,</span> <span class='ocrx_word' id='word_1_296' title='bbox 546 2570 630 2629; x_wconf 78' lang='grc' dir='ltr'>διὰ</span> <span class='ocrx_word' id='word_1_297' title='bbox 658 2574 719 2629; x_wconf 78' lang='grc' dir='ltr'>τὸ</span> <span class='ocrx_word' id='word_1_298' title='bbox 749 2577 960 2654; x_wconf 36' lang='lat' dir='ltr'><strong>oux-vd};</strong></span> <span class='ocrx_word' id='word_1_299' title='bbox 991 2575 1203 2651; x_wconf 78' lang='grc' dir='ltr'>ὁμιλεῖν</span> <span class='ocrx_word' id='word_1_300' title='bbox 1250 2593 1367 2642; x_wconf 87' lang='grc' dir='ltr'>τοῖς</span> <span class='ocrx_word' id='word_1_301' title='bbox 1414 2570 1774 2663; x_wconf 74' lang='grc' dir='ltr'>Χριστιανοις,</span> <span class='ocrx_word' id='word_1_302' title='bbox 1807 2586 1937 2659; x_wconf 81' lang='grc' dir='ltr'>πρὸς</span> 
     </span>
    </p>
   </div>
   <div class='ocr_carea' id='block_1_45' title="bbox 300 2660 1939 2744">
    <p class='ocr_par' dir='ltr' id='par_1_45' title="bbox 300 2660 1939 2744">
     <span class='ocr_line' id='line_1_45' title="bbox 300 2660 1939 2744; baseline 0.008 -28"><span class='ocrx_word' id='word_1_303' title='bbox 300 2662 576 2737; x_wconf 81' lang='grc' dir='ltr'>μετάθεσιν</span> <span class='ocrx_word' id='word_1_304' title='bbox 606 2660 1043 2721; x_wconf 76' lang='grc' dir='ltr'>ἀπαλλάττωνται</span> <span class='ocrx_word' id='word_1_305' title='bbox 1075 2682 1091 2697; x_wconf 79' lang='grc'><strong>⁸</strong></span> <span class='ocrx_word' id='word_1_306' title='bbox 1161 2668 1207 2722; x_wconf 81' lang='grc' dir='ltr'><strong>εί</strong></span> <span class='ocrx_word' id='word_1_307' title='bbox 1264 2669 1350 2724; x_wconf 86' lang='grc' dir='ltr'><strong>καὶ</strong></span> <span class='ocrx_word' id='word_1_308' title='bbox 1392 2668 1470 2744; x_wconf 65' lang='grc' dir='ltr'>μὴ</span> <span class='ocrx_word' id='word_1_309' title='bbox 1527 2660 1769 2743; x_wconf 21' lang='grc' dir='ltr'>πάντες(</span> <span class='ocrx_word' id='word_1_310' title='bbox 1801 2670 1939 2728; x_wconf 81' lang='grc' dir='ltr'>ἀλλὰ</span> 
     </span>
    </p>
   </div>
   <div class='ocr_carea' id='block_1_46' title="bbox 299 2747 1938 2835">
    <p class='ocr_par' dir='ltr' id='par_1_46' title="bbox 299 2747 1938 2835">
     <span class='ocr_line' id='line_1_46' title="bbox 299 2747 1938 2835; baseline 0.008 -31"><span class='ocrx_word' id='word_1_311' title='bbox 299 2750 437 2812; x_wconf 82' lang='grc' dir='ltr'>τινὲς</span> <span class='ocrx_word' id='word_1_312' title='bbox 464 2750 584 2825; x_wconf 81' lang='grc' dir='ltr'>μὲν,</span> <span class='ocrx_word' id='word_1_313' title='bbox 644 2747 793 2811; x_wconf 76' lang='grc' dir='ltr'>ὅσους</span> <span class='ocrx_word' id='word_1_314' title='bbox 849 2749 915 2819; x_wconf 78' lang='grc' dir='ltr'>δὴ</span> <span class='ocrx_word' id='word_1_315' title='bbox 997 2755 1031 2821; x_wconf 80' lang='grc' dir='ltr'>ἡ</span> <span class='ocrx_word' id='word_1_316' title='bbox 1086 2756 1318 2821; x_wconf 77' lang='grc' dir='ltr'>σωτηρία</span> <span class='ocrx_word' id='word_1_317' title='bbox 1360 2758 1629 2835; x_wconf 76' lang='grc' dir='ltr'>ἠγάπησε,</span> <span class='ocrx_word' id='word_1_318' title='bbox 1692 2762 1789 2818; x_wconf 78' lang='grc' dir='ltr'>Καὶ</span> <span class='ocrx_word' id='word_1_319' title='bbox 1844 2761 1938 2817; x_wconf 72' lang='grc' dir='ltr'><strong>τοῦ</strong></span> 
     </span>
    </p>
   </div>
   <div class='ocr_carea' id='block_1_47' title="bbox 298 2837 1934 2920">
    <p class='ocr_par' dir='ltr' id='par_1_47' title="bbox 298 2837 1934 2920">
     <span class='ocr_line' id='line_1_47' title="bbox 298 2837 1934 2920; baseline 0.007 -27"><span class='ocrx_word' id='word_1_320' title='bbox 298 2839 497 2916; x_wconf 87' lang='grc' dir='ltr'>τρίτου,</span> <span class='ocrx_word' id='word_1_321' title='bbox 555 2837 647 2894; x_wconf 74' lang='grc' dir='ltr'><strong>ἵνα</strong></span> <span class='ocrx_word' id='word_1_322' title='bbox 703 2840 822 2905; x_wconf 67' lang='grc' dir='ltr'>τοὺς</span> <span class='ocrx_word' id='word_1_323' title='bbox 867 2842 1099 2918; x_wconf 77' lang='grc' dir='ltr'>καρποὺς</span> <span class='ocrx_word' id='word_1_324' title='bbox 1127 2844 1235 2899; x_wconf 86' lang='grc' dir='ltr'><strong>τῶν</strong></span> <span class='ocrx_word' id='word_1_325' title='bbox 1286 2842 1712 2920; x_wconf 73' lang='grc' dir='ltr'>ἐπιτηδευμάτων</span> <span class='ocrx_word' id='word_1_326' title='bbox 1766 2850 1934 2905; x_wconf 80' lang='grc' dir='ltr'>αὐτῶν</span> 
     </span>
    </p>
   </div>
   <div class='ocr_carea' id='block_1_48' title="bbox 294 2926 1932 3015">
    <p class='ocr_par' dir='ltr' id='par_1_48' title="bbox 294 2926 1932 3015">
     <span class='ocr_line' id='line_1_48' title="bbox 294 2926 1932 3015; baseline 0.007 -33"><span class='ocrx_word' id='word_1_327' title='bbox 294 2928 342 2982; x_wconf 79' lang='grc' dir='ltr'>οἱ</span> <span class='ocrx_word' id='word_1_328' title='bbox 384 2926 520 2983; x_wconf 80' lang='grc' dir='ltr'>κατὰ</span> <span class='ocrx_word' id='word_1_329' title='bbox 574 2927 686 3002; x_wconf 88' lang='grc' dir='ltr'>βίον</span> <span class='ocrx_word' id='word_1_330' title='bbox 739 2928 1027 3007; x_wconf 81' lang='grc' dir='ltr'>χρῄζοντες</span> <span class='ocrx_word' id='word_1_331' title='bbox 1084 2931 1256 2987; x_wconf 69' lang='grc' dir='ltr'>αὐτῶν</span> <span class='ocrx_word' id='word_1_332' title='bbox 1306 2933 1692 3015; x_wconf 81' lang='grc' dir='ltr'>ἀποφέρωνται.</span> <span class='ocrx_word' id='word_1_333' title='bbox 1755 2937 1932 2995; x_wconf 85' lang='grc' dir='ltr'>Τοίνυν</span> 
     </span>
    </p>
   </div>
   <div class='ocr_carea' id='block_1_49' title="bbox 292 3013 1926 3106">
    <p class='ocr_par' dir='ltr' id='par_1_49' title="bbox 292 3013 1926 3106">
     <span class='ocr_line' id='line_1_49' title="bbox 292 3013 1926 3106; baseline 0.007 -35"><span class='ocrx_word' id='word_1_334' title='bbox 292 3016 380 3072; x_wconf 86' lang='grc' dir='ltr'><strong>καὶ</strong></span> <span class='ocrx_word' id='word_1_335' title='bbox 411 3018 456 3072; x_wconf 83' lang='grc' dir='ltr'>οἱ</span> <span class='ocrx_word' id='word_1_336' title='bbox 506 3013 791 3095; x_wconf 73' lang='grc' dir='ltr'>Ἀρμένιοι,</span> <span class='ocrx_word' id='word_1_337' title='bbox 852 3018 895 3073; x_wconf 85' lang='grc' dir='ltr'><strong>εἰ</strong></span> <span class='ocrx_word' id='word_1_338' title='bbox 967 3018 1021 3073; x_wconf 88' lang='grc' dir='ltr'><strong>ἐν</strong></span> <span class='ocrx_word' id='word_1_339' title='bbox 1094 3020 1264 3095; x_wconf 83' lang='grc' dir='ltr'>τόπῳ,</span> <span class='ocrx_word' id='word_1_340' title='bbox 1327 3013 1443 3080; x_wconf 73' lang='grc' dir='ltr'>ἔνθα</span> <span class='ocrx_word' id='word_1_341' title='bbox 1479 3013 1926 3106; x_wconf 19' lang='grc' dir='ltr'>νπεριγράφονται,</span> 
     </span>
    </p>
   </div>
   <div class='ocr_carea' id='block_1_50' title="bbox 290 3106 1925 3191">
    <p class='ocr_par' dir='ltr' id='par_1_50' title="bbox 290 3106 1925 3191">
     <span class='ocr_line' id='line_1_50' title="bbox 290 3106 1925 3191; baseline 0.007 -30"><span class='ocrx_word' id='word_1_342' title='bbox 290 3107 379 3161; x_wconf 82' lang='grc' dir='ltr'>καὶ</span> <span class='ocrx_word' id='word_1_343' title='bbox 405 3106 559 3170; x_wconf 84' lang='grc' dir='ltr'>ναοὺς</span> <span class='ocrx_word' id='word_1_344' title='bbox 603 3108 851 3179; x_wconf 72' lang='grc' dir='ltr'>κτίζουσι,</span> <span class='ocrx_word' id='word_1_345' title='bbox 910 3108 1005 3164; x_wconf 71' lang='grc' dir='ltr'>καὶ</span> <span class='ocrx_word' id='word_1_346' title='bbox 1056 3110 1123 3166; x_wconf 81' lang='grc' dir='ltr'>τὰ</span> <span class='ocrx_word' id='word_1_347' title='bbox 1178 3111 1272 3179; x_wconf 79' lang='grc' dir='ltr'><strong>τῆς</strong></span> <span class='ocrx_word' id='word_1_348' title='bbox 1340 3112 1588 3191; x_wconf 77' lang='grc' dir='ltr'>αἱρέσεως</span> <span class='ocrx_word' id='word_1_349' title='bbox 1632 3117 1802 3173; x_wconf 72' lang='grc' dir='ltr'>αὒτῶν</span> <span class='ocrx_word' id='word_1_350' title='bbox 1834 3116 1925 3173; x_wconf 80' lang='grc' dir='ltr'>ἐκ·</span> 
     </span>
    </p>
   </div>
   <div class='ocr_carea' id='block_1_51' title="bbox 289 3193 1324 3278">
    <p class='ocr_par' dir='ltr' id='par_1_51' title="bbox 289 3193 1324 3278">
     <span class='ocr_line' id='line_1_51' title="bbox 289 3193 1324 3278; baseline 0.006 -29"><span class='ocrx_word' id='word_1_351' title='bbox 289 3193 521 3275; x_wconf 82' lang='grc' dir='ltr'>τέλουσι,</span> <span class='ocrx_word' id='word_1_352' title='bbox 583 3196 826 3271; x_wconf 74' lang='grc' dir='ltr'>μενοῦσιν</span> <span class='ocrx_word' id='word_1_353' title='bbox 882 3196 1264 3278; x_wconf 84' lang='grc' dir='ltr'>ἀνεπηρέαστοι</span> <span class='ocrx_word' id='word_1_354' title='bbox 1311 3216 1324 3230; x_wconf 84' lang='grc'><strong><em>⁸</em></strong></span> 
     </span>
    </p>
   </div>
   <div class='ocr_carea' id='block_1_52' title="bbox 2023 2386 3665 2479">
    <p class='ocr_par' dir='ltr' id='par_1_52' title="bbox 2023 2386 3665 2479">
     <span class='ocr_line' id='line_1_52' title="bbox 2023 2386 3665 2479; baseline -0.002 -27"><span class='ocrx_word' id='word_1_355' title='bbox 2023 2392 2275 2479; x_wconf 84' lang='lat' dir='ltr'><strong>capiant,</strong></span> <span class='ocrx_word' id='word_1_356' title='bbox 2310 2412 2375 2456; x_wconf 91' lang='lat' dir='ltr'><strong>se</strong></span> <span class='ocrx_word' id='word_1_357' title='bbox 2392 2386 2633 2476; x_wconf 87' lang='lat' dir='ltr'><strong>propter</strong></span> <span class='ocrx_word' id='word_1_358' title='bbox 2663 2397 2935 2458; x_wconf 68' lang='lat' dir='ltr'><strong>haeresim</strong></span> <span class='ocrx_word' id='word_1_359' title='bbox 2958 2388 3321 2479; x_wconf 84' lang='lat' dir='ltr'><strong>rejiciendos</strong></span> <span class='ocrx_word' id='word_1_360' title='bbox 3340 2386 3602 2479; x_wconf 82' lang='lat' dir='ltr'><strong>judicari</strong></span> <span class='ocrx_word' id='word_1_361' title='bbox 3623 2393 3665 2449; x_wconf 76' lang='lat'><strong>’.</strong></span> 
     </span>
    </p>
   </div>
   <div class='ocr_carea' id='block_1_53' title="bbox 2022 2476 3667 2565">
    <p class='ocr_par' dir='ltr' id='par_1_53' title="bbox 2022 2476 3667 2565">
     <span class='ocr_line' id='line_1_53' title="bbox 2022 2476 3667 2565; baseline -0.002 -25"><span class='ocrx_word' id='word_1_362' title='bbox 2022 2477 2155 2540; x_wconf 88' lang='lat' dir='ltr'><strong>Alia</strong></span> <span class='ocrx_word' id='word_1_363' title='bbox 2182 2498 2402 2554; x_wconf 81' lang='lat' dir='ltr'><strong>autem,</strong></span> <span class='ocrx_word' id='word_1_364' title='bbox 2436 2491 2498 2544; x_wconf 92' lang='lat' dir='ltr'><strong>ut</strong></span> <span class='ocrx_word' id='word_1_365' title='bbox 2538 2491 2781 2565; x_wconf 89' lang='lat' dir='ltr'><strong>propter</strong></span> <span class='ocrx_word' id='word_1_366' title='bbox 2809 2476 3181 2565; x_wconf 82' lang='lat' dir='ltr'><strong>frequentem</strong></span> <span class='ocrx_word' id='word_1_367' title='bbox 3211 2500 3346 2543; x_wconf 92' lang='lat' dir='ltr'><strong>cum</strong></span> <span class='ocrx_word' id='word_1_368' title='bbox 3374 2476 3667 2544; x_wconf 89' lang='lat' dir='ltr'><strong>Christia-</strong></span> 
     </span>
    </p>
   </div>
   <div class='ocr_carea' id='block_1_54' title="bbox 2020 2568 3663 2661">
    <p class='ocr_par' dir='ltr' id='par_1_54' title="bbox 2020 2568 3663 2661">
     <span class='ocr_line' id='line_1_54' title="bbox 2020 2568 3663 2661; baseline 0.002 -35"><span class='ocrx_word' id='word_1_369' title='bbox 2020 2568 2113 2628; x_wconf 90' lang='lat' dir='ltr'><strong>nis</strong></span> <span class='ocrx_word' id='word_1_370' title='bbox 2135 2571 2625 2635; x_wconf 91' lang='lat' dir='ltr'><strong>consuetudinem</strong></span> <span class='ocrx_word' id='word_1_371' title='bbox 2685 2573 2963 2654; x_wconf 89' lang='lat' dir='ltr'><strong>paulatim</strong></span> <span class='ocrx_word' id='word_1_372' title='bbox 2992 2570 3064 2636; x_wconf 90' lang='lat' dir='ltr'><strong>ad</strong></span> <span class='ocrx_word' id='word_1_373' title='bbox 3097 2573 3485 2635; x_wconf 89' lang='lat' dir='ltr'><strong>mutationem</strong></span> <span class='ocrx_word' id='word_1_374' title='bbox 3515 2587 3663 2661; x_wconf 53' lang='lat' dir='ltr'><strong>eone</strong></span> 
     </span>
    </p>
   </div>
   <div class='ocr_carea' id='block_1_55' title="bbox 2018 2656 3664 2744">
    <p class='ocr_par' dir='ltr' id='par_1_55' title="bbox 2018 2656 3664 2744">
     <span class='ocr_line' id='line_1_55' title="bbox 2018 2656 3664 2744; baseline 0.001 -28"><span class='ocrx_word' id='word_1_375' title='bbox 2018 2665 2360 2744; x_wconf 78' lang='lat' dir='ltr'><strong>vertantur:</strong></span> <span class='ocrx_word' id='word_1_376' title='bbox 2385 2660 2572 2722; x_wconf 93' lang='lat' dir='ltr'><strong>sinon</strong></span> <span class='ocrx_word' id='word_1_377' title='bbox 2597 2678 2826 2737; x_wconf 87' lang='lat' dir='ltr'><strong>omnes,</strong></span> <span class='ocrx_word' id='word_1_378' title='bbox 2854 2661 3038 2744; x_wconf 89' lang='lat' dir='ltr'><strong>aliqui</strong></span> <span class='ocrx_word' id='word_1_379' title='bbox 3060 2662 3292 2736; x_wconf 88' lang='lat' dir='ltr'><strong>saltem,</strong></span> <span class='ocrx_word' id='word_1_380' title='bbox 3325 2677 3474 2741; x_wconf 89' lang='lat' dir='ltr'><strong>quos</strong></span> <span class='ocrx_word' id='word_1_381' title='bbox 3504 2656 3664 2720; x_wconf 82' lang='lat' dir='ltr'><strong>salus</strong></span> 
     </span>
    </p>
   </div>
   <div class='ocr_carea' id='block_1_56' title="bbox 2019 2742 3660 2829">
    <p class='ocr_par' dir='ltr' id='par_1_56' title="bbox 2019 2742 3660 2829">
     <span class='ocr_line' id='line_1_56' title="bbox 2019 2742 3660 2829; baseline 0.002 -24"><span class='ocrx_word' id='word_1_382' title='bbox 2019 2742 2317 2809; x_wconf 80' lang='lat' dir='ltr'><strong>dilexerit.</strong></span> <span class='ocrx_word' id='word_1_383' title='bbox 2384 2749 2580 2810; x_wconf 89' lang='lat' dir='ltr'><strong>Tertia</strong></span> <span class='ocrx_word' id='word_1_384' title='bbox 2656 2750 2859 2825; x_wconf 89' lang='lat' dir='ltr'><strong>etiam,</strong></span> <span class='ocrx_word' id='word_1_385' title='bbox 2915 2742 2979 2812; x_wconf 82' lang='lat' dir='ltr'><strong>ut</strong></span> <span class='ocrx_word' id='word_1_386' title='bbox 3035 2748 3343 2811; x_wconf 82' lang='lat' dir='ltr'><strong>industriae</strong></span> <span class='ocrx_word' id='word_1_387' title='bbox 3392 2747 3660 2829; x_wconf 88' lang='lat' dir='ltr'><strong>ipsorum</strong></span> 
     </span>
    </p>
   </div>
   <div class='ocr_carea' id='block_1_57' title="bbox 2018 2832 3660 2920">
    <p class='ocr_par' dir='ltr' id='par_1_57' title="bbox 2018 2832 3660 2920">
     <span class='ocr_line' id='line_1_57' title="bbox 2018 2832 3660 2920; baseline 0.002 -26"><span class='ocrx_word' id='word_1_388' title='bbox 2018 2832 2241 2896; x_wconf 84' lang='lat' dir='ltr'><strong>fructus</strong></span> <span class='ocrx_word' id='word_1_389' title='bbox 2293 2837 2575 2914; x_wconf 76' lang='lat' dir='ltr'><strong>referant,</strong></span> <span class='ocrx_word' id='word_1_390' title='bbox 2637 2840 2740 2920; x_wconf 92' lang='lat' dir='ltr'><strong>qui</strong></span> <span class='ocrx_word' id='word_1_391' title='bbox 2793 2840 2868 2902; x_wconf 91' lang='lat' dir='ltr'><strong>iis</strong></span> <span class='ocrx_word' id='word_1_392' title='bbox 2921 2839 2996 2902; x_wconf 90' lang='lat' dir='ltr'><strong>ad</strong></span> <span class='ocrx_word' id='word_1_393' title='bbox 3023 2839 3201 2903; x_wconf 85' lang='lat' dir='ltr'><strong>vitam</strong></span> <span class='ocrx_word' id='word_1_394' title='bbox 3234 2856 3386 2919; x_wconf 92' lang='lat' dir='ltr'><strong>opus</strong></span> <span class='ocrx_word' id='word_1_395' title='bbox 3413 2836 3660 2901; x_wconf 89' lang='lat' dir='ltr'><strong>habent.</strong></span> 
     </span>
    </p>
   </div>
   <div class='ocr_carea' id='block_1_58' title="bbox 2016 2922 3660 3008">
    <p class='ocr_par' dir='ltr' id='par_1_58' title="bbox 2016 2922 3660 3008">
     <span class='ocr_line' id='line_1_58' title="bbox 2016 2922 3660 3008; baseline 0.001 -25"><span class='ocrx_word' id='word_1_396' title='bbox 2016 2922 2287 2985; x_wconf 88' lang='lat' dir='ltr'><strong>Armenii</strong></span> <span class='ocrx_word' id='word_1_397' title='bbox 2337 2943 2499 3005; x_wconf 82' lang='lat' dir='ltr'><strong>ergo,</strong></span> <span class='ocrx_word' id='word_1_398' title='bbox 2559 2928 2606 2988; x_wconf 93' lang='lat' dir='ltr'><strong>si</strong></span> <span class='ocrx_word' id='word_1_399' title='bbox 2664 2946 2779 3008; x_wconf 91' lang='lat' dir='ltr'><strong>quo</strong></span> <span class='ocrx_word' id='word_1_400' title='bbox 2838 2928 2969 2991; x_wconf 95' lang='lat' dir='ltr'><strong>loco</strong></span> <span class='ocrx_word' id='word_1_401' title='bbox 3018 2926 3453 3008; x_wconf 89' lang='lat' dir='ltr'><strong>circumscripti</strong></span> <span class='ocrx_word' id='word_1_402' title='bbox 3500 2931 3660 3006; x_wconf 85' lang='lat' dir='ltr'><strong>sunt,</strong></span> 
     </span>
    </p>
   </div>
   <div class='ocr_carea' id='block_1_59' title="bbox 2016 3010 3662 3101">
    <p class='ocr_par' dir='ltr' id='par_1_59' title="bbox 2016 3010 3662 3101">
     <span class='ocr_line' id='line_1_59' title="bbox 2016 3010 3662 3101; baseline 0.001 -30"><span class='ocrx_word' id='word_1_403' title='bbox 2016 3011 2239 3093; x_wconf 89' lang='lat' dir='ltr'><strong>templa</strong></span> <span class='ocrx_word' id='word_1_404' title='bbox 2279 3013 2593 3097; x_wconf 67' lang='lat' dir='ltr'><strong>aedificant,</strong></span> <span class='ocrx_word' id='word_1_405' title='bbox 2622 3025 2681 3077; x_wconf 90' lang='lat' dir='ltr'><strong>et</strong></span> <span class='ocrx_word' id='word_1_406' title='bbox 2702 3017 2923 3081; x_wconf 85' lang='lat' dir='ltr'><strong>faciunt</strong></span> <span class='ocrx_word' id='word_1_407' title='bbox 2945 3037 3078 3101; x_wconf 65' lang='lat' dir='ltr'><strong>quae</strong></span> <span class='ocrx_word' id='word_1_408' title='bbox 3097 3014 3170 3080; x_wconf 91' lang='lat' dir='ltr'><strong>ad</strong></span> <span class='ocrx_word' id='word_1_409' title='bbox 3200 3014 3476 3078; x_wconf 66' lang='lat' dir='ltr'><strong>hmresim</strong></span> <span class='ocrx_word' id='word_1_410' title='bbox 3496 3010 3662 3101; x_wconf 78' lang='lat' dir='ltr'><strong>ipso-</strong></span> 
     </span>
    </p>
   </div>
   <div class='ocr_carea' id='block_1_60' title="bbox 2011 3098 3661 3182">
    <p class='ocr_par' dir='ltr' id='par_1_60' title="bbox 2011 3098 3661 3182">
     <span class='ocr_line' id='line_1_60' title="bbox 2011 3098 3661 3182; baseline 0 -21"><span class='ocrx_word' id='word_1_411' title='bbox 2011 3118 2143 3162; x_wconf 83' lang='lat' dir='ltr'><strong>rum</strong></span> <span class='ocrx_word' id='word_1_412' title='bbox 2178 3103 2499 3182; x_wconf 83' lang='lat' dir='ltr'><strong>pertinent,</strong></span> <span class='ocrx_word' id='word_1_413' title='bbox 2533 3113 2697 3168; x_wconf 79' lang='lat' dir='ltr'><strong>extra</strong></span> <span class='ocrx_word' id='word_1_414' title='bbox 2726 3098 3081 3169; x_wconf 89' lang='lat' dir='ltr'><strong>calumniam</strong></span> <span class='ocrx_word' id='word_1_415' title='bbox 3114 3111 3136 3144; x_wconf 80' lang='grc'>⁸</span> <span class='ocrx_word' id='word_1_416' title='bbox 3180 3110 3443 3169; x_wconf 83' lang='lat' dir='ltr'><strong>manent.</strong></span> <span class='ocrx_word' id='word_1_417' title='bbox 3495 3098 3661 3163; x_wconf 92' lang='lat' dir='ltr'><strong>Idem</strong></span> 
     </span>
    </p>
   </div>
   <div class='ocr_carea' id='block_1_61' title="bbox 1386 3187 1928 3285">
    <p class='ocr_par' dir='ltr' id='par_1_61' title="bbox 1386 3203 1925 3285">
     <span class='ocr_line' id='line_1_61' title="bbox 1386 3203 1925 3285; baseline 0.009 -28"><span class='ocrx_word' id='word_1_418' title='bbox 1386 3203 1447 3258; x_wconf 81' lang='grc' dir='ltr'><strong>τὸ</strong></span> <span class='ocrx_word' id='word_1_419' title='bbox 1502 3205 1628 3263; x_wconf 80' lang='grc' dir='ltr'><strong>αύτὸ</strong></span> <span class='ocrx_word' id='word_1_420' title='bbox 1684 3205 1783 3285; x_wconf 78' lang='grc' dir='ltr'><strong>γὰρ</strong></span> <span class='ocrx_word' id='word_1_421' title='bbox 1837 3207 1925 3262; x_wconf 85' lang='grc' dir='ltr'><strong>καὶ</strong></span> 
     </span>
    </p>
   </div>
   <div class='ocr_carea' id='block_1_62' title="bbox 2018 3187 3657 3285">
    <p class='ocr_par' dir='ltr' id='par_1_62' title="bbox 2018 3187 3657 3285">
     <span class='ocr_line' id='line_1_62' title="bbox 2018 3187 3657 3285; baseline 0 -34"><span class='ocrx_word' id='word_1_422' title='bbox 2018 3187 2484 3285; x_wconf 71' lang='lat' dir='ltr'><strong>enimetJudzeis</strong></span> <span class='ocrx_word' id='word_1_423' title='bbox 2512 3193 2673 3285; x_wconf 85' lang='lat' dir='ltr'><strong>licet,</strong></span> <span class='ocrx_word' id='word_1_424' title='bbox 2708 3193 3125 3285; x_wconf 21' lang='lat' dir='ltr'><strong>etAIsmaelitis,</strong></span> <span class='ocrx_word' id='word_1_425' title='bbox 3144 3193 3271 3285; x_wconf 24' lang='lat' dir='ltr'><strong>Aqui</strong></span> <span class='ocrx_word' id='word_1_426' title='bbox 3300 3187 3657 3285; x_wconf 74' lang='lat' dir='ltr'><strong>Christiani-</strong></span> 
     </span>
    </p>
   </div>
   <div class='ocr_carea' id='block_1_63' title="bbox 289 3272 1928 3370">
    <p class='ocr_par' dir='ltr' id='par_1_63' title="bbox 289 3272 1928 3370">
     <span class='ocr_line' id='line_1_63' title="bbox 289 3272 1928 3370; baseline 0.006 -29"><span class='ocrx_word' id='word_1_427' title='bbox 289 3272 554 3347; x_wconf 74' lang='grc' dir='ltr'>Ἰουδαίοις</span> <span class='ocrx_word' id='word_1_428' title='bbox 609 3284 858 3363; x_wconf 82' lang='grc' dir='ltr'>πρόσεστι</span> <span class='ocrx_word' id='word_1_429' title='bbox 915 3288 1002 3344; x_wconf 82' lang='grc' dir='ltr'>καὶ</span> <span class='ocrx_word' id='word_1_430' title='bbox 1057 3272 1481 3370; x_wconf 65' lang='grc' dir='ltr'>”ισμαηλίταις,</span> <span class='ocrx_word' id='word_1_431' title='bbox 1570 3272 1797 3351; x_wconf 72' lang='grc' dir='ltr'>οἷκούσίν</span> <span class='ocrx_word' id='word_1_432' title='bbox 1880 3295 1928 3351; x_wconf 77' lang='grc' dir='ltr'>ἒν</span> 
     </span>
    </p>
   </div>
   <div class='ocr_carea' id='block_1_64' title="bbox 2018 3272 3659 3370">
    <p class='ocr_par' dir='ltr' id='par_1_64' title="bbox 2018 3272 3659 3370">
     <span class='ocr_line' id='line_1_64' title="bbox 2018 3272 3659 3370; baseline -0.001 -30"><span class='ocrx_word' id='word_1_433' title='bbox 2018 3296 2116 3370; x_wconf 85' lang='lat' dir='ltr'><strong>cas</strong></span> <span class='ocrx_word' id='word_1_434' title='bbox 2138 3278 2403 3370; x_wconf 81' lang='lat' dir='ltr'><strong>civitates</strong></span> <span class='ocrx_word' id='word_1_435' title='bbox 2432 3282 2720 3370; x_wconf 90' lang='lat' dir='ltr'><strong>incolunt.</strong></span> <span class='ocrx_word' id='word_1_436' title='bbox 2754 3283 2923 3357; x_wconf 89' lang='lat' dir='ltr'><strong>Quod</strong></span> <span class='ocrx_word' id='word_1_437' title='bbox 2951 3285 3003 3345; x_wconf 90' lang='lat' dir='ltr'><strong>si</strong></span> <span class='ocrx_word' id='word_1_438' title='bbox 3048 3272 3311 3345; x_wconf 61' lang='lat' dir='ltr'><strong>deﬁnita;</strong></span> <span class='ocrx_word' id='word_1_439' title='bbox 3336 3274 3454 3370; x_wconf 78' lang='lat' dir='ltr'><strong>sibi</strong></span> <span class='ocrx_word' id='word_1_440' title='bbox 3483 3276 3659 3341; x_wconf 88' lang='lat' dir='ltr'><strong>habi-</strong></span> 
     </span>
    </p>
   </div>
   <div class='ocr_carea' id='block_1_65' title="bbox 289 3370 1932 3461">
    <p class='ocr_par' dir='ltr' id='par_1_65' title="bbox 289 3370 1932 3461">
     <span class='ocr_line' id='line_1_65' title="bbox 289 3370 1932 3461; baseline 0.009 -33"><span class='ocrx_word' id='word_1_441' title='bbox 289 3370 474 3429; x_wconf 89' lang='grc' dir='ltr'>πόλεσι</span> <span class='ocrx_word' id='word_1_442' title='bbox 506 3380 926 3451; x_wconf 78' lang='grc' dir='ltr'>Χριστιανικαῖς.</span> <span class='ocrx_word' id='word_1_443' title='bbox 976 3378 1033 3433; x_wconf 74' lang='grc' dir='ltr'><strong>Εἰ</strong></span> <span class='ocrx_word' id='word_1_444' title='bbox 1075 3374 1129 3433; x_wconf 77' lang='grc' dir='ltr'>δὲ</span> <span class='ocrx_word' id='word_1_445' title='bbox 1177 3380 1298 3442; x_wconf 86' lang='grc' dir='ltr'>τοὺς</span> <span class='ocrx_word' id='word_1_446' title='bbox 1368 3378 1516 3459; x_wconf 82' lang='grc' dir='ltr'>ὅρους</span> <span class='ocrx_word' id='word_1_447' title='bbox 1571 3381 1932 3461; x_wconf 76' lang='grc' dir='ltr'>ὑπερϐαίνουσι</span> 
     </span>
    </p>
   </div>
   <div class='ocr_carea' id='block_1_66' title="bbox 288 3462 1931 3548">
    <p class='ocr_par' dir='ltr' id='par_1_66' title="bbox 288 3462 1931 3548">
     <span class='ocr_line' id='line_1_66' title="bbox 288 3462 1931 3548; baseline 0.007 -30"><span class='ocrx_word' id='word_1_448' title='bbox 288 3484 386 3529; x_wconf 88' lang='grc' dir='ltr'><strong>της</strong></span> <span class='ocrx_word' id='word_1_449' title='bbox 439 3462 806 3543; x_wconf 86' lang='grc' dir='ltr'>ἀφορισθείσης</span> <span class='ocrx_word' id='word_1_450' title='bbox 874 3468 1062 3530; x_wconf 75' lang='grc' dir='ltr'>αὐταῖς</span> <span class='ocrx_word' id='word_1_451' title='bbox 1092 3469 1470 3548; x_wconf 75' lang='grc' dir='ltr'>συνοικήσεως,</span> <span class='ocrx_word' id='word_1_452' title='bbox 1532 3470 1591 3526; x_wconf 72' lang='grc' dir='ltr'>οὔ</span> <span class='ocrx_word' id='word_1_453' title='bbox 1616 3470 1776 3545; x_wconf 87' lang='grc' dir='ltr'>μόνον</span> <span class='ocrx_word' id='word_1_454' title='bbox 1832 3478 1931 3533; x_wconf 78' lang='grc' dir='ltr'><strong>αὗ-</strong></span> 
     </span>
    </p>
   </div>
   <div class='ocr_carea' id='block_1_67' title="bbox 289 3550 1930 3635">
    <p class='ocr_par' dir='ltr' id='par_1_67' title="bbox 289 3550 1930 3635">
     <span class='ocr_line' id='line_1_67' title="bbox 289 3550 1930 3635; baseline 0.007 -29"><span class='ocrx_word' id='word_1_455' title='bbox 289 3553 370 3607; x_wconf 87' lang='grc' dir='ltr'><strong>τοὶ</strong></span> <span class='ocrx_word' id='word_1_456' title='bbox 414 3550 850 3635; x_wconf 71' lang='grc' dir='ltr'>κωλυθήσοηταε,</span> <span class='ocrx_word' id='word_1_457' title='bbox 901 3551 1036 3610; x_wconf 77' lang='grc' dir='ltr'>ἀλλά</span> <span class='ocrx_word' id='word_1_458' title='bbox 1094 3557 1179 3613; x_wconf 87' lang='grc' dir='ltr'><strong>καὶ</strong></span> <span class='ocrx_word' id='word_1_459' title='bbox 1235 3557 1302 3613; x_wconf 83' lang='grc' dir='ltr'><strong>τὰ</strong></span> <span class='ocrx_word' id='word_1_460' title='bbox 1354 3555 1753 3635; x_wconf 77' lang='grc' dir='ltr'>οἰκοδομήματα</span> <span class='ocrx_word' id='word_1_461' title='bbox 1805 3563 1930 3617; x_wconf 84' lang='grc' dir='ltr'>τού-</span> 
     </span>
    </p>
   </div>
   <div class='ocr_carea' id='block_1_68' title="bbox 289 3631 1929 3725">
    <p class='ocr_par' dir='ltr' id='par_1_68' title="bbox 289 3631 1929 3725">
     <span class='ocr_line' id='line_1_68' title="bbox 289 3631 1929 3725; baseline 0.006 -31"><span class='ocrx_word' id='word_1_462' title='bbox 289 3660 419 3712; x_wconf 90' lang='grc' dir='ltr'>των,</span> <span class='ocrx_word' id='word_1_463' title='bbox 474 3639 638 3695; x_wconf 87' lang='grc' dir='ltr'>ὁποῖα</span> <span class='ocrx_word' id='word_1_464' title='bbox 680 3631 728 3694; x_wconf 63' lang='grc' dir='ltr'>δ’</span> <span class='ocrx_word' id='word_1_465' title='bbox 799 3638 861 3696; x_wconf 78' lang='grc' dir='ltr'><strong>ἂν</strong></span> <span class='ocrx_word' id='word_1_466' title='bbox 918 3642 1003 3698; x_wconf 80' lang='grc' dir='ltr'><strong>καὶ</strong></span> <span class='ocrx_word' id='word_1_467' title='bbox 1058 3644 1178 3709; x_wconf 77' lang='grc' dir='ltr'>ὦσι,</span> <span class='ocrx_word' id='word_1_468' title='bbox 1238 3631 1784 3725; x_wconf 79' lang='grc' dir='ltr'>καταστραφήσονται.</span> <span class='ocrx_word' id='word_1_469' title='bbox 1859 3650 1929 3707; x_wconf 80' lang='grc' dir='ltr'>Τὸ</span> 
     </span>
    </p>
   </div>
   <div class='ocr_carea' id='block_1_69' title="bbox 284 3725 1928 3810">
    <p class='ocr_par' dir='ltr' id='par_1_69' title="bbox 284 3725 1928 3810">
     <span class='ocr_line' id='line_1_69' title="bbox 284 3725 1928 3810; baseline 0.007 -30"><span class='ocrx_word' id='word_1_470' title='bbox 284 3726 386 3803; x_wconf 79' lang='grc' dir='ltr'>γὰρ</span> <span class='ocrx_word' id='word_1_471' title='bbox 413 3725 609 3793; x_wconf 87' lang='grc' dir='ltr'>ἀνέτως</span> <span class='ocrx_word' id='word_1_472' title='bbox 641 3726 789 3808; x_wconf 68' lang='grc' dir='ltr'>ἔχειι</span> <span class='ocrx_word' id='word_1_473' title='bbox 845 3731 931 3786; x_wconf 83' lang='grc' dir='ltr'>καὶ</span> <span class='ocrx_word' id='word_1_474' title='bbox 990 3728 1450 3810; x_wconf 67' lang='grc' dir='ltr'>εὖπαῤῥησιάστως</span> <span class='ocrx_word' id='word_1_475' title='bbox 1519 3733 1573 3791; x_wconf 87' lang='grc' dir='ltr'><strong>ἐν</strong></span> <span class='ocrx_word' id='word_1_476' title='bbox 1645 3749 1765 3801; x_wconf 83' lang='grc' dir='ltr'>τοῖς</span> <span class='ocrx_word' id='word_1_477' title='bbox 1821 3758 1928 3795; x_wconf 89' lang='grc' dir='ltr'>τοι-</span> 
     </span>
    </p>
   </div>
   <div class='ocr_carea' id='block_1_70' title="bbox 282 3814 1014 3887">
    <p class='ocr_par' dir='ltr' id='par_1_70' title="bbox 282 3814 1014 3887">
     <span class='ocr_line' id='line_1_70' title="bbox 282 3814 1014 3887; baseline 0.003 -16"><span class='ocrx_word' id='word_1_478' title='bbox 282 3814 478 3887; x_wconf 83' lang='grc' dir='ltr'><strong>ούτοις1</strong></span> <span class='ocrx_word' id='word_1_479' title='bbox 514 3816 677 3873; x_wconf 64' lang='grc' dir='ltr'>πάλαι</span> <span class='ocrx_word' id='word_1_480' title='bbox 710 3816 1014 3881; x_wconf 84' lang='grc' dir='ltr'>ἀπώλεσαν,</span> 
     </span>
    </p>
   </div>
   <div class='ocr_carea' id='block_1_71' title="bbox 364 3902 1923 3991">
    <p class='ocr_par' dir='ltr' id='par_1_71' title="bbox 364 3902 1923 3991">
     <span class='ocr_line' id='line_1_71' title="bbox 364 3902 1923 3991; baseline 0.005 -30"><span class='ocrx_word' id='word_1_481' title='bbox 364 3902 682 3982; x_wconf 75' lang='grc' dir='ltr'>Ἐρώτησις.</span> <span class='ocrx_word' id='word_1_482' title='bbox 736 3908 796 3965; x_wconf 87' lang='grc' dir='ltr'>Τί</span> <span class='ocrx_word' id='word_1_483' title='bbox 851 3908 1096 3983; x_wconf 81' lang='grc' dir='ltr'>σημαίνει</span> <span class='ocrx_word' id='word_1_484' title='bbox 1167 3910 1228 3965; x_wconf 86' lang='grc' dir='ltr'>τὸ</span> <span class='ocrx_word' id='word_1_485' title='bbox 1283 3911 1361 3985; x_wconf 78' lang='grc' dir='ltr'>μὴ</span> <span class='ocrx_word' id='word_1_486' title='bbox 1414 3909 1777 3991; x_wconf 81' lang='grc' dir='ltr'>ἐλευθεροϐοᾷν</span> <span class='ocrx_word' id='word_1_487' title='bbox 1832 3914 1923 3968; x_wconf 86' lang='grc' dir='ltr'>τὸν</span> 
     </span>
    </p>
   </div>
   <div class='ocr_carea' id='block_1_72' title="bbox 281 3989 1927 4080">
    <p class='ocr_par' dir='ltr' id='par_1_72' title="bbox 281 3989 1927 4080">
     <span class='ocr_line' id='line_1_72' title="bbox 281 3989 1927 4080; baseline 0.004 -30"><span class='ocrx_word' id='word_1_488' title='bbox 281 3989 463 4050; x_wconf 83' lang='grc' dir='ltr'>δοῦλον</span> <span class='ocrx_word' id='word_1_489' title='bbox 511 4011 526 4026; x_wconf 82' lang='grc'><strong><em>³</em></strong></span> <span class='ocrx_word' id='word_1_490' title='bbox 557 3994 718 4074; x_wconf 81' lang='grc' dir='ltr'>ὅσπερ</span> <span class='ocrx_word' id='word_1_491' title='bbox 758 4009 878 4061; x_wconf 87' lang='grc' dir='ltr'>τοῖς</span> <span class='ocrx_word' id='word_1_492' title='bbox 906 3994 1174 4062; x_wconf 77' lang='grc' dir='ltr'>δουλικοῖς</span> <span class='ocrx_word' id='word_1_493' title='bbox 1203 3997 1517 4080; x_wconf 85' lang='grc' dir='ltr'>ὠνητηρίοις</span> <span class='ocrx_word' id='word_1_494' title='bbox 1548 3989 1600 4057; x_wconf 80' lang='grc' dir='ltr'><strong>οί</strong></span> <span class='ocrx_word' id='word_1_495' title='bbox 1641 3997 1927 4057; x_wconf 80' lang='grc' dir='ltr'>ταϐελλίω-</span> 
     </span>
    </p>
   </div>
   <div class='ocr_carea' id='block_1_73' title="bbox 282 4080 931 4165">
    <p class='ocr_par' dir='ltr' id='par_1_73' title="bbox 282 4080 931 4165">
     <span class='ocr_line' id='line_1_73' title="bbox 282 4080 931 4165; baseline 0.008 -29"><span class='ocrx_word' id='word_1_496' title='bbox 282 4102 366 4146; x_wconf 89' lang='grc' dir='ltr'><strong>νες</strong></span> <span class='ocrx_word' id='word_1_497' title='bbox 396 4080 674 4165; x_wconf 77' lang='grc' dir='ltr'>ἐγγράφειν</span> <span class='ocrx_word' id='word_1_498' title='bbox 702 4084 931 4147; x_wconf 74' lang='grc' dir='ltr'>εἰώθασι.</span> 
     </span>
    </p>
   </div>
   <div class='ocr_carea' id='block_1_74' title="bbox 363 4252 1927 4345">
    <p class='ocr_par' dir='ltr' id='par_1_74' title="bbox 363 4252 1927 4345">
     <span class='ocr_line' id='line_1_74' title="bbox 363 4252 1927 4345; baseline 0.003 -27"><span class='ocrx_word' id='word_1_499' title='bbox 363 4259 493 4320; x_wconf 79' lang='grc' dir='ltr'><strong>Ἀπ.</strong></span> <span class='ocrx_word' id='word_1_500' title='bbox 536 4252 599 4318; x_wconf 68' lang='grc' dir='ltr'><em>Ἠ</em></span> <span class='ocrx_word' id='word_1_501' title='bbox 656 4266 765 4317; x_wconf 85' lang='grc' dir='ltr'><strong>τῶν</strong></span> <span class='ocrx_word' id='word_1_502' title='bbox 817 4260 1315 4338; x_wconf 78' lang='grc' dir='ltr'>καταδουλουμένων</span> <span class='ocrx_word' id='word_1_503' title='bbox 1370 4265 1654 4345; x_wconf 88' lang='grc' dir='ltr'>ἀνθρώπων</span> <span class='ocrx_word' id='word_1_504' title='bbox 1723 4265 1927 4324; x_wconf 87' lang='grc' dir='ltr'>δουλεία</span> 
     </span>
    </p>
   </div>
   <div class='ocr_carea' id='block_1_75' title="bbox 283 4352 1925 4434">
    <p class='ocr_par' dir='ltr' id='par_1_75' title="bbox 283 4352 1925 4434">
     <span class='ocr_line' id='line_1_75' title="bbox 283 4352 1925 4434; baseline 0.005 -30"><span class='ocrx_word' id='word_1_505' title='bbox 283 4356 533 4407; x_wconf 83' lang='grc' dir='ltr'>τοσοῦτον</span> <span class='ocrx_word' id='word_1_506' title='bbox 579 4364 698 4415; x_wconf 84' lang='grc' dir='ltr'>τοῖς</span> <span class='ocrx_word' id='word_1_507' title='bbox 756 4352 1097 4427; x_wconf 79' lang='grc' dir='ltr'>κεκτημένοις</span> <span class='ocrx_word' id='word_1_508' title='bbox 1127 4352 1441 4434; x_wconf 80' lang='grc' dir='ltr'>ἐμπέφυκεν,</span> <span class='ocrx_word' id='word_1_509' title='bbox 1504 4357 1577 4420; x_wconf 83' lang='grc' dir='ltr'><strong>ὡς</strong></span> <span class='ocrx_word' id='word_1_510' title='bbox 1633 4356 1712 4430; x_wconf 77' lang='grc' dir='ltr'>μὴ</span> <span class='ocrx_word' id='word_1_511' title='bbox 1766 4354 1925 4412; x_wconf 86' lang='grc' dir='ltr'>δύνα-</span> 
     </span>
    </p>
   </div>
   <div class='ocr_carea' id='block_1_76' title="bbox 283 4436 1926 4524">
    <p class='ocr_par' dir='ltr' id='par_1_76' title="bbox 283 4436 1926 4524">
     <span class='ocr_line' id='line_1_76' title="bbox 283 4436 1926 4524; baseline 0.004 -32"><span class='ocrx_word' id='word_1_512' title='bbox 283 4440 400 4493; x_wconf 83' lang='grc' dir='ltr'>σθαι</span> <span class='ocrx_word' id='word_1_513' title='bbox 430 4438 551 4501; x_wconf 79' lang='grc' dir='ltr'>τοὺς</span> <span class='ocrx_word' id='word_1_514' title='bbox 583 4436 797 4503; x_wconf 82' lang='grc' dir='ltr'>δούλους</span> <span class='ocrx_word' id='word_1_515' title='bbox 858 4440 936 4515; x_wconf 76' lang='grc' dir='ltr'><strong>μὴ</strong></span> <span class='ocrx_word' id='word_1_516' title='bbox 994 4441 1153 4515; x_wconf 89' lang='grc' dir='ltr'>μόνον</span> <span class='ocrx_word' id='word_1_517' title='bbox 1212 4442 1264 4499; x_wconf 87' lang='grc' dir='ltr'><strong>ἐν</strong></span> <span class='ocrx_word' id='word_1_518' title='bbox 1322 4444 1503 4507; x_wconf 59' lang='grc' dir='ltr'>αὐτοῖς</span> <span class='ocrx_word' id='word_1_519' title='bbox 1561 4444 1682 4509; x_wconf 78' lang='grc' dir='ltr'>τοῖς</span> <span class='ocrx_word' id='word_1_520' title='bbox 1717 4444 1926 4524; x_wconf 81' lang='grc' dir='ltr'>μέτροις</span> 
     </span>
    </p>
   </div>
   <div class='ocr_carea' id='block_1_77' title="bbox 2016 3367 3659 3451">
    <p class='ocr_par' dir='ltr' id='par_1_77' title="bbox 2016 3367 3659 3451">
     <span class='ocr_line' id='line_1_77' title="bbox 2016 3367 3659 3451; baseline -0.001 -23"><span class='ocrx_word' id='word_1_521' title='bbox 2016 3367 2256 3430; x_wconf 86' lang='lat' dir='ltr'><strong>talionis</strong></span> <span class='ocrx_word' id='word_1_522' title='bbox 2316 3369 2706 3447; x_wconf 76' lang='lat' dir='ltr'><strong>egrediuntur</strong></span> <span class='ocrx_word' id='word_1_523' title='bbox 2761 3372 3069 3448; x_wconf 84' lang='lat' dir='ltr'><strong>terminos,</strong></span> <span class='ocrx_word' id='word_1_524' title='bbox 3122 3390 3243 3432; x_wconf 91' lang='lat' dir='ltr'><strong>non</strong></span> <span class='ocrx_word' id='word_1_525' title='bbox 3286 3368 3400 3451; x_wconf 89' lang='lat' dir='ltr'><strong>ipsi</strong></span> <span class='ocrx_word' id='word_1_526' title='bbox 3433 3373 3659 3429; x_wconf 92' lang='lat' dir='ltr'><strong>tantum</strong></span> 
     </span>
    </p>
   </div>
   <div class='ocr_carea' id='block_1_78' title="bbox 2015 3454 3661 3541">
    <p class='ocr_par' dir='ltr' id='par_1_78' title="bbox 2015 3454 3661 3541">
     <span class='ocr_line' id='line_1_78' title="bbox 2015 3454 3661 3541; baseline -0.001 -24"><span class='ocrx_word' id='word_1_527' title='bbox 2015 3455 2511 3541; x_wconf 86' lang='lat' dir='ltr'><strong>probibebuntur,</strong></span> <span class='ocrx_word' id='word_1_528' title='bbox 2546 3454 2650 3522; x_wconf 91' lang='lat' dir='ltr'><strong>sed</strong></span> <span class='ocrx_word' id='word_1_529' title='bbox 2683 3469 2740 3524; x_wconf 93' lang='lat' dir='ltr'><strong>et</strong></span> <span class='ocrx_word' id='word_1_530' title='bbox 2768 3460 3017 3524; x_wconf 71' lang='lat' dir='ltr'><strong>aediﬁcia</strong></span> <span class='ocrx_word' id='word_1_531' title='bbox 3039 3478 3268 3535; x_wconf 89' lang='lat' dir='ltr'><strong>eorum,</strong></span> <span class='ocrx_word' id='word_1_532' title='bbox 3305 3454 3661 3540; x_wconf 87' lang='lat' dir='ltr'><strong>qualiacun-</strong></span> 
     </span>
    </p>
   </div>
   <div class='ocr_carea' id='block_1_79' title="bbox 2013 3544 3652 3629">
    <p class='ocr_par' dir='ltr' id='par_1_79' title="bbox 2013 3544 3652 3629">
     <span class='ocr_line' id='line_1_79' title="bbox 2013 3544 3652 3629; baseline 0.002 -25"><span class='ocrx_word' id='word_1_533' title='bbox 2013 3563 2129 3625; x_wconf 90' lang='lat' dir='ltr'><strong>que</strong></span> <span class='ocrx_word' id='word_1_534' title='bbox 2156 3544 2400 3627; x_wconf 86' lang='lat' dir='ltr'><strong>fuerint,</strong></span> <span class='ocrx_word' id='word_1_535' title='bbox 2427 3547 2762 3614; x_wconf 87' lang='lat' dir='ltr'><strong>diruentur.</strong></span> <span class='ocrx_word' id='word_1_536' title='bbox 2789 3548 3224 3629; x_wconf 82' lang='lat' dir='ltr'><strong>Indulgentiam</strong></span> <span class='ocrx_word' id='word_1_537' title='bbox 3246 3546 3405 3609; x_wconf 82' lang='lat' dir='ltr'><strong>enim</strong></span> <span class='ocrx_word' id='word_1_538' title='bbox 3425 3544 3652 3621; x_wconf 87' lang='lat' dir='ltr'><strong>talium,</strong></span> 
     </span>
    </p>
   </div>
   <div class='ocr_carea' id='block_1_80' title="bbox 2012 3633 3195 3721">
    <p class='ocr_par' dir='ltr' id='par_1_80' title="bbox 2012 3633 3195 3721">
     <span class='ocr_line' id='line_1_80' title="bbox 2012 3633 3195 3721; baseline 0.003 -26"><span class='ocrx_word' id='word_1_539' title='bbox 2012 3641 2071 3695; x_wconf 92' lang='lat' dir='ltr'><strong>et</strong></span> <span class='ocrx_word' id='word_1_540' title='bbox 2098 3633 2422 3714; x_wconf 88' lang='lat' dir='ltr'><strong>licentiam,</strong></span> <span class='ocrx_word' id='word_1_541' title='bbox 2450 3637 2815 3721; x_wconf 87' lang='lat' dir='ltr'><strong>jampridem</strong></span> <span class='ocrx_word' id='word_1_542' title='bbox 2845 3639 3195 3701; x_wconf 87' lang='lat' dir='ltr'><strong>amiserunt.</strong></span> 
     </span>
    </p>
   </div>
   <div class='ocr_carea' id='block_1_81' title="bbox 2090 3900 3654 3989">
    <p class='ocr_par' dir='ltr' id='par_1_81' title="bbox 2090 3900 3654 3989">
     <span class='ocr_line' id='line_1_81' title="bbox 2090 3900 3654 3989; baseline 0.002 -26"><span class='ocrx_word' id='word_1_543' title='bbox 2090 3900 2391 3981; x_wconf 82' lang='lat' dir='ltr'><strong>Interrog.</strong></span> <span class='ocrx_word' id='word_1_544' title='bbox 2424 3906 2575 3980; x_wconf 91' lang='lat' dir='ltr'><strong>Quid</strong></span> <span class='ocrx_word' id='word_1_545' title='bbox 2605 3905 2896 3989; x_wconf 81' lang='lat' dir='ltr'><strong>signiﬁcat</strong></span> <span class='ocrx_word' id='word_1_546' title='bbox 2945 3925 3182 3972; x_wconf 86' lang='lat' dir='ltr'><strong>servum</strong></span> <span class='ocrx_word' id='word_1_547' title='bbox 3230 3925 3350 3969; x_wconf 90' lang='lat' dir='ltr'><strong>non</strong></span> <span class='ocrx_word' id='word_1_548' title='bbox 3381 3906 3654 3988; x_wconf 83' lang='grc' dir='ltr'>ἐλευθερο·</span> 
     </span>
    </p>
   </div>
   <div class='ocr_carea' id='block_1_82' title="bbox 2006 3989 3654 4079">
    <p class='ocr_par' dir='ltr' id='par_1_82' title="bbox 2006 3989 3654 4079">
     <span class='ocr_line' id='line_1_82' title="bbox 2006 3989 3654 4079; baseline 0.004 -26"><span class='ocrx_word' id='word_1_549' title='bbox 2006 3989 2132 4064; x_wconf 81' lang='grc' dir='ltr'>ϐοᾷν</span> <span class='ocrx_word' id='word_1_550' title='bbox 2192 3990 2281 4071; x_wconf 91' lang='lat' dir='ltr'><strong>[id</strong></span> <span class='ocrx_word' id='word_1_551' title='bbox 2336 4003 2447 4073; x_wconf 88' lang='lat' dir='ltr'><strong>est,</strong></span> <span class='ocrx_word' id='word_1_552' title='bbox 2511 3998 2572 4059; x_wconf 93' lang='lat' dir='ltr'><strong>in</strong></span> <span class='ocrx_word' id='word_1_553' title='bbox 2628 3998 2986 4073; x_wconf 88' lang='lat' dir='ltr'><strong>libertatem,</strong></span> <span class='ocrx_word' id='word_1_554' title='bbox 3046 3997 3448 4079; x_wconf 88' lang='lat' dir='ltr'><strong>proclamare]</strong></span> <span class='ocrx_word' id='word_1_555' title='bbox 3497 3997 3654 4079; x_wconf 89' lang='lat' dir='ltr'><strong>quod</strong></span> 
     </span>
    </p>
   </div>
   <div class='ocr_carea' id='block_1_83' title="bbox 2006 4078 3654 4168">
    <p class='ocr_par' dir='ltr' id='par_1_83' title="bbox 2006 4078 3654 4168">
     <span class='ocr_line' id='line_1_83' title="bbox 2006 4078 3654 4168; baseline 0.005 -28"><span class='ocrx_word' id='word_1_556' title='bbox 2006 4078 2422 4145; x_wconf 88' lang='lat' dir='ltr'><strong>instrumentis</strong></span> <span class='ocrx_word' id='word_1_557' title='bbox 2456 4086 2821 4168; x_wconf 89' lang='lat' dir='ltr'><strong>emptionem</strong></span> <span class='ocrx_word' id='word_1_558' title='bbox 2851 4078 3155 4150; x_wconf 87' lang='lat' dir='ltr'><strong>servorum</strong></span> <span class='ocrx_word' id='word_1_559' title='bbox 3185 4078 3537 4150; x_wconf 83' lang='lat' dir='ltr'><strong>tabelliones</strong></span> <span class='ocrx_word' id='word_1_560' title='bbox 3563 4086 3654 4148; x_wconf 90' lang='lat' dir='ltr'><strong>in-</strong></span> 
     </span>
    </p>
   </div>
   <div class='ocr_carea' id='block_1_84' title="bbox 2010 4170 3303 4237">
    <p class='ocr_par' dir='ltr' id='par_1_84' title="bbox 2010 4170 3303 4237">
     <span class='ocr_line' id='line_1_84' title="bbox 2010 4170 3303 4237; baseline 0.005 -7"><span class='ocrx_word' id='word_1_561' title='bbox 2010 4186 2212 4232; x_wconf 87' lang='lat' dir='ltr'><strong>serere</strong></span> <span class='ocrx_word' id='word_1_562' title='bbox 2241 4170 2459 4237; x_wconf 90' lang='lat' dir='ltr'><strong>solent.</strong></span> <span class='ocrx_word' id='word_1_563' title='bbox 2850 4197 2859 4205; x_wconf 91' lang='grc'><strong>·</strong></span> <span class='ocrx_word' id='word_1_564' title='bbox 3296 4232 3303 4237; x_wconf 87' lang='grc'>.</span> 
     </span>
    </p>
   </div>
   <div class='ocr_carea' id='block_1_85' title="bbox 2088 4256 3657 4347">
    <p class='ocr_par' dir='ltr' id='par_1_85' title="bbox 2088 4256 3657 4347">
     <span class='ocr_line' id='line_1_85' title="bbox 2088 4256 3657 4347; baseline 0.006 -29"><span class='ocrx_word' id='word_1_565' title='bbox 2088 4256 2231 4320; x_wconf 86' lang='lat' dir='ltr'><strong>Res.</strong></span> <span class='ocrx_word' id='word_1_566' title='bbox 2268 4258 2614 4341; x_wconf 84' lang='lat' dir='ltr'><strong>Hominum,</strong></span> <span class='ocrx_word' id='word_1_567' title='bbox 2647 4266 2749 4346; x_wconf 93' lang='lat' dir='ltr'><strong>qui</strong></span> <span class='ocrx_word' id='word_1_568' title='bbox 2778 4266 2839 4328; x_wconf 92' lang='lat' dir='ltr'><strong>in</strong></span> <span class='ocrx_word' id='word_1_569' title='bbox 2870 4266 3169 4347; x_wconf 85' lang='lat' dir='ltr'><strong>mancipio</strong></span> <span class='ocrx_word' id='word_1_570' title='bbox 3209 4273 3373 4347; x_wconf 91' lang='lat' dir='ltr'><strong>sunt,</strong></span> <span class='ocrx_word' id='word_1_571' title='bbox 3404 4263 3657 4329; x_wconf 86' lang='lat' dir='ltr'><strong>servitus</strong></span> 
     </span>
    </p>
   </div>
   <div class='ocr_carea' id='block_1_86' title="bbox 2009 4345 3653 4431">
    <p class='ocr_par' dir='ltr' id='par_1_86' title="bbox 2009 4345 3653 4431">
     <span class='ocr_line' id='line_1_86' title="bbox 2009 4345 3653 4431; baseline 0.006 -24"><span class='ocrx_word' id='word_1_572' title='bbox 2009 4345 2158 4409; x_wconf 91' lang='lat' dir='ltr'><strong>adeo</strong></span> <span class='ocrx_word' id='word_1_573' title='bbox 2191 4352 2639 4429; x_wconf 84' lang='lat' dir='ltr'><strong>possessoribus</strong></span> <span class='ocrx_word' id='word_1_574' title='bbox 2668 4345 2948 4431; x_wconf 64' lang='lat' dir='ltr'><strong>inhaeret,</strong></span> <span class='ocrx_word' id='word_1_575' title='bbox 3000 4345 3246 4417; x_wconf 35' lang='lat' dir='ltr'><strong>tit—servi</strong></span> <span class='ocrx_word' id='word_1_576' title='bbox 3277 4345 3395 4417; x_wconf 86' lang='lat' dir='ltr'><strong>non</strong></span> <span class='ocrx_word' id='word_1_577' title='bbox 3426 4362 3653 4417; x_wconf 90' lang='lat' dir='ltr'><strong>tantum</strong></span> 
     </span>
    </p>
   </div>
   <div class='ocr_carea' id='block_1_87' title="bbox 2010 4435 3657 4521">
    <p class='ocr_par' dir='ltr' id='par_1_87' title="bbox 2010 4435 3657 4521">
     <span class='ocr_line' id='line_1_87' title="bbox 2010 4435 3657 4521; baseline 0.007 -25"><span class='ocrx_word' id='word_1_578' title='bbox 2010 4435 2070 4496; x_wconf 92' lang='lat' dir='ltr'><strong>in</strong></span> <span class='ocrx_word' id='word_1_579' title='bbox 2101 4435 2247 4517; x_wconf 88' lang='lat' dir='ltr'><strong>ipsis</strong></span> <span class='ocrx_word' id='word_1_580' title='bbox 2294 4440 2594 4503; x_wconf 91' lang='lat' dir='ltr'><strong>servitutis</strong></span> <span class='ocrx_word' id='word_1_581' title='bbox 2644 4444 2960 4507; x_wconf 87' lang='lat' dir='ltr'><strong>momentis</strong></span> <span class='ocrx_word' id='word_1_582' title='bbox 3011 4461 3215 4505; x_wconf 84' lang='lat' dir='ltr'><strong>vocem</strong></span> <span class='ocrx_word' id='word_1_583' title='bbox 3246 4448 3264 4487; x_wconf 71' lang='grc' dir='ltr'><strong>ι</strong></span> <span class='ocrx_word' id='word_1_584' title='bbox 3290 4442 3565 4521; x_wconf 84' lang='lat' dir='ltr'><strong>ingenuis</strong></span> <span class='ocrx_word' id='word_1_585' title='bbox 3595 4449 3657 4507; x_wconf 85' lang='lat' dir='ltr'><strong>et</strong></span> 
     </span>
    </p>
   </div>
   <div class='ocr_carea' id='block_1_88' title="bbox 280 4524 1928 4613">
    <p class='ocr_par' dir='ltr' id='par_1_88' title="bbox 280 4524 1923 4613">
     <span class='ocr_line' id='line_1_88' title="bbox 280 4524 1923 4613; baseline 0.004 -32"><span class='ocrx_word' id='word_1_586' title='bbox 280 4530 381 4591; x_wconf 76' lang='grc' dir='ltr'>τῆς</span> <span class='ocrx_word' id='word_1_587' title='bbox 429 4524 663 4590; x_wconf 81' lang='grc' dir='ltr'>δουλείας</span> <span class='ocrx_word' id='word_1_588' title='bbox 729 4529 910 4610; x_wconf 77' lang='grc' dir='ltr'>φωνὴν</span> <span class='ocrx_word' id='word_1_589' title='bbox 968 4528 1139 4609; x_wconf 73' lang='grc' dir='ltr'>αἴρειν</span> <span class='ocrx_word' id='word_1_590' title='bbox 1219 4532 1587 4609; x_wconf 81' lang='grc' dir='ltr'>προσήκουσαν</span> <span class='ocrx_word' id='word_1_591' title='bbox 1671 4533 1923 4613; x_wconf 74' lang='grc' dir='ltr'>εὖγενέσι,</span> 
     </span>
    </p>
   </div>
   <div class='ocr_carea' id='block_1_89' title="bbox 2018 4524 3654 4613">
    <p class='ocr_par' dir='ltr' id='par_1_89' title="bbox 2018 4524 3654 4607">
     <span class='ocr_line' id='line_1_89' title="bbox 2018 4524 3654 4607; baseline 0.004 -22"><span class='ocrx_word' id='word_1_592' title='bbox 2018 4524 2217 4587; x_wconf 90' lang='lat' dir='ltr'><strong>liberis</strong></span> <span class='ocrx_word' id='word_1_593' title='bbox 2248 4530 2699 4593; x_wconf 90' lang='lat' dir='ltr'><strong>convenientem</strong></span> <span class='ocrx_word' id='word_1_594' title='bbox 2722 4531 3285 4607; x_wconf 86' lang='lat' dir='ltr'><strong>adversusdominos</strong></span> <span class='ocrx_word' id='word_1_595' title='bbox 3308 4530 3516 4593; x_wconf 86' lang='lat' dir='ltr'><strong>tollere</strong></span> <span class='ocrx_word' id='word_1_596' title='bbox 3535 4550 3654 4593; x_wconf 90' lang='lat' dir='ltr'><strong>non</strong></span> 
     </span>
    </p>
   </div>
   <div class='ocr_carea' id='block_1_90' title="bbox 280 4613 1920 4696">
    <p class='ocr_par' dir='ltr' id='par_1_90' title="bbox 280 4613 1920 4696">
     <span class='ocr_line' id='line_1_90' title="bbox 280 4613 1920 4696; baseline 0.004 -26"><span class='ocrx_word' id='word_1_597' title='bbox 280 4616 369 4671; x_wconf 82' lang='grc' dir='ltr'><strong>καὶ</strong></span> <span class='ocrx_word' id='word_1_598' title='bbox 418 4613 748 4695; x_wconf 82' lang='grc' dir='ltr'>ἐλευθερίοις,</span> <span class='ocrx_word' id='word_1_599' title='bbox 800 4618 936 4674; x_wconf 86' lang='grc' dir='ltr'><strong>κατά</strong></span> <span class='ocrx_word' id='word_1_600' title='bbox 976 4624 1100 4673; x_wconf 88' lang='grc' dir='ltr'><strong>τῶν</strong></span> <span class='ocrx_word' id='word_1_601' title='bbox 1153 4616 1444 4690; x_wconf 84' lang='grc' dir='ltr'>δεσποτῶν,</span> <span class='ocrx_word' id='word_1_602' title='bbox 1517 4619 1637 4677; x_wconf 76' lang='grc' dir='ltr'>ἀλλ’</span> <span class='ocrx_word' id='word_1_603' title='bbox 1680 4620 1783 4679; x_wconf 75' lang='grc' dir='ltr'>οὐδ’</span> <span class='ocrx_word' id='word_1_604' title='bbox 1836 4621 1920 4696; x_wconf 79' lang='grc' dir='ltr'><strong>ἂν,</strong></span> 
     </span>
    </p>
   </div>
   <div class='ocr_carea' id='block_1_91' title="bbox 280 4703 1924 4784">
    <p class='ocr_par' dir='ltr' id='par_1_91' title="bbox 280 4703 1924 4784">
     <span class='ocr_line' id='line_1_91' title="bbox 280 4703 1924 4784; baseline 0.005 -26"><span class='ocrx_word' id='word_1_605' title='bbox 280 4704 325 4759; x_wconf 81' lang='grc' dir='ltr'><strong>εί</strong></span> <span class='ocrx_word' id='word_1_606' title='bbox 367 4704 454 4759; x_wconf 79' lang='grc' dir='ltr'>καὶ</span> <span class='ocrx_word' id='word_1_607' title='bbox 498 4703 786 4784; x_wconf 82' lang='grc' dir='ltr'>ἐλευθερίας</span> <span class='ocrx_word' id='word_1_608' title='bbox 834 4704 1123 4779; x_wconf 73' lang='grc' dir='ltr'>ἀξιωθεῖεν,</span> <span class='ocrx_word' id='word_1_609' title='bbox 1185 4710 1284 4769; x_wconf 66' lang='grc' dir='ltr'>τῆν</span> <span class='ocrx_word' id='word_1_610' title='bbox 1338 4708 1585 4776; x_wconf 80' lang='grc' dir='ltr'>τοιαύτην</span> <span class='ocrx_word' id='word_1_611' title='bbox 1640 4707 1924 4766; x_wconf 80' lang='grc' dir='ltr'>ἀναλαϐεῖν</span> 
     </span>
    </p>
   </div>
   <div class='ocr_carea' id='block_1_92' title="bbox 279 4784 1924 4879">
    <p class='ocr_par' dir='ltr' id='par_1_92' title="bbox 279 4784 1924 4879">
     <span class='ocr_line' id='line_1_92' title="bbox 279 4784 1924 4879; baseline 0.005 -33"><span class='ocrx_word' id='word_1_612' title='bbox 279 4792 458 4871; x_wconf 77' lang='grc' dir='ltr'>φωνὴν</span> <span class='ocrx_word' id='word_1_613' title='bbox 486 4794 728 4856; x_wconf 85' lang='grc' dir='ltr'>πώποτε.</span> <span class='ocrx_word' id='word_1_614' title='bbox 763 4784 927 4853; x_wconf 68' lang='lat' dir='ltr'><strong>U008v</strong></span> <span class='ocrx_word' id='word_1_615' title='bbox 955 4796 1042 4852; x_wconf 83' lang='grc' dir='ltr'><strong>καὶ</strong></span> <span class='ocrx_word' id='word_1_616' title='bbox 1099 4795 1360 4872; x_wconf 84' lang='grc' dir='ltr'>ἐπιτίμιον</span> <span class='ocrx_word' id='word_1_617' title='bbox 1430 4800 1525 4865; x_wconf 77' lang='grc' dir='ltr'>τῆς</span> <span class='ocrx_word' id='word_1_618' title='bbox 1567 4796 1924 4879; x_wconf 72' lang='grc' dir='ltr'>ἐλευθεροφω-</span> 
     </span>
    </p>
   </div>
   <div class='ocr_carea' id='block_1_93' title="bbox 280 4881 1923 4966">
    <p class='ocr_par' dir='ltr' id='par_1_93' title="bbox 280 4881 1923 4966">
     <span class='ocr_line' id='line_1_93' title="bbox 280 4881 1923 4966; baseline 0.005 -31"><span class='ocrx_word' id='word_1_619' title='bbox 280 4881 390 4944; x_wconf 77' lang='grc' dir='ltr'>νίας</span> <span class='ocrx_word' id='word_1_620' title='bbox 419 4883 615 4949; x_wconf 80' lang='grc' dir='ltr'>ταύτης</span> <span class='ocrx_word' id='word_1_621' title='bbox 644 4885 691 4939; x_wconf 88' lang='grc' dir='ltr'>οἱ</span> <span class='ocrx_word' id='word_1_622' title='bbox 734 4882 1068 4962; x_wconf 82' lang='grc' dir='ltr'>ἀπελεύθεροι</span> <span class='ocrx_word' id='word_1_623' title='bbox 1114 4884 1212 4951; x_wconf 75' lang='grc' dir='ltr'><strong>τὴν</strong></span> <span class='ocrx_word' id='word_1_624' title='bbox 1268 4883 1621 4942; x_wconf 82' lang='grc' dir='ltr'>ἀναδούλωσιν</span> <span class='ocrx_word' id='word_1_625' title='bbox 1676 4886 1923 4966; x_wconf 78' lang='grc' dir='ltr'>ἐκληρώ-</span> 
     </span>
    </p>
   </div>
   <div class='ocr_carea' id='block_1_94' title="bbox 283 4970 1924 5052">
    <p class='ocr_par' dir='ltr' id='par_1_94' title="bbox 283 4970 1924 5052">
     <span class='ocr_line' id='line_1_94' title="bbox 283 4970 1924 5052; baseline 0.003 -26"><span class='ocrx_word' id='word_1_626' title='bbox 283 4991 463 5031; x_wconf 88' lang='grc' dir='ltr'>σαντο.</span> <span class='ocrx_word' id='word_1_627' title='bbox 496 4972 595 5028; x_wconf 81' lang='grc' dir='ltr'><strong>Καὶ</strong></span> <span class='ocrx_word' id='word_1_628' title='bbox 626 4970 877 5051; x_wconf 71' lang='grc' dir='ltr'>μάρτυρες</span> <span class='ocrx_word' id='word_1_629' title='bbox 918 4974 963 5027; x_wconf 71' lang='grc' dir='ltr'>οἱ</span> <span class='ocrx_word' id='word_1_630' title='bbox 995 4971 1147 5047; x_wconf 90' lang='grc' dir='ltr'>νόμοι</span> <span class='ocrx_word' id='word_1_631' title='bbox 1177 4975 1224 5029; x_wconf 76' lang='grc' dir='ltr'>οἱ</span> <span class='ocrx_word' id='word_1_632' title='bbox 1282 4972 1518 5052; x_wconf 84' lang='grc' dir='ltr'>παλαιοὶ,</span> <span class='ocrx_word' id='word_1_633' title='bbox 1585 4975 1669 5029; x_wconf 85' lang='grc' dir='ltr'><strong>καὶ</strong></span> <span class='ocrx_word' id='word_1_634' title='bbox 1697 4977 1827 5033; x_wconf 78' lang='grc' dir='ltr'>αὐτα</span> <span class='ocrx_word' id='word_1_635' title='bbox 1858 4973 1924 5044; x_wconf 64' lang='grc' dir='ltr'>δὴ</span> 
     </span>
    </p>
   </div>
   <div class='ocr_carea' id='block_1_95' title="bbox 281 5057 1922 5138">
    <p class='ocr_par' dir='ltr' id='par_1_95' title="bbox 281 5057 1922 5138">
     <span class='ocr_line' id='line_1_95' title="bbox 281 5057 1922 5138; baseline 0.003 -25"><span class='ocrx_word' id='word_1_636' title='bbox 281 5057 346 5113; x_wconf 78' lang='grc' dir='ltr'>τὰ</span> <span class='ocrx_word' id='word_1_637' title='bbox 401 5060 560 5136; x_wconf 78' lang='grc' dir='ltr'>νεαρά</span> <span class='ocrx_word' id='word_1_638' title='bbox 613 5064 705 5115; x_wconf 80' lang='grc' dir='ltr'>τοῦ</span> <span class='ocrx_word' id='word_1_639' title='bbox 753 5080 1059 5138; x_wconf 83' lang='grc' dir='ltr'>σοφωτατου</span> <span class='ocrx_word' id='word_1_640' title='bbox 1117 5060 1171 5116; x_wconf 88' lang='grc' dir='ltr'><strong>ἐν</strong></span> <span class='ocrx_word' id='word_1_641' title='bbox 1240 5059 1510 5137; x_wconf 73' lang='grc' dir='ltr'>βασιλεῦσι</span> <span class='ocrx_word' id='word_1_642' title='bbox 1568 5062 1922 5137; x_wconf 89' lang='grc' dir='ltr'>θεσπίσματα,</span> 
     </span>
    </p>
   </div>
   <div class='ocr_carea' id='block_1_96' title="bbox 282 5143 1927 5229">
    <p class='ocr_par' dir='ltr' id='par_1_96' title="bbox 282 5143 1927 5229">
     <span class='ocr_line' id='line_1_96' title="bbox 282 5143 1927 5229; baseline 0.003 -28"><span class='ocrx_word' id='word_1_643' title='bbox 282 5143 433 5201; x_wconf 78' lang='grc' dir='ltr'>ἅτινα</span> <span class='ocrx_word' id='word_1_644' title='bbox 475 5146 595 5209; x_wconf 75' lang='grc' dir='ltr'>τοὺς</span> <span class='ocrx_word' id='word_1_645' title='bbox 626 5144 679 5201; x_wconf 81' lang='grc' dir='ltr'><strong>ἐν</strong></span> <span class='ocrx_word' id='word_1_646' title='bbox 721 5146 901 5224; x_wconf 76' lang='grc' dir='ltr'>ἀγνοίᾳ</span> <span class='ocrx_word' id='word_1_647' title='bbox 944 5154 1052 5205; x_wconf 92' lang='grc' dir='ltr'><strong>τῶν</strong></span> <span class='ocrx_word' id='word_1_648' title='bbox 1094 5148 1435 5223; x_wconf 85' lang='grc' dir='ltr'>κεκτημένων</span> <span class='ocrx_word' id='word_1_649' title='bbox 1474 5146 1684 5213; x_wconf 88' lang='grc' dir='ltr'>δούλους</span> <span class='ocrx_word' id='word_1_650' title='bbox 1742 5148 1927 5229; x_wconf 86' lang='grc' dir='ltr'>κληρι-</span> 
     </span>
    </p>
   </div>
   <div class='ocr_carea' id='block_1_97' title="bbox 279 5235 1926 5317">
    <p class='ocr_par' dir='ltr' id='par_1_97' title="bbox 279 5235 1926 5317">
     <span class='ocr_line' id='line_1_97' title="bbox 279 5235 1926 5317; baseline 0.003 -26"><span class='ocrx_word' id='word_1_651' title='bbox 279 5235 405 5299; x_wconf 80' lang='grc' dir='ltr'>κοὺς</span> <span class='ocrx_word' id='word_1_652' title='bbox 434 5235 744 5315; x_wconf 86' lang='grc' dir='ltr'>γεγονότας,</span> <span class='ocrx_word' id='word_1_653' title='bbox 774 5237 951 5292; x_wconf 82' lang='grc' dir='ltr'>καὶτὸ</span> <span class='ocrx_word' id='word_1_654' title='bbox 993 5242 1090 5304; x_wconf 82' lang='grc' dir='ltr'>τῆς</span> <span class='ocrx_word' id='word_1_655' title='bbox 1141 5238 1423 5317; x_wconf 77' lang='grc' dir='ltr'>ἱερωσύνης</span> <span class='ocrx_word' id='word_1_656' title='bbox 1467 5238 1659 5311; x_wconf 83' lang='grc' dir='ltr'>σεμνὸν</span> <span class='ocrx_word' id='word_1_657' title='bbox 1722 5237 1926 5314; x_wconf 81' lang='grc' dir='ltr'>ἀξίωμα</span> 
     </span>
    </p>
   </div>
   <div class='ocr_carea' id='block_1_98' title="bbox 276 5322 1920 5405">
    <p class='ocr_par' dir='ltr' id='par_1_98' title="bbox 276 5322 1920 5405">
     <span class='ocr_line' id='line_1_98' title="bbox 276 5322 1920 5405; baseline 0.002 -24"><span class='ocrx_word' id='word_1_658' title='bbox 276 5322 746 5403; x_wconf 80' lang='grc' dir='ltr'>περιϐαλομένους,</span> <span class='ocrx_word' id='word_1_659' title='bbox 780 5324 816 5394; x_wconf 76' lang='grc' dir='ltr'><strong>ἢ</strong></span> <span class='ocrx_word' id='word_1_660' title='bbox 871 5326 961 5381; x_wconf 84' lang='grc' dir='ltr'>τὸν</span> <span class='ocrx_word' id='word_1_661' title='bbox 1018 5325 1297 5402; x_wconf 83' lang='grc' dir='ltr'>μοναδικὸν</span> <span class='ocrx_word' id='word_1_662' title='bbox 1366 5326 1476 5402; x_wconf 85' lang='grc' dir='ltr'>βίον</span> <span class='ocrx_word' id='word_1_663' title='bbox 1532 5325 1920 5405; x_wconf 73' lang='grc' dir='ltr'>ἀνῃρημένους,</span> 
     </span>
    </p>
   </div>
   <div class='ocr_carea' id='block_1_99' title="bbox 2010 4615 3652 4695">
    <p class='ocr_par' dir='ltr' id='par_1_99' title="bbox 2010 4615 3652 4695">
     <span class='ocr_line' id='line_1_99' title="bbox 2010 4615 3652 4695; baseline 0.004 -21"><span class='ocrx_word' id='word_1_664' title='bbox 2010 4615 2259 4695; x_wconf 91' lang='lat' dir='ltr'><strong>possint,</strong></span> <span class='ocrx_word' id='word_1_665' title='bbox 2321 4618 2426 4681; x_wconf 90' lang='lat' dir='ltr'><strong>sed</strong></span> <span class='ocrx_word' id='word_1_666' title='bbox 2486 4639 2597 4682; x_wconf 91' lang='lat' dir='ltr'><strong>nec</strong></span> <span class='ocrx_word' id='word_1_667' title='bbox 2653 4620 2714 4682; x_wconf 92' lang='lat' dir='ltr'><strong>in</strong></span> <span class='ocrx_word' id='word_1_668' title='bbox 2748 4620 3021 4682; x_wconf 89' lang='lat' dir='ltr'><strong>libertate</strong></span> <span class='ocrx_word' id='word_1_669' title='bbox 3049 4618 3247 4682; x_wconf 89' lang='lat' dir='ltr'><strong>donati</strong></span> <span class='ocrx_word' id='word_1_670' title='bbox 3295 4617 3437 4693; x_wconf 89' lang='lat' dir='ltr'><strong>sint,</strong></span> <span class='ocrx_word' id='word_1_671' title='bbox 3473 4618 3652 4682; x_wconf 89' lang='lat' dir='ltr'><strong>talem</strong></span> 
     </span>
    </p>
   </div>
   <div class='ocr_carea' id='block_1_100' title="bbox 2007 4706 3656 4790">
    <p class='ocr_par' dir='ltr' id='par_1_100' title="bbox 2007 4706 3656 4790">
     <span class='ocr_line' id='line_1_100' title="bbox 2007 4706 3656 4790; baseline 0.003 -26"><span class='ocrx_word' id='word_1_672' title='bbox 2007 4710 2270 4783; x_wconf 85' lang='lat' dir='ltr'><strong>unquam</strong></span> <span class='ocrx_word' id='word_1_673' title='bbox 2327 4708 2620 4790; x_wconf 88' lang='lat' dir='ltr'><strong>recipiant</strong></span> <span class='ocrx_word' id='word_1_674' title='bbox 2669 4727 2893 4771; x_wconf 90' lang='lat' dir='ltr'><strong>vocem.</strong></span> <span class='ocrx_word' id='word_1_675' title='bbox 2925 4706 3185 4790; x_wconf 89' lang='lat' dir='ltr'><strong>Ideoque</strong></span> <span class='ocrx_word' id='word_1_676' title='bbox 3241 4706 3446 4770; x_wconf 65' lang='lat' dir='ltr'><strong>liberas</strong></span> <span class='ocrx_word' id='word_1_677' title='bbox 3492 4708 3656 4771; x_wconf 86' lang='lat' dir='ltr'><strong>vocis</strong></span> 
     </span>
    </p>
   </div>
   <div class='ocr_carea' id='block_1_101' title="bbox 2009 4792 3652 4875">
    <p class='ocr_par' dir='ltr' id='par_1_101' title="bbox 2009 4792 3652 4875">
     <span class='ocr_line' id='line_1_101' title="bbox 2009 4792 3652 4875; baseline 0.004 -23"><span class='ocrx_word' id='word_1_678' title='bbox 2009 4792 2186 4872; x_wconf 88' lang='lat' dir='ltr'><strong>hujus</strong></span> <span class='ocrx_word' id='word_1_679' title='bbox 2210 4813 2447 4875; x_wconf 68' lang='lat' dir='ltr'><strong>poenam</strong></span> <span class='ocrx_word' id='word_1_680' title='bbox 2494 4797 2763 4859; x_wconf 89' lang='lat' dir='ltr'><strong>libertini</strong></span> <span class='ocrx_word' id='word_1_681' title='bbox 2795 4796 2985 4859; x_wconf 89' lang='lat' dir='ltr'><strong>sortiti</strong></span> <span class='ocrx_word' id='word_1_682' title='bbox 3013 4805 3169 4868; x_wconf 89' lang='lat' dir='ltr'><strong>sunt,</strong></span> <span class='ocrx_word' id='word_1_683' title='bbox 3205 4798 3345 4859; x_wconf 91' lang='lat' dir='ltr'><strong>dum</strong></span> <span class='ocrx_word' id='word_1_684' title='bbox 3371 4796 3433 4859; x_wconf 92' lang='lat' dir='ltr'><strong>in</strong></span> <span class='ocrx_word' id='word_1_685' title='bbox 3458 4797 3652 4861; x_wconf 88' lang='lat' dir='ltr'><strong>servi-</strong></span> 
     </span>
    </p>
   </div>
   <div class='ocr_carea' id='block_1_102' title="bbox 2009 4886 3737 4966">
    <p class='ocr_par' dir='ltr' id='par_1_102' title="bbox 2009 4886 3737 4966">
     <span class='ocr_line' id='line_1_102' title="bbox 2009 4886 3737 4966; baseline 0.007 -25"><span class='ocrx_word' id='word_1_686' title='bbox 2009 4888 2191 4943; x_wconf 89' lang='lat' dir='ltr'><strong>tutem</strong></span> <span class='ocrx_word' id='word_1_687' title='bbox 2234 4896 2610 4950; x_wconf 89' lang='lat' dir='ltr'><strong>revocantur.</strong></span> <span class='ocrx_word' id='word_1_688' title='bbox 2646 4888 2834 4966; x_wconf 82' lang='lat' dir='ltr'><strong>Leges</strong></span> <span class='ocrx_word' id='word_1_689' title='bbox 2876 4888 3052 4948; x_wconf 89' lang='lat' dir='ltr'><strong>etiam</strong></span> <span class='ocrx_word' id='word_1_690' title='bbox 3085 4886 3145 4948; x_wconf 91' lang='lat' dir='ltr'><strong>id</strong></span> <span class='ocrx_word' id='word_1_691' title='bbox 3171 4888 3459 4949; x_wconf 90' lang='lat' dir='ltr'><strong>testantur</strong></span> <span class='ocrx_word' id='word_1_692' title='bbox 3485 4895 3653 4952; x_wconf 88' lang='lat' dir='ltr'><strong>vete-</strong></span> <span class='ocrx_word' id='word_1_693' title='bbox 3728 4904 3737 4911; x_wconf 90' lang='lat'>&#39;</span> 
     </span>
    </p>
   </div>
   <div class='ocr_carea' id='block_1_103' title="bbox 2006 4972 3651 5055">
    <p class='ocr_par' dir='ltr' id='par_1_103' title="bbox 2006 4972 3651 5055">
     <span class='ocr_line' id='line_1_103' title="bbox 2006 4972 3651 5055; baseline 0.005 -25"><span class='ocrx_word' id='word_1_694' title='bbox 2006 4987 2104 5031; x_wconf 90' lang='lat' dir='ltr'><strong>res</strong></span> <span class='ocrx_word' id='word_1_695' title='bbox 2127 4978 2183 5032; x_wconf 91' lang='lat' dir='ltr'><strong>et</strong></span> <span class='ocrx_word' id='word_1_696' title='bbox 2203 4972 2559 5054; x_wconf 89' lang='lat' dir='ltr'><strong>principium</strong></span> <span class='ocrx_word' id='word_1_697' title='bbox 2578 4974 3256 5055; x_wconf 69' lang='lat' dir='ltr'><strong>sapientissiminovellaa</strong></span> <span class='ocrx_word' id='word_1_698' title='bbox 3271 4974 3651 5055; x_wconf 68' lang='lat' dir='ltr'><strong>ipsaaconsti-</strong></span> 
     </span>
    </p>
   </div>
   <div class='ocr_carea' id='block_1_104' title="bbox 2009 5058 3650 5144">
    <p class='ocr_par' dir='ltr' id='par_1_104' title="bbox 2009 5058 3650 5144">
     <span class='ocr_line' id='line_1_104' title="bbox 2009 5058 3650 5144; baseline 0.005 -25"><span class='ocrx_word' id='word_1_699' title='bbox 2009 5058 2425 5141; x_wconf 71' lang='lat' dir='ltr'><strong>tutiones,quai</strong></span> <span class='ocrx_word' id='word_1_700' title='bbox 2449 5080 2655 5124; x_wconf 88' lang='lat' dir='ltr'><strong>servos</strong></span> <span class='ocrx_word' id='word_1_701' title='bbox 2677 5062 2935 5126; x_wconf 88' lang='lat' dir='ltr'><strong>dominis</strong></span> <span class='ocrx_word' id='word_1_702' title='bbox 2967 5062 3380 5144; x_wconf 74' lang='lat' dir='ltr'><strong>ignorantibus</strong></span> <span class='ocrx_word' id='word_1_703' title='bbox 3399 5065 3650 5128; x_wconf 90' lang='lat' dir='ltr'><strong>clericos</strong></span> 
     </span>
    </p>
   </div>
   <div class='ocr_carea' id='block_1_105' title="bbox 2008 5147 3651 5233">
    <p class='ocr_par' dir='ltr' id='par_1_105' title="bbox 2008 5147 3651 5233">
     <span class='ocr_line' id='line_1_105' title="bbox 2008 5147 3651 5233; baseline 0.005 -25"><span class='ocrx_word' id='word_1_704' title='bbox 2008 5147 2215 5221; x_wconf 81' lang='lat' dir='ltr'><strong>factos,</strong></span> <span class='ocrx_word' id='word_1_705' title='bbox 2248 5157 2304 5210; x_wconf 90' lang='lat' dir='ltr'><strong>et</strong></span> <span class='ocrx_word' id='word_1_706' title='bbox 2335 5150 2737 5212; x_wconf 89' lang='lat' dir='ltr'><strong>venerabilem</strong></span> <span class='ocrx_word' id='word_1_707' title='bbox 2766 5152 3085 5214; x_wconf 88' lang='lat' dir='ltr'><strong>sacerdotii</strong></span> <span class='ocrx_word' id='word_1_708' title='bbox 3106 5151 3455 5233; x_wconf 75' lang='lat' dir='ltr'><strong>dignitatem</strong></span> <span class='ocrx_word' id='word_1_709' title='bbox 3475 5154 3651 5217; x_wconf 90' lang='lat' dir='ltr'><strong>indu-</strong></span> 
     </span>
    </p>
   </div>
   <div class='ocr_carea' id='block_1_106' title="bbox 2009 5239 3648 5325">
    <p class='ocr_par' dir='ltr' id='par_1_106' title="bbox 2009 5239 3648 5325">
     <span class='ocr_line' id='line_1_106' title="bbox 2009 5239 3648 5325; baseline 0.007 -30"><span class='ocrx_word' id='word_1_710' title='bbox 2009 5242 2121 5311; x_wconf 88' lang='lat' dir='ltr'><strong>tos,</strong></span> <span class='ocrx_word' id='word_1_711' title='bbox 2177 5244 2276 5298; x_wconf 89' lang='lat' dir='ltr'><strong>ant</strong></span> <span class='ocrx_word' id='word_1_712' title='bbox 2306 5239 2698 5301; x_wconf 88' lang='lat' dir='ltr'><strong>monasticam</strong></span> <span class='ocrx_word' id='word_1_713' title='bbox 2748 5240 2923 5302; x_wconf 89' lang='lat' dir='ltr'><strong>vitam</strong></span> <span class='ocrx_word' id='word_1_714' title='bbox 2982 5240 3307 5323; x_wconf 80' lang='lat' dir='ltr'><strong>amplexos,</strong></span> <span class='ocrx_word' id='word_1_715' title='bbox 3342 5242 3433 5305; x_wconf 89' lang='lat' dir='ltr'><strong>vel</strong></span> <span class='ocrx_word' id='word_1_716' title='bbox 3467 5241 3648 5325; x_wconf 91' lang='lat' dir='ltr'><strong>(quod</strong></span> 
     </span>
    </p>
   </div>
   <div class='ocr_carea' id='block_1_107' title="bbox 2007 5325 3645 5413">
    <p class='ocr_par' dir='ltr' id='par_1_107' title="bbox 2007 5325 3645 5413">
     <span class='ocr_line' id='line_1_107' title="bbox 2007 5325 3645 5413; baseline 0.007 -28"><span class='ocrx_word' id='word_1_717' title='bbox 2007 5326 2197 5406; x_wconf 89' lang='lat' dir='ltr'><strong>majus</strong></span> <span class='ocrx_word' id='word_1_718' title='bbox 2255 5325 2367 5406; x_wconf 88' lang='lat' dir='ltr'><strong>est)</strong></span> <span class='ocrx_word' id='word_1_719' title='bbox 2428 5326 2502 5389; x_wconf 89' lang='lat' dir='ltr'><strong>ad</strong></span> <span class='ocrx_word' id='word_1_720' title='bbox 2561 5330 2958 5410; x_wconf 88' lang='lat' dir='ltr'><strong>episcopalem</strong></span> <span class='ocrx_word' id='word_1_721' title='bbox 3016 5330 3265 5411; x_wconf 78' lang='lat' dir='ltr'><strong>gradum</strong></span> <span class='ocrx_word' id='word_1_722' title='bbox 3316 5341 3645 5413; x_wconf 86' lang='lat' dir='ltr'><strong>provectos,</strong></span> 
     </span>
    </p>
   </div>
   <div class='ocr_carea' id='block_1_108' title="bbox 1599 5474 2330 5561">
    <p class='ocr_par' dir='ltr' id='par_1_108' title="bbox 1599 5474 2330 5561">
     <span class='ocr_line' id='line_1_108' title="bbox 1599 5474 2330 5561; baseline 0.008 -6"><span class='ocrx_word' id='word_1_723' title='bbox 1599 5474 1852 5556; x_wconf 63' lang='lat' dir='ltr'><strong>vasus</strong></span> <span class='ocrx_word' id='word_1_724' title='bbox 1899 5492 2330 5561; x_wconf 85' lang='lat' dir='ltr'><strong>LECTIONES.</strong></span> 
     </span>
    </p>
   </div>
   <div class='ocr_carea' id='block_1_109' title="bbox 357 5652 1595 5739">
    <p class='ocr_par' dir='ltr' id='par_1_109' title="bbox 357 5652 1595 5739">
     <span class='ocr_line' id='line_1_109' title="bbox 357 5652 1595 5739; baseline 0.003 -18"><span class='ocrx_word' id='word_1_725' title='bbox 357 5676 385 5713; x_wconf 72' lang='grc' dir='ltr'><strong>α</strong></span> <span class='ocrx_word' id='word_1_726' title='bbox 404 5659 535 5739; x_wconf 80' lang='lat' dir='ltr'><strong>jam</strong></span> <span class='ocrx_word' id='word_1_727' title='bbox 562 5652 729 5722; x_wconf 77' lang='lat' dir='ltr'><strong>olim.</strong></span> <span class='ocrx_word' id='word_1_728' title='bbox 844 5664 870 5697; x_wconf 86' lang='lat'><strong><em>°</em></strong></span> <span class='ocrx_word' id='word_1_729' title='bbox 899 5661 1091 5739; x_wconf 83' lang='lat' dir='ltr'><strong>agris.</strong></span> <span class='ocrx_word' id='word_1_730' title='bbox 1203 5688 1230 5731; x_wconf 77' lang='grc' dir='ltr'><strong>ρ</strong></span> <span class='ocrx_word' id='word_1_731' title='bbox 1257 5666 1595 5727; x_wconf 60' lang='lat' dir='ltr'><strong>nationum.</strong></span> 
     </span>
    </p>
   </div>
   <div class='ocr_carea' id='block_1_110' title="bbox 1707 5665 2481 5745">
    <p class='ocr_par' dir='ltr' id='par_1_110' title="bbox 1707 5665 2481 5745">
     <span class='ocr_line' id='line_1_110' title="bbox 1707 5665 2481 5745; baseline 0.005 -22"><span class='ocrx_word' id='word_1_732' title='bbox 1707 5679 1733 5722; x_wconf 76' lang='grc' dir='ltr'>(ι</span> <span class='ocrx_word' id='word_1_733' title='bbox 1761 5665 2080 5745; x_wconf 62' lang='lat' dir='ltr'><strong>seei-etiam:</strong></span> <span class='ocrx_word' id='word_1_734' title='bbox 2106 5672 2481 5745; x_wconf 76' lang='lat' dir='ltr'><strong>cognoscant.</strong></span> 
     </span>
    </p>
   </div>
   <div class='ocr_carea' id='block_1_111' title="bbox 2600 5667 3655 5750">
    <p class='ocr_par' dir='ltr' id='par_1_111' title="bbox 2600 5667 3655 5750">
     <span class='ocr_line' id='line_1_111' title="bbox 2600 5667 3655 5750; baseline 0 -18"><span class='ocrx_word' id='word_1_735' title='bbox 2600 5681 2622 5713; x_wconf 76' lang='grc' dir='ltr'><strong>τ</strong></span> <span class='ocrx_word' id='word_1_736' title='bbox 2647 5684 2759 5750; x_wconf 85' lang='lat' dir='ltr'><strong>pro</strong></span> <span class='ocrx_word' id='word_1_737' title='bbox 2789 5668 3061 5733; x_wconf 75' lang='lat' dir='ltr'><strong>reticulis</strong></span> <span class='ocrx_word' id='word_1_738' title='bbox 3084 5667 3313 5734; x_wconf 72' lang='lat' dir='ltr'><strong>haberi.</strong></span> <span class='ocrx_word' id='word_1_739' title='bbox 3427 5678 3451 5713; x_wconf 78' lang='grc'>⁸</span> <span class='ocrx_word' id='word_1_740' title='bbox 3473 5679 3655 5736; x_wconf 62' lang='lat' dir='ltr'><strong>castra</strong></span> 
     </span>
    </p>
   </div>
   <div class='ocr_carea' id='block_1_112' title="bbox 282 5738 2728 5829">
    <p class='ocr_par' dir='ltr' id='par_1_112' title="bbox 282 5738 2728 5829">
     <span class='ocr_line' id='line_1_112' title="bbox 282 5738 2728 5829; baseline 0.005 -27"><span class='ocrx_word' id='word_1_741' title='bbox 282 5738 576 5816; x_wconf 75' lang='lat' dir='ltr'><strong>iniuriam</strong></span> <span class='ocrx_word' id='word_1_742' title='bbox 603 5741 796 5821; x_wconf 76' lang='lat' dir='ltr'><strong>positi</strong></span> <span class='ocrx_word' id='word_1_743' title='bbox 816 5738 977 5806; x_wconf 76' lang='lat' dir='ltr'><strong>sunt.</strong></span> <span class='ocrx_word' id='word_1_744' title='bbox 1062 5755 1083 5796; x_wconf 74' lang='grc' dir='ltr'><strong>ι</strong></span> <span class='ocrx_word' id='word_1_745' title='bbox 1108 5761 1231 5806; x_wconf 78' lang='lat' dir='ltr'><strong>non</strong></span> <span class='ocrx_word' id='word_1_746' title='bbox 1275 5751 1511 5808; x_wconf 83' lang='lat' dir='ltr'><strong>tantum</strong></span> <span class='ocrx_word' id='word_1_747' title='bbox 1539 5742 1901 5809; x_wconf 78' lang='lat' dir='ltr'><strong>durantibus</strong></span> <span class='ocrx_word' id='word_1_748' title='bbox 1929 5738 2239 5810; x_wconf 52' lang='lat' dir='ltr'><strong>servitutis</strong></span> <span class='ocrx_word' id='word_1_749' title='bbox 2266 5749 2487 5829; x_wconf 73' lang='lat' dir='ltr'><strong>spatiis</strong></span> <span class='ocrx_word' id='word_1_750' title='bbox 2506 5738 2728 5814; x_wconf 65' lang='lat' dir='ltr'><strong>vocent.</strong></span> 
     </span>
    </p>
   </div>
  </div>
