4160 6212
456 392 575 464 979

1837 403 1870 465 J
1876 400 1969 463 US
2010 395 2460 464 CANONICUM

3716 392 3840 459 980

456 536 646 618 priori
676 538 979 603 servitutis
1016 537 1212 600 ordini
1250 537 1470 600 iterum
1498 536 1733 599 restitui
1762 534 2055 598 deﬁniunt
2089 549 2097 590 :

2189 530 2246 605 ἢ,
2293 533 2354 588 τὸ
2383 539 2591 608 μεῖζον,
2624 534 2698 597 εἰς
2738 534 2829 590 τὸν
2874 533 3224 591 ἑπισκοπικδν
3256 529 3579 613 ἀναχθέντας
3609 530 3833 607 βαθμὸν,

455 626 609 689 nihil
642 628 924 691 videlicet
951 627 1183 708 adjutos
1214 646 1287 690 ex
1316 628 1495 708 hujus
1526 625 1688 688 modi
1719 618 2105 687 ordinationi-

455 714 591 793 bus,
619 725 717 779 aut
750 716 959 779 habitu
990 715 1343 790 monastico,
1378 716 1450 778 ad
1500 714 1797 776 vitandam
1847 712 2105 775 servitu-

456 811 603 867 tem.
636 806 850 868 Servos
870 814 1063 867 autem
1116 804 1245 866 ﬁeri
1260 804 1477 884 jubent
1503 827 1530 857 u
1558 802 1808 882 liberos,
1841 801 1939 883 qui
1973 817 2106 862 ser-

455 892 667 956 vilibus
720 894 991 975 personis
1068 902 1206 955 sunt
1283 892 1609 974 conjuncti,
1662 911 1793 954 cum
1854 907 2108 971 persona

452 980 729 1045 libertate
777 992 984 1045 ornata
1030 1002 1150 1044 non
1183 989 1379 1063 potest
1421 982 1782 1044 solutionem
1812 979 2108 1061 spondere

455 1070 655 1151 pretii,
692 1091 806 1152 quo
841 1072 1107 1153 subjecta
1140 1071 1403 1133 servituti
1454 1089 1589 1151 pars
1619 1070 1692 1131 ab
1724 1089 1795 1131 ea
1836 1070 1897 1131 in
1919 1069 2105 1132 liber-

453 1166 632 1222 tatem
666 1160 1251 1223 absolvaturJtidem
1271 1159 1330 1220 in
1356 1159 1699 1221 servitutem
1724 1158 1916 1237 redigi
1931 1161 2106 1219 etiam

450 1246 723 1310 libertate
752 1249 997 1330 quidem
1049 1249 1325 1310 donatam
1358 1258 1582 1328 partem
1606 1267 1639 1308 a
1671 1246 1911 1308 domino
1941 1246 2103 1326 (cum

379 1371 383 1375 ’
450 1336 732 1401 videlicet
759 1339 931 1400 ambo
960 1338 1115 1399 servi
1148 1340 1398 1416 essent),
1435 1338 1536 1398 sed
1562 1356 1692 1416 quae
1714 1345 1936 1417 partem
1966 1336 2107 1397 reli-

451 1431 606 1487 ctam
631 1426 1030 1501 sollicitando,
1059 1426 1436 1489 occasionem
1465 1425 1719 1506 propria:
1734 1424 2105 1486 remissionis

452 1523 645 1576 sumat
673 1516 752 1577 ad
783 1531 955 1576 suum
986 1515 1116 1577 vitae
1146 1523 1357 1576 statum
1390 1516 1773 1576 evertendum
1808 1525 1851 1576 ν.
1895 1513 2105 1593 Neque

451 1604 642 1665 solum
676 1623 744 1666 ex
800 1606 911 1666 hac
958 1604 1314 1685 procacitate
1368 1604 1517 1665 nihil
1579 1604 1835 1677 efﬁcere,
1892 1612 1956 1663 ut
1985 1603 2098 1663 vim

450 1691 668 1753 habeat
697 1692 771 1753 ad
829 1692 1205 1754 tribuendam
1258 1692 1429 1753 alteri
1462 1690 1929 1764 libertatem,sed
1962 1710 2098 1751 eum

2187 619 2346 677 πάλιν
2390 623 2460 687 εἷς
2515 622 2613 689 τὴν
2662 621 2915 702 προτέραν
2981 627 3079 689 τῆς
3135 620 3367 686 δουλείας
3419 618 3565 685 τάξιν
3593 620 3834 675 ἀποκαθ-

2190 709 2423 768 ίστασθαι
2451 709 2758 789 διορίζονται
2796 760 2810 773 .
2872 709 3042 788 μηδὲν
3098 708 3302 779 δηλαδὴ
3345 709 3406 767 ἐκ
3445 712 3551 765 τῶν
3578 707 3832 765 τοιούτων

2188 805 2554 880 χειροτονιῶν,
2599 801 2635 869 ἢ
2679 808 2774 858 τοῦ
2801 798 3083 876 μοναδικοῦ
3152 801 3459 880 σχήματος,
3520 799 3592 862 εἷς
3623 797 3833 876 ἀποτρυ-

2188 890 2290 967 γὴν
2349 894 2447 956 τῆς
2517 887 2750 955 δουλείας
2804 888 3208 967 βοηθουμένους.
3272 888 3585 946 Δουλούσθαι
3622 885 3678 942 δὲ
3719 884 3836 941 δια-

2188 979 2485 1039 κελεύονται
2532 984 2620 1038 καὶ
2673 984 2794 1046 τοὺς
2858 981 3278 1056 συναπτομένους
3322 980 3616 1060 ἐλευθέρους
3685 979 3833 1034 οἰκε-

2185 1084 2360 1135 τικοϊς
2401 1072 2723 1151 προσώποις,
2770 1071 2900 1128 ἐπὰν
2931 1072 3007 1147 μὴ
3065 1070 3280 1138 δύνηται
3348 1072 3410 1127 τὸ
3453 1069 3712 1147 ἐλευθερίᾳ
3740 1088 3830 1122 τι-

2187 1160 2433 1234 μώμενον
2502 1161 2781 1239 πρόσωπον
2845 1158 3147 1229 καταϐολὴν
3196 1157 3664 1238 προσομολογῆσαι
3736 1177 3828 1211 τι-

2187 1250 2457 1323 μήματος,
2492 1247 2558 1305 δι’
2629 1249 2688 1307 οὗ
2745 1248 3133 1325 ἀπολελυμένον
3186 1254 3285 1316 τῆν
3355 1245 3587 1311 δουλείας
3639 1248 3701 1301 τὸ
3736 1242 3826 1300 ὑπ’

2186 1341 2349 1403 αὐτῆς
2423 1339 2780 1417 κατεχόμενον
2864 1338 3019 1416 μέρος
3087 1344 3156 1415 τῇ
3210 1336 3469 1416 ελευθερίᾳ
3522 1336 3824 1415 γενήσεται.

2189 1416 2456 1490 Ὠσαύτως
2512 1416 2814 1487 δουλοῦσθαι
2872 1428 2957 1483 καὶ
3013 1429 3073 1483 τὸ
3127 1425 3414 1504 ἐλευθερίας
3485 1426 3583 1500 μὲν
3611 1421 3827 1488 ἆξιωθὲν

2182 1516 2321 1593 παρᾶ
2378 1523 2471 1571 τοῦ
2528 1514 2781 1573 δεσπότου
2845 1516 3001 1594 μέρος
3068 1515 3399 1595 (ἀμφοτέρων
3474 1509 3678 1579 δηλαδὴ
3737 1509 3826 1567 ὄν-

2181 1626 2284 1659 των
2316 1602 2560 1684 δούλων),
2596 1605 2835 1685 ἀφορμὴν
2893 1602 2948 1659 δὲ
3013 1606 3073 1660 τὸ
3129 1605 3327 1660 οίκετον
3384 1602 3697 1676 ποιούμενον
3724 1597 3826 1656 ἄν·

2180 1714 2317 1766 ετον,
2363 1695 2492 1772 πρὸς
2523 1695 2583 1749 τὸ
2614 1692 2750 1750 ἴδιον
2780 1698 2973 1773 σχῆμα
3003 1702 3095 1751 τοῦ
3122 1693 3234 1769 βίου
3271 1690 3587 1770 ἀναρπάζειν
3630 1694 3823 1767 πειρᾶο

448 1780 644 1860 ipsum
676 1781 749 1842 ab
774 1782 1023 1856 honore,
1049 1801 1225 1862 quem
1259 1781 1507 1860 accepit,
1544 1780 1840 1854 excidere,
1879 1789 1938 1841 et
1964 1798 2091 1840 rur-

2184 1785 2297 1836 σθαι
2327 1780 2359 1828 6
2389 1784 2449 1838 τὸ
2517 1781 2879 1863 καταλειφθὲν
2904 1781 3058 1861 μέρος
3093 1797 3106 1811 ⁹
3153 1781 3240 1836 καὶ
3297 1780 3373 1855 μὴ
3432 1778 3590 1854 μόνον
3621 1777 3682 1832 ἐκ
3720 1781 3824 1842 τῆς

449 1887 553 1929 sus
631 1870 934 1932 servitutis
959 1870 1103 1949 jugo
1159 1870 1477 1931 submitti:
1532 1878 1732 1949 utpote
1791 1868 1892 1948 qui
1951 1870 2097 1930 mala

2183 1870 2451 1935 αὐθαδείας
2514 1872 2707 1937 ταύτης
2766 1868 2929 1945 μηδὲν
2999 1868 3249 1939 ἐξανύειν,
3309 1865 3435 1943 μηδ’
3490 1867 3646 1945 ἰσχὺν
3674 1864 3825 1945 ἔχειν

451 1965 653 2020 mente
702 1959 1061 2020 contumelia
1113 1959 1376 2020 affecerit
1405 1958 1617 2019 bonam
1654 1957 2097 2038 beneﬁcamque

2183 1957 2470 2036 ἐλευθερίαν
2499 1958 2660 2038 ἑτέρῳ
2701 1958 3024 2037 χαρίζεσθαι,
3086 1957 3223 2015 ἀλλὰ
3292 1957 3381 2013 καὶ
3436 1955 3593 2010 αὗτδν
3661 1953 3823 2009 ('2st-

447 2047 541 2107 sui
570 2045 793 2108 domini
828 2049 1212 2124 voluntatem,
1241 2056 1298 2109 et
1326 2046 1395 2108 ad
1424 2046 1864 2127 improbitatem
1898 2065 2097 2107 amens

2183 2068 2267 2104 νον
2295 2050 2362 2113 ἧς
2394 2045 2578 2103 ἔλαϐεν
2608 2047 2876 2104 ἐκπίπτειν
2914 2046 3098 2122 τιμῆς,
3157 2047 3245 2103 καὶ
3309 2043 3466 2102 πάλιν
3509 2043 3823 2099 ὕποκύπτειν

443 2134 671 2215 judicio
703 2136 862 2198 illius
884 2136 1103 2198 abusus
1145 2136 1346 2211 sit,cui
1376 2139 1764 2196 reverentiam
1799 2142 1857 2196 et
1885 2137 2095 2196 obser-

444 2222 699 2285 vantiam
724 2224 1009 2287 exhibere
1055 2224 1334 2287 debebat.
1378 2224 1603 2286 Harum
1634 2224 1813 2301 igitur
1829 2226 2090 2286 sanctio-

445 2330 588 2373 num
614 2320 783 2374 tenor
804 2314 1023 2375 sufﬁcit
1056 2314 1129 2375 ad
1158 2314 1655 2391 signiﬁcationem
1697 2312 1860 2375 verbi
1884 2314 2091 2372 ἐλευθε-

364 2412 369 2417 ’
447 2398 634 2480 ροϐυᾷν
665 2401 1074 2478 ignorantibus
1130 2410 1339 2483 aperte
1387 2402 1821 2467 elucidandam.
1853 2401 1928 2466 Ut
1954 2422 2092 2465 vero

446 2493 786 2551 summatim
819 2490 1039 2565 dicam,
1068 2499 1125 2552 et
1145 2510 1351 2553 servus
1374 2500 1432 2552 et
1461 2491 1775 2553 libertinus
1807 2500 2092 2571 potestate

449 2577 744 2640 clamandi
773 2579 968 2641 libera
997 2579 1160 2641 omni
1191 2581 1369 2641 modo
1402 2581 1728 2660 privantur.

442 2664 687 2742 ἀγνοοῦσι
729 2665 1059 2725 διαλευκᾶναι
1103 2677 1305 2750 σαφῶς.
1340 2662 1431 2732 Ὠς
1476 2670 1535 2725 ὲκ
1563 2668 1831 2750 κεφαλαίῳ
1859 2668 1912 2726 δὲ
1944 2672 2136 2749 εἰπεῖν,

440 2775 523 2811 σιν
551 2754 959 2834 ἀπεστέρηνται.

519 2841 710 2905 Inter.
744 2841 895 2915 Quid
954 2844 1246 2924 signiﬁcat
1301 2844 1525 2906 dictum
1587 2844 1733 2905 illud
1761 2844 2086 2925 Evangelii,

439 2947 544 2992 vos
601 2938 798 2993 autem
858 2932 1073 2995 dicitis.
1129 2933 1241 3007 Qui
1296 2934 1511 2995 dixerit
1563 2935 1712 3014 patri
1771 2935 1862 2995 vel
1893 2938 2087 3009 matri,

438 3016 672 3081 Donum
704 3040 820 3101 quo
846 3040 880 3082 a
910 3039 1007 3082 me
1031 3023 1224 3102 juravi
1257 3024 1473 3103 possis.

519 3107 658 3172 Res.
691 3099 839 3171 Cum
868 3099 1147 3173 Servator
1176 3099 1442 3175 Christus
1471 3120 1631 3174 esset
1662 3112 1722 3173 in
1737 3110 2084 3189 Genezaret,
2107 3099 2147 3150 C

443 3193 878 3260 descendentes
928 3197 1355 3280 Hierosolymis
1413 3199 1634 3262 Scribaa
1691 3206 1749 3261 et
1778 3200 2087 3277 Pharisaei,

439 3294 821 3347 accesserunt
877 3287 950 3349 ad
1008 3306 1150 3349 eum
1202 3290 1471 3350 dicentes
1508 3307 1521 3351 :
1556 3289 1672 3351 Cur
1689 3287 1969 3369 discipuli
2007 3291 2091 3352 tui

440 3373 964 3454 transgrediuntur
992 3376 1295 3438 seniorum
1328 3364 1750 3439 traditioneni?
1780 3364 1899 3439 non
1928 3380 2084 3440 enim

437 3459 636 3524 lavant
661 3482 890 3546 manus,
924 3483 1059 3528 cum
1090 3485 1303 3548 panem
1343 3467 1691 3530 comedunt.

517 3642 669 3704 Nam
702 3642 989 3706 Pharismi
1022 3651 1080 3706 et
1107 3663 1315 3707 omnes
1348 3644 1535 3709 Judaei
1573 3645 1686 3707 nisi
1717 3645 2083 3722 frequenter,

441 3730 661 3811 inquit,
697 3750 907 3793 manus
937 3731 1202 3815 abluant,
1232 3744 1293 3795 et
1323 3751 1355 3794 e
1386 3734 1512 3795 foro
1539 3733 1656 3795 nisi
1691 3732 1902 3795 balneo
1926 3742 2090 3795 utan-

437 3824 683 3893 tur,non
705 3820 1364 3897 comedunt,seniornm
1391 3822 1764 3884 traditionem
1794 3830 2083 3885 tenentes.

435 3904 725 3969 Dominus
747 3917 943 3970 autem
969 3910 1252 3971 malitiam
1287 3911 1485 3972 cordis
1507 3929 1712 3972 eorum
1747 3923 1808 3971 et
1837 3929 2084 3992 perver-

435 3995 669 4058 sitatem
701 4006 1163 4079 cognoscens,et
1189 4017 1322 4059 cum
1341 3999 1499 4060 avari
1531 4008 1752 4067 essent,
1776 4010 2086 4081 promptos

436 4101 568 4146 esse
591 4083 669 4146 ad
700 4083 894 4147 aliena
925 4086 1297 4166 prodigenda
1328 4106 1342 4150 :
1374 4087 1681 4168 discipulis
1702 4088 1985 4150 inﬂictam
2010 4088 2085 4150 ab

435 4170 510 4233 iis
536 4173 1068 4253 reprehensionem
1129 4175 1465 4237 verecunde
1492 4194 1517 4224 ι
1547 4177 1605 4238 in
1637 4194 1838 4237 eorum
1872 4177 2085 4238 redar-

435 4260 738 4341 gutionem
771 4262 1014 4325 retorsit
1048 4283 1062 4323 :
1095 4272 1299 4344 aperte
1320 4263 1640 4325 ostendens
1670 4284 1772 4327 eos
1793 4264 1938 4343 legis
1968 4268 2086 4326 Mo-

2178 2144 2256 2211 τῷ
2300 2141 2399 2205 τῆς
2425 2135 2656 2201 δουλείας
2683 2143 2846 2215 ζυγῷ,
2910 2134 3000 2191 ἅτε
3043 2133 3109 2203 δὴ
3179 2135 3367 2214 γνώμῃ
3422 2129 3823 2212 περιυϐρίσαντα

2176 2229 2426 2305 μοχθηρᾷ
2457 2226 2701 2307 χρηστὴν
2747 2226 2835 2281 καὶ
2891 2222 3184 2304 εὒεργέτιδα
3238 2231 3330 2280 τοῦ
3371 2220 3499 2280 ἰδίου
3565 2219 3820 2277 δεσπότου

2174 2316 2494 2394 προαίρεσιν,
2540 2315 2626 2370 καὶ
2652 2315 2750 2382 τὴν
2780 2313 2977 2371 ἐκείνου
3045 2312 3210 2392 κρίσιν
3266 2310 3623 2378 ἇπονοηθέντα
3677 2309 3822 2387 παρᾶ

2174 2402 2369 2481 φαῦλον
2398 2403 2722 2481 ἡγήσασθαι,
2758 2403 2822 2469 ἣν
2860 2403 3031 2482 ἐχρῆν
3082 2399 3149 2457 δι’
3206 2399 3376 2465 αἰδοῦς
3433 2398 3580 2477 ἃγειν
3605 2398 3695 2453 καὶ
3723 2398 3818 2453 εύ-

2173 2490 2407 2556 λαϐείας.
2443 2489 2627 2571 Ἀρκεῖ
2656 2492 2824 2551 τοίνυν
2893 2494 2927 2559 ἡ
2984 2491 3090 2547 τῶν
3133 2490 3381 2547 τοιούτων
3444 2485 3817 2561 θεσπισμάτων

2173 2581 2455 2661 περίληψις
2536 2580 2635 2648 τὴν
2704 2587 2796 2637 τοῦ
2886 2576 3248 2658 ἐλευθεροϐοᾷν
3352 2576 3617 2653 σημασίαν
3698 2587 3817 2637 τοῖς

2181 2674 2268 2729 καὶ
2297 2669 2478 2734 δοῦλος
2507 2671 2595 2728 καὶ
2625 2668 2963 2748 ἀπελεύθερος
2998 2679 3090 2728 τοῦ
3120 2669 3246 2745 βοᾷν
3274 2667 3513 2747 ἐλεύθερα
3540 2664 3821 2722 παντάπα-

2254 2848 2369 2928 ’Κρ.
2403 2850 2463 2906 Τί
2490 2845 2649 2915 δηλοῖ
2695 2850 2755 2904 τὸ
2810 2847 2863 2904 ὲν
2914 2854 2992 2922 τῷ
3049 2844 3348 2925 Ευαγγελίῳ
3428 2844 3668 2919 κείμενον
3710 2843 3815 2920 ῥη-

2173 2941 2261 2997 τὸν
2294 2932 2477 3016 ’Υμεϊς
2507 2937 2560 2994 δὲ
2590 2937 2770 3017 λέγετε
2800 2936 2880 2993 ὅτι
2934 2938 2993 3000 ὃς
3023 2935 3084 2992 ἂν
3140 2936 3271 3012 εἴπῃ
3342 2940 3420 3009 τῷ
3467 2934 3625 3011 πατρὶ
3667 2932 3703 3000 ἣ
3745 2937 3814 3007 τῇ

2174 3031 2355 3108 μητρὶ,
2407 3035 2583 3107 Δῶρον
2612 3028 2640 3082 ὃ
2683 3027 2771 3082 ἐὰν
2802 3026 2853 3092 ἒξ
2900 3025 3029 3102 ἐμοῦ
3068 3024 3367 3105 ὠφεληθῇς.

2254 3116 2576 3196 Ἀποκρισις,
2637 3114 2725 3172 Ἐν
2780 3122 2849 3191 τῇ
2894 3116 3190 3192 Γενησαρὲτ
3218 3113 3500 3192 γενομένου
3567 3121 3659 3170 τοῦ
3689 3117 3815 3165 Σω-

2170 3211 2327 3284 τῆρος
2399 3211 2647 3284 Χριστοῦ,
2706 3208 2751 3259 οἱ
2829 3204 2935 3259 ἀπὸ
3026 3201 3401 3282 Ἰεροσολύμων
3471 3200 3814 3262 κατελθόντες

2170 3284 2507 3373 γραμματεῖς
2539 3294 2625 3349 καὶ
2654 3299 2961 3372 Φαρισαῖοι,
3006 3290 3379 3371 προσελθόντες
3437 3290 3595 3346 εἶπον
3646 3291 3812 3368 αύτῷ,

2174 3384 2271 3438 Δια
2299 3383 2349 3438 τί
2379 3384 2424 3438 οἱ
2482 3380 2712 3455 μαθηταί
2762 3402 2854 3437 σου
2917 3377 3291 3459 παραϐαίνουσι
3372 3379 3471 3445 τὴν
3529 3376 3817 3455 παράδοσιν

2167 3476 2273 3526 τῶν
2323 3467 2730 3549 πρεσϐυτέρων,
2777 3468 2836 3525 ού
2872 3470 2972 3548 γὰρ
3028 3469 3296 3526 νίπτονται
3350 3468 3448 3530 κὰς
3492 3471 3684 3547 χεῖρας
3714 3465 3814 3522 αύ-

2168 3564 2298 3637 τῶν,
2346 3557 2471 3615 ὅταν
2502 3558 2717 3614 ἆσθίωσι
2746 3558 2834 3613 τὸν
2880 3555 3055 3636 ἄρτον.

2251 3650 2312 3706 Οἱ
2377 3648 2476 3726 γὰρ
2535 3654 2821 3724 Φαρισαῖοι
2907 3648 2995 3703 καὶ
3063 3647 3257 3709 πάντες
3306 3649 3352 3703 οἱ
3396 3643 3661 3724 Ἰουδαῖοι,
3724 3643 3813 3700 ἐὰν

2172 3734 2249 3811 μὴ
2279 3737 2447 3791 πυκνὰ
2493 3734 2664 3815 (φησὶ)
2698 3735 2950 3810 νίψωνται
2979 3736 3073 3798 τὰς
3119 3748 3334 3815 χεῖρας,
3397 3736 3483 3790 καὶ
3539 3734 3646 3790 ἀπὸ
3674 3734 3809 3812 ἆγο-

2172 3829 2264 3900 ρᾶς
2306 3824 2397 3878 εὰν
2441 3825 2518 3899 μὴ
2576 3823 2955 3898 βαπτίσωνται,
3016 3822 3108 3878 οὒκ
3162 3822 3382 3879 ἐσθίουσι
3415 3840 3430 3854 ⁶
3504 3831 3811 3900 κρατοῦντες

2168 3912 2264 3978 τὴν
2292 3916 2397 3966 τῶν
2428 3909 2788 3991 πρεσϐυτέρων
2851 3908 3158 3990 παράδοσιν,
3196 3901 3253 3969 “Ο
3314 3911 3585 3977 Δεσπότης
3641 3908 3713 3982 δὲ,
3750 3910 3811 3963 τὸ

2167 4001 2456 4079 κακοῦργον
2507 4005 2604 4066 τῆς
2675 3999 2894 4077 γνώμης
2965 3999 3134 4056 αὒτῶν
3180 3997 3328 4063 εἰδὼς
3386 4001 3471 4056 καὶ
3528 3999 3808 4076 κακόηθες,

2166 4089 2254 4144 καὶ
2294 4088 2373 4143 ὅτι
2460 4087 2764 4169 φιλάργυροι
2816 4085 2960 4153 ὄντες
3012 4091 3351 4160 κατασπαθᾷν
3419 4085 3690 4144 σπεύδουσι
3745 4087 3810 4143 τὰ

2167 4175 2439 4255 ἀλλότρια,
2486 4177 2585 4243 τὴν
2641 4176 2780 4254 ,παρ’
2838 4178 3005 4232 αὖτῶν
3076 4190 3191 4239 τοῖς
3234 4180 3500 4252 μαθηταῖς
3558 4195 3807 4254 προστρι-

2168 4262 2352 4322 ϐεϊσαν
2441 4265 2643 4341 μέμψιν
2714 4266 2787 4327 εἷς
2859 4263 3083 4345 ἔλεγχον
3184 4268 3352 4322 αὒτῶν
3439 4263 3807 4345 αἰσχυντηλῶς

322 4830 339 4853 ιι
431 4798 551 4853 tam
573 4791 749 4855 ﬁnire
762 4792 938 4874 jubet
956 4793 988 4854 ‘I
1008 4795 1270 4857 Proinde
1301 4795 1615 4857 manifesto
1641 4795 1921 4870 ostendit,
1955 4814 2080 4871 eos,

437 4334 614 4412 saicaa
646 4349 980 4425 violatores,
1008 4360 1066 4413 et
1086 4334 1471 4434 utrarumque
1512 4354 1722 4415 harum
1753 4334 2085 4433 transgres-

2183 4353 2600 4433 ίιντιπεριέστησε
2635 4372 2649 4388 ⁸
2726 4352 3030 4431 παραϐάτας
3127 4354 3314 4418 αὖτοὺς
3384 4352 3660 4419 ἀποδείξας
3717 4361 3809 4410 τοῦ

428 4438 663 4500 sionum
684 4438 1150 4520 comparatione,
1174 4459 1408 4520 gravem
1432 4441 1492 4502 in
1513 4460 1615 4503 eos
1649 4441 2091 4503 condemnatio-

2183 4441 2333 4517 εόμου
2400 4452 2493 4501 τοῦ
2561 4449 2850 4498 Μωσαϊκοῦ
2930 4449 3187 4521 φανερῶς,
3262 4444 3351 4500 καὶ
3424 4448 3492 4520 τῇ
3549 4442 3810 4521 συγκρίσει

432 4544 571 4589 nem
607 4527 1016 4608 pronuntians.
1040 4528 1191 4601 Quid
1225 4529 1384 4590 enim
1418 4529 1721 4591 seniorum
1746 4530 1983 4592 traditio
2012 4531 2083 4594 ad

2183 4530 2429 4609 ἑκατέρων
2511 4531 2729 4587 τουτωνὶ
2806 4538 2911 4587 τῶν
2988 4529 3334 4611 παραϐάσεων
3425 4533 3811 4611 ψηφοφορήσας

429 4616 744 4678 Mosaicam
776 4617 1129 4697 legem,quaa
1163 4617 1456 4679 honorare
1484 4627 1707 4699 patrem
1734 4628 1791 4680 et
1810 4627 2080 4700 matrem,

2183 4619 2385 4698 izps‘tav
2415 4621 2595 4682 αὐτοῖς
2623 4620 2722 4687 τὴν
2763 4620 3090 4700 κατάκρισιν,
3139 4620 3199 4679 Τί
3226 4622 3324 4701 γὰρ
3367 4623 3402 4689 ἠ
3444 4627 3551 4677 τῶν
3582 4616 3808 4699 πρεσϐυ-

432 4712 492 4765 et
519 4704 789 4786 eum,qui
807 4707 959 4785 patri
981 4706 1070 4767 vel
1118 4706 1295 4767 matri
1344 4706 1741 4783 maledixerit,
1777 4715 1965 4769 morte
1994 4708 2084 4768 vi-

2183 4707 2328 4786 :s'pwv
2358 4706 2641 4787 παράδοσις
2700 4709 2830 4788 πρὸς
2887 4709 2977 4765 τὸν
3037 4709 3194 4784 νόμον
3240 4709 3494 4780 Μωσέως,
3550 4709 3608 4771 ὃς
3651 4714 3810 4784 τιμᾷν

2165 4798 2255 4853 τὸν
2284 4796 2481 4875 πατέρα
2510 4798 2595 4852 καὶ
2649 4799 2748 4864 τὴν
2831 4796 3058 4877 μητέρα,
3118 4800 3205 4854 καὶ
3261 4800 3351 4854 τὸν
3416 4796 3810 4875 κακολογοῦντα

430 4878 573 4942 dum
603 4881 904 4962 propriam
925 4883 1304 4945 traditionem
1346 4885 1711 4946 constituunt
1728 4898 1773 4957 1,
1803 4883 1907 4945 Dei
1928 4902 2081 4963 pra:-

2183 4885 2362 4964 τατέρα
2415 4886 2450 4953 ἢ
2508 4886 2735 4965 μητέρα,
2816 4887 3022 4961 θανάτῳ
3103 4887 3353 4960 τελευτᾷν
3412 4886 3803 4966 ἐγκελεύεταις

427 4976 664 5057 ceptum
695 4969 928 5033 irritum
984 4972 1203 5034 facere.
1263 4971 1529 5034 Traditio
1559 4983 1756 5057 autem
1790 4982 1937 5047 erat,
1970 4973 2081 5045 Qui

2207 4976 2220 4995 ,
2298 4984 2317 4992 -
2421 4972 2489 4992 ε..
2851 4975 2879 4987 ..
3097 4976 3110 4997 ,
3780 4979 3791 4991 ς

2183 4984 2352 5032 )·)κουν
2416 4992 2666 5031 οεικνυσιν
2737 4974 2965 5031 ἐντευθεν
3021 4997 3236 5040 τουτους
3337 4974 3643 5056 προδήλως,
3720 4973 3806 5031 δια

429 5056 647 5145 dixerit
675 5059 828 5139 patri
881 5060 965 5122 vel
1017 5060 1452 5137 matri,Donum
1477 5081 1595 5142 quo
1618 5084 1639 5115 ι
1658 5056 1692 5125 a
1718 5081 1812 5124 me
1833 5062 2080 5141 juvare-

2183 5064 2222 5118 :b
2250 5067 2508 5130 συστῆσαι
2560 5062 2657 5131 τὴν
2710 5063 2903 5119 οἰκείαν
2970 5062 3276 5145 παράδοσιν,
3334 5064 3648 5145 ἂκυροῧντας
3705 5065 3805 5131 τὴν

423 5144 532 5210 ris.
557 5144 698 5210 Haec
725 5156 921 5212 autem
940 5148 1117 5213 habet
1138 5139 1689 5230 interpretationem
1711 5139 2075 5231 hujusmodi.

2183 5149 2383 5218 ;ντολὴν
2414 5158 2505 5208 τοῦ
2534 5158 2686 5214 Θεοῦ.
2743 5143 2804 5208 Ἠ
2859 5139 3136 5231 παράδοσις
3167 5152 3221 5209 δὲ
3261 5139 3349 5233 ἦν,
3408 5139 3499 5221 ’.ὸς
3569 5153 3628 5209 ἂν
3672 5151 3805 5229 εἴπῃ

1746 5308 2007 5375 VARLE
2048 5307 2480 5375 LECTIONES.

500 5436 536 5490 θ
564 5440 828 5520 πειραθέν.

502 5559 532 5593 ιι
550 5547 619 5610 in
648 5548 1001 5634 servitutem
1021 5565 1161 5612 vero
1183 5548 1403 5634 liberos
1417 5553 1602 5634 etiam
1622 5555 1898 5634 homines
1918 5552 2135 5615 abduci
2150 5552 2391 5630 jubent.
2438 5568 2460 5597 ν
2480 5552 2584 5615 sed
2605 5570 2737 5634 qua:
2761 5570 2837 5617 ea:
2855 5556 3169 5618 occasione
3188 5555 3487 5619 libertatis
3499 5574 3643 5633 sua,
3664 5557 3814 5620 reli-
3844 5532 3858 5540 ’

415 5644 602 5769 qutam
621 5627 806 5690 etiam
826 5636 1073 5707 partem
1093 5634 1324 5709 eripere
1344 5633 1408 5692 in
1430 5633 1773 5698 conditione
1792 5632 1935 5696 vita:
1954 5649 2082 5695 sum
2106 5627 2186 5695 sit
2205 5651 2374 5696 ausa.
2475 5652 2499 5683 ι
2529 5627 2947 5711 igniminiose.
3039 5651 3065 5695 γ
3092 5635 3444 5711 ειαῡὶιὶιιηι.
3515 5652 3537 5683 ι
3566 5627 3807 5701 Danum

418 5723 480 5768 es
535 5723 681 5785 quo.
1664 5758 1687 5777 .
