4160 6212
194 358 205 377 κ
299 370 410 439 981

1620 369 2028 438 GBECO-RO
2035 356 2199 432 MAN
2208 367 2316 429 UM

3570 360 3687 425 982

296 511 374 579 τῷ
415 506 571 584 πατρὶ
597 504 635 574 ἢ
663 510 732 577 τῇ
759 505 941 583 μητρὶ,
984 508 1161 581 Δῶρον
1190 505 1220 560 ὃ
1266 503 1358 560 ἐὰν
1414 504 1466 570 ἐξ
1537 504 1665 579 ἐμοῦ
1732 506 1943 588 ὠφελη-

2036 500 2519 577 Quosliberorum
2543 498 3246 588 sinveniebantPharisaei
3259 498 3476 588 opibus
3494 497 3684 588 abun-

299 596 417 670 θῇς.
451 601 616 652 Τοῦτο
659 591 716 649 δὲ
772 593 1019 659 τοιαύτην
1059 592 1180 673 ἔχει
1238 593 1337 660 τὴν
1367 593 1649 672 ἑρμηνείαν
1696 612 1711 628 ·
1746 598 1849 660 Οὒς
1892 594 1954 651 ἂν

302 689 408 739 τῶν
491 681 690 739 παίδων
743 679 976 761 εὕρισκον
1035 683 1083 737 οἱ
1157 688 1441 759 Φαρισαῖοι
1516 684 1951 761 περιουσιαζομὲ-

306 793 425 836 νους
469 770 505 839 ἢ
561 771 668 828 ἀπὸ
709 770 892 827 κόπων
935 768 1099 848 ἰδίων,
1146 769 1182 838 ἢ
1230 770 1335 826 ἀπὸ
1382 769 1683 851 φιλοτιμίας
1740 778 1840 839 τῆς
1869 774 1954 829 τύ-

306 882 441 939 χης,
474 861 509 928 ἢ
553 862 758 917 ὁθενοῦν
816 856 1055 937 ἄλλοθεν,
1128 856 1397 915 ἐπαίδευον
1448 860 1632 923 αὐτοὺς
1692 858 1952 926 εὐσεϐείας

304 949 655 1027 προσχήματι
686 947 979 1004 ἀνατιθέναι
1018 953 1093 1020 τῷ
1124 953 1240 1019 Θεῷ
1271 945 1307 1014 ἢ
1341 952 1515 1003 πᾶσαν
1585 969 1684 1015 την
1729 970 1948 1027 περιου-

306 1037 420 1092 σίαν
464 1037 658 1114 αὐτῶν,
688 1036 723 1104 ἢ
794 1039 853 1092 τὸ
896 1034 1151 1091 πλεῖστον
1208 1039 1394 1101 αὒτῆς.
1444 1038 1542 1094 Καὶ
1598 1036 1687 1092 ἐὰν
1754 1036 1950 1101 ἐνδεεῖς

308 1127 444 1201 ἦσαν
472 1128 519 1182 οἱ
575 1125 772 1181 τούτων
838 1138 1034 1202 γονεῖς.
1097 1125 1184 1180 καὶ
1236 1122 1439 1181 ἐδέοντο
1495 1131 1594 1193 τῆς
1650 1128 1791 1204 παρά
1845 1133 1949 1183 τῶν

309 1211 507 1270 παίδων
561 1212 903 1293 προμηθείας,
990 1210 1255 1268 ἐδίδασκον
1338 1214 1521 1276 αὐτοὺς
1578 1214 1751 1292 λέγειν
1820 1216 1949 1292 πρὸς

307 1302 429 1366 τοὺς
490 1315 690 1380 γονεῖς,
763 1302 835 1365 ὡς
893 1300 1106 1380 εὔλογόν
1178 1323 1233 1356 τε
1289 1304 1376 1358 καὶ
1429 1302 1805 1379 ἀπαραίτητον,
1867 1305 1953 1360 καὶ

307 1390 627 1469 ἀποτρέπειν
688 1389 908 1453 ἕκείνους
999 1389 1305 1465 δυνάμενον,
1384 1388 1462 1446 ὅτι
1523 1390 1747 1471 Κορϐἆν,
1808 1415 1955 1450 τουτ-

307 1478 418 1536 έστι
450 1478 614 1558 δῶρον
644 1479 1039 1554 ἀνατεθειμένον
1099 1479 1209 1535 ἐστὶ
1240 1486 1315 1553 τῷ
1377 1487 1513 1558 Θεῷ,
1560 1481 1589 1535 ὃ
1672 1489 1855 1552 ζητεῖς
1900 1481 1952 1546 ἐξ

304 1566 436 1644 ἐμοῦ
505 1568 864 1648 ὠφεληθῆναι,
949 1567 1068 1636 ἤτοι
1154 1566 1420 1647 κερδᾶναι.
1486 1563 1577 1632 Ὠς
1635 1570 1695 1626 ἐκ
1766 1570 1951 1626 τούτου

307 1656 681 1714 συστέλλεσθαι
728 1658 823 1732 μὲν
874 1658 994 1721 τοὺς
1038 1671 1240 1735 γονεῖς,
1290 1658 1379 1714 τὸν
1412 1660 1542 1714 Θεὸν
1597 1656 1707 1715 δεῖν
1763 1680 1952 1737 προτι-

310 1748 507 1819 μᾶσθαι
554 1746 910 1822 γινώσκοντας
957 1759 972 1774 ·
1020 1746 1139 1810 τοὺς
1186 1744 1260 1800 κδὲ
1307 1748 1618 1825 Φαρισαίους
1675 1743 1838 1812 ἀδεῶς
1862 1753 1954 1803 τοῦ

304 1831 494 1892 λοιποῦ
560 1834 846 1890 κατεσθίειν
917 1834 982 1888 τὰ
1037 1831 1187 1900 δῆθεν
1262 1834 1628 1910 ἀνατεθειμένα
1662 1851 1674 1865 ⁸
1711 1839 1802 1895 οἶα
1829 1836 1950 1899 τοὺς

305 1921 504 1984 παῖδας
571 1922 666 1997 μὲν
755 1922 1064 1985 ἀπανῶντας
1136 1924 1221 1981 καὶ
1275 1925 1651 1998 συμπεῖθοντας
1697 1927 1729 1981 ἃ
1789 1925 1951 2004 ε’ίχον

2036 591 2266 666 dantes,
2314 597 2415 652 aut
2448 606 2521 652 ex
2549 588 2851 651 laboribus
2887 586 3163 669 pr0priis,
3201 596 3300 648 aut
3332 587 3687 650 liberalitate

2036 680 2304 755 fortunae,
2340 685 2442 740 aut
2470 676 2733 754 aliunde,
2767 676 3005 758 pietatis
3042 684 3354 757 praetextu,
3391 676 3689 739 docebant;

2037 786 2141 831 eos
2169 775 2196 817 b
2224 775 2289 829 ut
2335 773 2517 828 totam
2567 783 2734 826 suam
2781 765 3191 840 substantiam,
3250 766 3337 827 vel
3369 766 3685 828 maximam

2037 856 2168 935 ejns
2201 853 2581 934 partem,Deo
2614 852 2968 915 tribuerent.
2994 855 3067 916 Et
3088 853 3228 916 licet
3257 856 3466 936 in0pes
3487 864 3687 918 essent

2035 952 2310 1026 parentes
2341 961 2571 1019 eorum,
2628 941 3087 1023 indigerentque
3125 943 3451 1006 liberorum
3483 950 3682 1026 provi-

2032 1032 2257 1107 dentia,
2276 1030 2666 1125 instituebant
2692 1042 2734 1105 ο,
2759 1039 2823 1125 u_t
2853 1031 3195 1125 parentibus
3216 1033 3691 1125 dicerenygquasi

2027 1122 2253 1201 justum
2307 1119 2609 1201 quidpiam
2669 1128 2725 1180 et
2783 1119 3210 1202 inexcusabile,
3261 1132 3319 1184 et
3365 1119 3523 1203 quod
3548 1125 3687 1187 illos

2037 1218 2235 1291 posset
2260 1227 2563 1283 revocare,
2626 1207 2854 1269 Corban
2902 1209 2988 1287 (id
3049 1221 3163 1286 est,
3197 1230 3415 1273 munus
3446 1222 3539 1275 est
3563 1214 3684 1277 Deo

2034 1300 2389 1379 repositum)
2419 1300 2574 1381 quod
2608 1303 2860 1383 requiris
2908 1321 2941 1363 a
2975 1321 3069 1363 me
3099 1303 3432 1381 percipere,
3468 1298 3530 1361 id
3566 1303 3677 1371 est,

2036 1387 2385 1450 lucrifacere
2411 1391 2455 1448 ἀ.
2491 1389 2565 1452 Ut
2589 1408 2657 1451 ex
2684 1410 2754 1452 eo
2784 1399 3058 1471 parentes
3089 1389 3467 1469 quidem,qui
3489 1388 3679 1450 Deum

2036 1477 2259 1559 scirent
2293 1479 2723 1557 prazferendum
2748 1481 3109 1555 esse,animo
3140 1479 3371 1557 dejecto
3398 1476 3683 1557 reprime-

2035 1562 2292 1628 renturi
2328 1567 2610 1629 Pharisaei
2667 1577 2862 1629 autem
2923 1568 3173 1630 licenter
3207 1567 3518 1646 deinceps,
3554 1582 3685 1645 quae

2038 1655 2296 1735 reposita
2324 1664 2515 1731 erant,
2548 1657 2937 1733 devorarent(
2965 1665 3171 1737 utpote
3199 1657 3299 1737 qui
3327 1654 3553 1716 liberos
3575 1653 3683 1714 de-

2035 1742 2326 1822 ciperent,
2362 1746 2904 1826 persuaderentque
2933 1764 3037 1806 sua
3064 1748 3188 1808 Deo
3218 1744 3495 1805 dedicare
3524 1752 3567 1814 ε,
3590 1750 3682 1802 at-

1975 1810 2012 1858 B
2035 1810 2150 1912 que
2180 1832 2259 1893 ita
2292 1810 2566 1912 parentes
2585 1834 2793 1914 inopes
2808 1810 3233 1908 ‘contemnere,
3251 1831 3681 1912 simpliciorum

2031 1920 2338 1982 facultates
2364 1921 2436 1983 ad
2468 1941 2532 1984 se
2559 1925 2925 1986 attrahentes
2953 1942 3098 1984 voce
3131 1923 3386 1984 Corban.

303 2008 560 2081 δήπουθεν
589 2011 837 2091 ἀφιεροῦν
863 2018 941 2086 τῷ
970 2018 1107 2085 Θεῷ,
1136 2014 1223 2068 καὶ
1253 2011 1389 2068 οὕτω
1415 2014 1536 2076 τοὺς
1564 2014 1793 2088 πατέρας
1824 2010 2138 2089 πενομένους
2166 2025 2524 2091 περιφρονεῖν,
2556 2015 2684 2091 πρὸς
2723 2015 2935 2078 ἑαυτοὺς
2963 2012 3019 2069 δὲ
3048 2015 3142 2076 τὰς
3184 2019 3288 2069 τῶν
3321 2009 3681 2090 ἀφελεστέρων

305 2101 602 2179 περιουσίας
645 2099 1023 2178 ἐφελκομένους
1051 2097 1134 2156 διὰ
1174 2106 1273 2168 τῆς
1315 2104 1497 2182 φωνῆς
1538 2109 1630 2160 τοῦ
1660 2100 1884 2181 Κορϐἆν,

374 2208 379 2211 ‘
424 2187 740 2265 Ἐρώτησις.
798 2192 860 2245 Αἱ
910 2190 1052 2268 παρὰ
1122 2199 1215 2249 τοῦ
1269 2192 1555 2270 μακαρίτου
1621 2192 1949 2271 πατριάρχου

313 2276 643 2358 Ἀντιοχείας
693 2275 979 2357 Θεοδώρου,
1034 2285 1127 2336 τοῦ
1196 2278 1570 2359 ἐπιλεγομένου
1627 2279 1945 2355 Βαλσαμὼν,

309 2380 580 2444 γεγονυῖαι
648 2367 948 2445 ἀποκρίσεις
1026 2370 1155 2447 πρὸς
1238 2369 1331 2432 τὰς
1393 2369 1676 2447 ἐρωτήσεις
1735 2369 1947 2449 Μάρκου

308 2456 401 2512 τοῦ
452 2457 741 2513 ὃσιωτάτου
811 2478 1141 2535 πατριαρχου
1198 2455 1613 2535 Ἀλεξανδρείας,
1685 2458 1946 2536 εὗρίσκον-

309 2546 389 2600 τοί
415 2566 561 2609 τινας
627 2542 973 2623 παρεκϐάσεις
1043 2546 1349 2621 ποιούμεναι
1407 2545 1458 2602 ἕν
1512 2568 1570 2603 τε
1639 2560 1946 2609 κανονικαῖς

309 2635 395 2689 καὶ
429 2646 677 2709 νομικαῖς
731 2631 1015 2698 διατάξεσι.
1077 2643 1173 2690 Δεῖ
1231 2634 1316 2690 οὖν
1372 2634 1585 2697 ταύταις
1633 2635 1941 2715 προσέχειν.

308 2721 480 2801 eos;

392 2809 518 2871 Ἀπ.
553 2808 613 2866 Ὀ
670 2813 805 2890 ἱερὸς
849 2811 999 2875 οὗτος
1047 2811 1201 2892 ἀνὴρ,
1235 2814 1263 2869 ὁ
1327 2800 1680 2893 Ἀντιοχείας,
1760 2811 1945 2893 τρίϐων

317 2899 416 2973 μὲν
466 2899 529 2966 ἦν
587 2899 639 2963 ἐς
723 2898 932 2980 ἀκριϐὲς
988 2906 1092 2956 τῶν
1156 2907 1387 2976 νομικῶν
1416 2901 1446 2949 7
1500 2904 1589 2959 καὶ
1656 2910 1945 2959 κανονικῶν

316 2988 781 3063 νομοθετημάτων,
840 2990 927 3045 καὶ
978 2991 1119 3069 παρὰ
1187 2996 1346 3046 πᾶσιν
1414 2989 1468 3045 ἒν
1518 2992 1722 3055 τούτοις
1790 3014 1946 3070 περι-

313 3073 571 3151 ᾳδόμενος
604 3121 616 3135 .
660 3078 725 3134 τὰ
751 3078 931 3153 μέντοι
986 3079 1374 3157 συγγράμματα
1425 3080 1600 3152 τούτο,
1661 3079 1775 3136 ὥσα
1816 3082 1946 3158 πρὸς

2112 2185 2298 2250 Inter.
2332 2189 2387 2250 A
2418 2186 2592 2250 beato
2614 2189 2986 2268 {patriarcha
3012 2189 3341 2251 Antiochiae
3366 2186 3680 2250 Theodoro

2031 2275 2385 2354 cognomine
2406 2277 2747 2352 Balsamon,
2771 2277 2939 2340 factaa
2960 2279 3381 2359 responsiones
3406 2277 3478 2338 ad
3501 2276 3683 2336 inter-

2028 2365 2367 2443 rogationes
2399 2364 2523 2444 (35)
2556 2365 2760 2444 Marci,
2787 2367 3144 2429 sanctissimi
3173 2365 3543 2428 Alexandriae
3568 2382 3681 2445 pa-

2030 2452 2786 2534 triarchaa,comperiuntur
2807 2456 3092 2535 quasdam
3122 2454 3630 2534 transgressiones
3651 2466 3681 2508 ε

2029 2540 2225 2604 facere
2249 2541 2310 2603 in
2362 2542 2666 2605 canonicis
2716 2552 2773 2606 et
2795 2544 3067 2606 civilibus
3104 2542 3675 2606 constitutionibus:

2029 2648 2105 2692 an
2131 2631 2205 2693 iis
2237 2631 2663 2695 adhaerendum
2697 2633 2797 2709 sit,
2832 2633 3069 2696 necne?

2109 2807 2246 2871 Res.
2287 2809 2651 2873 Divinusille
2678 2811 2788 2887 vir,
2812 2811 3511 2894 Antioehiaepatriarcha,
3547 2829 3679 2873 ma-

2030 2916 2180 2976 gnus
2192 2898 2429 2977 quidem
2446 2909 2569 2960 erat
2591 2899 2850 2962 civilium
2879 2910 2935 2962 et
2956 2904 3373 2964 canonicarum
3389 2900 3681 2963 constitu-

2032 2986 2256 3047 tionum
2278 2991 2741 3061 veterator,etab
2756 2989 3031 3053 omnibus
3051 2995 3100 3047 8'
3122 2992 3183 3052 in
3206 2992 3298 3052 his
3322 2990 3673 3053 celebratus:

2032 3076 2169 3155 ejus
2190 3084 2385 3137 autem
2417 3077 2660 3157 scripta,
2694 3098 2824 3159 quae
2854 3080 2928 3141 ad
2960 3079 3253 3143 canonica
3275 3088 3332 3141 et
3360 3079 3554 3142 civilia
3580 3097 3679 3160 po-

310 3167 561 3222 κανονικὰ
627 3168 714 3222 καὶ
783 3168 971 3242 νομικὰ
1039 3165 1296 3242 λήμματα
1357 3167 1740 3248 ἒξηνέχθησαν,
1775 3171 1869 3225 οὒκ
1899 3169 1948 3233 ἐς

2036 3164 2249 3225 stulata
2278 3179 2303 3221 b
2338 3165 2494 3227 edita
2551 3174 2710 3241 sunt,
2746 3187 2865 3227 non
2916 3168 3241 3243 ominibus,
3272 3168 3429 3249 quod
3459 3168 3676 3228 mirum

308 3255 371 3309 τὸ
398 3261 503 3309 πᾶν
570 3252 834 3333 ἀκριϐείας
904 3255 1143 3334 ἐχόμενα
1192 3258 1621 3335 καταφαίνονται,
1682 3259 1744 3313 τὸ
1772 3258 1948 3336 παρά-

308 3340 452 3409 δοξον
487 3362 502 3377 ·
559 3341 678 3400 ἀλλ’
786 3344 1080 3414 ὡσπερανεὶ
1160 3343 1328 3414 λήθης
1385 3344 1613 3419 μάλιστα
1667 3348 1755 3402 καὶ
1809 3369 1950 3425 παρ-ι

308 3432 539 3509 οράσεως
572 3433 852 3510 προϊόντα,
912 3434 1000 3489 καί
1065 3456 1165 3489 που
1218 3434 1304 3489 καὶ
1374 3431 1455 3512 ἐφ’
1506 3434 1691 3490 ἑαυτὸν
1734 3435 1950 3514 μεριζό-

309 3542 444 3595 μενα
476 3538 493 3554 ⁸
533 3523 621 3577 καὶ
668 3521 761 3578 οὒκ
817 3519 881 3576 ἄν
921 3542 1000 3584 τις
1047 3521 1271 3600 Epist-13v
1327 3523 1554 3595 τούτοις,
1589 3525 1685 3580 οὐκ
1740 3522 1950 3600 ἀπορή-

308 3629 472 3682 σειεν,
559 3611 807 3687 εὖρίσκων
888 3617 957 3686 τῇ
1066 3608 1260 3666 ἐλείνου
1340 3608 1575 3688 ἀκριϐείᾳ
1637 3612 1703 3666 τὰ
1770 3612 1953 3667 ἑαυτοῦ

312 3698 698 3776 συγγράμματα
743 3698 822 3773 μὴ
866 3697 1247 3778 συντφέχοντα.
1302 3697 1445 3776 Ἐγὼ
1499 3697 1555 3754 δὲ
1610 3702 1705 3756 καί
1758 3704 1952 3770 ζῶντος

311 3785 508 3842 ἐκείνου
563 3784 776 3843 πολλῶν
871 3786 924 3843 έν
1002 3786 1548 3845 Κωνσταντινουπόλει
1606 3784 1950 3865 νομοτριϐου-

310 3874 484 3950 μένων
539 3874 770 3948 ἀκήκοα,
830 3872 1331 3951 ἐπιλαμϐανομένων
1413 3883 1568 3932 τινῶν
1625 3883 1716 3933 τοῦ
1770 3874 1951 3957 ἀνδρὸς

308 3962 505 4020 ἐκείνου
533 3962 1051 4042 γνωμοδοτημάτων,
1107 3967 1180 4029 ὼς
1236 3966 1315 4040 μὴ
1362 3966 1498 4021 κατὰ
1554 3978 1748 4045 μοῖραν
1777 3963 1950 4031 ἐξενε-

309 4053 570 4132 χθέντων,
598 4052 651 4109 ἔν
679 4076 737 4111 τε
767 4054 1001 4110 κανόνων
1056 4053 1387 4133 ἀρμηνείαις,
1447 4055 1534 4110 καὶ
1591 4054 1789 4128 νόμων,
1862 4056 1948 4110 καὶ

308 4139 491 4207 ἄλλοις
540 4140 773 4200 τοιοῖσδε
858 4143 1210 4222 συντάγμασι,
1309 4143 1555 4199 Λείπεται
1617 4143 1706 4199 οὖν
1777 4145 1946 4200 εἰπεῖν

306 4233 451 4308 ἡμᾶς
495 4234 631 4289 κατὰ
671 4231 829 4311 λόγον
858 4232 1055 4305 εἰκότα,
1107 4234 1181 4296 ὡς
1236 4232 1304 4288 τὰ
1362 4230 1611 4310 εἰρημένα
1668 4233 1946 4312 συγγράμ-

311 4342 454 4395 ματα
484 4319 687 4378 ἰκεῖνον
733 4321 1111 4398 ἀναγινώσκειν
1168 4320 1367 4400 χρεὼν,
1438 4321 1529 4376 τὸν
1583 4317 1815 4399 ἀκριϐῶς
1886 4322 1947 4377 τὸ

309 4409 635 4491 πολυσχεδὲς
671 4410 705 4460 8
727 4416 826 4478 τῆς
876 4416 1101 4486 νομικῆς
1133 4410 1501 4489 ἐπιστάμενον,
1534 4411 1621 4465 καὶ
1651 4409 1953 4485 ἐπιστημόσ

309 4522 412 4563 νως
440 4511 562 4563 ταῖς
593 4498 919 4557 πολυειδέσιν
947 4497 1134 4565 ἐλίξεσι
1165 4504 1269 4555 τῶν
1322 4504 1613 4554 κανονικῶν
1681 4498 1952 4576 ἐγγυμνα-

308 4589 551 4663 σάμηνον
578 4587 943 4666 περιλήψεων.
993 4579 1050 4647 Ὀ
1080 4594 1315 4650 τοιοῦτος
1372 4584 1598 4666 ἀκριϐῶς
1642 4586 1848 4643 εἴσεται
1891 4588 1952 4643 τό

306 4697 364 4732 τε
406 4674 801 4751 ἀνεπιλήπτως,
836 4678 925 4732 καὶ
980 4678 1043 4732 τὸ
1073 4677 1150 4751 μὴ
1193 4676 1443 4738 ὡσαύτως
1474 4675 1528 4731 ἐν
1587 4676 1789 4740 τούτοις
1818 4698 1951 4755 γρα-

308 4764 468 4844 φῆναι
500 4764 837 4843 φαινόμενον,
872 4765 972 4823 Τόν
1019 4786 1081 4843 γε
1137 4767 1246 4839 μὴν
1297 4773 1375 4838 μὴ
1414 4764 1663 4829 τοιαύτην
1721 4765 1952 4842 αύχοῡν-

301 4873 368 4909 τι
390 4865 604 4931 πεῖραν,
640 4850 901 4928 μηδαμῶς
959 4852 1143 4916 αὐτοῖς
1201 4852 1419 4928 ὁμιλεῖν
1467 4868 1480 4883 ·
1528 4851 1620 4908 ’ίνα
1667 4852 1744 4927 μὴ
1816 4854 1953 4908 κατὰ

2035 3260 2144 3328 est,
2180 3255 2620 3316 accurationem
2681 3255 2904 3317 habere
2958 3265 3285 3318 cernuntur
3320 3277 3334 3319 :
3367 3256 3473 3317 sed
3503 3255 3683 3317 veluti

2036 3360 2107 3403 ex
2136 3341 2434 3403 oblivione
2467 3343 2720 3404 maxime
2751 3351 2809 3404 et
2831 3344 3333 3406 inconsiderantia
3354 3345 3682 3424 proceden-

2036 3430 2289 3503 tia,alibi
2321 3431 2501 3492 etiam
2529 3435 2584 3491 in
2610 3431 2827 3508 seipsis
2851 3432 3187 3494 divisa.Nec
3216 3433 3291 3494 de
3323 3451 3392 3494 eo
3423 3432 3675 3508 dubitet,

2037 3512 2484 3599 qui'diligenter
2516 3520 2926 3594 considerarit,
2962 3521 3272 3584 inveniens
3301 3522 3429 3600 ejus
3460 3521 3684 3601 scripta

2035 3609 2361 3689 diligentiae
2391 3613 2404 3653 ί
2434 3628 2551 3672 non
2614 3611 3055 3691 respondentia.
3112 3614 3234 3692 Ego
3265 3621 3463 3675 autem
3504 3612 3681 3673 etiam

2034 3695 2136 3759 illo
2157 3697 2523 3760 vivo‘multos
2546 3699 2741 3760 audivi
2756 3700 3262 3780 Constantinopoli
3284 3700 3678 3781 legisperitos,

2034 3785 2134 3866 qui
2190 3786 2471 3867 quasdam
2521 3787 2630 3848 viri
2681 3787 2841 3850 illius
2889 3790 3240 3869 opiniones!
3272 3791 3682 3870 reprehende-

2034 3884 2189 3955 rent,
2222 3876 2377 3953 quod
2429 3894 2551 3937 non
2601 3886 2804 3939 essent
2854 3887 3017 3940 recte
3067 3879 3299 3941 emissae
3351 3880 3469 3941 l‘in
3498 3898 3683 3942 cano-

2036 3983 2177 4026 num
2211 3971 2270 4025 et
2299 3965 2496 4043 legum
2558 3965 3173 4047 interpretationibus,
3229 3975 3287 4030 et
3311 3967 3441 4030 aliis
3474 3970 3683 4049 hujus-

2035 4052 2195 4113 modi
2249 4052 2677 4115 voluminibus.
2737 4054 2940 4117 Restat
3002 4056 3201 4136 igitur,
3261 4065 3324 4118 ut
3378 4057 3685 4120 verisimili

2029 4141 2258 4204 ratione
2288 4141 2587 4214 dicamus,
2626 4144 2909 4224 praedicta
2942 4146 3162 4227 scripta
3181 4146 3255 4208 ab
3278 4166 3347 4208 eo
3371 4148 3684 4229 legiopor-

2032 4232 2286 4311 tere,qui
2307 4240 2514 4294 exacte
2522 4234 3013 4315 jurisprudentiai
3039 4237 3535 4318 multiplicitatem
3571 4257 3683 4300 no-

2030 4319 2136 4395 vit,
2169 4328 2228 4381 et
2255 4318 2316 4381 in
2349 4321 2524 4382 variis
2555 4323 2978 4387 canonicorum
3014 4333 3277 4386 textuum
3327 4327 3687 4390 anfractibus

2036 4409 2212 4471 docte
2273 4411 2627 4472 exercitatus
2679 4421 2786 4473 est.
2847 4412 3004 4473 Talis
3062 4413 3151 4475 vir
3210 4425 3482 4477 accurate
3512 4415 3683 4491 sciet,

2037 4497 2178 4578 quid
2202 4505 2367 4559 extra
2386 4500 3094 4581 reprehensionem,quid
3111 4521 3229 4563 non
3254 4521 3324 4564 eo
3349 4503 3523 4563 modo
3541 4504 3687 4565 scri-

2038 4594 2200 4666 ptum
2233 4596 2532 4667 appareat.
2596 4588 2743 4649 Eum
2796 4607 2962 4663 sane,
2988 4590 3089 4670 qui
3118 4591 3220 4651 tali
3251 4610 3369 4652 non
3398 4591 3687 4670 glorietur

2036 4675 2431 4755 experientia,
2488 4676 2654 4738 nullo
2713 4678 2889 4739 modo
2940 4698 3073 4739 cum
3099 4678 3173 4739 iis
3203 4680 3483 4759 congredi
3511 4700 3687 4761 opor-

2036 4771 2117 4824 tet
2144 4768 2182 4844 1,
2214 4783 2289 4825 ne
2319 4763 2559 4825 rudium
2588 4774 2983 4826 mercatorum
3024 4784 3211 4847 more,
3243 4767 3305 4828 in
3326 4767 3455 4830 auri
3483 4776 3537 4829 et
3576 4786 3681 4831 ar-

2034 4852 2195 4931 genti
2213 4852 2475 4932 speciem
2504 4853 2955 4929 habentibus,et
2998 4854 3403 4934 submratis,ac
3420 4858 3688 4921 stanneis

1628 5017 1887 5081 VARIE
1920 5017 2355 5084 LECTIONES.

380 5100 411 5150 7
434 5102 499 5157 τὰ
528 5099 633 5157 τῶν
665 5107 923 5176 νομικῶν.
1007 5101 1040 5151 8
1068 5100 1415 5182 πολυσχιδές.

377 5218 402 5250 ³
433 5207 672 5270 liberos.

757 5207 785 5250 δ
813 5224 910 5269 eos
951 5206 1273 5284 docebant,
1305 5214 1376 5268 ut
1404 5208 1657 5286 pietatis
1684 5214 1983 5285 prmtemtu
2011 5214 2220 5271 totam.

2307 5220 2330 5252 ο
2361 5216 2568 5273 tamen
2597 5216 2682 5273 εἰσ
2711 5228 2808 5274 eos
2854 5213 3234 5292 erudiebant,
3277 5222 3367 5279 ut.
3451 5218 3478 5260 ά
3507 5225 3567 5283 et
3593 5220 3685 5282 ir-

300 5287 656 5385 recusabile,
703 5287 975 5367 quodque
1019 5294 1221 5385 possiet
1269 5288 1351 5348 eis
1382 5285 1742 5385 ablegqnglis
1770 5288 2083 5385 suﬁ‘ipergg
2137 5290 2376 5385 C-orban
2418 5298 2547 5385 est,
2591 5292 2659 5353 id
2704 5300 2815 5385 est,
2865 5311 3093 5385 munus
3135 5285 3267 5385 Deo;
3316 5297 3682 5385 dedicatum,

298 5370 455 5454 quod
481 5366 874 5454 cupisegme
901 5366 1430 5454 commodicapere.
1478 5377 1501 5409 ο
1556 5366 1870 5454 dedicata.
1902 5370 1922 5412 τ
1981 5370 2026 5429 Α
2062 5368 2245 5454 beatae
2285 5376 2622 5454 memoria.
2667 5384 2696 5428 s
2723 5366 3150 5454 digressiones.

3251 5377 3552 5442 tractabat
3580 5377 3689 5442 me

570 5446 1195 5561 lepainnqi
1218 5452 1769 5561 ffatim,
1803 5457 1978 5511 etest
2023 5450 2099 5511 ab
2144 5449 2444 5513 omnibus.
2492 5451 2519 5493 ιι
2545 5446 2857 5518 lemmata.
2902 5457 2914 5499 ί
2958 5456 3288 5520 subtilitati
3317 5459 3460 5523 viri.
3498 5459 3517 5514 ³
3558 5478 3686 5523 sen-

299 5526 543 5592 tentias.
589 5528 617 5571 κ
641 5526 919 5608 prolatas.
965 5526 983 5561 ¹
1014 5528 1082 5588 in
1111 5528 1195 5589 eis
1221 5526 1459 5588 versari
1486 5535 1737 5605 oportet.

1846 5658 2089 5726 ΝΟΤιΕ.

1846 5658 1895 5721 Ν
2078 5713 2089 5726 .

382 5768 506 5849 (35)
539 5766 643 5832 Ha:
672 5780 812 5832 sunt
840 5768 1053 5836 ultimo
1087 5768 1220 5832 loco
1250 5765 1461 5850 positae
1488 5765 1550 5828 in
1580 5766 1693 5829 hoc
1721 5766 1852 5848 ipso
1880 5658 2262 5847 Ιξίἷέἶαηίνα
2290 5764 2404 5831 col.
2444 5765 2643 5847 1034).
