  <div class='ocr_page' id='page_1' title='image "/cluster/home/n/w/nwhite01/storage/ocr_20150623/119/hvd.32044073502494/499.png"; bbox 0 0 4160 6212; ppageno 0'>
   <div class='ocr_carea' id='block_1_1' title="bbox 428 288 546 356">
    <p class='ocr_par' dir='ltr' id='par_1_1' title="bbox 428 288 546 356">
     <span class='ocr_line' id='line_1_1' title="bbox 428 288 546 356; baseline -0.008 0"><span class='ocrx_word' id='word_1_1' title='bbox 428 288 546 356; x_wconf 90' lang='grc'>983</span> 
     </span>
    </p>
   </div>
   <div class='ocr_carea' id='block_1_2' title="bbox 428 512 1575 594">
    <p class='ocr_par' dir='ltr' id='par_1_2' title="bbox 428 512 1575 594">
     <span class='ocr_line' id='line_1_2' title="bbox 428 512 1575 594; baseline -0.002 -18"><span class='ocrx_word' id='word_1_2' title='bbox 428 513 711 576; x_wconf 84' lang='lat' dir='ltr'><strong>damnum</strong></span> <span class='ocrx_word' id='word_1_3' title='bbox 742 522 800 576; x_wconf 90' lang='lat' dir='ltr'>et</span> <span class='ocrx_word' id='word_1_4' title='bbox 826 512 889 575; x_wconf 91' lang='lat' dir='ltr'>in</span> <span class='ocrx_word' id='word_1_5' title='bbox 920 512 1048 594; x_wconf 88' lang='lat' dir='ltr'>ipsa</span> <span class='ocrx_word' id='word_1_6' title='bbox 1077 518 1235 575; x_wconf 85' lang='lat' dir='ltr'>sorte</span> <span class='ocrx_word' id='word_1_7' title='bbox 1265 514 1575 575; x_wconf 76' lang='lat' dir='ltr'>sustineat.</span> 
     </span>
    </p>
   </div>
   <div class='ocr_carea' id='block_1_3' title="bbox 1812 286 2427 354">
    <p class='ocr_par' dir='ltr' id='par_1_3' title="bbox 1812 286 2427 354">
     <span class='ocr_line' id='line_1_3' title="bbox 1812 286 2427 354; baseline 0.005 -4"><span class='ocrx_word' id='word_1_8' title='bbox 1812 287 1944 351; x_wconf 85' lang='lat' dir='ltr'>JUS</span> <span class='ocrx_word' id='word_1_9' title='bbox 1981 286 2427 354; x_wconf 76' lang='lat' dir='ltr'>CANONIGUM</span> 
     </span>
    </p>
   </div>
   <div class='ocr_carea' id='block_1_4' title="bbox 426 420 2078 506">
    <p class='ocr_par' dir='ltr' id='par_1_4' title="bbox 426 420 2074 506">
     <span class='ocr_line' id='line_1_4' title="bbox 426 420 2074 506; baseline -0.003 -19"><span class='ocrx_word' id='word_1_10' title='bbox 426 422 759 505; x_wconf 81' lang='lat' dir='ltr'>negotians,</span> <span class='ocrx_word' id='word_1_11' title='bbox 792 441 962 506; x_wconf 90' lang='lat' dir='ltr'>aquo</span> <span class='ocrx_word' id='word_1_12' title='bbox 994 439 1128 487; x_wconf 88' lang='lat' dir='ltr'>cum</span> <span class='ocrx_word' id='word_1_13' title='bbox 1177 423 1375 486; x_wconf 83' lang='lat' dir='ltr'>aureis</span> <span class='ocrx_word' id='word_1_14' title='bbox 1428 428 1489 485; x_wconf 94' lang='lat' dir='ltr'>et</span> <span class='ocrx_word' id='word_1_15' title='bbox 1516 420 1815 501; x_wconf 77' lang='lat' dir='ltr'>argenteis</span> <span class='ocrx_word' id='word_1_16' title='bbox 1842 420 2074 504; x_wconf 89' lang='lat' dir='ltr'>pretio;</span> 
     </span>
    </p>
   </div>
   <div class='ocr_carea' id='block_1_5' title="bbox 2168 420 3395 506">
    <p class='ocr_par' dir='ltr' id='par_1_5' title="bbox 2168 421 3395 503">
     <span class='ocr_line' id='line_1_5' title="bbox 2168 421 3395 503; baseline 0.001 -25"><span class='ocrx_word' id='word_1_17' title='bbox 2168 424 2279 487; x_wconf 80' lang='grc' dir='ltr'>τοὺς</span> <span class='ocrx_word' id='word_1_18' title='bbox 2337 421 2701 502; x_wconf 75' lang='grc' dir='ltr'>ἀπειροτέρως</span> <span class='ocrx_word' id='word_1_19' title='bbox 2797 431 2900 483; x_wconf 85' lang='grc' dir='ltr'>τῶν</span> <span class='ocrx_word' id='word_1_20' title='bbox 2996 421 3395 503; x_wconf 76' lang='grc' dir='ltr'>ἐμπολούντων,</span> 
     </span>
    </p>
   </div>
   <div class='ocr_carea' id='block_1_6' title="bbox 2161 509 3822 595">
    <p class='ocr_par' dir='ltr' id='par_1_6' title="bbox 2161 509 3822 595">
     <span class='ocr_line' id='line_1_6' title="bbox 2161 509 3822 595; baseline 0 -27"><span class='ocrx_word' id='word_1_21' title='bbox 2161 526 2278 576; x_wconf 79' lang='grc' dir='ltr'>τοῖς</span> <span class='ocrx_word' id='word_1_22' title='bbox 2337 526 2561 593; x_wconf 79' lang='grc' dir='ltr'>χρυσοῖς</span> <span class='ocrx_word' id='word_1_23' title='bbox 2632 514 2719 571; x_wconf 88' lang='grc' dir='ltr'>καὶ</span> <span class='ocrx_word' id='word_1_24' title='bbox 2775 514 3046 595; x_wconf 74' lang='grc' dir='ltr'>ἀργυροῖς,</span> <span class='ocrx_word' id='word_1_25' title='bbox 3109 516 3197 571; x_wconf 86' lang='grc' dir='ltr'>καὶ</span> <span class='ocrx_word' id='word_1_26' title='bbox 3251 514 3318 570; x_wconf 76' lang='grc' dir='ltr'>τὰ</span> <span class='ocrx_word' id='word_1_27' title='bbox 3367 509 3673 594; x_wconf 75' lang='grc' dir='ltr'>χρυσοειδῆ,</span> <span class='ocrx_word' id='word_1_28' title='bbox 3722 512 3822 568; x_wconf 79' lang='grc' dir='ltr'>καὶ</span> 
     </span>
    </p>
   </div>
   <div class='ocr_carea' id='block_1_7' title="bbox 3675 290 3805 357">
    <p class='ocr_par' dir='ltr' id='par_1_7' title="bbox 3675 290 3805 357">
     <span class='ocr_line' id='line_1_7' title="bbox 3675 290 3805 357; baseline -0.015 1"><span class='ocrx_word' id='word_1_29' title='bbox 3675 290 3805 357; x_wconf 63' lang='grc'>984</span> 
     </span>
    </p>
   </div>
   <div class='ocr_carea' id='block_1_8' title="bbox 3483 419 3822 480">
    <p class='ocr_par' dir='ltr' id='par_1_8' title="bbox 3483 419 3822 480">
     <span class='ocr_line' id='line_1_8' title="bbox 3483 419 3822 480; baseline -0.006 0"><span class='ocrx_word' id='word_1_30' title='bbox 3483 419 3602 480; x_wconf 83' lang='grc' dir='ltr'>κατ’</span> <span class='ocrx_word' id='word_1_31' title='bbox 3687 421 3822 479; x_wconf 79' lang='grc' dir='ltr'>ἴσον</span> 
     </span>
    </p>
   </div>
   <div class='ocr_carea' id='block_1_9' title="bbox 424 599 3821 687">
    <p class='ocr_par' dir='ltr' id='par_1_9' title="bbox 424 599 3821 687">
     <span class='ocr_line' id='line_1_9' title="bbox 424 599 3821 687; baseline -0 -27"><span class='ocrx_word' id='word_1_32' title='bbox 424 601 756 685; x_wconf 49' lang='grc' dir='ltr'>ἀργυροειδῖη</span> <span class='ocrx_word' id='word_1_33' title='bbox 817 604 903 660; x_wconf 78' lang='grc' dir='ltr'>καὶ</span> <span class='ocrx_word' id='word_1_34' title='bbox 953 603 1019 660; x_wconf 86' lang='grc' dir='ltr'>τὰ</span> <span class='ocrx_word' id='word_1_35' title='bbox 1073 601 1378 681; x_wconf 74' lang='grc' dir='ltr'>ὑπόχαλκα,</span> <span class='ocrx_word' id='word_1_36' title='bbox 1436 603 1524 658; x_wconf 85' lang='grc' dir='ltr'>καὶ</span> <span class='ocrx_word' id='word_1_37' title='bbox 1574 601 1911 681; x_wconf 76' lang='grc' dir='ltr'>καττιτήρινα</span> <span class='ocrx_word' id='word_1_38' title='bbox 1978 599 2227 676; x_wconf 72' lang='grc' dir='ltr'>ἐμπολῶν</span> <span class='ocrx_word' id='word_1_39' title='bbox 2282 599 2335 675; x_wconf 82' lang='grc'>9,</span> <span class='ocrx_word' id='word_1_40' title='bbox 2409 602 2509 670; x_wconf 76' lang='grc' dir='ltr'>τὴν</span> <span class='ocrx_word' id='word_1_41' title='bbox 2534 672 2547 687; x_wconf 30' lang='grc' dir='ltr'><em>κ</em></span> <span class='ocrx_word' id='word_1_42' title='bbox 2591 603 2784 678; x_wconf 82' lang='grc' dir='ltr'>ζημίαν</span> <span class='ocrx_word' id='word_1_43' title='bbox 2864 605 2951 660; x_wconf 86' lang='grc' dir='ltr'>καὶ</span> <span class='ocrx_word' id='word_1_44' title='bbox 3033 604 3105 667; x_wconf 79' lang='grc' dir='ltr'>είς</span> <span class='ocrx_word' id='word_1_45' title='bbox 3190 601 3317 658; x_wconf 72' lang='grc' dir='ltr'>αὐτὸ</span> <span class='ocrx_word' id='word_1_46' title='bbox 3405 604 3466 659; x_wconf 79' lang='grc' dir='ltr'>τὸ</span> <span class='ocrx_word' id='word_1_47' title='bbox 3523 601 3821 680; x_wconf 76' lang='grc' dir='ltr'>κεφάλαιον</span> 
     </span>
    </p>
   </div>
   <div class='ocr_carea' id='block_1_10' title="bbox 426 694 2077 859">
    <p class='ocr_par' dir='ltr' id='par_1_10' title="bbox 426 694 2077 859">
     <span class='ocr_line' id='line_1_10' title="bbox 426 694 2077 859; baseline -0.003 -18"><span class='ocrx_word' id='word_1_48' title='bbox 426 694 699 841; x_wconf 45' lang='grc' dir='ltr'>ὁπῖίιίέλ</span> <span class='ocrx_word' id='word_1_49' title='bbox 733 774 1061 857; x_wconf 84' lang='lat' dir='ltr'>Despondit</span> <span class='ocrx_word' id='word_1_50' title='bbox 1086 776 1217 857; x_wconf 89' lang='lat' dir='ltr'>quis</span> <span class='ocrx_word' id='word_1_51' title='bbox 1243 775 1355 839; x_wconf 90' lang='lat' dir='ltr'>sibi</span> <span class='ocrx_word' id='word_1_52' title='bbox 1386 777 1645 859; x_wconf 87' lang='lat' dir='ltr'>puellam</span> <span class='ocrx_word' id='word_1_53' title='bbox 1676 775 1807 838; x_wconf 91' lang='lat' dir='ltr'>sine</span> <span class='ocrx_word' id='word_1_54' title='bbox 1827 793 2077 838; x_wconf 90' lang='lat' dir='ltr'>consue-</span> 
     </span>
    </p>
   </div>
   <div class='ocr_carea' id='block_1_11' title="bbox 2242 776 3823 859">
    <p class='ocr_par' dir='ltr' id='par_1_11' title="bbox 2242 776 3823 859">
     <span class='ocr_line' id='line_1_11' title="bbox 2242 776 3823 859; baseline -0.001 -23"><span class='ocrx_word' id='word_1_55' title='bbox 2242 776 2354 859; x_wconf 85' lang='grc' dir='ltr'>Ἐρ,</span> <span class='ocrx_word' id='word_1_56' title='bbox 2386 778 2814 853; x_wconf 83' lang='grc' dir='ltr'>Ἐμνηστεύσατό</span> <span class='ocrx_word' id='word_1_57' title='bbox 2861 801 2942 843; x_wconf 92' lang='grc' dir='ltr'>τις</span> <span class='ocrx_word' id='word_1_58' title='bbox 3012 800 3181 859; x_wconf 90' lang='grc' dir='ltr'>κορην</span> <span class='ocrx_word' id='word_1_59' title='bbox 3236 782 3296 838; x_wconf 74' lang='grc' dir='ltr'>οὒ</span> <span class='ocrx_word' id='word_1_60' title='bbox 3337 779 3475 855; x_wconf 82' lang='grc' dir='ltr'>μετά</span> <span class='ocrx_word' id='word_1_61' title='bbox 3542 783 3649 835; x_wconf 82' lang='grc' dir='ltr'>τῶν</span> <span class='ocrx_word' id='word_1_62' title='bbox 3691 800 3823 834; x_wconf 79' lang='grc' dir='ltr'>συν-</span> 
     </span>
    </p>
   </div>
   <div class='ocr_carea' id='block_1_12' title="bbox 431 865 2078 948">
    <p class='ocr_par' dir='ltr' id='par_1_12' title="bbox 431 865 2076 947">
     <span class='ocr_line' id='line_1_12' title="bbox 431 865 2076 947; baseline -0.004 -16"><span class='ocrx_word' id='word_1_63' title='bbox 431 866 507 931; x_wconf 87' lang='lat' dir='ltr'>tis</span> <span class='ocrx_word' id='word_1_64' title='bbox 536 867 723 930; x_wconf 91' lang='lat' dir='ltr'>sacris</span> <span class='ocrx_word' id='word_1_65' title='bbox 754 865 1056 947; x_wconf 82' lang='lat' dir='ltr'>precibus,</span> <span class='ocrx_word' id='word_1_66' title='bbox 1091 867 1199 929; x_wconf 92' lang='lat' dir='ltr'>sed</span> <span class='ocrx_word' id='word_1_67' title='bbox 1233 884 1342 946; x_wconf 88' lang='lat' dir='ltr'>per</span> <span class='ocrx_word' id='word_1_68' title='bbox 1371 886 1730 929; x_wconf 87' lang='lat' dir='ltr'>consensum</span> <span class='ocrx_word' id='word_1_69' title='bbox 1764 877 1825 927; x_wconf 88' lang='lat' dir='ltr'>et</span> <span class='ocrx_word' id='word_1_70' title='bbox 1851 865 2076 927; x_wconf 90' lang='lat' dir='ltr'>instru-</span> 
     </span>
    </p>
   </div>
   <div class='ocr_carea' id='block_1_13' title="bbox 2168 865 3813 948">
    <p class='ocr_par' dir='ltr' id='par_1_13' title="bbox 2168 865 3813 948">
     <span class='ocr_line' id='line_1_13' title="bbox 2168 865 3813 948; baseline -0.001 -24"><span class='ocrx_word' id='word_1_71' title='bbox 2168 869 2300 938; x_wconf 67' lang='grc' dir='ltr'>ήθων</span> <span class='ocrx_word' id='word_1_72' title='bbox 2328 871 2479 948; x_wconf 80' lang='grc' dir='ltr'>ἱερῶν</span> <span class='ocrx_word' id='word_1_73' title='bbox 2529 869 2723 948; x_wconf 75' lang='grc' dir='ltr'>εὒχῶν,</span> <span class='ocrx_word' id='word_1_74' title='bbox 2772 866 2923 948; x_wconf 17' lang='grc' dir='ltr'>,ἀλλὰ</span> <span class='ocrx_word' id='word_1_75' title='bbox 2978 865 3063 924; x_wconf 76' lang='grc' dir='ltr'>διὰ</span> <span class='ocrx_word' id='word_1_76' title='bbox 3118 866 3459 932; x_wconf 78' lang='grc' dir='ltr'>συναινέσεως</span> <span class='ocrx_word' id='word_1_77' title='bbox 3525 869 3611 923; x_wconf 84' lang='grc' dir='ltr'>καὶ</span> <span class='ocrx_word' id='word_1_78' title='bbox 3667 889 3813 943; x_wconf 83' lang='grc' dir='ltr'>συμ-</span> 
     </span>
    </p>
   </div>
   <div class='ocr_carea' id='block_1_14' title="bbox 433 953 2078 1036">
    <p class='ocr_par' dir='ltr' id='par_1_14' title="bbox 433 954 2077 1036">
     <span class='ocr_line' id='line_1_14' title="bbox 433 954 2077 1036; baseline -0.003 -16"><span class='ocrx_word' id='word_1_79' title='bbox 433 965 769 1020; x_wconf 89' lang='lat' dir='ltr'>mentorum</span> <span class='ocrx_word' id='word_1_80' title='bbox 802 954 1152 1036; x_wconf 80' lang='lat' dir='ltr'>scripturam</span> <span class='ocrx_word' id='word_1_81' title='bbox 1190 973 1204 1018; x_wconf 75' lang='grc' dir='ltr'>ε</span> <span class='ocrx_word' id='word_1_82' title='bbox 1238 955 1377 1017; x_wconf 91' lang='lat' dir='ltr'>licet</span> <span class='ocrx_word' id='word_1_83' title='bbox 1421 955 1476 1016; x_wconf 91' lang='lat' dir='ltr'>ei</span> <span class='ocrx_word' id='word_1_84' title='bbox 1507 954 1740 1035; x_wconf 88' lang='lat' dir='ltr'>conjugi</span> <span class='ocrx_word' id='word_1_85' title='bbox 1770 973 1901 1016; x_wconf 92' lang='lat' dir='ltr'>cum</span> <span class='ocrx_word' id='word_1_86' title='bbox 1939 971 2077 1033; x_wconf 85' lang='lat' dir='ltr'>ger-</span> 
     </span>
    </p>
   </div>
   <div class='ocr_carea' id='block_1_15' title="bbox 2168 953 2674 1036">
    <p class='ocr_par' dir='ltr' id='par_1_15' title="bbox 2168 953 2674 1036">
     <span class='ocr_line' id='line_1_15' title="bbox 2168 953 2674 1036; baseline -0.004 -24"><span class='ocrx_word' id='word_1_87' title='bbox 2168 953 2384 1014; x_wconf 71' lang='grc' dir='ltr'>Βολαίων</span> <span class='ocrx_word' id='word_1_88' title='bbox 2444 962 2674 1036; x_wconf 66' lang='grc' dir='ltr'>γραφῆς.</span> 
     </span>
    </p>
   </div>
   <div class='ocr_carea' id='block_1_16' title="bbox 428 1041 2081 1126">
    <p class='ocr_par' dir='ltr' id='par_1_16' title="bbox 428 1041 2081 1126">
     <span class='ocr_line' id='line_1_16' title="bbox 428 1041 2081 1126; baseline -0.003 -18"><span class='ocrx_word' id='word_1_89' title='bbox 428 1062 604 1109; x_wconf 82' lang='lat' dir='ltr'>mana</span> <span class='ocrx_word' id='word_1_90' title='bbox 656 1041 838 1125; x_wconf 86' lang='lat' dir='ltr'>hujus</span> <span class='ocrx_word' id='word_1_91' title='bbox 891 1044 1103 1125; x_wconf 89' lang='lat' dir='ltr'>puella</span> <span class='ocrx_word' id='word_1_92' title='bbox 1155 1051 1550 1126; x_wconf 86' lang='lat' dir='ltr'>pramortua,</span> <span class='ocrx_word' id='word_1_93' title='bbox 1611 1041 1858 1106; x_wconf 86' lang='lat' dir='ltr'>necne?</span> <span class='ocrx_word' id='word_1_94' title='bbox 1915 1043 2081 1104; x_wconf 91' lang='lat' dir='ltr'>Alius</span> 
     </span>
    </p>
   </div>
   <div class='ocr_carea' id='block_1_17' title="bbox 430 1130 2085 1215">
    <p class='ocr_par' dir='ltr' id='par_1_17' title="bbox 430 1130 2085 1215">
     <span class='ocr_line' id='line_1_17' title="bbox 430 1130 2085 1215; baseline -0.003 -18"><span class='ocrx_word' id='word_1_95' title='bbox 430 1142 633 1198; x_wconf 88' lang='lat' dir='ltr'>autem</span> <span class='ocrx_word' id='word_1_96' title='bbox 657 1132 897 1215; x_wconf 90' lang='lat' dir='ltr'>quidam</span> <span class='ocrx_word' id='word_1_97' title='bbox 921 1130 1132 1194; x_wconf 91' lang='lat' dir='ltr'>eodem</span> <span class='ocrx_word' id='word_1_98' title='bbox 1158 1132 1338 1194; x_wconf 91' lang='lat' dir='ltr'>modo</span> <span class='ocrx_word' id='word_1_99' title='bbox 1365 1152 1605 1194; x_wconf 89' lang='lat' dir='ltr'>uxorem</span> <span class='ocrx_word' id='word_1_100' title='bbox 1633 1132 1767 1207; x_wconf 87' lang='lat' dir='ltr'>sibi,</span> <span class='ocrx_word' id='word_1_101' title='bbox 1789 1132 2085 1212; x_wconf 90' lang='lat' dir='ltr'>desponsa</span> 
     </span>
    </p>
   </div>
   <div class='ocr_carea' id='block_1_18' title="bbox 431 1218 2078 1304">
    <p class='ocr_par' dir='ltr' id='par_1_18' title="bbox 431 1218 2078 1304">
     <span class='ocr_line' id='line_1_18' title="bbox 431 1218 2078 1304; baseline -0.001 -22"><span class='ocrx_word' id='word_1_102' title='bbox 431 1231 816 1304; x_wconf 86' lang='lat' dir='ltr'>pramortua,</span> <span class='ocrx_word' id='word_1_103' title='bbox 849 1218 1025 1280; x_wconf 89' lang='lat' dir='ltr'>aliam</span> <span class='ocrx_word' id='word_1_104' title='bbox 1070 1219 1238 1281; x_wconf 88' lang='lat' dir='ltr'>duxit</span> <span class='ocrx_word' id='word_1_105' title='bbox 1289 1237 1303 1282; x_wconf 90' lang='lat'>:</span> <span class='ocrx_word' id='word_1_106' title='bbox 1338 1239 1412 1282; x_wconf 89' lang='lat' dir='ltr'>an</span> <span class='ocrx_word' id='word_1_107' title='bbox 1444 1220 1540 1283; x_wconf 91' lang='lat' dir='ltr'>hic</span> <span class='ocrx_word' id='word_1_108' title='bbox 1571 1219 1840 1298; x_wconf 85' lang='lat' dir='ltr'>bigamus</span> <span class='ocrx_word' id='word_1_109' title='bbox 1866 1238 2078 1281; x_wconf 91' lang='lat' dir='ltr'>cense-</span> 
     </span>
    </p>
   </div>
   <div class='ocr_carea' id='block_1_19' title="bbox 431 1307 892 1387">
    <p class='ocr_par' dir='ltr' id='par_1_19' title="bbox 431 1307 892 1387">
     <span class='ocr_line' id='line_1_19' title="bbox 431 1307 892 1387; baseline -0.009 -15"><span class='ocrx_word' id='word_1_110' title='bbox 431 1308 612 1387; x_wconf 91' lang='lat' dir='ltr'>bitur,</span> <span class='ocrx_word' id='word_1_111' title='bbox 646 1326 836 1370; x_wconf 90' lang='lat' dir='ltr'>necne</span> <span class='ocrx_word' id='word_1_112' title='bbox 861 1307 892 1368; x_wconf 75' lang='lat' dir='ltr'>‘l</span> 
     </span>
    </p>
   </div>
   <div class='ocr_carea' id='block_1_20' title="bbox 513 1396 2077 1478">
    <p class='ocr_par' dir='ltr' id='par_1_20' title="bbox 513 1396 2077 1478">
     <span class='ocr_line' id='line_1_20' title="bbox 513 1396 2077 1478; baseline -0.004 -14"><span class='ocrx_word' id='word_1_113' title='bbox 513 1400 648 1464; x_wconf 68' lang='lat' dir='ltr'>Res.</span> <span class='ocrx_word' id='word_1_114' title='bbox 682 1396 826 1458; x_wconf 87' lang='lat' dir='ltr'>Dua</span> <span class='ocrx_word' id='word_1_115' title='bbox 848 1396 1081 1478; x_wconf 89' lang='lat' dir='ltr'>piorum</span> <span class='ocrx_word' id='word_1_116' title='bbox 1138 1396 1475 1478; x_wconf 88' lang='lat' dir='ltr'>principum</span> <span class='ocrx_word' id='word_1_117' title='bbox 1516 1396 1761 1458; x_wconf 89' lang='lat' dir='ltr'>novella</span> <span class='ocrx_word' id='word_1_118' title='bbox 1789 1397 2077 1458; x_wconf 90' lang='lat' dir='ltr'>constitu-</span> 
     </span>
    </p>
   </div>
   <div class='ocr_carea' id='block_1_21' title="bbox 2767 946 3813 1036">
    <p class='ocr_par' dir='ltr' id='par_1_21' title="bbox 2767 946 3813 1036">
     <span class='ocr_line' id='line_1_21' title="bbox 2767 946 3813 1036; baseline -0.004 -23"><span class='ocrx_word' id='word_1_119' title='bbox 2767 946 3014 1022; x_wconf 64' lang='grc' dir='ltr'>υΕξεστω</span> <span class='ocrx_word' id='word_1_120' title='bbox 3090 959 3232 1032; x_wconf 78' lang='grc' dir='ltr'>αύτῷ</span> <span class='ocrx_word' id='word_1_121' title='bbox 3317 959 3662 1036; x_wconf 75' lang='grc' dir='ltr'>συζευχθῆναι</span> <span class='ocrx_word' id='word_1_122' title='bbox 3735 962 3813 1032; x_wconf 75' lang='grc' dir='ltr'>τῇ</span> 
     </span>
    </p>
   </div>
   <div class='ocr_carea' id='block_1_22' title="bbox 2165 1041 3814 1124">
    <p class='ocr_par' dir='ltr' id='par_1_22' title="bbox 2165 1041 3814 1124">
     <span class='ocr_line' id='line_1_22' title="bbox 2165 1041 3814 1124; baseline 0 -25"><span class='ocrx_word' id='word_1_123' title='bbox 2165 1041 2462 1124; x_wconf 74' lang='grc' dir='ltr'>αὐταδέλφῃ</span> <span class='ocrx_word' id='word_1_124' title='bbox 2517 1048 2586 1110; x_wconf 81' lang='grc' dir='ltr'>τῆ</span> <span class='ocrx_word' id='word_1_125' title='bbox 2642 1045 2912 1116; x_wconf 80' lang='grc' dir='ltr'>τοιαύτης,</span> <span class='ocrx_word' id='word_1_126' title='bbox 2986 1044 3175 1123; x_wconf 88' lang='grc' dir='ltr'>κόρης,</span> <span class='ocrx_word' id='word_1_127' title='bbox 3233 1046 3307 1108; x_wconf 85' lang='grc' dir='ltr'>ὡς</span> <span class='ocrx_word' id='word_1_128' title='bbox 3366 1044 3691 1118; x_wconf 74' lang='grc' dir='ltr'>τεθνηκυίας,</span> <span class='ocrx_word' id='word_1_129' title='bbox 3767 1044 3814 1111; x_wconf 72' lang='grc' dir='ltr'>ἢ</span> 
     </span>
    </p>
   </div>
   <div class='ocr_carea' id='block_1_23' title="bbox 2164 1123 3816 1212">
    <p class='ocr_par' dir='ltr' id='par_1_23' title="bbox 2164 1123 3816 1212">
     <span class='ocr_line' id='line_1_23' title="bbox 2164 1123 3816 1212; baseline -0.001 -25"><span class='ocrx_word' id='word_1_130' title='bbox 2164 1130 2268 1212; x_wconf 71' lang='lat' dir='ltr'>aii;</span> <span class='ocrx_word' id='word_1_131' title='bbox 2308 1123 2536 1211; x_wconf 75' lang='grc' dir='ltr'>υΕτερος</span> <span class='ocrx_word' id='word_1_132' title='bbox 2565 1130 2621 1189; x_wconf 86' lang='grc' dir='ltr'>δέ</span> <span class='ocrx_word' id='word_1_133' title='bbox 2650 1154 2732 1196; x_wconf 89' lang='grc' dir='ltr'>τις</span> <span class='ocrx_word' id='word_1_134' title='bbox 2788 1134 2879 1189; x_wconf 83' lang='grc' dir='ltr'>τὸν</span> <span class='ocrx_word' id='word_1_135' title='bbox 2909 1133 3063 1190; x_wconf 78' lang='grc' dir='ltr'>αὐτὸν</span> <span class='ocrx_word' id='word_1_136' title='bbox 3120 1133 3316 1211; x_wconf 83' lang='grc' dir='ltr'>τρόπον</span> <span class='ocrx_word' id='word_1_137' title='bbox 3373 1144 3600 1210; x_wconf 74' lang='grc' dir='ltr'>γυναῖκα</span> <span class='ocrx_word' id='word_1_138' title='bbox 3661 1154 3816 1207; x_wconf 85' lang='grc' dir='ltr'>μνη-</span> 
     </span>
    </p>
   </div>
   <div class='ocr_carea' id='block_1_24' title="bbox 2163 1219 3806 1300">
    <p class='ocr_par' dir='ltr' id='par_1_24' title="bbox 2163 1219 3806 1300">
     <span class='ocr_line' id='line_1_24' title="bbox 2163 1219 3806 1300; baseline 0 -24"><span class='ocrx_word' id='word_1_139' title='bbox 2163 1222 2535 1296; x_wconf 85' lang='grc' dir='ltr'>στευσάμενος,</span> <span class='ocrx_word' id='word_1_140' title='bbox 2596 1220 2765 1288; x_wconf 75' lang='grc' dir='ltr'>ἄλλην</span> <span class='ocrx_word' id='word_1_141' title='bbox 2861 1221 3093 1300; x_wconf 76' lang='grc' dir='ltr'>ἠγάγετο</span> <span class='ocrx_word' id='word_1_142' title='bbox 3186 1221 3443 1288; x_wconf 74' lang='grc' dir='ltr'>θανούσης</span> <span class='ocrx_word' id='word_1_143' title='bbox 3540 1219 3749 1287; x_wconf 77' lang='grc' dir='ltr'>ἐκείνης</span> <span class='ocrx_word' id='word_1_144' title='bbox 3788 1235 3806 1250; x_wconf 87' lang='grc'>⁶</span> 
     </span>
    </p>
   </div>
   <div class='ocr_carea' id='block_1_25' title="bbox 2164 1306 3546 1389">
    <p class='ocr_par' dir='ltr' id='par_1_25' title="bbox 2164 1306 3546 1389">
     <span class='ocr_line' id='line_1_25' title="bbox 2164 1306 3546 1389; baseline 0 -24"><span class='ocrx_word' id='word_1_145' title='bbox 2164 1310 2262 1389; x_wconf 86' lang='grc' dir='ltr'>ἆρα</span> <span class='ocrx_word' id='word_1_146' title='bbox 2292 1310 2378 1366; x_wconf 81' lang='grc' dir='ltr'>οὖν</span> <span class='ocrx_word' id='word_1_147' title='bbox 2408 1313 2557 1372; x_wconf 75' lang='grc' dir='ltr'>οὗτος</span> <span class='ocrx_word' id='word_1_148' title='bbox 2600 1312 2673 1374; x_wconf 85' lang='grc' dir='ltr'>ὡς</span> <span class='ocrx_word' id='word_1_149' title='bbox 2702 1308 2923 1388; x_wconf 87' lang='grc' dir='ltr'>δίγαμος</span> <span class='ocrx_word' id='word_1_150' title='bbox 2944 1308 3338 1387; x_wconf 80' lang='grc' dir='ltr'>λογισθήσεται,</span> <span class='ocrx_word' id='word_1_151' title='bbox 3374 1308 3410 1379; x_wconf 76' lang='grc' dir='ltr'><strong>ἢ</strong></span> <span class='ocrx_word' id='word_1_152' title='bbox 3440 1306 3500 1366; x_wconf 70' lang='grc' dir='ltr'>οὗ</span> <span class='ocrx_word' id='word_1_153' title='bbox 3530 1327 3546 1388; x_wconf 69' lang='grc' dir='ltr'><strong>ς</strong></span> 
     </span>
    </p>
   </div>
   <div class='ocr_carea' id='block_1_26' title="bbox 2245 1394 3813 1478">
    <p class='ocr_par' dir='ltr' id='par_1_26' title="bbox 2245 1394 3813 1478">
     <span class='ocr_line' id='line_1_26' title="bbox 2245 1394 3813 1478; baseline 0 -24"><span class='ocrx_word' id='word_1_154' title='bbox 2245 1395 2368 1460; x_wconf 86' lang='grc' dir='ltr'>Ἀπ,</span> <span class='ocrx_word' id='word_1_155' title='bbox 2430 1399 2530 1454; x_wconf 87' lang='grc' dir='ltr'>Δύο</span> <span class='ocrx_word' id='word_1_156' title='bbox 2587 1394 2810 1455; x_wconf 73' lang='grc' dir='ltr'>εὐσεϐῶν</span> <span class='ocrx_word' id='word_1_157' title='bbox 2898 1397 3158 1475; x_wconf 85' lang='grc' dir='ltr'>βασιλέων</span> <span class='ocrx_word' id='word_1_158' title='bbox 3234 1400 3409 1478; x_wconf 87' lang='grc' dir='ltr'>νεαραὶ</span> <span class='ocrx_word' id='word_1_159' title='bbox 3458 1396 3756 1472; x_wconf 85' lang='grc' dir='ltr'>νομοθεσίαι</span> <span class='ocrx_word' id='word_1_160' title='bbox 3792 1413 3813 1429; x_wconf 81' lang='grc'>⁶</span> 
     </span>
    </p>
   </div>
   <div class='ocr_carea' id='block_1_27' title="bbox 429 1484 2078 1568">
    <p class='ocr_par' dir='ltr' id='par_1_27' title="bbox 429 1485 2078 1568">
     <span class='ocr_line' id='line_1_27' title="bbox 429 1485 2078 1568; baseline -0.003 -18"><span class='ocrx_word' id='word_1_161' title='bbox 429 1485 827 1568; x_wconf 84' lang='lat' dir='ltr'>tiones,prior</span> <span class='ocrx_word' id='word_1_162' title='bbox 856 1485 1119 1567; x_wconf 89' lang='lat' dir='ltr'>quidem,</span> <span class='ocrx_word' id='word_1_163' title='bbox 1155 1485 1377 1548; x_wconf 83' lang='lat' dir='ltr'>Leonis</span> <span class='ocrx_word' id='word_1_164' title='bbox 1407 1485 1767 1566; x_wconf 88' lang='lat' dir='ltr'>philosophi,</span> <span class='ocrx_word' id='word_1_165' title='bbox 1793 1485 2078 1565; x_wconf 86' lang='lat' dir='ltr'>posterior</span> 
     </span>
    </p>
   </div>
   <div class='ocr_carea' id='block_1_28' title="bbox 2168 1484 3807 1568">
    <p class='ocr_par' dir='ltr' id='par_1_28' title="bbox 2168 1484 3807 1568">
     <span class='ocr_line' id='line_1_28' title="bbox 2168 1484 3807 1568; baseline -0.001 -25"><span class='ocrx_word' id='word_1_166' title='bbox 2168 1487 2324 1563; x_wconf 69' lang='grc' dir='ltr'>ἡμὲν</span> <span class='ocrx_word' id='word_1_167' title='bbox 2388 1486 2794 1566; x_wconf 87' lang='grc' dir='ltr'>προγενεστέρα,</span> <span class='ocrx_word' id='word_1_168' title='bbox 2824 1488 2860 1556; x_wconf 76' lang='grc' dir='ltr'><strong>ἡ</strong></span> <span class='ocrx_word' id='word_1_169' title='bbox 2911 1494 3000 1544; x_wconf 84' lang='grc' dir='ltr'>τοῦ</span> <span class='ocrx_word' id='word_1_170' title='bbox 3069 1494 3230 1568; x_wconf 74' lang='grc' dir='ltr'>σοφοῦ</span> <span class='ocrx_word' id='word_1_171' title='bbox 3282 1484 3487 1555; x_wconf 75' lang='grc' dir='ltr'>δηλαδὴ</span> <span class='ocrx_word' id='word_1_172' title='bbox 3519 1485 3743 1550; x_wconf 83' lang='grc' dir='ltr'>Λέοντος</span> <span class='ocrx_word' id='word_1_173' title='bbox 3787 1503 3807 1519; x_wconf 80' lang='grc'>⁸</span> 
     </span>
    </p>
   </div>
   <div class='ocr_carea' id='block_1_29' title="bbox 431 1573 2078 1657">
    <p class='ocr_par' dir='ltr' id='par_1_29' title="bbox 431 1573 2078 1656">
     <span class='ocr_line' id='line_1_29' title="bbox 431 1573 2078 1656; baseline -0.002 -16"><span class='ocrx_word' id='word_1_174' title='bbox 431 1585 659 1655; x_wconf 86' lang='lat' dir='ltr'>autem,</span> <span class='ocrx_word' id='word_1_175' title='bbox 692 1575 888 1639; x_wconf 83' lang='lat' dir='ltr'>Alexii</span> <span class='ocrx_word' id='word_1_176' title='bbox 935 1573 1244 1650; x_wconf 89' lang='lat' dir='ltr'>Comneni,</span> <span class='ocrx_word' id='word_1_177' title='bbox 1291 1594 1421 1656; x_wconf 89' lang='lat' dir='ltr'>qua</span> <span class='ocrx_word' id='word_1_178' title='bbox 1452 1582 1592 1636; x_wconf 88' lang='lat' dir='ltr'>sunt</span> <span class='ocrx_word' id='word_1_179' title='bbox 1628 1574 1993 1655; x_wconf 89' lang='lat' dir='ltr'>sponsalium</span> <span class='ocrx_word' id='word_1_180' title='bbox 2024 1582 2078 1636; x_wconf 89' lang='lat' dir='ltr'>et</span> 
     </span>
    </p>
   </div>
   <div class='ocr_carea' id='block_1_30' title="bbox 2168 1573 3820 1657">
    <p class='ocr_par' dir='ltr' id='par_1_30' title="bbox 2168 1574 3820 1657">
     <span class='ocr_line' id='line_1_30' title="bbox 2168 1574 3820 1657; baseline 0.001 -24"><span class='ocrx_word' id='word_1_181' title='bbox 2168 1575 2302 1653; x_wconf 75' lang='grc' dir='ltr'>ἡδὲ,</span> <span class='ocrx_word' id='word_1_182' title='bbox 2362 1578 2799 1657; x_wconf 88' lang='grc' dir='ltr'>μεταγενεστέρα,</span> <span class='ocrx_word' id='word_1_183' title='bbox 2858 1580 2892 1646; x_wconf 76' lang='grc' dir='ltr'>ἡ</span> <span class='ocrx_word' id='word_1_184' title='bbox 2935 1585 3026 1635; x_wconf 78' lang='grc' dir='ltr'>τοῦ</span> <span class='ocrx_word' id='word_1_185' title='bbox 3097 1587 3376 1653; x_wconf 76' lang='grc' dir='ltr'>Κομνηνοῦ</span> <span class='ocrx_word' id='word_1_186' title='bbox 3433 1574 3701 1652; x_wconf 79' lang='grc' dir='ltr'>Ἀλεξίου,</span> <span class='ocrx_word' id='word_1_187' title='bbox 3749 1576 3820 1635; x_wconf 73' lang='grc' dir='ltr'>τὰ</span> 
     </span>
    </p>
   </div>
   <div class='ocr_carea' id='block_1_31' title="bbox 431 1662 2078 1746">
    <p class='ocr_par' dir='ltr' id='par_1_31' title="bbox 431 1662 2078 1745">
     <span class='ocr_line' id='line_1_31' title="bbox 431 1662 2078 1745; baseline -0.002 -19"><span class='ocrx_word' id='word_1_188' title='bbox 431 1666 796 1745; x_wconf 88' lang='lat' dir='ltr'>nuptiarum,</span> <span class='ocrx_word' id='word_1_189' title='bbox 859 1663 1165 1744; x_wconf 86' lang='lat' dir='ltr'>sapienter</span> <span class='ocrx_word' id='word_1_190' title='bbox 1213 1670 1273 1725; x_wconf 91' lang='lat' dir='ltr'>et</span> <span class='ocrx_word' id='word_1_191' title='bbox 1324 1663 1603 1743; x_wconf 84' lang='lat' dir='ltr'>religiose</span> <span class='ocrx_word' id='word_1_192' title='bbox 1632 1663 1706 1726; x_wconf 90' lang='lat' dir='ltr'>ad</span> <span class='ocrx_word' id='word_1_193' title='bbox 1738 1662 2078 1743; x_wconf 86' lang='lat' dir='ltr'>reipublica</span> 
     </span>
    </p>
   </div>
   <div class='ocr_carea' id='block_1_32' title="bbox 2168 1662 3817 1746">
    <p class='ocr_par' dir='ltr' id='par_1_32' title="bbox 2168 1667 3817 1746">
     <span class='ocr_line' id='line_1_32' title="bbox 2168 1667 3817 1746; baseline 0 -25"><span class='ocrx_word' id='word_1_194' title='bbox 2168 1668 2278 1743; x_wconf 83' lang='grc' dir='ltr'>περὶ</span> <span class='ocrx_word' id='word_1_195' title='bbox 2308 1672 2411 1721; x_wconf 81' lang='grc' dir='ltr'>τῶν</span> <span class='ocrx_word' id='word_1_196' title='bbox 2470 1669 2769 1741; x_wconf 72' lang='grc' dir='ltr'>μνηπειῶν</span> <span class='ocrx_word' id='word_1_197' title='bbox 2822 1667 2909 1723; x_wconf 86' lang='grc' dir='ltr'>καὶ</span> <span class='ocrx_word' id='word_1_198' title='bbox 2954 1672 3061 1722; x_wconf 79' lang='grc' dir='ltr'>τῶν</span> <span class='ocrx_word' id='word_1_199' title='bbox 3115 1668 3302 1744; x_wconf 86' lang='grc' dir='ltr'>γάμων</span> <span class='ocrx_word' id='word_1_200' title='bbox 3361 1671 3538 1746; x_wconf 78' lang='grc' dir='ltr'>σοφῶς</span> <span class='ocrx_word' id='word_1_201' title='bbox 3590 1686 3645 1721; x_wconf 86' lang='grc' dir='ltr'>τε</span> <span class='ocrx_word' id='word_1_202' title='bbox 3718 1668 3817 1722; x_wconf 86' lang='grc' dir='ltr'>καὶ</span> 
     </span>
    </p>
   </div>
   <div class='ocr_carea' id='block_1_33' title="bbox 430 1750 2081 1833">
    <p class='ocr_par' dir='ltr' id='par_1_33' title="bbox 430 1750 2081 1833">
     <span class='ocr_line' id='line_1_33' title="bbox 430 1750 2081 1833; baseline -0.003 -16"><span class='ocrx_word' id='word_1_203' title='bbox 430 1753 788 1819; x_wconf 84' lang='lat' dir='ltr'>Christiana</span> <span class='ocrx_word' id='word_1_204' title='bbox 810 1762 1081 1814; x_wconf 89' lang='lat' dir='ltr'>ornatum</span> <span class='ocrx_word' id='word_1_205' title='bbox 1129 1750 1532 1833; x_wconf 80' lang='lat' dir='ltr'>declararunt,</span> <span class='ocrx_word' id='word_1_206' title='bbox 1567 1752 1883 1832; x_wconf 90' lang='lat' dir='ltr'>implentes</span> <span class='ocrx_word' id='word_1_207' title='bbox 1906 1750 2081 1813; x_wconf 89' lang='lat' dir='ltr'>etiam</span> 
     </span>
    </p>
   </div>
   <div class='ocr_carea' id='block_1_34' title="bbox 432 1842 2078 1924">
    <p class='ocr_par' dir='ltr' id='par_1_34' title="bbox 432 1842 2078 1924">
     <span class='ocr_line' id='line_1_34' title="bbox 432 1842 2078 1924; baseline -0.002 -18"><span class='ocrx_word' id='word_1_208' title='bbox 432 1852 702 1907; x_wconf 80' lang='lat' dir='ltr'>veterum</span> <span class='ocrx_word' id='word_1_209' title='bbox 735 1844 956 1923; x_wconf 86' lang='lat' dir='ltr'>legum,</span> <span class='ocrx_word' id='word_1_210' title='bbox 994 1861 1127 1924; x_wconf 90' lang='lat' dir='ltr'>qua</span> <span class='ocrx_word' id='word_1_211' title='bbox 1156 1843 1230 1905; x_wconf 91' lang='lat' dir='ltr'>de</span> <span class='ocrx_word' id='word_1_212' title='bbox 1264 1842 1358 1905; x_wconf 75' lang='lat' dir='ltr'>liis</span> <span class='ocrx_word' id='word_1_213' title='bbox 1389 1844 1519 1904; x_wconf 89' lang='lat' dir='ltr'>lata</span> <span class='ocrx_word' id='word_1_214' title='bbox 1549 1850 1701 1918; x_wconf 91' lang='lat' dir='ltr'>sunt,</span> <span class='ocrx_word' id='word_1_215' title='bbox 1736 1842 2035 1904; x_wconf 88' lang='lat' dir='ltr'>defectum</span> <span class='ocrx_word' id='word_1_216' title='bbox 2062 1860 2078 1918; x_wconf 90' lang='lat'><strong>;</strong></span> 
     </span>
    </p>
   </div>
   <div class='ocr_carea' id='block_1_35' title="bbox 430 1932 2079 2015">
    <p class='ocr_par' dir='ltr' id='par_1_35' title="bbox 430 1932 2079 2015">
     <span class='ocr_line' id='line_1_35' title="bbox 430 1932 2079 2015; baseline -0.004 -15"><span class='ocrx_word' id='word_1_217' title='bbox 430 1954 543 1999; x_wconf 86' lang='lat' dir='ltr'>nec</span> <span class='ocrx_word' id='word_1_218' title='bbox 578 1935 738 1998; x_wconf 91' lang='lat' dir='ltr'>enim</span> <span class='ocrx_word' id='word_1_219' title='bbox 768 1942 833 1996; x_wconf 91' lang='lat' dir='ltr'>ut</span> <span class='ocrx_word' id='word_1_220' title='bbox 862 1933 968 1995; x_wconf 82' lang='lat' dir='ltr'>ltas</span> <span class='ocrx_word' id='word_1_221' title='bbox 998 1934 1240 1995; x_wconf 90' lang='lat' dir='ltr'>omnino</span> <span class='ocrx_word' id='word_1_222' title='bbox 1268 1935 1665 2015; x_wconf 88' lang='lat' dir='ltr'>reprobarent</span> <span class='ocrx_word' id='word_1_223' title='bbox 1690 1932 2079 2013; x_wconf 86' lang='lat' dir='ltr'>abrogarent-</span> 
     </span>
    </p>
   </div>
   <div class='ocr_carea' id='block_1_36' title="bbox 432 2020 2081 2106">
    <p class='ocr_par' dir='ltr' id='par_1_36' title="bbox 432 2020 2081 2106">
     <span class='ocr_line' id='line_1_36' title="bbox 432 2020 2081 2106; baseline -0.002 -20"><span class='ocrx_word' id='word_1_224' title='bbox 432 2041 572 2106; x_wconf 89' lang='lat' dir='ltr'>que,</span> <span class='ocrx_word' id='word_1_225' title='bbox 596 2041 734 2085; x_wconf 89' lang='lat' dir='ltr'>suas</span> <span class='ocrx_word' id='word_1_226' title='bbox 754 2022 842 2085; x_wconf 87' lang='lat' dir='ltr'>illi</span> <span class='ocrx_word' id='word_1_227' title='bbox 865 2021 1184 2084; x_wconf 90' lang='lat' dir='ltr'>ediderunt</span> <span class='ocrx_word' id='word_1_228' title='bbox 1204 2024 1673 2084; x_wconf 89' lang='lat' dir='ltr'>constitutiones.</span> <span class='ocrx_word' id='word_1_229' title='bbox 1695 2020 2081 2101; x_wconf 88' lang='lat' dir='ltr'>Sponsalibus</span> 
     </span>
    </p>
   </div>
   <div class='ocr_carea' id='block_1_37' title="bbox 431 2110 2077 2191">
    <p class='ocr_par' dir='ltr' id='par_1_37' title="bbox 431 2110 2077 2191">
     <span class='ocr_line' id='line_1_37' title="bbox 431 2110 2077 2191; baseline -0.003 -15"><span class='ocrx_word' id='word_1_230' title='bbox 431 2112 610 2191; x_wconf 80' lang='lat' dir='ltr'>igitur</span> <span class='ocrx_word' id='word_1_231' title='bbox 638 2118 696 2173; x_wconf 90' lang='lat' dir='ltr'>et</span> <span class='ocrx_word' id='word_1_232' title='bbox 723 2112 785 2173; x_wconf 90' lang='lat' dir='ltr'>in</span> <span class='ocrx_word' id='word_1_233' title='bbox 815 2111 1094 2190; x_wconf 90' lang='lat' dir='ltr'>septenni</span> <span class='ocrx_word' id='word_1_234' title='bbox 1147 2120 1315 2174; x_wconf 88' lang='lat' dir='ltr'>atate</span> <span class='ocrx_word' id='word_1_235' title='bbox 1361 2110 1547 2172; x_wconf 91' lang='lat' dir='ltr'>robur</span> <span class='ocrx_word' id='word_1_236' title='bbox 1575 2112 1692 2173; x_wconf 93' lang='lat' dir='ltr'>illa</span> <span class='ocrx_word' id='word_1_237' title='bbox 1722 2111 2077 2191; x_wconf 85' lang='lat' dir='ltr'>tribuerunt,</span> 
     </span>
    </p>
   </div>
   <div class='ocr_carea' id='block_1_38' title="bbox 429 2198 2082 2280">
    <p class='ocr_par' dir='ltr' id='par_1_38' title="bbox 429 2198 2082 2280">
     <span class='ocr_line' id='line_1_38' title="bbox 429 2198 2082 2280; baseline -0.002 -16"><span class='ocrx_word' id='word_1_238' title='bbox 429 2218 725 2265; x_wconf 78' lang='lat' dir='ltr'>consensu</span> <span class='ocrx_word' id='word_1_239' title='bbox 757 2200 884 2264; x_wconf 91' lang='lat' dir='ltr'>solo</span> <span class='ocrx_word' id='word_1_240' title='bbox 918 2207 977 2263; x_wconf 91' lang='lat' dir='ltr'>et</span> <span class='ocrx_word' id='word_1_241' title='bbox 1027 2200 1561 2262; x_wconf 88' lang='lat' dir='ltr'>instrumentorum</span> <span class='ocrx_word' id='word_1_242' title='bbox 1595 2200 1925 2280; x_wconf 83' lang='lat' dir='ltr'>scripturae.</span> <span class='ocrx_word' id='word_1_243' title='bbox 1961 2198 2082 2261; x_wconf 87' lang='lat' dir='ltr'>Nec</span> 
     </span>
    </p>
   </div>
   <div class='ocr_carea' id='block_1_39' title="bbox 426 2289 2078 2372">
    <p class='ocr_par' dir='ltr' id='par_1_39' title="bbox 426 2289 2078 2372">
     <span class='ocr_line' id='line_1_39' title="bbox 426 2289 2078 2372; baseline -0.001 -21"><span class='ocrx_word' id='word_1_244' title='bbox 426 2289 682 2372; x_wconf 87' lang='lat' dir='ltr'>amplius</span> <span class='ocrx_word' id='word_1_245' title='bbox 711 2289 1033 2371; x_wconf 90' lang='lat' dir='ltr'>quidquam</span> <span class='ocrx_word' id='word_1_246' title='bbox 1068 2290 1129 2350; x_wconf 90' lang='lat' dir='ltr'>in</span> <span class='ocrx_word' id='word_1_247' title='bbox 1160 2289 1234 2350; x_wconf 91' lang='lat' dir='ltr'>iis</span> <span class='ocrx_word' id='word_1_248' title='bbox 1265 2297 1568 2351; x_wconf 89' lang='lat' dir='ltr'>caverunt.</span> <span class='ocrx_word' id='word_1_249' title='bbox 1602 2289 1850 2369; x_wconf 91' lang='lat' dir='ltr'>Scripta</span> <span class='ocrx_word' id='word_1_250' title='bbox 1883 2296 2078 2350; x_wconf 90' lang='lat' dir='ltr'>autem</span> 
     </span>
    </p>
   </div>
   <div class='ocr_carea' id='block_1_40' title="bbox 432 2378 2078 2460">
    <p class='ocr_par' dir='ltr' id='par_1_40' title="bbox 432 2378 2078 2460">
     <span class='ocr_line' id='line_1_40' title="bbox 432 2378 2078 2460; baseline -0.002 -18"><span class='ocrx_word' id='word_1_251' title='bbox 432 2379 681 2442; x_wconf 88' lang='lat' dir='ltr'>novella</span> <span class='ocrx_word' id='word_1_252' title='bbox 708 2402 749 2434; x_wconf 79' lang='grc' dir='ltr'>ω</span> <span class='ocrx_word' id='word_1_253' title='bbox 776 2392 1010 2460; x_wconf 86' lang='lat' dir='ltr'>tempus</span> <span class='ocrx_word' id='word_1_254' title='bbox 1040 2378 1228 2442; x_wconf 89' lang='lat' dir='ltr'>atatis</span> <span class='ocrx_word' id='word_1_255' title='bbox 1245 2386 1360 2440; x_wconf 88' lang='lat' dir='ltr'>tam</span> <span class='ocrx_word' id='word_1_256' title='bbox 1385 2378 1611 2459; x_wconf 91' lang='lat' dir='ltr'>sponsi,</span> <span class='ocrx_word' id='word_1_257' title='bbox 1628 2397 1800 2459; x_wconf 85' lang='lat' dir='ltr'>quam</span> <span class='ocrx_word' id='word_1_258' title='bbox 1824 2396 2078 2458; x_wconf 87' lang='lat' dir='ltr'>sponsa,</span> 
     </span>
    </p>
   </div>
   <div class='ocr_carea' id='block_1_41' title="bbox 431 2466 2080 2548">
    <p class='ocr_par' dir='ltr' id='par_1_41' title="bbox 431 2466 2080 2548">
     <span class='ocr_line' id='line_1_41' title="bbox 431 2466 2080 2548; baseline -0.001 -18"><span class='ocrx_word' id='word_1_259' title='bbox 431 2466 685 2530; x_wconf 87' lang='lat' dir='ltr'>ulterius</span> <span class='ocrx_word' id='word_1_260' title='bbox 715 2467 1112 2548; x_wconf 91' lang='lat' dir='ltr'>producentes</span> <span class='ocrx_word' id='word_1_261' title='bbox 1166 2466 1450 2529; x_wconf 83' lang='lat' dir='ltr'>ﬁnierunt</span> <span class='ocrx_word' id='word_1_262' title='bbox 1483 2485 1497 2530; x_wconf 92' lang='lat'>:</span> <span class='ocrx_word' id='word_1_263' title='bbox 1558 2467 1914 2529; x_wconf 88' lang='lat' dir='ltr'>sancientes.</span> <span class='ocrx_word' id='word_1_264' title='bbox 1951 2485 2080 2528; x_wconf 91' lang='lat' dir='ltr'>ma-</span> 
     </span>
    </p>
   </div>
   <div class='ocr_carea' id='block_1_42' title="bbox 432 2554 2078 2637">
    <p class='ocr_par' dir='ltr' id='par_1_42' title="bbox 432 2554 2078 2637">
     <span class='ocr_line' id='line_1_42' title="bbox 432 2554 2078 2637; baseline -0.003 -17"><span class='ocrx_word' id='word_1_265' title='bbox 432 2574 563 2620; x_wconf 90' lang='lat' dir='ltr'>rem</span> <span class='ocrx_word' id='word_1_266' title='bbox 593 2555 834 2637; x_wconf 90' lang='lat' dir='ltr'>quidem</span> <span class='ocrx_word' id='word_1_267' title='bbox 888 2554 1110 2618; x_wconf 91' lang='lat' dir='ltr'>debere</span> <span class='ocrx_word' id='word_1_268' title='bbox 1168 2555 1466 2617; x_wconf 90' lang='lat' dir='ltr'>decimum</span> <span class='ocrx_word' id='word_1_269' title='bbox 1516 2563 1790 2637; x_wconf 83' lang='lat' dir='ltr'>quartum</span> <span class='ocrx_word' id='word_1_270' title='bbox 1834 2572 2078 2629; x_wconf 91' lang='lat' dir='ltr'>annum,</span> 
     </span>
    </p>
   </div>
   <div class='ocr_carea' id='block_1_43' title="bbox 431 2643 2084 2724">
    <p class='ocr_par' dir='ltr' id='par_1_43' title="bbox 431 2643 2084 2724">
     <span class='ocr_line' id='line_1_43' title="bbox 431 2643 2084 2724; baseline -0.002 -18"><span class='ocrx_word' id='word_1_271' title='bbox 431 2644 714 2707; x_wconf 84' lang='lat' dir='ltr'>feminam</span> <span class='ocrx_word' id='word_1_272' title='bbox 761 2651 961 2704; x_wconf 89' lang='lat' dir='ltr'>autem</span> <span class='ocrx_word' id='word_1_273' title='bbox 1013 2643 1315 2705; x_wconf 90' lang='lat' dir='ltr'>decimum</span> <span class='ocrx_word' id='word_1_274' title='bbox 1367 2644 1606 2705; x_wconf 90' lang='lat' dir='ltr'>tertium</span> <span class='ocrx_word' id='word_1_275' title='bbox 1638 2643 1938 2724; x_wconf 92' lang='lat' dir='ltr'>complere</span> <span class='ocrx_word' id='word_1_276' title='bbox 1973 2660 1987 2705; x_wconf 89' lang='lat'><strong>:</strong></span> <span class='ocrx_word' id='word_1_277' title='bbox 2025 2651 2084 2704; x_wconf 92' lang='lat' dir='ltr'>et</span> 
     </span>
    </p>
   </div>
   <div class='ocr_carea' id='block_1_44' title="bbox 433 2731 2081 2815">
    <p class='ocr_par' dir='ltr' id='par_1_44' title="bbox 433 2731 2081 2815">
     <span class='ocr_line' id='line_1_44' title="bbox 433 2731 2081 2815; baseline -0.002 -19"><span class='ocrx_word' id='word_1_278' title='bbox 433 2731 733 2815; x_wconf 82' lang='lat' dir='ltr'>sponsalia</span> <span class='ocrx_word' id='word_1_279' title='bbox 760 2749 880 2795; x_wconf 92' lang='lat' dir='ltr'>non</span> <span class='ocrx_word' id='word_1_280' title='bbox 922 2732 1114 2807; x_wconf 87' lang='lat' dir='ltr'>aliter,</span> <span class='ocrx_word' id='word_1_281' title='bbox 1148 2752 1326 2814; x_wconf 90' lang='lat' dir='ltr'>quam</span> <span class='ocrx_word' id='word_1_282' title='bbox 1350 2751 1518 2794; x_wconf 91' lang='lat' dir='ltr'>sacra</span> <span class='ocrx_word' id='word_1_283' title='bbox 1549 2732 1906 2813; x_wconf 87' lang='lat' dir='ltr'>precatione,</span> <span class='ocrx_word' id='word_1_284' title='bbox 1935 2750 2081 2793; x_wconf 92' lang='lat' dir='ltr'>con-</span> 
     </span>
    </p>
   </div>
   <div class='ocr_carea' id='block_1_45' title="bbox 432 2820 2080 2902">
    <p class='ocr_par' dir='ltr' id='par_1_45' title="bbox 432 2820 2080 2902">
     <span class='ocr_line' id='line_1_45' title="bbox 432 2820 2080 2902; baseline -0.002 -18"><span class='ocrx_word' id='word_1_285' title='bbox 432 2821 660 2884; x_wconf 85' lang='lat' dir='ltr'>ﬁrmari</span> <span class='ocrx_word' id='word_1_286' title='bbox 710 2820 1180 2897; x_wconf 90' lang='lat' dir='ltr'>constituerant;</span> <span class='ocrx_word' id='word_1_287' title='bbox 1230 2829 1295 2882; x_wconf 91' lang='lat' dir='ltr'>ut</span> <span class='ocrx_word' id='word_1_288' title='bbox 1351 2821 1494 2883; x_wconf 87' lang='lat' dir='ltr'>inde</span> <span class='ocrx_word' id='word_1_289' title='bbox 1544 2822 1713 2902; x_wconf 85' lang='lat' dir='ltr'>juxta</span> <span class='ocrx_word' id='word_1_290' title='bbox 1745 2820 2080 2901; x_wconf 89' lang='lat' dir='ltr'>nuptiarum</span> 
     </span>
    </p>
   </div>
   <div class='ocr_carea' id='block_1_46' title="bbox 2164 1752 3805 1836">
    <p class='ocr_par' dir='ltr' id='par_1_46' title="bbox 2164 1752 3805 1836">
     <span class='ocr_line' id='line_1_46' title="bbox 2164 1752 3805 1836; baseline -0.001 -26"><span class='ocrx_word' id='word_1_291' title='bbox 2164 1753 2415 1834; x_wconf 78' lang='grc' dir='ltr'>φιλοθέως</span> <span class='ocrx_word' id='word_1_292' title='bbox 2465 1757 2595 1836; x_wconf 87' lang='grc' dir='ltr'>πρὸς</span> <span class='ocrx_word' id='word_1_293' title='bbox 2697 1756 2974 1829; x_wconf 71' lang='grc' dir='ltr'>εὐκοσμίαν</span> <span class='ocrx_word' id='word_1_294' title='bbox 3044 1754 3138 1812; x_wconf 72' lang='grc' dir='ltr'>τοῦ</span> <span class='ocrx_word' id='word_1_295' title='bbox 3222 1761 3591 1834; x_wconf 79' lang='grc' dir='ltr'>Χριστιανικοῦ</span> <span class='ocrx_word' id='word_1_296' title='bbox 3636 1752 3805 1812; x_wconf 81' lang='grc' dir='ltr'>πολι-</span> 
     </span>
    </p>
   </div>
   <div class='ocr_carea' id='block_1_47' title="bbox 2162 1842 3813 1924">
    <p class='ocr_par' dir='ltr' id='par_1_47' title="bbox 2162 1842 3813 1924">
     <span class='ocr_line' id='line_1_47' title="bbox 2162 1842 3813 1924; baseline 0 -25"><span class='ocrx_word' id='word_1_297' title='bbox 2162 1845 2421 1920; x_wconf 88' lang='grc' dir='ltr'>τεύματος</span> <span class='ocrx_word' id='word_1_298' title='bbox 2481 1842 2854 1924; x_wconf 71' lang='grc' dir='ltr'>διετράνωσαν,</span> <span class='ocrx_word' id='word_1_299' title='bbox 2912 1842 3358 1921; x_wconf 77' lang='grc' dir='ltr'>ἂναπληρώσασαι</span> <span class='ocrx_word' id='word_1_300' title='bbox 3428 1845 3517 1899; x_wconf 87' lang='grc' dir='ltr'>καὶ</span> <span class='ocrx_word' id='word_1_301' title='bbox 3587 1843 3649 1900; x_wconf 73' lang='grc' dir='ltr'>τὸ</span> <span class='ocrx_word' id='word_1_302' title='bbox 3700 1849 3813 1900; x_wconf 81' lang='grc' dir='ltr'>τῶν</span> 
     </span>
    </p>
   </div>
   <div class='ocr_carea' id='block_1_48' title="bbox 2163 1930 3807 2010">
    <p class='ocr_par' dir='ltr' id='par_1_48' title="bbox 2163 1930 3807 2010">
     <span class='ocr_line' id='line_1_48' title="bbox 2163 1930 3807 2010; baseline 0 -23"><span class='ocrx_word' id='word_1_303' title='bbox 2163 1931 2403 1988; x_wconf 82' lang='grc' dir='ltr'>παλαιῶν</span> <span class='ocrx_word' id='word_1_304' title='bbox 2449 1932 2622 2007; x_wconf 87' lang='grc' dir='ltr'>νόμων</span> <span class='ocrx_word' id='word_1_305' title='bbox 2653 1932 2758 1988; x_wconf 78' lang='grc' dir='ltr'>τῶν</span> <span class='ocrx_word' id='word_1_306' title='bbox 2813 1932 2930 2009; x_wconf 85' lang='grc' dir='ltr'>περὶ</span> <span class='ocrx_word' id='word_1_307' title='bbox 2972 1932 3171 1989; x_wconf 89' lang='grc' dir='ltr'>τούτων</span> <span class='ocrx_word' id='word_1_308' title='bbox 3225 1930 3481 2005; x_wconf 77' lang='grc' dir='ltr'>κειμένων</span> <span class='ocrx_word' id='word_1_309' title='bbox 3511 1930 3807 2010; x_wconf 83' lang='grc' dir='ltr'>ὑστέρημα.</span> 
     </span>
    </p>
   </div>
   <div class='ocr_carea' id='block_1_49' title="bbox 2165 2017 3812 2100">
    <p class='ocr_par' dir='ltr' id='par_1_49' title="bbox 2165 2017 3812 2100">
     <span class='ocr_line' id='line_1_49' title="bbox 2165 2017 3812 2100; baseline 0.001 -26"><span class='ocrx_word' id='word_1_310' title='bbox 2165 2019 2292 2079; x_wconf 77' lang='grc' dir='ltr'>Οὐδὲ</span> <span class='ocrx_word' id='word_1_311' title='bbox 2323 2022 2422 2100; x_wconf 78' lang='grc' dir='ltr'>γὰρ</span> <span class='ocrx_word' id='word_1_312' title='bbox 2490 2018 2577 2077; x_wconf 67' lang='grc' dir='ltr'>ἔπ’</span> <span class='ocrx_word' id='word_1_313' title='bbox 2632 2019 2872 2090; x_wconf 66' lang='grc' dir='ltr'>ἂθετήσει</span> <span class='ocrx_word' id='word_1_314' title='bbox 2919 2021 3006 2076; x_wconf 81' lang='grc' dir='ltr'>καὶ</span> <span class='ocrx_word' id='word_1_315' title='bbox 3060 2020 3215 2098; x_wconf 81' lang='grc' dir='ltr'>ἀργίᾳ</span> <span class='ocrx_word' id='word_1_316' title='bbox 3285 2018 3499 2075; x_wconf 76' lang='grc' dir='ltr'>ἐκείνων</span> <span class='ocrx_word' id='word_1_317' title='bbox 3556 2017 3812 2095; x_wconf 75' lang='grc' dir='ltr'>καθολικῇ</span> 
     </span>
    </p>
   </div>
   <div class='ocr_carea' id='block_1_50' title="bbox 2163 2106 3814 2188">
    <p class='ocr_par' dir='ltr' id='par_1_50' title="bbox 2163 2106 3814 2188">
     <span class='ocr_line' id='line_1_50' title="bbox 2163 2106 3814 2188; baseline -0.001 -22"><span class='ocrx_word' id='word_1_318' title='bbox 2163 2111 2252 2174; x_wconf 81' lang='grc' dir='ltr'>τὺς</span> <span class='ocrx_word' id='word_1_319' title='bbox 2310 2111 2494 2169; x_wconf 74' lang='grc' dir='ltr'>ἑαυτοῦ</span> <span class='ocrx_word' id='word_1_320' title='bbox 2549 2108 2804 2176; x_wconf 75' lang='grc' dir='ltr'>διατάξεις</span> <span class='ocrx_word' id='word_1_321' title='bbox 2886 2108 3191 2188; x_wconf 78' lang='grc' dir='ltr'>ἐξήνεγκαν.</span> <span class='ocrx_word' id='word_1_322' title='bbox 3264 2106 3502 2168; x_wconf 70' lang='grc' dir='ltr'>Ἐπετνοι</span> <span class='ocrx_word' id='word_1_323' title='bbox 3559 2110 3655 2186; x_wconf 78' lang='grc' dir='ltr'>μὲν</span> <span class='ocrx_word' id='word_1_324' title='bbox 3723 2108 3814 2165; x_wconf 76' lang='grc' dir='ltr'>οὖν</span> 
     </span>
    </p>
   </div>
   <div class='ocr_carea' id='block_1_51' title="bbox 2163 2197 3812 2276">
    <p class='ocr_par' dir='ltr' id='par_1_51' title="bbox 2163 2197 3812 2276">
     <span class='ocr_line' id='line_1_51' title="bbox 2163 2197 3812 2276; baseline -0.001 -21"><span class='ocrx_word' id='word_1_325' title='bbox 2163 2201 2249 2255; x_wconf 85' lang='grc' dir='ltr'>καὶ</span> <span class='ocrx_word' id='word_1_326' title='bbox 2292 2200 2345 2255; x_wconf 80' lang='grc' dir='ltr'>ἐν</span> <span class='ocrx_word' id='word_1_327' title='bbox 2375 2199 2623 2257; x_wconf 69' lang='grc' dir='ltr'>ἑπταετεῖ</span> <span class='ocrx_word' id='word_1_328' title='bbox 2647 2198 2827 2272; x_wconf 79' lang='grc' dir='ltr'>ἡλικίᾳ</span> <span class='ocrx_word' id='word_1_329' title='bbox 2863 2201 2952 2255; x_wconf 83' lang='grc' dir='ltr'>καὶ</span> <span class='ocrx_word' id='word_1_330' title='bbox 2994 2198 3281 2255; x_wconf 89' lang='grc' dir='ltr'>συναινέσει</span> <span class='ocrx_word' id='word_1_331' title='bbox 3351 2198 3490 2275; x_wconf 74' lang='grc' dir='ltr'>μόνη</span> <span class='ocrx_word' id='word_1_332' title='bbox 3546 2197 3640 2255; x_wconf 80' lang='grc' dir='ltr'>καί</span> <span class='ocrx_word' id='word_1_333' title='bbox 3668 2220 3812 2276; x_wconf 85' lang='grc' dir='ltr'>γρα-</span> 
     </span>
    </p>
   </div>
   <div class='ocr_carea' id='block_1_52' title="bbox 2164 2286 3806 2369">
    <p class='ocr_par' dir='ltr' id='par_1_52' title="bbox 2164 2286 3806 2369">
     <span class='ocr_line' id='line_1_52' title="bbox 2164 2286 3806 2369; baseline -0.001 -25"><span class='ocrx_word' id='word_1_334' title='bbox 2164 2294 2238 2369; x_wconf 72' lang='grc' dir='ltr'>φῇ</span> <span class='ocrx_word' id='word_1_335' title='bbox 2280 2286 2609 2365; x_wconf 78' lang='grc' dir='ltr'>συμϐολαίων</span> <span class='ocrx_word' id='word_1_336' title='bbox 2640 2290 2700 2344; x_wconf 81' lang='grc' dir='ltr'>τὸ</span> <span class='ocrx_word' id='word_1_337' title='bbox 2742 2289 2895 2366; x_wconf 89' lang='grc' dir='ltr'>κύρος</span> <span class='ocrx_word' id='word_1_338' title='bbox 2952 2287 3259 2368; x_wconf 64' lang='grc' dir='ltr'>ἐχαρίζοντο</span> <span class='ocrx_word' id='word_1_339' title='bbox 3298 2300 3420 2351; x_wconf 78' lang='grc' dir='ltr'>ταῖς</span> <span class='ocrx_word' id='word_1_340' title='bbox 3464 2288 3806 2365; x_wconf 86' lang='grc' dir='ltr'>μνηστείαις,</span> 
     </span>
    </p>
   </div>
   <div class='ocr_carea' id='block_1_53' title="bbox 2165 2375 3818 2455">
    <p class='ocr_par' dir='ltr' id='par_1_53' title="bbox 2165 2375 3818 2455">
     <span class='ocr_line' id='line_1_53' title="bbox 2165 2375 3818 2455; baseline -0.001 -23"><span class='ocrx_word' id='word_1_341' title='bbox 2165 2378 2253 2433; x_wconf 86' lang='grc' dir='ltr'>καὶ</span> <span class='ocrx_word' id='word_1_342' title='bbox 2324 2378 2483 2434; x_wconf 80' lang='grc' dir='ltr'>πλέον</span> <span class='ocrx_word' id='word_1_343' title='bbox 2539 2375 2683 2433; x_wconf 72' lang='grc' dir='ltr'>οὐδὲν</span> <span class='ocrx_word' id='word_1_344' title='bbox 2738 2378 2936 2433; x_wconf 89' lang='grc' dir='ltr'>τούτων</span> <span class='ocrx_word' id='word_1_345' title='bbox 2992 2377 3413 2455; x_wconf 83' lang='grc' dir='ltr'>περιειργάζοντο</span> <span class='ocrx_word' id='word_1_346' title='bbox 3445 2396 3461 2412; x_wconf 78' lang='grc' dir='ltr'><strong><em>ο</em></strong></span> <span class='ocrx_word' id='word_1_347' title='bbox 3521 2379 3573 2431; x_wconf 80' lang='grc' dir='ltr'>αἱ</span> <span class='ocrx_word' id='word_1_348' title='bbox 3620 2375 3818 2453; x_wconf 82' lang='grc' dir='ltr'>ἀναγε-</span> 
     </span>
    </p>
   </div>
   <div class='ocr_carea' id='block_1_54' title="bbox 2164 2462 3811 2545">
    <p class='ocr_par' dir='ltr' id='par_1_54' title="bbox 2164 2462 3811 2545">
     <span class='ocr_line' id='line_1_54' title="bbox 2164 2462 3811 2545; baseline -0.002 -23"><span class='ocrx_word' id='word_1_349' title='bbox 2164 2467 2458 2545; x_wconf 85' lang='grc' dir='ltr'>γραμμέναι</span> <span class='ocrx_word' id='word_1_350' title='bbox 2518 2463 2573 2521; x_wconf 74' lang='grc' dir='ltr'>δὲ</span> <span class='ocrx_word' id='word_1_351' title='bbox 2629 2484 2804 2543; x_wconf 78' lang='grc' dir='ltr'>νεαραι</span> <span class='ocrx_word' id='word_1_352' title='bbox 2860 2467 2948 2521; x_wconf 87' lang='grc' dir='ltr'>καὶ</span> <span class='ocrx_word' id='word_1_353' title='bbox 3001 2467 3092 2521; x_wconf 80' lang='grc' dir='ltr'>τὸν</span> <span class='ocrx_word' id='word_1_354' title='bbox 3161 2465 3368 2545; x_wconf 77' lang='grc' dir='ltr'>χρόνων</span> <span class='ocrx_word' id='word_1_355' title='bbox 3438 2469 3538 2531; x_wconf 81' lang='grc' dir='ltr'>τῆς</span> <span class='ocrx_word' id='word_1_356' title='bbox 3596 2462 3811 2533; x_wconf 61' lang='grc' dir='ltr'>ἡλικίας</span> 
     </span>
    </p>
   </div>
   <div class='ocr_carea' id='block_1_55' title="bbox 2162 2549 3814 2630">
    <p class='ocr_par' dir='ltr' id='par_1_55' title="bbox 2162 2549 3814 2630">
     <span class='ocr_line' id='line_1_55' title="bbox 2162 2549 3814 2630; baseline -0.002 -20"><span class='ocrx_word' id='word_1_357' title='bbox 2162 2561 2254 2611; x_wconf 80' lang='grc' dir='ltr'>τοῦ</span> <span class='ocrx_word' id='word_1_358' title='bbox 2296 2577 2351 2610; x_wconf 90' lang='grc' dir='ltr'>τε</span> <span class='ocrx_word' id='word_1_359' title='bbox 2396 2553 2695 2630; x_wconf 73' lang='grc' dir='ltr'>μνηστῆρος</span> <span class='ocrx_word' id='word_1_360' title='bbox 2726 2557 2813 2609; x_wconf 89' lang='grc' dir='ltr'>καὶ</span> <span class='ocrx_word' id='word_1_361' title='bbox 2860 2558 2958 2621; x_wconf 85' lang='grc' dir='ltr'>τῆς</span> <span class='ocrx_word' id='word_1_362' title='bbox 3030 2552 3293 2628; x_wconf 72' lang='grc' dir='ltr'>μνηστῆς,</span> <span class='ocrx_word' id='word_1_363' title='bbox 3351 2552 3439 2608; x_wconf 70' lang='grc' dir='ltr'>ὶπὶ</span> <span class='ocrx_word' id='word_1_364' title='bbox 3496 2553 3557 2608; x_wconf 81' lang='grc' dir='ltr'>τὸ</span> <span class='ocrx_word' id='word_1_365' title='bbox 3624 2549 3814 2626; x_wconf 81' lang='grc' dir='ltr'>πολλῷ</span> 
     </span>
    </p>
   </div>
   <div class='ocr_carea' id='block_1_56' title="bbox 2165 2640 3813 2721">
    <p class='ocr_par' dir='ltr' id='par_1_56' title="bbox 2165 2640 3813 2721">
     <span class='ocr_line' id='line_1_56' title="bbox 2165 2640 3813 2721; baseline -0.001 -22"><span class='ocrx_word' id='word_1_366' title='bbox 2165 2641 2325 2700; x_wconf 82' lang='grc' dir='ltr'>πλέον</span> <span class='ocrx_word' id='word_1_367' title='bbox 2354 2643 2643 2699; x_wconf 80' lang='grc' dir='ltr'>ὲκτείνασαι</span> <span class='ocrx_word' id='word_1_368' title='bbox 2700 2641 3030 2721; x_wconf 83' lang='grc' dir='ltr'>ὡροθέτησαν</span> <span class='ocrx_word' id='word_1_369' title='bbox 3068 2657 3083 2671; x_wconf 81' lang='grc'><strong><em>⁵</em></strong></span> <span class='ocrx_word' id='word_1_370' title='bbox 3144 2640 3473 2715; x_wconf 84' lang='grc' dir='ltr'>θεσπίσασαι,</span> <span class='ocrx_word' id='word_1_371' title='bbox 3559 2641 3649 2697; x_wconf 79' lang='grc' dir='ltr'>τὸν</span> <span class='ocrx_word' id='word_1_372' title='bbox 3708 2641 3813 2712; x_wconf 75' lang='grc' dir='ltr'>μὲν</span> 
     </span>
    </p>
   </div>
   <div class='ocr_carea' id='block_1_57' title="bbox 2165 2726 3816 2810">
    <p class='ocr_par' dir='ltr' id='par_1_57' title="bbox 2165 2726 3816 2810">
     <span class='ocr_line' id='line_1_57' title="bbox 2165 2726 3816 2810; baseline -0.001 -23"><span class='ocrx_word' id='word_1_373' title='bbox 2165 2731 2372 2810; x_wconf 70' lang='grc' dir='ltr'>ἄρρενα,</span> <span class='ocrx_word' id='word_1_374' title='bbox 2458 2734 2548 2788; x_wconf 83' lang='grc' dir='ltr'>τὸν</span> <span class='ocrx_word' id='word_1_375' title='bbox 2620 2728 3188 2810; x_wconf 81' lang='grc' dir='ltr'>τεσσαρεσκαιδέκατον</span> <span class='ocrx_word' id='word_1_376' title='bbox 3274 2729 3534 2810; x_wconf 79' lang='grc' dir='ltr'>ἐνιαυτὸν,</span> <span class='ocrx_word' id='word_1_377' title='bbox 3592 2729 3689 2796; x_wconf 78' lang='grc' dir='ltr'>τὴν</span> <span class='ocrx_word' id='word_1_378' title='bbox 3758 2726 3816 2785; x_wconf 74' lang='grc' dir='ltr'>δὲ</span> 
     </span>
    </p>
   </div>
   <div class='ocr_carea' id='block_1_58' title="bbox 2161 2816 3815 2900">
    <p class='ocr_par' dir='ltr' id='par_1_58' title="bbox 2161 2816 3815 2900">
     <span class='ocr_line' id='line_1_58' title="bbox 2161 2816 3815 2900; baseline -0.003 -23"><span class='ocrx_word' id='word_1_379' title='bbox 2161 2820 2399 2900; x_wconf 78' lang='grc' dir='ltr'>θήλειαν,</span> <span class='ocrx_word' id='word_1_380' title='bbox 2456 2822 2545 2877; x_wconf 79' lang='grc' dir='ltr'>τὸν</span> <span class='ocrx_word' id='word_1_381' title='bbox 2636 2818 3060 2900; x_wconf 82' lang='grc' dir='ltr'>τρισκαιδέκατον</span> <span class='ocrx_word' id='word_1_382' title='bbox 3142 2816 3511 2897; x_wconf 78' lang='grc' dir='ltr'>συμπληροῦν.</span> <span class='ocrx_word' id='word_1_383' title='bbox 3570 2819 3641 2876; x_wconf 84' lang='grc' dir='ltr'>Τὸ</span> <span class='ocrx_word' id='word_1_384' title='bbox 3709 2817 3815 2885; x_wconf 77' lang='grc' dir='ltr'>τὴν</span> 
     </span>
    </p>
   </div>
   <div class='ocr_carea' id='block_1_59' title="bbox 435 2905 2078 2993">
    <p class='ocr_par' dir='ltr' id='par_1_59' title="bbox 435 2908 2078 2993">
     <span class='ocr_line' id='line_1_59' title="bbox 435 2908 2078 2993; baseline 0 -22"><span class='ocrx_word' id='word_1_385' title='bbox 435 2908 837 2993; x_wconf 81' lang='lat' dir='ltr'>privilegium,</span> <span class='ocrx_word' id='word_1_386' title='bbox 856 2909 1133 2970; x_wconf 82' lang='lat' dir='ltr'>ﬁrmitate</span> <span class='ocrx_word' id='word_1_387' title='bbox 1153 2909 1550 2972; x_wconf 87' lang='lat' dir='ltr'>indissolubili</span> <span class='ocrx_word' id='word_1_388' title='bbox 1572 2909 1918 2989; x_wconf 85' lang='lat' dir='ltr'>glorientur.</span> <span class='ocrx_word' id='word_1_389' title='bbox 1943 2911 2078 2982; x_wconf 86' lang='lat' dir='ltr'>Qua</span> 
     </span>
    </p>
   </div>
   <div class='ocr_carea' id='block_1_60' title="bbox 2168 2905 3812 2993">
    <p class='ocr_par' dir='ltr' id='par_1_60' title="bbox 2168 2905 3812 2993">
     <span class='ocr_line' id='line_1_60' title="bbox 2168 2905 3812 2993; baseline -0.002 -28"><span class='ocrx_word' id='word_1_390' title='bbox 2168 2911 2451 2986; x_wconf 86' lang='grc' dir='ltr'>μνηστείαν</span> <span class='ocrx_word' id='word_1_391' title='bbox 2475 2908 2529 2966; x_wconf 80' lang='grc' dir='ltr'>δὲ</span> <span class='ocrx_word' id='word_1_392' title='bbox 2580 2909 2684 2990; x_wconf 68' lang='grc' dir='ltr'>οὔχ</span> <span class='ocrx_word' id='word_1_393' title='bbox 2733 2909 2896 2985; x_wconf 82' lang='grc' dir='ltr'>ἑτέρῳ</span> <span class='ocrx_word' id='word_1_394' title='bbox 2962 2910 3063 2965; x_wconf 85' lang='grc' dir='ltr'>τινὶ</span> <span class='ocrx_word' id='word_1_395' title='bbox 3097 2908 3325 2993; x_wconf 26' lang='grc' dir='ltr'>’τρόπῳ,</span> <span class='ocrx_word' id='word_1_396' title='bbox 3394 2905 3516 2963; x_wconf 79' lang='grc' dir='ltr'>ἀλλ’</span> <span class='ocrx_word' id='word_1_397' title='bbox 3546 2905 3812 2986; x_wconf 77' lang='grc' dir='ltr'>ἱεροτελε-</span> 
     </span>
    </p>
   </div>
   <div class='ocr_carea' id='block_1_61' title="bbox 429 2997 2085 3082">
    <p class='ocr_par' dir='ltr' id='par_1_61' title="bbox 429 2997 2085 3082">
     <span class='ocr_line' id='line_1_61' title="bbox 429 2997 2085 3082; baseline -0.001 -20"><span class='ocrx_word' id='word_1_398' title='bbox 429 3005 630 3062; x_wconf 87' lang='lat' dir='ltr'>autem</span> <span class='ocrx_word' id='word_1_399' title='bbox 656 2997 956 3082; x_wconf 91' lang='lat' dir='ltr'>sponsalia</span> <span class='ocrx_word' id='word_1_400' title='bbox 985 3017 1104 3058; x_wconf 90' lang='lat' dir='ltr'>non</span> <span class='ocrx_word' id='word_1_401' title='bbox 1139 2997 1225 3059; x_wconf 91' lang='lat' dir='ltr'>sic</span> <span class='ocrx_word' id='word_1_402' title='bbox 1245 2998 1670 3079; x_wconf 87' lang='lat' dir='ltr'>processerint,</span> <span class='ocrx_word' id='word_1_403' title='bbox 1696 2997 1884 3074; x_wconf 87' lang='lat' dir='ltr'>irrita,</span> <span class='ocrx_word' id='word_1_404' title='bbox 1912 3006 1971 3059; x_wconf 89' lang='lat' dir='ltr'>et</span> <span class='ocrx_word' id='word_1_405' title='bbox 1990 3017 2085 3060; x_wconf 88' lang='lat' dir='ltr'>ve-</span> 
     </span>
    </p>
   </div>
   <div class='ocr_carea' id='block_1_62' title="bbox 432 3086 2083 3168">
    <p class='ocr_par' dir='ltr' id='par_1_62' title="bbox 432 3086 2083 3168">
     <span class='ocr_line' id='line_1_62' title="bbox 432 3086 2083 3168; baseline -0.001 -17"><span class='ocrx_word' id='word_1_406' title='bbox 432 3088 522 3151; x_wconf 86' lang='lat' dir='ltr'>lut</span> <span class='ocrx_word' id='word_1_407' title='bbox 552 3106 671 3150; x_wconf 91' lang='lat' dir='ltr'>non</span> <span class='ocrx_word' id='word_1_408' title='bbox 694 3087 851 3150; x_wconf 80' lang='lat' dir='ltr'>facta</span> <span class='ocrx_word' id='word_1_409' title='bbox 873 3086 1559 3150; x_wconf 89' lang='lat' dir='ltr'>censeri.Verumtamen</span> <span class='ocrx_word' id='word_1_410' title='bbox 1583 3105 1778 3168; x_wconf 87' lang='lat' dir='ltr'>neque</span> <span class='ocrx_word' id='word_1_411' title='bbox 1802 3086 2083 3167; x_wconf 89' lang='lat' dir='ltr'>pradi&#39;cta</span> 
     </span>
    </p>
   </div>
   <div class='ocr_carea' id='block_1_63' title="bbox 432 3175 2084 3259">
    <p class='ocr_par' dir='ltr' id='par_1_63' title="bbox 432 3175 2084 3259">
     <span class='ocr_line' id='line_1_63' title="bbox 432 3175 2084 3259; baseline -0.002 -20"><span class='ocrx_word' id='word_1_412' title='bbox 432 3175 740 3259; x_wconf 87' lang='lat' dir='ltr'>septennis</span> <span class='ocrx_word' id='word_1_413' title='bbox 767 3187 795 3219; x_wconf 84' lang='grc' dir='ltr'><strong>ιι</strong></span> <span class='ocrx_word' id='word_1_414' title='bbox 824 3176 1011 3237; x_wconf 88' lang='lat' dir='ltr'>atatis</span> <span class='ocrx_word' id='word_1_415' title='bbox 1039 3183 1300 3237; x_wconf 84' lang='lat' dir='ltr'>veterem</span> <span class='ocrx_word' id='word_1_416' title='bbox 1333 3176 1817 3238; x_wconf 87' lang='lat' dir='ltr'>constitutionem</span> <span class='ocrx_word' id='word_1_417' title='bbox 1851 3193 2084 3237; x_wconf 90' lang='lat' dir='ltr'>cessare</span> 
     </span>
    </p>
   </div>
   <div class='ocr_carea' id='block_1_64' title="bbox 433 3264 2083 3347">
    <p class='ocr_par' dir='ltr' id='par_1_64' title="bbox 433 3264 2083 3347">
     <span class='ocr_line' id='line_1_64' title="bbox 433 3264 2083 3347; baseline -0.001 -20"><span class='ocrx_word' id='word_1_418' title='bbox 433 3264 703 3347; x_wconf 85' lang='lat' dir='ltr'>omnino,</span> <span class='ocrx_word' id='word_1_419' title='bbox 736 3264 843 3327; x_wconf 90' lang='lat' dir='ltr'>sed</span> <span class='ocrx_word' id='word_1_420' title='bbox 877 3265 1149 3326; x_wconf 81' lang='lat' dir='ltr'>eﬂ&#39;ectum</span> <span class='ocrx_word' id='word_1_421' title='bbox 1184 3264 1361 3326; x_wconf 89' lang='lat' dir='ltr'>etiam</span> <span class='ocrx_word' id='word_1_422' title='bbox 1386 3265 1540 3327; x_wconf 88' lang='lat' dir='ltr'>hanc</span> <span class='ocrx_word' id='word_1_423' title='bbox 1568 3283 1637 3327; x_wconf 83' lang='lat' dir='ltr'>ex</span> <span class='ocrx_word' id='word_1_424' title='bbox 1669 3271 1832 3344; x_wconf 88' lang='lat' dir='ltr'>parte</span> <span class='ocrx_word' id='word_1_425' title='bbox 1864 3264 2083 3326; x_wconf 90' lang='lat' dir='ltr'>habere</span> 
     </span>
    </p>
   </div>
   <div class='ocr_carea' id='block_1_65' title="bbox 430 3354 2079 3435">
    <p class='ocr_par' dir='ltr' id='par_1_65' title="bbox 430 3354 2079 3435">
     <span class='ocr_line' id='line_1_65' title="bbox 430 3354 2079 3435; baseline -0.001 -19"><span class='ocrx_word' id='word_1_426' title='bbox 430 3359 784 3431; x_wconf 86' lang='lat' dir='ltr'>statuerunt,</span> <span class='ocrx_word' id='word_1_427' title='bbox 830 3371 950 3415; x_wconf 90' lang='lat' dir='ltr'>non</span> <span class='ocrx_word' id='word_1_428' title='bbox 1009 3360 1072 3415; x_wconf 89' lang='lat' dir='ltr'>ut</span> <span class='ocrx_word' id='word_1_429' title='bbox 1102 3354 1381 3434; x_wconf 85' lang='lat' dir='ltr'>perfectis</span> <span class='ocrx_word' id='word_1_430' title='bbox 1410 3355 1797 3435; x_wconf 88' lang='lat' dir='ltr'>adaquentur</span> <span class='ocrx_word' id='word_1_431' title='bbox 1825 3371 2079 3433; x_wconf 72' lang='lat' dir='ltr'>sponsa—</span> 
     </span>
    </p>
   </div>
   <div class='ocr_carea' id='block_1_66' title="bbox 426 3441 2081 3523">
    <p class='ocr_par' dir='ltr' id='par_1_66' title="bbox 426 3441 2081 3523">
     <span class='ocr_line' id='line_1_66' title="bbox 426 3441 2081 3523; baseline -0.001 -19"><span class='ocrx_word' id='word_1_432' title='bbox 426 3441 723 3521; x_wconf 88' lang='lat' dir='ltr'>libus,sed</span> <span class='ocrx_word' id='word_1_433' title='bbox 741 3450 962 3505; x_wconf 90' lang='lat' dir='ltr'>tantum</span> <span class='ocrx_word' id='word_1_434' title='bbox 979 3443 1332 3505; x_wconf 82' lang='lat' dir='ltr'>confirment</span> <span class='ocrx_word' id='word_1_435' title='bbox 1346 3457 1372 3486; x_wconf 89' lang='grc' dir='ltr'>ο</span> <span class='ocrx_word' id='word_1_436' title='bbox 1385 3442 1807 3505; x_wconf 90' lang='lat' dir='ltr'>conventiones</span> <span class='ocrx_word' id='word_1_437' title='bbox 1819 3441 1892 3502; x_wconf 90' lang='lat' dir='ltr'>de</span> <span class='ocrx_word' id='word_1_438' title='bbox 1906 3461 2081 3523; x_wconf 86' lang='lat' dir='ltr'>spon-</span> 
     </span>
    </p>
   </div>
   <div class='ocr_carea' id='block_1_67' title="bbox 428 3530 2084 3614">
    <p class='ocr_par' dir='ltr' id='par_1_67' title="bbox 428 3530 2084 3614">
     <span class='ocr_line' id='line_1_67' title="bbox 428 3530 2084 3614; baseline -0.001 -20"><span class='ocrx_word' id='word_1_439' title='bbox 428 3530 656 3595; x_wconf 86' lang='lat' dir='ltr'>salibus</span> <span class='ocrx_word' id='word_1_440' title='bbox 687 3530 892 3609; x_wconf 84' lang='lat' dir='ltr'>factas,</span> <span class='ocrx_word' id='word_1_441' title='bbox 946 3531 1106 3592; x_wconf 88' lang='lat' dir='ltr'>velut</span> <span class='ocrx_word' id='word_1_442' title='bbox 1150 3532 1459 3594; x_wconf 90' lang='lat' dir='ltr'>hominum</span> <span class='ocrx_word' id='word_1_443' title='bbox 1490 3533 1705 3614; x_wconf 83' lang='lat' dir='ltr'>placita</span> <span class='ocrx_word' id='word_1_444' title='bbox 1735 3530 2084 3611; x_wconf 91' lang='lat' dir='ltr'>simpliciter</span> 
     </span>
    </p>
   </div>
   <div class='ocr_carea' id='block_1_68' title="bbox 428 3619 2085 3702">
    <p class='ocr_par' dir='ltr' id='par_1_68' title="bbox 428 3619 2085 3702">
     <span class='ocr_line' id='line_1_68' title="bbox 428 3619 2085 3702; baseline -0.001 -20"><span class='ocrx_word' id='word_1_445' title='bbox 428 3619 913 3702; x_wconf 88' lang='lat' dir='ltr'>stipulationibus</span> <span class='ocrx_word' id='word_1_446' title='bbox 969 3619 1218 3682; x_wconf 89' lang='lat' dir='ltr'>munita.</span> <span class='ocrx_word' id='word_1_447' title='bbox 1253 3620 1378 3683; x_wconf 88' lang='lat' dir='ltr'>Hoc</span> <span class='ocrx_word' id='word_1_448' title='bbox 1408 3622 1685 3701; x_wconf 90' lang='lat' dir='ltr'>amplius,</span> <span class='ocrx_word' id='word_1_449' title='bbox 1720 3628 1783 3681; x_wconf 90' lang='lat' dir='ltr'>ut</span> <span class='ocrx_word' id='word_1_450' title='bbox 1813 3619 2085 3681; x_wconf 82' lang='lat' dir='ltr'>deﬁnitas</span> 
     </span>
    </p>
   </div>
   <div class='ocr_carea' id='block_1_69' title="bbox 431 3706 2078 3790">
    <p class='ocr_par' dir='ltr' id='par_1_69' title="bbox 431 3706 2078 3790">
     <span class='ocr_line' id='line_1_69' title="bbox 431 3706 2078 3790; baseline -0.001 -19"><span class='ocrx_word' id='word_1_451' title='bbox 431 3714 493 3772; x_wconf 88' lang='lat' dir='ltr'>et</span> <span class='ocrx_word' id='word_1_452' title='bbox 540 3707 874 3772; x_wconf 87' lang='lat' dir='ltr'>declaratas</span> <span class='ocrx_word' id='word_1_453' title='bbox 921 3708 1257 3786; x_wconf 82' lang='lat' dir='ltr'>cognaticas</span> <span class='ocrx_word' id='word_1_454' title='bbox 1307 3727 1588 3790; x_wconf 89' lang='lat' dir='ltr'>personas</span> <span class='ocrx_word' id='word_1_455' title='bbox 1619 3706 1846 3788; x_wconf 89' lang='lat' dir='ltr'>ingredi</span> <span class='ocrx_word' id='word_1_456' title='bbox 1870 3708 2078 3788; x_wconf 91' lang='lat' dir='ltr'>prohi-</span> 
     </span>
    </p>
   </div>
   <div class='ocr_carea' id='block_1_70' title="bbox 425 3794 2077 3880">
    <p class='ocr_par' dir='ltr' id='par_1_70' title="bbox 425 3794 2077 3880">
     <span class='ocr_line' id='line_1_70' title="bbox 425 3794 2077 3880; baseline -0.001 -21"><span class='ocrx_word' id='word_1_457' title='bbox 425 3795 609 3859; x_wconf 87' lang='lat' dir='ltr'>beant</span> <span class='ocrx_word' id='word_1_458' title='bbox 628 3797 701 3859; x_wconf 89' lang='lat' dir='ltr'>ad</span> <span class='ocrx_word' id='word_1_459' title='bbox 725 3803 1065 3880; x_wconf 88' lang='lat' dir='ltr'>separatam</span> <span class='ocrx_word' id='word_1_460' title='bbox 1120 3814 1396 3878; x_wconf 80' lang='lat' dir='ltr'>Sponsam</span> <span class='ocrx_word' id='word_1_461' title='bbox 1442 3815 1469 3856; x_wconf 76' lang='lat' dir='ltr'><strong>p</strong></span> <span class='ocrx_word' id='word_1_462' title='bbox 1497 3800 1619 3860; x_wconf 88' lang='lat' dir='ltr'>sive</span> <span class='ocrx_word' id='word_1_463' title='bbox 1659 3798 1730 3859; x_wconf 91' lang='lat' dir='ltr'>ad</span> <span class='ocrx_word' id='word_1_464' title='bbox 1763 3794 2077 3874; x_wconf 89' lang='lat' dir='ltr'>septimum</span> 
     </span>
    </p>
   </div>
   <div class='ocr_carea' id='block_1_71' title="bbox 425 3884 2077 3964">
    <p class='ocr_par' dir='ltr' id='par_1_71' title="bbox 425 3884 2077 3964">
     <span class='ocr_line' id='line_1_71' title="bbox 425 3884 2077 3964; baseline 0 -19"><span class='ocrx_word' id='word_1_465' title='bbox 425 3884 698 3964; x_wconf 82' lang='lat' dir='ltr'>gradum,</span> <span class='ocrx_word' id='word_1_466' title='bbox 732 3885 856 3946; x_wconf 84' lang='lat' dir='ltr'>sive</span> <span class='ocrx_word' id='word_1_467' title='bbox 893 3884 969 3946; x_wconf 89' lang='lat' dir='ltr'>ad</span> <span class='ocrx_word' id='word_1_468' title='bbox 1024 3884 1326 3947; x_wconf 90' lang='lat' dir='ltr'>decimum</span> <span class='ocrx_word' id='word_1_469' title='bbox 1379 3887 1617 3947; x_wconf 92' lang='lat' dir='ltr'>tertium</span> <span class='ocrx_word' id='word_1_470' title='bbox 1648 3904 1900 3958; x_wconf 80' lang='lat' dir='ltr'>annum,</span> <span class='ocrx_word' id='word_1_471' title='bbox 1929 3885 2077 3946; x_wconf 91' lang='lat' dir='ltr'>ratio</span> 
     </span>
    </p>
   </div>
   <div class='ocr_carea' id='block_1_72' title="bbox 427 3972 1989 4054">
    <p class='ocr_par' dir='ltr' id='par_1_72' title="bbox 427 3972 1989 4054">
     <span class='ocr_line' id='line_1_72' title="bbox 427 3972 1989 4054; baseline -0.001 -20"><span class='ocrx_word' id='word_1_472' title='bbox 427 3972 819 4053; x_wconf 89' lang='lat' dir='ltr'>sponsalium,</span> <span class='ocrx_word' id='word_1_473' title='bbox 845 3990 1175 4053; x_wconf 91' lang='lat' dir='ltr'>eorumque</span> <span class='ocrx_word' id='word_1_474' title='bbox 1229 3973 1550 4054; x_wconf 90' lang='lat' dir='ltr'>disjunctio</span> <span class='ocrx_word' id='word_1_475' title='bbox 1582 3999 1607 4041; x_wconf 85' lang='lat' dir='ltr'>q</span> <span class='ocrx_word' id='word_1_476' title='bbox 1637 3974 1989 4036; x_wconf 91' lang='lat' dir='ltr'>constiterit.</span> 
     </span>
    </p>
   </div>
   <div class='ocr_carea' id='block_1_73' title="bbox 2166 2989 3813 3077">
    <p class='ocr_par' dir='ltr' id='par_1_73' title="bbox 2166 2989 3813 3077">
     <span class='ocr_line' id='line_1_73' title="bbox 2166 2989 3813 3077; baseline -0.002 -22"><span class='ocrx_word' id='word_1_477' title='bbox 2166 3000 2283 3072; x_wconf 84' lang='grc' dir='ltr'>στίᾳ</span> <span class='ocrx_word' id='word_1_478' title='bbox 2336 2989 2678 3077; x_wconf 75' lang='grc' dir='ltr'>βεϐαιοῦσθαι</span> <span class='ocrx_word' id='word_1_479' title='bbox 2723 2996 3044 3064; x_wconf 74' lang='grc' dir='ltr'>διετάξαντο,</span> <span class='ocrx_word' id='word_1_480' title='bbox 3095 2989 3187 3060; x_wconf 62' lang='grc' dir='ltr'>Ὠς</span> <span class='ocrx_word' id='word_1_481' title='bbox 3257 3019 3317 3053; x_wconf 89' lang='grc' dir='ltr'>το</span> <span class='ocrx_word' id='word_1_482' title='bbox 3373 2993 3561 3053; x_wconf 78' lang='grc' dir='ltr'>ἄλυτον</span> <span class='ocrx_word' id='word_1_483' title='bbox 3632 2995 3813 3052; x_wconf 78' lang='grc' dir='ltr'>ἐντεῦ-</span> 
     </span>
    </p>
   </div>
   <div class='ocr_carea' id='block_1_74' title="bbox 2163 3084 3807 3167">
    <p class='ocr_par' dir='ltr' id='par_1_74' title="bbox 2163 3084 3807 3167">
     <span class='ocr_line' id='line_1_74' title="bbox 2163 3084 3807 3167; baseline -0.002 -23"><span class='ocrx_word' id='word_1_484' title='bbox 2163 3091 2249 3144; x_wconf 87' lang='grc' dir='ltr'>θεν</span> <span class='ocrx_word' id='word_1_485' title='bbox 2278 3090 2411 3144; x_wconf 78' lang='grc' dir='ltr'>κατὰ</span> <span class='ocrx_word' id='word_1_486' title='bbox 2433 3090 2494 3144; x_wconf 81' lang='grc' dir='ltr'>τὸ</span> <span class='ocrx_word' id='word_1_487' title='bbox 2543 3097 2635 3146; x_wconf 78' lang='grc' dir='ltr'>τοῦ</span> <span class='ocrx_word' id='word_1_488' title='bbox 2716 3088 2888 3165; x_wconf 83' lang='grc' dir='ltr'>γάμου</span> <span class='ocrx_word' id='word_1_489' title='bbox 2944 3087 3250 3167; x_wconf 85' lang='grc' dir='ltr'>προνόμιον,</span> <span class='ocrx_word' id='word_1_490' title='bbox 3309 3085 3397 3143; x_wconf 82' lang='grc' dir='ltr'>καὶ</span> <span class='ocrx_word' id='word_1_491' title='bbox 3451 3086 3648 3152; x_wconf 71' lang='grc' dir='ltr'>ταύτην</span> <span class='ocrx_word' id='word_1_492' title='bbox 3705 3084 3807 3141; x_wconf 71' lang='grc' dir='ltr'>αὖ-</span> 
     </span>
    </p>
   </div>
   <div class='ocr_carea' id='block_1_75' title="bbox 2164 3173 3811 3257">
    <p class='ocr_par' dir='ltr' id='par_1_75' title="bbox 2164 3173 3811 3257">
     <span class='ocr_line' id='line_1_75' title="bbox 2164 3173 3811 3257; baseline -0.002 -24"><span class='ocrx_word' id='word_1_493' title='bbox 2164 3190 2290 3257; x_wconf 81' lang='grc' dir='ltr'>χεϊν</span> <span class='ocrx_word' id='word_1_494' title='bbox 2323 3193 2338 3209; x_wconf 82' lang='grc'><strong><em>⁸</em></strong></span> <span class='ocrx_word' id='word_1_495' title='bbox 2385 3178 2473 3233; x_wconf 85' lang='grc' dir='ltr'>καὶ</span> <span class='ocrx_word' id='word_1_496' title='bbox 2514 3178 2613 3243; x_wconf 74' lang='grc' dir='ltr'>τὴν</span> <span class='ocrx_word' id='word_1_497' title='bbox 2685 3179 2761 3252; x_wconf 79' lang='grc' dir='ltr'>μὴ</span> <span class='ocrx_word' id='word_1_498' title='bbox 2816 3176 2951 3232; x_wconf 68' lang='grc' dir='ltr'>οὕτω</span> <span class='ocrx_word' id='word_1_499' title='bbox 3006 3173 3274 3255; x_wconf 81' lang='grc' dir='ltr'>προϐἆσαν</span> <span class='ocrx_word' id='word_1_500' title='bbox 3343 3175 3662 3253; x_wconf 83' lang='grc' dir='ltr'>μνηστείαν,</span> <span class='ocrx_word' id='word_1_501' title='bbox 3706 3173 3811 3229; x_wconf 81' lang='grc' dir='ltr'>ἆν-</span> 
     </span>
    </p>
   </div>
   <div class='ocr_carea' id='block_1_76' title="bbox 2162 3261 3814 3342">
    <p class='ocr_par' dir='ltr' id='par_1_76' title="bbox 2162 3261 3814 3342">
     <span class='ocr_line' id='line_1_76' title="bbox 2162 3261 3814 3342; baseline -0.002 -20"><span class='ocrx_word' id='word_1_502' title='bbox 2162 3266 2478 3341; x_wconf 87' lang='grc' dir='ltr'>υπόστατον,</span> <span class='ocrx_word' id='word_1_503' title='bbox 2539 3265 2628 3321; x_wconf 75' lang='grc' dir='ltr'>καὶ</span> <span class='ocrx_word' id='word_1_504' title='bbox 2696 3267 2767 3328; x_wconf 82' lang='grc' dir='ltr'>ὡς</span> <span class='ocrx_word' id='word_1_505' title='bbox 2826 3262 2962 3341; x_wconf 76' lang='grc' dir='ltr'>μηδὲ</span> <span class='ocrx_word' id='word_1_506' title='bbox 3023 3275 3302 3342; x_wconf 80' lang='grc' dir='ltr'>γεγονυῖαν</span> <span class='ocrx_word' id='word_1_507' title='bbox 3360 3261 3674 3340; x_wconf 80' lang='grc' dir='ltr'>λογίζεσθαι.</span> <span class='ocrx_word' id='word_1_508' title='bbox 3735 3264 3814 3320; x_wconf 66' lang='grc' dir='ltr'>Οὐ</span> 
     </span>
    </p>
   </div>
   <div class='ocr_carea' id='block_1_77' title="bbox 2164 3350 3810 3433">
    <p class='ocr_par' dir='ltr' id='par_1_77' title="bbox 2164 3350 3810 3433">
     <span class='ocr_line' id='line_1_77' title="bbox 2164 3350 3810 3433; baseline -0.002 -23"><span class='ocrx_word' id='word_1_509' title='bbox 2164 3353 2270 3431; x_wconf 74' lang='grc' dir='ltr'>μὴν</span> <span class='ocrx_word' id='word_1_510' title='bbox 2316 3352 2433 3410; x_wconf 82' lang='grc' dir='ltr'>ἀλλ’</span> <span class='ocrx_word' id='word_1_511' title='bbox 2481 3352 2597 3411; x_wconf 67' lang='grc' dir='ltr'>οὐδὲ</span> <span class='ocrx_word' id='word_1_512' title='bbox 2652 3354 2750 3420; x_wconf 79' lang='grc' dir='ltr'>τὴν</span> <span class='ocrx_word' id='word_1_513' title='bbox 2812 3355 2928 3433; x_wconf 85' lang='grc' dir='ltr'>περὶ</span> <span class='ocrx_word' id='word_1_514' title='bbox 2996 3352 3092 3420; x_wconf 78' lang='grc' dir='ltr'>τῆς</span> <span class='ocrx_word' id='word_1_515' title='bbox 3150 3350 3474 3419; x_wconf 80' lang='grc' dir='ltr'>δηλωθείσης</span> <span class='ocrx_word' id='word_1_516' title='bbox 3534 3351 3810 3415; x_wconf 77' lang='grc' dir='ltr'>ὲπταετῖας</span> 
     </span>
    </p>
   </div>
   <div class='ocr_carea' id='block_1_78' title="bbox 2162 3438 3806 3522">
    <p class='ocr_par' dir='ltr' id='par_1_78' title="bbox 2162 3438 3806 3522">
     <span class='ocr_line' id='line_1_78' title="bbox 2162 3438 3806 3522; baseline -0.003 -23"><span class='ocrx_word' id='word_1_517' title='bbox 2162 3442 2390 3499; x_wconf 72' lang='grc' dir='ltr'>παλαιὰν</span> <span class='ocrx_word' id='word_1_518' title='bbox 2468 3443 2772 3518; x_wconf 85' lang='grc' dir='ltr'>νομοθεσίαν</span> <span class='ocrx_word' id='word_1_519' title='bbox 2859 3443 3089 3522; x_wconf 78' lang='grc' dir='ltr'>ἀργησαι</span> <span class='ocrx_word' id='word_1_520' title='bbox 3162 3438 3410 3511; x_wconf 80' lang='grc' dir='ltr'>καθόλου,</span> <span class='ocrx_word' id='word_1_521' title='bbox 3467 3441 3531 3497; x_wconf 82' lang='grc' dir='ltr'>τὸ</span> <span class='ocrx_word' id='word_1_522' title='bbox 3595 3440 3806 3520; x_wconf 77' lang='grc' dir='ltr'>ἐνεργὸν</span> 
     </span>
    </p>
   </div>
   <div class='ocr_carea' id='block_1_79' title="bbox 2162 3529 3804 3610">
    <p class='ocr_par' dir='ltr' id='par_1_79' title="bbox 2162 3529 3804 3610">
     <span class='ocr_line' id='line_1_79' title="bbox 2162 3529 3804 3610; baseline 0 -23"><span class='ocrx_word' id='word_1_523' title='bbox 2162 3529 2215 3587; x_wconf 77' lang='grc' dir='ltr'>δὲ</span> <span class='ocrx_word' id='word_1_524' title='bbox 2258 3533 2346 3588; x_wconf 85' lang='grc' dir='ltr'>καὶ</span> <span class='ocrx_word' id='word_1_525' title='bbox 2386 3531 2581 3598; x_wconf 89' lang='grc' dir='ltr'>ταύτην</span> <span class='ocrx_word' id='word_1_526' title='bbox 2613 3530 2758 3610; x_wconf 76' lang='grc' dir='ltr'>ἔχειν</span> <span class='ocrx_word' id='word_1_527' title='bbox 2788 3530 2848 3587; x_wconf 80' lang='grc' dir='ltr'>ἐκ</span> <span class='ocrx_word' id='word_1_528' title='bbox 2898 3532 3085 3610; x_wconf 82' lang='grc' dir='ltr'>μέρους</span> <span class='ocrx_word' id='word_1_529' title='bbox 3159 3529 3435 3586; x_wconf 79' lang='grc' dir='ltr'>ἐθέσπισαν</span> <span class='ocrx_word' id='word_1_530' title='bbox 3468 3548 3485 3565; x_wconf 78' lang='grc'><strong>⁸</strong></span> <span class='ocrx_word' id='word_1_531' title='bbox 3536 3532 3640 3610; x_wconf 68' lang='grc' dir='ltr'>οὔχ</span> <span class='ocrx_word' id='word_1_532' title='bbox 3666 3530 3804 3587; x_wconf 74' lang='grc' dir='ltr'>ὥστε</span> 
     </span>
    </p>
   </div>
   <div class='ocr_carea' id='block_1_80' title="bbox 2164 3616 3805 3699">
    <p class='ocr_par' dir='ltr' id='par_1_80' title="bbox 2164 3616 3805 3699">
     <span class='ocr_line' id='line_1_80' title="bbox 2164 3616 3805 3699; baseline -0.001 -23"><span class='ocrx_word' id='word_1_533' title='bbox 2164 3622 2250 3677; x_wconf 87' lang='grc' dir='ltr'>καὶ</span> <span class='ocrx_word' id='word_1_534' title='bbox 2280 3620 2576 3699; x_wconf 80' lang='grc' dir='ltr'>ἀπαρτίζειν</span> <span class='ocrx_word' id='word_1_535' title='bbox 2641 3618 2845 3679; x_wconf 84' lang='grc' dir='ltr'>τελειαν</span> <span class='ocrx_word' id='word_1_536' title='bbox 2913 3618 3218 3694; x_wconf 83' lang='grc' dir='ltr'>μνηστείαν,</span> <span class='ocrx_word' id='word_1_537' title='bbox 3282 3616 3420 3674; x_wconf 78' lang='grc' dir='ltr'>ἀλλὰ</span> <span class='ocrx_word' id='word_1_538' title='bbox 3461 3620 3620 3694; x_wconf 89' lang='grc' dir='ltr'>μόνον</span> <span class='ocrx_word' id='word_1_539' title='bbox 3673 3640 3805 3697; x_wconf 81' lang='grc' dir='ltr'>κρα-</span> 
     </span>
    </p>
   </div>
   <div class='ocr_carea' id='block_1_81' title="bbox 2168 3707 3806 3787">
    <p class='ocr_par' dir='ltr' id='par_1_81' title="bbox 2168 3707 3806 3787">
     <span class='ocr_line' id='line_1_81' title="bbox 2168 3707 3806 3787; baseline -0.002 -20"><span class='ocrx_word' id='word_1_540' title='bbox 2168 3711 2319 3773; x_wconf 84' lang='grc' dir='ltr'>τύνας</span> <span class='ocrx_word' id='word_1_541' title='bbox 2350 3708 2408 3759; x_wconf 71' lang='grc' dir='ltr'>ίο</span> <span class='ocrx_word' id='word_1_542' title='bbox 2434 3710 2533 3766; x_wconf 78' lang='grc' dir='ltr'>τὰσ</span> <span class='ocrx_word' id='word_1_543' title='bbox 2574 3710 2688 3787; x_wconf 86' lang='grc' dir='ltr'>περὶ</span> <span class='ocrx_word' id='word_1_544' title='bbox 2719 3708 3001 3784; x_wconf 83' lang='grc' dir='ltr'>μνηστείας</span> <span class='ocrx_word' id='word_1_545' title='bbox 3030 3707 3363 3787; x_wconf 78' lang='grc' dir='ltr'>λογοποιίας,</span> <span class='ocrx_word' id='word_1_546' title='bbox 3421 3709 3495 3770; x_wconf 84' lang='grc' dir='ltr'>ὡς</span> <span class='ocrx_word' id='word_1_547' title='bbox 3525 3707 3806 3786; x_wconf 79' lang='grc' dir='ltr'>ἀνθρώπων</span> 
     </span>
    </p>
   </div>
   <div class='ocr_carea' id='block_1_82' title="bbox 2168 3794 3801 3877">
    <p class='ocr_par' dir='ltr' id='par_1_82' title="bbox 2168 3794 3801 3877">
     <span class='ocr_line' id='line_1_82' title="bbox 2168 3794 3801 3877; baseline -0.002 -23"><span class='ocrx_word' id='word_1_548' title='bbox 2168 3796 2349 3860; x_wconf 82' lang='grc' dir='ltr'>ἁπλῶς</span> <span class='ocrx_word' id='word_1_549' title='bbox 2443 3797 2713 3877; x_wconf 85' lang='grc' dir='ltr'>ἀρεσκείας</span> <span class='ocrx_word' id='word_1_550' title='bbox 2810 3795 3306 3877; x_wconf 78' lang='grc' dir='ltr'>κατησφαλισμένας</span> <span class='ocrx_word' id='word_1_551' title='bbox 3387 3794 3741 3874; x_wconf 75' lang='grc' dir='ltr'>ἑπερωτήσεσι</span> <span class='ocrx_word' id='word_1_552' title='bbox 3786 3810 3801 3824; x_wconf 85' lang='grc'><strong>’</strong></span> 
     </span>
    </p>
   </div>
   <div class='ocr_carea' id='block_1_83' title="bbox 2167 3882 3811 3967">
    <p class='ocr_par' dir='ltr' id='par_1_83' title="bbox 2167 3882 3811 3967">
     <span class='ocr_line' id='line_1_83' title="bbox 2167 3882 3811 3967; baseline -0.002 -25"><span class='ocrx_word' id='word_1_553' title='bbox 2167 3888 2253 3942; x_wconf 85' lang='grc' dir='ltr'>καὶ</span> <span class='ocrx_word' id='word_1_554' title='bbox 2300 3887 2428 3967; x_wconf 90' lang='grc' dir='ltr'>πρός</span> <span class='ocrx_word' id='word_1_555' title='bbox 2484 3907 2545 3964; x_wconf 88' lang='grc' dir='ltr'>γε</span> <span class='ocrx_word' id='word_1_556' title='bbox 2626 3883 2848 3941; x_wconf 87' lang='grc' dir='ltr'>κωλύειν</span> <span class='ocrx_word' id='word_1_557' title='bbox 2926 3885 3249 3965; x_wconf 79' lang='grc' dir='ltr'>εἰσέρχεσθαι</span> <span class='ocrx_word' id='word_1_558' title='bbox 3318 3882 3406 3940; x_wconf 75' lang='grc' dir='ltr'>ἐπὶ</span> <span class='ocrx_word' id='word_1_559' title='bbox 3459 3884 3558 3950; x_wconf 75' lang='grc' dir='ltr'>τὴν</span> <span class='ocrx_word' id='word_1_560' title='bbox 3616 3883 3811 3954; x_wconf 73' lang='grc' dir='ltr'>ἀποζυο</span> 
     </span>
    </p>
   </div>
   <div class='ocr_carea' id='block_1_84' title="bbox 2167 3971 3799 4053">
    <p class='ocr_par' dir='ltr' id='par_1_84' title="bbox 2167 3971 3799 4053">
     <span class='ocr_line' id='line_1_84' title="bbox 2167 3971 3799 4053; baseline -0.001 -24"><span class='ocrx_word' id='word_1_561' title='bbox 2167 3988 2351 4053; x_wconf 77' lang='grc' dir='ltr'>γεῖσαν</span> <span class='ocrx_word' id='word_1_562' title='bbox 2442 3974 2682 4049; x_wconf 78' lang='grc' dir='ltr'>μνηστὴν</span> <span class='ocrx_word' id='word_1_563' title='bbox 2740 3973 2807 4031; x_wconf 78' lang='grc' dir='ltr'>τὰ</span> <span class='ocrx_word' id='word_1_564' title='bbox 2861 3974 3126 4052; x_wconf 82' lang='grc' dir='ltr'>ὡρισμένα</span> <span class='ocrx_word' id='word_1_565' title='bbox 3214 3973 3300 4028; x_wconf 87' lang='grc' dir='ltr'>καὶ</span> <span class='ocrx_word' id='word_1_566' title='bbox 3384 3971 3799 4051; x_wconf 75' lang='grc' dir='ltr'>ἐκπεφωνημένα</span> 
     </span>
    </p>
   </div>
   <div class='ocr_carea' id='block_1_85' title="bbox 427 4058 3801 4143">
    <p class='ocr_par' dir='ltr' id='par_1_85' title="bbox 427 4058 3801 4143">
     <span class='ocr_line' id='line_1_85' title="bbox 427 4058 3801 4143; baseline -0.001 -25"><span class='ocrx_word' id='word_1_567' title='bbox 427 4063 712 4141; x_wconf 79' lang='grc' dir='ltr'>συγγενικὰ</span> <span class='ocrx_word' id='word_1_568' title='bbox 740 4066 1021 4143; x_wconf 86' lang='grc' dir='ltr'>πρόσωπα,</span> <span class='ocrx_word' id='word_1_569' title='bbox 1069 4061 1181 4119; x_wconf 81' lang='grc' dir='ltr'>εἴτε</span> <span class='ocrx_word' id='word_1_570' title='bbox 1223 4063 1308 4120; x_wconf 86' lang='grc' dir='ltr'>ἐπὶ</span> <span class='ocrx_word' id='word_1_571' title='bbox 1350 4066 1442 4121; x_wconf 77' lang='grc' dir='ltr'>τοῦ</span> <span class='ocrx_word' id='word_1_572' title='bbox 1472 4062 1717 4140; x_wconf 75' lang='grc' dir='ltr'>ἑϐδόμου,</span> <span class='ocrx_word' id='word_1_573' title='bbox 1754 4063 1866 4119; x_wconf 70' lang='grc' dir='ltr'>εἴτε</span> <span class='ocrx_word' id='word_1_574' title='bbox 1897 4062 1981 4120; x_wconf 80' lang='grc' dir='ltr'>ἐπὶ</span> <span class='ocrx_word' id='word_1_575' title='bbox 2023 4070 2113 4120; x_wconf 83' lang='grc' dir='ltr'>τοῦ</span> <span class='ocrx_word' id='word_1_576' title='bbox 2142 4060 2565 4142; x_wconf 81' lang='grc' dir='ltr'>τρισκαιδεκάτου</span> <span class='ocrx_word' id='word_1_577' title='bbox 2594 4061 2828 4118; x_wconf 80' lang='grc' dir='ltr'>ἐνιαυτοῦ</span> <span class='ocrx_word' id='word_1_578' title='bbox 2867 4062 2895 4117; x_wconf 88' lang='grc' dir='ltr'><strong>ὁ</strong></span> <span class='ocrx_word' id='word_1_579' title='bbox 2929 4066 3025 4128; x_wconf 78' lang='grc' dir='ltr'>τῆς</span> <span class='ocrx_word' id='word_1_580' title='bbox 3058 4060 3340 4137; x_wconf 87' lang='grc' dir='ltr'>μνηστείας</span> <span class='ocrx_word' id='word_1_581' title='bbox 3369 4059 3593 4126; x_wconf 74' lang='grc' dir='ltr'>συνέστη</span> <span class='ocrx_word' id='word_1_582' title='bbox 3622 4058 3801 4137; x_wconf 84' lang='grc' dir='ltr'>λόγος,</span> 
     </span>
    </p>
   </div>
   <div class='ocr_carea' id='block_1_86' title="bbox 417 4150 1068 4232">
    <p class='ocr_par' dir='ltr' id='par_1_86' title="bbox 417 4150 1068 4232">
     <span class='ocr_line' id='line_1_86' title="bbox 417 4150 1068 4232; baseline 0.006 -25"><span class='ocrx_word' id='word_1_583' title='bbox 417 4152 506 4208; x_wconf 82' lang='grc' dir='ltr'>καὶ</span> <span class='ocrx_word' id='word_1_584' title='bbox 534 4152 569 4219; x_wconf 73' lang='grc' dir='ltr'><strong>ἡ</strong></span> <span class='ocrx_word' id='word_1_585' title='bbox 598 4152 796 4219; x_wconf 87' lang='grc' dir='ltr'>ταύτης</span> <span class='ocrx_word' id='word_1_586' title='bbox 826 4150 1068 4232; x_wconf 80' lang='grc' dir='ltr'>διαζυγή.</span> 
     </span>
    </p>
   </div>
   <div class='ocr_carea' id='block_1_87' title="bbox 508 4237 2078 4324">
    <p class='ocr_par' dir='ltr' id='par_1_87' title="bbox 508 4238 2078 4324">
     <span class='ocr_line' id='line_1_87' title="bbox 508 4238 2078 4324; baseline 0.003 -24"><span class='ocrx_word' id='word_1_587' title='bbox 508 4238 727 4321; x_wconf 91' lang='lat' dir='ltr'>Sponsi</span> <span class='ocrx_word' id='word_1_588' title='bbox 776 4238 976 4319; x_wconf 80' lang='lat' dir='ltr'>igitur,</span> <span class='ocrx_word' id='word_1_589' title='bbox 1029 4239 1105 4302; x_wconf 92' lang='lat' dir='ltr'>de</span> <span class='ocrx_word' id='word_1_590' title='bbox 1156 4239 1370 4322; x_wconf 92' lang='lat' dir='ltr'>quibus</span> <span class='ocrx_word' id='word_1_591' title='bbox 1401 4241 1638 4323; x_wconf 88' lang='lat' dir='ltr'>quaris,</span> <span class='ocrx_word' id='word_1_592' title='bbox 1696 4243 1921 4323; x_wconf 90' lang='lat' dir='ltr'>primus</span> <span class='ocrx_word' id='word_1_593' title='bbox 1945 4243 2078 4324; x_wconf 91' lang='lat' dir='ltr'>qui-</span> 
     </span>
    </p>
   </div>
   <div class='ocr_carea' id='block_1_88' title="bbox 2168 4237 3805 4324">
    <p class='ocr_par' dir='ltr' id='par_1_88' title="bbox 2246 4237 3805 4318">
     <span class='ocr_line' id='line_1_88' title="bbox 2246 4237 3805 4318; baseline -0.004 -19"><span class='ocrx_word' id='word_1_594' title='bbox 2246 4242 2423 4302; x_wconf 86' lang='grc' dir='ltr'>Τοίνυν</span> <span class='ocrx_word' id='word_1_595' title='bbox 2481 4243 2567 4299; x_wconf 87' lang='grc' dir='ltr'>καὶ</span> <span class='ocrx_word' id='word_1_596' title='bbox 2625 4243 2672 4297; x_wconf 78' lang='grc' dir='ltr'>οἱ</span> <span class='ocrx_word' id='word_1_597' title='bbox 2742 4241 3066 4318; x_wconf 77' lang='grc' dir='ltr'>μνηστῆρες,</span> <span class='ocrx_word' id='word_1_598' title='bbox 3139 4238 3258 4316; x_wconf 83' lang='grc' dir='ltr'>περὶ</span> <span class='ocrx_word' id='word_1_599' title='bbox 3307 4239 3382 4292; x_wconf 82' lang='grc' dir='ltr'>ὧν</span> <span class='ocrx_word' id='word_1_600' title='bbox 3436 4237 3741 4317; x_wconf 78' lang='grc' dir='ltr'>ἠρώτησας,</span> <span class='ocrx_word' id='word_1_601' title='bbox 3773 4238 3805 4293; x_wconf 77' lang='grc' dir='ltr'>ὁ</span> 
     </span>
    </p>
   </div>
   <div class='ocr_carea' id='block_1_89' title="bbox 431 4325 2079 4413">
    <p class='ocr_par' dir='ltr' id='par_1_89' title="bbox 431 4325 2079 4413">
     <span class='ocr_line' id='line_1_89' title="bbox 431 4325 2079 4413; baseline 0.002 -24"><span class='ocrx_word' id='word_1_602' title='bbox 431 4325 596 4409; x_wconf 85' lang='lat' dir='ltr'>dem,</span> <span class='ocrx_word' id='word_1_603' title='bbox 628 4326 679 4388; x_wconf 93' lang='lat' dir='ltr'>si</span> <span class='ocrx_word' id='word_1_604' title='bbox 710 4328 908 4410; x_wconf 89' lang='lat' dir='ltr'>puella</span> <span class='ocrx_word' id='word_1_605' title='bbox 935 4335 1060 4391; x_wconf 91' lang='lat' dir='ltr'>erat</span> <span class='ocrx_word' id='word_1_606' title='bbox 1089 4330 1525 4411; x_wconf 90' lang='lat' dir='ltr'>septennis,aut</span> <span class='ocrx_word' id='word_1_607' title='bbox 1558 4332 1910 4413; x_wconf 89' lang='lat' dir='ltr'>provectior,</span> <span class='ocrx_word' id='word_1_608' title='bbox 1945 4351 2079 4394; x_wconf 92' lang='lat' dir='ltr'>cum</span> 
     </span>
    </p>
   </div>
   <div class='ocr_carea' id='block_1_90' title="bbox 433 4416 2081 4503">
    <p class='ocr_par' dir='ltr' id='par_1_90' title="bbox 433 4416 2081 4503">
     <span class='ocr_line' id='line_1_90' title="bbox 433 4416 2081 4503; baseline 0.004 -26"><span class='ocrx_word' id='word_1_609' title='bbox 433 4416 736 4496; x_wconf 88' lang='lat' dir='ltr'>sponsalia</span> <span class='ocrx_word' id='word_1_610' title='bbox 762 4417 891 4480; x_wconf 89' lang='lat' dir='ltr'>solo</span> <span class='ocrx_word' id='word_1_611' title='bbox 921 4437 1218 4482; x_wconf 90' lang='lat' dir='ltr'>consensu</span> <span class='ocrx_word' id='word_1_612' title='bbox 1250 4420 1408 4483; x_wconf 91' lang='lat' dir='ltr'>inter</span> <span class='ocrx_word' id='word_1_613' title='bbox 1455 4439 1559 4482; x_wconf 92' lang='lat' dir='ltr'>eos</span> <span class='ocrx_word' id='word_1_614' title='bbox 1587 4420 1740 4482; x_wconf 84' lang='lat' dir='ltr'>facta</span> <span class='ocrx_word' id='word_1_615' title='bbox 1764 4429 1923 4503; x_wconf 86' lang='lat' dir='ltr'>sunt,</span> <span class='ocrx_word' id='word_1_616' title='bbox 1948 4439 2081 4501; x_wconf 90' lang='lat' dir='ltr'>pro-</span> 
     </span>
    </p>
   </div>
   <div class='ocr_carea' id='block_1_91' title="bbox 426 4503 2079 4591">
    <p class='ocr_par' dir='ltr' id='par_1_91' title="bbox 426 4503 2079 4591">
     <span class='ocr_line' id='line_1_91' title="bbox 426 4503 2079 4591; baseline 0.003 -25"><span class='ocrx_word' id='word_1_617' title='bbox 426 4503 670 4568; x_wconf 87' lang='lat' dir='ltr'>hibetur</span> <span class='ocrx_word' id='word_1_618' title='bbox 721 4525 792 4569; x_wconf 83' lang='lat' dir='ltr'><strong>ex</strong></span> <span class='ocrx_word' id='word_1_619' title='bbox 848 4506 979 4587; x_wconf 89' lang='lat' dir='ltr'>lege</span> <span class='ocrx_word' id='word_1_620' title='bbox 1033 4526 1379 4589; x_wconf 83' lang='lat' dir='ltr'>germanam</span> <span class='ocrx_word' id='word_1_621' title='bbox 1413 4510 1538 4591; x_wconf 83' lang='lat' dir='ltr'>ejus</span> <span class='ocrx_word' id='word_1_622' title='bbox 1564 4528 1807 4571; x_wconf 85' lang='lat' dir='ltr'>uxorem</span> <span class='ocrx_word' id='word_1_623' title='bbox 1840 4510 2079 4587; x_wconf 84' lang='lat' dir='ltr'>ducere,</span> 
     </span>
    </p>
   </div>
   <div class='ocr_carea' id='block_1_92' title="bbox 431 4594 2080 4678">
    <p class='ocr_par' dir='ltr' id='par_1_92' title="bbox 431 4594 2080 4678">
     <span class='ocr_line' id='line_1_92' title="bbox 431 4594 2080 4678; baseline 0.002 -23"><span class='ocrx_word' id='word_1_624' title='bbox 431 4601 664 4656; x_wconf 90' lang='lat' dir='ltr'>mortua</span> <span class='ocrx_word' id='word_1_625' title='bbox 676 4594 952 4657; x_wconf 90' lang='lat' dir='ltr'>videlicet</span> <span class='ocrx_word' id='word_1_626' title='bbox 964 4595 1195 4660; x_wconf 88' lang='lat' dir='ltr'>illa.Sin</span> <span class='ocrx_word' id='word_1_627' title='bbox 1210 4610 1408 4661; x_wconf 90' lang='lat' dir='ltr'>autem</span> <span class='ocrx_word' id='word_1_628' title='bbox 1431 4597 1767 4660; x_wconf 88' lang='lat' dir='ltr'>eratminor</span> <span class='ocrx_word' id='word_1_629' title='bbox 1779 4616 1883 4678; x_wconf 89' lang='lat' dir='ltr'>sep</span> <span class='ocrx_word' id='word_1_630' title='bbox 1898 4599 2080 4673; x_wconf 86' lang='lat' dir='ltr'>tenui,</span> 
     </span>
    </p>
   </div>
   <div class='ocr_carea' id='block_1_93' title="bbox 426 4681 2087 4765">
    <p class='ocr_par' dir='ltr' id='par_1_93' title="bbox 426 4681 2087 4765">
     <span class='ocr_line' id='line_1_93' title="bbox 426 4681 2087 4765; baseline 0.002 -22"><span class='ocrx_word' id='word_1_631' title='bbox 426 4681 633 4764; x_wconf 85' lang='lat' dir='ltr'>(natali</span> <span class='ocrx_word' id='word_1_632' title='bbox 663 4692 836 4745; x_wconf 85' lang='lat' dir='ltr'>atate</span> <span class='ocrx_word' id='word_1_633' title='bbox 862 4701 973 4746; x_wconf 91' lang='lat' dir='ltr'>nec</span> <span class='ocrx_word' id='word_1_634' title='bbox 1004 4702 1112 4765; x_wconf 89' lang='lat' dir='ltr'>per</span> <span class='ocrx_word' id='word_1_635' title='bbox 1164 4684 1354 4746; x_wconf 90' lang='lat' dir='ltr'>solum</span> <span class='ocrx_word' id='word_1_636' title='bbox 1406 4704 1758 4747; x_wconf 92' lang='lat' dir='ltr'>consensum</span> <span class='ocrx_word' id='word_1_637' title='bbox 1790 4685 2087 4765; x_wconf 89' lang='lat' dir='ltr'>sponsalia</span> 
     </span>
    </p>
   </div>
   <div class='ocr_carea' id='block_1_94' title="bbox 428 4772 2083 4853">
    <p class='ocr_par' dir='ltr' id='par_1_94' title="bbox 428 4772 2083 4853">
     <span class='ocr_line' id='line_1_94' title="bbox 428 4772 2083 4853; baseline 0.002 -21"><span class='ocrx_word' id='word_1_638' title='bbox 428 4788 676 4852; x_wconf 89' lang='lat' dir='ltr'>prorsus</span> <span class='ocrx_word' id='word_1_639' title='bbox 697 4772 1026 4835; x_wconf 90' lang='lat' dir='ltr'>consistere</span> <span class='ocrx_word' id='word_1_640' title='bbox 1048 4772 1631 4851; x_wconf 84' lang='lat' dir='ltr'>dignoscuntur)sine</span> <span class='ocrx_word' id='word_1_641' title='bbox 1653 4773 2083 4853; x_wconf 77' lang='lat' dir='ltr'>reprehensio-</span> 
     </span>
    </p>
   </div>
   <div class='ocr_carea' id='block_1_95' title="bbox 426 4858 2078 4941">
    <p class='ocr_par' dir='ltr' id='par_1_95' title="bbox 426 4858 2078 4941">
     <span class='ocr_line' id='line_1_95' title="bbox 426 4858 2078 4941; baseline 0.002 -22"><span class='ocrx_word' id='word_1_642' title='bbox 426 4875 505 4919; x_wconf 87' lang='lat' dir='ltr'>ne</span> <span class='ocrx_word' id='word_1_643' title='bbox 527 4866 586 4920; x_wconf 90' lang='lat' dir='ltr'>et</span> <span class='ocrx_word' id='word_1_644' title='bbox 614 4858 868 4922; x_wconf 88' lang='lat' dir='ltr'>crimine</span> <span class='ocrx_word' id='word_1_645' title='bbox 893 4859 949 4923; x_wconf 90' lang='lat' dir='ltr'>ei</span> <span class='ocrx_word' id='word_1_646' title='bbox 971 4861 1388 4941; x_wconf 89' lang='lat' dir='ltr'>conjungetur.</span> <span class='ocrx_word' id='word_1_647' title='bbox 1414 4860 1679 4924; x_wconf 86' lang='lat' dir='ltr'>Annales</span> <span class='ocrx_word' id='word_1_648' title='bbox 1694 4861 1858 4924; x_wconf 88' lang='lat' dir='ltr'>enim</span> <span class='ocrx_word' id='word_1_649' title='bbox 1886 4862 2078 4941; x_wconf 88' lang='lat' dir='ltr'>legum</span> 
     </span>
    </p>
   </div>
   <div class='ocr_carea' id='block_1_96' title="bbox 427 4945 2081 5032">
    <p class='ocr_par' dir='ltr' id='par_1_96' title="bbox 427 4945 2081 5032">
     <span class='ocr_line' id='line_1_96' title="bbox 427 4945 2081 5032; baseline 0.004 -26"><span class='ocrx_word' id='word_1_650' title='bbox 427 4945 719 5012; x_wconf 90' lang='lat' dir='ltr'>terminos</span> <span class='ocrx_word' id='word_1_651' title='bbox 748 4964 861 5014; x_wconf 91' lang='lat' dir='ltr'>nec</span> <span class='ocrx_word' id='word_1_652' title='bbox 891 4965 1129 5026; x_wconf 87' lang='lat' dir='ltr'>novare,</span> <span class='ocrx_word' id='word_1_653' title='bbox 1166 4967 1279 5012; x_wconf 91' lang='lat' dir='ltr'>nec</span> <span class='ocrx_word' id='word_1_654' title='bbox 1331 4949 1536 5028; x_wconf 77' lang='lat' dir='ltr'>egredi</span> <span class='ocrx_word' id='word_1_655' title='bbox 1564 4965 1586 4995; x_wconf 72' lang='grc' dir='ltr'>τ</span> <span class='ocrx_word' id='word_1_656' title='bbox 1616 4967 1951 5032; x_wconf 90' lang='lat' dir='ltr'>possumus.</span> <span class='ocrx_word' id='word_1_657' title='bbox 1981 4948 2081 5013; x_wconf 91' lang='lat' dir='ltr'>Se-</span> 
     </span>
    </p>
   </div>
   <div class='ocr_carea' id='block_1_97' title="bbox 425 5033 2074 5120">
    <p class='ocr_par' dir='ltr' id='par_1_97' title="bbox 425 5033 2074 5120">
     <span class='ocr_line' id='line_1_97' title="bbox 425 5033 2074 5120; baseline 0.005 -26"><span class='ocrx_word' id='word_1_658' title='bbox 425 5033 660 5098; x_wconf 88' lang='lat' dir='ltr'>cundus</span> <span class='ocrx_word' id='word_1_659' title='bbox 714 5043 939 5119; x_wconf 88' lang='lat' dir='ltr'>autem,</span> <span class='ocrx_word' id='word_1_660' title='bbox 994 5036 1136 5120; x_wconf 90' lang='lat' dir='ltr'>quia</span> <span class='ocrx_word' id='word_1_661' title='bbox 1208 5038 1649 5120; x_wconf 87' lang='lat' dir='ltr'>sponsaliorum</span> <span class='ocrx_word' id='word_1_662' title='bbox 1716 5036 2074 5102; x_wconf 79' lang='lat' dir='ltr'>censensum</span> 
     </span>
    </p>
   </div>
   <div class='ocr_carea' id='block_1_98' title="bbox 2165 4327 3800 4413">
    <p class='ocr_par' dir='ltr' id='par_1_98' title="bbox 2165 4327 3800 4413">
     <span class='ocr_line' id='line_1_98' title="bbox 2165 4327 3800 4413; baseline -0.004 -24"><span class='ocrx_word' id='word_1_663' title='bbox 2165 4334 2260 4410; x_wconf 79' lang='grc' dir='ltr'>μὲν</span> <span class='ocrx_word' id='word_1_664' title='bbox 2292 4334 2521 4413; x_wconf 77' lang='grc' dir='ltr'>πρῶτος,</span> <span class='ocrx_word' id='word_1_665' title='bbox 2553 4333 2596 4387; x_wconf 83' lang='grc' dir='ltr'>εἷ</span> <span class='ocrx_word' id='word_1_666' title='bbox 2638 4331 2736 4406; x_wconf 76' lang='grc' dir='ltr'>μὲν</span> <span class='ocrx_word' id='word_1_667' title='bbox 2793 4330 3051 4397; x_wconf 68' lang='grc' dir='ltr'>ἑπταέτης</span> <span class='ocrx_word' id='word_1_668' title='bbox 3086 4330 3153 4395; x_wconf 83' lang='grc' dir='ltr'>ἧν</span> <span class='ocrx_word' id='word_1_669' title='bbox 3182 4330 3216 4396; x_wconf 78' lang='grc' dir='ltr'><strong>ἡ</strong></span> <span class='ocrx_word' id='word_1_670' title='bbox 3247 4328 3379 4406; x_wconf 79' lang='grc' dir='ltr'>κόρη</span> <span class='ocrx_word' id='word_1_671' title='bbox 3447 4327 3484 4396; x_wconf 77' lang='grc' dir='ltr'><strong>ἢ</strong></span> <span class='ocrx_word' id='word_1_672' title='bbox 3539 4327 3800 4413; x_wconf 77' lang='grc' dir='ltr'>ἐπέκεινα,</span> 
     </span>
    </p>
   </div>
   <div class='ocr_carea' id='block_1_99' title="bbox 2165 4412 3793 4495">
    <p class='ocr_par' dir='ltr' id='par_1_99' title="bbox 2165 4412 3793 4495">
     <span class='ocr_line' id='line_1_99' title="bbox 2165 4412 3793 4495; baseline -0.006 -16"><span class='ocrx_word' id='word_1_673' title='bbox 2165 4422 2324 4479; x_wconf 86' lang='grc' dir='ltr'>ὁπότε</span> <span class='ocrx_word' id='word_1_674' title='bbox 2354 4420 2489 4479; x_wconf 77' lang='grc' dir='ltr'>κατὰ</span> <span class='ocrx_word' id='word_1_675' title='bbox 2518 4419 2803 4474; x_wconf 88' lang='grc' dir='ltr'>συναίνεσιν</span> <span class='ocrx_word' id='word_1_676' title='bbox 2833 4417 3000 4493; x_wconf 87' lang='grc' dir='ltr'>μόνην</span> <span class='ocrx_word' id='word_1_677' title='bbox 3050 4417 3085 4484; x_wconf 74' lang='grc' dir='ltr'>ἡ</span> <span class='ocrx_word' id='word_1_678' title='bbox 3118 4415 3276 4492; x_wconf 83' lang='grc' dir='ltr'>μέσον</span> <span class='ocrx_word' id='word_1_679' title='bbox 3330 4416 3530 4473; x_wconf 86' lang='grc' dir='ltr'>τούτων</span> <span class='ocrx_word' id='word_1_680' title='bbox 3599 4412 3793 4495; x_wconf 79' lang='grc' dir='ltr'>προέϐη</span> 
     </span>
    </p>
   </div>
   <div class='ocr_carea' id='block_1_100' title="bbox 2165 4501 3801 4588">
    <p class='ocr_par' dir='ltr' id='par_1_100' title="bbox 2165 4501 3801 4588">
     <span class='ocr_line' id='line_1_100' title="bbox 2165 4501 3801 4588; baseline -0.004 -22"><span class='ocrx_word' id='word_1_681' title='bbox 2165 4510 2442 4588; x_wconf 83' lang='grc' dir='ltr'>μνηστεία,</span> <span class='ocrx_word' id='word_1_682' title='bbox 2527 4505 2882 4575; x_wconf 80' lang='grc' dir='ltr'>κωλυθήσεται</span> <span class='ocrx_word' id='word_1_683' title='bbox 2970 4505 3069 4572; x_wconf 76' lang='grc' dir='ltr'>τὴν</span> <span class='ocrx_word' id='word_1_684' title='bbox 3166 4501 3496 4584; x_wconf 72' lang='grc' dir='ltr'>αὒταδέλφην</span> <span class='ocrx_word' id='word_1_685' title='bbox 3609 4504 3801 4569; x_wconf 83' lang='grc' dir='ltr'>ταύτης</span> 
     </span>
    </p>
   </div>
   <div class='ocr_carea' id='block_1_101' title="bbox 2166 4589 3804 4672">
    <p class='ocr_par' dir='ltr' id='par_1_101' title="bbox 2166 4589 3804 4672">
     <span class='ocr_line' id='line_1_101' title="bbox 2166 4589 3804 4672; baseline -0.005 -19"><span class='ocrx_word' id='word_1_686' title='bbox 2166 4598 2302 4653; x_wconf 83' lang='grc' dir='ltr'>κατὰ</span> <span class='ocrx_word' id='word_1_687' title='bbox 2321 4598 2411 4651; x_wconf 81' lang='grc' dir='ltr'>τὸν</span> <span class='ocrx_word' id='word_1_688' title='bbox 2440 4596 2602 4671; x_wconf 87' lang='grc' dir='ltr'>νόμον</span> <span class='ocrx_word' id='word_1_689' title='bbox 2631 4595 2703 4658; x_wconf 89' lang='grc' dir='ltr'>εἰς</span> <span class='ocrx_word' id='word_1_690' title='bbox 2732 4606 2957 4672; x_wconf 80' lang='grc' dir='ltr'>γυναῖκα</span> <span class='ocrx_word' id='word_1_691' title='bbox 3027 4589 3235 4665; x_wconf 74' lang='grc' dir='ltr'>λαϐεῖν,</span> <span class='ocrx_word' id='word_1_692' title='bbox 3305 4592 3563 4659; x_wconf 87' lang='grc' dir='ltr'>θανούσης</span> <span class='ocrx_word' id='word_1_693' title='bbox 3622 4589 3804 4658; x_wconf 86' lang='grc' dir='ltr'>δηλον-</span> 
     </span>
    </p>
   </div>
   <div class='ocr_carea' id='block_1_102' title="bbox 2167 4679 3800 4759">
    <p class='ocr_par' dir='ltr' id='par_1_102' title="bbox 2167 4679 3800 4759">
     <span class='ocr_line' id='line_1_102' title="bbox 2167 4679 3800 4759; baseline -0.004 -18"><span class='ocrx_word' id='word_1_694' title='bbox 2167 4686 2248 4741; x_wconf 89' lang='grc' dir='ltr'>ότι</span> <span class='ocrx_word' id='word_1_695' title='bbox 2277 4684 2503 4750; x_wconf 78' lang='grc' dir='ltr'>ἐκείνης.</span> <span class='ocrx_word' id='word_1_696' title='bbox 2557 4684 2615 4740; x_wconf 80' lang='grc' dir='ltr'>Εἰ</span> <span class='ocrx_word' id='word_1_697' title='bbox 2669 4680 2722 4737; x_wconf 77' lang='grc' dir='ltr'>δὲ</span> <span class='ocrx_word' id='word_1_698' title='bbox 2777 4680 3005 4738; x_wconf 80' lang='grc' dir='ltr'>ἐλάττων</span> <span class='ocrx_word' id='word_1_699' title='bbox 3060 4681 3319 4759; x_wconf 74' lang='grc' dir='ltr'>ἐτύγχανε</span> <span class='ocrx_word' id='word_1_700' title='bbox 3380 4684 3486 4734; x_wconf 81' lang='grc' dir='ltr'>τῶν</span> <span class='ocrx_word' id='word_1_701' title='bbox 3541 4679 3675 4736; x_wconf 81' lang='grc' dir='ltr'>ἑπτὰ</span> <span class='ocrx_word' id='word_1_702' title='bbox 3721 4679 3800 4758; x_wconf 68' lang='grc' dir='ltr'>(ἐν</span> 
     </span>
    </p>
   </div>
   <div class='ocr_carea' id='block_1_103' title="bbox 2164 4766 3798 4852">
    <p class='ocr_par' dir='ltr' id='par_1_103' title="bbox 2164 4766 3798 4852">
     <span class='ocr_line' id='line_1_103' title="bbox 2164 4766 3798 4852; baseline -0.004 -23"><span class='ocrx_word' id='word_1_703' title='bbox 2164 4775 2378 4852; x_wconf 76' lang='grc' dir='ltr'>τοιαύτῃ</span> <span class='ocrx_word' id='word_1_704' title='bbox 2411 4774 2509 4852; x_wconf 76' lang='grc' dir='ltr'>γὰρ</span> <span class='ocrx_word' id='word_1_705' title='bbox 2537 4771 2716 4844; x_wconf 76' lang='grc' dir='ltr'>ἧλικίᾳ</span> <span class='ocrx_word' id='word_1_706' title='bbox 2748 4768 2863 4830; x_wconf 72' lang='grc' dir='ltr'>οὐδὲ</span> <span class='ocrx_word' id='word_1_707' title='bbox 2905 4767 2988 4825; x_wconf 82' lang='grc' dir='ltr'>διὰ</span> <span class='ocrx_word' id='word_1_708' title='bbox 3044 4769 3212 4845; x_wconf 88' lang='grc' dir='ltr'>μόνης</span> <span class='ocrx_word' id='word_1_709' title='bbox 3269 4766 3612 4835; x_wconf 82' lang='grc' dir='ltr'>συναινέσεως</span> <span class='ocrx_word' id='word_1_710' title='bbox 3657 4791 3798 4844; x_wconf 88' lang='grc' dir='ltr'>μνη-</span> 
     </span>
    </p>
   </div>
   <div class='ocr_carea' id='block_1_104' title="bbox 2166 4855 3797 4936">
    <p class='ocr_par' dir='ltr' id='par_1_104' title="bbox 2166 4855 3797 4936">
     <span class='ocr_line' id='line_1_104' title="bbox 2166 4855 3797 4936; baseline -0.004 -17"><span class='ocrx_word' id='word_1_711' title='bbox 2166 4863 2310 4920; x_wconf 88' lang='grc' dir='ltr'>στεία</span> <span class='ocrx_word' id='word_1_712' title='bbox 2364 4861 2499 4927; x_wconf 85' lang='grc' dir='ltr'>ὅλως</span> <span class='ocrx_word' id='word_1_713' title='bbox 2570 4858 2920 4935; x_wconf 73' lang='grc' dir='ltr'>συνισταμένη</span> <span class='ocrx_word' id='word_1_714' title='bbox 2977 4855 3431 4936; x_wconf 80' lang='grc' dir='ltr'>ἐπιγινώσκεται),</span> <span class='ocrx_word' id='word_1_715' title='bbox 3512 4857 3797 4933; x_wconf 79' lang='grc' dir='ltr'>ἀμέμπτως</span> 
     </span>
    </p>
   </div>
   <div class='ocr_carea' id='block_1_105' title="bbox 2162 4946 3796 5029">
    <p class='ocr_par' dir='ltr' id='par_1_105' title="bbox 2162 4946 3796 5029">
     <span class='ocr_line' id='line_1_105' title="bbox 2162 4946 3796 5029; baseline -0.005 -22"><span class='ocrx_word' id='word_1_716' title='bbox 2162 4953 2249 5007; x_wconf 88' lang='grc' dir='ltr'>καὶ</span> <span class='ocrx_word' id='word_1_717' title='bbox 2318 4950 2734 5029; x_wconf 71' lang='grc' dir='ltr'>ἀκατηγορήτως</span> <span class='ocrx_word' id='word_1_718' title='bbox 2787 4947 2921 5024; x_wconf 77' lang='grc' dir='ltr'>αὒτῇ</span> <span class='ocrx_word' id='word_1_719' title='bbox 2978 4946 3416 5025; x_wconf 76' lang='grc' dir='ltr'>συζευχθήσεται.</span> <span class='ocrx_word' id='word_1_720' title='bbox 3487 4946 3616 5008; x_wconf 77' lang='grc' dir='ltr'>Τοὺς</span> <span class='ocrx_word' id='word_1_721' title='bbox 3663 4966 3796 5025; x_wconf 87' lang='grc' dir='ltr'>χρο-</span> 
     </span>
    </p>
   </div>
   <div class='ocr_carea' id='block_1_106' title="bbox 2162 5030 3798 5120">
    <p class='ocr_par' dir='ltr' id='par_1_106' title="bbox 2162 5030 3798 5120">
     <span class='ocr_line' id='line_1_106' title="bbox 2162 5030 3798 5120; baseline -0.005 -23"><span class='ocrx_word' id='word_1_722' title='bbox 2162 5030 2334 5102; x_wconf 71' lang='grc' dir='ltr'>νὶκοὺς</span> <span class='ocrx_word' id='word_1_723' title='bbox 2392 5042 2490 5120; x_wconf 84' lang='grc' dir='ltr'>γὰρ</span> <span class='ocrx_word' id='word_1_724' title='bbox 2560 5038 2708 5119; x_wconf 85' lang='grc' dir='ltr'>ὅρους</span> <span class='ocrx_word' id='word_1_725' title='bbox 2760 5042 2865 5092; x_wconf 83' lang='grc' dir='ltr'>τῶν</span> <span class='ocrx_word' id='word_1_726' title='bbox 2921 5035 3096 5112; x_wconf 88' lang='grc' dir='ltr'>νόμων</span> <span class='ocrx_word' id='word_1_727' title='bbox 3170 5032 3287 5090; x_wconf 68' lang='grc' dir='ltr'>οὔτε</span> <span class='ocrx_word' id='word_1_728' title='bbox 3340 5033 3614 5115; x_wconf 83' lang='grc' dir='ltr'>καινίζειν,</span> <span class='ocrx_word' id='word_1_729' title='bbox 3688 5032 3798 5092; x_wconf 74' lang='grc' dir='ltr'>οὔτε</span> 
     </span>
    </p>
   </div>
   <div class='ocr_carea' id='block_1_107' title="bbox 1746 5205 2484 5307">
    <p class='ocr_par' dir='ltr' id='par_1_107' title="bbox 1746 5205 2484 5307">
     <span class='ocr_line' id='line_1_107' title="bbox 1746 5205 2484 5307; baseline 0.001 -37"><span class='ocrx_word' id='word_1_730' title='bbox 1746 5205 2003 5273; x_wconf 61' lang='lat' dir='ltr'>nam</span> <span class='ocrx_word' id='word_1_731' title='bbox 2045 5205 2484 5307; x_wconf 66' lang='lat' dir='ltr'>Lscrtouss.</span> 
     </span>
    </p>
   </div>
   <div class='ocr_carea' id='block_1_108' title="bbox 502 5330 851 5410">
    <p class='ocr_par' dir='ltr' id='par_1_108' title="bbox 502 5330 851 5410">
     <span class='ocr_line' id='line_1_108' title="bbox 502 5330 851 5410; baseline 0.023 -21"><span class='ocrx_word' id='word_1_732' title='bbox 502 5330 537 5389; x_wconf 83' lang='lat'><strong>9</strong></span> <span class='ocrx_word' id='word_1_733' title='bbox 563 5333 851 5410; x_wconf 64' lang='grc' dir='ltr'>ἧμπωλῶν.</span> 
     </span>
    </p>
   </div>
   <div class='ocr_carea' id='block_1_109' title="bbox 941 5335 1301 5415">
    <p class='ocr_par' dir='ltr' id='par_1_109' title="bbox 941 5335 1301 5415">
     <span class='ocr_line' id='line_1_109' title="bbox 941 5335 1301 5415; baseline -0.003 -21"><span class='ocrx_word' id='word_1_734' title='bbox 941 5335 1003 5387; x_wconf 80' lang='grc' dir='ltr'>ίο</span> <span class='ocrx_word' id='word_1_735' title='bbox 1030 5342 1301 5415; x_wconf 77' lang='grc' dir='ltr'>κρατῦναι,</span> 
     </span>
    </p>
   </div>
   <div class='ocr_carea' id='block_1_110' title="bbox 504 5464 3811 5551">
    <p class='ocr_par' dir='ltr' id='par_1_110' title="bbox 504 5464 3811 5551">
     <span class='ocr_line' id='line_1_110' title="bbox 504 5464 3811 5551; baseline -0 -22"><span class='ocrx_word' id='word_1_736' title='bbox 504 5477 548 5510; x_wconf 72' lang='grc' dir='ltr'>ω</span> <span class='ocrx_word' id='word_1_737' title='bbox 573 5483 765 5551; x_wconf 65' lang='lat' dir='ltr'>supra</span> <span class='ocrx_word' id='word_1_738' title='bbox 793 5466 956 5531; x_wconf 75' lang='lat' dir='ltr'>dicta</span> <span class='ocrx_word' id='word_1_739' title='bbox 985 5484 1123 5531; x_wconf 82' lang='lat' dir='ltr'>vero</span> <span class='ocrx_word' id='word_1_740' title='bbox 1142 5466 1660 5551; x_wconf 62' lang='lat' dir='ltr'>novellwnjteque</span> <span class='ocrx_word' id='word_1_741' title='bbox 1685 5470 1758 5551; x_wconf 73' lang='lat' dir='ltr'>de</span> <span class='ocrx_word' id='word_1_742' title='bbox 1778 5471 2073 5551; x_wconf 71' lang='lat' dir='ltr'>praedicta</span> <span class='ocrx_word' id='word_1_743' title='bbox 2093 5470 2392 5550; x_wconf 77' lang='lat' dir='ltr'>septenni.</span> <span class='ocrx_word' id='word_1_744' title='bbox 2439 5481 2464 5513; x_wconf 87' lang='grc' dir='ltr'><strong>ο</strong></span> <span class='ocrx_word' id='word_1_745' title='bbox 2493 5487 2612 5533; x_wconf 82' lang='lat' dir='ltr'>non</span> <span class='ocrx_word' id='word_1_746' title='bbox 2642 5475 2710 5533; x_wconf 86' lang='lat' dir='ltr'>ut</span> <span class='ocrx_word' id='word_1_747' title='bbox 2738 5469 2959 5549; x_wconf 75' lang='lat' dir='ltr'>efficiat</span> <span class='ocrx_word' id='word_1_748' title='bbox 2982 5469 3169 5550; x_wconf 81' lang='lat' dir='ltr'>plena</span> <span class='ocrx_word' id='word_1_749' title='bbox 3195 5464 3536 5551; x_wconf 75' lang='lat' dir='ltr'>spmtsalia,</span> <span class='ocrx_word' id='word_1_750' title='bbox 3561 5468 3663 5551; x_wconf 77' lang='lat' dir='ltr'>sed</span> <span class='ocrx_word' id='word_1_751' title='bbox 3683 5465 3811 5551; x_wconf 78' lang='lat' dir='ltr'>tan&#39;</span> 
     </span>
    </p>
   </div>
   <div class='ocr_carea' id='block_1_111' title="bbox 422 5544 3805 5630">
    <p class='ocr_par' dir='ltr' id='par_1_111' title="bbox 422 5544 3805 5630">
     <span class='ocr_line' id='line_1_111' title="bbox 422 5544 3805 5630; baseline 0 -21"><span class='ocrx_word' id='word_1_752' title='bbox 422 5544 566 5630; x_wconf 28' lang='lat' dir='ltr'>tum-</span> <span class='ocrx_word' id='word_1_753' title='bbox 594 5544 922 5627; x_wconf 77' lang='lat' dir='ltr'>conﬁrmet.</span> <span class='ocrx_word' id='word_1_754' title='bbox 971 5557 998 5601; x_wconf 77' lang='grc' dir='ltr'>(ι</span> <span class='ocrx_word' id='word_1_755' title='bbox 1025 5550 1312 5630; x_wconf 76' lang='lat' dir='ltr'>accedere</span> <span class='ocrx_word' id='word_1_756' title='bbox 1333 5544 1648 5628; x_wconf 70' lang='lat' dir='ltr'>prohibéat</span> <span class='ocrx_word' id='word_1_757' title='bbox 1675 5550 1755 5613; x_wconf 84' lang='lat' dir='ltr'>ad</span> <span class='ocrx_word' id='word_1_758' title='bbox 1778 5544 2449 5630; x_wconf 49' lang='lat' dir='ltr'>separatam—divortio</span> <span class='ocrx_word' id='word_1_759' title='bbox 2475 5544 2799 5630; x_wconf 69' lang='lat' dir='ltr'>sponsam.&quot;</span> <span class='ocrx_word' id='word_1_760' title='bbox 2822 5562 2849 5604; x_wconf 78' lang='grc' dir='ltr'>(ι</span> <span class='ocrx_word' id='word_1_761' title='bbox 2874 5544 3002 5612; x_wconf 75' lang='lat' dir='ltr'>sive</span> <span class='ocrx_word' id='word_1_762' title='bbox 3055 5544 3334 5630; x_wconf 66' lang='lat' dir='ltr'>septimo,</span> <span class='ocrx_word' id='word_1_763' title='bbox 3388 5544 3532 5611; x_wconf 66' lang='lat' dir='ltr'>sive</span> <span class='ocrx_word' id='word_1_764' title='bbox 3573 5550 3805 5612; x_wconf 75' lang='lat' dir='ltr'>decimo</span> 
     </span>
    </p>
   </div>
   <div class='ocr_carea' id='block_1_112' title="bbox 420 5624 3070 5712">
    <p class='ocr_par' dir='ltr' id='par_1_112' title="bbox 420 5624 3070 5712">
     <span class='ocr_line' id='line_1_112' title="bbox 420 5624 3070 5712; baseline 0.002 -26"><span class='ocrx_word' id='word_1_765' title='bbox 420 5624 603 5688; x_wconf 79' lang='lat' dir='ltr'>tertio</span> <span class='ocrx_word' id='word_1_766' title='bbox 632 5624 796 5689; x_wconf 69' lang='lat' dir='ltr'>anno</span> <span class='ocrx_word' id='word_1_767' title='bbox 824 5626 1138 5708; x_wconf 72' lang='lat' dir='ltr'>sponsalia</span> <span class='ocrx_word' id='word_1_768' title='bbox 1168 5624 1480 5692; x_wconf 60' lang='lat' dir='ltr'>contracta</span> <span class='ocrx_word' id='word_1_769' title='bbox 1503 5631 1650 5710; x_wconf 75' lang='lat' dir='ltr'>sint,</span> <span class='ocrx_word' id='word_1_770' title='bbox 1695 5635 1751 5694; x_wconf 84' lang='lat' dir='ltr'>et</span> <span class='ocrx_word' id='word_1_771' title='bbox 1778 5624 1989 5693; x_wconf 66' lang='lat' dir='ltr'>eorum</span> <span class='ocrx_word' id='word_1_772' title='bbox 2017 5636 2224 5694; x_wconf 83' lang='lat' dir='ltr'>secuta</span> <span class='ocrx_word' id='word_1_773' title='bbox 2256 5624 2604 5711; x_wconf 73' lang='lat' dir='ltr'>dirempiz‘o.</span> <span class='ocrx_word' id='word_1_774' title='bbox 2652 5642 2673 5669; x_wconf 72' lang='grc' dir='ltr'>τ</span> <span class='ocrx_word' id='word_1_775' title='bbox 2699 5629 3070 5712; x_wconf 79' lang='lat' dir='ltr'>supergredi.</span> 
     </span>
    </p>
   </div>
  </div>
