4160 6212
309 367 425 434 985
443 409 445 414 ι
1628 362 2344 428 θΜαο-ΒΟΜΑΝΠΜ.
3554 359 3672 426 986

304 497 625 578 δπερόαίνειν
696 495 978 574 δυνάμεθα.
1066 487 1125 555 Ὀ
1195 495 1250 554 δέ
1330 518 1391 576 γε
1465 494 1698 576 δεύτερος
1767 491 1930 553 ἐπειδὶ

2029 491 2319 556 solemnis
2348 511 2652 557 sacrorum
2683 492 3031 572 celebratio,
3051 499 3118 556 ut
3143 492 3560 566 recitatio,non
3579 509 3670 556 se-

305 595 373 664 τῇ
415 586 704 648 συναινέσει
747 593 845 655 τῆς
890 588 1176 663 μνηστείας
1223 587 1258 653 ἡ
1304 586 1532 656 συνήθης
1574 583 1944 663 ἱεροτελεστία.

303 678 376 740 ὣς
430 679 466 746 ἡ
523 677 816 756 ἀφήγησις,
877 679 971 734 οὒκ
1010 672 1437 742 ἐπηκολούθησεν
1484 692 1502 709 ⁸
1560 671 1800 749 οὒδαμῶς
1871 675 1945 735 ὡς

303 763 522 844 δίγαμος
579 764 974 844 λογισθήσεται.
1055 764 1234 839 Γάμον
1316 763 1416 842 γὰρ
1485 763 1544 818 οὗ
1620 760 1946 840 λογοπραγία

303 855 626 928 συνίστησιν,
683 851 804 910 ἀλλ’
865 851 981 911 οὐδὲ
1049 853 1246 933 φανερᾶ
1300 851 1336 919 ἢ
1405 851 1620 930 λαθραία
1697 851 1946 930 συνάφεια

307 941 541 1022 (πορνεία
609 943 708 1022 γάρ
751 943 896 1000 ἐστιν
939 942 1124 1022 αὖτηκ,
1181 943 1357 1020 εύχῶν
1413 938 1466 996 δὲ
1510 943 1662 1019 ἱερῶν
1722 937 1938 1013 ἐπῳδαὶ,

301 1033 390 1088 καὶ
431 1033 496 1088 τὰ
535 1033 732 1099 ταύτης
792 1031 1073 1092 ἀκόλουθα,
1135 1037 1252 1094 Πῶς
1309 1027 1361 1085 δὲ
1432 1031 1520 1086 καὶ
1575 1027 1942 1106 λογισθήσεται

303 1118 544 1200 δίγαμος,
590 1121 626 1189 ἢ
671 1122 1113 1197 ὀνομασθήσεται,
1160 1122 1188 1176 ὁ
1245 1118 1321 1194 μή
1383 1118 1556 1196 γάμου
1612 1114 1941 1194 πεπειραμέ-

301 1231 414 1288 νος,
488 1211 742 1273 τοιούτοις
798 1211 1098 1288 προνομίοις
1157 1207 1630 1285 ἐγκοσμουμένους
1708 1202 1942 1262 Καθόλου

298 1295 353 1353 δὲ
380 1297 446 1354 τὰ
475 1305 580 1356 τῶν
610 1297 953 1356 συναινέσεων
985 1297 1161 1373 μόνων
1195 1294 1290 1374 (ὡς
1335 1295 1390 1351 ἐν
1432 1293 1701 1374 κεφαλαίῳ
1753 1294 1942 1363 εἰπεῖν)

297 1385 385 1442 ἐπί
413 1409 470 1442 τε
513 1387 756 1443 συστάσει
821 1386 1129 1465 μνηστείας,
1190 1385 1277 1440 καὶ
1327 1383 1411 1440 ἐπὶ
1465 1384 1638 1462 γάμου
1693 1380 1836 1438 λύσει
1878 1383 1940 1437 τὸ

296 1470 562 1553 ἄπρακτον
591 1475 650 1532 ἐκ
689 1482 795 1531 τῶν
838 1473 1222 1551 διαληφθεισῶν
1264 1479 1461 1550 νεαρῶν
1491 1470 1771 1537 διατάξεων
1799 1470 1936 1527 ἀπέ-

297 1562 570 1642 νέγκαντο,
603 1566 647 1620 εί
698 1566 784 1621 καὶ
832 1563 916 1620 ἐπὶ
968 1563 1074 1620 τῶν
1117 1560 1475 1642 πρεσϐυτέρων
1531 1564 1848 1636 νομοθεσιῶν
1877 1561 1938 1616 τὸ

293 1653 484 1730 κράτος
515 1653 802 1720 ἐκέκτηντο
813 1695 827 1712 .

473 1746 677 1799 ΗΜοΥ
720 1750 847 1800 ΤΟΥ
891 1745 1408 1799 ΜΗΤΡΟῙΙΟΛΙΤΟΥ
1454 1745 1721 1797 ΚΡΗΤΗΣ

299 1849 324 1885 ε
359 1826 692 1908 Ἀποκρίσεις
720 1831 851 1908 πρός
885 1851 1002 1885 τινα
1033 1831 1274 1908 μοναχὸν
1307 1829 1574 1885 Διονύσιον
1605 1829 1720 1906 περὶ
1745 1825 1930 1905 διαφό-

745 1932 848 1990 ρων
893 1911 1048 1967 αύτοῦ
1077 1910 1410 1988 ἐρωτήσεων.
1449 1929 1472 1965 ι

372 2009 443 2065 Τὸ
513 2014 610 2082 μὲν
651 2007 862 2070 ἀσθενὲς
920 2012 1018 2074 τῆς
1076 2006 1210 2082 ἐμῆς
1269 2003 1493 2067 διανοίας
1544 2004 1633 2060 καὶ
1716 2000 1930 2082 ἄπορον,

290 2097 608 2170 πνευματικὲ
637 2094 847 2176 ἀδελφὲ,
884 2095 1077 2176 ἐπεῖχέ
1121 2117 1221 2170 μου
1278 2095 1376 2162 τὴν
1419 2091 1662 2173 γλῶτταν
1710 2095 1839 2171 πρὸς
1870 2094 1936 2149 τὰ

289 2185 432 2262 παρὰ
495 2191 586 2241 σοῦ
643 2182 1030 2264 διαπορητικῶς
1087 2183 1464 2263 προτεινόμενα
1500 2200 1514 2214 ⁸
1567 2182 1653 2236 καὶ
1724 2187 1931 2257 ναρκῶ-

289 2293 386 2327 σαν
415 2273 542 2352 εἶχε
589 2275 719 2350 πρὸς
763 2273 918 2330 τοῦτο
975 2273 1072 2340 τὴν
1133 2285 1321 2352 χεῖρα,
1365 2272 1454 2328 καὶ
1522 2272 1652 2348 πρὸς
1726 2271 1931 2349 γραφὴν

290 2358 548 2435 μηδαμῶς
600 2363 935 2437 κινουμένην,
1002 2354 1059 2420 Ὀ
1114 2359 1170 2417 δὲ
1213 2373 1488 2422 ταπεινοῖς
1536 2361 1624 2416 καὶ
1676 2361 1930 2426 ὑπηκόοις

288 2455 628 2529 φωταγωγῶν
656 2447 822 2513 διδοὺς
855 2451 1037 2531 χάριν,
1096 2452 1182 2506 καὶ
1236 2453 1292 2505 ἐν
1344 2447 1533 2514 ἀνοίξει
1576 2455 1666 2504 τοῦ
1723 2448 1928 2523 στόμα-

285 2561 376 2602 τος
418 2547 510 2596 τοῦ
539 2541 662 2619 παρ’
736 2545 890 2600 αὐτοῦ
930 2540 1147 2613 πληρῶν
1190 2540 1514 2617 πνεύματος,
1585 2537 1832 2616 ἐῤῥώννυέ
1874 2537 1931 2593 τὲ

287 2650 390 2704 μου
435 2631 496 2685 τὸ
539 2629 772 2710 ἀσθενὲς,
830 2632 917 2686 καὶ
958 2632 1023 2688 τὰ
1064 2627 1232 2704 δεσμὰ
1287 2631 1384 2696 τῆς
1439 2625 1682 2705 γλώττης
1711 2625 1924 2686 ὑπέλυε·

286 2719 376 2773 καὶ
404 2719 534 2796 πρὸς
565 2719 771 2798 γραφὴν
820 2719 1057 2798 ὀργῶσαν
1104 2719 1202 2785 τὴν
1259 2719 1374 2794 πρὶν
1434 2723 1708 2796 ναρκῶσαν
1765 2729 1928 2796 χεῖρα

286 2803 564 2867 ἐδείκνυεν.
637 2797 800 2865 υΟθεν
855 2797 947 2864 διὰ
1001 2807 1095 2863 σοῦ
1151 2814 1226 2881 τῷ
1282 2809 1338 2862 ἓν
1381 2808 1461 2862 σοὶ
1512 2804 1754 2864 λαλοῦντι
1813 2813 1928 2881 Θεῷ

287 2895 625 2973 πειθόμενος,
669 2895 943 2965 ἐπικλινιῇ
973 2909 1092 2960 τοῖς
1123 2908 1242 2958 σοῖς
1291 2894 1611 2972 ἐπιτάγμασι
1657 2894 1869 2972 γίνομαι
1905 2911 1919 2926 ⁶

283 2985 372 3040 καὶ
413 2985 538 3048 ταῖς
581 2998 702 3049 σαῖς
747 2987 938 3066 εὐχαῖς
980 2983 1263 3062 θαῤῥήσας,
1339 2983 1532 3061 ἀνοίγω
1602 2984 1664 3039 τὸ
1727 2984 1920 3058 στόμα,

285 3074 378 3129 τὸν
422 3072 689 3153 ἐφεστῶτα
721 3075 890 3147 τούτῷ
931 3071 1094 3154 φόϐον
1140 3071 1538 3138 ἐκτιναξάμενος
1573 3091 1588 3108 ο
1660 3073 1748 3128 καὶ
1819 3071 1922 3128 λα·-

281 3159 432 3231 λήσω
465 3152 605 3241 πρὸς
649 3164 713 3218 τὰ
776 3163 916 3241 παρὰ
947 3152 1068 3218 -σοῦ
1123 3163 1532 3241 προτεινόμενα,
1591 3164 1650 3219 οὗ
1711 3152 1980 3238 ῥήματαο

279 3255 378 3317 τῆς
448 3249 584 3327 ἐμῆς
650 3249 881 3316 διανοίας
953 3252 1282 3330 γεννήματα,
1344 3249 1481 3306 ἀλλὰ
1548 3257 1640 3305 τοῦ
1698 3248 1920 3331 τυφλοὺς

279 3341 616 3420 φωτίζοντος,
647 3343 736 3397 καὶ
764 3342 885 3404 τοὺς
916 3339 1192 3402 ἀσυνέτους
1223 3339 1597 3410 συνετίζοντος,

359 3426 506 3486 Ἐπεὶ
549 3428 602 3486 δὲ
642 3432 744 3509 πρὸ
799 3431 905 3487 τῶν
961 3427 1334 3508 ἠπορημένων,
1397 3427 1663 3506 ἐρμενείαν
1721 3429 1920 3499 ἐζήτη-

281 3539 376 3582 σας
438 3527 532 3576 τοῦ
588 3519 730 3596 παρᾶ
787 3525 863 3593 τῷ
933 3517 1150 3596 μεγάλῷ
1212 3515 1462 3593 βασιλείῳ
1532 3515 1924 3593 ἑϐδομηκοστοῦ

279 3607 524 3680 κανόνος,
556 3609 612 3670 ὃς
656 3610 748 3663 τὸν
799 3607 852 3663 ἐν
901 3606 1103 3686 χείλεσι
1161 3605 1445 3681 μιανθέντα
1503 3603 1762 3685 διάκονον,
1837 3608 1922 3662 καὶ

280 3695 441 3774 μέχρι
515 3697 700 3756 τούτου
768 3695 1131 3775 ἡμαρτηκέναι
1203 3693 1636 3774 ὁμολογήσαντα,
1712 3695 1920 3774 διείργει

280 3783 377 3858 μὲν
425 3790 523 3852 τῆς
552 3787 719 3852 -θείας
782 3784 1126 3863 λειτουργίας,
1189 3784 1438 3863 μετέχειν
1507 3783 1561 3840 δὲ
1615 3792 1721 3842 τῶν
1764 3787 1918 3863 ἁγια-

279 3875 494 3947 σμάτων
570 3897 705 3949 μετα
787 3881 892 3930 τῶν
965 3872 1220 3930 διακόνων
1292 3873 1498 3939 ἀνίησιν
1532 3891 1547 3905 ⁶
1621 3873 1917 3940 ἀκολούθως

276 3959 374 4040 ἄρα
402 3965 488 4019 καὶ
531 3965 694 4039 ἡμεῖς
737 3964 837 4031 τὴν
867 3971 959 4020 τοῦ
1007 3963 1228 4026 κανόνος
1271 3963 1524 4042 ἀσάφειαν
1582 3961 1914 4039 διαλύσομεν,

273 4053 361 4107 καὶ
390 4060 482 4109 τοῦ
519 4053 860 4132 ἧπορημένου
904 4053 1001 4119 τὴν
1045 4051 1193 4108 λύσιν
1236 4053 1552 4126 ποιήσομεν.
1617 4042 1763 4110 υΟσα
1821 4055 1919 4129 μὲν

274 4140 361 4196 οὖν
393 4163 553 4220 τινες,
591 4144 682 4198 τὸν
721 4142 916 4198 κανόνα
965 4148 1150 4200 τοῦτον
1207 4141 1512 4219 ἑρμηνεύειν
1569 4142 1914 4218 πειρώμενοι,

272 4225 356 4284 διὰ
396 4236 487 4286 τοῦ
557 4229 610 4286 ἐν
667 4229 871 4310 χείλεσι
931 4238 1166 4305 μιασμοῦ
1229 4229 1459 4308 κρυφίως
1529 4227 1918 4296 ὑποδηλοῦσθαι

273 4317 535 4398 εἰρήκασι,
584 4326 708 4398 σιγῇ
751 4329 837 4378 νῦν
880 4317 1162 4398 παρελθεῖν
1235 4319 1365 4373 αὔτα
1427 4315 1626 4397 ἔκρινα,
1684 4321 1757 4384 ὡς
1825 4319 1920 4376 οὒκ

2029 591 2165 643 cuta
2185 591 2341 654 est“;
2371 601 2743 664 nequaquam
2775 583 3042 662 bigamus
3075 581 3664 663 habebitur.Nuptias

2030 671 2188 732 enim
2222 691 2339 734 non
2368 673 2550 736 verba
2578 673 2964 748 constituunt,
3000 672 3103 734 sed
3147 691 3259 734 nec
3303 679 3542 752 apertus
3579 670 3669 732 vel

2028 759 2437 824 clandestinus
2467 760 2818 824 concubitus
2847 760 3168 841 (scortatio,
3199 761 3357 823 enim
3374 762 3500 823 haec
3524 761 3662 842 est),
3745 795 3747 797 ι

2028 848 2133 910 sed
2147 867 2446 911 sacrarum
2463 869 2703 930 precum
2724 850 2985 912 carmina
3002 854 3181 931 ‘,quaa
3194 849 3286 911 his
3301 867 3667 930 consequen-

2026 935 2125 998 tia.
2161 936 2424 1010 Quonam
2454 947 2651 1002 autem
2703 939 2878 1001 modo
2925 947 3024 1001 aut
3076 937 3463 1002 aastimabitur
3491 939 3664 1018 biga-

2026 1044 2180 1102 mus,
2215 1035 2316 1090 aut
2343 1026 2595 1104 dicetur,
2648 1029 2748 1109 qui
2798 1047 2918 1090 non
2970 1036 3061 1090 est
3115 1038 3392 1110 expertus
3434 1030 3667 1110 nuptias

2026 1113 2135 1176 hac
2189 1117 2998 1196 praerogativauexornatas?
3044 1119 3108 1177 ln
3163 1117 3506 1180 universum
3556 1136 3661 1179 au-

2025 1209 2144 1264 tem
2174 1205 2314 1267 solae
2343 1204 2769 1268 conventiones
2827 1213 2908 1280 (ut
2958 1205 3020 1266 in
3068 1224 3300 1267 summa
3351 1207 3576 1286 dicam)
3607 1215 3666 1270 et

2024 1292 2095 1353 ad
2128 1294 2608 1357 constitutionem
2660 1295 3048 1373 Sponsalium,
3083 1302 3144 1356 et
3188 1295 3521 1375 nuptiarum
3558 1315 3662 1359 so-

2023 1380 2336 1463 lutionem,
2369 1401 2438 1445 ex
2473 1401 2649 1463 supra
2679 1402 2702 1431 τ
2730 1383 3182 1464 comprehensis
3213 1383 3464 1447 novellis
3511 1404 3658 1447 con-

2021 1470 2426 1533 stitutionibus
2465 1471 2620 1534 vires
2648 1472 2839 1534 nullas
2866 1471 3108 1552 habent,
3142 1472 3281 1533 licet
3308 1473 3660 1554 antiquiori-

2021 1557 2130 1622 bus
2163 1560 2680 1639 legumlationibus
2706 1559 2888 1623 robur
2915 1560 3328 1642 acquisiissent
3356 1580 3402 1624 ι.

2177 1741 2366 1807 ΕιΜι]
2411 1744 3024 1809 METRUPOLITANI
3068 1743 3334 1807 CRETXE
3379 1745 3530 1826 (36).

2057 1831 2333 1913 Reponsa
2363 1835 2444 1897 ad
2475 1835 2837 1916 Dionysium
2867 1834 3252 1916 monachum,
3273 1834 3348 1897 de
3367 1836 3622 1898 diversi:

2554 1915 3134 1994 interrogationibus

2097 2005 2324 2087 Ingenii
2381 2008 2619 2090 quidem
2679 2007 3055 2070 imbecillitas
3105 2016 3164 2070 et
3213 2007 3435 2089 inopia,
3472 2017 3659 2070 trater

2016 2095 2320 2176 Spiritalis,
2355 2097 2611 2177 linguam
2644 2097 2906 2159 cohibuit
2939 2115 3130 2158 meam
3164 2097 3236 2158 ad
3268 2116 3358 2172 ea,
3384 2117 3516 2178 quae
3542 2118 3575 2159 a
3598 2109 3657 2160 te
3705 2104 3718 2112 “

2017 2203 2148 2246 cum
2178 2185 2544 2249 dubitatione
2582 2186 2880 2268 proposita
2925 2195 3064 2248 sunt
3093 2195 3150 2247 et
3180 2205 3420 2249 manum
3468 2189 3540 2250 ad
3594 2187 3654 2248 id

2016 2281 2345 2354 torpentem
2372 2275 2596 2356 habuit,
2631 2283 2690 2338 et
2737 2294 3107 2356 nequaquam
3147 2277 3220 2336 ad
3269 2275 3650 2338 scribendum

2014 2361 2440 2438 mobilem.Qui
2469 2376 2665 2428 autem
2698 2365 3027 2427 humilibus
3059 2373 3115 2426 et
3144 2364 3456 2444 morigeris
3480 2365 3652 2427 lumi-

2012 2469 2152 2513 num
2185 2451 2350 2514 dedit
2372 2455 2612 2532 gratiam
2644 2497 2668 2538 π
2698 2464 2754 2515 et
2783 2454 2842 2515 in
2865 2453 2986 2515 oris
3013 2461 3293 2534 apertura
3319 2471 3425 2516 suo
3447 2454 3654 2536 implet

2013 2538 2244 2618 spiritu,
2281 2540 2747 2604 imbecillitatem
2778 2561 2974 2605 meam
3007 2541 3402 2616 conﬁrmavit,
3441 2551 3500 2604 et
3529 2543 3650 2604 lin-

2009 2645 2139 2703 guai
2187 2628 2414 2690 vincula
2466 2631 2756 2706 dissolvit,
2811 2648 3165 2712 manumque
3200 2639 3373 2692 antea
3405 2639 3650 2712 torpen-

2012 2727 2156 2790 tem,
2202 2718 2274 2778 ad
2337 2719 2720 2781 scribendum
2775 2719 3077 2782 incitatam
3123 2719 3414 2781 ostendit:
3447 2740 3460 2783 :
3494 2720 3652 2782 unde

2013 2821 2118 2883 per
2148 2816 2205 2867 te
2237 2805 2354 2867 Deo
2387 2807 2448 2868 in
2481 2816 2536 2869 te
2567 2808 2833 2888 loquenti
2886 2810 3330 2889 obtemperans,
3361 2807 3434 2869 ad
3471 2817 3598 2870 tuas
3626 2824 3651 2854 ι

2010 2911 2104 2953 me
2133 2905 2444 2974 prosterno
2465 2897 2862 2976 jussiones,et
2892 2900 3008 2961 tuis
3038 2895 3480 2976 precationibus
3501 2916 3646 2960 con-

2008 2981 2219 3058 fidens,
2255 3003 2320 3044 os
2348 2987 2573 3065 aperio,
2608 2994 2767 3048 metu
2789 2986 2890 3067 qui
2913 3005 3048 3049 eum
3072 2984 3385 3048 cohibebat
3406 2985 3646 3049 l’excus-

2007 3087 2112 3132 ro:
2149 3082 2206 3134 et
2233 3072 2305 3134 ad
2351 3091 2441 3150 ea,
2497 3093 2690 3155 quaaa
2723 3083 2778 3136 te
2837 3075 3136 3156 proposita
3192 3081 3351 3150 sunt,
3412 3074 3641 3156 loquar,

2005 3179 2123 3223 non
2189 3162 2390 3237 verba,
2470 3164 2587 3226 mei
2659 3165 2840 3226 fetum
2907 3165 3266 3238 intellectus,
3326 3163 3430 3225 sed
3489 3165 3642 3245 ejus,

2003 3250 2104 3330 qui
2152 3269 2340 3313 caecos
2401 3251 2724 3327 illuminat,
2786 3261 2843 3316 et
2891 3253 3087 3316 stultis
3145 3252 3244 3314 dat
3299 3251 3644 3334 intelligen-

2003 3338 2165 3399 tiam.

2084 3427 2374 3500 Quoniam
2405 3439 2597 3493 autem
2624 3439 2760 3494 ante
2789 3432 2964 3502 ea,de
2993 3429 3640 3512 quibusdubitas,quaa-

2005 3516 2154 3578 siisti
2179 3519 2726 3598 interpretationem
2746 3519 3164 3602 septuagesimi
3179 3519 3421 3580 canonis
3447 3519 3641 3598 magni

2005 3607 2232 3688 Basilii,
2266 3609 2367 3689 qui
2397 3609 2711 3671 diaconum
2741 3609 2921 3671 labris
2953 3609 3261 3690 pollutum,
3305 3618 3359 3669 et
3400 3615 3643 3670 eatenus

2003 3713 2067 3756 se
2099 3715 2378 3776 peccasse
2426 3699 2788 3773 confessum,
2838 3707 3004 3760 arcet
3031 3717 3065 3760 a
3092 3716 3259 3759 sacro
3288 3695 3638 3772 ministerio,

2003 3785 2532 3848 sanctificationum
2564 3808 2587 3840 c
2615 3796 2807 3849 autem
2829 3788 2958 3851 ﬁeri
2989 3787 3332 3870 participem
3363 3806 3498 3849 cum
3519 3787 3642 3848 dia~

2003 3874 2168 3935 conis
2193 3875 2333 3937 sinit
2358 3899 2372 3938 :
2404 3885 2845 3958 consequentur
2866 3885 3027 3939 certe
3052 3886 3112 3939 et
3141 3896 3247 3938 nos
3275 3876 3519 3938 canonis
3542 3876 3640 3938 ob-

2000 3963 2339 4027 scuritatem
2369 3967 2760 4029 dissolvemus
2790 3966 3250 4029 etdubitationis
3280 3967 3637 4028 solutionem

2000 4051 2694 4138 faciemus.Qua3cunque
2721 4057 2898 4137 igitur
2911 4059 3150 4139 quidam
3176 4075 3460 4118 canonem
3481 4057 3644 4117 hunc

2002 4140 2382 4223 interpretari
2414 4155 2720 4221 conantes,
2753 4147 2982 4210 occulte
3011 4147 3332 4226 signiﬁcari
3365 4146 3645 4207 dixerunt

2005 4249 2112 4311 per
2141 4229 2427 4294 Iabiorum
2461 4235 2871 4314 pollutionem,
2894 4237 3130 4298 silentio
3155 4255 3311 4298 nunc
3334 4235 3641 4316 praeterire

2003 4319 2261 4384 decrevi.
2289 4330 2489 4402 utpote
2519 4343 2651 4404 quae
2683 4345 2796 4386 non
2831 4334 2945 4386 tam
2969 4326 3285 4400 aedificare,
3319 4343 3494 4404 quam
3525 4325 3636 4384 de-

271 4403 594 4497 οἷκοδσμεϊν,
663 4406 799 4465 ἄλλα
859 4411 1155 4486 καθαιρεῖν,
1210 4403 1467 4480 δυνάμενα
1522 4407 1644 4468 τοὺς
1694 4407 1914 4464 ἀκούον-

2016 4416 2232 4471 struere
2257 4413 2480 4491 possint
2508 4403 3004 4486 a’uditores.Quod
3033 4424 3228 4476 autem
3267 4403 3409 4472 mihi
3441 4412 3641 4472 dicere

270 4515 387 4557 τας.
429 4493 494 4552 ’⁷0
537 4495 591 4551 δὲ
646 4495 764 4571 ἐμοί
821 4518 876 4553 τε
920 4495 1093 4574 λέγειν
1144 4493 1374 4574 ἀσφαλὲς
1429 4495 1516 4550 καὶ
1569 4497 1630 4551 τὸ
1672 4506 1764 4555 τοῦ
1806 4520 1910 4554 κα-

2016 4506 2213 4573 ;utum,
2248 4509 2306 4560 et
2336 4501 2583 4562 canonis
2623 4503 3039 4565 obscuritatem
3074 4522 3140 4565 ex
3173 4523 3237 4564 se
3258 4502 3638 4581 conjectared

271 4581 418 4645 νόνος
485 4583 683 4663 ἀσαφὲς
739 4587 870 4664 πρὸς
928 4585 1084 4641 ἑαυτὸ
1129 4580 1462 4658 συμϐιϐάζειν
1505 4580 1718 4640 δύναται
1762 4607 1913 4642 τουτο

2016 4594 2208 4661 )οιρει,
2235 4587 2290 4648 id
2315 4588 2517 4651 dicere
2535 4590 2816 4653 conabor.
2852 4591 3249 4654 Auxiliabilur
3271 4580 3465 4652 autem
3493 4590 3638 4650 mihi

269 4671 356 4726 καὶ
387 4669 559 4749 λέγειν
597 4673 934 4752 πειράσομαι,
985 4673 1302 4750 Συνεργήσει
1353 4670 1407 4727 δέ
1439 4694 1528 4746 μοι
1583 4675 1713 4750 πρὸς
1756 4681 1910 4732 τοῦτο

2016 4674 2064 4734 ui
2100 4676 2210 4736 hoc
2244 4684 2300 4736 et
2335 4677 2488 4758 quod
2549 4677 2608 4739 in
2661 4679 2995 4759 Evangeliis
3051 4680 3267 4741 dicitur
3295 4699 3327 4738 a
3358 4677 3630 4740 Domino.

268 4759 354 4812 καὶ
396 4760 454 4814 τὸ
505 4759 558 4815 ἐν
599 4773 716 4822 τοῖς
752 4759 1088 4850 Εὖαγγελίοις
1132 4761 1232 4814 ὑπὸ
1275 4766 1366 4816 τοῦ
1425 4761 1607 4838 Κυρίου
1676 4759 1906 4839 λεγόμε-

2016 4761 2315 4835 lualenam
2369 4766 2519 4827 hoc?
2568 4766 2912 4847 Respiciens
2944 4769 3166 4850 (inquit)
3203 4769 3538 4839 mulierem,
3574 4780 3636 4831 ut

267 4867 376 4909 νον.
425 4855 588 4905 Ποῖον
629 4857 832 4929 τοῦτος
893 4843 950 4907 Ὀ
982 4848 1249 4924 ἐμϐλέψας
1297 4847 1468 4928 (φησὶ)
1516 4853 1720 4926 γυναικὶ
1778 4856 1906 4932 πρὸς

2016 4853 2371 4932 :oncupiscat
2393 4856 2600 4934 ipsam.
2605 4843 2728 4934 jam
2758 4843 3082 4920 moechatus
3109 4843 3192 4919 est
3218 4877 3346 4919 eam
3371 4858 3428 4919 in
3455 4859 3638 4922 corde

264 4936 325 4991 τὸ
379 4937 700 5014 ἐπιθυμῆσαι
773 4943 960 5014 αὒτῆς,
1007 4937 1110 5006 ἤδη
1157 4938 1469 5018 ἐμοίχευσεν
1526 4938 1687 5006 αὐτὴν
1733 4940 1786 4996 ἐν
1840 4949 1906 5019 τῇ

2016 4961 2125 5004 .uo.
2161 4941 2224 5005 Si
2247 4943 2426 5020 igitur
2449 4945 2724 5025 eum,qui
2752 4948 2824 5008 ad
2855 4946 3390 5027 concupiscentiam
3409 4956 3630 5010 tantum

1567 5093 1826 5160 VARUE
1868 5098 2309 5166 LECTIONES.

341 5246 364 5281 ι
386 5225 547 5309 sicut
576 5232 662 5309 est
691 5227 755 5290 in
786 5229 937 5304 facti
963 5228 1347 5309 narratione,
1380 5246 1504 5291 non
1531 5236 1620 5290 est
1647 5235 1872 5292 secuta.
1957 5259 1975 5300 ι
2002 5232 2417 5296 recitationes.

259 5331 286 5364 ι
313 5303 496 5367 robur
521 5303 870 5372 habuerint.
954 5322 979 5365 ν
1003 5303 1402 5372 luminariam
1427 5309 1548 5372 dat.
1652 5332 1672 5364 ι
1701 5309 1987 5374 reddidit.
2095 5323 2120 5356 ι
2149 5312 2270 5375 tuis
2298 5303 2627 5376 mandatis.

257 5391 618 5479 mentorum.
708 5391 733 5433 ἀ
757 5406 954 5452 secum
982 5388 1337 5453 conciliare.

2521 5272 2548 5304 ι
2568 5234 2667 5318 [iis
2689 5233 3055 5318 privilegiis.
3160 5254 3285 5318 rex
3315 5239 3628 5302 indicatis.

2713 5319 2740 5360 ι)
2769 5317 2878 5398 qui
2904 5325 2956 5379 et
2987 5315 3277 5382 obstabat.
3361 5329 3385 5362 ο
3411 5336 3630 5382 sacra-

1810 5492 2058 5560 NOTIE.

258 5675 270 5686 _
335 5593 634 5692 Elite
683 5599 986 5692 Cretensis
1034 5602 1298 5692 episcopi
1343 5601 1700 5692 subscriptio
1760 5610 1918 5692 extat
1998 5605 2322 5692 mentarius
2353 5607 2412 5668 in
2452 5605 2909 5692 Nazianzenum,
2939 5628 3234 5692 nunquam
3267 5625 3439 5676 antea
3469 5612 3638 5678 Grais

255 5676 319 5772 in
341 5676 508 5772 Actis
539 5695 585 5772 ri
627 5681 845 5772 synodi
877 5676 1158 5772 Nicaanae,
1204 5676 1423 5772 aiioqui
1471 5676 1770 5772 vn._"_Ergo
1801 5682 1910 5745 sub
1994 5703 2062 5747 ce
2091 5687 2312 5765 editus,
2345 5696 2532 5752 exstat
2561 5676 2924 5772 Patrologicé
2957 5676 3100 5755 ιοιηῖ
3134 5691 3386 5758 XXXVI.

254 5752 427 5819 Irena
455 5765 514 5822 et
541 5752 1160 5847 Con'stantino_Augg'.
1196 5752 1426 5828 vixerit.
1457 5797 1536 5810 —
1565 5752 1904 5845 Ejus'com-
