4160 6212
266 389 391 457 989
1596 380 2319 450 amco-nouum.
3538 354 3683 447 990‘

264 517 559 579 ἀποϐαλεῖν
587 518 740 580 uitta.
790 517 972 582 Οὕτως
1022 517 1122 597 γὰρ
1163 516 1253 574 καὶ
1293 521 1371 589 τῷ
1416 514 1594 572 κανόνι
1652 512 1798 572 ἔσται
1857 515 1907 571 τὸ

2004 532 2118 575 non
2155 514 2251 589 iis,
2293 516 2395 598 qui
2442 515 2638 580 adhuc
2677 515 3009 598 pauxillum
3056 517 3307 600 spirant,
3340 514 3647 579 interdixit

263 607 600 666 ἀδιάπτωτον
637 624 650 638 ⁸
710 608 769 671 ὃς
826 610 885 665 οὗ
932 619 1051 670 τοῖς
1097 604 1283 681 μικρόν
1313 603 1389 660 ἔτι
1418 602 1731 679 ἐμπνέουσιν
1760 603 1906 661 ἀπεί-

2006 602 2492 685 participatione;
2539 606 2647 668 sed
2693 606 2945 668 mortuis
3001 606 3372 687 corporibus.
3424 607 3647 668 Mortua

264 719 397 778 ρηκε
427 698 528 765 τὴν
558 694 888 777 μετάληψιν,
918 694 1056 752 ἀλλὰ
1086 707 1203 760 τοῖς
1234 705 1441 773 νεκροῖς
1475 692 1707 778 σώμασι,
1732 692 1808 750 Τὰ
1822 693 1907 771 γὰε

2003 692 2188 768 enim,
2220 693 2436 777 inquit,
2465 713 2715 776 corpora
2735 714 2930 777 neque
2953 714 3214 777 sumere,
3247 713 3442 776 neque
3461 695 3645 757 edere

264 777 422 862 νεκρὰ
458 783 633 865 (φησὶ)
666 783 891 858 σώματι
934 781 1048 839 οῦδὲ
1078 779 1285 855 λαϐεῖν,
1320 778 1436 840 οῦδὲ
1465 792 1656 861 φαγεῖν
1684 777 1907 839 δύναται.

2003 788 2271 862 possunt.
2307 786 2535 847 Mortua
2564 791 2760 846 autem
2793 794 2953 861 sunt,
2986 803 3020 846 a
3049 784 3265 866 quibus
3287 784 3487 847 anima
3515 784 3640 864 jam

263 873 438 953 Νεκρὰ
467 870 549 952 δὲ,
584 875 657 929 ὦν
702 869 807 939 ἤδη
837 869 1055 939 ἀπέπτη
1093 873 1128 939 ἡ
1161 870 1342 950 ψυχή.

626 896 657 929 Ν
702 869 807 939 ἤδη
837 869 1055 939 ἀπέπτη
1093 873 1128 939 ἡ
1161 870 1342 950 ψυχή.
2002 869 2269 933 avolavit.

274 997 299 1034 ι
334 980 461 1058 Περὶ
488 989 583 1039 τοῦ
610 978 907 1052 ἐπεισάκτῳ
935 979 1141 1057 γυναικὶ
1171 984 1537 1039 συνοικοῦντος
1565 975 1665 1039 ἕως
1695 975 1917 1033 θανάτου

970 1063 1151 1118 αὒτοῦ.
1188 1081 1216 1114 ι

2039 975 2135 1039 De
2163 995 2233 1041 eo
2262 980 2369 1058 qui
2395 980 2479 1040 ad
2509 986 2764 1121 mortem!
2790 998 2981 1123 13332::
3008 988 3319 1043 extranea:
3357 979 3606 1042 mulieri

2658 1077 2723 1122 ('0
2767 1078 2804 1122 α
2848 1081 2867 1121 ι
2900 1079 2936 1121 α
2974 1108 2985 1120 .

354 1164 600 1245 Δεύτερον
645 1173 879 1223 τοιοῦτον
909 1167 970 1222 τὸ
1014 1164 1289 1245 ἐρώτημα,
1348 1164 1392 1219 εἰ
1447 1160 1530 1218 δεῖ
1595 1162 1657 1217 τὸ
1724 1160 1913 1240 μέχρις

2077 1162 2351 1227 Secunda
2381 1164 2763 1246 interrogatio
2794 1166 3141 1247 bujusmodi
3171 1175 3286 1241 est,
3324 1186 3398 1228 an
3429 1166 3507 1241 ei,
3541 1164 3641 1248 qui

269 1253 507 1334 ἐσχάτης
610 1255 840 1323 ἐκπνοῆς
918 1255 1242 1328 συνεισάκτῳ
1330 1251 1536 1330 γυναικὶ
1605 1252 1911 1329 συμφθειρο-

1994 1253 2069 1313 ad
2103 1261 2432 1315 extremum
2488 1274 2675 1336 usque
2724 1256 2995 1335 spiritum
3028 1275 3162 1317 cum
3197 1264 3475 1317 extranea
3503 1274 3636 1317 mu-

270 1343 414 1419 μένῳ
440 1340 781 1418 μεταδιδόναι
824 1349 929 1399 τῶν
972 1343 1121 1400 θείων
1172 1342 1538 1420 ἇγιασιιάτων,
1586 1341 1622 1405 ἢ
1665 1340 1764 1413 μή.
1820 1338 1913 1393 Διὰ

1994 1341 2404 1423 liere,turpem
2440 1345 2727 1424 transegit
2755 1345 2931 1406 vitam
2956 1366 3006 1419 ιι,
3036 1344 3161 1411 sint
3190 1344 3511 1421 largiendi}:
3541 1343 3637 1405 di-

267 1433 331 1489 τὸ
359 1432 756 1514 καταληφθῆναι
786 1440 969 1489 τοῦτον
1022 1433 1124 1488 ὑπὸ
1181 1437 1274 1488 τοῦ
1331 1429 1628 1507 ἐκθεριστοῦ
1693 1427 1910 1485 θανάτου

1994 1431 2143 1493 vina;
2171 1432 2665 1495 sanctiﬁcationes
2684 1447 2730 1508 ο,
2759 1452 2990 1514 necne;
3041 1444 3354 1514 propterea
3382 1433 3537 1515 quod
3576 1432 3637 1494 in

269 1521 325 1577 ἐν
357 1528 426 1597 τῇ
472 1519 573 1594 ἰδίᾳ
624 1523 874 1598 ἁμαρτίᾳ.
938 1514 1001 1581 Ἠ
1062 1521 1158 1597 μὲν
1215 1522 1302 1577 οὖν
1356 1518 1613 1599 ἐρωτήσις
1668 1518 1909 1592 τοιαύτῃ,

1996 1520 2236 1600 prOprio
2269 1530 2511 1601 peccato
2541 1540 2576 1582 a
2605 1522 2868 1585 falcifera
2902 1531 3090 1584 morte
3112 1523 3520 1603 deprehensus
3537 1520 3635 1585 sit.

268 1611 357 1675 Τίς
386 1609 440 1667 δὲ
468 1613 497 1667 6
528 1614 645 1690 περὶ
697 1613 881 1669 τούτου
938 1610 1099 1690 λόγος
1156 1613 1359 1689 ἡμῶνς
1419 1610 1478 1666 Et
1535 1606 1633 1683 μὲν
1700 1608 1729 1662 6
1783 1607 1911 1685 πρὸς

1994 1608 2150 1669 Talis
2201 1623 2293 1671 est
2333 1608 2514 1689 igitur
2560 1610 2965 1689 interrogatio.
3017 1610 3299 1684 Quaenam
3332 1617 3530 1673 autem
3563 1610 3637 1672 de

266 1700 459 1763 αὐταῖς
489 1715 611 1764 ταῖς
642 1701 898 1781 ἐσχάταις
958 1700 1249 1764 ἀναπνοαῖς
1291 1698 1598 1777 γενόμενος,
1629 1697 1702 1760 είς
1730 1696 1909 1752 συναί-

1996 1697 2108 1797 boc
2141 1697 2552 1803 nobisoratiop
2572 1706 2690 1763 est?
2715 1702 2779 1763 Si
2808 1700 3045 1782 quidem
3078 1700 3178 1782 qui
3201 1701 3273 1761 ad
3307 1708 3632 1761 extremum

264 1791 449 1855 σθησιδ
492 1789 655 1846 ἐλθὼν
704 1792 798 1846 τοῦ
839 1787 1263 1868 ἆπαραλογίστου
1317 1786 1621 1865 λογοθεσίου
1677 1786 1764 1840 καὶ
1816 1788 1907 1851 τῆς

1995 1784 2189 1863 ipsum
2224 1786 2468 1848 halitum
2505 1788 2800 1870 redactus,
2834 1790 2905 1851 ad
2938 1788 3361 1851 conscientiam
3390 1790 3631 1849 veniens

267 1876 569 1954 μελλούσης
639 1880 883 1957 κρίσεως,
947 1875 1284 1958 ἐθριάμϐευσὲ
1351 1896 1409 1933 τε
1470 1875 1570 1942 τὴν
1630 1874 1909 1952 ἁμαρτίαν,

1997 1893 2113 1934 non
2160 1874 2458 1937 fallacium
2516 1877 2986 1952 ratiociniorum,
3047 1878 3344 1959 futurique
3394 1876 3632 1956 judicii,

269 1967 356 2022 καὶ
407 1964 791 2044 ἐπηγγείλατο,
847 1969 892 2023 εἰ
975 1964 1304 2037 παλινζωΐας
1390 1962 1647 2041 τεύξεται,
1720 1960 1912 2049 μηκ-ἐτι

2000 1962 2389 2043 publicaverit.
2445 1975 2776 2047 peccatum,
2835 1979 2893 2031 et
2951 1967 3257 2049 professus
3313 1965 3388 2027 sit
3444 1984 3536 2041 se,
3586 1964 3634 2026 si

270 2055 402 2135 πρὸς
444 2055 542 2124 τὴν
594 2055 851 2135 ἁμαρτίαν
905 2053 1228 2133 ὑποστρέψαι
1261 2069 1275 2084 ⁸
1336 2054 1423 2109 καὶ
1473 2052 1609 2128 μετὰ
1636 2046 1913 2129 συντριϐἦς

1999 2051 2330 2129 reviviscat,
2363 2054 2436 2116 ad
2467 2055 2526 2116 id
2562 2075 2677 2117 non
2725 2046 3129 2137 reversurum,
3177 2063 3236 2117 et
3278 2054 3634 2117 contritione

272 2140 563 2222 mp6t¢xﬁc
619 2145 929 2224 θερμότερον
1012 2141 1354 2221 ἐξελιπάρησε
1428 2150 1522 2200 τοῦ
1595 2146 1915 2196 Δεσποτικοῦ

2000 2141 2196 2203 cordis
2243 2143 2547 2207 ardentius
2599 2145 2979 2225 postulaverit
3020 2143 3314 2207 Dominici
3368 2143 3634 2225 corporis

274 2231 521 2307 σώματός
560 2254 615 2288 τε
671 2234 758 2289 καὶ
810 2232 1042 2308 αἵματος
1099 2230 1406 2299 ἀξιωθῆναι,
1463 2227 1740 2299 ἀξιωθήτω
1799 2226 1917 2283 τού-

1996 2240 2062 2293 et
2105 2232 2411 2310 sanguinis
2449 2233 2934 2296 communionem
2977 2233 3240 2297 mereris
3282 2249 3297 2295 :
3340 2242 3636 2295 mereatur

273 2342 390 2395 του,
422 2322 595 2377 πίστει
621 2326 722 2389 τῆς
751 2323 894 2402 παρὰ
936 2328 1067 2379 Θεοῦ
1114 2318 1520 2401 φιλανθρωπίας.
1600 2324 1764 2376 Τοῦτο
1817 2316 1916 2395 γάρ

2000 2337 2107 2400 ρει·
2160 2319 2375 2383 divinae
2422 2321 2754 2384 clementiae
2808 2323 3011 2387 ﬁdem.
3069 2321 3132 2384 Id
3191 2322 3349 2383 enim
3380 2319 3637 2384 arbitror

274 2409 440 2484 οἶμαι
482 2412 569 2467 καὶ
600 2412 690 2467 τὸν
752 2400 841 2489 ιγΓ
879 2411 1071 2468 κανόνα
1121 2400 1229 2467 τῶν
1284 2409 1339 2466 ἐν
1392 2408 1583 2481 Νικαίᾳ
1638 2404 1917 2495 συνελθόν-

1998 2417 2056 2470 et
2086 2409 2162 2472 l3
2189 2428 2477 2473 canonem
2522 2415 2787 2495 Palmm,
2819 2412 2919 2493 qui
2969 2411 3167 2476 Nicew
3197 2416 3630 2486 convenerunt,

271 2518 382 2555 των
441 2498 686 2577 Πατὲρων
730 2502 858 2579 πρὸς
900 2506 977 2575 τῷ
1027 2498 1168 2556 τέλει
1225 2498 1675 2575 ἐπισημήνασθαι,
1732 2494 1788 2551 ἐν
1841 2516 1914 2568 τῳ

1998 2497 2073 2560 ad
2102 2498 2280 2561 tinem
2312 2499 2669 2580 signiﬁcare,
2703 2518 2838 2563 cum
2890 2502 2973 2564 ait
3002 2519 3017 2565 :
3051 2501 3116 2564 In
3152 2518 3382 2563 summa
3409 2508 3630 2575 autem,

274 2587 455 2666 φάναι,
492 2588 727 2646 Καθόλου
782 2588 837 2646 δὲ
896 2591 985 2647 καὶ
1041 2590 1160 2669 περῖ
1216 2589 1413 2651 παντὸς
1483 2587 1781 2643 οὑτινοσοῦν
1842 2583 1917 2648 ἐξ-

1999 2588 2075 2650 de
2093 2605 2114 2635 τ
2140 2588 2409 2670 quolibet
2439 2592 2787 2666 excedente,
2816 2599 2875 2653 et
2901 2590 3290 2654 Eucharistiae
3326 2588 3635 2672 participa-

276 2672 569 2757 οδεύοντος,
628 2678 893 2744 αἰτοῦντος
967 2681 1028 2735 τὸ
1110 2677 1409 2757 μετασχεῖν
1467 2672 1842 2754 Εὗχαριστίας,
1891 2673 1919 2728 δ

2003 2678 2222 2739 tionem
2257 2680 2838 2762 petente,episcopus
2857 2699 2990 2742 cum
3017 2678 3451 2743 examinatione
3472 2677 3635 2740 obla-

278 2762 564 2829 ἐπίσκοπος
631 2768 767 2848 μετὰ
838 2766 1146 2843 δοκιμασίας
1214 2762 1539 2841 μεταδιδότω
1590 2785 1688 2832 της
1748 2784 1919 2841 προσ-

2002 2766 2227 2829 tionem
2255 2766 2578 2848 impertiat.
2610 2767 2778 2842 Quod
2811 2769 2861 2831 si
2894 2768 3041 2831 nihil
3073 2768 3209 2845 tale,
3244 2767 3334 2831 vel
3366 2786 3435 2830 eo
3480 2774 3636 2829 tem-

279 2858 467 2932 φορᾶς.
514 2856 573 2912 Et.
614 2844 665 2911 δ’
718 2854 860 2916 οὐδὲν
905 2863 1165 2936 τοιοῦτον,
1212 2853 1318 2912 οὔδ’
1377 2854 1430 2910 ἐν
1489 2858 1658 2932 καιρῷ
1695 2852 1919 2925 τοιούτῷ

2000 2874 2141 2936 pore
2161 2844 2360 2936 (quod
2379 2856 2555 2940 absit)
2584 2856 2933 2938 ostenderit)
2962 2878 2979 2934 ;
3010 2858 3111 2940 qui
3138 2844 3211 2921 ad
3233 2857 3293 2920 id
3323 2856 3640 2920 advocatus

279 2940 601 3019 ἐπεδείξατο,
652 2942 803 3025 (ὅπερ
859 2945 1042 3025 ἅπείη)
1101 2947 1128 3002 6
1187 2944 1286 3020 μὲν
1354 2944 1440 2999 ἐπὶ
1495 2950 1649 2998 τοῦτο
1685 2962 1917 3020 προσκε-

1998 2945 2179 3007 fuerit
2222 2947 2520 3023 sacerdos,
2574 2948 2777 3027 procul
2825 2956 3226 3012 revertatur':
3262 2965 3490 3009 memor
3518 2946 3638 3009 Do-

281 3028 548 3106 κλημένος
591 3034 773 3111 ἱερεὺς,
821 3035 997 3113 πόῤῥω
1046 3034 1367 3113 ἀφιστάσθω,
1428 3031 1774 3108 μνημονεύων
1826 3036 1920 3086 τοῦ

2004 3034 2147 3096 mini
2179 3036 2680 3110 Christi,dicentis
2707 3035 2769 3098 in
2794 3036 3110 3117 Evangelio
3145 3054 3159 3100 :
3184 3035 3277 3100 Ne
3296 3038 3643 3118 projiciatis

290 3119 556 3177 Δεσπότου
599 3129 824 3199 Χριστοῦ
854 3122 905 3179 ἐν
948 3135 1069 3203 τοῖς
1126 3120 1466 3199 Εῦαγγελίοις
1525 3119 1796 3198 λέγοντος,
1831 3120 1918 3186 Μὴ

2000 3131 2217 3186 sancta
2244 3125 2515 3200 canibus,
2549 3144 2739 3205 neque
2776 3132 3035 3189 mittatis
3082 3128 3454 3205 margaritas
3504 3132 3643 3188 aute

283 3208 490 3285 ρίπτετε
544 3210 610 3266 τὰ
675 3211 800 3290 ἅγια
852 3225 970 3275 τοῖς
1053 3213 1186 3285 κυσὶ,
1275 3208 1407 3285 μηδέ
1494 3208 1716 3286 βάλλετε
1798 3210 1920 3268 τοὺς

2001 3230 2256 3294 porcos:
2291 3222 2348 3275 et
2379 3223 2658 3294 praeterea
2693 3215 2888 3294 magni
2936 3214 3225 3296 Apostoli,
3256 3217 3526 3289 vetantis,
3565 3232 3641 3275 ne

285 3298 609 3383 μαργαρίτας
687 3298 977 3380 ἔμπροσθεν
1059 3302 1163 3356 τῶν
1236 3299 1459 3380 χοίρων.
1542 3300 1639 3357 Καὶ
1707 3298 1923 3379 προσέτι

2006 3301 2139 3382 quis
2170 3320 2303 3364 cum
2333 3302 2546 3365 alienis
2572 3302 2832 3383 peccatis
2861 3304 3284 3365 communicet.
3317 3301 3428 3375 Qui
3448 3308 3646 3364 autem

281 3379 636 3462 τοῦμεγάλου
692 3386 1021 3448 Ἀποστύλου
1072 3379 1347 3447 κοινωνεῖν
1406 3388 1698 3467 ἀλλοτρίοις
1747 3391 1923 3467 ἀμαρ-

2018 3379 2347 3470 bujusmodi
2394 3379 2692 3453 sententia
2740 3390 3054 3452 damnatus
3085 3390 3201 3453 erit
3228 3389 3491 3470 seipsnm
3552 3406 3661 3451 ac-

282 3475 514 3550 τήμασιν
557 3476 999 3558 ἀπαγορεύοντος.
1063 3471 1120 3538 ’0
1180 3477 1236 3534 δὲ
1294 3478 1394 3545 τὴν
1452 3479 1699 3545 τοιαύτην
1755 3498 1925 3535 κατα-

2018 3488 2201 3542 cuset.
2237 3479 2468 3542 Dictum
2503 3480 2663 3544 enim
2695 3499 2729 3542 a
2767 3483 2887 3542 Deo
2912 3486 3001 3541 est
3040 3497 3147 3561 per
3178 3479 3554 3560 prophetam,
3592 3479 3661 3539 In

285 3560 436 3630 δίκην
492 3571 933 3648 καταψηφισθεὶς,
995 3570 1177 3626 ἑαυτὸν
1234 3567 1509 3628 αἰτιάσθω.
1555 3566 1780 3645 Εἴρηται
1835 3566 1928 3644 γὰρ

2018 3585 2135 3649 quo
2163 3576 2219 3630 te
2248 3569 2557 3643 invenero,
2590 3569 2650 3629 in
2683 3587 2753 3631 eo
2786 3576 2842 3629 te
2865 3568 3170 3647 judicabo.
3232 3566 3514 3630 Iuventus
3543 3585 3653 3629 au-

285 3653 387 3709 ὺπὸ
428 3662 517 3711 τοῦ
546 3661 677 3712 Θεοῦ
718 3654 803 3716 δ.ά
833 3681 972 3724 τινος
1001 3665 1105 3715 τῶν
1134 3660 1443 3736 προφητῶν,
1492 3655 1582 3714 Ἐν
1688 3654 1820 3733 εῦρω
1845 3675 1928 3733 σε,

2022 3666 2137 3718 tem
2169 3657 2266 3719 hic
2293 3667 2383 3720 est
2410 3657 2469 3719 iu
2504 3657 2744 3738 proprio
2778 3663 3046 3738 peccato.
3098 3656 3306 3737 Neque
3353 3654 3500 3717 mihi
3531 3654 3665 3736 quis

288 3738 343 3797 ἐν
383 3741 554 3817 τούτῳ
584 3740 649 3811 δὴ
677 3746 765 3802 καὶ
805 3754 969 3824 κρινῷ
1021 3769 1103 3809 σε,
1173 3744 1398 3823 Εὕρηται
1454 3743 1509 3800 δὲ
1567 3747 1715 3807 οὗτος
1771 3742 1825 3799 ἐν
1866 3747 1931 3819 τῇ

2025 3745 2215 3825 magni
2268 3744 2536 3823 Gregorii
2590 3764 2695 3827 per
2749 3746 3037 3808 miracula
3077 3743 3338 3808 celebris
3397 3744 3668 3822 proferat

288 3827 390 3901 ἰδίᾳ
431 3830 681 3909 ἁμαρτίᾳ.
717 3835 813 3892 Καὶ
855 3837 933 3910 μή
977 3836 1064 3912 μοί
1091 3857 1178 3898 τις
1221 3836 1314 3890 τὸν
1357 3842 1447 3892 τοῦ
1503 3831 1736 3909 μεγάλου
1796 3838 1832 3887 Γ
1837 3853 1931 3909 ρη-

2027 3835 2434 3914 canonem,qui
2461 3844 2577 3897 toto
2611 3836 2748 3898 vita;
2768 3854 2889 3897 sum
2912 3832 3670 3918 temporeexcommunica-

289 3918 468 3997 γορίου
524 3928 614 3978 τοῦ
670 3921 724 3978 ἐν
786 3925 1012 4001 θαύμασι
1065 3921 1385 4003 περιϐοήτου
1443 3921 1638 3978 κανόνα
1694 3940 1932 4000 προσφε-

2027 3925 2180 3987 tione
2231 3925 2562 4006 damnatos,
2625 3924 2685 3986 in
2744 3934 3015 4006 tempore
3047 3923 3243 3987 exitus
3292 3922 3670 3985 communio-

290 4006 449 4096 ρέτω,
508 4010 566 4073 ὃς
615 4024 731 4078 τοῖς
788 4012 843 4068 ἐν
900 4015 1055 4071 παντὶ
1106 4021 1183 4089 τῷ
1253 4012 1437 4092 χρόνῳ
1476 4016 1575 4078 τῆς
1634 4008 1762 4084 ἱδξας
1793 4011 1933 4080 ζωῆς

2027 4032 2158 4076 nem
2192 4014 2550 4095 participare
2577 4013 2835 4092 benigne
2868 4014 3194 4096 permittit:
3230 4031 3349 4074 non
3395 4011 3571 4081 enim
3594 4011 3670 4074 de

289 4094 673 4165 ἀκοινωνησίαν
732 4106 1146 4183 κατακριθεϊσιν,
1231 4102 1287 4159 ἐν
1359 4103 1527 4179 καιρῷ
1608 4104 1707 4166 τῆς
1767 4096 1932 4163 ἐξόδου

2026 4104 2099 4166 iis
2130 4094 2421 4186 loquitur,
2442 4123 2591 4185 quos
2623 4094 2994 4186 peccati‘non
3028 4102 3273 4184 paenitet
3300 4121 3316 4172 ς
3348 4101 3453 4164 sed
3471 4101 3546 4163 de
3566 4099 3666 4176 iis,

290 4186 569 4276 κοινωνίας
614 4205 912 4271 μετασχεῖν
970 4191 1352 4273 φιλανθρώπως
1409 4189 1638 4269 ἐφίησιν.
1700 4191 1773 4246 οὗ
1841 4188 1933 4266 γὰρ

2027 4194 2128 4275 qui
2179 4195 2416 4276 quidem
2446 4200 2747 4273 apeccato
2791 4193 2914 4273 jam
2975 4199 3382 4265 recesserunt,
3432 4190 3670 4271 placare

394 4274 409 4294 ι
483 4281 510 4292 ε-
587 4276 600 4295 ’
1041 4279 1068 4304 ν
1410 4281 1423 4297 ι
1679 4277 1705 4287 -ο
1807 4276 1820 4295 9

293 4293 412 4352 περι
443 4296 548 4331 των
577 4282 956 4352 αμετανοήτων
1011 4301 1250 4362 ειρηκεν,
1301 4278 1437 4340 ἄλλα
1479 4279 1597 4353 περῖ
1634 4299 1740 4333 των
1798 4298 1936 4333 απο-

2023 4274 2243 4351 autem.
2282 4286 2467 4346 Deum
2543 4300 2650 4363 per
2733 4283 2885 4344 banc
2943 4281 3181 4360 longam
3262 4278 3666 4361 paenitentiam

290 4361 526 4417 στάντων
582 4366 680 4440 μὲν
728 4366 833 4438 ἤδη
876 4370 972 4437 τῆς
1017 4369 1293 4448 ἁμαρτίας,
1354 4365 1671 4433 ὲξιλεοῦσθαι
1740 4362 1793 4420 δὲ
1850 4367 1933 4421 τὸν

942 4392 972 4433 ης
1017 4369 1293 4448 ἁμαρτίας,
1354 4365 1671 4433 ὲξιλεοῦσθαι
1740 4362 1793 4420 δὲ
1850 4367 1942 4421 τὸν
2026 4372 2288 4436 damnati
2318 4361 2585 4434 fuerunt,

292 4451 423 4537 Θεὸν
493 4448 579 4508 διὰ
634 4455 735 4522 τῆς
800 4464 1006 4537 μακρᾶς
1086 4458 1283 4523 ταύτης
1346 4454 1624 4532 μετανοίας
1682 4475 1944 4531 κατακρι-
1966 4455 2010 4505 D

290 4534 485 4594 θέντων
495 4583 510 4599 ,

300 4662 330 4697 α
390 4646 513 4723 Περὶ
567 4655 684 4722 τοῦ,
746 4652 790 4708 εἰ
872 4651 955 4710 δεῖ
1006 4654 1096 4709 τὸν
1167 4651 1465 4726 ἐπεισάκτῳ
1517 4650 1724 4729 γυναικὶ
1779 4671 1943 4707 συνοιη

2031 4647 2125 4709 An
2153 4650 2433 4730 oporteat
2461 4660 2616 4707 eum.
2649 4641 2760 4730 qui
2788 4656 2922 4702 cum
2952 4644 3246 4730 extranea
3269 4635 3674 4730 mulierem:

376 4732 591 4807 κοῦντα,
677 4733 812 4804 μετὰ
892 4736 997 4789 τῶν
1079 4733 1178 4800 τὴν
1262 4713 1549 4790 ἆποϐίωσιν
1605 4736 1703 4798 τῆς
1761 4732 1949 4786 ἐαυτοῦ

2114 4713 2448 4813 bitht,_post
2487 4713 2704 4813 uxoris
2734 4725 3172 4813 sufemarlem,
3220 4715 3301 4777 ad
3345 4713 3555 4778 binubi
3582 4715 3677 4779 vel

373 4804 645 4900 γυναικὸς,
755 4813 826 4876 εἰς
929 4811 1154 4891 διγάμου
1264 4812 1300 4881 ἢ
1402 4811 1663 4890 τριγάμου
1743 4812 1948 4886 βκθμίέν

1265 4812 1300 4881 ἢ
1402 4811 1663 4890 τριγάμου
1743 4812 1948 4886 βαθμρν
2114 4805 2345 4869 trinubi
2370 4804 2630 4884 gradum
2659 4804 2908 4880 suscipi.

372 4884 622 4964 δέχεσθαι
634 4935 647 4948 .
686 4914 714 4946 ι

374 4987 693 5081 Ἦρῷτησας
719 5001 849 5076 πρὸς
880 5001 1109 5073 τούτοις,
1171 5006 1285 5065 πῶς
1326 4996 1411 5055 δεῖ
1451 4996 1639 5056 καλεῖν
1668 4998 1760 5053 τὸν
1810 4998 1945 5072 μετὰ

2108 4984 2404 5062 Quaesiisti
2452 4986 2666 5060 adhuc,
2702 5000 2958 5081 quonam
2993 4979 3168 5081 modo
3210 4979 3505 5079 vocandus
3532 4977 3680 5080 sitis

293 5077 394 5145 τὴν
424 5079 680 5150 τελευτὴν
709 5070 807 5155 τῆς
839 5089 899 5147 ἐκ
927 5070 1140 5164 πρώτου
1170 5090 1344 5167 γάμου
1405 5087 1751 5168 συναφθείσης
1805 5070 1936 5159 αῦτᾷ

2034 5078 2154 5159 qui,
2187 5086 2318 5157 post
2339 5083 2590 5137 mortem
2624 5070 2894 5153 conjugis
2921 5088 2991 5132 ex
3022 5070 3218 5150 ptimo
3271 5070 3677 5168 matrimonio,

292 5169 622 5245 συνεισάκτῳ
688 5186 1051 5252 συνοικοῦντα,
1123 5179 1210 5235 καὶ
1292 5176 1461 5245 ταύτῆ
1541 5172 1935 5252 συμμολυνόμε-

2035 5166 2258 5230 habitat
2287 5182 2421 5225 cum
2471 5170 2773 5252 extranea,
2830 5167 2890 5222 et
2930 5177 3065 5252 cum
3103 5175 3173 5219 ea
3216 5163 3678 5252 coinquinatur;

297 5276 410 5320 νον.
445 5258 517 5315 τὸ
546 5260 674 5319 τιτὸ
702 5263 756 5323 δὲ
799 5271 885 5325 καὶ
929 5226 1064 5344 μετᾶ
1092 5266 1152 5317 ιδ
1174 5266 1274 5335 τὴν
1303 5226 1717 5332 amem-mi?“
1746 5263 1805 5321 ἐκ
1827 5226 1940 5320 alo-

2207 5252 2309 5334 qui
2342 5260 2472 5333 post
2518 5226 3064 5314 obitum'secundaa
3110 5244 3311 5309 uxoris
3351 5226 3427 5307 ad
3476 5226 3675 5309 extra;

1634 5418 1890 5483 VABIE
1934 5414 2375 5484 LECTIONES.

376 5539 437 5591 13
461 5542 551 5597 καὶ
592 5539 710 5619 περὶ
740 5544 833 5595 τοῦ
862 5537 1018 5613 μετά.

375 5657 404 5689 ιι
431 5647 639 5725 stupri
661 5641 1162 5725 consuetudinem
1195 5636 1393 5725 habet.
1490 5626 1902 5725 sacramenta.
1969 5646 1997 5689 υ
2024 5640 2244 5725 nostra
2270 5631 2446 5725 ratio.
2472 5628 2842 5725 frameam;
2858 5647 2880 5725 _:
2900 5623 3556 5725 somniantum-idque
3578 5637 3686 5701 per

295 5703 480 5807 mi;
492 5703 1205 5804 winDeiinmignitatem.
1249 5718 1267 5761 ι
1334 5716 1726 5781 Generaliter
1752 5721 1978 5792 autem,
2008 5721 2061 5781 et
2088 5715 2181 5778 de.
2227 5722 2246 5750 '
2274 5710 2574 5776 abscedat.
2619 5719 2638 5754 ι
2666 5703 2762 5773 αἱ
2775 5703 3144 5788 placandum
3174 5711 3402 5768 autem.
