4160 6212
511 281 629 348 995

1864 293 1996 358 ωδ
2037 288 2506 356 CANONICUM.

3771 290 3892 359 996

513 426 926 510 susceptorum
965 420 1374 484 minesterium
1409 423 1923 504 prodirent,etiam
1946 425 2154 486 arden-

2243 447 2348 500 νον,
2383 425 2560 505 σχολῃ
2590 424 2641 504 γ’
2674 428 2736 482 ἂν
2773 449 2926 507 -προς
2983 449 3081 495 την
3137 433 3244 485 τῶν
3300 427 3582 510 ἀναδόχων
3636 427 3884 509 λειτουρ-

519 505 633 567 tius
665 507 914 570 invitati.
951 512 1094 573 Cum
1127 529 1264 572 vero
1299 510 1594 590 ignorent,
1619 512 1923 578 videamus
1953 525 2151 576 autem

514 596 784 676 quotidie
813 607 868 658 et
897 599 1178 661 mulieres
1209 600 1338 663 sine
1369 601 1706 666 differentia
1745 613 2152 684 susceptorum

516 704 667 746 onus
697 686 1080 767 recipientes;
1112 691 1254 770 quid
1283 693 1623 772 vetat,juxta
1639 693 2152 773 consuetudinem,

514 791 645 855 qua
674 775 771 836 hic
801 775 1075 851 obtinuit,
1102 779 1227 840 viro
1261 781 1700 861 peregrinante,
1735 782 1834 863 qui
1866 782 2155 863 primoge-

514 863 700 924 nitum
752 863 960 925 horum
1023 877 1326 946 parentem
1376 869 1620 932 ﬁliolum
1670 871 1952 952 suscepit,
2000 871 2156 932 illius

514 970 756 1014 uxorem
788 952 1091 1017 invitatam
1124 957 1429 1039 suscipere
1455 978 1613 1036 eum,
1639 959 1741 1040 qui
1770 959 1994 1023 eisdem
2025 978 2154 1041 pos-

515 1049 610 1105 tea
638 1043 746 1104 fuit
771 1051 940 1106 natus
963 1045 988 1108 ?

600 1221 838 1284 Sextum
873 1225 1264 1304 autem,quod
1297 1226 1372 1288 de
1401 1226 1624 1288 infante
1645 1227 1951 1307 quaesitum
1977 1237 2163 1306 est,ut

516 1310 722 1392 paucis
750 1311 968 1387 dicam,
1004 1322 1094 1375 est
1128 1314 1467 1393 bujusmodi
1503 1337 1517 1378 :

593 1398 818 1474 Infans,
853 1399 1115 1482 inquisti.
1158 1401 1367 1464 morbo
1398 1413 1724 1483 correptus.
1764 1412 1820 1466 et
1843 1406 1964 1484 jam
1988 1406 2158 1466 morti

513 1490 843 1570 proximus,
879 1491 1169 1552 sacerdoti
1202 1492 1438 1554 cuidam
1460 1493 1689 1555 oblatus
1711 1501 1793 1555 est
1811 1513 2153 1574 persacram

517 1579 627 1642 Dei
655 1579 1100 1659 generationem
1123 1581 1588 1660 regenerandus.
1624 1581 1730 1643 Hic
1761 1601 1893 1644 cum
1941 1583 2153 1644 exilem

2235 513 2352 591 γίαν
2435 514 2706 590 ἀπήντων,
2793 518 2880 573 καὶ
2975 520 3285 596 θερμότερον
3374 518 3834 596 προσκαλούμενοι
3873 545 3885 557 ο

2237 606 2350 662 ἐπεὶ
2405 605 2458 661 δὲ
2519 612 2611 666 οὐκ
2681 606 2881 689 ἴσασιν,
2942 611 3146 686 ὁρῶμεν
3204 608 3258 665 δὲ
3333 608 3450 667 καθ’
3507 612 3738 676 ἑκάστην
3803 608 3888 666 καὶ

2237 708 2492 771 γυναῖκας
2553 694 2848 778 ἀδιαφόρως
2915 699 2976 753 τὸ
3026 703 3130 755 τῶν
3201 696 3482 779 ἀναδόχων
3551 699 3709 777 βάρος
3752 700 3890 754 ὑπο-

2237 783 2531 864 δεχομένας
2564 805 2578 820 ⁶
2664 787 2714 843 τί
2784 785 2999 862 κωλύει,
3085 788 3218 843 κατὰ
3275 792 3375 855 την
3457 789 3890 868 ἐπικρατήσασαν

2235 874 2399 949 ταύτῃ
2430 877 2726 950 συνήθειαν,
2760 883 2853 934 τοῦ
2879 873 3062 955 ἀνδρὸς
3093 874 3493 952 ἀποδημοῦντος
3523 884 3617 934 τοῦ
3646 879 3706 933 τὸ
3735 899 3890 955 πρω-

2235 964 2446 1040 τογενὲς
2478 963 2678 1021 παιδίον
2709 963 2872 1022 τῶνδε
2929 969 3035 1020 τῶν
3095 963 3293 1042 γονέων
3349 964 3751 1045 ἀναδεξαμένου,
3789 965 3889 1031 τὴν

2236 1051 2431 1108 ἐκείνου
2460 1067 2686 1131 γλνατκα
2714 1054 3006 1122 κληθεῖσαν
3032 1055 3093 1110 τὸ
3121 1051 3238 1130 μετ’
3271 1053 3448 1112 ἐκεῖνο
3469 1055 3674 1119 τούτοις
3697 1054 3889 1133 τεχθὲν

2243 1139 2580 1206 ἀναδέξασθαι
2614 1162 2630 1222 ;

2322 1230 2392 1288 Τὸ
2423 1227 2476 1285 δὲ
2507 1233 2624 1310 περὶ
2671 1237 2763 1289 τοῦ
2805 1231 2988 1298 παιδὸς
3037 1231 3189 1290 ἕκτον
3235 1231 3510 1312 ἐρώτημα,
3572 1234 3645 1298 ὡς
3689 1233 3892 1312 βραχεῖ

2242 1318 2420 1397 φάναι,
2465 1319 2701 1376 τοιοῦτόν
2730 1319 2873 1376 ἐστιν
2907 1337 2920 1350 ⁶

2323 1406 2530 1465 Παιδίον
2600 1407 2783 1489 (ἔφης)
2842 1410 2982 1484 νόσῳ
3052 1412 3302 1486 κατηθὲν,
3375 1410 3465 1466 καὶ
3520 1409 3734 1489 ἰγγίσαν

2238 1502 2314 1569 τῷ
2357 1497 2586 1571 θανάτῳ,
2629 1499 2913 1577 προσήχθη
2969 1500 3068 1555 τινὶ
3126 1505 3231 1556 τῶν
3275 1498 3476 1578 ἱερέων,
3524 1496 3607 1555 διὰ
3660 1499 3759 1565 τῆς
3806 1519 3890 1553 ιε-

2240 1591 2327 1662 ρᾶς
2399 1587 2725 1664 θεογενεσίας
2788 1586 3368 1665 ἆναγεννηθησόμενον.
3457 1581 3512 1644 ’0
3583 1585 3638 1643 δὲ
3694 1586 3891 1643 λεπτὸν

518 1668 790 1756 spiritum
815 1687 951 1731 eum
976 1669 1195 1732 ducere
1217 1670 1526 1744 videret,et
1545 1670 1854 1746 veritus,ut
1876 1672 2154 1733 solemni-

2243 1681 2391 1730 τοῦτο
2419 1673 2539 1731 ἰδὼν
2596 1675 2840 1751 ἕμπνεον,
2889 1677 2977 1732 καὶ
3035 1674 3278 1756 φοϐηθεὶς
3337 1679 3532 1752 μήπως
3587 1683 3694 1732 τῶν
3752 1698 3885 1734 συν-

518 1755 628 1819 bus
643 1758 920 1838 precibus
940 1767 997 1820 et
1024 1757 1493 1839 adjurationibus
1514 1778 1631 1822 non
1658 1760 1981 1822 decantatis
2005 1780 2154 1841 prae-

510 1847 831 1928 riperetur,
863 1855 1179 1927 antequam
1226 1848 1592 1929 baptismatis
1640 1855 2150 1929 regenerationem

520 1945 677 1999 esset
707 1937 988 2017 adeptus:
1021 1938 1390 2018 precationes
1407 1948 1545 2000 ante
1565 1939 1919 2019 baptismum
1943 1940 2156 2002 decan-

518 2027 749 2106 tandas,
806 2035 862 2088 et
913 2026 1322 2106 adjurationes
1365 2028 1718 2107 praecidens,
1767 2028 1958 2090 initiat
1988 2029 2152 2090 illum

518 2115 736 2196 triplici
757 2115 1224 2189 demersioneyt
1254 2117 1480 2196 triplici
1525 2119 1731 2192 Patris,
1768 2118 1897 2179 Filii
1930 2128 1986 2180 et
2017 2116 2153 2198 Spi-

514 2204 664 2266 ritus
693 2207 876 2266 sancti
909 2205 1299 2267 invocatione.
1336 2206 1486 2278 Quid
1536 2216 1663 2288 post
1716 2210 1837 2269 hinc
1859 2209 1889 2269 ?
1920 2209 2154 2271 Conva-

513 2293 683 2355 lescit
710 2293 1195 2362 infans,abeunte
1210 2296 1692 2358 morbo.Accedit
1713 2299 1926 2359 iterum
1953 2315 2154 2358 sacer-

515 2381 645 2452 dos,
670 2383 1095 2462 adjurationes.
1129 2402 1274 2464 quas
1303 2384 1688 2464 praeterierat,
1724 2396 1781 2446 et
1814 2405 2018 2466 preces
2048 2389 2157 2446 im-

517 2473 804 2553 pleturus.
831 2471 995 2544 Quod
1024 2482 1230 2548 restat,
1265 2475 1546 2555 quaesiisti
1575 2475 1832 2552 discere,
1866 2478 2073 2540 liceret
2094 2477 2152 2538 id

515 2561 733 2636 facere,
769 2563 1064 2624 necne.Et
1095 2571 1232 2642 puto
1265 2581 1505 2644 ea,quze
1539 2566 1896 2645 baptismum
1923 2585 2150 2646 praece-

516 2652 683 2719 dunt,
724 2659 854 2732 post
882 2651 1241 2731 baptismum
1277 2653 1602 2714 accinenda
1637 2673 1754 2714 non
1784 2673 1917 2716 esse
1947 2655 2024 2732 ei,
2053 2657 2154 2736 qui

509 2741 634 2821 jam
667 2739 960 2820 baptismo
993 2740 1253 2802 initiatus
1283 2749 1392 2814 est,
1427 2760 1530 2821 per
1561 2743 1852 2822 triplicem
1903 2744 2150 2806 immer-

517 2828 768 2904 sionem,
805 2836 862 2890 et
905 2830 1079 2890 trium
1140 2847 1526 2910 personarum
1585 2831 2037 2910 invocationem,
2092 2835 2151 2894 in

2238 1762 2379 1831 ήοων
2455 1766 2629 1844 εὐχῶν
2684 1766 2772 1821 καὶ
2827 1767 3160 1847 εφορκισμῶν
3219 1764 3553 1840 ἐπᾳδομένων
3625 1787 3889 1844 προαναρ-

2239 1856 2436 1934 πασθῇ,
2470 1855 2547 1928 μὴ
2577 1855 2744 1933 τυχὸν
2803 1859 2902 1921 τῆς
2947 1852 3031 1910 διὰ
3088 1864 3182 1914 τοῦ
3236 1855 3597 1931 βαπτίσματος
3653 1855 3886 1933 ἀναγεν-

2239 1942 2441 2010 νήσεως
2479 1960 2492 1972 ⁸
2538 1940 2795 2020 περιελὼν
2851 1943 2945 2005 τὰς
3005 1943 3168 2021 εὐχὰς
3224 1945 3318 2006 1&4
3379 1945 3480 2022 πρὸ
3521 1947 3619 2007 τῆς
3662 1940 3887 1998 τελειώ-

2237 2051 2371 2094 σεως
2413 2028 2738 2106 ἐπᾳδομένας
2769 2032 2855 2086 καὶ
2897 2033 3019 2096 τοὺς
3066 2031 3435 2111 ἐφορκισμοὺς,
3493 2029 3691 2087 τελειοϊ
3734 2037 3889 2086 τοῦτο

2237 2116 2320 2174 διὰ
2361 2124 2459 2186 τῆς
2489 2124 2668 2198 τρίτης
2728 2117 3088 2195 καταδύσεως,
3132 2123 3221 2176 γαὶ
3277 2125 3375 2185 τῆς
3433 2119 3702 2198 ἰσαρίθμου
3774 2117 3890 2174 ἐπι-

2238 2205 2480 2276 κλήσεως
2522 2215 2614 2263 τοῦ
2658 2210 2884 2286 Πατρὸς,
2952 2211 3039 2264 καὶ
3093 2216 3186 2265 τοῦ
3255 2211 3397 2288 rio-.3,
3449 2209 3536 2264 καὶ
3591 2212 3681 2263 τοῦ
3739 2207 3890 2283 ἁγίου

2243 2297 2565 2372 Πνεύματος.
2599 2297 2658 2354 Τί
2684 2299 2746 2352 τὸ
2804 2297 2887 2353 ἐπὶ
2932 2298 3185 2377 τούτοιςς
3255 2297 3505 2374 ῥώννυται
3551 2297 3611 2352 τὸ
3654 2293 3887 2368 παιδίον,

2238 2391 2336 2452 τῆς
2386 2386 2540 2442 νόσου
2589 2383 3025 2452 διαπετευσάσης.
3088 2388 3362 2465 Πρόσεισιν
3413 2386 3555 2449 αὖθις
3614 2387 3642 2440 ὁ
3693 2386 3886 2462 ἱερεὺς,

2239 2475 2358 2538 τοὺς
2429 2473 2784 2554 ἂφορκισμοὺς
2816 2471 2874 2522 16
2927 2477 3014 2537 οὒς
3073 2473 3453 2552 παραλέλοιπε,
3511 2475 3598 2530 καὶ
3642 2475 3735 2537 τὰς
3793 2478 3886 2531 εὐ-

2234 2563 2339 2642 χὰς
2386 2563 2805 2642 ἀναπληρώσων.
2856 2565 3052 2620 Λοιπὸν
3109 2563 3371 2634 ἐζήτησας
3430 2566 3641 2642 μαθεῖν,
3699 2564 3743 2616 εἷ
3801 2561 3888 2625 ’ἐξ-

2235 2671 2344 2708 εστι
2387 2658 2540 2708 τοῦτο
2581 2666 2778 2732 ποιεῖν,
2837 2652 2873 2719 ἢ
2929 2653 3030 2726 μή.
3081 2654 3176 2708 Καὶ
3218 2650 3388 2722 δοκεῖ,
3424 2675 3536 2726 μοι,
3569 2651 3650 2707 ὅτι
3694 2651 3753 2706 οὗ
3797 2648 3880 2705 δεῖ

2235 2741 2369 2814 μετὰ
2423 2739 2520 2806 την
2571 2739 2841 2796 τελείωσιν
2882 2743 2947 2796 τὰ
2978 2742 3077 2819 πρὸ
3105 2745 3203 2806 τῆς
3233 2739 3558 2803 τελειώσεως
3613 2736 3881 2818 προσᾴδε-

2240 2832 2461 2903 σθαιτῷ
2501 2826 2604 2897 ἤδη
2659 2827 3053 2903 τετελειωμὲνῳ
3102 2827 3186 2883 διὰ
3243 2834 3340 2895 τῆς
3387 2833 3606 2906 φρικτῆς
3653 2825 3888 2882 καταδύ-

514 2917 730 2999 quibus
759 2927 848 2979 est
877 2916 1498 2998 baptimus.Nusquam
1530 2920 1687 2980 enim
1718 2921 1791 2982 ab
1823 2921 1941 2982 ullo
1967 2940 2154 2984 sacro-

2243 2939 2394 2998 σεως,
2438 2920 2526 2974 καὶ
2555 2924 2652 2986 τῆς
2683 2917 3014 2988 ἐπικλήσεως
3071 2924 3177 2973 τῶν
3235 2923 3394 2996 τριῶν
3447 2917 3771 2995 προσώπων,
3835 2916 3886 2972 ἐν

513 3027 646 3070 rum
675 3025 968 3069 canonum
1001 3007 1115 3070 tale
1165 3008 1306 3087 quid
1343 3008 1652 3070 deﬁnitum
1695 3009 2031 3072 invenimus
2087 3013 2154 3074 Et

2243 3009 2328 3072 οἷς
2371 3009 2405 3075 ἡ
2451 3005 2740 3070 τελείωσις.
2793 3005 3032 3082 Οὐδαμοῢ
3085 3007 3184 3084 γὰρ
3240 3003 3328 3062 ὑπ’
3386 3003 3591 3068 οὐδενὸς
3647 3012 3754 3061 τῶν
3805 3007 3888 3059 ἱε-

514 3098 590 3160 47
607 3115 796 3158 canon
823 3096 1105 3159 divinitus
1125 3097 1453 3158 amatorum
1476 3097 1843 3180 Patrum,qui
1861 3099 2154 3162 Laodicea:

2243 3102 2342 3174 ρῶν
2422 3097 2658 3153 κανόνων
2744 3096 2979 3153 τοιοῦτόν
3049 3117 3098 3150 τι
3157 3096 3462 3173 εὑρίσκομεν
3518 3093 3883 3172 διωρισμένον,

514 3185 1027 3267 convenerunt,de
1056 3185 1130 3249 iis
1160 3186 1538 3268 loquens,qui
1557 3185 1632 3248 ob
1660 3187 2073 3251 necessitatem
2098 3190 2154 3250 in

2243 3185 2340 3241 Καὶ
2382 3186 2410 3240 ὁ
2468 3185 2580 3246 τῶν
2625 3184 2690 3268 ’ἐν
2748 3181 3022 3240 Λαοδικεία
3091 3181 3146 3238 δὲ
3215 3181 3566 3239 συνελθόντων
3620 3182 3886 3262 θεοφόρων

514 3274 740 3336 morbis
768 3263 1314 3356 baptizanturmibil
1347 3263 1556 3337 horum
1584 3274 2074 3358 meminit,neque
2096 3287 2154 3340 ut

2243 3272 2487 3350 Πατὲρων
2545 3263 2634 3348 μζ¹
2689 3274 2886 3346 κανὼν,
2930 3275 3048 3350 περὶ
3089 3278 3194 3328 τῶν
3248 3275 3630 3350 περιστατικῶς
3675 3271 3728 3326 ἐν
3787 3271 3883 3326 νό-

513 3383 723 3446 preces
752 3364 1048 3435 dicantur,
1084 3382 1279 3445 neque
1299 3371 1362 3425 ut
1391 3365 1794 3444 adjurationes
1810 3374 1939 3446 post
1973 3365 2160 3447 bapti-

512 3471 638 3515 sma
667 3454 807 3514 ﬁant
835 3471 849 3515 :
877 3452 982 3515 sed
1017 3452 1178 3514 illius
1206 3453 1404 3533 modo,
1448 3453 1604 3533 quod
1640 3453 1785 3515 ﬁdes
1833 3453 2156 3518 ediscenda

515 3543 592 3606 sit
621 3543 798 3604 etiam
833 3551 964 3623 post
994 3541 1397 3622 baptisma,ab
1431 3560 1524 3622 eo,
1575 3543 1676 3623 qui
1708 3541 1917 3604 morbo
1949 3545 2155 3624 prohi-

514 3630 672 3693 bitus
703 3640 811 3705 est,
847 3641 1158 3711 antequam
1206 3650 1333 3692 eam
1368 3630 1647 3693 disceret.
1683 3631 1780 3692 Ait
1811 3631 1994 3712 enim,
2029 3653 2152 3710 eos,

513 3721 615 3801 qui
645 3721 702 3781 in
731 3720 938 3781 morbo
969 3720 1241 3800 baptizati
1270 3728 1429 3794 sunt,
1464 3721 1641 3782 ﬁdem
1674 3720 1944 3783 ediscere
1974 3741 2155 3802 opor-

513 3819 664 3884 tere,
699 3819 755 3870 et
785 3827 1134 3888 agnoscere,
1169 3828 1233 3870 se
1262 3809 1457 3870 divina
1487 3808 1792 3887 largitione
1822 3810 2032 3888 dignos
2057 3812 2157 3872 ha-

517 3895 672 3959 bitos
703 3915 834 3958 esse
863 3923 909 3964 υ.

595 4072 916 4153 Septimam
935 4080 991 4134 et
1006 4071 1270 4134 ultimam
1301 4072 1822 4154 interrogationem
1842 4075 2153 4154 hujusmo-

515 4163 575 4226 di
596 4162 974 4244 proposuisti.
1010 4161 1214 4224 Puella
1250 4164 1817 4244 quaedam,quintum
1850 4182 2153 4242 agensan-

517 4271 684 4320 num,
709 4253 770 4312 in
787 4250 1096 4332 impubere
1132 4261 1299 4313 aetate
1323 4253 1727 4332 despondetur
1751 4253 1981 4315 cuidam
2006 4256 2149 4331 viro,

515 4341 616 4422 qui
647 4347 888 4422 propter
916 4350 1148 4404 atatem
1172 4341 1545 4422 impuberem
1559 4341 1688 4422 jure
1711 4359 1840 4403 eam
1858 4344 2151 4424 repudiat.

516 4429 654 4494 Haec
677 4438 874 4492 autem
889 4449 1100 4494 rursus
1113 4432 1364 4512 septimo
1377 4431 1566 4493 aetatis
1583 4449 1737 4492 anno
1757 4431 2160 4514 despondetur

515 4519 851 4600 alteri:qui
895 4521 1114 4582 iterum
1174 4519 1445 4583 eamdem
1497 4539 1737 4582 causam
1772 4520 1995 4583 habens
2019 4539 2154 4583 cum

515 4609 740 4691 priore,
765 4609 1079 4671 dissidium
1111 4627 1245 4670 cum
1279 4627 1349 4671 ea
1377 4608 1535 4671 facit.
1571 4607 1721 4681 Quid
1755 4617 1875 4670 tum
1905 4609 2156 4672 deinde?

515 4697 782 4761 Tertium
820 4698 1117 4760 decimum
1151 4715 1334 4776 agens
1351 4715 1574 4761 annum
1603 4697 1850 4759 vultalii
1873 4697 2153 4778 virolegi-

517 4786 662 4848 time
692 4786 957 4868 conjugi,
989 4794 1049 4848 et
1078 4785 1497 4849 benedictione
1541 4805 1707 4849 sacra
1739 4785 1982 4848 initiari.
2016 4786 2154 4849 Haec

513 4893 623 4956 per
659 4875 1059 4937 narrationem
1111 4893 1436 4956 exponens,
1477 4873 1806 4956 quaerebas,
1859 4874 2156 4956 prohibita

519 4975 744 5046 essent,
778 4983 992 5028 necne.
1043 4965 1116 5027 Et
1161 4963 1435 5045 dicimus,
1484 4983 1602 5026 non
1644 4963 1948 5046 prohiberi
1977 4983 2152 5038 eam;

515 5058 639 5115 tum
667 5053 825 5135 quod
848 5061 1058 5135 praeter
1077 5059 1312 5116 aatatem
1333 5053 1688 5136 desponsata
1708 5053 1806 5129 sit,
1847 5063 1906 5114 et
1945 5054 2156 5134 hujus-

514 5142 678 5204 modi
697 5140 998 5224 sponsalia
1031 5142 1194 5205 nullo
1233 5151 1739 5206 connumerentur
1769 5142 1942 5204 modo
1971 5160 2158 5223 spon-

517 5229 740 5294 salibus
769 5231 1004 5295 novella
1042 5231 1467 5295 constitutione
1513 5230 1764 5312 cognitis
1800 5249 1814 5294 :
1849 5240 1972 5293 tum
1999 5231 2154 5312 quod

515 5319 782 5402 praedictl
812 5319 1018 5402 Sponsi
1047 5318 1121 5401 (si
1147 5320 1386 5402 quidem
1407 5339 1665 5404 sponeos
1683 5319 2157 5401 vocarioporteat

2241 3384 2350 3427 σοις
2415 3361 2810 3438 βαπτιζομένων
2867 3359 3098 3434 διεξιὼν,
3173 3359 3379 3424 οὐδενὸς
3428 3371 3626 3419 τοὺτων
3707 3358 3884 3436 ἐμνη-

2239 3451 2512 3532 μόνευσεν,
2565 3455 2625 3510 ού
2678 3458 2770 3507 τοῦ
2813 3450 3077 3530 εὐλογεῖν,
3137 3450 3196 3508 ού
3251 3449 3346 3506 τοῦ
3405 3450 3698 3530 ἐφορκζειν
3749 3449 3885 3522 μετὰ

2237 3542 2297 3596 τὸ
2341 3541 2618 3616 βάπτισμα
2652 3559 2666 3573 ·
2725 3540 2887 3616 μόνον
2928 3538 2983 3596 δὲ
3034 3547 3126 3598 τοῦ
3181 3537 3294 3594 δεῖν
3347 3540 3444 3606 τὴν
3474 3541 3646 3595 πίστιν
3681 3538 3888 3612 ἐκμαν-

2237 3629 2428 3701 θάνειν,
2474 3631 2561 3685 καὶ
2605 3629 2738 3704 μετὰ
2774 3630 2835 3683 τὸ
2890 3629 3184 3704 βάπτισμα,
3257 3628 3348 3683 τὸν
3417 3629 3518 3682 ὑπὸ
3572 3631 3670 3695 τῆς
3727 3625 3886 3683 νόσου

2237 3717 2534 3774 κωλυθέντα
2602 3725 2703 3797 πρὸ
2764 3724 2856 3774 τοῦ
2897 3720 3092 3784 ταύτην
3134 3716 3384 3792 ἐκμαθεῖν
3440 3719 3579 3783 Φησὶ
3634 3717 3758 3794 γὰρ,
3806 3715 3888 3769 ὅτι

2238 3804 2322 3862 δεῖ
2377 3809 2493 3872 τοὺς
2557 3806 2610 3862 ἐν
2672 3807 2809 3880 νόσῳ
2865 3806 3266 3885 βαπτισθέντας,
3339 3802 3456 3871 ἤτοι
3527 3804 3887 3882 ἀναστάντας,

2238 3896 2574 3972 ἐκμανθάνειν
2605 3897 2702 3964 τὴν
2734 3896 2930 3976 πίστιν,
2962 3898 3048 3952 καὶ
3079 3895 3380 3974 γινώσκειν,
3414 3893 3493 3949 ὅτι
3519 3896 3658 3957 θείας
3682 3891 3886 3971 δωρεᾶς

2235 3984 2558 4052 ἠξιώθησαν,

2321 4065 2594 4150 ’Ἑϐδομον
2625 4075 2713 4130 καὶ
2743 4072 3048 4130 τελευταῖον
3079 4072 3329 4152 ἐρώτημα
3370 4070 3603 4129 τοιοῦτόν
3651 4090 3702 4122 τι
3745 4091 3892 4145 προ-

2235 4161 2522 4230 ϐέϐληκας.
2573 4163 2714 4241 Κόρη
2775 4185 2879 4237 τις,
2939 4163 3180 4238 πέμπτον
3243 4163 3440 4240 ἄγουσα
3494 4157 3609 4221 ἔτος
3674 4162 3776 4224 τῆς
3835 4157 3893 4213 ἐν

2239 4241 2532 4320 ἀνηϐότητι
2575 4251 2806 4326 ἡλικίας,
2869 4257 3215 4327 μνηστεύεται
3258 4254 3358 4308 τινὶ
3400 4247 3564 4328 ἀνδρί.
3647 4256 3716 4308 Oc
3780 4269 3890 4301 κα-

2239 4341 2346 4406 λῶς
2389 4347 2580 4420 ποιῶν,
2638 4338 2722 4397 διὰ
2774 4342 2872 4407 τὴν
2916 4346 3014 4407 τῆς
3074 4340 3484 4414 μνηστευθείσης
3545 4331 3890 4408 ἆνηϐότητα,

2239 4431 2514 4510 ἀφίσταται
2571 4428 2756 4496 αὐτῆς.
2817 4420 2879 4486 Ἠ
2950 4429 3005 4484 δὲ
3060 4430 3146 4484 καὶ
3203 4427 3362 4485 πάλιν
3420 4427 3472 4483 ἐν
3529 4429 3607 4497 τῷ
3675 4420 3898 4498 ἑϐδόμῳ

2239 4521 2417 4600 χρόνῳ
2483 4523 2580 4587 τῆς
2637 4517 2846 4586 ἡλικίας
2890 4519 3051 4585 αὐτῆς
3093 4518 3438 4594 μνηστεύεται
3485 4512 3624 4590 ἀνδρὶ
3669 4511 3851 4600 ἑτέρῳ,
3877 4531 3890 4544 ·

2238 4599 2295 4673 ὃς
2462 4606 2621 4664 πάλιν
2662 4607 2728 4662 τὰ
2783 4603 2878 4662 ἴσα
2943 4613 3020 4681 τῷ
3074 4606 3312 4686 προτέρῳ
3378 4604 3644 4684 φρονήσας
3711 4599 3900 4678 ἀποῤ-

2235 4699 2482 4775 ῥήγνυται
2543 4697 2729 4761 αὐτῆς.
2776 4697 2914 4752 Εἶτα
2967 4696 3070 4775 τίς
3129 4691 3554 4774 τρισκαιδέκατον
3598 4687 3897 4745 ἐλαύνουσα

2236 4787 2430 4866 χρόνον
2480 4783 2721 4861 βούλεται
2764 4785 3002 4859 νομίμως
3053 4781 3194 4861 ἀνδρὶ
3249 4782 3411 4861 ἑτέρῳ
3467 4776 3790 4866 ωναφθῆναί
3837 4797 3900 4832 τε

2235 4865 2322 4931 καὶ
2419 4871 2845 4953 ἱερολογηθῆναι.
2931 4878 3105 4930 Ταῦτα
3192 4868 3595 4950 διηγηματικῶς
3691 4865 3895 4940 ἐκθεὶς,

2237 4964 2438 5036 ἐζήτεις
2470 4965 2681 5039 μαθεῖν,
2727 4964 2771 5018 εἰ
2825 4960 3144 5040 κεκώλυται,
3189 4959 3226 5028 ἢ
3271 4960 3348 5037 μὴ
3404 4955 3723 5014 κεκώλυται.
3789 4959 3902 5012 Καὶ

2240 5052 2489 5132 λέγομεν,
2549 5052 2628 5127 μὴ
2687 5050 3010 5108 κεκωλύσθαι
3078 5050 3299 5125 ταύτην,
3363 5045 3447 5102 διά
3515 5065 3572 5101 τε
3641 5045 3704 5100 τὸ
3758 5041 3899 5132 παρ’

2239 5131 2450 5212 ἡλικίαν
2506 5142 2922 5220 μνηπευθῆναι,
2985 5141 3073 5195 καὶ
3129 5140 3206 5215 μὴ
3262 5136 3688 5216 συναριθμεῖσθαι
3744 5131 3902 5196 ὅλως

2239 5233 2332 5295 1&4
2373 5230 2613 5295 τοιαύτας
2675 5229 2961 5305 μνηστείας
3015 5240 3138 5292 ταῖς
3195 5224 3552 5305 ἑγνωσμέναις
3620 5226 3688 5298 τῇ
3729 5227 3903 5300 νεαρᾷ

2237 5319 2516 5396 νομοθεσίᾳ
2558 5319 2890 5395 μνηστείαις.
2937 5318 3036 5376 Καὶ
3093 5315 3308 5397 προσέτι
3365 5312 3445 5393 δὲ,
3515 5309 3600 5367 διὰ
3647 5312 3709 5366 τὸ
3763 5311 3902 5373 τοὺς

1844 5479 2098 5546 VARIIE
2141 5473 2578 5546 LECTIONES.

585 5583 647 5637 16
686 5585 1054 5667 ἑφορκισμούς.

588 5693 616 5736 δ
642 5693 802 5773 quod
830 5693 1108 5754 divinum
1136 5710 1356 5756 munus
1378 5695 1582 5776 adepti
1606 5695 1750 5757 sint.
