4160 6212
280 296 431 372 {om
1662 300 2344 370 GRIEGO-ROMANUM
3517 301 3675 366 1002

280 444 439 508 σίαις.
506 445 621 501 Τῶν
690 441 745 499 δὲ
794 442 1045 499 τοιούτων
1100 438 1214 498 οὑδὲ
1271 442 1323 495 αἱ
1391 441 1680 519 προσφοραὶ
1724 437 1924 510 δεκταὶ,

2038 434 2131 497 ied
2165 444 2222 499 et
2251 438 2351 519 qui
2362 436 2433 498 ad
2449 455 2517 499 ea
2534 435 2908 499 observanda
2928 436 3477 519 emendandaqueIIII
3491 437 3676 520 depu-

285 532 384 598 ἕως
436 531 496 589 ἂν
557 530 964 613 διορθώσωνται.
1028 528 1180 587 Ἀλλ’
1222 530 1311 586 καὶ
1353 532 1399 585 οἱ
1443 528 1930 608 ἐπιτεταγμένοιῦῧ

2038 528 2119 589 ati
2150 536 2287 590 sunt
2316 528 2491 606 ",nisi
2513 529 2573 590 id
2597 528 3069 603 fecerint,sacris
3092 528 3421 593 canonibus
3433 529 3676 593 obnoxii

285 621 558 701 ἐπιτηρεῖν
619 622 686 678 τὰ
736 626 976 701 τοιαῦτα,
1049 620 1137 676 καὶ
1189 616 1439 699 διορθοῦν,
1501 619 1544 675 εἰ
1595 619 1673 694 μὴ
1730 624 1930 674 τοιοῦτο

2038 625 2221 679 erunt.
2260 616 2427 690 Quod
2461 618 2509 679 si
2566 619 2661 679 cui
2717 617 2792 679 sit
2846 616 3091 680 facultas
3146 617 3409 681 habendi
3438 638 3674 683 servum

282 719 514 791 ποιοῦσι,
587 710 673 767 καὶ
741 708 888 769 αὐτοὶ
943 721 1063 771 τοῖς
1129 710 1173 764 is
1186 720 1303 788 ροτς
1380 706 1595 763 κανόσιν
1667 707 1930 762 ὑπεύθυνοι

2038 726 2227 783 mum,
2264 707 2353 767 vel
2384 707 2689 784 ancillam,
2721 706 2880 768 desit
2909 714 3105 769 autem
3145 707 3400 771 fucultas
3428 708 3674 774 alterius

284 800 537 877 γίνονται,
570 800 630 856 Εἰ
678 797 733 854 δέ
787 820 869 864 τις
927 797 1143 877 εὐπορεῖ
1198 798 1315 860 ἑνὸς
1358 794 1541 854 δούλου
1599 795 1636 864 ἢ
1678 793 1929 867 δουλίδος,

2038 798 2618 877 :omparanili,uteos
2639 797 2960 877 conjungat
2993 804 3077 878 ,et
3102 796 3531 879 obidindulget
3546 800 3602 863 ei
3621 814 3668 877 ο,

286 887 479 966 ἀπορεῖ
532 885 588 944 δὲ
647 885 822 966 ἕτερον
873 887 1189 957 κτήσασθαι,
1255 886 1386 963 πρὸς
1441 886 1501 940 τὸ
1546 882 1777 955 συζεῦξαι
1836 883 1930 939 αὖα

286 978 433 1052 τοὺς,
466 978 553 1033 καὶ
584 974 667 1032 διὰ
695 982 848 1032 τοῦτο
876 974 1128 1055 ἀνέχεται
1158 976 1216 1030 ὃν
1246 972 1364 1054 ἔχει
1390 972 1457 1023 ’δι
1505 973 1607 1029 ὑπὸ
1663 976 1760 1039 τὴν
1803 969 1931 1027 ἰδίαν

286 1061 543 1138 ἐξουσίαν,
601 1061 739 1121 ἵστω
797 1065 868 1127 ὡς
939 1062 1093 1119 10610
1137 1066 1232 1121 οὐκ
1287 1059 1531 1120 ἐκϐάλλει
1591 1060 1775 1123 αὖτοὺς
1833 1062 1931 1127 τῆς

289 1152 734 1220 ἐκκλησιαπικῆς
806 1154 893 1209 καὶ
970 1156 1256 1218 κανονικῆς
1326 1151 1685 1226 ἐπιτιμήσεως
1723 1170 1737 1183 θ
1796 1147 1932 1204 ἀλλὰ

287 1244 375 1299 καὶ
432 1242 587 1307 αὐτὸς
645 1242 905 1306 παντοίως
964 1243 1204 1299 αἰτείσθω
1229 1241 1294 1291 '55
1347 1238 1542 1306 διδάξαι
1601 1241 1694 1295 τὸν
1733 1240 1931 1296 οἰκεῖον

286 1329 495 1397 οἰκέτην
538 1343 852 1410 σωφρονεῖν,
898 1330 935 1398 ἢ
987 1328 1219 1386 κωλύσαι
1248 1327 1313 1380 56
1379 1329 1477 1396 τὴν
1550 1328 1793 1406 πορνείαν
1849 1325 1934 1382 διὰ

283 1418 478 1496 τρόπου
508 1421 728 1494 παντὸς,
759 1421 917 1498 γάμῷ
947 1418 1091 1484 ὅπως
1110 1416 1307 1489 δήποτε
1330 1415 1569 1491 συζεύξας
1591 1419 1652 1473 τὸ
1683 1423 1932 1495 πορνεῦον

284 1507 564 1587 πρόσωπον
600 1523 614 1538 ⁸
648 1509 736 1564 καὶ
781 1508 944 1571 οὕτως
988 1507 1126 1565 ἔστω
1160 1508 1430 1572 ἀνεύθυνος
1458 1505 1544 1569 ⁸57.

370 1588 432 1654 Ἠ
501 1599 780 1678 ὑπογραφή
813 1617 827 1631 ’
921 1588 978 1655 Ὀ
1055 1597 1453 1674 μητροπολίτης
1541 1595 1930 1663 Θεσσαλονίκης

287 1687 548 1757 Νικήτας.

294 1822 317 1857 α
354 1799 678 1881 ’βρωτήσεις
723 1803 810 1857 καὶ
851 1801 1151 1881 ἀποκρίσεις
1195 1799 1451 1881 διάφοροι,
1484 1800 1761 1881 γενύμεναι
1788 1800 1931 1881 παρὰ

365 1878 627 1962 διαφόρων
671 1878 1148 1962 ἀρχιερέων-πρὸς
1204 1878 1303 1962 τὸν
1350 1878 1728 1961 χαρτοφύλακα
1754 1880 1930 1962 κύριον

368 1959 627 2041 μικηταν,
671 1959 1493 2041 τονγεγονόταάρχιεπίσκοπον
1521 1959 1619 2028 τῆς
1651 1959 1932 2038 μητροπό-

369 2038 502 2105 λεως
548 2038 960 2109 Θεσσαλονίκης.
998 2066 1026 2098 ι

2016 904 2191 966 quem
2225 886 2285 947 in
2316 905 2424 949 sua
2454 894 2741 968 potestate
2772 885 2983 948 habet:
3041 885 3187 947 sciat
3216 886 3378 966 ipsos
3395 907 3515 950 non
3535 888 3670 952 ideo

2015 974 2255 1037 liberari
2277 975 2349 1037 ab
2373 976 2776 1038 ecclesiastica
2800 984 2857 1037 et
2880 974 3167 1036 canonica
3188 975 3589 1040 censura.Sed
3614 986 3672 1040 et

2014 1064 2144 1144 ipse
2166 1064 2409 1126 omnino
2437 1073 2673 1128 tenetur
2685 1064 2902 1127 docere
2916 1082 3149 1126 servum
3167 1083 3336 1126 suum
3352 1066 3670 1129 continen-

2015 1159 2107 1214 ter
2133 1161 2438 1234 agere,aut
2457 1154 2621 1216 omni
2645 1154 2818 1215 modo
2842 1152 3259 1215 scortationem
3277 1153 3596 1233 prohibere
3618 1179 3665 1235 ι),

2020 1242 2239 1320 nuptiis
2299 1251 2598 1324 utcunque
2649 1243 3019 1322 conjungens
3053 1250 3413 1306 scortantem
3448 1263 3665 1326 perso-

2017 1349 2151 1393 nam
2179 1352 2195 1411 ;
2229 1337 2404 1412 atque
2433 1331 2513 1393 ita
2544 1338 2710 1394 extra
2739 1330 2972 1411 culpam
3005 1336 3130 1391 esto
3159 1341 3206 1393 (ι.

2094 1608 2459 1691 Subscriptio
2496 1629 2509 1673 ;
2543 1609 2811 1691 Νίοοιειεζ
2828 1602 3322 1691 metropolitanus
3351 1610 3669 1675 Thessalo-

1950 1739 1991 1788 Β
2013 1697 2179 1760 nicas.

2013 1806 2523 1888 Interrogationes
2553 1815 2610 1869 et
2637 1807 3053 1887 responsiones
3094 1809 3372 1883 diversae,
3403 1828 3441 1870 α
3476 1812 3667 1873 variis

2098 1888 2471 1950 antistitibus
2499 1890 2681 1965 factae
2709 1888 2789 1949 ad
2845 1888 3153 1949 dominum
3181 1888 3462 1950 Nicetam
3491 1890 3668 1954 char-

2098 1967 2496 2109 toiihylacem,
2529 1970 2641 2046 qui
2663 1969 2785 2045 fuit
2814 1968 3305 2048 archiepiscopus
3323 1971 3667 2052 metropolis

2105 2049 2153 2110 T
2170 2047 2568 2110 tessalonices.

367 2142 658 2223 Ἐρώτησις
724 2144 934 2223 πρώτη,
997 2144 1247 2209 Διάκονος
1301 2141 1632 2224 ὀφφικιάλιος
1663 2134 1930 2220 ξκατηγο-ῖ

2098 2146 2506 2225 Interrogatio
2533 2147 2763 2226 prima.
2824 2144 3124 2207 Diaconus
3153 2146 3448 2223 ofﬁcialis,
3480 2168 3657 2212 accu-

293 2235 490 2313 ρηθεὶς,
537 2232 617 2289 ὅτι
687 2232 964 2312 προέδωκέ
1010 2256 1059 2289 τι
1117 2234 1365 2301 ἀκίνητον
1423 2238 1520 2298 τῆς
1588 2230 1930 2310 Ἐκκλησίας,

2038 2244 2198 2316 satus,
2233 2235 2388 2315 quod
2450 2253 2555 2314 per
2606 2234 2992 2295 collusionem
3052 2233 3317 2297 amiserit
3369 2255 3496 2299 rem
3545 2239 3662 2301 Ec-

290 2321 583 2398 ἐπετιμήθη
654 2324 797 2401 παρὰ
866 2322 959 2378 106
1013 2321 1400 2401 μητροπολίτου
1432 2327 1445 2354 ⁸
1511 2319 1848 2387 ἐτελεύτησεν
1906 2323 1930 2375 ὁ

2038 2323 2896 2403 ιιεεὶθεὶῐηηιοῢίιειη,οοῐιευι“ω
2916 2323 3336 2386 ecclesiasticae
3357 2326 3663 2407 subjectus

286 2409 707 2491 μητροπολίτης,
738 2409 894 2477 ἦλθεν
925 2413 953 2466 ὁ
980 2408 1183 2490 ἕτερος,
1241 2412 1328 2466 καὶ
1384 2407 1532 2465 εἴασε
1588 2416 1771 2466 τοῦτον
1819 2408 1930 2464 ἐπι-

2038 2422 2108 2476 est
2137 2434 2171 2476 a
2200 2413 2653 2493 metropolitano
2690 2433 2703 2474 :
2738 2411 2883 2473 obiit
2915 2412 3665 2492 metropolitanus,succes-

284 2498 638 2575 τετιμημένον
672 2514 685 2528 '
746 2500 834 2554 καὶ
885 2498 1074 2578 ἐρωτῶ
1104 2501 1147 2554 εἰ
1175 2496 1390 2556 δυνατόν
1440 2497 1548 2555 ἐστι
1591 2504 1775 2555 τουτον
1832 2495 1929 2553 λυ-

2038 2503 2091 2564 :it
2121 2503 2291 2576 alius,
2328 2503 2428 2583 qui
2458 2519 2592 2564 eum
2626 2501 2684 2563 in
2740 2500 2936 2582 poenis
2970 2519 3101 2563 esse
3130 2501 3282 2564 sivit.
3319 2502 3553 2587 Quaero,
3586 2527 3662 2570 an

284 2591 445 2655 θῆναι
472 2586 599 2668 παρ’
826 2593 918 2644 τοῦ
961 2587 1250 2664 ἐπιτιμίου.

2038 2592 2113 2655 ιὶο
2139 2610 2172 2654 a
2204 2591 2376 2654 nobis
2407 2610 2576 2672 paena
2603 2590 2828 2652 absolvi
2867 2590 3073 2670 possit.

365 2666 656 2756 Ἐρώτησις
726 2666 800 2754 β’,
880 2676 1169 2757 Κληρικὸς,
1249 2674 1424 2735 λαϐὼν
1507 2688 1756 2753 γυναῖκα,
1843 2676 1930 2731 καὶ

2095 2680 2321 2743 lnterr.
2356 2666 2425 2742 ἓξ
2452 2678 2713 2742 Clericus
2733 2666 2980 2741 uxorem
3018 2678 3265 2756 ducens,
3320 2683 3662 2762 precatione

287 2766 748 2842 μνηστευσάμενος
780 2765 969 2841 αὐτὴν,
999 2767 1087 2823 καὶ
1129 2767 1222 2831 τὰς
1269 2767 1432 2846 εὐχὰς
1488 2765 1583 2833 τῆς
1644 2764 1928 2840 μνηστείας

2038 2778 2242 2833 antum
2286 2769 2726 2851 sponsaliorum
2779 2774 3076 2847 suscepta,
3112 2788 3244 2830 cum
3277 2788 3347 2832 ea
3375 2790 3661 2854 congres-

283 2855 583 2937 δεξάμενος,
632 2857 934 2936 συνεγένετο
997 2858 1164 2925 ταύτη
1248 2858 1385 2915 Εἶτα
1441 2857 1822 2937 ἐχειροτονήθη
1863 2858 1930 2911 ἰε-

2038 2879 2116 2922 ;us
2166 2867 2254 2921 est
2313 2877 2326 2922 :
2375 2858 2594 2921 deinde
2650 2867 2883 2921 creatus
2932 2864 3020 2918 est
3071 2858 3376 2935 sacerdos,
3411 2864 3664 2927 credens

282 2946 423 3024 ρεὺς,
481 2944 702 3017 ἐλπίζων
761 2944 843 3001 ὅτι
897 2948 949 3002 αἱ
999 2948 1153 3026 εὐχαὶ
1209 2951 1307 3013 τῆς
1366 2947 1649 3021 μνηστείας
1694 2944 1930 3023 ἀρκοῦσιν

2038 2948 2448 3030 :ponsaliorum
2507 2965 2712 3027 preces
2769 2946 2843 3009 ad
2903 2945 3140 3026 nuptias
3197 2948 3491 3028 sufficere,
3528 2972 3662 3015 cum

291 3036 364 3097 εἰς
423 3034 619 3112 γάμον,
664 3034 975 3112 ἀγνοοῦντος
1031 3037 1118 3093 καὶ
1172 3042 1262 3092 του
1316 3034 1632 3115 ἀρχιερέως,
1668 3032 1773 3113 ,ὅτι
1838 3035 1930 3090 οὒκ

2038 3039 2257 3100 mtistes
2307 3037 2609 3117 ignoraret
2666 3036 2954 3117 perfectas
3006 3036 3241 3115 nuptias
3296 3057 3417 3101 non
3477 3041 3663 3105 fuisse

288 3122 497 3199 ἐγένετο
536 3121 737 3187 τέλειος
802 3123 996 3201 γάμος.
1062 3125 1208 3182 Μετὰ
1262 3131 1415 3181 τοῦτο
1483 3120 1637 3180 ἔλαϐε
1693 3124 1780 3180 καὶ
1835 3123 1929 3186 τὰς

2038 3135 2372 3191 :ontractas.
2410 3129 2617 3188 Postea
2672 3125 3010 3206 nuptiarum
3044 3127 3220 3188 etiam
3256 3128 3660 3204 precationem

283 3210 446 3288 εὐχὰς
476 3218 570 3267 106
597 3209 771 3286 γάμου
805 3229 821 3246 ⁸
880 3212 969 3267 καὶ
1024 3211 1204 3291 ἐρωτῶ
1260 3213 1304 3268 εἰ
1360 3210 1555 3291 ὀφείλει
1612 3210 1928 3290 ἱερουργεῖν,

279 3295 316 3364 ἢ
357 3302 545 3364 στῆναι
595 3296 669 3347 38
739 3302 838 3366 τῆς
898 3300 1207 3380 ἱερουργίας,
1261 3298 1297 3368 ἢ
1367 3299 1930 3377 ἐπιτιμηθῆναιψπρὸς

286 3389 492 3463 καιρόν.

359 3476 654 3557 Ἐρώτησις
724 3468 800 3557 γ’.
876 3470 934 3537 Ὀ
1008 3475 1506 3559 δευτερογαμήσας“
1540 3478 1828 3543 δεπότατος
1886 3480 1928 3534 εὶ

280 3565 475 3647 ὀφείλει
539 3566 592 3621 ἐν
648 3574 727 3642 τῷ
777 3573 945 3647 καιρῷ
994 3573 1092 3636 τῆς
1164 3567 1363 3625 εἰσόδου
1431 3567 1803 3627 συνεισοδεύειν
1853 3574 1929 3643 τῷ

281 3655 526 3735 ἀρχιερεῖ
534 3702 545 3715 .

367 3742 677 3823 Ἀπόκρισις
735 3746 944 3825 πρώτη.
1010 3739 1067 3805 Ὀ
1151 3748 1557 3826 κατηγορηθεὶς,
1644 3745 1757 3802 εἴτε
1841 3748 1927 3803 καὶ

286 3832 498 3907 ἁπλῶς,
530 3830 642 3888 εἴτε
670 3834 923 3891 καὶκατὰ
977 3835 1169 3911 νόμους
1225 3835 1519 3903 διαϐληθεὶς
1576 3834 1661 3892 ἐπὶ
1727 3842 1796 3913 τῇ
1840 3845 1932 3894 τοῦ

281 3923 557 3998 κτήματος
626 3926 725 3990 τῆς
795 3920 1113 3991 Ἐκκλησίας
1172 3922 1445 4004 προδοσίᾳ,
1518 3925 1577 3979 οὒ
1620 3923 1800 3998 μέντοι
1843 3926 1932 3981 καί

280 4010 532 4087 ἐλεγθείς,
608 4012 652 4067 εἰ
705 4012 793 4068 καὶ
853 4014 998 4080 εὶάθη
1083 4011 1550 4091 ἐπιτετιμημένος,
1607 4019 1700 4068 106
1754 4013 1928 4070 ἐπιτι-

2012 3216 2263 3296 accepit.
2315 3215 2549 3290 Quaero,
2581 3233 2653 3277 an
2685 3214 2902 3275 debeat
2932 3233 3098 3276 sacra
3128 3215 3460 3292 celebrare,
3495 3229 3598 3281 aut
3626 3238 3661 3280 a

2014 3306 2415 3369 celebratione
2475 3302 2790 3375 desistere,
2846 3311 2948 3366 aut
3008 3304 3439 3384 temporalibus
3470 3307 3663 3387 pinnis

2014 3393 2303 3457 coerceri.

2092 3482 2316 3545 Interr.
2355 3481 2408 3545 3.
2437 3481 2553 3563 _An
2599 3480 2932 3560 deputatus,
2966 3480 3067 3561 qui
3099 3480 3393 3543 secundas
3423 3483 3662 3563 nuptias

2012 3572 2323 3650 contraxit,
2356 3559 2569 3631 debeat
2592 3559 2858 3649 tempore
2891 3559 3167 3630 introitus
3199 3569 3378 3632 simul
3410 3559 3660 3636 introire

2011 3678 2143 3721 cum
2178 3659 2459 3720 antistite.
3108 3676 3113 3683 ί

2090 3748 2421 3829 Responsio
2452 3749 2674 3827 prima.
2707 3745 2816 3817 Qui
2845 3746 3141 3808 incasatus
3162 3746 3407 3822 est,sive
3432 3747 3662 3829 simpli-

2014 3838 2316 3913 citer,sive
2340 3836 2667 3898 secundum
2692 3834 2851 3914 leges
2875 3835 3250 3897 accusatione
3269 3836 3558 3915 instituta,
3584 3838 3659 3900 ob

2014 3926 2402 3987 collusionem
2435 3925 2509 3985 de
2538 3924 2757 4005 praedio
2775 3923 3056 3986 Ecclesiae
3073 3924 3438 4000 factam,non
3463 3934 3660 3989 tamen

2015 4016 2193 4078 etiam
2227 4015 2549 4084 convictus,
2585 4015 2712 4075 etsi
2736 4013 2844 4075 sub
2878 4016 3072 4095 pmnis
3127 4014 3284 4093 (cum
3315 4016 3367 4076 is
3386 4016 3486 4097 qui
3516 4036 3659 4097 pro-

286 4100 555 4175 μήσαντος
598 4099 755 4156 αὐτὸν
798 4098 880 4159 διὰ
923 4102 1021 4169 τὴν
1064 4102 1312 4169 τοιαύτην
1372 4100 1689 4179 κατηγορίαν
1745 4100 1927 4158 τελευ-

2038 4117 2145 4173 iter
2175 4105 2349 4166 talem
2378 4102 2811 4164 accusationem
2839 4121 2937 4164 eas
2966 4103 3349 4184 irrogaverat,
3386 4105 3464 4167 sit
3495 4125 3659 4168 mor-

283 4190 571 4268 τήσαντος,
617 4190 703 4245 καὶ
773 4192 913 4271 παρὰ
954 4196 1059 4248 τῶν
1118 4190 1235 4268 μετ’
1292 4192 1447 4250 αὐτὸν
1491 4188 1578 4246 δύο
1637 4190 1925 4271 ἀρχιερέων

2038 4197 2172 4274 uus)
2223 4194 2466 4255 relictus
2506 4192 2704 4273 fuerit,
2742 4200 2798 4253 et
2827 4212 2861 4254 a
2913 4192 3167 4271 duobus,
3204 4193 3307 4273 qui
3335 4201 3464 4273 post
3492 4195 3661 4258 illum

281 4280 367 4333 οιαὶ
423 4275 498 4332 ἔτι
570 4275 1009 4355 ἐπιτετιμήμὲνος
1080 4281 1242 4361 μέχρι
1302 4289 1395 4338 106
1437 4288 1524 4338 v6v
1561 4295 1575 4310 ‘
1644 4278 1789 4354 ὅμως
1834 4280 1924 4336 ἐὰν

2038 4291 2262 4358 uerunt,
2295 4282 2673 4353 antistitibus,
2701 4282 2892 4362 sitque
2911 4283 3198 4344 hactenus
3212 4282 3318 4344 sub
3344 4282 3436 4344 iis:
3463 4291 3661 4346 tamen

284 4364 448 4429 οὐδεὶς
493 4365 698 4447 ἐλέγχῃ
750 4370 907 4427 αὐτὸν
962 4356 1089 4429 οὐδὲ
1142 4356 1252 4451 ὧν,
1312 4368 1426 4426 οὔτε
1470 4371 1625 4434 αὐτὸς
1669 4369 1924 4449 ὁμολογεῖ

2042 4374 2060 4433 i
2092 4356 2254 4435 nunc
2280 4372 2477 4433 nullus
2500 4391 2634 4433 eum
2659 4356 2989 4445 convincat,
3028 4390 3140 4432 nec
3172 4370 3426 4432 fateatur
3458 4373 3661 4451 prodi-

281 4454 382 4522 τὴν
410 4453 708 4533 προδοσίαν,
739 4455 951 4514 δύναται
980 4457 1197 4526 λυθῆναι
1230 4460 1373 4539 παρά
1398 4467 1491 4517 τοῦ
1521 4465 1609 4516 νῦν
1634 4458 1924 4539 ἀρχιερέως

2038 4462 2281 4541 itonem,
2317 4468 2508 4541 potest
2536 4479 2570 4521 a
2600 4478 2708 4520 suo
2727 4460 3013 4538 antistite,
3041 4458 3141 4539 qui
3174 4478 3331 4520 nunc
3351 4459 3664 4533 est,absol-

285 4543 468 4623 «6106,
498 4544 588 4599 καὶ
616 4544 758 4601 εἶναι
789 4544 842 4602 ἐν
871 4552 941 4624 τῇ
969 4547 1131 4621 οἰκείᾳ
1157 4546 1411 4628 ἐνεργεία,
1444 4548 1534 4605 καὶ
1561 4546 1797 4626 ἐνεργεῖν
1840 4550 1928 4604 καὶ

2038 4551 2108 4626 'i;
2141 4560 2201 4613 et
2249 4568 2387 4611 esse
2436 4549 2494 4609 in
2529 4548 2770 4630 proprio
2804 4547 3155 4620 ministerio,
3192 4547 3522 4628 ofﬁcioque
3552 4566 3658 4610 suo

284 4632 350 4688 τὰ
375 4641 469 4691 τοῦ
494 4633 735 4719 ὀφφικίου
764 4635 941 4695 αὐτοῦ.

2038 4639 2197 4719 ungL

366 4717 490 4777 Ἀττ.
540 4710 631 4798 ’.
695 4714 753 4780 ’0
817 4722 872 4780 δὲ
914 4732 983 4804 τῇ
1041 4728 1206 4800 οἰκείᾳ
1263 4733 1475 4804 μνηστῇ
1530 4727 1632 4805 πρὸ
1685 4731 1784 4794 τῆς
1838 4734 1929 4784 106

2091 4710 2264 4808 ἤθει).
2289 4724 2644 4801 2.,Οιενίςυε
2667 4725 2994 4807 autem,qui
3011 4744 3143 4787 cum
3169 4743 3274 4787 sua
3286 4744 3508 4806 sponsa
3527 4736 3661 4791 ante

284 4810 457 4887 γάμου
508 4809 801 4890 ἱερολογίας
885 4814 1140 4896 κληρικὸς
1223 4817 1519 4897 συναφθεὶς,
1606 4816 1650 4872 εἰ
1704 4817 1793 4872 καὶ
1849 4818 1926 4894 μὴ

2038 4817 2350 4899 nuptiarum
2366 4815 2875 4877 consecrationem
2893 4815 3202 4887 colit,licet
3216 4834 3332 4877 non
3350 4825 3664 4880 censeatur

284 4900 357 4963 ὡς
408 4899 817 4980 κλεψιγαμήσας
868 4901 1153 4986 λογίζεται,
1201 4903 1285 4964 διὰ
1325 4906 1386 4961 τὸ
1443 4905 1670 4981 νομίζειν
1714 4902 1794 4961 ὅτι
1828 4906 1926 4986 ἀρ-

2038 4904 2407 4969 :landestinas
2437 4914 2462 4944 ι’
2516 4908 2887 4967 contraxisse
2916 4904 3170 4984 nuptias,
3216 4903 3353 4985 quia
3382 4906 3663 4971 sufﬁcere

286 4988 375 5045 κεῖ
419 4989 560 5064 αὒτῳ
614 4992 747 5071 πρὸς
790 4991 890 5061 τὴν
946 4999 1042 5063 τῆς
1116 4999 1359 5072 μνηστῆς
1416 4994 1693 5076 συνάφειαν
1748 4996 1783 5063 ἡ
1830 4997 1926 5063 τῆς

2038 4995 2311 5056 existimet
2338 4992 2774 5073 sponsaliorum
2805 4992 3287 5073 conjunctionem
3320 4995 3395 5056 ad
3427 5012 3662 5074 sponsae

288 5078 573 5154 μνηστείας
613 5081 864 5161 συνάφεια
898 5102 910 5116 ·
966 5083 1084 5142 ἀλλ’
1144 5084 1225 5142 ὅτι
1283 5084 1542 5161 ἠγνόησεν
1599 5082 1738 5147 ὅλως
1795 5084 1928 5166 ἅπερ

2038 5084 2326 5166 .opulam:
2361 5080 2500 5163 quia
2543 5087 2740 5143 tamen
2785 5083 3027 5147 omnino
3068 5083 3356 5161 ignoravit
3384 5102 3474 5162 ea,
3530 5104 3662 5166 qua:

1605 5253 1866 5318 VARLE
1895 5253 2331 5321 LECTIONES.

364 5380 429 5433 3'5
456 5384 504 5439 οἰ
546 5379 984 5464 ἐπιτετραμμένοι
1013 5386 1217 5464 διοσᾷν.
1258 5388 1326 5440 54
1354 5388 1604 5469 ἀνέχεται
1647 5390 1916 5471 πορνεύειν
1958 5393 2016 5448 ὃν
2046 5390 2116 5471 ἐχ
2120 5412 2194 5471 ει,
2226 5390 2260 5458 ἢ
2292 5390 2360 5457 ἣν
2403 5388 2541 5468 ἔχει,
2585 5389 2650 5440 35
2695 5389 3022 5462 ἀπαιτεϊται,
3053 5385 3118 5437 56
3144 5385 3388 5449 κωλύσει.
3420 5387 3484 5437 '57
3514 5386 3660 5457 ἔσται

285 5471 577 5539 ἀνεύθυνος.
611 5475 754 5542 Μηνὶ
785 5476 1139 5561 Σεντεμϐρίῳ,
1174 5464 1536 5556 ἐπινεμήσεως
1581 5464 1679 5539 ια’,
1701 5464 1767 5527 38
1790 5479 1826 5545 ἦ
1856 5464 2130 5547 ἐκστῆναι..

363 5590 404 5621 ω
446 5578 967 5667 inspiciendaque.
997 5597 1031 5667 ιι,
1081 5586 1439 5667 mandatum
1469 5582 1766 5667 hqbcnt_._°
1816 5591 2061 5667 patitur
2087 5588 2353 5667 scortari
2378 5603 2512 5667 eum
2544 5603 2773 5665 eumve,
2800 5601 2979 5665 quem
3021 5600 3279 5663 quamve
3324 5585 3391 5646 in
3417 5602 3530 5648 sua
3553 5602 3665 5667 po-

286 5664 494 5722 testate
517 5659 722 5725 habet.
745 5672 771 5714 ι)
824 5659 1190 5745 prohibebit.
1211 5678 1238 5720 ει
1293 5664 1639 5729 addendum
1668 5659 1876 5729 Menie
1896 5665 2250 5749 septembri,
2282 5666 2608 5729 indictione
2628 5685 2707 5728 xi.
2759 5659 2787 5708 ’τ
2812 5659 3110 5744 γαί-εἰνὰς.

732 5776 991 5844 Ριπιοιο.
1044 5782 1153 5847 Gn.
1203 5780 1399 5848 CXIX.
2254 5786 2269 5793 “
3014 5783 3094 5845 32
