4160 6212
515 328 671 396 1003

1886 326 1919 386 J
1925 324 2019 386 US
2058 318 2501 387 CANONICUM

3739 311 3890 378 1004

507 464 702 545 ipsum
735 478 855 523 non
882 459 1157 536 ignorare
1185 456 1467 545 oportuit,
1502 452 1576 545 ob
1598 471 1727 516 eam
1751 472 1986 516 causam
2002 471 2158 535 prae-

2266 453 2399 510 ιῦτὸν
2429 457 2522 513 οὐκ
2551 452 2719 534 ἐχρῆν
2764 454 3001 533 ἀγνοεῖν,
3058 452 3143 510 διὰ
3192 458 3345 509 τοῦτο
3400 448 3882 530 προκριματίζεται,

505 541 803 634 judicium
835 547 1076 629 patitur,
1111 552 1171 607 et
1200 544 1250 605 si
1283 549 1413 624 post
1434 542 1894 634 ordinationem,
1922 541 2167 634 benedi-

511 630 772 704 ctionem
797 636 1132 717 nuptiarum
1158 630 1646 713 susceperit.Duo
1672 631 1831 694 enim
1855 631 2162 711 ignoravit,

512 729 764 792 etsolam
778 724 1215 807 sponsaliorum
1239 722 1641 803 precationem
1664 740 1781 783 non
1804 721 2083 783 sufﬁcere
2094 719 2168 782 ad

512 817 815 898 copulam,
851 822 908 876 et
934 819 1062 894 post
1083 810 1518 873 ordinationem
1530 807 1950 872 benedictione
1972 807 2170 898 conju-

513 897 631 986 gali
659 923 783 967 non
840 901 1064 984 initiari
1124 917 1504 981 quemquam.
1564 898 1770 962 Dicam
1815 906 1875 961 et
1904 897 2164 972 tertium,

517 995 820 1058 neminem
853 992 954 1072 qui
984 1008 1117 1052 cum
1146 992 1367 1069 sponsa
1384 995 1519 1049 ante
1550 987 1786 1069 nuptias
1816 1004 2170 1067 congressus

514 1084 614 1161 sit,
651 1080 1028 1145 ordinatione
1060 1077 1304 1158 dignum
1337 1074 1569 1138 haberi.

596 1173 775 1254 Resp.
800 1171 858 1235 3.
885 1169 1214 1249 Deputatus
1234 1165 1510 1246 vero,qui
1540 1164 1835 1254 secundas
1879 1164 2172 1227 contraxit

518 1253 778 1344 nuptias,
808 1276 1050 1321 servans
1105 1261 1191 1332 (ut
1220 1255 1456 1336 opinor)
1493 1253 1699 1316 binubi
1748 1253 2004 1335 priorem
2039 1271 2168 1334 poe-

522 1371 688 1433 nam,
722 1370 854 1433 quae
901 1351 954 1411 ei
987 1346 1274 1411 canonice
1304 1344 1581 1426 imposita
1612 1352 1701 1407 est
1730 1344 2171 1433 (videlicetex-

518 1432 993 1506 communicatus
1044 1455 1201 1499 anno
1244 1453 1363 1496 uno
1413 1441 1513 1496 aut
1570 1434 1779 1510 altero,
1841 1438 2018 1513 prout
2044 1432 2173 1514 ipse

523 1529 930 1610 judicaveris),
963 1532 1167 1605 postea
1194 1541 1402 1585 rursus
1433 1522 1693 1604 benigne
1724 1522 2066 1585 restituetur
2093 1519 2168 1582 ad

524 1618 791 1701 deputati
820 1614 1247 1678 ministerium.

598 1699 978 1771 interrﬁum
997 1704 1277 1766 donatum
1297 1700 1719 1783 essetcuipiam
1748 1699 2167 1762 monasterium

2248 540 2348 597 κᾶν
2408 543 2542 618 μετὰ
2607 543 2708 611 τὴν
2776 542 3105 624 χειροτονίαν
3159 543 3246 599 καὶ
3298 541 3400 609 τὴν
3454 536 3745 617 ίερολογίαν
3795 540 3887 591 τοῦ

2247 631 2421 709 γάμου
2447 630 2675 699 ἐδέξατο.
2715 634 2817 690 Δύο
2846 634 2947 712 γὰρ
3002 632 3289 712 ἠγνόησεν,
3336 629 3415 686 ὅτι
3445 629 3541 711 οὔκ
3567 627 3721 707 ἀρκεῖ
3751 625 3891 697 αὗτῷ

2250 720 2390 795 μόνη
2418 723 2453 790 ἡ
2485 724 2624 803 εὖχὴ
2654 746 2752 791 της
2784 723 3072 797 μνηστείας
3129 723 3260 801 πρὸς
3302 719 3402 788 τὴν
3446 718 3725 797 συνάφειαι)
3757 729 3774 744 ο
3806 714 3893 803 xui

2251 807 2332 864 ὅτι
2392 810 2526 886 μετά
2573 801 2679 880 τὴν
2748 812 3076 892 χειροτονίαν
3134 808 3297 873 οὗδεὶς
3350 806 3705 889 ίερολογεϊται
3761 801 3895 877 μετὰ

2251 898 2520 975 γυναικός.
2557 899 2715 958 Εἴπω
2742 897 2797 955 δὲ
2837 901 2925 957 καὶ
2979 921 3176 979 τριτον,
3224 898 3305 954 ὅτι
3355 894 3518 959 οὐδεὶς
3561 899 3631 970 τῇ
3685 893 3895 968 μνηστῇ

2253 989 2522 1067 συναφθεὶς
2552 990 2654 1068 πρὸ
2680 998 2772 1048 τοῦ
2800 989 2995 1068 γάμου,
3030 989 3356 1068 χειροτονίας
3387 984 3641 1051 ἀξιοῦται.

2333 1165 2459 1225 Ἀπ.
2531 1156 2606 1245 γ’.
2672 1158 2730 1225 Ὀ
2813 1166 2990 1243 μέντοι
3046 1163 3505 1245 δευτερογαμήσας
3578 1156 3889 1228 δεποτάτος,

2254 1253 2505 1336 φυλάξας,
2541 1257 2721 1333 οἶμαι,
2754 1258 2816 1312 τὸ
2872 1262 2963 1314 τοῦ
3020 1253 3244 1334 διγάμου
3296 1252 3549 1331 πρότερον
3608 1247 3895 1336 ἐπιτίμιον.

2254 1341 2382 1423 ὅπερ
2439 1334 2582 1420 αῦτῷ
2650 1349 2942 1409 κανονικῶς
3001 1344 3283 1402 ἐπιτίθεται
3353 1340 3517 1420 ἤγουν
3572 1338 3667 1394 ἕνα
3722 1334 3897 1392 ἐνιαυ-

2253 1421 2485 1490 τὸνήεῗτε
2514 1432 2601 1492 δύο
2632 1435 2912 1514 γενόμενος
2941 1433 3319 1512 ἀκοινώνητος,
3364 1431 3438 1495 ὡς
3480 1426 3545 1485 ἂν
3574 1426 3733 1491 αὐτὸς
3761 1421 3901 1479 δοκι·

2254 1522 2430 1597 μάσης
2462 1526 2597 1600 μετὰ
2626 1534 2780 1584 τοῦτο
2810 1523 2969 1581 πάλιν
2997 1522 3376 1604 φιλανθρώπως
3400 1514 3896 1583 ἀποκαταστήσεται

2247 1611 2321 1673 εἷς
2351 1614 2452 1682 τὴν
2479 1620 2571 1670 τοῦ
2612 1610 2898 1670 δεποτάτου
2927 1612 3210 1694 ἐνέργειαν,

2330 1704 2647 1784 Ἐρώτησις.
2734 1687 3067 1782 Δωρηθέντος
3150 1703 3247 1757 τινὶ
3340 1695 3702 1784 μοναιττηρίουΔ
3756 1687 3900 1784 Διιτιρᾶ

518 1818 553 1861 a
584 1797 843 1880 quodam
866 1812 1095 1867 eorum,
1142 1791 1241 1872 qui
1271 1798 1405 1852 ante
1438 1809 1530 1852 me
1564 1781 1821 1862 fuerunt,
1864 1794 2170 1880 metropo-r

2266 1781 2406 1860 τινος
2456 1795 2558 1851 τῶν
2613 1794 2715 1872 πρὸ
2773 1781 2902 1868 ἐμοῦ
2944 1789 3377 1880 μητροπολιτῶν,
3435 1784 3646 1880 ἐγένετο
3827 1782 3898 1850 τῷ

519 1872 706 1949 litano
736 1907 751 1967 ;
787 1885 939 1946 facta
989 1890 1079 1945 est
1136 1883 1491 1941 monasterio
1534 1886 1591 1940 et
1623 1876 2014 1967 possessionis
2043 1886 2068 1917 ε
2097 1872 2191 1959 ad

522 1966 745 2038 meam,
776 1969 1149 2051 metropolim
1184 1968 1535 2051 pertinentis
1584 1966 1905 2029 concessio.
1940 1967 2030 2027 An
2062 1966 2172 2025 hoc

522 2064 712 2147 possit
762 2062 913 2143 tieri,
997 2066 1055 2121 et
1084 2057 1490 2147 possessiones
1521 2055 2111 2137 metropolitanorum
2156 2053 2174 2092 ί

524 2142 928 2231 monasteriis,
962 2146 1234 2222 concedi,
1271 2145 1514 2207 nomine
1537 2152 1756 2206 tantum
1788 2144 1874 2205 sic
1903 2142 2171 2224 appella-

525 2242 623 2324 tis,
653 2259 771 2303 non
806 2258 894 2300 re.

606 2320 775 2409 Resp.
839 2324 1245 2391 Possessionis
1273 2324 1347 2386 ad
1383 2322 1760 2404 metropolim
1819 2320 2174 2402 pertinentis

526 2418 885 2482 monasterio
916 2418 1066 2478 facta
1085 2412 1423 2490 concessio;
1449 2411 1560 2474 etsi
1583 2412 2005 2475 monasterium
2039 2428 2170 2471 me-

526 2509 736 2590 tropoli
800 2505 1100 2568 dominice
1155 2502 1367 2578 subsit,
1422 2508 1531 2590 aut
1574 2501 1735 2590 velut
1786 2499 2056 2590 domus“
2100 2501 2177 2567 sit

530 2588 994 2677 metropolitani,
1029 2599 1127 2654 aut
1180 2591 1344 2652 nullo
1402 2588 1575 2651 modo
1603 2588 1814 2651 donari
1846 2589 2053 2669 possit,
2080 2598 2178 2650 aut

530 2685 763 2749 reditus
781 2684 850 2745 ad
870 2680 1241 2762 metropolim
1268 2678 1571 2760 proveniat
1597 2678 1681 2759 (ut
1706 2678 2056 2758 plerumque
2069 2678 2173 2754 fit),

531 2781 695 2835 recta
750 2771 979 2833 ratione
1037 2787 1148 2831 nec
1180 2767 1439 2847 -cOgnita
1485 2774 1596 2841 est,
1651 2786 1760 2829 nec
1806 2765 2172 2847 recipienda.

536 2862 717 2922 multo
766 2868 963 2921 autem
996 2857 1199 2937 magis,
1235 2857 1284 2916 si
1333 2855 1481 2917 nihil
1513 2856 1722 2918 horum
1751 2855 1950 2918 fuerit.
1982 2855 2176 2918 Mani-

533 2951 681 3012 festa
713 2949 872 3011 enim
904 2946 1183 3009 alienatio
1232 2953 1332 3007 aut
1377 2947 1601 3007 frustra
1654 2952 1711 3006 et
1738 2942 2180 3007 inconsiderate

533 3037 914 3119 ametropoli
969 3037 1029 3097 in
1086 3034 1512 3097 monasterium
1574 3033 1868 3114 possessio
1900 3033 2181 3096 translata

534 3128 768 3190 videtur
808 3137 852 3186 ν.
887 3124 1053 3198 Quod
1074 3133 1270 3188 autem
1298 3124 1514 3185 frustra
1540 3131 1598 3185 et
1619 3123 1679 3184 in
1701 3141 1912 3184 vanum
1936 3122 2032 3197 sit,
2069 3141 2179 3185 nec
2198 3131 2238 3181 C

534 3216 753 3281 rationi
784 3234 894 3277 nec
920 3213 1033 3294 legi
1057 3218 1148 3277 est
1179 3221 1671 3275 consentaneum.
1696 3213 1997 3293 Cujusque
2018 3211 2176 3273 enim

536 3305 880 3369 monasterii
907 3302 1225 3384 peculiaris
1251 3309 1337 3364 est
1367 3300 1821 3382 administratio,
1855 3308 1913 3362 et
1931 3300 2003 3361 ad
2036 3319 2178 3381 pro-

535 3395 723 3476 priam
776 3393 1256 3455 constitutionem
1311 3397 1583 3471 spectans
1628 3398 1672 3449 ι.
1734 3388 1955 3452 Verum
2003 3388 2175 3450 etiam

536 3483 853 3565 peculiaris
883 3482 1073 3564 ipsius
1102 3480 1470 3561 metropolis,
1506 3478 1621 3540 nisi
1645 3498 1713 3541 ex
1737 3498 1792 3557 sy
1812 3479 2022 3541 nodica
2050 3478 2180 3540 dis-

533 3573 883 3656 pensatione
938 3573 1010 3634 ad
1067 3571 1377 3632 utilitatem
1422 3568 1708 3632 Ecclesiae
1742 3568 1857 3629 tale
1886 3566 2026 3648 quid
2071 3568 2181 3630 da-

534 3655 655 3723 tum
685 3662 781 3723 sit.
813 3664 891 3723 At
921 3678 1058 3722 vero
1090 3657 1367 3721 alienatio
1391 3658 1520 3719 sine
1545 3656 1823 3738 synodica
1843 3655 2180 3736 cognitione

534 3749 664 3813 ﬁeri
694 3768 814 3811 non
841 3748 1223 3829 permittitur.

613 3840 844 3901 Interr.
877 3835 940 3900 Si
996 3836 1128 3917 quis
1154 3835 1457 3911 sacerdos,
1490 3842 1588 3897 aut
1615 3834 1792 3897 etiam
1823 3834 2032 3911 laicus,
2067 3832 2176 3895 de-

536 3927 867 4008 prehensus
922 3925 996 3986 sit
1048 3934 1252 3985 contra
1310 3923 1613 4004 proprium
1673 3922 2043 4004 episcopum,
2084 3929 2183 3983 aut

538 4014 977 4095 magistratum,
1036 4021 1139 4076 aut
1171 4012 1458 4094 privatum
1490 4013 1864 4093 simpliciter,
1897 4020 1956 4074 et
1987 4011 2182 4090 vulga-

536 4121 664 4166 rem
698 4102 1000 4164 hominem
1031 4120 1241 4165 cruces
1277 4104 1334 4163 in
1365 4101 1566 4163 charta
1617 4119 1793 4163 manu
1825 4100 2061 4181 propria
2088 4100 2180 4163 fe-

538 4192 714 4268 cisse,
749 4198 853 4254 aut
881 4192 1057 4254 etiam
1090 4190 1423 4253 insidiasin
1473 4190 1656 4272 ipsos,
1690 4190 1780 4251 vel
1804 4199 2045 4253 coetusy
2070 4207 2180 4270 po-

539 4281 660 4361 puli
690 4280 1030 4361 meditatus,
1067 4281 1161 4343 cui
1189 4299 1364 4361 ptene
1394 4279 1755 4360 subjicitur?

616 4369 795 4473 liesp.
822 4368 941 4473 Qui
972 4370 1090 4432 tale
1120 4369 1420 4471 quidpiam
1446 4377 1875 4473 perpetrant,e‘t
1895 4367 1967 4469 ab
1992 4376 2175 4469 estra-
2201 4424 2244 4473 Β

543 4460 673 4521 neis
723 4458 973 4538 legibus.
1034 4469 1096 4521 ut
1150 4468 1210 4521 tu
1266 4459 1394 4539 ipse
1448 4459 1569 4520 scis
1625 4458 1747 4519 Deo
1805 4456 2177 4530 charissime,

543 4548 1074 4628 plectuntur,velut
1106 4548 1351 4611 crimins
1381 4545 1808 4627 conjurationis
1839 4554 1896 4608 et
1926 4544 2180 4607 sodalitii

536 4635 629 4698 rei
658 4649 705 4696 Ζ.
739 4636 920 4699 Multo
950 4647 1145 4700 autem
1178 4636 1365 4716 magis
1397 4635 1469 4697 ab
1493 4635 1757 4698 Ecclesia
1777 4633 2180 4697 emendationi

537 4724 937 4805 subjiciuntur
963 4738 1011 4801 ⁸,
1066 4727 1234 4807 juxta
1264 4725 1561 4788 decimum
1595 4732 1857 4787 octavum
1892 4741 2178 4786 canonem

538 4813 1038 4877 Chalcedonensis
1082 4823 1298 4877 sanctae
1327 4812 1553 4895 synodi.
1602 4812 1672 4874 Et
1702 4812 1753 4875 si
1782 4812 2019 4894 quidem
2054 4812 2180 4874 cle-

536 4905 648 4968 rici
679 4906 818 4980 sint,
884 4907 959 4969 de
1011 4907 1247 4988 proprio
1298 4906 1482 4985 gradu
1507 4905 1785 4967 excidunt
1809 4906 1980 4986 juxta
2008 4904 2183 4966 trice—

537 4994 752 5056 simum
785 5002 1055 5076 quartum
1092 5015 1262 5059 conc.
1287 4995 1474 5057 Trull.
1516 5013 1803 5057 canonem
1830 4995 1956 5057 :sin
1987 5000 2183 5055 autem

538 5085 696 5160 laici,
752 5086 1360 5149 excommunicantur.
1425 5088 1490 5149 In
1522 5084 1739 5167 quibus
1768 5085 1927 5148 enim
1981 5082 2186 5147 clerici

538 5173 939 5256 deponuntur,
963 5174 1100 5239 laici
1132 5175 1738 5239 excommunicantur.

2256 1886 2590 1964 μοναστηρῖῳ
2618 1871 2706 1939 καὶ
2748 1884 3023 1957 κτήματος
3077 1878 3305 1944 ἐπίδοσις
3360 1882 3429 1954 τῇ
3483 1871 3571 1931 ὑπ’
3629 1871 3729 1964 ἐμὲ
3790 1890 3897 1964 μη-

2255 1961 2507 2055 τροπόλει.
2544 1970 2899 2053 διαφέροντος,
2961 1972 3019 2028 Ei
3064 1969 3150 2026 οὖν
3208 1967 3417 2025 δύναται
3458 1973 3614 2023 τοῦτο
3642 1961 3895 2039 γίνεσθαι,

2256 2064 2434 2122 καὶτὰ
2487 2068 2594 2118 τῶν
2652 2058 3034 2138 μητροπόλεων
3088 2055 3399 2115 ἐπιδίδοοθαι
3442 2066 3559 2119 τοῖς
3617 2069 3893 2138 μοναστη-

2257 2156 2390 2234 ρίοις
2418 2153 2692 2231 κτήματα,
2742 2136 2963 2225 ὀνόμασι
3009 2146 3167 2223 μόνον
3220 2142 3594 2221 κεκλημένοις,
3647 2142 3709 2198 οὗ
3765 2136 3898 2216 πρά-

2256 2265 2420 2322 γμασι
2431 2284 2446 2302 ο

2334 2329 2462 2389 Ἀπτ.
2526 2319 2589 2384 Ἠ
2659 2334 2750 2385 τοῦ
2819 2328 3095 2404 κτήματος
3160 2330 3261 2393 τῆς
3330 2321 3717 2403 μητροπόλεως
3773 2322 3896 2400 πρὸς

2255 2420 2609 2498 μοναστήριον
2640 2414 2891 2497 ἐπίδοσις,
2944 2414 3044 2473 κᾶν
3101 2416 3201 2471 ὑπὸ
3253 2414 3353 2483 τὴν
3408 2409 3742 2493 μητρόπολιν
3810 2408 3897 2466 δε-

2263 2513 2525 2571 σποτικῶς
2597 2507 2814 2586 ὑπάρχῃ
2874 2506 2936 2560 τὸ
2987 2505 3361 2583 μοναστήριον,
3422 2501 3519 2560 κᾶν
3575 2505 3650 2568 ὡς
3709 2503 3896 2560 ἐνδιαί-

2261 2619 2410 2673 τημα
2460 2595 2496 2672 ᾖ
2553 2602 2645 2653 τοῦ
2717 2591 3128 2674 μητροπολίτου,
3194 2595 3284 2650 καὶ
3366 2591 3503 2657 ὅλως
3573 2591 3893 2673 ἀδώρηστον,

2262 2687 2360 2743 κᾶν
2388 2687 2454 2743 τὰ
2495 2686 2601 2742 τῶν
2628 2681 2898 2762 προσόδων
2944 2684 3015 2748 είς
3064 2681 3160 2749 τὴν
3220 2680 3545 2762 μητρόπολιν
3605 2680 3895 2752 εἰσοδιάζη-

2262 2799 2346 2832 ται
2381 2775 2495 2856 (οἶα
2538 2772 2795 2836 πολλάκις
2827 2768 3052 2851 γίνεται)
3097 2777 3174 2845 τῷ
3218 2772 3354 2851 ὀρθῷ
3406 2770 3553 2850 λόγῳ
3606 2772 3897 2852 ἀνεπίγνω-

2260 2866 2381 2931 στός
2427 2866 2538 2922 ἐστι
2580 2865 2668 2919 καὶ
2710 2860 3041 2925 ἀνεπίδεκτος
3070 2877 3084 2891 ⁸
3130 2860 3316 2937 πολλῷ
3358 2859 3412 2917 δὲ
3468 2862 3631 2919 πλέον
3660 2863 3751 2921 ἐὰν
3806 2867 3895 2921 οὗ..

2261 2952 2346 3011 δὲν
2406 2955 2606 3012 τούτων
2661 2952 2720 3029 ᾖ.
2785 2950 3102 3021 Ἐκποιήσις
3173 2950 3273 3029 γὰρ
3341 2952 3558 3032 φανερὰ,
3628 2952 3664 3021 ἢ
3727 2953 3895 3029 μάτην

2262 3046 2348 3101 καὶ
2396 3041 2689 3122 ἀλογίστως
2745 3040 2852 3096 ἀπὸ
2891 3041 2989 3107 τῆς
3046 3037 3430 3119 μητροπόλεως
3484 3042 3556 3107 εἷς
3614 3042 3672 3098 τὸ
3728 3066 3895 3118 μονα-

2263 3135 2475 3212 στήριον
2506 3132 2567 3189 τὸ
2596 3133 2777 3207 κτῆμα
2820 3128 3225 3205 μετατιθέμενον
3251 3127 3406 3180 39-40
3454 3132 3714 3212 φαίνεται.
3749 3134 3820 3190 Τὸ
3847 3130 3896 3187 δέ

2264 3209 2508 3299 μάταιον,
2570 3220 2665 3277 οὒκ
2719 3216 2940 3297 ἕλλογον
2991 3216 3104 3275 οῦδὲ
3174 3215 3415 3285 ἔννομον.
3471 3209 3749 3278 Ἐκαστου
3805 3223 3896 3302 γὰρ

2262 3310 2610 3389 μοναστηρίου
2692 3306 2948 3375 διοίκησις
3056 3304 3319 3379 ἷδιάζουσά
3418 3307 3553 3389 ἐστι,
3658 3313 3747 3368 καὶ
3827 3313 3895 3373 εἷς

2261 3402 2360 3468 τὴν
2388 3401 2544 3457 αὐτοῦ
2573 3398 2820 3456 σύστασιν
2867 3397 3062 3475 ὁρῶσα,
3118 3395 3255 3453 ἀλλά
3307 3396 3404 3454 καί
3463 3399 3498 3467 ἡ
3541 3404 3640 3467 τῆς
3692 3425 3895 3480 μητρο-

2264 3488 2495 3564 πόλεως,
2556 3487 2845 3567 ίδιάζουσα,
2902 3487 2945 3543 εἰ
3003 3486 3081 3563 μὴ
3137 3485 3196 3541 ἐκ
3273 3485 3549 3554 συνοδικῆς
3605 3491 3894 3569 οἰκονομίας

2261 3580 2392 3658 πρὸς
2434 3580 2495 3633 τὸ
2524 3575 2792 3642 λυσιτελὲς
2821 3580 2920 3643 τῆς
2953 3572 3270 3642 Ἐκκλησίας
3300 3577 3537 3635 τοιοῦτόν
3594 3599 3644 3633 τι
3674 3577 3891 3642 δέδοται.

2264 3669 2361 3726 Καὶ
2388 3666 2662 3734 ἐκποίησις
2691 3663 2746 3721 δὲ
2776 3663 2897 3721 ἄνευ
2940 3661 3211 3731 συνοδικῆς
3252 3662 3586 3744 διαγνώσεως
3616 3671 3678 3727 οὗ
3721 3693 3895 3750 συγχε-

2259 3758 2505 3838 χώρηται
2535 3758 2787 3835 γίνεσθαι,

2338 3843 2652 3925 Ἐρώτησις.
2686 3842 2757 3901 E’t'
2827 3866 2907 3909 τις
2962 3843 3265 3923 ἱερωμένος,
3323 3843 3359 3912 ἢ
3411 3845 3712 3913 καῖλαϊχὸς
3732 3872 3899 3931 φωρα-

2263 3936 2375 4004 θείη
2406 3936 2543 3993 κατά
2570 3942 2662 3992 τοῦ
2691 3936 2880 3992 οἰκείου
2922 3935 3235 4013 ἐπισκόπου,
3293 3935 3329 4004 ἢ
3385 3937 3471 3993 καὶ
3526 3935 3809 4019 ἄρχοντος,
3864 3940 3897 4009 ἢ

2262 4027 2350 4081 γαὶ
2417 4022 2626 4081 ἰδιώτου
2679 4022 2882 4104 ἁπλῶς,
2941 4025 3028 4080 καὶ
3100 4031 3192 4081 τοῦ
3271 4025 3530 4104 τυχόντος
3605 4028 3892 4109 ἀνθρώπου,

2261 4114 2512 4191 σταυροὺς
2543 4111 2597 4168 ἒν
2627 4113 2804 4193 χάρτῃ
2832 4112 3191 4192 οἷκειοχείρως
3220 4118 3411 4194 ποιῶν,
3470 4114 3505 4183 ἢ
3534 4116 3625 4173 καὶ
3651 4120 3899 4183 συσκευάς

2259 4200 2381 4258 κατ’
2409 4202 2603 4281 αὐτῶν,
2633 4200 2670 4269 ἢ
2701 4202 2786 4257 καὶ
2815 4199 3154 4267 λαοσυναξίας
3181 4200 3501 4283 ἐκμελετῶν,
3535 4204 3633 4261 τίνι
3662 4205 3762 4284 ἄρα
3790 4207 3905 4265 ἐπι.

2260 4291 2420 4367 τιμίῳ
2446 4289 2718 4347 ὺπόκειται
2754 4308 2770 4370 ς

2343 4377 2468 4439 Ἀπ.
2556 4382 2614 4437 Oi
2721 4377 2959 4437 τοιοῦτόν
3057 4402 3107 4435 τι
3219 4378 3621 4460 διαπράττοντες
3731 4387 3904 4449 καθὼς

2263 4467 2413 4532 οἶδας
2469 4470 2557 4525 καὶ
2608 4470 2762 4534 αὐτὸς
2831 4466 3220 4548 θεοφιλέστατε,
3276 4472 3364 4527 καὶ
3431 4474 3575 4552 παρὰ
3630 4477 3735 4530 τῶν
3808 4474 3906 4542 ἔξω

2261 4556 2434 4633 νόμων
2493 4563 2864 4635 τιμωροῦνται,
2934 4559 3007 4621 ὡς
3067 4558 3335 4616 ὑπεύθυνοι
3388 4567 3465 4635 τῷ
3516 4582 3615 4629 της
3656 4584 3908 4641 συνωμο-
3982 4558 3993 4567 ”

2261 4647 2374 4709 σίας
2454 4648 2541 4702 καὶ
2620 4646 2868 4726 φρατρίας
2938 4644 3280 4726 ἐγκλήματι·
3354 4647 3541 4725 πολλῷ
3622 4649 3677 4708 δὲ
3747 4651 3909 4711 πλέον

2259 4736 2401 4814 παρά
2443 4740 2540 4802 τῆς
2582 4732 2902 4803 Ἐκκλησίας
2973 4736 3288 4797 εὖθύνονται.
3334 4740 3471 4796 κατά
3528 4741 3621 4797 τὸν
3676 4731 3760 4809 ιη’
3808 4749 3911 4811 τῆς

2263 4824 2314 4880 ἐν
2383 4821 2682 4890 Χαλκηδόνι
2740 4825 2891 4903 ἁγίας
2961 4823 3173 4882 συνόδου
3255 4828 3475 4892 κανόνα,
3540 4830 3639 4888 Καὶ
3707 4832 3754 4887 εἰ
3811 4832 3911 4909 μὲν

2268 4911 2509 4995 κληρικοὶ
2550 4912 2685 4987 ε’ίεν,
2743 4912 3048 4970 ἐκπίπτουσι
3101 4921 3193 4970 τοῦ
3238 4916 3428 4973 οἰκείου
3481 4918 3706 4995 βαθμοῦ,
3772 4922 3911 4979 κατὰ

2266 4990 2484 5088 τὸνλδ¹
2534 5006 2631 5068 τῆς
2662 5000 2715 5059 ἐν
2766 5008 2836 5077 τῷ
2863 5000 3109 5080 Τρούλλῳ
3143 5022 3157 5039 ο
3221 5005 3264 5059 εί
3306 5002 3361 5060 δὲ
3390 4990 3593 5088 λα’ἰνκοὶ,
3639 4990 3913 5088 ἀφορίζον-

2265 5111 2374 5149 ται.
2410 5086 2498 5147 Ἐν
2528 5090 2618 5153 οἷς
2660 5089 2760 5169 γὰρ
2802 5092 2849 5147 οἳ
2906 5088 3147 5170 κληρικοὶ
3203 5086 3590 5172 καθαιροῦνται,
3652 5086 3699 5153 οἷ
3726 5086 3911 5156 λαϊκοὶ

2266 5178 2593 5259 ἀφορίζονται
2603 5218 2620 5239 ι

1857 5341 2113 5407 VARLE
2154 5343 2588 5412 LECTIONES.

619 5452 705 5516 89.
737 5453 801 5505 ω
843 5456 1223 5532 μετατιθεμένη
1235 5497 1249 5514 .

620 5574 643 5609 ι
695 5563 977 5644 ρνωάἱὶ.ι
1046 5562 1489 5643 metropolinm.
1512 5575 1539 5605 ιι
1567 5562 1971 5624 domicilium.
2002 5571 2025 5603 ν
2089 5558 2253 5622 Nam
2283 5559 2720 5650 alienationem
2739 5565 3479 5648 manifestumesseparet,
3512 5586 3646 5650 qua!
3690 5577 3913 5641 temere

537 5653 816 5732 citraque
829 5655 1125 5742 rationem
1135 5652 1433 5733 prwdium
1446 5669 1484 5714 a
1501 5653 1824 5742 metropoti
1844 5650 1921 5742 ad
1936 5654 2375 5742 monasterium
2386 5649 2697 5742 trans/at.
2706 5651 2884 5728 Quod
2894 5663 3095 5721 autem
3105 5664 3324 5726 temere
3338 5661 3428 5742 ﬁt.
3452 5682 3480 5714 ι
3499 5649 3909 5722 conservatio-

544 5756 679 5800 nem
698 5746 995 5819 spectans.
1016 5741 1240 5803 Itidem
1266 5747 1324 5803 et
1342 5741 1697 5818 metmpolis
1713 5737 2163 5802 administratio
2198 5737 2505 5817 pecularis
2561 5746 2674 5805 est.
2697 5756 2724 5800 ν
2750 5761 3101 5817 concursus.
3129 5799 3154 5833 ι
3176 5737 3489 5836 factionis,
3518 5777 3543 5810 ι
3566 5747 3913 5829 puniuntur
