4160 6212
362 342 517 409 1005

1697 337 2272 407 GRIECO-ROMAN
2278 345 2389 408 UM

3596 347 3752 412 1006

446 479 764 561 Ἐρώτησις,
800 479 868 538 Εἴ
897 502 977 544 τις
1007 478 1293 559 ίερωμὲνος
1334 479 1370 548 ἢ
1398 480 1487 536 καὶ
1528 478 1717 543 λα’ίκὸς
1748 474 1996 558 φωραθείτ

2116 558 2131 561 _
2174 471 2400 538 Interr.
2456 476 2521 540 Si
2550 477 2683 558 quis
2711 484 3089 541 consecratus
3116 511 3173 554 δ,
3212 488 3312 543 aut
3341 479 3520 543 etiam
3561 479 3749 542 laicus

358 569 631 640 ἐπαοιδὸς,
663 570 700 639 ἢ
729 570 817 626 καὶ
848 570 1146 650 φαρμακὸς,
1180 568 1217 637 ἢ
1246 569 1335 628 καὶ
1376 565 1659 643 τριοδεύων
1687 569 1824 641 ποίῳ
1850 566 2016 624 ἐπιτι-

357 661 464 737 μίῳ
491 662 834 717 ὓποσεσετται
866 678 883 739 ς

436 746 564 812 Ἀπ,
630 751 731 808 Καὶ
784 750 851 807 τὰ
901 754 1121 805 τοιαῦτα
1174 752 1274 815 τῆς
1319 746 1527 815 ἐθνικῆς
1571 749 1667 803 εἰσι
1740 745 2011 811 σδνηθείας

353 839 415 896 οὗ
443 843 541 905 τῆς
586 835 1313 929 Χριστιανικῆςοπολιτείας,
1367 834 1484 893 οὔτε
1555 836 1653 912 μὲν
1709 840 1808 902 τῆς
1851 834 2008 929 ὀρθο-

350 923 501 993 δόξου
565 923 911 993 Ἐκκλησίας.
978 920 1115 984 δθεν
1171 928 1199 983 6
1253 925 1457 990 τούτοις
1513 923 1667 989 ἁλοὺς
1709 937 1828 988 τοῖς
1884 920 2006 979 ἐπι-

352 1013 643 1091 τηδεύμασι
725 1016 814 1071 καὶ
895 1014 1390 1094 κακοτεχνήμασιν,
1475 1015 1518 1069 εἰ
1580 1013 1689 1088 μην
1750 1010 2006 1089 γληρικός

350 1102 488 1178 ἐστι,
558 1106 915 1183 καθαιρεϊται,
991 1104 1080 1159 καὶ
1134 1104 1234 1170 τῆς
1294 1099 1613 1169 Ἐκκλησίας
1682 1098 2001 1179 ἀποῤῥίπτε-

350 1216 461 1267 ται,
507 1194 644 1250 κατὰ
684 1194 774 1249 τὸν
816 1191 914 1267 λς’
923 1183 934 1205 ’
973 1194 1069 1259 τῆς
1112 1191 1166 1248 ἐν
1210 1189 1489 1264 Λαοδικείᾳ
1519 1188 1733 1248 συνόδου
1773 1190 1999 1247 κανόνα’

352 1283 605 1347 ὡσαύτως
664 1280 719 1339 δὲ
763 1283 851 1339 καὶ
893 1284 921 1339 6
974 1280 1165 1344 λα’ίκὸς
1223 1278 1533 1338 ἐκϐάλλεται
1602 1284 1700 1349 τῆς
1772 1276 2002 1345 Ἐκκλη-

351 1372 468 1436 σίας
550 1370 789 1437 τελείως.
876 1376 1266 1434 Μετανοοῦντες
1350 1367 1404 1426 δὲ
1474 1371 1867 1444 οἰκονομοῦνται
1938 1364 2004 1422 δι’

354 1459 611 1541 ὲξαετίας,
660 1460 696 1529 ἢ
754 1459 1061 1522 πενταετίας
1098 1476 1112 1490 ⁸
1182 1459 1298 1538 τρία
1355 1459 1453 1534 μὲν
1522 1456 1616 1525 ’ἐτη
1674 1458 2003 1513 ὑποπίπτον-

349 1570 463 1624 τες,
492 1551 580 1607 καὶ
627 1551 695 1607 τὰ
741 1548 902 1607 λοιπὰ
958 1548 1335 1628 συνευχόμενοι
1381 1547 1563 1624 μόνον,
1611 1547 1778 1628 χωρὶς
1833 1567 2003 1624 προσ-

347 1645 535 1720 φορᾶς,
567 1641 705 1697 κατὰ
731 1640 822 1695 τὸν
869 1628 953 1695 κδ’
999 1638 1098 1706 τῆς
1142 1638 1197 1694 ἐν
1251 1636 1503 1717 Ἀγκύρᾳ.
1565 1635 1743 1700 Οὕτως
1801 1632 1856 1690 δὲ
1900 1656 2002 1711 με-

354 1729 712 1797 τανοήσαντες
742 1728 995 1807 γνησίως,
1038 1726 1082 1795 ’ἢ
1124 1728 1197 1791 ὡς
1248 1724 1311 1782 ἂν
1366 1728 1395 1782 6
1453 1725 1730 1805 ἀρχιερεὺς
1788 1729 1998 1802 συνορᾷ,

345 1820 476 1897 πρὸς
520 1818 620 1885 τὴν
676 1817 958 1894 μετάνοιαν
1017 1816 1188 1873 αὐτῶν
1249 1814 1386 1895 (ἔχει
1441 1816 1541 1894 γὰρ
1613 1812 1842 1880 ἐξουσίαν
1912 1814 2001 1869 καὶ

2097 558 2509 651 deprehensus
2567 565 2644 627 sit
2713 565 3045 629 incantator
3098 578 3197 631 aut
3250 569 3572 651 veneﬁcus,
3647 576 3748 633 aut

2095 650 2273 713 etiam
2309 652 2614 717 triviorum
2644 654 2982 731 circulator,
3019 657 3115 719 cui
3144 676 3335 739 pinnae
3361 650 3676 721 succidet?

2176 740 2351 828 Resp.
2386 742 2524 805 Haac
2576 752 2715 805 sunt
2766 747 3066 826 paganica
3114 747 3591 828 consuetudinis,
3625 766 3745 810 non

2094 825 2440 893 Christianae
2463 825 2831 913 reipublicae,
2866 842 2926 897 et
2953 833 3147 897 minus
3181 837 3526 899 orthodoxa;
3543 825 3745 900 Eccle-

2091 914 2216 980 siae.
2248 916 2418 981 Unde
2450 920 2551 1001 qui
2579 920 2653 983 de
2684 921 2779 984 his
2810 923 3023 985 studiis
3044 931 3103 986 et
3131 924 3303 987 malis
3333 924 3562 988 artibus
3591 945 3741 989 con-

2086 1005 2275 1096 victus
2330 1007 2528 1085 fuerit,
2582 1010 2632 1072 si
2680 1010 2918 1092 quidem
2952 1012 3023 1074 sit
3069 1013 3737 1096 clericus;deponitur,

2089 1094 2520 1161 etdeEcclesia
2570 1100 2829 1181 ejicitur,
2859 1102 3027 1181 juxta
3056 1121 3345 1166 canonem
3375 1094 3738 1167 tricesimum

2086 1193 2311 1247 sextum
2344 1187 2697 1251 Laodicenaa
2726 1190 2953 1271 synodi.
3003 1189 3315 1274 Similique
3348 1193 3524 1255 modo
3555 1193 3741 1256 laicus

2089 1291 2334 1351 prorsus
2361 1276 2434 1337 ab
2464 1276 2728 1340 Ecclesia
2760 1279 3520 1361 expellitanmnitentiam
3539 1290 3734 1346 autem

2087 1372 2330 1454 agentes
2387 1367 2779 1429 emendantur
2844 1387 2950 1449 per
3006 1372 3377 1447 sexennium,
3428 1379 3528 1435 aut
3557 1374 3737 1454 quin-

2088 1452 2415 1541 quennium
2444 1474 2456 1517 :
2495 1454 2684 1518 tribus
2730 1457 2972 1539 quidem
3003 1461 3174 1522 annis
3200 1460 3504 1541 prostrati,
3550 1452 3608 1524 et
3643 1480 3737 1525 re-

2088 1539 2266 1631 liquis
2293 1555 2745 1626 comprecantes
2776 1554 3026 1624 tantum,
3060 1539 3545 1626 sineroblatione,
3562 1551 3732 1631 juxta

2090 1630 2441 1722 vicesimum
2498 1643 2773 1716 quartum
2821 1656 3114 1699 canonem
3161 1642 3505 1720 Ancyranae.
3542 1640 3735 1722 Atque

2083 1718 2164 1781 ita
2192 1721 2454 1799 ingenue
2486 1726 2864 1804 poenitentes.
2902 1726 2995 1788 vel
3028 1736 3091 1789 ut
3127 1718 3374 1791 antistes
3419 1727 3492 1790 ad
3522 1718 3732 1791 eorum

2084 1811 2486 1889 pmnitentiam
2536 1814 3018 1878 animadverterit
3074 1828 3098 1860 α
3158 1816 3360 1896 (habet
3399 1816 3570 1893 enim
3634 1837 3733 1899 po-

347 1914 530 1984 μειοῦν
574 1908 667 1963 τὸν
724 1902 960 1986 καιρὸν),
1018 1911 1117 1974 τῆς
1185 1905 1326 1968 Θείας
1392 1902 1753 1970 καταξιοῦνται
1835 1924 1996 1979 μετα-

2089 1906 2352 1963 testatem
2377 1902 2554 1964 etiam
2588 1904 2893 1966 minuendi
2924 1905 3259 1987 temporis),
3288 1905 3545 1969 divinam
3575 1924 3734 1970 com-

347 1995 591 2067 λήψεως.

465 2018 591 2059 εως.

422 2001 746 2165 ἶιίιὲριιίπησις.
772 2084 842 2143 Εἴ
866 2107 945 2149 τις
975 2082 1288 2163 ἱερωμένους
1314 2082 1781 2163 παραδυναστεύειν
1802 2091 1878 2158 τῷ
1900 2089 1996 2154 τῆς

351 2175 534 2255 χώρας
568 2173 789 2255 ἄρχοντι
824 2171 1054 2247 σπεύδει,
1121 2172 1396 2230 κάντεῦθεν
1453 2170 1840 2252 προσαγγέλλει
1883 2176 1999 2230 τινὰ

347 2264 483 2320 κατά
510 2286 689 2345 τινων,
722 2266 809 2320 καὶ
838 2265 930 2320 τὸν
960 2260 1193 2343 ἄρχοντα
1223 2260 1338 2317 κατ’
1365 2262 1576 2319 ἐκείνων
1631 2259 1888 2334 διανιστᾷ,
1948 2263 1999 2318 τί

344 2359 634 2415 κανονικὼς
680 2355 708 2409 6
735 2353 971 2417 τοιοῦτος
1016 2351 1244 2409 πείσετει
1279 2371 1295 2431 ς

426 2442 553 2505 Ἀπ.
616 2433 673 2499 Ὀ
747 2441 1030 2521 ἱερωμένος
1095 2447 1173 2515 τῷ
1241 2444 1363 2520 ἱερῷ
1424 2437 1786 2520 προσεδρεύειν
1846 2441 1995 2521 ὀφεί-

342 2529 446 2605 λει,
480 2533 567 2589 καὶ
609 2544 731 2595 ταῖς
790 2529 1258 2598 ἐκκλησιαστικαῖς
1321 2529 1628 2609 ὑπηρεσίαις
1672 2528 1997 2610 ἐνασχολετ-

344 2622 484 2700 σθαι,
551 2621 641 2676 καὶ
709 2620 767 2675 ού
827 2617 1295 2698 παραδυναστεύειν
1383 2632 1672 2695 κοσμικατς
1743 2617 1995 2684 ἐξουσίαις

345 2711 433 2765 καὶ
489 2708 764 2789 ἄρχουσιν.
815 2705 912 2765 Ἐκ
974 2706 1029 2764 δὲ
1090 2713 1188 2773 τῆς
1246 2708 1470 2783 νομίμου
1523 2706 1880 2788 παραγγελίας
1937 2712 1997 2767 οὔ

345 2797 635 2875 βλάπτεται
680 2796 732 2853 εἴ
791 2818 919 2854 ποτε
962 2804 1118 2854 τοῦτο
1174 2798 1414 2877 ποιήσει,
1488 2798 1530 2852 εἰ
1600 2797 1678 2872 μὴ
1722 2797 1856 2853 κατὰ
1897 2800 1994 2865 τῆς

348 2884 670 2953 Ἐκκλησίας
718 2887 858 2943 ἐστὶν
913 2888 948 2954 ἡ
1005 2883 1361 2965 προσαγγελία
1404 2886 1439 2953 ἡ
1500 2883 1697 2961 ψευδὴς
1750 2886 1838 2941 καὶ
1897 2907 1995 2941 συ-

344 2977 692 3056 κοφανντική,
743 2976 874 3034 Τότε
916 2975 1016 3055 γὰρ
1046 2975 1081 3043 ἢ
1138 2976 1210 3039 ὡς
1241 2970 1439 3040 ἀσεϐὴς
1469 2972 1506 3041 ἢ
1547 2976 1621 3037 ὡς
1665 2974 1992 3053 συκοφάντης

344 3064 799 3142 καταγινώσκεται
854 3062 1150 3144 ἐλεγχθείς.
1214 3061 1390 3130 Λῆλαί
1432 3060 1487 3118 δέ
1530 3064 1658 3118 εἰσιν
1716 3066 1767 3119 αἱ
1826 3085 1991 3120 κανο-

346 3154 485 3211 νικαὶ
511 3160 618 3209 τῶν
646 3155 894 3211 τοιούτων
937 3155 1204 3234 τιμωρίαι,
1968 3150 1977 3151 ί

2084 1989 2545 2052 municationem
2578 1989 3098 2072 promefebuntur.

2161 2078 2390 2143 Interr.
2418 2078 2479 2142 Si
2497 2079 2629 2160 quis
2648 2080 3053 2144 sacerdotatus
3074 2083 3104 2126 ά
3137 2100 3269 2145 cum
3302 2083 3556 2164 praeside
3584 2102 3726 2165 pro-

2081 2167 2287 2229 vinciae
2312 2176 2678 2249 potentatum
2695 2170 2918 2233 habere
2949 2172 3473 2255 studeat,indeque
3491 2172 3728 2236 denun-

2081 2255 2313 2318 tiaverit
2339 2257 2643 2339 quidpiam
2676 2259 2751 2320 de
2779 2259 3106 2340 aliquibus;
3143 2268 3198 2322 et
3218 2261 3530 2342 praesidem
3548 2262 3608 2324 in
3626 2281 3728 2325 eos

2080 2348 2420 2408 excitaverit
2435 2358 2475 2423 ο,
2509 2347 2648 2428 quid
2682 2349 3009 2411 secundum
3040 2368 3296 2412 canones
3318 2350 3621 2432 patietur?

2160 2435 2340 2513 Resp.
2378 2436 2667 2500 Sacerdos
2698 2437 2918 2518 templo
2950 2437 3213 2500 assidere
3237 2438 3723 2514 debet,eteccle-

2081 2519 2333 2584 siasticis
2356 2524 2632 2605 occupari
2652 2524 3020 2603 ministeriis,
3032 2544 3148 2587 non
3164 2535 3531 2607 potentatum
3548 2528 3726 2592 simul

2079 2628 2289 2689 gerere
2318 2631 2450 2673 cum
2486 2612 2802 2675 mundanis
2851 2615 3238 2695 potestatibus
3268 2624 3326 2678 et
3355 2616 3725 2696 magistrati-

2079 2698 2213 2762 bus.
2242 2699 2321 2762 Ex
2344 2700 2604 2781 legitima
2621 2710 2816 2764 autem
2847 2703 3296 2767 denuntiatione
3318 2724 3438 2767 non
3464 2705 3719 2770 laeditur.

2080 2788 2130 2849 si
2161 2791 2397 2870 quando
2441 2791 2499 2852 id
2551 2791 2743 2867 faciat,
2809 2792 2922 2853 nisi
2978 2801 3183 2855 contra
3237 2792 3586 2872 Ecclesiam,
3621 2795 3724 2857 ﬁat

2078 2877 2224 2940 falsa
2254 2887 2311 2941 et
2342 2879 2705 2942 calumniosa
2732 2881 2969 2943 delatio.
3003 2881 3171 2945 Tunc
3201 2883 3359 2945 enim
3380 2890 3562 2946 autut
3614 2884 3723 2946 im-

2079 2967 2232 3048 pius,
2267 2985 2366 3032 aut
2394 2970 2784 3032 calumniator
2810 2970 3136 3053 convictus,
3168 2971 3505 3037 damnatur.
3533 2973 3725 3037 Certa:

2076 3067 2271 3120 autem
2303 3066 2439 3121 sunt
2468 3062 2769 3122 cauonicae
2795 3059 3011 3124 borum
3046 3080 3254 3142 pinnas.

2040 3169 2083 3178 .-

426 3239 743 3320 Ἐρώτησις.
783 3241 851 3300 Εἴ
879 3264 960 3305 τις
989 3231 1291 3321 ἱερωμένος,
1326 3242 1469 3321 παρὰ
1498 3244 1560 3298 τὸ
1586 3246 1853 3321 προσῆκον
1883 3241 1993 3316 ἆμ-

2158 3236 2381 3300 Interr.
2409 3237 2472 3301 Si
2501 3238 2633 3319 quis
2653 3247 2939 3320 sacratus,
2966 3246 3181 3320 praeter
3197 3241 3479 3303 decorum
3503 3241 3720 3305 indua-

343 3331 635 3413 φιέννυνται
664 3329 882 3411 ἔνδυμα,
916 3333 1002 3388 καὶ
1034 3333 1267 3407 κοσμικὰ
1287 3328 1734 3411 περιϐαλλόμενος
1753 3334 1993 3410 φωραθῇ,

341 3422 430 3477 καὶ
471 3418 804 3501 ῥαϐδοφορῶν
834 3420 870 3488 ἢ
900 3422 988 3476 καὶ
1020 3426 1376 3500 νυκτοπορῶν,
1424 3426 1536 3486 πῶς
1586 3422 1736 3483 οὗτος
1778 3440 1992 3475 κανονι-

343 3513 451 3576 κῶς
480 3508 868 3579 συσταλήσεται
901 3528 916 3590 ;

424 3596 552 3658 Ἀπ.
603 3601 675 3657 Τὸ
717 3597 1091 3677 ἀμφιέννυσθαι
1122 3596 1470 3665 ἀκατάλληλα
1510 3603 1587 3671 τῷ
1626 3598 1801 3671 οἰκείῳ
1844 3599 1992 3677 σχή-

347 3710 497 3765 ματι,
565 3689 653 3744 καὶ
722 3684 1086 3767 ῥαϐδοφορεϊν,
1145 3688 1232 3743 καὶ
1301 3700 1663 3768 νυκτοπορεῖν,
1719 3686 1842 3744 ὅσον
1897 3687 1995 3761 μὲν

347 3776 485 3836 κατᾶ
514 3777 575 3831 τὸ
604 3776 944 3855 φαινόμενον,
1006 3778 1100 3833 οὐκ
1155 3776 1428 3832 ἐπαινετόν
1476 3775 1639 3837 ἐστιν.
1698 3774 1855 3834 Οὐδὲν
1896 3776 1996 3854 γὰρ

347 3866 541 3945 αγαθὸν
605 3862 891 3921 ὑποϐάλλει
946 3879 1086 3922 νοεῖν
1144 3865 1281 3922 κατὰ
1329 3871 1422 3921 τοῦ
1465 3862 1602 3921 οὕτω
1649 3865 1990 3944 πράττοντος.

349 3954 497 4010 Μετὰ
537 3953 893 4033 παραγγελίαν
921 3952 976 4002 ﬂ
1019 3956 1118 4034 γὰρ
1149 3956 1178 4011 6
1220 3963 1373 4012 τοῦτο
1428 3959 1619 4029 ποιῶν,
1676 3955 1991 4032 καθαιρεθή-

345 4066 493 4101 σεται
524 4046 736 4109 πάντως
770 4060 784 4074 ⁸
849 4046 893 4101 εἰ
937 4046 1014 4121 μὴ
1057 4043 1124 4101 δι’
1181 4045 1418 4122 ἀνάγκην
1459 4044 1598 4117 τινὰ,
1656 4043 1692 4111 ’ἢ
1740 4045 1993 4124 περίστα-

346 4157 451 4209 σιν,
511 4134 549 4203 ἢ
592 4136 797 4207 πενίαν,
828 4135 863 4203 ἢ
893 4133 1061 4202 ἄλλην
1104 4135 1221 4191 τινὰ
1288 4132 1527 4213 εὔλογον,
1559 4131 1619 4182 42
1673 4132 1709 4201 ἢ
1769 4135 1857 4191 καὶ
1912 4131 1995 4191 διὰ

340 4224 437 4291 τὴν
499 4233 592 4283 τοῦ
646 4223 811 4280 τόπου
883 4224 1198 4304 ἀγριότητα,
1277 4224 1367 4279 καὶ
1416 4222 1832 4303 ἀκαταστασίαν,
1905 4225 1994 4279 καὶ

343 4309 627 4392 βάρϐαρον,
700 4313 832 4391 πρὸς
910 4311 1167 4391 ὠφέλειαν
1242 4312 1426 4368 ἑαυτοῦ
1494 4312 1531 4380 ἢ
1592 4311 1768 4391 ἐτέρου
1823 4314 1988 4388 τινὸς,

343 4400 405 4456 οὒ
434 4401 564 4480 πρὸς
599 4401 846 4480 ψυχικὴν
892 4397 1119 4477 βλάϐην.
1177 4399 1308 4458 Τότε
1349 4402 1448 4479 γὰρ
1508 4403 1991 4481 συγγνωσθήσεται,

347 4492 421 4553 ὡς
469 4490 549 4565 μὴ
593 4490 908 4570 ἀρνούμενος
963 4496 1024 4546 τὸ
1080 4488 1414 4569 ἐπάγγελμα,
1462 4487 1596 4565 μηδὲ
1652 4511 1990 4570 καταφρονη-

347 4579 510 4642 τικῶς
567 4576 712 4658 ’έχων
782 4581 913 4659 πρὸς
965 4581 1027 4635 τὸ
1105 4584 1324 4659 σχῆμα,
1399 4576 1534 4654 μηδὲ
1593 4600 1727 4635 τισιν
1794 4578 1991 4658 ἑτέροις

347 4666 736 4743 ἐπιτιθέμενος.

426 4753 744 4833 Ἐρώτησις.
804 4756 873 4815 Εἴ
939 4779 1020 4821 τις
1090 4756 1372 4837 ἱερωμένος
1428 4758 1668 4835 συμμιγῆ
1724 4756 1852 4816 λαὸν
1908 4756 1992 4815 δι-

340 4846 613 4914 ανίστησιν
642 4846 678 4915 ἢ
707 4846 842 4904 κατὰ
888 4854 981 4905 τοῦ
1015 4847 1207 4904 οἰκείου
1261 4845 1574 4927 ἐπισκόπου,
1621 4845 1656 4913 ἢ
1686 4847 1823 4905 κατά
1849 4870 1991 4912 τινος

339 4934 519 5014 ἑτέρου
550 4933 759 5016 ἁπλῶς,
790 4936 879 4992 καὶ
906 4935 1215 5017 ὁχλοποιετ,
1258 4937 1345 4992 καὶ
1374 4934 1635 5011 ἐκμελετᾷ
1661 4936 1779 4993 κατ’
1809 4937 1984 5014 αὐτοῦ,

336 5023 387 5080 τί
415 5024 611 5104 ὀφείλει
642 5026 793 5090 οὗτος
824 5028 1091 5084 πείσεσθαι
1122 5027 1230 5083 ἀπὸ
1257 5025 1478 5090 κανόνος
1512 5044 1528 5105 ;

2080 3333 2174 3399 tur
2200 3332 2445 3407 vestem,
2480 3335 2537 3387 et
2559 3326 2876 3389 mundanis
2904 3327 3153 3389 amictus
3184 3329 3597 3409 deprehensus
3617 3332 3718 3406 sit,

2077 3421 2138 3476 et
2167 3413 2283 3476 tela
2320 3415 2516 3476 ferens
2544 3416 2584 3489 ί,
2634 3423 2931 3496 noctuque
2990 3433 3227 3494 vagans,
3261 3436 3516 3498 quonam
3545 3420 3720 3482 modo

2078 3503 2452 3565 coercebitur
2473 3502 2505 3562 ‘?

2156 3592 2335 3674 Resp.
2370 3592 2538 3654 Indui
2569 3610 2687 3655 non
2717 3592 2956 3656 decenti
2974 3593 3268 3670 habitu,et
3288 3596 3468 3657 telum
3493 3596 3715 3674 sferre,

2077 3692 2370 3764 noctuque
2398 3681 2615 3759 vagari,
2649 3689 2711 3743 ut
2743 3681 2936 3761 prima
2966 3682 3167 3763 specie
3215 3682 3472 3762 videtur,
3506 3685 3717 3749 lauda-

2076 3773 2197 3837 bile
2225 3792 2342 3834 non
2392 3780 2502 3834 est.
2536 3770 2680 3834 Nam
2731 3771 2806 3833 de
2835 3789 2929 3845 eo,
2964 3772 3067 3853 qui
3111 3773 3198 3835 sic
3224 3775 3365 3854 agit,
3398 3774 3540 3837 boni
3570 3777 3718 3839 nihil

2076 3862 2363 3944 suspicari
2397 3861 2559 3923 licet.
2621 3862 2759 3923 Post
2787 3859 3257 3925 admonitionem
3288 3863 3449 3927 enim
3472 3865 3624 3947 hqui
3653 3865 3718 3927 id

2075 3951 2232 4028 facit,
2294 3950 2627 4031 deponetur
2682 3950 2925 4011 omnino
2959 3968 2972 4013 :
3008 3951 3121 4014 nisi
3154 3971 3261 4034 per
3303 3955 3719 4018 necessitatem

2079 4042 2358 4122 aliquam,
2386 4048 2485 4101 aut
2507 4037 2922 4116 infortunium,
2955 4039 3046 4101 vel
3067 4050 3491 4122 paupertatem,
3515 4043 3718 4105 aliam-

2077 4149 2146 4193 ve
2175 4148 2352 4211 quam
2380 4129 2601 4209 justam
2634 4145 2894 4208 causam,
2946 4137 3047 4191 aut
3086 4129 3264 4191 etiam
3296 4131 3413 4193 loci
3449 4132 3718 4195 ferocita-

2077 4228 2221 4295 tem,
2255 4226 2313 4280 et
2342 4216 2803 4290 instabilitatem,
2825 4236 2895 4278 ac
2924 4216 3281 4297 barbariem,
3308 4221 3381 4282 ad
3406 4222 3719 4284 utilitatem

2077 4328 2267 4390 suam,
2292 4309 2382 4370 vel
2403 4307 2647 4369 alterins
2667 4307 2833 4387 cujus
2844 4306 3024 4387 piam,
3074 4327 3191 4369 non
3210 4309 3281 4370 ad
3300 4310 3511 4372 animat
3544 4311 3720 4373 dam-

2076 4417 2237 4460 num.
2274 4397 2441 4459 Tunc
2487 4396 2644 4459 enim
2682 4396 2741 4457 ei
2785 4397 2957 4457 venia
2987 4392 3242 4472 dabitur,
3275 4406 3338 4460 ut
3367 4398 3466 4479 qui
3496 4417 3615 4459 non
3646 4400 3722 4461 sit

2078 4487 2371 4549 inficiatus
2402 4485 2786 4567 promissum,
2848 4504 3043 4566 neque
3071 4489 3085 4531 ί
3117 4487 3478 4568 contemptui
3508 4486 3721 4551 habeat

2078 4576 2366 4653 habitum,
2396 4592 2592 4654 neque
2623 4572 2759 4635 ullis
2788 4573 2922 4635 aliis
2949 4573 3285 4637 insidietur.

2157 4756 2392 4819 Interr.
2454 4753 2516 4817 Si
2568 4751 2701 4835 quis
2768 4760 3032 4815 sacratus
3112 4753 3515 4834 promiscuum
3587 4754 3719 4817 vul-

2076 4864 2215 4925 gum
2275 4843 2487 4906 excitet
2564 4841 2853 4904 adversus
2931 4860 3101 4904 suum
3171 4841 3542 4924 episcopum,
3628 4843 3721 4907 vel

2075 4935 2258 4997 alium
2291 4931 2617 5013 quemlibet
2655 4929 3028 5011 simpliciter,
3059 4940 3118 4993 et
3146 4932 3353 4995 turbas
3375 4942 3716 5012 congreget,

2072 5042 2140 5087 ac
2202 5023 2479 5086 moliatur
2534 5020 2596 5081 in
2682 5038 2838 5098 eum,
2902 5021 3183 5101 quidnam
3234 5039 3267 5082 a
3319 5039 3548 5084 canone
3603 5022 3722 5103 pati

2073 5112 2300 5178 debet?

1666 5283 1927 5351 VARIE
1968 5282 2403 5353 LECTIONES.

414 5415 469 5467 υ
501 5416 859 5499 παραγγελίαν
901 5429 1048 5498 γοῦν.
1081 5417 1145 5471 42
1186 5419 1375 5479 αἰτίαν
1400 5417 1641 5498 εὔλογον.

414 5534 442 5577 δ
495 5535 795 5600 sacerdos.
829 5546 854 5579 ο
883 5553 1023 5600 vere
1051 5543 1191 5601 acta
1219 5536 1601 5618 paenitentia,
1629 5534 1724 5599 vel
1745 5544 1927 5617 prout
1950 5536 2737 5621 pontiﬁcividemr,habita
2750 5539 3126 5620 paenitentiae
3156 5540 3431 5621 ipsorum
3461 5538 3724 5605 ratione.

334 5623 363 5665 ἀ
419 5624 484 5685 in
514 5625 854 5687 sacerdotio
884 5628 1272 5690 cons'itutus.
1305 5637 1329 5669 θ
1394 5626 1815 5700 incitam-it;
1865 5629 2050 5707 fustes
2123 5647 2354 5710 gerens.
2393 5641 2420 5684 σ
2474 5628 2716 5708 fustem.
2751 5630 2777 5671 ιι
2833 5630 3043 5709 ergo.i
3111 5632 3217 5711 qui
3283 5633 3723 5711 professionem

339 5728 512 5774 suam
540 5729 662 5775 non
690 5722 882 5794 neget.
