4160 6212
493 296 644 366 1007

569 440 753 519 Resp.
784 435 1179 514 Responsum,
1236 430 1392 511 quod
1445 430 1517 493 ad
1552 431 1804 512 primam
1860 431 2182 519 interro-1t

484 518 781 612 gationem
811 525 1027 587 factum
1058 526 1235 612 est,et
1254 520 1329 582 ad
1357 520 1510 582 hanc
1532 519 1809 596 sufﬁciet,
1847 539 1958 583 nec
1989 518 2130 601 plu-

483 608 655 682 ribus
685 633 835 698 opus
864 620 954 675 est
985 608 1206 672 verbis.

564 708 787 769 Interr.
844 700 908 764 Si
938 698 1069 781 quis
1117 706 1385 761 sacratus
1438 698 1683 761 edoctus
1732 698 1932 773 fuerit,
1987 714 2131 777 quo-

486 796 660 860 modo
692 792 912 866 omnia,
965 805 1096 869 quae
1152 794 1290 849 sunt
1333 787 1661 849 secundum
1721 804 2004 866 canones,
2035 784 2125 845 fa-

483 905 621 948 cere
677 885 966 964 oporteat,
1028 894 1160 957 quae
1186 883 1383 937 autem
1415 884 1629 957 praeter
1656 872 2122 939 ecclesiasticam

481 974 913 1037 institutionem
929 976 986 1029 et
1000 964 1673 1038 traditionem,aversari
1700 986 1714 1028 :
1734 973 1792 1027 et
1816 970 2120 1045 postquam

480 1064 571 1127 vel
603 1062 764 1125 nullo
792 1057 989 1135 modo,
1053 1054 1142 1115 vel
1200 1053 1273 1115 ad
1318 1062 1546 1135 tempus
1598 1054 1883 1136 paruerit,
1914 1066 2123 1113 rursus

481 1151 796 1233 aliquando
845 1146 920 1207 ad
968 1161 1104 1205 suos
1161 1142 1510 1233 depravatos
1541 1161 1738 1205 mores
1768 1146 2115 1233 revertatur,

479 1251 539 1304 et
569 1229 780 1322 praeter
809 1251 1066 1299 canones
1122 1231 1708 1322 ecclesiasticamque
1737 1229 2119 1322 traditionem

475 1317 724 1394 alienisi
758 1322 1102 1406 majoribus,
1140 1327 1199 1382 et
1220 1339 1324 1400 pro
1356 1339 1464 1382 sua
1494 1320 1745 1381 libidine
1774 1326 1993 1395 utatur,
2024 1317 2121 1379 cui

475 1438 667 1500 poenae
694 1414 1021 1478 secundum
1052 1428 1311 1500 canones
1340 1408 1692 1489 subjicietur
1714 1408 1745 1468 ?

556 1507 736 1587 Resp.
762 1502 930 1577 Quod
965 1507 1169 1563 contra
1198 1498 1430 1559 divinos
1467 1516 1726 1560 canones
1756 1494 2119 1559 ecclesiasti-

474 1614 723 1676 camque
755 1590 1127 1655 traditionem
1162 1589 1244 1662 lit,
1278 1596 1377 1649 aut
1402 1588 1846 1649 emendandum
1874 1593 1986 1676 est,
2020 1593 2120 1647 aut

473 1675 720 1766 prorsus
767 1678 1288 1745 condemnandum
1324 1696 1337 1739 :
1374 1684 1431 1738 et
1464 1675 1923 1756 transgredienti
1945 1690 2119 1755 paena

1861 299 1893 361 J
1900 297 1993 360 US
2031 293 2478 363 GANONIGUM

3705 293 3850 365 1008

2285 425 2410 494 Ἀπ,
2460 421 2523 489 Ἦ
2567 433 2695 513 πρὸς
2752 435 2850 503 τὴν
2892 436 3109 515 πρώτην
3161 457 3253 494 σου
3312 434 3570 516 ἐρώτησιν
3616 432 3843 511 ἀποκρι-

2215 538 2296 605 σις
2322 604 2328 605 7
2351 518 2559 598 ἀρκέσει
2613 524 2700 579 καὶ
2754 525 2884 604 πρὸς
2938 525 3038 593 τὴν
3096 531 3205 601 νῦν,
3254 526 3344 582 καὶ
3396 527 3456 582 οὒ
3496 522 3649 605 χρεία
3678 520 3847 600 λόγων

2213 603 2447 671 πολλῶν.

2294 692 2607 776 Ἐρώτησις.
2656 700 2724 759 Εἴ
2765 724 2844 767 τις
2903 702 3183 784 ἱερωμένος
3242 699 3529 782 ἐκδιδαχθῇ
3594 701 3660 757 τὰ
3715 698 3851 757 κατᾶ

2210 783 2434 873 κανόνας
2501 789 2672 849 πάντα
2728 793 2802 855 ὡς
2857 783 2960 849 δεῖν
2994 790 3416 873 διαπράττεσθαι,
3461 792 3527 848 τὰ
3585 788 3640 846 δὲ

2208 870 2308 939 τὴν
2354 873 2799 947 ἐκκλησιαστικὴν
2854 870 3172 938 κατάστασιν
3224 882 3312 938 καὶ
3367 877 3651 960 παράδοσιν
3706 878 3849 935 ἀπο-

2209 960 2513 1043 στρέφεσθαι
2545 982 2559 996 '
2607 969 2635 1024 ὁ
2690 965 2744 1024 δὲ
2797 968 2834 1038 ἢ
2890 967 3130 1046 οὐδαμῶς
3186 971 3223 1039 ἢ
3280 972 3410 1048 πρὶς
3477 971 3656 1047 καιρὸν
3722 988 3849 1024 πει-

2209 1052 2364 1139 σθεὶς,
2408 1053 2566 1111 πάλιν
2620 1058 2762 1137 παρὰ
2816 1060 2998 1137 καιρὸν
3038 1061 3168 1139 πρὸς
3207 1060 3273 1116 τὰ
3336 1057 3615 1139 παράλογα
3682 1057 3842 1116 αὑτοῦ

2205 1137 2307 1207 ἤθη
2350 1142 2680 1225 ὑποστρέφει,
2751 1147 2840 1203 καὶ
2876 1149 3017 1226 παρὰ
3073 1137 3298 1212 κανόνας
3338 1137 3427 1205 καὶ
3478 1147 3578 1215 τὴν
3635 1145 3839 1214 ἐκκλη-

2203 1231 2479 1298 σιαστικὴν
2521 1232 2803 1313 παράδοσιν
2848 1235 3158 1300 ἀλλοκότοις
3213 1236 3410 1294 ἔθεσεσι
3465 1236 3552 1293 καὶ
3605 1248 3726 1301 τοῖς
3756 1233 3847 1291 δο-

2201 1328 2381 1377 κοῦσιν
2450 1324 2591 1397 αὐτῷ
2646 1329 2840 1404 χρᾶται
2874 1341 2886 1355 ⁸
2936 1327 3034 1382 τίνι
3078 1326 3326 1402 ἐπιτιμίῳ
3364 1331 3655 1389 κανονικῶς
3708 1326 3844 1382 '51":-

2201 1407 2429 1465 κείσεται
2458 1429 2474 1490 ;

2280 1497 2407 1559 Ἀπ.
2455 1501 2525 1558 Τὸ
2556 1502 2696 1580 παρὰ
2745 1504 2862 1567 τοὺς
2918 1504 3082 1568 θείους
3140 1504 3363 1568 κανόνας
3422 1504 3701 1585 γινόμενον
3757 1507 3844 1561 καὶ

2200 1587 2299 1654 τὴν
2328 1586 2774 1660 έκκλησιαστικτὶν
2819 1591 3129 1674 παράδοσιν,
3174 1593 3211 1662 ἢ
3266 1592 3571 1672 διορθωτέον
3608 1594 3778 1673 ἐστὶν,
3806 1591 3842 1660 ἢ

2200 1674 2412 1741 τελείως
2441 1680 2841 1758 καταγνωστέον
2880 1702 2892 1715 ⁸
2952 1684 3039 1739 καὶ
3067 1690 3145 1758 τῷ
3185 1681 3557 1762 παραϐαίνοντι
3614 1682 3722 1740 ἀπὸ
3753 1694 3842 1744 τοῦ

470 1793 504 1835 a
529 1771 891 1854 competenti
914 1786 1142 1833 canone
1174 1766 1421 1827 deﬁnita
1452 1774 1562 1828 est.

2200 1766 2494 1846 προσφόρου
2521 1776 2739 1834 κανόνος
2769 1774 2831 1828 τὸ
2874 1771 3136 1848 ἐπιτίμιον
3168 1772 3411 1852 ὥρισται,

550 1863 777 1925 Interr.
836 1860 898 1923 Si
950 1860 1083 1939 quis
1132 1855 1410 1918 sacerdos
1466 1855 1687 1917 donum
1720 1859 2108 1915 sacramento-

2279 1854 2598 1934 Ἐρώτησις.
2632 1859 2699 1917 Εἴ
2727 1882 2808 1924 τις
2837 1861 3003 1941 ἱερεὺς
3034 1862 3111 1937 μὴ
3142 1862 3278 1921 κατᾶ
3306 1860 3503 1942 δωρεὰν
3526 1862 3623 1930 τὴν

468 1971 600 2014 rum
625 1945 1201 2013 communicantibus
1232 1963 1347 2006 non
1381 1943 1630 2023 gratuito
1663 1944 1963 2022 largiatur,
1999 1957 2108 2022 qua

2196 1947 2302 1998 τῶν
2331 1948 2629 2026 μυστηρίων
2659 1962 2773 2013 τοῖς
2806 1948 3263 2025 μεταλαμϐάνουσι
3293 1950 3522 2025 δίδωσιν,
3554 1951 3703 2015 ὅπως
3733 1951 3840 2008 ἐπι-

469 2058 723 2103 censura
752 2035 1211 2100 emendabitur?
1989 2118 1993 2119 ν
2036 2118 2041 2119 γ

2195 2035 2545 2119 τιμηθήσεται
2577 2038 2727 2103 οὗτος
2763 2058 2779 2119 ;
2914 2086 2921 2091 .

549 2129 725 2210 Resp.
762 2127 824 2192 Si
844 2127 941 2189 hic
982 2133 1115 2205 post
1143 2142 1320 2186 unam
1360 2124 1448 2185 vel
1480 2124 1726 2185 alteram
1759 2118 2108 2183 admonitio-

2277 2122 2398 2186 Ἐπ.
2464 2115 2520 2182 Ὀ
2578 2115 2810 2193 τοιοῦτος
2878 2129 3013 2185 κατὰ
3070 2128 3434 2209 φιλάνθρωπον
3491 2129 3649 2210 λόγον
3702 2131 3836 2207 μετᾶ

468 2239 607 2282 nem
654 2238 774 2280 non
818 2212 1186 2295 corrigatur,
1220 2213 1476 2292 benigna
1504 2213 1741 2275 ratione
1773 2228 2108 2273 exeommu-

2195 2210 2319 2301 μίαν
2386 2214 2473 2269 καὶ
2540 2212 2779 2295 δευτέραν
2847 2217 3204 2298 παραγγελίαν
3275 2220 3449 2296 μένων
3499 2219 3835 2301 ἀδιόρθωτος,

467 2309 786 2372 nicabitur.
843 2305 1014 2379 Quod
1070 2304 1120 2366 si
1171 2311 1377 2385 postea
1424 2302 1731 2364 absolutus
1762 2317 2108 2364 excommu—

2195 2299 2619 2379 ἀφορισθήσεται,
2654 2306 2713 2362 Εἰ
2744 2303 2799 2361 δὲ
2829 2308 2965 2382 μετᾶ
3019 2307 3182 2365 ταῦτα
3235 2308 3403 2373 λυθεὶς
3460 2315 3566 2366 τῶν
3620 2299 3826 2389 3:909:-

463 2398 761 2459 nicatione
791 2397 1034 2458 caeleste
1057 2394 1277 2455 donum
1312 2411 1432 2454 non
1452 2391 1660 2454 venale
1689 2389 1948 2452 vendere
1978 2403 2108 2478 per-

2195 2396 2349 2464 σμοῠ.
2426 2390 2686 2466 ἐπιμένων
2770 2396 3055 2474 πιπράσκει
3123 2397 3221 2465 τὴν
3292 2397 3526 2476 ἄπρατον
3596 2398 3833 2478 οὐράνιον

462 2494 715 2563 severet,
769 2485 1124 2565 deponetur.
1188 2481 1435 2545 Donatio
1496 2480 1655 2541 enim
1700 2478 1830 2555 Dei,
1866 2475 2108 2540 donatio

2195 2474 2410 2556 δωρεὰν,
2455 2484 2908 2562 καθαιρεθήσεται.
2949 2487 3127 2564 Δωρεὰ
3180 2486 3280 2565 γὰρ
3417 2494 3508 2545 τοῦ
3553 2474 3683 2544 ego;
3721 2484 3829 2542 δω..

464 2594 581 2635 non
629 2574 851 2636 venalis
879 2573 934 2635 ιί.
964 2572 1027 2635 Si
1075 2571 1207 2652 quis
1253 2582 1455 2632 autem
1515 2568 1571 2630 ei
1609 2575 1824 2649 sponte
1875 2567 2103 2640 olferat,

2195 2568 2301 2644 ρεὰ,
2349 2569 2471 2649 ούχὶ
2524 2571 2701 2634 ὤνιον,
2780 2572 2874 2630 Ἐκ
2922 2574 3273 2655 προαιρέσεως
3331 2573 3384 2632 δὲ
3442 2577 3495 2632 εἴ
3553 2600 3633 2641 τις
3690 2581 3832 2650 abit?»

460 2663 522 2724 in
579 2663 851 2725 solatium
884 2663 1035 2723 forte
1093 2656 1474 2741 paupertatis,
1500 2661 1595 2747 vel
1627 2656 1868 2718 honoris
1901 2673 2102 2747 causa,

2195 2658 2466 2747 προσφέρει
2551 2663 2622 2727 είς
2669 2665 3035 2747 ,ΔπαρηγορὶανΑ
3093 2666 3264 2747 τυχὸν
3342 2670 3442 2734 τῆς
3512 2668 3716 2747 πενίας,
3788 2668 3829 2747 ,ἢ

458 2751 553 2813 vel
579 2753 638 2813 in
670 2754 910 2813 modum
942 2738 1309 2812 liberalitatis
1337 2768 1353 2821 ;
1387 2746 1678 2826 accipere.
1715 2752 1775 2807 et
1812 2763 1919 2825 pro
1951 2745 2101 2807 olfe-

2195 2744 2348 2826 rtpﬁf;
2404 2738 2600 2817 ἕνεκεν,
2662 2741 2697 2811 ἢ
2753 2738 2911 2800 κατα
2944 2744 3137 2822 τρόπον
3159 2738 3491 2825 ’φιλοτιμίας
3547 2738 3731 2803 τοῦτον
3769 2746 3832 2796 45

455 2847 624 2902 rente
653 2848 786 2902 vota
812 2839 1009 2901 facere
1040 2856 1162 2899 non
1190 2824 1564 2917 prohibetur.
1620 2844 1627 2849 ”
1818 2824 1827 2825 ί

2195 2824 2472 2917 λαμϐάνειν
2536 2833 2626 2889 καὶ
2678 2833 3055 2913 ὑπερεύχεσθαι
3097 2824 3215 2893 τοῦί
3243 2837 3710 2915 προσενεγκόντος,
3769 2839 3829 2893 οὗ

2188 2915 2478 2977 κεκώλυται
2488 2968 2501 2982 ,

534 3018 757 3080 Interr.
824 3016 887 3080 Si
943 3017 1075 3098 quis
1135 3015 1413 3078 sacerdos
1464 3014 1650 3077 salem
1709 3012 2100 3088 benedicens,

2270 3004 2583 3102 Ἐρώτησις,
2641 3009 2708 3068 E’t'
2756 3034 2835 3102 τις
2885 3011 3049 3091 ἱερεὺς
3104 3011 3275 3070 ἕλατα
3331 3012 3586 3092 εὐλογῶν,
3646 3015 3682 3083 ἢ
3740 3019 3826 3072 καὶ

451 3114 552 3169 aut
595 3106 802 3169 ovibus
844 3114 904 3171 et
951 3094 1142 3167 bobus
1201 3122 1410 3184 preces
1457 3103 1711 3166 fundens
1741 3101 2102 3177 inveniatur,

2195 3094 2469 3173 προϐάτοις
2537 3099 2701 3179 εύχᾶς
2757 3096 2924 3163 διδοὺς
2981 3101 3069 3157 καὶ
3118 3101 3293 3177 βουσὶν
3337 3104 3544 3183 εὑρεθῇ,
3603 3106 3692 3161 καὶ
3758 3106 3825 3162 τὰ

451 3215 777 3276 eorumque
808 3195 1146 3277 pectuscula
1179 3201 1237 3255 et
1264 3194 1426 3256 coria
1454 3193 1884 3274 recipiens,aut
1925 3191 2101 3254 etiam

451 3285 758 3349 columbas
815 3284 887 3347 ad
948 3291 1316 3346 mortuorum
1405 3283 1680 3363 sepulcra
1747 3290 1805 3344 et
1867 3298 2099 3343 memo-

445 3374 565 3436 rias
622 3383 908 3450 mactans,
974 3374 1070 3435 cui
1124 3391 1313 3453 plena:
1359 3370 1718 3453 SUleCillll‘?
1774 3373 1867 3432 An
1923 3370 2100 3433 liceat

446 3474 640 3526 autem
701 3464 755 3525 ei
815 3472 873 3526 et
937 3463 1238 3525 convivari
1295 3463 1355 3523 in
1435 3460 1762 3536 memoriis,
1824 3469 1881 3522 et
1931 3459 2097 3522 festis

446 3552 677 3628 diebus,
735 3560 794 3615 et
843 3551 1085 3631 nuptiis,
1143 3570 1276 3613 cum
1337 3550 1503 3612 laicis
1547 3549 1811 3612 convivia
1863 3549 2093 3611 baben-

444 3642 606 3704 tibus
634 3663 650 3717 ;
681 3642 754 3702 ad
779 3642 904 3704 haec
925 3643 988 3702 in
1017 3661 1086 3703 eo
1128 3640 1283 3721 quod
1316 3640 1544 3702 interea
1563 3658 1914 3721 responsum
1951 3641 2088 3713 erit,

370 3758 375 3763 ί
444 3730 844 3810 acquiescam.

522 3905 703 3985 Resp.
763 3906 1055 3968 Animalia
1085 3915 1140 3968 et
1172 3924 1311 3968 oves
1342 3906 1402 3968 in
1449 3906 1717 3969 ecclesiis
1748 3907 1989 3981 oﬂ‘erre,
2023 3914 2088 3969 ut

2188 3186 2435 3253 στηθύνια
2469 3187 2692 3259 τούτων,
2767 3190 2854 3245 καὶ
2902 3190 2968 3245 τὰ
3009 3187 3242 3270 δέρματα
3298 3190 3819 3271 ἆναλαμόανόμενος,

2185 3275 2221 3343 ἢ
2251 3277 2338 3332 καὶ
2367 3277 2672 3355 περιστερὰς
2715 3277 2769 3335 ἐν
2797 3291 2914 3344 τοῖς
2967 3279 3153 3359 τάφοις
3206 3285 3311 3338 τῶν
3366 3281 3668 3341 τεθνεώτων
3736 3286 3824 3341 uti

2182 3378 2298 3428 τοῖς
2369 3366 2726 3442 μνημοσύνοις
2796 3368 2966 3424 αὐτῶν
3025 3369 3349 3449 σφαγιάζων.
3421 3372 3520 3429 τίνι
3577 3373 3825 3451 ἐπιτιμίῳ

2178 3453 2500 3535 ὑπόκειται,
2550 3457 2608 3513 Εἰ
2652 3455 2816 3522 ἔξεστι
2876 3454 2931 3513 δὲ
2981 3457 3123 3533 αὐτῷ
3179 3460 3268 3515 καὶ
3336 3463 3712 3535 συμποσιάζειν
3769 3464 3822 3521 ἐν

2176 3556 2294 3608 τοῖς
2325 3546 2701 3633 μνημοσύνοις,
2761 3551 2849 3604 καὶ
2886 3542 2961 3603 ἔνθ
2997 3561 3121 3611 ταῖς
3178 3549 3513 3627 ἑορτασίμοις
3566 3553 3818 3633 ἡμέραις,

2175 3633 2262 3688 καὶ
2346 3632 2401 3689 ἐν
2476 3647 2593 3698 τοϊς
2661 3635 2876 3716 γάμοις,
2964 3638 3097 3713 μετὰ
3164 3638 3269 3695 τῶν
3354 3644 3819 3715 συμποσιαζόντων

2174 3719 2400 3813 λαίἰκῶν,
2462 3725 2593 3803 πρὸς
2654 3727 2817 3783 ταῦτα
2875 3725 2930 3783 ἐν
2998 3734 3075 3801 τῷ
3126 3727 3257 3794 τέως
3326 3728 3650 3809 ἐποκριθέντι
3702 3732 3822 3813 ἔχω

2172 3808 2373 3877 καλῶς.
3309 3815 3318 3825 ’

2251 3898 2377 3988 ’ᾼπ.
2451 3903 2523 3959 Τὸ
2566 3904 2639 3967 εἰς
2693 3905 2786 3967 τὰς
2843 3904 3128 3973 ἐκκλησίας
3195 3909 3506 3988 προσφέρειν
3578 3916 3686 3981 ζῶα
3730 3912 3819 3968 καὶ

442 4003 777 4057 mactentur
819 4014 852 4056 a
894 3995 1330 4070 sacerdotibus,
1364 3995 1464 4077 qui
1494 3996 1653 4058 velut
1701 4014 1905 4057 eorum
1939 4013 2082 4077 por-

2195 3987 2430 4069 ιρόϐατα,
2494 3992 2581 4048 καὶ
2638 3994 3009 4074 σφαγιάζεσθαι
3091 3999 3234 4074 παρὰ
3290 3987 3407 4054 τῶν
3451 3997 3653 4077 ἱερέων,
3726 4002 3819 4056 καὶ

442 4083 765 4146 tiunculam
822 4083 1137 4164 accipiant,
1195 4084 1380 4146 veteri
1439 4103 1628 4164 more,
1655 4085 1995 4164 pectuscula
2025 4102 2086 4154 ει

440 4173 622 4248 coria,
676 4171 818 4233 item
876 4172 1185 4234 columbos
1262 4173 1334 4234 ad
1388 4176 1660 4255 sepulcra
1713 4182 2080 4235 mortuorum

438 4262 793 4338 sacriﬁcare,
847 4260 1165 4324 Judaicum
1213 4262 1455 4324 omnino
1509 4272 1617 4329 est.
1653 4270 1711 4323 et
1740 4265 2007 4326 Graecum
2041 4266 2078 4337 1,

437 4357 498 4411 et
528 4368 781 4412 censura
810 4350 1297 4432 correctioneque
1328 4349 1855 4431 dignumRatione
1884 4359 2080 4415 autem

436 4439 696 4503 carentia
728 4438 960 4518 dignari
1008 4440 1218 4520 sale,et
1248 4459 1385 4503 oves
1435 4460 1503 4504 ac
1535 4440 1736 4519 boves,
1791 4441 1862 4503 ad
1915 4441 2081 4502 utili-

2171 4083 2287 4137 οἷον
2346 4080 2683 4161 ἀφαιρέματα
2736 4082 2935 4140 τούτων
3010 4082 3320 4162 λαμϐάνειν,
3380 4088 3519 4145 κατὰ
3573 4090 3634 4144 τὸ
3699 4111 3812 4145 πα-

2170 4167 2342 4245 λαιὸν,
2375 4170 2441 4225 τὰ
2469 4170 2718 4237 στηθύνια
2746 4172 2835 4228 καὶ
2875 4172 2940 4229 τὰ
2996 4170 3248 4252 δέρματα,
3309 4176 3398 4231 καὶ
3448 4178 3512 4233 τὸ
3562 4199 3816 4257 περιστε-

2170 4259 2260 4321 ρὰς
2292 4257 2347 4313 ἐν
2397 4272 2514 4323 τοῖς
2563 4259 2747 4338 τάφοις
2803 4266 2909 4316 τῶν
2963 4263 3259 4321 τεθνεώτων
3301 4265 3462 4339 θύειν,
3510 4264 3818 4325 εἰουδαϊκὸν

2168 4345 2405 4428 ἄντικρύς
2457 4346 2589 4429 ἐστι,
2646 4348 2742 4405 καί
2812 4341 3143 4432 Ἑλληνικὸν,
3202 4354 3288 4409 καὶ
3343 4352 3483 4419 ἄξιον
3554 4355 3821 4433 ἐπιτιμή-

2169 4458 2304 4501 σεως
2334 4439 2422 4494 καὶ
2451 4434 2796 4516 διορθώσεως.
2830 4440 2901 4497 Τὸ
2930 4437 2984 4495 δὲ
3031 4437 3201 4519 ἄλογα
3249 4439 3424 4508 ἀξιοῦν
3477 4450 3586 4500 τῶν
3640 4445 3817 4521 ἁλῶν,

435 4536 610 4589 tatem
666 4530 1169 4605 assumentiumm,
1221 4530 1653 4612 sanitatemque
1699 4531 1983 4611 ipsorum.
2023 4542 2082 4593 et

2195 4528 2253 4582 ιαὶ
2294 4527 2361 4615 τὰ
2401 4524 2640 4615 πρόϐατα
2696 4528 2785 4584 καὶ
2837 4528 2960 4593 τοὺς
3001 4529 3154 4611 βόας,
3212 4533 3345 4611 πρὸς
3387 4532 3650 4615 ὠφέλειαν
3702 4537 3822 4593 τῶν

435 4617 804 4688 animalium,
860 4616 1008 4678 nihil
1055 4618 1236 4681 habet
1318 4619 1559 4682 absurdi
1611 4639 1625 4678 :
1689 4619 1833 4700 quin
1888 4621 2083 4701 potius

2195 4612 2700 4692 ιεταλαμϐανόντων,
2772 4616 2861 4674 καὶ
2939 4618 3115 4698 ὑγείαν
3199 4622 3368 4678 αὐτῶν
3448 4612 3504 4679 τε
3562 4625 3651 4681 καὶ
3700 4633 3819 4686 τῶν

434 4705 609 4766 etiam
634 4706 774 4767 ﬁdei
820 4714 910 4767 est
930 4706 1097 4769 illud.
1122 4706 1198 4769 Ut
1238 4707 1515 4770 animalia
1538 4707 1713 4770 etiam
1744 4708 2078 4771 sacerdoti-

2195 4704 2336 4781 ώων,
2370 4701 2513 4761 οὐδὲν
2562 4703 2681 4785 ἔχει
2733 4703 2953 4782 ἄτοπον,
3006 4705 3144 4765 ἀλλὰ
3198 4708 3400 4786 μᾶλλον
3454 4714 3543 4769 καὶ
3585 4714 3821 4782 πίστεώς

432 4793 545 4855 bus
570 4794 894 4855 offerantur
949 4795 1024 4857 ab
1081 4795 1234 4871 aliis,
1295 4796 1417 4858 sive
1463 4795 1614 4872 viva,
1649 4796 1769 4858 sive
1799 4806 2073 4871 mactata,

2195 4815 2272 4850 στι
2302 4802 2481 4857 τοῦτο,
2516 4795 2617 4852 Καὶ
2658 4796 2720 4851 τὸ
2763 4796 2828 4851 τὰ
2869 4801 2978 4867 ζῶα
3006 4794 3061 4853 δὲ
3118 4812 3236 4864 τοῖς
3286 4802 3476 4881 ἱερεῦσι
3532 4804 3674 4885 παρὰ
3700 4807 3821 4862 τῶν

428 4882 491 4974 in
522 4884 810 4945 honorem
841 4900 869 4931 ιι
899 4884 1157 4974 aliquem
1190 4898 1247 4947 et
1281 4886 1704 4965 expiationem,
1753 4899 1967 4969 praeter
1986 4907 2077 4950 ra-

2195 4881 2333 4974 λλων
2382 4883 2783 4965 προσφέρεσθαι,
2870 4885 2982 4942 εἴτε
3050 4894 3245 4967 ζῶντα,
3326 4890 3438 4948 εἴτε
3492 4894 3581 4951 καὶ
3612 4881 3820 4974 ⁷ἐσφαι-

428 4971 830 5063 tione_m_non
891 4983 1015 5063 est,
1059 4973 1162 5036 sed
1197 4983 1255 5035 et
1303 4974 1520 5055 pietate
1571 4976 1810 5057 plenum
1847 4994 1860 5039 :
1897 4978 2072 5040 modo

2195 4971 2345 5049 μένα,
2379 4974 2514 5029 κατὰ
2541 4975 2704 5049 τιμήν
2732 4996 2849 5032 τινα
2894 4977 2983 5033 καὶ
3026 4975 3339 5060 ἀφοσίωσιν,
3398 4984 3458 5041 οὗ
3498 4971 3819 5063 παράλογόν

426 5078 503 5122 ne
532 5060 606 5121 ad
636 5060 841 5138 altare,
882 5063 969 5123 vel
1002 5061 1155 5123 intra
1186 5063 1523 5127 ecclesiam.
1548 5063 1808 5147 Ideoque
1828 5075 2070 5147 pectus-

2195 5084 2322 5137 r‘ttv,
2368 5059 2504 5121 ἀλλᾶ
2531 5062 2620 5118 καὶ
2668 5061 2900 5128 εὐσεϐές.
2954 5065 3101 5133 Πλὴν
3153 5067 3232 5143 μὴ
3284 5059 3357 5134 εἶς
3400 5072 3462 5127 τὸ
3514 5059 3816 5145 θυᾷιαστῆ-

426 5147 561 5210 cula
584 5157 642 5211 et
669 5150 828 5212 coria
870 5149 1046 5212 allata
1095 5151 1376 5213 sacerdos
1421 5152 1664 5217 omnino
1693 5153 1843 5217 citra
1875 5173 2074 5237 repre-

2195 5176 2287 5233 ,ον,
2357 5151 2394 5219 ἣ
2451 5152 2524 5215 εἷς
2606 5152 2705 5219 τὴν
2788 5151 3072 5221 ἐκκλησίαν
3153 5155 3326 5224 ἐντός.
3386 5164 3445 5220 Εἰ
3516 5160 3572 5219 δὲ
3626 5171 3815 5242 τοῦτο,

1750 5325 2005 5392 νΑΡιΙλΕ
2045 5319 2479 5394 LECTIONES.

497 5454 565 5504 4³
590 5462 766 5514 τοῦτο.

494 5586 515 5687 i_
588 5587 968 5687 peregrinis,
1001 5592 1027 5633 ιι
1078 5591 1242 5687 Nam
1270 5590 1497 5687 donem
1529 5592 1639 5656 hoc
1670 5593 1804 5673 Dei,
1831 5595 2054 5661 donum
2076 5606 2167 5662 est
2194 5620 2213 5661 :
2243 5618 2482 5663 nonres
2503 5602 2766 5663 venalis.
2795 5600 2811 5643 ¹
2847 5620 3180 5684 paganum.
3212 5612 3254 5645 ιιι
3312 5605 3813 5687 percipientium,

421 5676 635 5737 salem.
669 5720 697 5750 η
753 5676 997 5739 honoris
1027 5685 1088 5739 et
1116 5679 1452 5743 devotionis
1480 5699 1688 5747 causa.
