4160 6212
318 364 476 431 1009

1650 356 2359 432 GRECO-ROMANUM.

3533 357 3692 423 1010

311 502 525 566 πάντως
590 501 678 559 καὶ
737 502 804 559 τὰ
846 502 1094 570 στηθύνια
1139 504 1237 560 ’καὶ
1278 504 1344 560 τὰ
1399 502 1628 583 δέρματα
1684 497 1957 581 προσαγό-

2042 492 2391 583 hensionem
2422 496 2693 578 accipiet.
2728 495 2839 569 Qui
2859 495 3018 559 enim
3050 504 3237 561 totum
3269 493 3530 569 exhibet,
3562 512 3684 557 non

311 612 470 666 μενα,
501 591 923 670 ἀκαναγνώστως
955 590 1185 667 λήψεται
1216 595 1245 650 ὁ
1287 594 1473 672 ἱερεὺς.
1531 583 1588 650 Ὀ
1632 592 1731 670 γὰρ
1786 611 1955 670 προσ-

310 678 454 757 άγων
525 681 586 736 τὸ
642 677 790 754 ὅλον,
859 682 921 738 οὗ
988 680 1247 738 κωλύεται
1320 681 1475 761 μέρος
1531 681 1815 761 προσάγειν
1882 684 1960 752 τῷ

309 769 464 847 ἱερεῖ,
497 770 585 825 καὶ
627 768 783 848 μέρος
838 770 901 826 τὸ
958 770 1232 831 πιότατον.
1293 772 1392 829 Καὶ
1444 771 1521 846 μή
1577 792 1667 844 μοι
1706 767 1827 847 λέγε
1878 765 1959 823 ὅτι

309 865 404 916 τοῦ
445 863 738 915 Μωσαῖκοῦ
794 857 957 934 νόμου
1011 858 1164 916 τοῦτό
1220 859 1385 922 ἐστιν,
1433 861 1506 916 Οὒ
1545 859 1645 938 γὰρ
1672 856 1885 921 τελείως
1930 857 1957 911 ὁ

313 944 478 1020 νόμος
508 944 791 1026 ἀνῄρηται,
835 944 956 1003 ἀλλ’
1014 946 1099 1003 ἐπὶ
1142 950 1202 1003 τὸ
1245 947 1450 1024 βέλτιον
1505 947 1594 1004 καὶ
1632 943 1961 1022 ὑψηλότερον

315 1035 750 1108 μετεσκεύασται,
816 1039 876 1092 Αἱ
938 1036 1036 1113 μὲν
1077 1037 1176 1116 γὰρ
1230 1036 1397 1093 θυσίαι
1439 1042 1546 1092 τῶν
1599 1034 1750 1106 ζώων
1792 1033 1959 1089 ἐπαύ-

313 1125 505 1202 θησαν,
561 1125 693 1202 πρὸς
738 1126 829 1181 τὸν
869 1126 990 1181 τότε
1046 1128 1482 1205 συγχωρηθεῖσαι
1526 1123 1708 1202 καιρόν
1740 1139 1753 1155 ’
1818 1124 1864 1177 οἱ
1906 1119 1961 1177 δὲ

315 1212 449 1289 πρὸς
492 1214 613 1275 τοὺς
642 1216 801 1292 ἱερεῖς
857 1216 1197 1294 προσαγωγαὶ
1252 1218 1311 1273 οὗ
1354 1213 1668 1275 κωλύονται,
1736 1212 1832 1270 Καὶ
1899 1211 1961 1265 τὸ

318 1308 698 1379 Χριστιανικῶς
768 1304 1043 1381 γινόμενον
1113 1304 1247 1360 κατά
1297 1326 1347 1360 τι
1403 1302 1515 1367 ἔθος
1587 1300 1868 1381 ἐγχώριον,
1925 1299 1961 1367 ἢ

317 1391 405 1446 καὶ
446 1389 507 1446 ἐκ
573 1389 873 1469 φιλοτιμίας
946 1392 1277 1472 ἀγροικικῆς,
1352 1392 1455 1473 οὐχ
1511 1394 1586 1456 ὡς
1658 1387 1959 1452 Ἰουδαϊκῶς

318 1480 595 1557 γινόμενον
636 1479 1027 1560 λογισθήσεται.
1077 1484 1135 1539 El.
1184 1480 1239 1537 δὲ
1281 1484 1371 1539 καὶ
1404 1482 1458 1538 ἐν
1502 1495 1618 1544 τοῖς
1678 1479 1960 1555 μνημοσύ-

318 1591 428 1634 νοις
472 1576 579 1627 τῶν
631 1569 927 1628 τεθνεώτων
984 1572 1337 1649 προσάγονται
1399 1572 1520 1634 τοῖς
1572 1574 1760 1649 ἱερεῦσι
1803 1589 1958 1646 περι-

316 1660 513 1737 στεραὶ,
588 1659 701 1716 ἀντὶ
756 1657 1042 1740 ἀδροτέρων
1111 1663 1284 1734 ζώων,
1357 1661 1497 1740 παρᾶ
1548 1666 1651 1717 τῶν
1704 1656 1957 1715 πενεστέ-

2042 582 2393 663 prohibetur
2418 593 2644 667 partem
2676 586 2972 649 sacerdoti
3013 585 3319 661 exhibere,
3356 594 3415 647 et
3443 585 3685 665 quidem

2042 680 2269 749 partem
2322 673 2793 755 pinguissimam.
2849 674 2935 736 Ne
2987 675 3213 737 dixeris
3243 677 3357 736 hoc
3384 692 3515 735 esse
3547 672 3691 751 legis

2041 761 2342 825 Mosaicae.
2375 760 2505 825 Non
2555 764 2714 826 enim
2758 764 2852 825 lex
2909 782 3151 845 prorsus
3207 762 3426 824 abolita
3484 769 3594 836 est,
3629 770 3689 823 et

2044 848 2106 912 in
2137 851 2373 933 melius,
2433 852 2539 915 sed
2586 859 2644 914 et
2695 853 3008 915 sublimius
3054 859 3462 926 transmutata,
3496 852 3689 913 Sacri-

2042 940 2175 1001 ficia
2192 940 2351 1002 enim
2367 940 2707 1003 animalium
2727 942 2855 1004 ﬁeri
2870 940 3282 1015 desierunt,ad
3303 949 3534 1021 tempus
3551 947 3689 1001 tunc

2044 1028 2340 1109 permissa
2374 1051 2387 1090 :
2420 1036 2478 1091 at
2509 1030 2866 1102 oblationes,
2918 1049 3048 1111 quae
3076 1028 3483 1091 sacerdotibus
3515 1029 3684 1101 ﬁunt,

2044 1134 2162 1177 non
2223 1126 2510 1181 vetantur.
2572 1118 2642 1180 Et
2701 1119 2854 1199 quod
2907 1118 3246 1181 Christiane
3299 1118 3364 1178 fit
3410 1118 3610 1179 innato
3637 1132 3681 1193 ο,

2043 1205 2295 1285 quodam
2330 1225 2519 1282 more,
2551 1208 2643 1268 vel
2676 1208 2852 1269 etiam
2885 1227 2956 1269 ex
2984 1207 3283 1269 rusticana
3305 1206 3683 1278 liberalitate,

2041 1301 2104 1355 ut
2153 1294 2399 1357 Judaice
2457 1298 2676 1358 factum
2736 1316 2854 1358 non
2912 1296 3277 1359 censebitur.
3340 1295 3507 1368 Quod
3541 1295 3683 1355 siin

2044 1392 2413 1446 mortuorum
2475 1384 2779 1446 memoriis
2809 1385 3099 1447 columba!
3127 1384 3473 1446 animalium
3502 1401 3683 1461 gran-

2041 1470 2273 1534 diorum
2308 1471 2435 1535 vice
2452 1473 2861 1535 sacerdotibus
2882 1473 3239 1536 exhibentur
3253 1492 3287 1533 a
3319 1471 3695 1534 tenuioribus

2039 1560 2102 1622 in
2134 1580 2344 1623 eorum
2373 1562 2745 1639 alimoniam,
2782 1581 2899 1625 nou
2935 1581 3041 1644 per
3063 1561 3354 1624 rationem
3379 1560 3679 1635 sacriﬁcii,

2041 1667 2235 1731 neque
2264 1659 2329 1711 ut
2355 1652 2426 1712 ad
2460 1652 2733 1732 sepulcra
2760 1660 3111 1728 mactentur,
3144 1654 3257 1714 hoc
3280 1669 3457 1713 nemo
3492 1649 3693 1729 prohi-

316 1768 447 1825 ρων,
518 1749 592 1811 εἰς
658 1737 963 1828 ἀποτροφὴν
1020 1751 1183 1824 αὐτῷ,
1253 1749 1312 1806 οὗ
1354 1737 1490 1807 κατὰ
1546 1748 1705 1828 λόγον
1755 1747 1954 1820 θυσίας,

2043 1738 2263 1802 buerit.
2295 1737 2541 1820 Oportet
2558 1741 2717 1802 enim
2744 1741 3114 1803 sacerdotem
3140 1761 3208 1804 ex
3232 1739 3564 1803 sacerdotio
3580 1738 3679 1828 ali,

317 1833 430 1893 οὒδὲ
474 1835 611 1892 ὥστε
641 1827 1026 1916 σφαγιασθῆναι
1069 1837 1155 1893 ἐπὶ
1211 1844 1318 1894 τῶν
1374 1839 1553 1918 τάφων
1588 1827 1806 1893 ’τοῦτο
1865 1837 1959 1893 οὒκ

2042 1837 2099 1890 et
2128 1828 2407 1892 honorari
2439 1847 2473 1890 a
2500 1829 2689 1902 laicis,
2727 1838 2784 1892 et
2814 1829 2958 1892 alias
2988 1831 3231 1893 omnino
3252 1842 3306 1906 ι),
3364 1839 3535 1909 prout
3555 1827 3686 1908 quis

317 1923 379 1979 ἄν
409 1946 489 1990 τις
520 1923 796 1986 κωλύσειε,
844 1927 957 2005 Χρὴ
1014 1927 1114 2006 γὰρ
1156 1928 1246 1982 τὸν
1297 1916 1590 2007 ἱερέανὰπὸ
1646 1932 1745 1993 τῆς
1799 1929 1957 2005 ἱερω-

2042 1916 2775 2007 polueritexhibitionibus
2789 1920 3155 1982 qsecundum
3168 1919 3478 2007 facultates
3492 1916 3682 1978 factis.

318 2013 476 2080 σύνης
559 2013 853 2095 τρέφεσθαι,
931 2016 1017 2071 καὶ
1088 2006 1353 2091 τιμᾶσθαι
1403 2017 1544 2095 παρᾶ
1571 2022 1676 2073 τῶν
1728 2014 1957 2093 λαίκῶν,

2041 2008 2104 2069 Si
2152 2007 2364 2069 bovem
2421 2006 2717 2087 integrum
2779 2009 2992 2070 offerre
3033 2027 3152 2069 non
3202 2006 3407 2088 possit,
3461 2015 3684 2088 partem

317 2100 491 2165 ἄλλως
534 2124 590 2158 τε
632 2105 870 2177 πάντως,
926 2105 1000 2169 ὡς
1055 2102 1116 2161 ἄν
1168 2128 1246 2169 τις
1297 2104 1523 2175 δύναιτο,
1558 2107 1645 2163 καὶ
1674 2118 1795 2170 ταῖς
1823 2105 1959 2159 κατὰ

2042 2098 2269 2177 oll‘erat,
2307 2098 2395 2159 vel
2429 2097 2823 2177 petusculum,
2873 2106 2974 2159 aut
3029 2098 3330 2179 quidpiam
3378 2095 3563 2176 aliud,
3594 2096 3683 2158 vel

319 2189 533 2267 δύναμιν
578 2207 976 2272 προσαγωγαῖς.
1044 2196 1102 2253 Εἰ
1163 2196 1241 2271 μὴ
1296 2197 1420 2271 βοῦν
1462 2193 1666 2252 δύναιτο
1722 2193 1957 2274 προσφέ-

320 2302 427 2360 ρειν
476 2279 790 2361 ὁλόκληρον,
838 2282 992 2362 μέρος
1039 2282 1101 2339 ἂν
1155 2283 1505 2363 προσενέγκῃ,
1565 2283 1601 2351 ἢ
1657 2285 1717 2340 τὸ
1760 2283 1958 2350 στηθύ-

319 2392 451 2449 νιον,
493 2370 530 2438 ἢ
574 2367 703 2428 ἄλλο
757 2393 831 2451 τι,
890 2372 926 2440 ἢ
984 2370 1145 2452 δέρμα
1202 2375 1367 2453 τυχὸν
1422 2373 1607 2448 μόνον.
1674 2374 1732 2430 Εἰ
1788 2370 1841 2427 δὲ
1880 2373 1958 2446 μὴ

319 2469 495 2535 τοῦτο,
553 2461 884 2542 περισ-ερὰν,
953 2464 990 2529 ἢ
1048 2460 1216 2529 ἄλλην
1286 2460 1426 2542 ὄρνιν
1472 2463 1612 2519 ’τινά
1646 2478 1660 2492 ⁸
1733 2462 1794 2519 ού
1849 2462 1957 2536 μὴν

322 2546 625 2613 Ἰουδαϊκῶς
681 2548 716 2605 ἃ
785 2541 1131 2630 Ἑλληνικῶς,
1178 2550 1315 2609 ἀλλὰ
1354 2550 1611 2634 φιλοθέως
1662 2553 1750 2608 καὶ
1803 2554 1957 2609 εύσε-

318 2635 451 2703 ϐῶς.
508 2638 673 2697 Ἀλλὰ
713 2641 801 2696 καὶ
868 2642 929 2696 τὸ
986 2639 1313 2698 συνδειπνεῖν
1373 2642 1462 2699 καὶ
1520 2641 1800 2698 συνεσθίειν
1870 2640 1959 2695 καὶ

320 2729 694 2803 συμποσιάζειν
735 2731 857 2795 τοὺς
899 2732 1060 2808 ἱερεῖς
1090 2744 1206 2795 τοῖς
1237 2729 1458 2797 λα’ίκοῖς
1499 2729 1554 2786 ἐν
1583 2744 1703 2796 ταῖς
1746 2731 1957 2810 ἑορταῖς

317 2819 406 2874 καὶ
448 2817 501 2873 ἐν
542 2831 659 2882 τοῖς
707 2820 920 2896 γάμοις,
982 2818 1241 2900 εὐλαϐῶς,
1298 2821 1386 2877 καὶ
1443 2820 1577 2897 μετᾶ
1634 2819 1957 2896 σεμνότητος

316 2906 618 2983 πρεπούσης
662 2908 867 2976 αὐτοῖς,
931 2906 1273 2986 εὖλογοῦντας
1332 2909 1424 2965 τὸν
1490 2908 1643 2987 Θεὸν,
1688 2907 1959 2965 ἀκώλυτόν

2043 2185 2270 2248 corium
2323 2185 2475 2247 forte
2528 2184 2762 2263 solum;
2819 2186 2869 2248 si
2917 2205 3112 2268 neque
3152 2188 3288 2263 hoc,
3322 2185 3681 2260 columbam,

2041 2285 2141 2336 aut
2170 2275 2344 2337 aliam
2368 2293 2534 2336 avem
2576 2274 2831 2355 aliquam
2857 2297 2871 2336 :
2897 2294 3016 2337 non
3048 2274 3550 2356 quidemJudaice
3582 2283 3686 2336 aut

2042 2363 2245 2427 Graece
2265 2377 2308 2443 ι’,
2342 2362 2445 2425 sed
2466 2381 2562 2443 pie
2586 2381 2654 2425 ac
2684 2363 2981 2443 religiose.
3006 2364 3182 2429 Enim
3215 2382 3352 2425 vero
3387 2363 3560 2426 etiam
3584 2382 3681 2426 sa-

2040 2454 2310 2515 serdotes
2330 2452 2508 2513 simul
2530 2471 2665 2514 cum
2687 2452 2857 2515 laicis
2877 2472 3106 2515 caenam
3130 2462 3188 2515 et
3207 2454 3406 2515 cibum
3424 2470 3682 2526 sumere,

2038 2560 2107 2604 ac
2165 2540 2462 2603 convivari
2519 2540 2580 2601 in
2634 2541 2819 2613 festis,
2878 2550 2939 2604 et
2997 2541 3240 2623 nuptiis,
3290 2541 3579 2615 modeste,
3632 2548 3689 2604 et

2041 2650 2175 2693 cum
2226 2630 2463 2692 decenti
2507 2630 2810 2709 gravitate,
2843 2630 2966 2694 Deo
3016 2632 3232 2711 gratias
3260 2640 3526 2711 agentes,
3563 2649 3683 2691 non

2042 2719 2457 2802 prohibentur.
2488 2718 2615 2781 Nisi
2661 2720 2941 2782 collatitia
2987 2720 3108 2781 sint
3138 2721 3423 2796 convivia,
3458 2727 3557 2781 aut
3586 2738 3684 2781 se-

2042 2808 2252 2872 cundaa
2296 2810 2520 2889 nuptiae
2538 2816 2673 2871 'aut
2700 2808 2896 2889 aliqua
2926 2809 2988 2871 in
3018 2810 3112 2871 his
3140 2809 3370 2871 ludicra
3395 2808 3687 2873 inducan-

2043 2908 2144 2963 tur
2174 2920 2188 2959 :
2216 2917 2348 2959 nam
2381 2917 2511 2979 quas
2530 2917 2599 2959 ex
2621 2897 2937 2961 collatione
2964 2908 2981 2949 ι
3000 2899 3151 2961 ﬁunt
3172 2900 3459 2976 convivia,
3478 2900 3686 2981 prohi-

1745 2998 1839 3077 ,εί
1882 2997 1961 3073 μὴ
2046 2988 2261 3077 bentur
2308 2989 2387 3051 55
2455 3005 2683 3077 canone
2735 2986 3106 3052 Laodicenze.
3167 2988 3239 3050 Et
3294 2990 3354 3049 in
3414 2989 3691 3051 secundis

318 3080 833 3163 δευτερογαμούντων
865 3086 977 3142 εἶεν
1021 3088 1069 3143 οἱ
1112 3087 1298 3166 γάμοι,
1355 3088 1398 3143 εί
1457 3086 1533 3162 μὰ
1578 3086 1794 3165 παίγνιά
1845 3109 1959 3144 τινα

2046 3076 2267 3158 nuptiis
2315 3076 2610 3139 convivari
2667 3077 2960 3138 sacerdoti
3006 3097 3124 3139 non
3156 3078 3553 3159 permittitur;
3587 3078 3691 3139 sed

316 3171 370 3228 ἐν
400 3172 605 3238 τούτοις
648 3173 943 3255 εἰσάγονται
977 3191 991 3205 “
1052 3177 1118 3232 τὰ
1176 3176 1275 3255 γὰρ
1330 3175 1391 3232 ἐκ
1416 3173 1716 3251 συμϐουλῆς
1744 3175 1808 3227 45
1836 3199 1959 3251 συμ-

2048 3168 2098 3231 si
2127 3166 2360 3248 quando
2391 3167 2452 3227 in
2484 3166 2691 3247 primis
2735 3167 2958 3247 nuptiis
2988 3168 3348 3248 convivetur,
3399 3168 3694 3230 festivitati

316 3261 481 3319 πόσια
509 3262 641 3318 κατὰ
683 3264 775 3319 τὸν
805 3254 883 3319 νε’
906 3269 1006 3331 τῆς
1050 3264 1105 3320 ἐν
1143 3254 1419 3321 Λαονδιιιεία
1471 3265 1667 3321 κανόνα
1717 3263 1959 3322 κωλύον-

2044 3256 2536 3334 intererit,donec
2584 3255 2905 3335 thymelici,
2946 3256 3113 3334 juxta
3142 3257 3692 3337 quinquagesimum

316 3373 425 3410 ται.
481 3352 579 3409 Καὶ
627 3351 681 3407 ἐν
733 3359 810 3427 τῷ
858 3350 1080 3431 δευτέρῳ
1134 3351 1189 3410 δὲ
1233 3355 1390 3431 γάμῳ
1445 3356 1473 3410 ὁ
1517 3354 1679 3433 ἱερεὺς
1723 3353 1782 3410 οὒ
1835 3376 1959 3411 συν-

2046 3357 2320 3430 quartum
2378 3361 2671 3433 canonem
2726 3343 3079 3406 Laodicenaa
3107 3346 3337 3425 synodi)
3375 3355 3432 3406 et
3463 3346 3695 3407 ludicra

318 3440 506 3496 εσθίειν
537 3439 872 3520 ἐπιτρέπεται
909 3463 921 3475 ⁸
969 3441 1106 3500 ἀλλὰ
1172 3444 1259 3499 καὶ
1302 3443 1356 3499 ἐν
1398 3456 1517 3506 τοῖς
1569 3431 1805 3521 πρώτοις
1865 3444 1959 3521 γά-

2046 3436 2523 3503 introducantur.
2566 3431 2675 3503 Qui
2699 3440 2911 3521 praeter
2940 3434 3067 3495 haec
3096 3433 3253 3511 facit,
3282 3434 3693 3496 excommuni-

320 3550 439 3605 μοις
492 3527 558 3595 ἦν
621 3550 751 3585 ποτε
811 3531 1149 3607 συμποσιάσῃ
1206 3533 1294 3588 καὶ
1360 3520 1788 3613 εὐφρανθήσεται,
1863 3520 1959 3595 ἕως

2049 3537 2232 3599 catur,
2269 3532 2327 3586 et
2345 3522 2646 3585 canonicaa
2674 3520 2986 3601 subjicitur
3007 3541 3295 3586 censure.

318 3614 600 3693 μέλλουσιν
632 3618 942 3697 εἰσαχθῆναι
975 3621 1127 3691 (κατὰ
1153 3622 1246 3677 τὸν
1275 3618 1350 3677 νδ⁹
1379 3607 1575 3677 κανόνα
1602 3628 1707 3685 τῶς
1739 3621 1792 3678 ἐν
1822 3619 2093 3692 Λαοδιδείᾳ
2122 3614 2363 3693 συνόδου)
2408 3616 2451 3669 οἱ
2482 3610 2773 3690 θυμελικοὶ,
2809 3614 2896 3667 καὶ
2967 3614 3033 3669 τὰ
3095 3616 3335 3693 παίγνια.
3387 3607 3443 3672 Ὀ
3475 3612 3529 3691 δὲ
3559 3615 3698 3692 παρὰ

310 3705 476 3767 1ια’ἱτα
502 3712 671 3764 ποιῶν
699 3705 1017 3786 ἀφορίζεται,
1061 3710 1150 3767 καὶ
1177 3709 1479 3785 ἐπιτιμᾶται
1508 3716 1817 3777 κανονικῶς.

400 3795 737 3873 Ἦρώτησας,
786 3796 1152 3876 εὐλαϐέστατε,
1226 3798 1308 3857 ὅτι
1379 3801 1594 3881 Τρύφων
1649 3822 1754 3879 τις,
1827 3799 1959 3857 οὕτω

2126 3787 3091 3881 Interrogasti,religiosissime,_de
3113 3790 3428 3873 Tryphona
3447 3791 3698 3875 quodam

319 3884 667 3963 καλούμενος,
739 3884 1129 3963 ἐμνηστεύσατο
1187 3888 1349 3969 κόρην
1404 3877 1569 3959 ἆτελῆ
1611 3891 1711 3958 την
1741 3877 1959 3957 νὴλικίαν

2048 3883 2151 3965 qui
2181 3881 2269 3945 sic
2298 3879 2640 3969 vocabatur,
2703 3895 2841 3969 eum
2894 3877 3122 3940 scilicet
3167 3881 3559 3963 despondisse
3589 3881 3703 3943 sibi

322 3974 480 4032 οὖσαν
518 3989 529 3999 ⁸
589 3975 678 4030 καὶ
721 3976 886 4050 μήπω
931 3975 1221 4056 ἱερολογίας
1256 3966 1593 4057 γενομένης,
1654 3977 1788 4054 μηδὲ
1839 4000 1959 4033 συν-

2050 3969 2414 4053 imperfectze
2468 3967 2655 4029 aetatis
2687 3966 2965 4057 puellam,
3030 3987 3278 4052 eamque
3310 3972 3570 4034 nondum
3603 3990 3700 4032 se-

320 4065 529 4144 αφείας,
560 4062 896 4131 ἐτελεύτησεν
957 4067 992 4133 ἡ
1050 4067 1183 4145 κόρη
1222 4082 1235 4096 '
1283 4069 1369 4124 καὶ
1414 4064 1597 4123 ἔλαϐεν
1654 4070 1682 4124 ὁ
1753 4067 1959 4147 Τρύφων

2052 4067 2187 4123 cuta
2217 4056 2779 4147 benedictione‘vel
2826 4057 3033 4137 copula
3064 4058 3437 4141 discessisse,
3465 4069 3523 4123 et
3551 4060 3699 4140 Try-

322 4152 503 4231 ἑτὲραν
546 4164 801 4231 γυναῖκα,
829 4155 918 4211 καὶ
945 4144 1127 4211 τέτοκε
1167 4156 1445 4235 θυγατέρα.
1509 4158 1607 4214 Καὶ
1662 4157 1695 4224 ἡ
1738 4144 1959 4235 θυγάτηρ

2053 4151 2311 4235 ριιοοεω
2333 4147 2509 4207 aliam
2535 4144 2774 4235 duxisse
2791 4164 3067 4227 uxorem,
3098 4166 3229 4228 quae
3248 4149 3479 4230 peperit
3495 4150 3700 4211 tiliam.

326 4240 459 4309 αὕτη
529 4248 623 4299 τοῦ
695 4242 968 4322 Τρύφωνος
1031 4234 1368 4323 συζεύγνυται
1416 4251 1492 4319 τῷ
1560 4234 1959 4325 πρωτεξαδέλφιξ

2052 4237 2247 4319 Ipsam
2270 4234 2617 4316 Tryphonis
2639 4234 3139 4325 tiliam_conjungi
3156 4256 3291 4299 cum
3316 4239 3529 4319 puellae
3551 4239 3706 4301 illius

323 4336 423 4397 τῆς
481 4331 643 4411 κόρης
713 4331 941 4412 ἐκείνης,
1000 4331 1120 4399 ἥτις
1176 4322 1663 4412 προμνηστευθεῖσα
1718 4334 1795 4408 τῷ
1835 4322 1959 4411 Τρύ-

2055 4325 2438 4399 consobrino,
2466 4342 2599 4412 quae
2620 4322 3111 4412 ptius‘Tt‘yphoni
3130 4326 3488 4407 desponsata
3505 4327 3566 4389 in
3584 4328 3703 4389 im-

324 4440 482 4500 φωνι,
515 4406 569 4474 ἐν
616 4417 800 4475 ἀτελεῖ
963 4420 1145 4495 ἡλικίᾳ
1190 4406 1528 4489 τετελεύτηκε
1562 4438 1576 4452 ⁹
1626 4423 1714 4478 καὶ

2058 4415 2315 4496 perfecta
2343 4420 2514 4475 aetate
2542 4410 2708 4474 obiit.
2727 4410 3062 4500 WQuaesiisti
3104 4406 3359 4488 discere,
3392 4434 3466 4478 an
3496 4418 3707 4477 vetitus

327 4528 422 4572 σας
466 4511 681 4583 μαθεῖν,
747 4510 792 4564 εἰ
857 4507 1116 4566 κωλύεται
1186 4512 1249 4566 τὸ
1302 4518 1535 4567 τοιοῦτον
1603 4509 1947 4589 συνάλλαγμα

2056 4504 2127 4565 sit
2165 4503 2301 4565 talis
2328 4509 2690 4563 contractus.
2725 4499 2794 4561 Et
2826 4500 3212 4565 rescribimus
3247 4522 3260 4566 :
3289 4508 3335 4564 si
3374 4504 3709 4583 sponsailla

334 4596 432 4653 Καὶ
467 4593 576 4651 ἰδοὺ
606 4596 876 4676 γράφομεν
905 4619 1011 4677 σοι,
1072 4596 1153 4654 ὅτι
1209 4598 1298 4655 ἐὰν
1349 4598 1545 4667 ἀτελὴς
1586 4599 1652 4667 ἧν
1707 4598 1881 4666 ἐκείνη
1937 4600 1959 4654 ’ἱ

2057 4612 2175 4655 non
2206 4591 2315 4653 fuit
2344 4591 2452 4653 viri
2512 4599 2739 4673 potens,
2792 4590 3046 4653 necdum
3107 4592 3444 4672 nuptiarum
3496 4611 3703 4674 capax,

330 4684 569 4760 μνηστὴ,
640 4687 727 4742 καὶ
782 4684 927 4742 οὔπω
980 4685 1140 4755 δεκτὴ
1198 4688 1392 4767 γάμου,
1438 4688 1766 4768 παράνομος,
1825 4688 1891 4755 ἧν
1936 4688 1959 4743 ὖ

2055 4681 2279 4762 injusta
2308 4698 2440 4742 esse
2473 4678 2771 4761 sponsalia
2794 4682 2833 4720 ι’
2868 4686 2926 4741 et
2950 4697 3055 4768 pro
3089 4680 3268 4741 nullis
3305 4680 3535 4755 haberi,
3571 4682 3706 4743 nul-

328 4773 610 4849 μνηστείεί,
655 4776 741 4833 καὶ
767 4774 882 4831 ἀντ’
928 4773 1135 4840 οὒδενὸς
1189 4767 1557 4855 λογισθήσεται
1590 4795 1607 4812 ο
1659 4778 1744 4832 καὶ
1802 4775 1954 4832 οὒκέτ

2059 4771 2298 4852 lumque
2327 4769 2567 4833 obstare
2588 4768 2643 4830 ei
2676 4767 3005 4829 contractui
3025 4768 3539 4851 impedimentum,
3566 4771 3707 4852 quin

325 4860 548 4939 κώλυμα
592 4860 738 4922 οὐδὲν
782 4866 855 4928 είς
907 4866 970 4921 τὸ
1026 4872 1265 4924 τοιοῦτον
1322 4864 1666 4945 συνάλλαγμα
1696 4910 1713 4941 ,
1783 4867 1873 4922 καὶ
1939 4866 1959 4921 ὖ

2059 4858 2396 4940 Tryphonis
2428 4858 2549 4920 ﬁlia
2578 4858 2743 4921 licite
2774 4856 2959 4921 nubat
2987 4856 3147 4922 illius
3177 4859 3557 4923 consobrino.

329 4950 563 5030 θυγάτηρ
593 4961 686 5011 τοῦ
710 4954 985 5033 Τρύφωνος
1036 4953 1323 5020 ἀκωλύτως
1372 4953 1627 5031 λαμϐάνει
1655 4956 1745 5011 τὸν
1775 4955 1984 5033 πρῶτον

324 5039 530 5108 ἐκείνης
559 5037 859 5123 ἐξάδελφον,

317 2993 480 3053 ἐστιν.
518 2997 574 3052 Εἰ
604 2997 682 3070 μὴ
713 2997 774 3052 ἐκ
802 2994 1100 3072 συμϐουλῆς
1131 2996 1192 3047 Μ
1218 2996 1332 3054 ἐστι
1362 2998 1428 3054 τὰ
1472 2998 1760 3073 συμπόσια,
1796 2998 1839 3052 εί
1882 2997 1961 3073 μὴ

1663 5207 1919 5273 VARIE
1962 5206 2397 5273 LECTIONES.

419 5324 482 5375 M
512 5326 804 5403 συμϐολῆς.
854 5328 1229 5407 θσυμϐολῆς.
1954 5332 1955 5335 Ἴ

404 5465 429 5494 θ
457 5458 889 5538 provinciali...
916 5479 1056 5525 cum
1078 5461 1223 5525 aliis
1255 5460 1503 5526 omnino
1531 5460 1729 5523 rebus.
1809 5484 1834 5526 q
1861 5464 1985 5522 tum
2002 5456 2428 5523 oblationibus.
2451 5477 2475 5505 τ
2497 5474 2736 5539 pagano
2770 5476 2961 5523 more.
2997 5472 3017 5501 ⁸
3043 5463 3301 5527 secundo
3329 5462 3711 5529 nubenlium.

324 5562 343 5598 ι
383 5566 459 5612 ea:
486 5547 756 5614 collecta.
788 5564 818 5596 ιι
847 5550 1172 5634 illegitima
1192 5552 1379 5631 fuisse
1396 5548 1731 5632 sponsalia.

1972 5766 2055 5778 —
2292 5758 2333 5791 ο
