4160 6212
412 326 555 394 1011

489 559 699 640 Magni
748 558 1055 638 quondam
1106 556 1432 637 drungarii
1484 555 1686 637 viglaz,
1718 560 1773 618 et
1796 554 1990 635 primi
2018 569 2056 615 a

408 649 677 728 secretis,
716 647 927 710 Oratio
979 647 1062 708 ad
1107 664 1230 721 eos,
1290 646 1397 726 qui
1425 644 1778 709 naturalem
1805 644 2056 708 seminis

411 740 644 807 ﬂuxum
668 734 1115 799 immunditiam
1138 735 1510 798 existimant.

489 825 623 888 Noli
642 824 842 905 justus
900 842 1032 886 esse
1079 824 1329 885 multum
1359 835 1406 899 ιι,
1442 842 1637 905 neque
1692 821 1897 902 regula
1926 820 2055 902 ipsa

406 912 779 994 rectior.;Haa
806 921 947 977 sunt
978 912 1287 977 sententiae
1310 912 1736 993 praestantioris
1759 919 1814 973 et
1845 918 2059 972 nostra;

407 1004 737 1087 sapientia.
797 1001 965 1076 Quod
1022 1001 1073 1063 si
1121 1008 1543 1066 extraneorum
1604 999 1913 1082 quidpiam
1971 998 2059 1060 eis

407 1092 769 1157 assuendum
797 1092 873 1153 sit
895 1092 1031 1171 (nec
1053 1092 1213 1153 enim
1248 1109 1379 1172 quae
1401 1090 1637 1151 illorum
1665 1098 1822 1163 sunt,
1861 1088 2061 1150 omnia

408 1181 756 1263 rejicienda)
770 1179 876 1242 :Ne
887 1180 1032 1261 quid
1049 1179 1548 1252 nimis.Quorsum
1566 1186 1759 1239 autem
1778 1178 1893 1239 hoc
1914 1176 2061 1238 mihi

410 1269 762 1354 prmludium
796 1277 906 1343 est,
941 1267 1379 1350 quamprimum
1422 1267 1674 1329 dicetur.
1709 1266 1870 1328 Multi
1899 1266 2058 1327 enim

411 1377 644 1434 eorum,
682 1358 784 1439 qui
825 1358 1184 1420 exactiorem
1237 1357 1650 1419 monachicam
1684 1355 2059 1435 disciplinam

409 1448 627 1514 sectari
655 1446 952 1521 videntur,
990 1457 1048 1507 et
1077 1445 1261 1507 veluti
1288 1445 1361 1508 ad
1393 1444 1717 1526 spiritalius
1746 1445 2056 1519 inclinant,

410 1546 476 1602 ut
505 1534 944 1598 immunditiem
987 1535 1269 1615 aliquam,
1302 1535 1632 1597 naturalem
1664 1533 1911 1595 seminis
1942 1535 2059 1594 ﬂu-

408 1646 551 1690 xum
577 1623 940 1687 arbitrantur
969 1640 982 1682 :
1036 1642 1155 1684 non
1203 1624 1391 1684 solum
1421 1622 1656 1702 quando
1686 1641 1819 1685 cum
1847 1622 2059 1702 imagi-

410 1713 654 1778 natione
681 1712 881 1793 aliqua
918 1711 1254 1791 contigerit,
1290 1711 1393 1775 sed
1430 1719 1486 1773 et
1515 1712 1565 1774 si
1595 1711 1817 1792 absque
1846 1710 2058 1789 imagi-

411 1804 676 1867 natione.
733 1802 929 1881 Atque
978 1800 1126 1863 adeo
1186 1800 1483 1882 pollutum
1537 1800 1875 1862 existimant
1901 1818 2060 1875 eum,

1786 331 1820 393 J
1825 329 1917 394 US
1957 326 2403 394 CANONIGUM

888 463 1190 532 JOANNIS
1225 463 1569 529 ZONARIE.
2076 470 2120 520 Α

3304 305 3345 330 Ι

3627 327 3787 395 1012

2578 476 2873 550 ιᾳΑΝΝοΥ
2900 476 3029 528 τοι·
3059 474 3344 528 zonam.

2143 583 2171 615 α
2204 568 2307 619 Τοῦ
2335 562 2615 642 γεγονότος
2645 561 2880 642 μεγάλου
2912 559 3249 643 δρουγγαρίου
3299 568 3396 631 τῆς
3437 558 3650 643 βίγλας,
3693 564 3788 643 καὶ

2218 643 2710 723 πρωτοασηκρῆτις,
2746 643 2914 722 Λόγος
2943 642 3077 723 πρὸς
3119 643 3240 708 τοὺς
3285 644 3382 713 τὴν
3426 643 3656 723 φυσικὴν
3684 642 3786 710 τῆς

2216 727 2379 801 γονῆς
2410 722 2600 802 ἐκροὴν
2630 722 2836 799 μίασμα
2864 722 3213 803 ἡγουμένους.
3249 745 3277 778 ι

2216 818 2306 884 Μὴ
2361 817 2506 894 γίνου
2549 814 2744 881 δίκαιος
2804 816 2962 894 πολὺ,
3007 815 3145 893 μηδὲ
3207 816 3353 897 γίνου
3411 823 3503 874 τοῦ
3562 817 3785 880 κανόνος

2141 905 2432 986 εύθύτερος.
2496 914 2709 982 Γνῶμαι
2779 915 2942 965 ταῦτα
3010 908 3105 976 τῆς
3178 907 3541 988 εὖγενεστέρας
3596 906 3784 987 σοφίας

2142 996 2229 1051 καὶ
2270 995 2531 1074 ἡμετέρας
2561 995 2709 1054 εἰσίν.
2748 998 2805 1054 Εἰ
2860 995 2915 1053 δὲ
2958 995 3041 1054 δεῖ
3097 1011 3402 1077 παρενεϊραι
3456 997 3661 1059 τούτοις
3729 1018 3789 1053 τι

2142 1086 2228 1141 καὶ
2283 1090 2387 1141 τῶν
2444 1084 2628 1151 ἔξωθεν
2686 1083 2824 1166 (οὖδὲ
2869 1086 2968 1166 γὰρ
3010 1086 3182 1144 πάντα
3237 1087 3302 1143 τὰ
3369 1087 3582 1143 ἐκείνων
3652 1086 3795 1142 ἀπό-

2142 1171 2362 1254 ϐλητα),
2397 1173 2573 1242 Μηδὲν
2598 1171 2753 1253 ἄγαν,
2813 1173 2929 1255 Ἐφ’
2986 1180 3032 1250 ᾧ
3072 1174 3126 1232 δέ
3170 1199 3260 1251 μοι
3316 1182 3480 1234 ταῦτα
3535 1197 3781 1255 προανα-

2141 1264 2470 1343 κέκρουσται,
2532 1264 2716 1321 αὖτίκα
2771 1263 2836 1332 δὴ
2877 1264 3022 1341 μάλα
3061 1265 3368 1343 ῥηθήσεται.
3430 1263 3624 1321 Πολλοὶ
3678 1268 3791 1319 τῶν

2142 1351 2505 1432 ἀκριϐέστερον
2547 1354 2692 1434 τάχα
2750 1352 2987 1430 μετιέναι
3043 1351 3336 1411 δοκούντων
3392 1354 3490 1421 τὴν
3548 1374 3791 1433 μοναχι-

2142 1442 2244 1509 κήν
2287 1442 2581 1523 πολιτείαν,
2635 1444 2723 1499 καὶ
2778 1442 3043 1521 ῥεπόντων
3096 1445 3211 1501 οἷον
3262 1445 3394 1523 πρὸς
3451 1444 3512 1500 τὸ
3555 1463 3801 1518 πνευμα-

2142 1530 2448 1611 τικώτερον,
2509 1534 2583 1595 ὡς
2644 1533 2851 1609 μίασμά
2909 1555 2958 1588 τι
3012 1531 3113 1599 τὴν
3184 1533 3408 1613 φυσικὴν
3461 1535 3561 1601 τῆς
3629 1533 3798 1609 γονῆς

2143 1621 2434 1696 νομίζουσιν
2506 1620 2720 1697 ἐκροήν.
2802 1624 2900 1681 Καὶ
2977 1623 3037 1679 οὐ
3093 1621 3252 1698 μόνον
3309 1620 3397 1678 ὅτε
3448 1621 3583 1698 μετά
3647 1642 3797 1684 τινος

2143 1710 2429 1788 φαντασίας
2468 1708 2667 1791 συμϐῇ,
2724 1708 2841 1767 ἀλλ’
2902 1710 3131 1778 ὁπηνίκα
3186 1712 3275 1766 καὶ
3336 1710 3620 1791 φαντασίας
3678 1732 3799 1789 χω-

2146 1799 2221 1879 ρίς
2256 1818 2271 1834 ο
2329 1801 2418 1856 καὶ
2446 1809 2693 1859 τοσοῦτον
2751 1804 2933 1864 αὐτοῖς
2988 1802 3016 1856 6
3076 1810 3230 1859 τοῦτο
3270 1800 3451 1856 παθὼν
3508 1798 3795 1875 μεμιάνθαι

412 1894 512 1977 qui
537 1891 598 1953 id
657 1907 868 1971 passus
912 1897 1046 1971 est;
1096 1898 1159 1950 ut
1211 1908 1330 1951 non
1395 1908 1531 1951 eum
1562 1890 1739 1952 modo
1764 1898 2067 1977 arceanta

2158 1889 2472 1969 νενόμισθαι,
2517 1890 2591 1953 ὡς
2619 1889 2696 1965 μὴ
2729 1890 2889 1965 μόνον
2920 1894 3026 1977 τῆς
3066 1895 3172 1945 τῶν
3214 1888 3559 1968 ἀγιασμάτων
3599 1887 3798 1968 εἵργειν

412 1970 952 2048 sanctiﬁcationum
977 2007 1002 2039 v
1034 1970 1521 2059 participatione,
1576 1979 1683 2041 sed
1728 1979 1853 2060 jam
1885 1970 2067 2059 aliqui

2158 1978 2306 2034 αὐτὸν
2362 1976 2739 2058 μεταλήψεως,
2797 1976 2916 2035 ἀλλ’
2971 1976 3075 2047 ἤδη
3128 1978 3267 2042 τινὲς
3332 1979 3420 2036 καὶ
3473 1977 3800 2057 προσψαύειν

410 2074 704 2155 attingere
730 2072 925 2155 ipsum
953 2073 1213 2135 divinam
1236 2096 1260 2126 κ
1279 2074 1600 2153 imaginem
1634 2073 1990 2154 prohibeant
2016 2082 2061 2135 ν.

2158 2067 2303 2122 ιῦτὸν
2385 2064 2581 2132 εἰκόνος
2671 2066 2811 2132 Θείας
2897 2066 3224 2147 ἀπείργουσι.
3321 2065 3469 2125 Οῧτω
3554 2065 3801 2144 κέκριται

410 2163 496 2227 Ita
549 2162 994 2225 immunditiam
1044 2163 1338 2243 judicant,
1419 2163 1750 2226 naturalem
1817 2161 2065 2224 seminis

2158 2159 2352 2222 τούτοις
2408 2159 2699 2239 ἀκαθαρσία
2752 2162 2788 2229 ἡ
2860 2161 3053 2241 φυσικὴ
3113 2170 3205 2220 τοῦ
3248 2158 3545 2237 σπέρματος
3614 2158 3798 2243 ’έκκριέ

412 2250 839 2315 excretionem.
872 2242 1304 2332 Disputandum
1335 2270 1473 2314 vero
1506 2271 1639 2314 cum
1670 2251 1787 2326 his,
1818 2251 2063 2314 demon-

2158 2269 2248 2311 τις.
2313 2246 2626 2306 Διαλεκτέον
2696 2247 2750 2305 δὲ
2821 2249 3050 2325 τούτοις,
3107 2252 3195 2305 καὶ
3238 2246 3490 2321 δεικτέον,
3556 2249 3629 2311 ὡς
3688 2242 3799 2303 οὔτ’

412 2340 866 2422 strandumque,
898 2341 1058 2402 hunc
1096 2341 1371 2403 affectum
1393 2360 1587 2423 neque
1603 2359 1842 2423 semper
1862 2340 2062 2402 incul—-

2158 2336 2228 2392 ἀεὶ
2282 2338 2343 2393 τὸ
2403 2338 2568 2399 πάθος
2624 2337 2965 2417 ἐνέγκλητον,
3025 2336 3137 2395 οὔτ’
3206 2336 3500 2418 ἀδιαφόρως
3560 2339 3589 2393 6
3645 2342 3800 2393 τοῦτο

412 2436 614 2511 patum
666 2446 820 2505 esse,
854 2446 1052 2510 neque
1113 2429 1484 2507 indistincte,
1521 2432 1623 2512 qui
1676 2448 1810 2493 eum
1860 2448 2069 2511 passus

2158 2426 2354 2499 παθὼν,
2404 2428 2504 2483 ὑπὸ
2547 2428 2879 2504 ἐπιτίμησιν.
2924 2428 2995 2486 Τὸ
3054 2428 3153 2504 μὲν
3209 2428 3331 2507 γὰρ,
3392 2428 3464 2491 εἷς
3509 2426 3800 2499 ἒμπάθειαν

413 2517 929 2598 est,puniendum.
982 2518 1134 2582 Illud
1166 2519 1326 2580 enim
1354 2520 1687 2582 exhortatio
1709 2558 1730 2587 κ
1755 2519 1826 2580 ad
1860 2517 2069 2580 libidi-

2158 2516 2423 2595 προτροπή
2459 2531 2473 2545 ⁵
2520 2518 2581 2573 τὸ
2611 2515 2666 2573 δέ
2714 2538 2774 2595 γε
2828 2515 3035 2591 λοιπὸν,
3096 2514 3503 2596 προοδοποίησις
3559 2514 3804 2593 ἀπογνώ-

414 2624 552 2668 nem
581 2625 595 2669 :
632 2607 927 2685 reliquum
956 2615 1176 2683 autem,
1220 2608 1327 2670 viae
1355 2610 1731 2689 praeparatio
1753 2608 1824 2670 ad
1850 2607 2067 2688 despe-

2158 2624 2310 2669 σεως.
2330 2606 2418 2661 “Ei
2449 2606 2547 2683 γὰρ
2586 2607 2619 2687 ‘6
2689 2604 3049 2685 ἀπροαιρέτως
3097 2605 3303 2684 ἀνάγκη
3356 2602 3634 2670 δουλεύσας
3698 2608 3798 2672 τῆς

412 2695 727 2758 rationem.
762 2694 825 2758 Si
856 2697 1020 2757 enim
1062 2696 1164 2777 qui
1197 2716 1315 2758 non
1348 2715 1454 2758 sua
1483 2706 1693 2777 sponte
1725 2696 2070 2760 necessitati

2158 2693 2380 2772 φύσεως,
2454 2696 2542 2750 καὶ
2611 2692 2890 2760 διαθέσεως
2987 2696 3154 2775 χωρὶς
3227 2693 3485 2771 ἐμπαθοῦς
3569 2694 3799 2757 ὑποστὰς

413 2792 640 2847 naturae
692 2782 1015 2863 subjectus,
1076 2792 1136 2845 et
1165 2783 1295 2846 sine
1330 2785 1669 2865 perturbata
1698 2813 1728 2843 ε
1758 2785 2070 2848 affectione

2158 2782 2554 2860 περιττώματος
2650 2780 2907 2863 ἔκκρισιν,
2993 2783 3281 2863 ἀκάθαρτος
3366 2782 3628 2863 κέκριται,
3715 2784 3802 2841 καὶ

415 2890 623 2954 passus
652 2872 1018 2934 excrementi
1050 2874 1444 2953 egestionem,
1475 2874 1823 2936 immundus
1836 2873 2069 2954 judica-

2158 2878 2250 2939 τῆς
2302 2875 2590 2952 ἁγιστείας,
2637 2875 2772 2931 κατά
2826 2876 2947 2941 τοὺς
3018 2872 3296 2940 δοκοῦντας
3351 2872 3589 2955 ἀκριϐεῖς
3660 2872 3804 2931 ἐκϐέ-

415 2971 536 3038 tur,
569 2968 628 3025 et
656 2981 727 3024 ex
754 2962 1053 3025 sententia
1082 2962 1450 3025 exactiorum
1488 2962 1796 3025 doctorum
1832 2962 2067 3044 repelli-

414 3060 575 3114 tura
627 3051 1096 3113 sanctiﬁcatione
1150 3073 1164 3112 :

418 3140 825 3222 desperaverit
892 3141 1166 3216 salutem,
1254 3139 1354 3222 qui
1405 3139 1674 3202 libidinis
1727 3140 1953 3222 impetu
2008 3141 2071 3202 in

418 3231 617 3295 simile
635 3230 839 3292 vitium
856 3230 1250 3312 inciderit,vel
1276 3240 1490 3310 sponte
1511 3232 1571 3291 in
1592 3232 2071 3294 commistionem

418 3320 716 3401 collapsus
735 3318 959 3381 fuerit?
994 3318 1057 3383 Si
1099 3318 1301 3399 igitur,
1334 3319 1475 3381 boni
1505 3320 1635 3401 viri,
1676 3338 1747 3383 ex
1773 3340 2069 3384 canonum

417 3410 776 3491 ignorantia,
798 3409 927 3472 haec
960 3408 1131 3472 vobis
1153 3409 1475 3472 constituta
1497 3417 1555 3471 et
1577 3409 1866 3491 disposita
1885 3417 2023 3472 sunt
2055 3431 2068 3470 :

420 3499 663 3575 docere,
701 3506 758 3561 et
808 3498 1122 3563 ratiocinia
1149 3501 1176 3544 ιν
1205 3498 1504 3579 accipere,
1571 3507 1629 3561 et
1662 3500 2075 3580 peccatoribus

420 3592 686 3670 irrogare
719 3606 949 3670 poenas,
982 3588 1149 3650 vobis
1174 3608 1292 3650 non
1327 3588 1643 3651 convenit:
1681 3589 2073 3669 quemadmo-

421 3678 562 3741 dum
595 3697 707 3741 nec
738 3678 1051 3755 medicari,
1107 3678 1254 3741 artis
1298 3678 1547 3740 medicae
1577 3677 1873 3758 imperito.
1910 3678 2077 3752 Quod

423 3769 474 3830 si
507 3767 795 3847 scientes,
830 3765 929 3827 ubi
965 3785 1227 3828 canones
1286 3766 1543 3844 genitale
1576 3768 1927 3847 proﬂuvium
1963 3786 2078 3849 pu-

422 3857 618 3932 niunt,
683 3862 741 3917 et
794 3853 896 3917 ubi
975 3873 1094 3916 non
1154 3854 1431 3935 puniunt,
1501 3874 1602 3917 eos
1664 3863 1862 3917 tamen
1911 3855 2081 3918 velut

422 3943 757 4008 Platonicas
812 3942 996 4023 leges,
1055 3942 1250 4005 sinitis
1299 3943 1544 4022 negligi,
1604 3963 1637 4005 a
1677 3943 1842 4005 vobis
1875 3951 2073 4006 autem

419 4032 569 4116 ipsis
591 4050 799 4114 pinnas
830 4030 1105 4112 irrogatis
1160 4029 1255 4104 iis,
1292 4031 1392 4112 qui
1436 4031 1602 4093 vobis
1626 4031 1882 4113 subjecti
1917 4041 2075 4105 sunt,

423 4130 481 4185 et
505 4119 941 4201 legislatoribus
992 4119 1295 4182 contraria
1341 4120 1607 4196 sancitis,
1651 4120 1989 4202 divinisque
2021 4128 2081 4184 et

421 4210 609 4275 sacris
666 4208 939 4271 Patribus
996 4207 1369 4270 adversantia
1418 4208 1663 4272 facitis:
1731 4228 1847 4271 non
1900 4210 2076 4272 modo

426 4300 763 4363 animarum
798 4295 1123 4360 curationis
1180 4296 1429 4378 privatio
1476 4297 1647 4359 vobis
1696 4297 2079 4379 irrogabitur,

2153 2959 2346 3029 ὄληται
2401 2969 2506 3019 τῶν
2568 2965 2913 3042 καθηγητῶν,
2971 2966 2999 3020 6
3042 2964 3341 3043 περιπεσὼν
3393 2963 3446 3030 ἐξ
3514 2964 3802 3039 ἐμπαθείας

1226 3052 1530 3130 quomodo
1593 3042 1917 3132 propriam'
1950 3070 2068 3113 non

2158 3052 2320 3127 ὁμοίῳ
2387 3054 2681 3129 παθήματι,
2746 3053 2780 3122 ἢ
2838 3054 2926 3110 καὶ
2982 3042 3172 3133 γνώμῃ
3226 3054 3357 3133 πρὸς
3403 3052 3538 3128 μίξιν
3592 3051 3802 3109 κατολι-

2154 3140 2375 3221 σθήσας,
2434 3147 2548 3207 πῶς
2610 3142 2706 3199 οὐκ
2776 3141 2838 3198 ἂν
2893 3142 3151 3221 ἀπογνοίη
3210 3141 3306 3209 τὴν
3375 3142 3638 3222 σωτηρίαν
3706 3141 3805 3208 τὴν

2156 3230 2342 3285 ἑαυτοῦ
2377 3250 2393 3310 ;
2441 3232 2499 3288 Εἰ
2543 3230 2641 3307 μὲν
2699 3230 2814 3311 οὖν,
2871 3229 3157 3311 βέλτιστοι,
3211 3231 3317 3287 τῶν
3356 3229 3591 3287 κανόνων
3623 3228 3807 3307 ἀγνοίᾳ

2154 3315 2300 3375 ταῦθ’
2369 3321 2496 3395 ὑμῖν
2569 3320 2917 3396 νομοθέτηταί
2983 3341 3039 3376 τε
3124 3320 3212 3376 καὶ
3290 3319 3657 3395 ᾠκοσόμηται,
3745 3319 3805 3374 τὸ

2157 3410 2529 3489 καθηγεῖσθαι,
2616 3413 2703 3467 καὶ
2785 3408 3032 3489 δέχεσθαι
3115 3407 3426 3488 λογισμοὺς,
3511 3430 3601 3465 και
3683 3419 3803 3468 τοῖς

2159 3495 2541 3575 σφαλλομένοις
2594 3498 2812 3576 ἐπιτιμᾷ
2827 3528 2864 3579 ι,
2934 3500 3063 3575 ὑμῖν
3131 3503 3225 3558 οὒκ
3281 3497 3517 3555 ἐπέοικεν
3550 3513 3565 3527 ⁸
3626 3496 3803 3574 ὥσπερ

2159 3583 2265 3642 οὐδ’
2294 3586 2567 3664 ἰατρεύειν,
2599 3596 2675 3664 τῷ
2716 3593 2812 3656 τῆς
2856 3590 3096 3667 ἰατρικῆς
3154 3587 3356 3668 τέχνης
3387 3587 3791 3661 ἀνεπιστήμονι,

2161 3675 2220 3730 Εἰ
2263 3671 2317 3729 δὲ
2345 3676 2462 3739 τοὺς
2507 3678 2731 3742 κανόνας
2787 3675 3003 3758 εἰδότες,
3061 3678 3149 3733 καὶ
3205 3676 3315 3745 ὅπη
3368 3677 3571 3739 τούτοις
3618 3678 3654 3743 ἡ
3701 3680 3839 3742 τῆςτ

2160 3767 2323 3840 γονῆς
2380 3763 2700 3823 κεκόλασται
2759 3766 3011 3846 ἔκκρισις,
3058 3768 3147 3823 καὶ
3199 3764 3308 3833 ὅπη
3370 3765 3748 3841 ἀνεπιτίμητος
3784 3807 3797 3822 .

2159 3853 2315 3927 ὑμεῖς
2360 3854 2479 3916 τοὺς
2530 3855 2629 3930 μὲν
2671 3856 2856 3934 ἀργεῖν
2916 3854 3059 3935 ἐᾶτε,
3104 3856 3240 3912 κατά
3291 3856 3409 3919 τοὺς
3468 3854 3658 3931 νόμους
3713 3860 3801 3910 τοῦ

2162 3939 2467 4019 Πλάτωνος,
2532 3943 2624 4023 ἀφ’
2659 3945 2856 4001 ἑαυτῶν
2909 3942 2954 4000 δ’
3014 3943 3290 4019 ἐπιτιμᾶτε
3346 3956 3461 4009 τοῖς
3516 3941 3601 4023 ὑφ’
3645 3943 3801 4020 ὑμᾶς,

2159 4031 2247 4086 καὶ
2290 4030 2745 4109 ἀντινομοθετεῖτε
2788 4046 2905 4096 τοῖς
2962 4032 3289 4109 νομοθέταις,
3336 4034 3424 4089 καὶ
3478 4046 3596 4096 τοῖς
3649 4031 3802 4093 θείοις

2163 4122 2395 4198 Πατράσι
2451 4126 2539 4181 καὶ
2595 4127 2757 4203 ἱεροῖς
2801 4121 3252 4180 ἀντιδιατάττεσθε
3287 4141 3301 4156 ·
3361 4122 3419 4180 οὔ
3488 4122 3799 4201 προστασίας

2161 4214 2353 4290 ψυχῶν
2434 4211 2696 4278 ’έκπτωσις
2786 4213 2946 4289 μόνον
3030 4214 3177 4287 ὑμῶν
3247 4212 3801 4292 καταψηφισθήσεται,

2166 4296 2303 4355 ἀλλὰ
2330 4301 2419 4356 καὶ
2460 4314 2761 4365 κανονικοτς
2819 4301 3102 4377 ἐπιτιμίοις
3153 4301 3440 4357 ὑποπεσεῖν
3480 4303 3615 4375 ὑμᾶς
3676 4297 3803 4355 ἐπι-

420 4406 627 4450 verum
660 4386 836 4449 etiam
899 4384 1209 4448 canonicis
1259 4386 1450 4466 pcenis
1493 4386 1898 4467 subjiciendos
1948 4404 2070 4451 esse

2165 4390 2579 4470 ψηφισθήσεται,
2637 4391 2774 4448 κατά
2830 4391 2897 4447 τὰ
2977 4390 3094 4468 περὶ
3162 4390 3359 4446 τούτων
3428 4389 3542 4468 ἱερά
3620 4386 3808 4444 διατά-

421 4495 525 4540 vos
552 4476 932 4565 decernetur,
959 4476 1126 4556 juxta
1150 4493 1352 4565 sacras
1364 4475 1455 4565 ~de
1479 4475 1573 4537 his
1594 4476 2070 4539 constitutiones.

420 4566 545 4629 Nec
603 4566 761 4629 enim
824 4564 1149 4648 quidquam
1203 4562 1278 4626 iis
1348 4562 1686 4627 addendum
1746 4573 1855 4639 est,
1911 4565 2077 4644 juxta

423 4653 682 4718 divinam
703 4655 1094 4736 Scripturam,
1156 4661 1214 4717 et
1259 4653 1333 4715 ab
1384 4654 1456 4717 iis
1502 4654 1864 4717 demendum
1899 4653 2071 4716 nihil.

426 4747 675 4824 Magnus
694 4751 891 4806 autem
907 4742 1125 4805 Paulus
1136 4743 1515 4804 anathemate
1528 4743 1705 4805 etiam
1727 4741 2086 4805 condemnat

423 4851 587 4909 eum,
642 4833 743 4914 qui
804 4839 1017 4914 praeter
1064 4831 1151 4908 id,
1188 4832 1345 4913 quod
1377 4832 1742 4912 accepimus,
1780 4832 2080 4911 evangeli-

423 4921 646 4984 zaverit
703 4920 1033 5003 quidpiam,
1098 4920 1277 4983 etiam
1333 4919 1383 4980 si
1441 4920 1689 4998 angelus
1751 4927 1929 4981 esset.
1964 4923 2087 4984 Vos

422 5018 652 5086 autem,
686 5009 956 5093 quamvis
1000 5008 1073 5071 ad
1110 5008 1342 5070 virtutis
1390 5007 1710 5070 videamini
1744 5009 2088 5089 pervenisse

421 5100 744 5181 fastigium,
804 5099 981 5180 longe
1041 5096 1114 5159 ab
1167 5098 1437 5177 angelica
1492 5097 1777 5178 dignitate
1833 5097 2084 5163 distatis.

423 5189 591 5264 Quod
617 5190 667 5252 si
689 5188 934 5271 angelos
954 5187 1115 5252 aliud
1160 5187 1464 5270 quidpiam
1499 5187 1856 5250 inducenles
1876 5196 2090 5268 praeter

426 5298 521 5357 ea,
551 5297 683 5362 qua
707 5279 923 5342 tradita
940 5277 1134 5355 fuere,
1183 5277 1546 5340 anathemati
1565 5277 1823 5358 subjecit
1852 5277 2087 5342 divinus

422 5367 772 5451 Apostolus,
801 5367 953 5431 nihil
1007 5365 1290 5448 equidem
1319 5365 1657 5430 ominosum
1701 5366 1894 5430 dicam
1932 5387 1947 5427 :
1982 5387 2086 5432 vos

2164 4499 2363 4554 γματα,
2412 4481 2484 4535 Οὐ
2536 4480 2636 4558 γὰρ
2704 4478 2842 4536 ἔστιν
2900 4477 2955 4534 ἐν
3026 4479 3207 4541 αὐτοῖς
3265 4479 3594 4558 προσθεῖναι,
3671 4479 3813 4533 κατὰ

2158 4567 2258 4649 τὴν
2286 4572 2426 4625 θείαν
2457 4568 2695 4649 Γραφὴν,
2727 4570 2815 4625 καὶ
2863 4565 2957 4624 ἀπ’
3008 4571 3179 4626 αὐτῶν
3234 4567 3328 4624 οὒκ
3368 4567 3509 4625 ἔστιν
3565 4564 3811 4646 ἀφελεῖν,

2162 4642 2221 4714 (Ο
2266 4655 2321 4712 δὲ
2365 4642 2533 4736 μέγας
2579 4642 2805 4721 ’Παῦλος
2868 4657 2955 4713 καὶ
3022 4655 3312 4732 ἀναθέματι
3366 4642 3664 4734 κατακρίνει
3719 4656 3814 4711 τὸν

2166 4744 2342 4825 ἕτερόν
2391 4768 2440 4803 τι
2495 4745 2619 4824 παρ’
2677 4745 2807 4825 ὅπερ
2849 4741 3109 4820 ἐλάϐομεν
3167 4742 3655 4825 εὐαγγελιζόμενον,
3712 4742 3815 4800 κᾶν

2167 4833 2390 4914 ἅγγελος
2530 4827 2715 4913 ’Υμετς
2757 4833 2834 4910 δὲ,
2868 4833 2965 4891 κᾶν
2996 4836 3068 4898 εἷς
3106 4834 3205 4902 τὴν
3262 4838 3360 4904 τῆς
3404 4835 3596 4914 ἀρετῆς
3640 4832 3821 4911 ἀκρώ-

2170 4946 2313 5003 ρειαν
2364 4922 2681 4992 ἕληλακέναι
2738 4922 2951 4998 δοκῆτε,
2999 4921 3134 4980 ἀλλὰ
3187 4922 3324 4985 πολὺ
3371 4929 3470 4991 τῆς
3516 4922 3658 4988 ἀξίας
3710 4927 3816 4990 τῆς

2170 5011 2456 5092 ἀγγελικῆς
2534 5011 2862 5083 διεστήκατε.
2948 5013 3008 5069 EI
3080 5009 3126 5067 δ’
3190 5011 3448 5092 ἀγγέλους
3517 5010 3695 5091 ἕτερόν
3767 5034 3819 5068 τι

2169 5103 2312 5173 παρὰ
2379 5103 2445 5159 τὰ
2523 5099 2771 5177 δεδομένα
2854 5100 3159 5179 εἷσάγοντας
3242 5101 3527 5178 ἀναθέματι
3609 5102 3821 5157 καθυπο

2172 5188 2354 5247 έϐαλεν
2386 5193 2414 5247 6
2442 5193 2584 5256 θεῖος
2632 5187 2975 5269 Ἀπόστολος,
3023 5188 3130 5266 ἐγὼ
3161 5190 3260 5266 μὲν
3289 5188 3436 5249 οὐδὲν
3466 5187 3663 5269 φαῦλον

2167 5281 2323 5355 ὑμεῖς
2366 5277 2412 5336 δ’
2443 5269 2554 5336 οἶδ’
2581 5278 2661 5336 ὅτι
2717 5278 2934 5354 συνίετε,
2962 5268 3080 5335 κᾶν
3135 5280 3291 5345 αὐτὸς
3344 5268 3626 5359 φείδωμαι.
3683 5268 3821 5336 ’Ὁτι

2168 5370 2222 5428 δὲ
2281 5370 2496 5427 κανόσιν
2565 5369 2917 5441 ἐναπιοῦσθε,
2976 5364 3273 5449 ἀδιαφόρως
3325 5369 3445 5436 τοὺς
3501 5366 3824 5448 ὀνειρασθὲνο

1783 5542 2038 5609 VARLE
2083 5542 2533 5613 LECTIONES.

420 5686 450 5718 ιι
515 5676 810 5765 nimium.
890 5685 1440 5743 sacramentorum.
1471 5710 1497 5743 ι
1544 5693 1805 5742 sacram.
1837 5704 1873 5765 ι
1920 5697 2113 5760 usque
2165 5683 2340 5747 adeo.
2372 5721 2395 5752 ι
2450 5682 2766 5747 excitatio.
2797 5689 2823 5723 ³
2876 5686 3011 5746 sine
3062 5681 3302 5746 vitiosa.
3329 5693 3356 5737 ιι
3410 5685 3827 5765 conme

414 5762 690 5842 excipere
708 5811 724 5828 .
