4160 6212
454 346 606 410 1015
1356 368 1385 381 ί

1807 349 1840 411 Ι
1845 347 1938 411 US
1984 344 2434 415 CANONICUM

3669 350 3835 423 1016

448 485 568 554 tur,
598 478 941 542 munditiei.
998 479 1064 541 Id
1121 497 1262 542 vero
1322 479 1479 562 quod
1529 482 1614 555 ﬁt,
1649 478 1883 542 insidiae
1911 480 2097 559 magis

2183 479 2389 554 ϐάλλει,
2422 489 2497 559 τῷ
2524 482 2722 559 δοκεῖν,
2788 487 3169 565 καθαρότητος.
3233 474 3395 567 ’Ἐστι
3451 483 3505 542 δὲ
3566 486 3630 544 τὸ
3672 490 3830 567 γινό-

448 572 613 645 sunt,
646 586 824 648 quam
859 569 1239 631 examinatio.
1269 568 1347 632 Ut
1393 569 1555 631 enim
1611 569 1838 632 athetas
1892 576 2097 631 avocet

448 674 483 718 a
518 665 803 719 consueta
833 664 891 718 et
942 657 1186 719 salutari
1244 656 1686 734 exercitatione,
1746 665 1805 720 et
1857 657 2096 720 vincere

446 745 738 820 videatur,
775 746 1001 826 pariter
1031 746 1171 808 talia
1197 746 1472 828 quaedam
1518 747 1731 808 excitat
1760 746 2092 828 bombycia.

449 833 602 907 Quid
622 834 808 915 enim,
834 834 955 916 dic,
980 837 1197 910 amice,
1225 835 1449 916 peccati
1470 835 1669 910 habet,
1701 842 1801 897 aut
1829 835 2095 897 immun-

449 921 640 999 ditiei,
674 924 958 986 naturalis
985 924 1183 1005 aliqua
1241 924 1499 987 excretio
1530 924 1561 985 ?
1618 923 1866 1005 perinde
1923 942 1991 986 ac
2047 925 2096 985 si

448 1012 583 1092 quis
640 1013 818 1075 vellet
864 1013 925 1074 in
986 1013 1214 1075 crimen
1267 1013 1415 1075 verti
1481 1032 1719 1075 mucum
1772 1029 1877 1093 per
1925 1030 2097 1076 nares

448 1102 754 1176 emissum,
794 1110 852 1164 et
880 1102 999 1164 oris
1054 1111 1314 1183 stupum,
1377 1104 1490 1164 hoc
1552 1101 1827 1182 amplius,
1875 1100 2096 1161 ventris

449 1198 855 1253 excrementa.
891 1191 1057 1263 Quod
1086 1191 1137 1253 si
1167 1191 1271 1253 Dei
1307 1210 1587 1253 manuum
1618 1209 1768 1269 Opus
1798 1208 1929 1251 esse
1959 1208 2095 1251 cre-

449 1279 649 1341 dimus
660 1279 991 1357 hominem,
1004 1281 1173 1360 juxta
1191 1280 1419 1342 divinas
1433 1278 2095 1359 Scripturas,quomodo

448 1369 641 1448 potuit
663 1388 699 1430 a
719 1369 941 1430 munda
983 1369 1251 1450 potentia
1285 1388 1435 1449 opus
1454 1369 1689 1448 aliquod
1720 1368 2096 1447 inquinatum

449 1456 619 1518 ﬁeri?
644 1457 781 1519 Etsi
810 1457 917 1520 Dei
941 1462 1257 1539 progenies
1290 1476 1520 1531 sumus,
1545 1457 1878 1543 secundum
1902 1455 2099 1516 divina

449 1546 852 1626 apostolorum
880 1552 1046 1625 Acta,
1081 1547 1231 1608 nihil
1289 1547 1578 1608 habemus
1635 1546 1695 1607 in
1752 1544 1924 1606 nobis
1952 1545 2097 1625 ipsis

449 1634 849 1699 immundum.
884 1636 1051 1698 Tunc
1084 1635 1243 1697 enim
1274 1636 1462 1698 solum
1495 1634 1836 1715 polluimur,
1860 1634 2094 1713 quando

448 1722 873 1803 impiissimum
959 1724 1383 1787 committimus
1444 1731 1777 1805 peccatum.
1848 1722 2094 1795 Quando

449 1819 648 1875 autem
706 1814 990 1876 naturalis
1045 1814 1242 1894 aliqua
1297 1822 1514 1894 praeter
1597 1814 1956 1874 voluntatem
2008 1813 2157 1871 'ﬂtB

451 1900 733 1977 excretio,
767 1910 911 1965 tunc
962 1912 1186 1965 natura;
1229 1902 1585 1964 necessitate
1616 1921 1747 1963 cum
1792 1899 1929 1961 aliis
1961 1910 2018 1961 et
2036 1898 2097 1960 id

453 1991 728 2072 patimur.
761 1990 831 2053 Et
856 2000 987 2071 post
1005 1992 1119 2054 alia
1143 2012 1157 2054 :
1179 1991 1404 2055 Dixerit
1424 2001 1618 2053 autem
1651 1989 1782 2072 quis
1815 1989 2095 2070 probabi—

449 2080 621 2143 liter:
657 2078 951 2143 Naturalis
975 2081 1095 2143 ulla
1116 2081 1373 2143 excretio
1403 2100 1522 2143 non
1567 2078 1767 2141 subdit
1814 2098 1923 2140 nos
1949 2096 2057 2157 sup
2077 2112 2095 2123 ‹

448 2169 655 2249 plicio.
679 2168 751 2231 Et
774 2169 1026 2232 fortasse
1056 2170 1422 2232 medicorum
1472 2170 1575 2231 filii
1601 2187 1705 2249 pro
1736 2168 1829 2229 his
1860 2187 2097 2229 causam

449 2257 672 2334 dicent,
696 2259 853 2339 quod
875 2259 1118 2321 animali
1136 2258 1287 2320 datae
1310 2259 1427 2319 sint
1443 2257 1800 2320 necessariae
1827 2256 2096 2337 quasdam

452 2346 583 2423 viai,
620 2365 726 2427 per
756 2367 901 2428 quas
948 2346 1379 2427 membrorum,
1434 2366 1563 2428 quae
1620 2346 1681 2407 in
1742 2364 2100 2426 unoquoque

450 2443 718 2497 nostrum
743 2436 1105 2510 coalescunt,
1154 2437 1456 2517 superﬂua
1486 2436 1815 2507 mittantur,
1842 2443 1906 2495 ut
1933 2434 2100 2515 capi—

450 2523 537 2586 tis
559 2534 961 2600 excrementa,
1003 2525 1139 2605 pili,
1194 2536 1254 2587 et
1284 2544 1417 2606 qua:
1472 2543 1505 2586 e
1547 2525 1739 2605 capite
1793 2524 2104 2585 mittuntur

443 2631 697 2694 aquosa,
724 2614 782 2675 ét
812 2613 926 2675 alvi
957 2613 1386 2695 dejectiones:
1448 2613 1629 2692 igitur
1684 2622 1744 2675 et
1799 2622 2097 2675 meatuum

458 2701 837 2763 seminalium
869 2701 972 2763 illa
993 2702 1391 2782 superﬂuitas.
1420 2700 1585 2773 Quod
1615 2720 1753 2780 ergo
1776 2709 1863 2762 est
1891 2702 2097 2763 adver-

451 2808 555 2852 sus
609 2787 797 2851 Deum
856 2798 1189 2869 peccatum,
1222 2809 1356 2851 cum
1404 2790 1694 2852 Dominus
1722 2792 1853 2870 ipse
1882 2791 2100 2852 animal

455 2878 716 2955 ﬂuxerit,
775 2878 1104 2957 feceritque
1159 2880 1286 2940 haec
1339 2878 1607 2940 membra
1676 2878 1823 2941 tales
1879 2879 2101 2941 habere

456 2968 747 3031 decursus
776 2967 809 3028 7

537 3147 659 3211 Sed
690 3147 821 3210 haec
879 3146 1296 3228 praedictorum
1344 3149 1581 3211 Patrum
1638 3134 2158 3210 suntinstituta.C

451 3237 603 3311 Quid
657 3246 855 3300 autem
938 3254 1063 3313 vos,
1125 3255 1374 3298 summa;
1456 3235 1731 3318 puritatis
1780 3237 1966 3298 exacti
2015 3239 2102 3316 (ut

450 3325 843 3396 arbitramini)
910 3324 1210 3401 custodes,
1263 3326 1366 3407 qui
1419 3326 1597 3387 etiam
1681 3324 2102 3405 imaginatione

449 3415 772 3477 libidinosa
799 3423 1098 3477 carentem
1132 3416 1355 3477 ﬂuxum
1389 3414 1629 3496 punitis,
1665 3422 1722 3476 et
1773 3415 2100 3476 naturalem

453 3504 772 3585 spermatis
803 3504 1233 3578 excretionem,
1267 3504 1672 3586 impuritatem
1705 3503 2050 3566 existimatis
2078 3502 2103 3565 ?

456 3611 685 3674 eosque
718 3594 819 3674 qui
850 3592 911 3654 id
945 3593 1264 3674 patiuntur,
1323 3592 1484 3655 nullo
1515 3592 1698 3655 animi
1730 3594 2104 3673 praecedente

451 3692 640 3759 motu,
661 3702 697 3744 a
721 3681 1284 3744 sanctificationihus
1312 3681 1605 3764 repellitis
1620 3685 1669 3740 ε’
1716 3682 1747 3742 ?
1777 3691 1837 3743 et
1864 3682 2101 3743 interim

449 3791 573 3834 non
608 3770 966 3834 erubescitis
990 3789 1203 3851 magno
1236 3771 1563 3833 Athanasio
1620 3771 1919 3834 contraria
1975 3778 2102 3833 sta-

448 3866 689 3923 tuentes
756 3859 818 3920 in
896 3858 1176 3940 praesenti
1231 3858 1393 3921 enim
1450 3869 1701 3922 caeteros
1768 3868 2100 3941 praetereo),

449 3948 667 4029 iisque,
692 3966 827 4028 quae
847 3946 953 4008 ille
974 3947 1229 4028 scripsit,
1251 3948 1549 4011 contraria
1578 3948 1895 4011 facientes?
1923 3949 2103 4027 Cujus

452 4053 763 4099 sermones
794 4042 852 4097 et
882 4035 1081 4114 magni
1109 4037 1338 4110 Patres,
1392 4036 1614 4117 quique
1674 4037 1747 4098 ad
1803 4055 2101 4098 summum

453 4133 697 4188 externa
741 4123 1071 4206 sapientiae,
1115 4130 1174 4186 et
1202 4123 1418 4186 divina:
1448 4133 1626 4205 atque
1657 4131 1894 4205 nostrae,
1960 4144 2101 4205 pro-

449 4214 605 4276 vecti
636 4220 774 4275 sunt
802 4234 816 4273 ;
852 4212 1015 4275 orbis
1037 4220 1331 4275 terrarum
1373 4214 1688 4276 luminaria
1717 4222 1775 4276 et
1803 4218 2099 4287 doctores,

2178 593 2336 647 μενον
2396 571 2575 652 ἐνέδρα
2631 572 2835 650 μᾶλλον
2888 576 2923 643 ἢ
2992 573 3294 651 δοκιμασία.
3358 565 3482 633 Ἵνα
3536 576 3637 656 γὰρ
3688 565 3825 635 ἀπ-

2177 660 2463 741 ασχολήσγ⁸
2520 663 2639 728 τοὺς
2683 662 2919 731 ἀσκητὶκ
2974 669 3073 732 τῆς
3114 662 3291 740 ἐθίμου
3334 665 3423 721 καὶ
3451 664 3826 746 σωτηριώδους

2179 750 2431 831 μελέτης,
2488 754 2576 808 καὶ
2654 750 2777 832 δόξῃ
2853 767 3092 832 κρατεῖν,
3160 754 3295 810 κατά
3376 759 3529 811 τοῦτο
3610 758 3830 812 τοιαῦτά

2176 862 2293 896 τινα
2339 853 2480 898 κινεῖ
2532 840 2816 919 βομϐύκια.
2875 843 2935 901 Τί
3002 843 3101 922 γὰρ
3160 840 3296 922 (εἶπέ
3369 865 3485 923 μοι,
3546 843 3823 923 ἀγαπητὲ)

2178 928 2294 1013 ἔχει
2358 930 2650 1009 ἁμάρτημα
2718 931 2755 999 ἢ
2812 932 3103 1011 ἀκάθαρτον
3145 933 3340 1012 φυσική
3395 954 3473 996 νις
3530 930 3762 1013 ἔκκρισις
3806 955 3823 1013 ;

2182 1009 2271 1083 Ὠς
2327 1018 2379 1073 εἴ
2436 1041 2516 1081 τις
2568 1017 2730 1076 ἐθέλει
2792 1009 3057 1077 ποιεῖσθαι
3134 1009 3379 1098 ἔγκλημα
3451 1021 3538 1077 καὶ
3590 1009 3685 1086 τάς
3744 1009 3834 1079 δια

2178 1107 2332 1185 ῥινῶν
2392 1106 2801 1184 έκπεμπομένας
2870 1108 3054 1187 μύξας,
3128 1110 3215 1166 καὶ
3282 1110 3349 1165 τὰ
3409 1106 3493 1165 διὰ
3563 1110 3831 1185 στόματος

2179 1196 2484 1272 πτύσματα,
2531 1196 2605 1253 ἔτι
2675 1196 2730 1253 δὲ
2784 1200 2875 1254 καὶ
2925 1199 3020 1262 τὰς
3091 1197 3176 1254 διὰ
3245 1200 3469 1277 γαστρὸς
3543 1198 3829 1278 ἐκκρίσεις.

2182 1286 2239 1340 Εἰ
2269 1282 2323 1340 δὲ
2367 1286 2454 1341 καὶ
2497 1291 2601 1341 τῶν
2630 1293 2721 1342 τοῦ
2780 1292 2911 1343 Θεοῦ
2968 1286 3163 1367 χειρῶν
3209 1284 3357 1365 ἔργον
3388 1286 3530 1343 εἶναι
3573 1289 3831 1345 πιστεύο-

2182 1395 2277 1449 μεν
2346 1375 2434 1430 τὸν
2502 1372 2795 1454 ἄνθρωπον,
2867 1377 3004 1431 κατὰ
3071 1376 3167 1439 τὰς
3222 1375 3363 1440 θείας
3418 1377 3647 1455 Γραφᾶς,
3712 1383 3831 1439 πῶς

2179 1460 2401 1521 ἠδύνατο
2481 1462 2541 1518 ὲκ
2611 1462 2840 1543 καθαρᾶς
2910 1462 3177 1540 δυνάμεως
3248 1463 3400 1544 ἔργον
3467 1486 3515 1520 τι
3586 1464 3830 1543 γενέσθαι

2180 1550 2625 1632 μεμολυσμένον;
2692 1554 2789 1610 Καὶ
2852 1555 2894 1610 εἷ
2951 1552 3100 1631 γένος
3155 1560 3252 1610 τοῦ
3302 1553 3434 1610 Θεοῦ
3486 1554 3826 1633 ὑπάρχομεν,

2178 1641 2313 1696 κατὰ
2381 1641 2475 1703 τὰς
2557 1642 2696 1705 θείας
2780 1642 2885 1698 τῶν
2955 1640 3267 1699 ἂποστόλων
3352 1640 3593 1716 Πράξεις,
3679 1641 3830 1703 οὐδὲν

2179 1728 2376 1808 ἔχομεν
2460 1729 2513 1784 ἐν
2596 1731 2806 1794 ἑαυτοῖς
2889 1730 3200 1809 ἀκάθαρτον.
3289 1730 3418 1788 Τότε
3482 1734 3580 1810 γαρ
3651 1733 3819 1807 μόνον

2180 1817 2574 1894 μεμολύσμεθα,
2647 1817 2736 1875 ὅτε
2790 1820 2889 1885 τὴν
2958 1817 3312 1887 ἀσεϐεστάτην
3384 1821 3641 1899 ἁμαρτίαν
3722 1821 3819 1900 ἐρ-

2178 1908 2464 1985 γαζόμεθα.
2529 1900 2703 1966 υΟταν
2745 1907 2799 1964 δὲ
2856 1910 3048 1989 φυσική
3104 1931 3185 1973 τις
3240 1906 3546 1978 ἀϐουλήτως
3591 1907 3825 1988 ἔκκρισις

2178 2000 2398 2075 γίνεται,
2428 1998 2548 2053 τότε
2578 2003 2645 2074 τῇ
2685 2002 2784 2064 τῆς
2831 1998 3033 2075 φύσεως
3074 1996 3279 2075 ἀνάγκη
3336 1998 3471 2072 μετὰ
3498 2004 3605 2053 τῶν
3649 1997 3830 2055 ἄλλων

2179 2088 2266 2143 καὶ
2294 2094 2446 2142 τοῦτο
2475 2086 2827 2161 ὑπομένομεν.
2886 2088 2980 2144 Καὶ
3025 2085 3159 2161 μετά
3209 2107 3326 2141 τινα
3359 2102 3374 2118 ⁸
3439 2086 3579 2154 Φαίη
3622 2085 3668 2143 δ’
3728 2085 3829 2143 ἇν-

2178 2195 2258 2236 τις
2303 2171 2556 2251 εὐλόγως.
2601 2176 2805 2244 Φυσική
2850 2195 2930 2238 τις
2974 2172 3209 2253 ἔκκρισις
3267 2175 3410 2249 ἡμᾶς
3455 2178 3514 2233 οὗ
3544 2176 3836 2255 παρίστησι

2180 2264 2311 2341 πρὸς
2366 2263 2620 2342 τιμωρίαν
2695 2264 2839 2343 τάχα
2922 2260 2977 2319 δὲ
3062 2264 3150 2319 καὶ
3206 2263 3396 2341 ἰατρῶν
3454 2262 3642 2329 παῖδες
3697 2266 3833 2343 ὑπὲρ

2182 2352 2381 2408 τούτων
2442 2350 2889 2431 ἀπολογήσονται,
2952 2350 3033 2407 ὅτι
3104 2356 3182 2425 τῷ
3237 2349 3357 2425 ζώῳ
3414 2348 3648 2408 δέδονταί
3688 2375 3830 2416 τινες

2182 2441 2466 2519 ἀναγκαῖσι
2496 2438 2734 2521 διέξοδοι,
2793 2442 2923 2520 πρὸς
2988 2442 3048 2496 τὸ
3089 2443 3333 2521 περιττὸν
3374 2444 3481 2496 τῶν
3525 2440 3579 2496 ἐν
3622 2442 3834 2515 ἑκάστῳ

2182 2530 2288 2586 τῶν
2340 2529 2393 2585 ἒν
2445 2529 2582 2604 ἡμῖν
2611 2530 2944 2609 τρεφομένων
3003 2528 3179 2605 μελῶν
3235 2527 3575 2603 ἀποπέμπειν
3607 2545 3622 2560 ⁶
3684 2533 3831 2603 οἷον,

2182 2619 2418 2698 κεφαλῆς
2462 2618 2859 2697 περιττώματα,
2909 2619 3115 2699 τρίχες,
3178 2619 3266 2674 καὶ
3308 2640 3374 2675 τα
3428 2617 3534 2673 ἀπὸ
3590 2616 3831 2697 κεφαλῆς

2181 2705 2417 2774 ὒδατυΈη
2508 2708 2849 2787 πεμπόμενα,
2931 2709 3019 2764 καὶ
3102 2707 3326 2785 γαστρὸς
3410 2703 3828 2786 διαχωρήματα.

2186 2796 2283 2852 Καὶ
2309 2797 2480 2855 τοίνυν
2512 2802 2615 2853 τῶν
2647 2816 3020 2872 σπερματικων
3064 2797 3241 2873 πόρων
3284 2794 3462 2851 ἐκεῖνο
3492 2797 3828 2873 περίπτωμα.

2182 2884 2313 2939 Ποία
2340 2884 2509 2941 τοίνυν
2537 2884 2646 2941 ἐστὶ
2675 2886 2806 2961 πρὸς
2839 2886 2968 2942 Θεὸν
2999 2884 3251 2963 ἁμαρτία,
3285 2887 3440 2942 αὐτοῦ
3468 2886 3559 2940 τοῦ
3586 2882 3651 2941 π)
3663 2884 3834 2940 ἀσαν-

2180 2994 2272 3036 τος
2328 2974 2391 3028 τὸ
2432 2976 2566 3044 ζῶον
2611 2974 2902 3050 Δεσπότου,
2960 2974 3281 3043 ποιήσαντος
3343 2983 3506 3032 ταῦτα
3560 2974 3627 3030 τὰ
3680 2972 3823 3048 μέλη

2181 3062 2422 3127 τοιαύτας
2467 3062 2615 3143 ἔχειν
2644 3061 2901 3129 διεξόδους
2937 3083 2953 3142 ς

2262 3147 2427 3209 Ἀλλὰ
2501 3158 2663 3207 ταῦτα
2734 3153 2830 3226 μὲν
2908 3153 2974 3208 τὰ
3042 3157 3149 3207 τῶν
3219 3149 3479 3229 ῥηθέντων
3576 3149 3829 3229 Πατέρων

2180 3241 2637 3315 θεσμοθετήματα,
2726 3242 2785 3298 Τί
2843 3239 2888 3296 δ’
2956 3241 3136 3315 ὑμεῖς,
3222 3243 3267 3296 οἱ
3329 3245 3427 3306 τῆς
3510 3238 3826 3319 ἀκραιφνοῦς

2182 3328 2536 3407 καθαρότητος
2592 3326 2827 3407 ἀκριϐεῖς
2891 3328 2987 3409 (ὡς
3059 3328 3256 3406 οἴεσθε)
3330 3326 3582 3408 φύλακες,
3640 3330 3687 3384 οἱ
3742 3329 3836 3384 καὶ

2181 3416 2281 3483 τὴν
2350 3417 2677 3497 ἀφάνταστον
2735 3418 2876 3495 ῥύσιν
2932 3416 3267 3496 κολάζοντες,
3322 3418 3411 3473 καὶ
3464 3416 3561 3483 τὴν
3607 3416 3834 3495 φυσικὴν

2184 3512 2275 3561 τοῦ
2373 3505 2673 3585 σπέρματος
2772 3504 3003 3583 ἔκκρισιν
3094 3506 3410 3586 ἀκαθαρσίαν
3506 3507 3830 3585 νομίζοντες,

2185 3596 2271 3650 καὶ
2321 3596 2438 3660 τοὺς
2493 3602 2647 3651 τοῦτο
2706 3596 3036 3676 πάσχοντας,
3079 3595 3156 3670 μὴ
3213 3595 3668 3676 προϋποκειμένης
3721 3594 3830 3669 ἐμ-

2184 3684 2399 3747 παθείας
2455 3685 2619 3759 τινος,
2690 3691 2796 3740 τῶν
2869 3684 3215 3762 ἁγιασμάτων
3270 3684 3615 3764 ἀπάγοντεςς
3690 3683 3834 3741 Εἶτα

2186 3774 2279 3829 οὒκ
2361 3772 2743 3851 ἐγκαλύπτεσθε
2825 3780 2903 3848 τῷ
2980 3771 3197 3850 μεγάλῳ
3252 3771 3545 3846 Ἀθανασίῳ
3598 3769 3831 3828 ἀντιδια-

2184 3860 2491 3935 ταττόμενοι
2521 3861 2620 3941 (ἐῶ
2650 3863 2748 3941 γὰρ
2778 3863 2912 3917 κατὰ
2953 3883 3013 3939 γε
3060 3863 3122 3918 τὸ
3170 3863 3334 3940 παρὸν
3392 3862 3514 3926 τοὺς
3563 3860 3829 3934 λοιποὺς),

2184 3951 2271 4005 καὶ
2326 3954 2409 4015 οἷς
2460 3950 2665 4015 ἐκεῖνος
2724 3952 2953 4031 ἔγραψεν
3012 3951 3497 4031 ἀντιπράττοντες,
3569 3953 3642 4008 Οὗ
3706 3951 3833 4012 τοὺς

2185 4036 2373 4117 λόγους
2435 4040 2521 4094 καὶ
2564 4042 2611 4096 οἱ
2668 4038 2895 4118 μεγάλοι
2955 4039 3181 4117 Πατέρες
3222 4040 3311 4096 καὶ
3365 4040 3438 4101 εἰς
3483 4037 3638 4117 ἄκρον
3694 4037 3829 4104 ἒλη-

2185 4125 2404 4191 λακότες
2447 4132 2546 4194 τῆς
2590 4150 2647 4184 τε
2702 4130 2916 4209 θύραθεν
2960 4129 3167 4209 σοφίας,
3231 4129 3319 4185 καὶ
3386 4132 3485 4198 τῆς
3542 4129 3681 4191 θείας
3738 4127 3830 4183 καὶ

2185 4215 2469 4296 ἡμετέρας,
2502 4219 2547 4273 οἱ
2578 4223 2675 4285 τῆς
2736 4217 3045 4293 οἰκουμένης
3105 4217 3381 4297 φωστῆρές
3422 4239 3481 4274 τε
3536 4219 3625 4274 καὶ
3676 4213 3828 4271 διδά-

452 4303 515 4401 in
547 4300 765 4384 quibus
796 4310 1000 4401 nostra
1028 4301 1288 4364 stabilita
1317 4312 1405 4364 est
1422 4302 1591 4401 fides,
1622 4322 1728 4401 pro
1749 4302 2101 4365 definitioni-

2188 4303 2396 4378 σιιαλοι,
2442 4302 2525 4385 ὐφ’
2571 4309 2646 4362 ὧν
2689 4308 2747 4375 η
2780 4304 2897 4363 καθ’
2956 4308 3100 4383 ἡμᾶς
3136 4305 3447 4401 ἐστήρικται
3489 4306 3686 4385 πίστις,
3744 4305 3822 4366 ὡς

454 4391 567 4455 bus
598 4400 657 4455 et
687 4390 1001 4455 sententiis
1030 4399 1413 4472 acceperunt.
1429 4391 1827 4454 Ovecordiam
1850 4400 2099 4455 vestram

2192 4392 2339 4473 ὅρους
2369 4396 2457 4451 καὶ
2499 4394 2771 4471 ἀξιώματα
2826 4394 3081 4475 ἥγηνται.
3139 4390 3193 4450 Ὠ
3223 4398 3322 4462 τῆς
3364 4397 3512 4470 ὑμῶν
3553 4394 3826 4456 ἀπονοίας.

455 4481 549 4544 vel
578 4479 990 4554 stoliditatem,
1021 4488 1078 4542 et
1097 4489 1162 4542 ut
1178 4457 1374 4543 verius
1402 4480 1596 4543 dicam
1619 4478 1668 4555 δ,
1693 4480 2048 4562 imperitiam
2083 4481 2097 4541 !

2185 4457 2234 4552 ἢ·
2262 4489 2361 4551 τῆς
2404 4457 2740 4565 ἀϐελτηριίας,
2787 4457 2892 4541 κοιὶι
2933 4485 3176 4560 ἀμαθίας,
3237 4457 3407 4541 εἰπεῖν
3464 4484 3774 4562 οἰκειότερον
3814 4481 3829 4541 ε

454 4568 658 4651 Neque
685 4568 1040 4649 intelligitis,
1068 4587 1199 4630 meo
1222 4568 1461 4650 quidem
1484 4569 1711 4649 judicio
1734 4568 1771 4646 ί,
1793 4588 1895 4631 vos
1913 4570 2101 4650 judai-

2188 4570 2315 4630 Οἰδὲ
2370 4573 2567 4629 συνίετε
2624 4574 2761 4630 κατᾶ
2814 4595 2874 4651 γε
2937 4574 3036 4641 τὴν
3091 4574 3311 4651 γνώμην
3368 4574 3563 4640 ταύτην
3621 4570 3835 4630 ἰουδαΐ-

455 4677 613 4739 zare,
672 4666 731 4722 et
790 4661 1025 4721 Veteris
1077 4657 1444 4720 Testamenti
1494 4676 1783 4720 renovare
1813 4658 2101 4733 instituta,

2187 4667 2383 4731 ζοντες,
2433 4664 2521 4719 καὶ
2575 4664 2669 4728 τὰς
2713 4662 2808 4732 τῆς
2869 4661 3105 4727 Παλαιᾶς
3155 4664 3422 4733 Διαθήκης
3489 4661 3831 4723 ἆνανεοῦντες

453 4767 586 4830 qua;
610 4746 883 4811 Servatur
912 4756 1115 4809 noster
1145 4747 1322 4808 homo
1351 4747 1540 4808 factus
1566 4746 1768 4808 inania
1798 4747 2101 4811 reddidit?

2187 4747 2461 4831 διαταγὰς,
2540 4752 2707 4832 ἇσπερ
2784 4756 2812 4810 ὂ
2891 4753 3081 4833 Σωτὴρ
3150 4750 3556 4824 ἐνανθρωπήσας
3627 4751 3837 4829 κατήρ-

448 4836 619 4901 lllius
642 4836 803 4900 enim
830 4839 928 4917 jus
948 4844 1059 4911 est,
1084 4834 1453 4899 seminiﬂuos
1484 4835 1824 4900 immundos
1845 4838 2100 4900 censeri.

2185 4861 2401 4921 γηκενς
2462 4840 2701 4909 Ἐκείνης
2773 4844 2894 4922 γὰρ,
2968 4843 3088 4906 τοὺς
3155 4839 3458 4920 πονοῤῥυεῖς
3510 4841 3839 4919 ἀκαθάρτους

451 4925 571 4989 Vos
598 4935 821 5008 autem,
853 4934 917 4988 ut
949 4926 1183 5007 opinor,
1237 4945 1399 5001 eum,
1455 4925 1557 5007 qui
1619 4945 1753 4987 cum
1790 4944 1974 4989 uxore
2000 4946 2101 4989 sua

2186 4932 2484 5006 νομίζεσθαι
2514 4930 2739 5007 νόμιμον
2775 4947 2788 4961 ⁵
2846 4933 3001 5009 ὑμεῖς
3058 4929 3104 4987 δ’
3162 4932 3322 5007 οἶμαι
3377 4931 3464 4986 καὶ
3520 4931 3610 4986 τὸν
3640 4950 3835 4986 συνευ-

453 5014 865 5090 concubuerit,
900 5022 1210 5096 postquam
1243 5014 1574 5077 surrexerit
1599 5032 1632 5076 e
1665 5014 1843 5091 lecto,
1867 5015 2101 5096 judica-

2186 5019 2434 5077 νασθέντα
2488 5025 2558 5096 τῇ
2613 5020 2798 5077 ἑαυτοῦ
2852 5026 3082 5101 γαμετῇ,
3166 5020 3265 5086 τῆς
3321 5019 3505 5086 κοίτης
3556 5015 3835 5084 ἐξανιστᾶ-

452 5102 592 5165 bitis
612 5102 1021 5166 immundum:
1039 5121 1152 5166 nec
1173 5102 1247 5165 ad
1270 5103 1603 5167 orationem
1626 5102 1974 5179 admittetis,
1994 5106 2101 5168 sed

2186 5129 2364 5188 μενον,
2427 5120 2653 5188 κρινεῖτε
2724 5109 3036 5189 ἀκάθαρτον,
3108 5108 3196 5165 καὶ
3269 5109 3342 5172 είς
3399 5107 3707 5188 προσευχὴν
3770 5110 3839 5166 ού

453 5191 632 5255 etiam
664 5192 721 5256 ei
750 5193 947 5257 valvas
997 5191 1207 5274 templi
1260 5192 1605 5256 obstructis.
1670 5194 1797 5256 Nec
1831 5193 2101 5274 cogitatis

2184 5198 2531 5277 προσήσεσθε.
2582 5195 2748 5254 Ἀλλὰ
2797 5198 2893 5254 καὶ
2948 5198 3043 5260 τὰς
3100 5206 3192 5255 τοῦ
3259 5202 3384 5255 ναοῦ
3435 5196 3590 5276 θύρας
3660 5196 3833 5270 τούτῷ

1779 5359 2041 5428 ἾΑΒΙΛΕ
2086 5362 2410 5429 LECTION
2416 5362 2526 5428 ES.

530 5528 593 5587 ι*
626 5548 667 5595 a
693 5533 1120 5598 sacramentis.
1152 5546 1180 5589 ιι
1200 5531 1297 5597 vel
1324 5532 1733 5597 insulsitatem
1762 5539 1822 5597 et
1854 5532 2250 5617 imperitiam,
2283 5540 2352 5597 ut
2382 5535 2586 5599 verius
2613 5535 2838 5600 dicam.
2872 5540 2884 5584 ί
2913 5537 2982 5600 in
3010 5534 3122 5599 hac
3155 5534 3397 5617 quidem
3426 5540 3749 5601 sententia.
