4160 6212
339 373 490 438 1017
1677 375 1984 440 GR/ECO-l

2071 376 2382 442 lMANUM.
3562 381 3719 448 1018

331 509 706 589 ἒπιζυγώσετε.
740 510 860 571 Οὐδ’
908 508 989 568 ὅτι
1047 512 1218 587 τίμιος
1271 515 1299 570 6
1354 513 1525 591 γάμος
1597 513 1834 592 ε’ίρηται,
1887 509 1984 566 λο-

2071 504 2322 590 dictum,
2360 511 2600 593 nuptias
2631 530 2762 576 esse
2810 512 3212 595 honorandas,
3244 521 3302 576 et
3349 513 3564 575 lectum
3597 513 3729 576 sine

334 603 563 678 γιεῖσθε,
595 600 683 656 καὶ
741 601 776 667 ἡ
837 599 989 666 κοίτη
1045 601 1297 675 ἀμίαντος
1344 615 1358 629 ⁸
1419 599 1540 657 ἀλλ’
1595 600 1675 656 ὅτι
1733 600 1984 656 κάνταῦθα

2076 599 2306 660 macula
2341 617 2355 661 :
2395 601 2500 663 sed
2547 601 2687 682 quia
2732 615 2792 664 et
2844 601 2967 664 illic
2999 603 3246 664 seminis
3275 604 3488 683 ﬂuxus,
3513 602 3725 683 majori

332 688 632 766 σπέρματος
676 688 864 768 ὲκροὴ,
915 689 1004 745 καὶ
1065 687 1271 764 μᾶλλον
1313 690 1406 746 σὺν
1450 687 1638 766 ἡδονῇ,
1696 685 1984 746 καταδικά-

2073 704 2207 747 cum
2241 689 2568 770 voluptate:
2601 691 3078 754 condemnabitis
3104 692 3442 767 insontem;
3475 700 3532 753 et
3562 710 3724 766 eum,

336 798 454 833 σετε
522 780 612 834 τὸν
684 777 915 834 ἀναίτιον
963 795 976 810 ⁸
1037 776 1126 834 καί
1182 778 1274 834 τὸν
1334 778 1516 854 νεκροῦ
1581 777 1984 852 προσαψάμενον

2072 777 2176 854 qui
2235 777 2487 840 cadaver
2560 780 2843 861 attigerit,
2905 801 3024 843 non
3089 781 3444 844 verebimini
3521 779 3723 842 dicere

335 867 429 922 οὒκ
475 867 735 936 ὀκνήσετε
817 866 1181 942 μεμιασμένον
1253 869 1555 945 ἡγήσασθαι
1587 883 1600 897 ⁸
1649 868 1738 923 καὶ
1821 867 1882 922 οὗ
1936 863 1988 919 ὲν

339 957 417 1029 τῷ
448 956 657 1027 σώματι
699 953 866 1034 λέπρα
937 953 1211 1029 ἐξήνθησε,
1273 961 1372 1023 τῆς
1402 955 1608 1018 πόλεως
1678 952 1988 1024 ἐξωθήσετε,

339 1040 488 1100 Ἀλλ’
534 1045 591 1108 ὃς
623 1043 741 1119 μὲν,
774 1050 846 1100 ὧν
879 1045 1044 1119 οὗτοι,
1098 1045 1232 1101 κατά
1300 1045 1420 1109 τοὺς
1479 1044 1667 1108 ὕπνους
1721 1043 1989 1122 ἀποκρίνει

335 1133 522 1211 γονὴν,
555 1134 684 1207 ὑμῖν
715 1136 808 1192 οὐκ
831 1135 1029 1210 ἥγηται
1090 1135 1314 1212 καθαρός
1350 1153 1367 1170 ο
1426 1133 1474 1188 τί
1528 1131 1583 1189 δὲ
1653 1134 1768 1211 περὶ
1813 1132 1983 1211 ἐγρη-

341 1222 598 1300 γορότων,
667 1223 755 1277 καὶ
810 1221 953 1300 ῥύσιν
1035 1223 1400 1301 ὑφισταμένων
1482 1224 1667 1296 αὐτῆς,
1729 1225 1856 1298 ύμῖν
1911 1220 1990 1277 δέ·

341 1308 524 1367 δοκταί
578 1332 636 1366 τε
691 1309 781 1366 καὶ
835 1308 1212 1390 διατέτακται;
1267 1310 1468 1367 [Ιολλοῖ
1551 1313 1650 1390 γὰρ
1720 1318 1872 1368 τοῦτο
1929 1314 1988 1367 τὸ

340 1400 505 1463 πάθος
538 1397 920 1474 ἐπισυμϐαῖνόν
990 1398 1152 1474 ἐστιν,
1213 1400 1248 1467 ἢ
1292 1413 1409 1462 τοῖς
1453 1399 1624 1479 οὔροις
1666 1399 1988 1480 ἐφεπομένου

337 1497 430 1546 τοῦ
455 1489 777 1567 σπέρματος,
836 1488 871 1555 ἢ
931 1488 1092 1563 μόνου
1161 1489 1248 1546 καὶ
1317 1488 1623 1564 αὒτομάτως
1694 1489 1986 1569 ἐκρέοντος,

339 1579 399 1634 Εἰ
443 1578 538 1652 μὲν
570 1579 656 1634 καὶ
705 1579 916 1640 τούτους
973 1583 1077 1635 τῶν
1146 1581 1386 1657 καθαρῶν
1443 1579 1801 1658 ἀπροκρίνετε,
1871 1581 1986 1636 ἰου-

2076 864 2390 944 pollutum.
2444 867 2517 928 Et
2540 871 2711 950 cujus
2766 872 2824 931 in
2855 890 3107 952 corpore
3166 872 3330 951 lepra
3377 869 3657 941 efﬂoruit,
3689 888 3722 930 e

2075 952 2314 1016 civitate
2367 956 2702 1037 expelletis.
2764 957 2984 1021 Verum
3043 959 3197 1038 agite
3257 958 3361 1039 qui
3409 961 3467 1018 in
3499 957 3724 1018 somnis

2079 1044 2342 1105 excernit
2395 1046 2650 1124 genitale
2681 1065 2910 1118 semen,
2945 1068 3077 1110 eum
3124 1066 3239 1108 non
3267 1045 3512 1107 creditis
3545 1064 3724 1107 mun-

2073 1129 2409 1203 dum?Quid
2441 1152 2577 1196 vero
2604 1135 2678 1196 de
2704 1135 2775 1196 iis
2809 1136 3058 1209 videtur,
3090 1146 3155 1198 et
3178 1135 3566 1198 constitutum
3602 1142 3717 1216 est,

2071 1218 2173 1298 qui
2221 1221 2565 1284 exsuscitati
2623 1224 2889 1303 ejusdem
2949 1227 3169 1286 ﬂuxum
3228 1223 3578 1304 patiuntur?
3610 1223 3724 1286 hoc

2071 1307 2228 1368 enim
2251 1308 2392 1369 vitio
2411 1311 2581 1372 multi
2606 1312 3000 1387 laborant,vel
3025 1333 3159 1374 cum
3184 1313 3413 1373 urinam
3445 1314 3720 1392 sequitur

2073 1415 2331 1478 sperma,
2395 1400 2482 1460 vel
2517 1419 2650 1461 cum
2698 1402 2889 1462 solum
2933 1410 3263 1482 sponteque
3312 1401 3461 1463 ﬂuit.
3495 1400 3638 1462 Nam
3671 1400 3721 1460 si

2072 1487 2182 1548 hos
2213 1504 2246 1546 a
2294 1488 2532 1549 mundis
2563 1491 2875 1570 separatis,
2905 1491 3220 1555 manifesto
3253 1491 3488 1552 Judmos
3519 1490 3719 1550 imita-

2073 1575 2219 1636 mini
2249 1594 2262 1636 :
2300 1575 2336 1636 ii
2370 1577 2528 1638 enim
2561 1598 2708 1658 quos
2739 1580 3109 1641 scminiﬂuos
3141 1579 3466 1641 nominavit
3495 1583 3710 1646 Moses.

339 1664 548 1737 δαίζετε
605 1671 904 1747 προφανῶς.
962 1670 1116 1725 Οὗτοι
1187 1669 1285 1746 γὰρ
1341 1670 1428 1732 οὒς
1492 1667 1791 1747 γονοῤῥυεῖς
1846 1669 1984 1724 ὠνό-

2071 1673 2129 1725 et
2153 1665 2492 1727 immundos
2525 1667 2850 1731 existimari
2882 1669 3276 1730 constituunt.
3313 1668 3481 1741 Quod
3530 1669 3580 1730 si
3611 1670 3720 1730 hos

339 1777 508 1830 μασεν
563 1758 590 1811 6
646 1762 868 1828 Μωσῆς,
915 1757 1001 1812 καὶ
1045 1757 1364 1836 ἀκαθάρτους
1453 1759 1750 1833 νομίζεσθαι
1808 1757 1984 1814 διετά-

2071 1753 2402 1830 admittitis,
2467 1774 2576 1817 nec
2638 1757 2822 1837 pollui
2856 1776 2962 1838 per
3021 1758 3423 1820 excretionem
3469 1758 3718 1838 putatis;

338 1842 464 1908 ξατο
506 1843 594 1904 48.
661 1846 717 1902 Εἰ
773 1843 828 1900 δὲ
895 1845 1107 1909 τούτους
1166 1847 1460 1926 προσίεσθε,
1518 1847 1606 1903 καὶ
1664 1849 1723 1903 οὗ
1764 1847 1984 1922 μιαίνειν

2072 1861 2187 1922 qua
2211 1844 2438 1906 ratione
2472 1863 2598 1920 eos,
2638 1830 2747 1926 qni
2793 1830 3041 1908 seminis
3072 1850 3291 1909 ﬂuxum
3324 1830 3548 1927 absque
3578 1830 3719 1906 Ιὶιήέ

338 1934 522 1995 αὐτοὺς
554 1957 650 2001 την
708 1933 936 2012 ἔκκρισιν
1001 1934 1196 2012 οἴεσθε,
1255 1937 1330 1997 τίς
1363 1938 1390 1991 6
1447 1935 1625 2014 λόγος,
1686 1933 1751 1990 δι’
1784 1936 1841 1991 ὃν
1871 1949 1984 1998 τοῖς

2071 1931 2283 1993 dinoso
2343 1941 2576 2012 spectro
2630 1935 2786 2014 passi
2838 1947 2974 1996 sunt
3027 1937 3086 1996 in
3139 1936 3388 2009 somnis,
3443 1935 3716 1996 arcetisa

339 2022 438 2096 μὲν
498 2022 826 2100 ἀφάνταστον
897 2026 1118 2079 παθοῦσι
1178 2023 1322 2100 ῥύσιν
1381 2029 1543 2102 γονῆς
1598 2024 1715 2080 καθ’
1770 2022 1984 2096 ὕπνους,

2071 2019 2605 2084 sanctiﬁcationum
2641 2025 3028 2104 perceptione
3064 2047 3076 2087 :
3111 2025 3418 2102 vigilantes
3443 2031 3635 2085 autem
3669 2027 3715 2104 ι,
3755 2039 3768 2046 ί

339 2109 612 2188 ἀπείργετε
690 2111 790 2178 τὴν
869 2117 974 2166 τῶν
1047 2111 1387 2188 ἀγιασμάτων
1471 2111 1798 2186 μετάληψιν,
1870 2124 1984 2174 τοῖς

2072 2109 2172 2189 qui
2202 2109 2412 2170 eodem
2449 2121 2584 2173 sunt
2614 2112 2810 2174 aﬂ‘ecti
2867 2114 3033 2188 vitio.
3091 2123 3254 2176 extra
3303 2130 3534 2194 pcenam
3589 2131 3721 2174 esse

2071 2197 2266 2258 sinitis
2286 2198 2316 2257 ‘?
2340 2200 2572 2261 Etenim
2617 2211 2864 2282 utraque
2918 2203 3178 2265 excretio
3207 2210 3297 2264 est
3327 2201 3632 2281 naturalis,
3666 2211 3724 2262 et

2072 2293 2320 2366 utraque
2353 2297 2568 2366 prieter
2599 2291 2956 2354 voluntatem
2995 2291 3231 2355 accidit.
3262 2290 3424 2363 Quod
3450 2291 3499 2350 si
3533 2292 3722 2352 homi-

2068 2391 2210 2435 num
2269 2377 2562 2457 quispiam
2619 2379 2745 2442 ιιωο
2791 2380 2866 2443 de
2919 2380 2993 2442 iis
3041 2381 3280 2455 dixerit,
3341 2378 3444 2461 qui
3498 2380 3720 2461 absque

339 2467 382 2521 εί
414 2474 579 2523 ταῦτα
649 2469 863 2548 φήσειεν
921 2465 982 2522 ἄν
1038 2490 1117 2531 τις
1183 2469 1289 2525 τῶν
1348 2468 1793 2547 ἀνθρωπηθὲντων
1868 2470 1984 2548 περὶ

2071 2463 2299 2525 somnio
2336 2464 2656 2529 libidinoso
2687 2469 2746 2529 in
2801 2469 3051 2532 seminis
3082 2471 3304 2531 ﬂuxum
3329 2468 3668 2530 inciderunt
3701 2490 3715 2529 :

338 2561 444 2611 τῶν
538 2556 880 2636 ἀφαντάστως
984 2557 1165 2633 ῥύσει
1224 2558 1613 2637 περιπεσόντων
1695 2563 1880 2636 γονῆς,
1937 2557 1984 2613 τί

2071 2551 2210 2632 quid
2241 2553 2316 2616 de
2372 2555 2445 2616 iis
2497 2555 2742 2631 dixeris,
2792 2559 2892 2638 qui
2949 2559 3010 2620 in
3075 2558 3324 2620 somniis
3395 2557 3719 2620 tactionem

335 2643 382 2700 δ’
415 2643 477 2699 ἂν
510 2645 673 2722 εἴπῃς
723 2648 838 2722 περὶ
907 2649 1010 2702 τῶν
1067 2645 1467 2724 ὀνειρασθὲντων
1511 2649 1596 2702 καὶ
1656 2647 1982 2727 φαντασθέν-

2071 2641 2342 2703 mulieris
2403 2643 2707 2722 imaginati
2779 2654 2938 2721 sunt,
3014 2655 3116 2708 aut
3167 2647 3328 2708 aliud
3388 2645 3721 2727 quidpiam,

336 2756 441 2789 των
471 2735 610 2814 ἁφὴν
657 2737 924 2814 γυναικὸς,
978 2735 1014 2804 ἢ
1071 2735 1245 2814 ἕτερόν
1315 2759 1364 2791 τι
1421 2734 1677 2816 διεγεῖρον
1735 2737 1835 2804 τὴν
1891 2737 1984 2793 πύ-

2071 2730 2364 2792 suscitans
2385 2733 2582 2794 carnis
2603 2734 3155 2809 inﬂammationem,
3193 2735 3281 2797 vel
3312 2734 3385 2797 ad
3410 2734 3726 2816 spermatis

336 2845 496 2898 ρωσιν
580 2830 678 2892 τῆς
721 2827 935 2904 σαρκὸς,
993 2828 1080 2882 καὶ
1137 2825 1335 2904 μέχρις
1398 2824 1586 2905 ἐκροῆς
1643 2826 1984 2907 πεφθακότων

2071 2818 2290 2880 ﬂuxum
2346 2839 2529 2902 usque
2587 2823 3036 2902 pervenerunt?
3066 2823 3216 2886 Num
3250 2823 3357 2886 tibi
3389 2841 3630 2904 prorsus
3661 2822 3723 2883 bi

334 2922 427 2972 τοῦ
478 2913 810 2995 σπέρματος,
871 2919 943 2974 0-3
1037 2915 1246 2978 πάντως
1333 2915 1472 2972 οὗτοί
1539 2938 1620 2972 σοι
1704 2916 1984 2991 μεμιάνθαι

2071 2907 2279 2987 polluti
2312 2927 2443 2970 esse
2499 2912 2953 2975 censebuntur?
3009 2911 3314 2994 Siquidem
3373 2913 3448 2988 is,
3480 2911 3582 2993 qui
3612 2913 3723 2973 hoc

338 3003 724 3083 κριθήσονταις
787 3007 846 3063 Εἰ
890 3006 988 3081 μὲν
1058 3007 1085 3061 6
1141 3007 1294 3061 τοῦτο
1349 3005 1555 3085 παθὼν,
1627 3006 1672 3061 ὦ
1729 3005 1980 3076 ἀντίθετε,

2071 3015 2280 3085 passus
2308 3005 2416 3074 est,
2437 2999 2773 3063 adversarie
2803 3051 2817 3075 ,
2847 3002 3281 3082 praecedentem
3317 2999 3520 3062 habuit
3549 3001 3724 3062 οπεο-

335 3093 787 3170 προῦποκειμὲνην
832 3095 989 3174 εἶχεν
1033 3093 1348 3170 ἐμπάθεῖαν,
1403 3095 1500 3150 κάν
1543 3084 1673 3156 τοῖς
1706 3093 1984 3172 λογισμοῖς

2075 3084 2295 3147 tionem
2354 3086 2623 3150 libidinis
2680 3097 2737 3150 et
2793 3090 3250 3170 cogitationibus
3278 3088 3422 3150 aluit
3453 3088 3720 3150 mulieris

337 3179 612 3256 ἐπιθυμίαν
683 3181 861 3263 ἔτρεφε
931 3185 1202 3262 γυναικὸς,
1274 3183 1362 3238 καὶ
1463 3184 1657 3248 ταύτην
1742 3181 1984 3261 ἔστρεφεν

2071 3175 2645 3263 concupiscentiam,
2709 3197 2963 3259 eamque
3011 3179 3210 3241 animo
3242 3178 3510 3253 versavit,
3543 3186 3720 3258 atque

334 3269 418 3326 ἐπὶ
449 3277 587 3351 νοῦν,
623 3275 709 3329 καὶ
764 3273 931 3338 οὕτως
987 3276 1021 3341 ἡ
1094 3273 1348 3353 φαντασία
1401 3270 1516 3328 καθ’
1581 3271 1773 3336 ὕπνους
1842 3271 1983 3338 ἐπη-

2075 3261 2154 3323 ita
2183 3263 2524 3342 imaginatio
2583 3266 2644 3326 in
2676 3268 2908 3328 somnio
2959 3267 3278 3329 subsecuta
3310 3275 3418 3343 est,
3455 3284 3566 3330 nec
3594 3266 3722 3346 ipse

335 3357 683 3432 κολούθησεν,
749 3359 856 3419 οὔδ’
889 3361 1044 3426 αὒτὸς
1097 3367 1262 3439 κρινῶ
1300 3361 1390 3414 τὸν
1445 3367 1687 3415 τοιαῦτον
1731 3359 1984 3417 ἀναίτιον.

2073 3352 2232 3412 hunc
2255 3351 2636 3415 innocentem
2664 3355 3029 3434 jutlicavero.
3071 3354 3199 3418 Sibi
3232 3355 3389 3416 enim
3421 3355 3546 3434 ipse
3578 3374 3722 3434 prae-

337 3449 501 3514 Αὐτὸς
530 3450 629 3528 γὰρ
689 3451 860 3525 ἑαυτῴ
934 3459 1024 3508 τοῦ
1072 3451 1267 3511 πάθους
1327 3447 1466 3504 ἐστὶν
1523 3447 1857 3522 αἰτιώτατος,
1907 3446 1984 3502 καῖ

2073 3442 2282 3521 cipuus
2313 3449 2402 3503 est
2428 3451 2632 3503 auctor
2653 3443 2819 3517 mali,
2859 3452 2917 3504 et
2939 3443 3279 3524 inquinatus
3302 3452 3410 3515 est,
3448 3462 3565 3504 non
3587 3461 3722 3506 cor-

339 2196 387 2253 δ⁹
429 2197 483 2253 ὲν
539 2198 847 2279 ἐγρηγόρσει
921 2207 1074 2257 τοῦτο
1128 2203 1400 2280 παθοῦσιν,
1503 2200 1621 2256 ἐᾶτε
1680 2203 1739 2257 τὸ
1821 2201 1986 2264 πάθος

337 2286 769 2368 ἀνεπιτίμητονς
845 2290 941 2347 Καὶ
1000 2287 1159 2369 ἄμφω
1226 2291 1325 2369 γαρ
1405 2289 1657 2368 ἐκκρίσεις
1737 2291 1833 2346 εἶσὶ
1887 2313 1985 2370 φυ-

340 2338 769 2368 """"'r"l"')
845 2338 940 2347 ’ντ-
1001 2338 1156 2369 -ι-τ-
1240 2338 1323 2369 t'T
1405 2338 1657 2368 ""‘t'""‘
1737 2338 1833 2346 ""
1889 2338 1950 2370 τ’

338 2377 500 2455 σικαὶ,
573 2379 660 2434 καὶ
719 2376 881 2459 ἄμφω
934 2378 1288 2458 ἀπροαιρέτως
1379 2377 1774 2455 συμϐαίνουσαι.
1835 2371 1988 2436 Ἀλλ’

335 3539 658 3614 μεμόλυνται
742 3545 802 3600 οὒ
857 3543 919 3598 τὸ
976 3547 1156 3618 σῶμα,
1244 3535 1328 3593 διὰ
1411 3537 1507 3604 τὴν
1582 3537 1816 3616 ἔκκρισιν
1887 3537 1987 3602 τὴν

336 3632 702 3707 σπερματικὴν
775 3628 858 3709 (οὔ
929 3630 1028 3708 γάρ
1118 3626 1405 3703 ἀκαθαρσία
1478 3627 1619 3682 τουτὶ
1687 3627 1747 3680 τὸ
1801 3625 1983 3700 περίτ-

338 3717 543 3796 τωμα),
607 3717 743 3775 ἀλλα
811 3720 902 3774 τὸν
989 3717 1268 3794 λογισμὸν,
1329 3713 1412 3770 διὰ
1469 3714 1566 3780 τὴν
1609 3714 1986 3790 συγκατάθεσιν

342 3811 440 3872 τῆς
504 3805 776 3881 ἐπιθυμίας
833 3807 928 3874 τῆς
984 3812 1262 3886 σαρκικῆς.
1324 3805 1381 3862 Εἰ
1453 3802 1506 3858 δὲ
1575 3809 1812 3858 τοιοῦτον
1869 3799 1984 3858 οὔδε

339 3901 417 3967 τῷ
479 3895 578 3960 τὴν
641 3896 805 3972 γονὴν
865 3896 1200 3974 ἀποκρίναντι
1257 3891 1628 3970 προῦπέκειτο,
1703 3888 1820 3946 οὔτε
1877 3890 1984 3964 μὴν

336 3984 424 4039 τὸν
497 3982 752 4062 λογισμὸν
810 3985 968 4065 εἶχεν
1024 3982 1277 4058 ἐμπαθείᾳ
1351 3980 1570 4056 τοιαύτῃ
1657 3979 1956 4056 ἐγκείμενον

339 4073 646 4148 αὐτομάτως
689 4071 734 4128 δ’
768 4076 802 4142 ἡ
835 4075 1090 4153 φαντασία
1157 4070 1376 4144 ἒπῆλθε,
1421 4071 1510 4125 καὶ
1579 4070 1612 4136 ἡ
1670 4069 1763 4136 τῆς
1821 4074 1984 4147 γονῆς

333 4162 493 4239 ὲκροὴ
578 4161 614 4228 ἢ
681 4164 768 4218 καὶ
826 4162 877 4227 ἐξ
927 4162 1174 4241 ἐπηρείας
1245 4161 1533 4224 σατανικῆς
1615 4156 1980 4232 ἕπενῆνεκται,

335 4251 473 4306 κατά
549 4252 670 4315 τοὺς
740 4252 905 4315 θείους
994 4250 1251 4328 Πατέρας,
1337 4254 1427 4304 τοῦ
1513 4245 1798 4321 δεσμενοῦς
1868 4260 1984 4310 τοῖς

331 4339 595 4406 ἆσκηταῖς
666 4340 1016 4420 ἐνεδρεύοντος
1065 4357 1078 4372 ⁸
1167 4344 1226 4398 οὗ
1307 4336 1614 4420 μιμήσομαί
1716 4358 1806 4391 σου
1889 4337 1988 4420 τὴν

2075 3547 2242 3608 pore,
2279 3537 2522 3609 propter
2561 3532 2914 3593 seminalem
2947 3532 3348 3594 excretionem
3380 3534 3528 3608 (non
3559 3532 3717 3592 enim

2069 3617 2480 3679 immundities
2538 3628 2626 3681 est
2683 3620 3026 3700 hujusmodi
3082 3620 3577 3700 cxcrementum),
3615 3619 3718 3681 scd

2069 3707 2450 3788 cogitatione,
2461 3717 2702 3789 propter
2714 3710 2968 3771 carnalis
2981 3709 3270 3771 desiderii
3283 3708 3688 3770 assensionem
3704 3758 3717 3771 .

2069 3794 2234 3866 Quod
2269 3795 2318 3856 si
2351 3796 2410 3858 in
2465 3815 2558 3871 eo,
2611 3799 2712 3879 qui
2773 3797 3092 3879 genitalem
3124 3799 3344 3860 ﬂuxum
3380 3815 3584 3878 passus
3608 3806 3720 3873 est,

2068 3883 2215 3944 nihil
2248 3885 2360 3946 tale
2385 3887 2916 3968 praecessitmeque
2938 3888 3358 3968 cogitationem
3381 3887 3726 3968 hujusmodi

2071 3973 2330 4034 deditam
2389 3975 2694 4038 aﬂ‘ectioni
2742 3976 2988 4050 habuit;
3045 3979 3145 4040 sed
3194 3976 3537 4056 imaginatio
3571 3978 3723 4038 ultro

2067 4061 2335 4138 incessit,
2361 4073 2420 4124 et
2441 4063 2689 4128 seminis
2711 4065 2911 4128 ﬂuxio.
2936 4067 3022 4127 vel
3057 4067 3238 4128 etiam
3265 4085 3335 4129 ex
3359 4065 3723 4148 improperio

2069 4152 2331 4212 satanicu
2369 4153 2566 4214 lillata
2597 4163 2708 4230 est,
2767 4156 3095 4217 secundum
3149 4155 3314 4216 divos
3343 4155 3567 4231 Patres,
3603 4155 3726 4216 ini-

2071 4241 2224 4301 mico
2246 4241 2482 4302 athletis
2507 4242 2830 4306 insidiante
2859 4263 2870 4303 :
2903 4263 3019 4307 non
3046 4245 3321 4306 imitabor
3355 4244 3414 4305 in
3440 4245 3533 4306 his
3565 4253 3722 4306 tuam

2071 4327 2469 4410 irreligiosam
2503 4332 3038 4411 rcligionem.Caro
3071 4335 3228 4396 enim
3257 4333 3476 4414 polluta
3501 4354 3615 4394 non
3637 4341 3728 4396 est

564 4433 589 4443 ς.
783 4415 793 4420 '
925 4436 944 4444 ..
1184 4427 1194 4446 ρ
1429 4415 1442 4435 ε
1608 4423 1622 4440 ι
1765 4425 1777 4440 ι
1902 4424 1914 4442 ς
1965 4418 1984 4440 ν

332 4425 595 4495 ἀνευλαϐη
652 4431 770 4507 περὶ
852 4451 1017 4484 ταυτα
1075 4425 1369 4487 εὖλαϐειαν,
1449 4431 1491 4480 Η
1565 4445 1662 4499 μεν
1723 4446 1822 4502 γαρ
1863 4443 1984 4503 σαρῖ¹

2072 4419 2411 4480 excrctione
2439 4421 2882 4485 seminis.Buna
2906 4422 3065 4484 enim
3091 4423 3284 4484 omnis
3301 4421 3715 4495 Deicreatira,

335 4519 394 4574 οὗ
425 4520 708 4592 μεμίανται
761 4525 830 4595 τῇ
888 4517 1112 4596 ὲκκρίσει
1181 4523 1272 4572 τοῦ
1330 4512 1655 4593 σπέρματος,
1734 4519 1844 4568 Πᾶν
1887 4513 1984 4592 γὰρ

2073 4517 2130 4570 et
2162 4507 2394 4568 Christo
2429 4507 2619 4570 bonus
2640 4511 2788 4572 odor
2809 4510 3097 4572 sumusin
3134 4511 3224 4585 iis,
3259 4509 3357 4591 qui
3390 4518 3719 4583 servantur,

333 4608 526 4682 κτίσμα
581 4611 719 4665 Θεοῦ
771 4607 962 4681 καλὸν,
1047 4608 1135 4664 καὶ
1186 4613 1393 4686 Χριστῷ
1474 4601 1658 4662 εὐωδία
1713 4603 1871 4678 ἐσμὲν
1935 4603 1984 4658 ἐν

2071 4598 2234 4677 juxta
2264 4615 2534 4675 magnum
2563 4599 2933 4679 Apostolum.
2963 4599 3127 4672 Quod
3179 4599 3230 4660 si
3253 4599 3427 4659 etiam
3450 4598 3726 4676 cogitatio

332 4707 448 4761 τοῖς
521 4697 864 4778 σωζομένοις,
923 4698 1058 4753 κατά
1130 4699 1220 4755 τὸν
1305 4694 1474 4773 μέγαν
1545 4691 1896 4751 Ἀπόστολον.
1933 4693 1984 4750 Ei

2074 4685 2379 4765 imaginati
2436 4688 2732 4749 somnium
2793 4688 3203 4763 libidinosum,
3253 4695 3414 4749 extra
3445 4688 3719 4768 concupi-

331 4782 385 4840 δὲ
442 4787 528 4842 καὶ
588 4789 616 4842 6
671 4775 930 4865 λογισμὸς
1031 4793 1125 4844 τοῦ
1215 4782 1628 4862 ὁνειρασθέντος,
1704 4780 1984 4857 ἐμπαθείας

2073 4775 2362 4865 scentiam
2394 4775 2524 4849 fuit,
2576 4777 2692 4838 erit
2722 4786 2779 4838 et
2811 4777 2913 4838 ille
2967 4777 3336 4857 impollutus.
3367 4776 3521 4865 Quid
3550 4776 3728 4853 igitur

330 4874 506 4954 ἐκτὸς,
553 4875 800 4938 κάκεῖνος
831 4876 1105 4951 ἀμίαντος.
1145 4877 1205 4934 Τί
1273 4875 1442 4931 τοίνυν
1514 4873 1575 4927 τὸ
1633 4873 1723 4927 τὸν
1780 4869 1984 4950 ἅνθρω-

2076 4863 2381 4926 hominem
2433 4882 2468 4924 a
2515 4874 2855 4926 sanctorum
2913 4878 2952 4905 ιιι
3008 4865 3173 4926 aditu
3223 4863 3468 4937 arcebit,
3532 4865 3580 4925 si
3615 4884 3726 4927 nec

329 4986 430 5020 πον
492 4951 752 5042 ⁷ἀπεῖρξον
809 4965 909 5032 τῆς
968 4966 1041 5028 είς
1099 4965 1165 5020 τὰ
1226 4963 1351 5041 ἅγια
1407 4959 1853 5040 προσελεύσεως;
1927 4963 1984 5017 Εἰ

2071 4953 2346 5042 cogitatio
2395 4951 2721 5016 libidinoso
2778 4953 3103 5034 desiderio,
3156 4973 3268 5042 nec
3317 4973 3453 5042 caro
3485 4963 3721 5018 excrcto

330 5051 470 5126 μήτε
540 5053 568 5106 6
638 5041 894 5129 λογισμὸς
953 5050 1004 5116 ἐξ
1059 5050 1323 5127 ἐμπαθοῠς
1378 5047 1679 5126 ἐπιθυμίας,
1755 5047 1892 5120 μήτε
1949 5048 1984 5114 ἡ

2071 5041 2299 5104 semine
2355 5060 2619 5122 aspersa,
2675 5043 2986 5122 inquinata
3041 5045 3172 5105 est?
3225 5041 3462 5105 Videris
3495 5043 3637 5106 mihi
3670 5043 3721 5104 si

327 5137 452 5216 σαρξί⁸
509 5139 844 5217 ῥαντισθεῖσα
899 5145 977 5215 τῷ
1047 5139 1334 5218 ἓκκριθέντι
1422 5135 1690 5214 σπέρματι
1760 5133 1984 5213 κέχραν-

2071 5129 2424 5218 Πωωιηγιιὶε
2481 5151 2708 5211 passus,
2770 5132 2830 5193 in
2882 5132 3304 5212 imaginatione
3361 5132 3527 5194 fuitII
3585 5132 3720 5196 lecti

323 5247 433 5289 ται.
526 5227 600 5283 Σύ
653 5251 744 5302 μοι
842 5227 1044 5302 δοκεῖς,
1143 5230 1188 5285 εἰ
1213 5230 1241 5284 6
1269 5228 1366 5294 τὴν
1410 5224 1553 5303 ῥύσιν
1626 5221 1806 5279 παθών
1838 5224 1984 5288 οὗτος

2072 5217 2342 5283 mulieris
2391 5219 2512 5280 viro
2591 5221 2944 5301 conjunctae,
3016 5221 3194 5284 etiam
3247 5221 3522 5285 adulterii
3580 5240 3716 5284 eum

1652 5397 1910 5464 VABIIE
1954 5396 2272 5462 LECTION
2279 5398 2388 5461 ES.

401 5535 464 5588 46
491 5537 574 5595 διε
587 5560 616 5594 τ
630 5536 836 5604 άξαντο.

394 5661 411 5716 i
486 5662 595 5744 qui
626 5663 871 5743 quidem
902 5664 1134 5744 majore
1158 5661 1227 5742 ﬁt
1252 5661 1577 5742 voluptate.
1605 5674 1633 5718 ιι
1664 5663 1772 5742 qui
1824 5656 2162 5737 vigilantes.
2200 5655 2210 5690 ¹
2244 5671 2324 5716 ex
2355 5636 2684 5739 teittatione
2712 5659 3018 5720 satanica.
3054 5675 3095 5704 ιιι
3127 5673 3438 5720 sacrarum
3490 5672 3716 5721 rerum.

326 5764 354 5796 ιι
388 5751 744 5817 concubitus
773 5769 913 5817 cum
940 5752 1196 5817 muliere
1223 5753 1358 5815 viro
1386 5754 1739 5832 conjuncta.
