  <div class='ocr_page' id='page_1' title='image "/cluster/home/n/w/nwhite01/storage/ocr_20150623/119/hvd.32044073502494/517.png"; bbox 0 0 4160 6212; ppageno 0'>
   <div class='ocr_carea' id='block_1_1' title="bbox 430 312 587 380">
    <p class='ocr_par' dir='ltr' id='par_1_1' title="bbox 430 312 587 380">
     <span class='ocr_line' id='line_1_1' title="bbox 430 312 587 380; baseline 0.019 -3"><span class='ocrx_word' id='word_1_1' title='bbox 430 312 587 380; x_wconf 83' lang='grc'><strong>1019</strong></span> 
     </span>
    </p>
   </div>
   <div class='ocr_carea' id='block_1_2' title="bbox 1807 313 2426 383">
    <p class='ocr_par' dir='ltr' id='par_1_2' title="bbox 1807 313 2426 383">
     <span class='ocr_line' id='line_1_2' title="bbox 1807 313 2426 383; baseline -0.003 -1"><span class='ocrx_word' id='word_1_2' title='bbox 1807 319 1841 382; x_wconf 86' lang='lat' dir='ltr'><strong>J</strong></span> <span class='ocrx_word' id='word_1_3' title='bbox 1845 319 1940 381; x_wconf 90' lang='lat' dir='ltr'><strong>US</strong></span> <span class='ocrx_word' id='word_1_4' title='bbox 1977 313 2426 383; x_wconf 84' lang='lat' dir='ltr'><strong>CANONICUM</strong></span> 
     </span>
    </p>
   </div>
   <div class='ocr_carea' id='block_1_3' title="bbox 3651 320 3816 387">
    <p class='ocr_par' dir='ltr' id='par_1_3' title="bbox 3651 320 3816 387">
     <span class='ocr_line' id='line_1_3' title="bbox 3651 320 3816 387; baseline 0.018 -3"><span class='ocrx_word' id='word_1_5' title='bbox 3651 320 3816 387; x_wconf 70' lang='grc'><strong>1020</strong></span> 
     </span>
    </p>
   </div>
   <div class='ocr_carea' id='block_1_4' title="bbox 430 450 2086 536">
    <p class='ocr_par' dir='ltr' id='par_1_4' title="bbox 430 450 2070 536">
     <span class='ocr_line' id='line_1_4' title="bbox 430 450 2070 536; baseline 0.002 -23"><span class='ocrx_word' id='word_1_6' title='bbox 430 450 745 529; x_wconf 87' lang='lat' dir='ltr'><strong>damnare,</strong></span> <span class='ocrx_word' id='word_1_7' title='bbox 780 460 841 516; x_wconf 90' lang='lat' dir='ltr'><strong>et</strong></span> <span class='ocrx_word' id='word_1_8' title='bbox 892 450 1050 517; x_wconf 83' lang='lat' dir='ltr'><strong>velut</strong></span> <span class='ocrx_word' id='word_1_9' title='bbox 1076 452 1343 517; x_wconf 86' lang='lat' dir='ltr'><strong>adultero</strong></span> <span class='ocrx_word' id='word_1_10' title='bbox 1399 454 1627 517; x_wconf 86' lang='lat' dir='ltr'><strong>homini</strong></span> <span class='ocrx_word' id='word_1_11' title='bbox 1658 453 2070 536; x_wconf 71' lang='lat' dir='ltr'><strong>pmnamirro-</strong></span> 
     </span>
    </p>
   </div>
   <div class='ocr_carea' id='block_1_5' title="bbox 2171 450 3816 536">
    <p class='ocr_par' dir='ltr' id='par_1_5' title="bbox 2171 451 3816 535">
     <span class='ocr_line' id='line_1_5' title="bbox 2171 451 3816 535; baseline 0.007 -26"><span class='ocrx_word' id='word_1_12' title='bbox 2171 458 2208 509; x_wconf 62' lang='grc' dir='ltr'><strong>ιν</strong></span> <span class='ocrx_word' id='word_1_13' title='bbox 2266 452 2523 532; x_wconf 74' lang='grc' dir='ltr'><strong>φαντασίᾳ</strong></span> <span class='ocrx_word' id='word_1_14' title='bbox 2586 451 2801 532; x_wconf 83' lang='grc' dir='ltr'>γέγονεν</span> <span class='ocrx_word' id='word_1_15' title='bbox 2859 455 3015 522; x_wconf 72' lang='grc' dir='ltr'>εὐνῆς</span> <span class='ocrx_word' id='word_1_16' title='bbox 3074 457 3321 535; x_wconf 85' lang='grc' dir='ltr'>γυναικὸς</span> <span class='ocrx_word' id='word_1_17' title='bbox 3394 456 3816 534; x_wconf 62' lang='grc' dir='ltr'>συνεζευγμένοι(</span> 
     </span>
    </p>
   </div>
   <div class='ocr_carea' id='block_1_6' title="bbox 434 542 2087 623">
    <p class='ocr_par' dir='ltr' id='par_1_6' title="bbox 434 542 2087 623">
     <span class='ocr_line' id='line_1_6' title="bbox 434 542 2087 623; baseline 0.001 -20"><span class='ocrx_word' id='word_1_18' title='bbox 434 557 585 621; x_wconf 79' lang='lat' dir='ltr'><strong>gare</strong></span> <span class='ocrx_word' id='word_1_19' title='bbox 615 562 629 603; x_wconf 88' lang='lat'><strong>:</strong></span> <span class='ocrx_word' id='word_1_20' title='bbox 654 549 713 605; x_wconf 92' lang='lat' dir='ltr'><strong>et</strong></span> <span class='ocrx_word' id='word_1_21' title='bbox 729 542 787 606; x_wconf 89' lang='lat' dir='ltr'><strong>in</strong></span> <span class='ocrx_word' id='word_1_22' title='bbox 810 561 968 618; x_wconf 90' lang='lat' dir='ltr'><strong>eum,</strong></span> <span class='ocrx_word' id='word_1_23' title='bbox 1002 542 1104 623; x_wconf 87' lang='lat' dir='ltr'><strong>qui</strong></span> <span class='ocrx_word' id='word_1_24' title='bbox 1153 542 1215 605; x_wconf 91' lang='lat' dir='ltr'><strong>in</strong></span> <span class='ocrx_word' id='word_1_25' title='bbox 1238 542 1466 606; x_wconf 83' lang='lat' dir='ltr'><strong>somnis</strong></span> <span class='ocrx_word' id='word_1_26' title='bbox 1487 542 1776 606; x_wconf 83' lang='lat' dir='ltr'><strong>sibivisus</strong></span> <span class='ocrx_word' id='word_1_27' title='bbox 1796 542 2087 606; x_wconf 89' lang='lat' dir='ltr'><strong>occidisse</strong></span> 
     </span>
    </p>
   </div>
   <div class='ocr_carea' id='block_1_7' title="bbox 438 631 2085 712">
    <p class='ocr_par' dir='ltr' id='par_1_7' title="bbox 438 631 2085 712">
     <span class='ocr_line' id='line_1_7' title="bbox 438 631 2085 712; baseline 0.001 -20"><span class='ocrx_word' id='word_1_28' title='bbox 438 631 805 712; x_wconf 81' lang='lat' dir='ltr'><strong>quempiam,</strong></span> <span class='ocrx_word' id='word_1_29' title='bbox 831 631 1143 694; x_wconf 83' lang='lat' dir='ltr'><strong>homicidii</strong></span> <span class='ocrx_word' id='word_1_30' title='bbox 1173 631 1526 695; x_wconf 89' lang='lat' dir='ltr'><strong>sententiam</strong></span> <span class='ocrx_word' id='word_1_31' title='bbox 1550 636 1728 707; x_wconf 88' lang='lat' dir='ltr'><strong>terre,</strong></span> <span class='ocrx_word' id='word_1_32' title='bbox 1750 640 1808 695; x_wconf 92' lang='lat' dir='ltr'><strong>et</strong></span> <span class='ocrx_word' id='word_1_33' title='bbox 1827 631 2085 696; x_wconf 87' lang='lat' dir='ltr'><strong>homici-</strong></span> 
     </span>
    </p>
   </div>
   <div class='ocr_carea' id='block_1_8' title="bbox 437 718 2085 802">
    <p class='ocr_par' dir='ltr' id='par_1_8' title="bbox 437 718 2085 802">
     <span class='ocr_line' id='line_1_8' title="bbox 437 718 2085 802; baseline 0.002 -22"><span class='ocrx_word' id='word_1_34' title='bbox 437 719 648 782; x_wconf 90' lang='lat' dir='ltr'><strong>darum</strong></span> <span class='ocrx_word' id='word_1_35' title='bbox 683 718 874 802; x_wconf 67' lang='lat' dir='ltr'><strong>prunis</strong></span> <span class='ocrx_word' id='word_1_36' title='bbox 895 720 1217 802; x_wconf 77' lang='lat' dir='ltr'><strong>subjicere,</strong></span> <span class='ocrx_word' id='word_1_37' title='bbox 1244 722 1337 784; x_wconf 85' lang='lat' dir='ltr'><strong>vel</strong></span> <span class='ocrx_word' id='word_1_38' title='bbox 1361 721 1537 785; x_wconf 91' lang='lat' dir='ltr'><strong>etiam</strong></span> <span class='ocrx_word' id='word_1_39' title='bbox 1575 721 1943 800; x_wconf 84' lang='lat' dir='ltr'><strong>magistratui</strong></span> <span class='ocrx_word' id='word_1_40' title='bbox 1971 728 2085 783; x_wconf 84' lang='lat' dir='ltr'><strong>tra-</strong></span> 
     </span>
    </p>
   </div>
   <div class='ocr_carea' id='block_1_9' title="bbox 434 807 2080 892">
    <p class='ocr_par' dir='ltr' id='par_1_9' title="bbox 434 807 2080 892">
     <span class='ocr_line' id='line_1_9' title="bbox 434 807 2080 892; baseline 0.002 -23"><span class='ocrx_word' id='word_1_41' title='bbox 434 807 580 870; x_wconf 84' lang='lat' dir='ltr'><strong>dere</strong></span> <span class='ocrx_word' id='word_1_42' title='bbox 606 808 994 889; x_wconf 89' lang='lat' dir='ltr'><strong>puniendum.</strong></span> <span class='ocrx_word' id='word_1_43' title='bbox 1030 810 1103 872; x_wconf 88' lang='lat' dir='ltr'><strong>Et</strong></span> <span class='ocrx_word' id='word_1_44' title='bbox 1153 828 1415 892; x_wconf 84' lang='lat' dir='ltr'><strong>rursum,</strong></span> <span class='ocrx_word' id='word_1_45' title='bbox 1454 828 1740 874; x_wconf 85' lang='lat' dir='ltr'><strong>conversa</strong></span> <span class='ocrx_word' id='word_1_46' title='bbox 1763 810 2080 887; x_wconf 75' lang='lat' dir='ltr'><strong>sententia,</strong></span> 
     </span>
    </p>
   </div>
   <div class='ocr_carea' id='block_1_10' title="bbox 435 895 2083 981">
    <p class='ocr_par' dir='ltr' id='par_1_10' title="bbox 435 895 2083 981">
     <span class='ocr_line' id='line_1_10' title="bbox 435 895 2083 981; baseline 0.002 -23"><span class='ocrx_word' id='word_1_47' title='bbox 435 895 704 979; x_wconf 88' lang='lat' dir='ltr'><strong>eum,qui</strong></span> <span class='ocrx_word' id='word_1_48' title='bbox 753 897 817 959; x_wconf 90' lang='lat' dir='ltr'><strong>in</strong></span> <span class='ocrx_word' id='word_1_49' title='bbox 864 896 1110 961; x_wconf 87' lang='lat' dir='ltr'><strong>somniis</strong></span> <span class='ocrx_word' id='word_1_50' title='bbox 1141 918 1246 981; x_wconf 89' lang='lat' dir='ltr'><strong>pro</strong></span> <span class='ocrx_word' id='word_1_51' title='bbox 1299 899 1518 981; x_wconf 85' lang='lat' dir='ltr'><strong>pietate</strong></span> <span class='ocrx_word' id='word_1_52' title='bbox 1549 899 1814 975; x_wconf 81' lang='lat' dir='ltr'><strong>certavit,</strong></span> <span class='ocrx_word' id='word_1_53' title='bbox 1847 918 2083 962; x_wconf 86' lang='lat' dir='ltr'><strong>connu-</strong></span> 
     </span>
    </p>
   </div>
   <div class='ocr_carea' id='block_1_11' title="bbox 440 985 2083 1069">
    <p class='ocr_par' dir='ltr' id='par_1_11' title="bbox 440 985 2083 1069">
     <span class='ocr_line' id='line_1_11' title="bbox 440 985 2083 1069; baseline 0.002 -23"><span class='ocrx_word' id='word_1_54' title='bbox 440 1002 670 1047; x_wconf 90' lang='lat' dir='ltr'><strong>merare</strong></span> <span class='ocrx_word' id='word_1_55' title='bbox 690 985 1044 1067; x_wconf 78' lang='lat' dir='ltr'><strong>martyribus</strong></span> <span class='ocrx_word' id='word_1_56' title='bbox 1071 1006 1085 1050; x_wconf 89' lang='lat'><strong>:</strong></span> <span class='ocrx_word' id='word_1_57' title='bbox 1130 995 1188 1051; x_wconf 91' lang='lat' dir='ltr'><strong>et</strong></span> <span class='ocrx_word' id='word_1_58' title='bbox 1218 988 1322 1069; x_wconf 89' lang='lat' dir='ltr'><strong>qui</strong></span> <span class='ocrx_word' id='word_1_59' title='bbox 1353 987 1413 1049; x_wconf 91' lang='lat' dir='ltr'><strong>in</strong></span> <span class='ocrx_word' id='word_1_60' title='bbox 1445 988 1672 1050; x_wconf 87' lang='lat' dir='ltr'><strong>somnis</strong></span> <span class='ocrx_word' id='word_1_61' title='bbox 1700 1006 2083 1069; x_wconf 79' lang='lat' dir='ltr'><strong>congressum</strong></span> 
     </span>
    </p>
   </div>
   <div class='ocr_carea' id='block_1_12' title="bbox 437 1073 2085 1156">
    <p class='ocr_par' dir='ltr' id='par_1_12' title="bbox 437 1073 2085 1156">
     <span class='ocr_line' id='line_1_12' title="bbox 437 1073 2085 1156; baseline 0.002 -22"><span class='ocrx_word' id='word_1_62' title='bbox 437 1073 805 1155; x_wconf 90' lang='lat' dir='ltr'><strong>impudicum</strong></span> <span class='ocrx_word' id='word_1_63' title='bbox 829 1075 1350 1156; x_wconf 63' lang='lat' dir='ltr'><strong>eﬁ‘ugit,coronare</strong></span> <span class='ocrx_word' id='word_1_64' title='bbox 1366 1085 1430 1139; x_wconf 91' lang='lat' dir='ltr'><strong>ut</strong></span> <span class='ocrx_word' id='word_1_65' title='bbox 1451 1077 1879 1140; x_wconf 89' lang='lat' dir='ltr'><strong>continentem.</strong></span> <span class='ocrx_word' id='word_1_66' title='bbox 1916 1077 2085 1151; x_wconf 87' lang='lat' dir='ltr'><strong>Quod</strong></span> 
     </span>
    </p>
   </div>
   <div class='ocr_carea' id='block_1_13' title="bbox 435 1161 2088 1245">
    <p class='ocr_par' dir='ltr' id='par_1_13' title="bbox 435 1161 2088 1245">
     <span class='ocr_line' id='line_1_13' title="bbox 435 1161 2088 1245; baseline 0.003 -21"><span class='ocrx_word' id='word_1_67' title='bbox 435 1161 484 1224; x_wconf 88' lang='lat' dir='ltr'><strong>si</strong></span> <span class='ocrx_word' id='word_1_68' title='bbox 515 1164 639 1245; x_wconf 74' lang='lat' dir='ltr'><strong>haec</strong></span> <span class='ocrx_word' id='word_1_69' title='bbox 668 1164 852 1227; x_wconf 90' lang='lat' dir='ltr'><strong>decus</strong></span> <span class='ocrx_word' id='word_1_70' title='bbox 871 1184 989 1228; x_wconf 89' lang='lat' dir='ltr'><strong>non</strong></span> <span class='ocrx_word' id='word_1_71' title='bbox 1021 1177 1347 1243; x_wconf 87' lang='lat' dir='ltr'><strong>merentur,</strong></span> <span class='ocrx_word' id='word_1_72' title='bbox 1379 1186 1490 1229; x_wconf 90' lang='lat' dir='ltr'><strong>nec</strong></span> <span class='ocrx_word' id='word_1_73' title='bbox 1528 1166 1630 1229; x_wconf 93' lang='lat' dir='ltr'><strong>illa</strong></span> <span class='ocrx_word' id='word_1_74' title='bbox 1651 1166 1929 1229; x_wconf 86' lang='lat' dir='ltr'><strong>dedecus.</strong></span> <span class='ocrx_word' id='word_1_75' title='bbox 1967 1168 2088 1229; x_wconf 84' lang='grc' dir='ltr'>Αυι</span> 
     </span>
    </p>
   </div>
   <div class='ocr_carea' id='block_1_14' title="bbox 435 1252 2084 1337">
    <p class='ocr_par' dir='ltr' id='par_1_14' title="bbox 435 1252 2084 1337">
     <span class='ocr_line' id='line_1_14' title="bbox 435 1252 2084 1337; baseline 0.002 -24"><span class='ocrx_word' id='word_1_76' title='bbox 435 1252 598 1314; x_wconf 90' lang='lat' dir='ltr'><strong>enim</strong></span> <span class='ocrx_word' id='word_1_77' title='bbox 630 1255 813 1317; x_wconf 91' lang='lat' dir='ltr'><strong>a&#39;tera</strong></span> <span class='ocrx_word' id='word_1_78' title='bbox 842 1272 978 1335; x_wconf 90' lang='lat' dir='ltr'><strong>pars</strong></span> <span class='ocrx_word' id='word_1_79' title='bbox 1028 1255 1247 1336; x_wconf 86' lang='lat' dir='ltr'><strong>injuria</strong></span> <span class='ocrx_word' id='word_1_80' title='bbox 1277 1256 1593 1327; x_wconf 74' lang='lat' dir='ltr'><strong>afﬁciatur,</strong></span> <span class='ocrx_word' id='word_1_81' title='bbox 1630 1256 1679 1317; x_wconf 90' lang='lat' dir='ltr'><strong>si</strong></span> <span class='ocrx_word' id='word_1_82' title='bbox 1706 1264 1764 1317; x_wconf 86' lang='lat' dir='ltr'><strong>et</strong></span> <span class='ocrx_word' id='word_1_83' title='bbox 1794 1255 2084 1337; x_wconf 90' lang='lat' dir='ltr'><strong>optimum</strong></span> 
     </span>
    </p>
   </div>
   <div class='ocr_carea' id='block_1_15' title="bbox 435 1344 2085 1426">
    <p class='ocr_par' dir='ltr' id='par_1_15' title="bbox 435 1344 2085 1426">
     <span class='ocr_line' id='line_1_15' title="bbox 435 1344 2085 1426; baseline 0.002 -23"><span class='ocrx_word' id='word_1_84' title='bbox 435 1360 734 1423; x_wconf 85' lang='lat' dir='ltr'><strong>apparens</strong></span> <span class='ocrx_word' id='word_1_85' title='bbox 761 1348 820 1406; x_wconf 83' lang='lat' dir='ltr'><strong>et</strong></span> <span class='ocrx_word' id='word_1_86' title='bbox 843 1344 1319 1424; x_wconf 84' lang='lat' dir='ltr'><strong>pessimum,non</strong></span> <span class='ocrx_word' id='word_1_87' title='bbox 1344 1353 1405 1406; x_wconf 92' lang='lat' dir='ltr'><strong>ut</strong></span> <span class='ocrx_word' id='word_1_88' title='bbox 1430 1345 1728 1407; x_wconf 82' lang='lat' dir='ltr'><strong>somnium</strong></span> <span class='ocrx_word' id='word_1_89' title='bbox 1755 1352 2085 1426; x_wconf 90' lang='lat' dir='ltr'><strong>reputetur,</strong></span> 
     </span>
    </p>
   </div>
   <div class='ocr_carea' id='block_1_16' title="bbox 439 1432 2084 1512">
    <p class='ocr_par' dir='ltr' id='par_1_16' title="bbox 439 1432 2084 1512">
     <span class='ocr_line' id='line_1_16' title="bbox 439 1432 2084 1512; baseline 0.002 -20"><span class='ocrx_word' id='word_1_90' title='bbox 439 1439 499 1492; x_wconf 90' lang='lat' dir='ltr'><strong>et</strong></span> <span class='ocrx_word' id='word_1_91' title='bbox 526 1438 590 1492; x_wconf 94' lang='lat' dir='ltr'><strong>ut</strong></span> <span class='ocrx_word' id='word_1_92' title='bbox 620 1432 965 1512; x_wconf 86' lang='lat' dir='ltr'><strong>phantasma</strong></span> <span class='ocrx_word' id='word_1_93' title='bbox 989 1442 1405 1496; x_wconf 88' lang='lat' dir='ltr'><strong>contemnatur</strong></span> <span class='ocrx_word' id='word_1_94' title='bbox 1432 1455 1447 1509; x_wconf 88' lang='lat'><strong>;</strong></span> <span class='ocrx_word' id='word_1_95' title='bbox 1479 1442 1577 1495; x_wconf 91' lang='lat' dir='ltr'><strong>aut</strong></span> <span class='ocrx_word' id='word_1_96' title='bbox 1608 1434 1887 1496; x_wconf 89' lang='lat' dir='ltr'><strong>similiter</strong></span> <span class='ocrx_word' id='word_1_97' title='bbox 1908 1433 2084 1499; x_wconf 88' lang='lat' dir='ltr'><strong>etiam</strong></span> 
     </span>
    </p>
   </div>
   <div class='ocr_carea' id='block_1_17' title="bbox 434 1519 2084 1603">
    <p class='ocr_par' dir='ltr' id='par_1_17' title="bbox 434 1519 2084 1603">
     <span class='ocr_line' id='line_1_17' title="bbox 434 1519 2084 1603; baseline 0.002 -23"><span class='ocrx_word' id='word_1_98' title='bbox 434 1519 687 1582; x_wconf 88' lang='lat' dir='ltr'><strong>alterum</strong></span> <span class='ocrx_word' id='word_1_99' title='bbox 741 1522 981 1603; x_wconf 87' lang='lat' dir='ltr'><strong>quidem</strong></span> <span class='ocrx_word' id='word_1_100' title='bbox 1037 1531 1103 1584; x_wconf 90' lang='lat' dir='ltr'><strong>ut</strong></span> <span class='ocrx_word' id='word_1_101' title='bbox 1156 1522 1377 1585; x_wconf 92' lang='lat' dir='ltr'><strong>bonum</strong></span> <span class='ocrx_word' id='word_1_102' title='bbox 1427 1524 1774 1598; x_wconf 90' lang='lat' dir='ltr'><strong>honoretur,</strong></span> <span class='ocrx_word' id='word_1_103' title='bbox 1831 1524 2084 1584; x_wconf 88' lang='lat' dir='ltr'><strong>alterum</strong></span> 
     </span>
    </p>
   </div>
   <div class='ocr_carea' id='block_1_18' title="bbox 436 1610 2084 1694">
    <p class='ocr_par' dir='ltr' id='par_1_18' title="bbox 436 1610 2084 1694">
     <span class='ocr_line' id='line_1_18' title="bbox 436 1610 2084 1694; baseline 0.003 -25"><span class='ocrx_word' id='word_1_104' title='bbox 436 1616 632 1671; x_wconf 90' lang='lat' dir='ltr'><strong>autem</strong></span> <span class='ocrx_word' id='word_1_105' title='bbox 684 1610 966 1690; x_wconf 90' lang='lat' dir='ltr'><strong>puniatur</strong></span> <span class='ocrx_word' id='word_1_106' title='bbox 1008 1620 1071 1675; x_wconf 89' lang='lat' dir='ltr'><strong>ut</strong></span> <span class='ocrx_word' id='word_1_107' title='bbox 1131 1613 1370 1687; x_wconf 89' lang='lat' dir='ltr'><strong>malum,</strong></span> <span class='ocrx_word' id='word_1_108' title='bbox 1406 1613 1544 1675; x_wconf 90' lang='lat' dir='ltr'><strong>licet</strong></span> <span class='ocrx_word' id='word_1_109' title='bbox 1575 1612 1892 1694; x_wconf 80' lang='lat' dir='ltr'><strong>utrobique</strong></span> <span class='ocrx_word' id='word_1_110' title='bbox 1917 1631 2084 1674; x_wconf 86' lang='lat' dir='ltr'><strong>som-</strong></span> 
     </span>
    </p>
   </div>
   <div class='ocr_carea' id='block_1_19' title="bbox 437 1697 833 1763">
    <p class='ocr_par' dir='ltr' id='par_1_19' title="bbox 437 1697 833 1763">
     <span class='ocr_line' id='line_1_19' title="bbox 437 1697 833 1763; baseline 0.01 -4"><span class='ocrx_word' id='word_1_111' title='bbox 437 1697 599 1760; x_wconf 88' lang='lat' dir='ltr'><strong>nium</strong></span> <span class='ocrx_word' id='word_1_112' title='bbox 634 1699 833 1763; x_wconf 86' lang='lat' dir='ltr'><strong>fuerit.</strong></span> 
     </span>
    </p>
   </div>
   <div class='ocr_carea' id='block_1_20' title="bbox 519 1876 2077 1958">
    <p class='ocr_par' dir='ltr' id='par_1_20' title="bbox 519 1876 2077 1958">
     <span class='ocr_line' id='line_1_20' title="bbox 519 1876 2077 1958; baseline 0.003 -18"><span class='ocrx_word' id='word_1_113' title='bbox 519 1878 649 1940; x_wconf 90' lang='lat' dir='ltr'><strong>Non</strong></span> <span class='ocrx_word' id='word_1_114' title='bbox 682 1876 987 1958; x_wconf 84' lang='lat' dir='ltr'><strong>inelegans</strong></span> <span class='ocrx_word' id='word_1_115' title='bbox 1015 1887 1234 1955; x_wconf 90' lang='lat' dir='ltr'><strong>autem,</strong></span> <span class='ocrx_word' id='word_1_116' title='bbox 1269 1898 1347 1944; x_wconf 83' lang='lat' dir='ltr'><strong>ex</strong></span> <span class='ocrx_word' id='word_1_117' title='bbox 1377 1881 1624 1945; x_wconf 88' lang='lat' dir='ltr'><strong>historia</strong></span> <span class='ocrx_word' id='word_1_118' title='bbox 1648 1882 1821 1944; x_wconf 89' lang='lat' dir='ltr'><strong>etiam</strong></span> <span class='ocrx_word' id='word_1_119' title='bbox 1845 1882 2077 1945; x_wconf 74' lang='lat' dir='ltr'><strong>adferre.</strong></span> 
     </span>
    </p>
   </div>
   <div class='ocr_carea' id='block_1_21' title="bbox 371 1955 2086 2051">
    <p class='ocr_par' dir='ltr' id='par_1_21' title="bbox 371 1955 2076 2051">
     <span class='ocr_line' id='line_1_21' title="bbox 371 1955 2076 2051; baseline 0.003 -25"><span class='ocrx_word' id='word_1_120' title='bbox 371 2042 379 2050; x_wconf 32' lang='lat'><em>.</em></span> <span class='ocrx_word' id='word_1_121' title='bbox 434 1966 693 2028; x_wconf 85' lang='lat' dir='ltr'><strong>sermoni</strong></span> <span class='ocrx_word' id='word_1_122' title='bbox 724 1955 1166 2031; x_wconf 75' lang='lat' dir='ltr'><strong>monumentum</strong></span> <span class='ocrx_word' id='word_1_123' title='bbox 1197 1971 1458 2051; x_wconf 87' lang='lat' dir='ltr'><strong>aliquod.</strong></span> <span class='ocrx_word' id='word_1_124' title='bbox 1493 1970 1752 2033; x_wconf 83' lang='lat' dir='ltr'><strong>Historia</strong></span> <span class='ocrx_word' id='word_1_125' title='bbox 1783 1972 1909 2033; x_wconf 63' lang='lat' dir='ltr'><strong>haec</strong></span> <span class='ocrx_word' id='word_1_126' title='bbox 1938 1978 2029 2032; x_wconf 91' lang='lat' dir='ltr'><strong>est</strong></span> <span class='ocrx_word' id='word_1_127' title='bbox 2062 1988 2076 2030; x_wconf 90' lang='lat'><strong>:</strong></span> 
     </span>
    </p>
   </div>
   <div class='ocr_carea' id='block_1_22' title="bbox 2171 1955 3062 2051">
    <p class='ocr_par' dir='ltr' id='par_1_22' title="bbox 2171 1955 3062 2047">
     <span class='ocr_line' id='line_1_22' title="bbox 2171 1955 3062 2047; baseline 0.007 -29"><span class='ocrx_word' id='word_1_128' title='bbox 2171 1961 2332 2037; x_wconf 70' lang='grc' dir='ltr'>ῥοπήν</span> <span class='ocrx_word' id='word_1_129' title='bbox 2387 1984 2522 2021; x_wconf 88' lang='grc' dir='ltr'>τινα.</span> <span class='ocrx_word' id='word_1_130' title='bbox 2587 1955 2643 2021; x_wconf 67' lang='grc' dir='ltr'><strong>Ἐ</strong></span> <span class='ocrx_word' id='word_1_131' title='bbox 2714 1962 2759 2020; x_wconf 83' lang='grc' dir='ltr'>δ’</span> <span class='ocrx_word' id='word_1_132' title='bbox 2818 1967 3016 2047; x_wconf 70' lang='grc' dir='ltr'>ἱστορία</span> <span class='ocrx_word' id='word_1_133' title='bbox 3048 1983 3062 1999; x_wconf 84' lang='grc'><strong><em>⁸</em></strong></span> 
     </span>
    </p>
   </div>
   <div class='ocr_carea' id='block_1_23' title="bbox 439 2054 2084 2141">
    <p class='ocr_par' dir='ltr' id='par_1_23' title="bbox 439 2054 2084 2141">
     <span class='ocr_line' id='line_1_23' title="bbox 439 2054 2084 2141; baseline 0.001 -24"><span class='ocrx_word' id='word_1_134' title='bbox 439 2054 689 2128; x_wconf 88' lang='lat' dir='ltr'><strong>Quidam</strong></span> <span class='ocrx_word' id='word_1_135' title='bbox 747 2056 956 2118; x_wconf 87' lang='lat' dir='ltr'><strong>insano</strong></span> <span class='ocrx_word' id='word_1_136' title='bbox 1027 2078 1232 2121; x_wconf 88' lang='lat' dir='ltr'><strong>amore</strong></span> <span class='ocrx_word' id='word_1_137' title='bbox 1317 2061 1694 2123; x_wconf 85' lang='lat' dir='ltr'><strong>libidinosam</strong></span> <span class='ocrx_word' id='word_1_138' title='bbox 1774 2059 2084 2141; x_wconf 81' lang='lat' dir='ltr'><strong>deperibat</strong></span> 
     </span>
    </p>
   </div>
   <div class='ocr_carea' id='block_1_24' title="bbox 439 2143 2082 2230">
    <p class='ocr_par' dir='ltr' id='par_1_24' title="bbox 439 2143 2082 2230">
     <span class='ocr_line' id='line_1_24' title="bbox 439 2143 2082 2230; baseline 0.004 -26"><span class='ocrx_word' id='word_1_139' title='bbox 439 2143 772 2206; x_wconf 87' lang='lat' dir='ltr'><strong>mulierem.</strong></span> <span class='ocrx_word' id='word_1_140' title='bbox 812 2146 1074 2211; x_wconf 88' lang='lat' dir='ltr'><strong>Mulieris</strong></span> <span class='ocrx_word' id='word_1_141' title='bbox 1104 2168 1318 2210; x_wconf 91' lang='lat' dir='ltr'><strong>nomen</strong></span> <span class='ocrx_word' id='word_1_142' title='bbox 1349 2158 1474 2211; x_wconf 89' lang='lat' dir='ltr'><strong>erat</strong></span> <span class='ocrx_word' id='word_1_143' title='bbox 1504 2149 1750 2230; x_wconf 88' lang='lat' dir='ltr'><strong>Thouis,</strong></span> <span class='ocrx_word' id='word_1_144' title='bbox 1779 2168 1908 2230; x_wconf 64' lang='lat' dir='ltr'><strong>quae</strong></span> <span class='ocrx_word' id='word_1_145' title='bbox 1924 2167 2082 2211; x_wconf 46' lang='lat' dir='ltr'><strong>ama-</strong></span> 
     </span>
    </p>
   </div>
   <div class='ocr_carea' id='block_1_25' title="bbox 438 2234 2084 2317">
    <p class='ocr_par' dir='ltr' id='par_1_25' title="bbox 438 2234 2084 2317">
     <span class='ocr_line' id='line_1_25' title="bbox 438 2234 2084 2317; baseline 0.002 -23"><span class='ocrx_word' id='word_1_146' title='bbox 438 2240 625 2295; x_wconf 89' lang='lat' dir='ltr'><strong>torem</strong></span> <span class='ocrx_word' id='word_1_147' title='bbox 658 2254 773 2296; x_wconf 92' lang='lat' dir='ltr'><strong>non</strong></span> <span class='ocrx_word' id='word_1_148' title='bbox 808 2234 979 2298; x_wconf 80' lang='lat' dir='ltr'><strong>facile</strong></span> <span class='ocrx_word' id='word_1_149' title='bbox 1032 2236 1406 2301; x_wconf 88' lang='lat' dir='ltr'><strong>admittebat.</strong></span> <span class='ocrx_word' id='word_1_150' title='bbox 1443 2237 1555 2300; x_wconf 90' lang='lat' dir='ltr'><strong>Hic</strong></span> <span class='ocrx_word' id='word_1_151' title='bbox 1598 2247 1795 2300; x_wconf 88' lang='lat' dir='ltr'><strong>autem</strong></span> <span class='ocrx_word' id='word_1_152' title='bbox 1829 2237 2084 2317; x_wconf 71' lang='lat' dir='ltr'><strong>amplam</strong></span> 
     </span>
    </p>
   </div>
   <div class='ocr_carea' id='block_1_26' title="bbox 435 2322 2087 2408">
    <p class='ocr_par' dir='ltr' id='par_1_26' title="bbox 435 2322 2087 2408">
     <span class='ocr_line' id='line_1_26' title="bbox 435 2322 2087 2408; baseline 0.002 -23"><span class='ocrx_word' id='word_1_153' title='bbox 435 2322 490 2385; x_wconf 91' lang='lat' dir='ltr'><strong>ei</strong></span> <span class='ocrx_word' id='word_1_154' title='bbox 547 2323 879 2387; x_wconf 84' lang='lat' dir='ltr'><strong>mercedem</strong></span> <span class='ocrx_word' id='word_1_155' title='bbox 938 2343 1000 2389; x_wconf 85' lang='lat' dir='ltr'><strong>se</strong></span> <span class='ocrx_word' id='word_1_156' title='bbox 1056 2325 1329 2388; x_wconf 85' lang='lat' dir='ltr'><strong>daturum</strong></span> <span class='ocrx_word' id='word_1_157' title='bbox 1395 2326 1710 2408; x_wconf 87' lang='lat' dir='ltr'><strong>promisit:</strong></span> <span class='ocrx_word' id='word_1_158' title='bbox 1767 2345 1837 2387; x_wconf 87' lang='lat' dir='ltr'><strong>ea</strong></span> <span class='ocrx_word' id='word_1_159' title='bbox 1887 2335 2087 2388; x_wconf 90' lang='lat' dir='ltr'><strong>autem</strong></span> 
     </span>
    </p>
   </div>
   <div class='ocr_carea' id='block_1_27' title="bbox 437 2411 2086 2489">
    <p class='ocr_par' dir='ltr' id='par_1_27' title="bbox 437 2411 2086 2489">
     <span class='ocr_line' id='line_1_27' title="bbox 437 2411 2086 2489; baseline 0.003 -17"><span class='ocrx_word' id='word_1_160' title='bbox 437 2411 737 2474; x_wconf 89' lang='lat' dir='ltr'><strong>dationem</strong></span> <span class='ocrx_word' id='word_1_161' title='bbox 772 2415 1208 2478; x_wconf 80' lang='lat' dir='ltr'><strong>contemnebat.</strong></span> <span class='ocrx_word' id='word_1_162' title='bbox 1245 2417 1350 2479; x_wconf 90' lang='lat' dir='ltr'><strong>llle</strong></span> <span class='ocrx_word' id='word_1_163' title='bbox 1381 2435 1517 2478; x_wconf 86' lang='lat' dir='ltr'><strong>vero</strong></span> <span class='ocrx_word' id='word_1_164' title='bbox 1550 2434 1752 2478; x_wconf 90' lang='lat' dir='ltr'><strong>amore</strong></span> <span class='ocrx_word' id='word_1_165' title='bbox 1783 2416 2086 2489; x_wconf 85' lang='lat' dir='ltr'><strong>incensus,</strong></span> 
     </span>
    </p>
   </div>
   <div class='ocr_carea' id='block_1_28' title="bbox 440 2501 2089 2584">
    <p class='ocr_par' dir='ltr' id='par_1_28' title="bbox 440 2501 2089 2584">
     <span class='ocr_line' id='line_1_28' title="bbox 440 2501 2089 2584; baseline 0.002 -24"><span class='ocrx_word' id='word_1_166' title='bbox 440 2519 658 2562; x_wconf 91' lang='lat' dir='ltr'><strong>munus</strong></span> <span class='ocrx_word' id='word_1_167' title='bbox 705 2501 1004 2581; x_wconf 88' lang='lat' dir='ltr'><strong>augebat:</strong></span> <span class='ocrx_word' id='word_1_168' title='bbox 1061 2504 1163 2566; x_wconf 91' lang='lat' dir='ltr'><strong>illa</strong></span> <span class='ocrx_word' id='word_1_169' title='bbox 1216 2523 1421 2568; x_wconf 87' lang='lat' dir='ltr'><strong>rursus</strong></span> <span class='ocrx_word' id='word_1_170' title='bbox 1482 2505 1819 2567; x_wconf 88' lang='lat' dir='ltr'><strong>mercedem</strong></span> <span class='ocrx_word' id='word_1_171' title='bbox 1882 2503 2089 2584; x_wconf 90' lang='lat' dir='ltr'><strong>depri-</strong></span> 
     </span>
    </p>
   </div>
   <div class='ocr_carea' id='block_1_29' title="bbox 446 2591 2092 2674">
    <p class='ocr_par' dir='ltr' id='par_1_29' title="bbox 446 2591 2092 2674">
     <span class='ocr_line' id='line_1_29' title="bbox 446 2591 2092 2674; baseline 0.004 -25"><span class='ocrx_word' id='word_1_172' title='bbox 446 2608 613 2651; x_wconf 88' lang='lat' dir='ltr'><strong>mcns</strong></span> <span class='ocrx_word' id='word_1_173' title='bbox 646 2604 690 2666; x_wconf 84' lang='lat'><strong>°,</strong></span> <span class='ocrx_word' id='word_1_174' title='bbox 753 2591 1144 2656; x_wconf 88' lang='lat' dir='ltr'><strong>nihilominus</strong></span> <span class='ocrx_word' id='word_1_175' title='bbox 1192 2595 1641 2674; x_wconf 86' lang='lat' dir='ltr'><strong>aspernabatur.</strong></span> <span class='ocrx_word' id='word_1_176' title='bbox 1695 2592 1839 2657; x_wconf 85' lang='lat' dir='ltr'><strong>Cum</strong></span> <span class='ocrx_word' id='word_1_177' title='bbox 1890 2593 1950 2654; x_wconf 91' lang='lat' dir='ltr'><strong>in</strong></span> <span class='ocrx_word' id='word_1_178' title='bbox 2001 2592 2092 2655; x_wconf 92' lang='lat' dir='ltr'><strong>his</strong></span> 
     </span>
    </p>
   </div>
   <div class='ocr_carea' id='block_1_30' title="bbox 442 2680 2092 2761">
    <p class='ocr_par' dir='ltr' id='par_1_30' title="bbox 442 2680 2092 2761">
     <span class='ocr_line' id='line_1_30' title="bbox 442 2680 2092 2761; baseline 0.004 -26"><span class='ocrx_word' id='word_1_179' title='bbox 442 2683 739 2740; x_wconf 85' lang='lat' dir='ltr'><strong>tereretur</strong></span> <span class='ocrx_word' id='word_1_180' title='bbox 769 2687 1028 2761; x_wconf 86' lang='lat' dir='ltr'><strong>tempus,</strong></span> <span class='ocrx_word' id='word_1_181' title='bbox 1056 2690 1284 2743; x_wconf 84' lang='lat' dir='ltr'><strong>amator</strong></span> <span class='ocrx_word' id='word_1_182' title='bbox 1312 2683 1424 2743; x_wconf 87' lang='lat' dir='ltr'><strong>sibi</strong></span> <span class='ocrx_word' id='word_1_183' title='bbox 1449 2683 1606 2744; x_wconf 78' lang='lat' dir='ltr'><strong>visus</strong></span> <span class='ocrx_word' id='word_1_184' title='bbox 1637 2692 1725 2744; x_wconf 90' lang='lat' dir='ltr'><strong>est</strong></span> <span class='ocrx_word' id='word_1_185' title='bbox 1757 2683 1815 2743; x_wconf 92' lang='lat' dir='ltr'><strong>in</strong></span> <span class='ocrx_word' id='word_1_186' title='bbox 1844 2680 2092 2742; x_wconf 91' lang='lat' dir='ltr'><strong>somniis</strong></span> 
     </span>
    </p>
   </div>
   <div class='ocr_carea' id='block_1_31' title="bbox 440 2768 2091 2852">
    <p class='ocr_par' dir='ltr' id='par_1_31' title="bbox 440 2768 2091 2852">
     <span class='ocr_line' id='line_1_31' title="bbox 440 2768 2091 2852; baseline 0.003 -26"><span class='ocrx_word' id='word_1_187' title='bbox 440 2768 726 2844; x_wconf 79' lang='lat' dir='ltr'><strong>congredi</strong></span> <span class='ocrx_word' id='word_1_188' title='bbox 784 2787 921 2830; x_wconf 86' lang='lat' dir='ltr'><strong>cum</strong></span> <span class='ocrx_word' id='word_1_189' title='bbox 981 2771 1254 2845; x_wconf 84' lang='lat' dir='ltr'><strong>muliere,</strong></span> <span class='ocrx_word' id='word_1_190' title='bbox 1305 2772 1565 2852; x_wconf 86' lang='lat' dir='ltr'><strong>indeque</strong></span> <span class='ocrx_word' id='word_1_191' title='bbox 1607 2771 1827 2833; x_wconf 85' lang='lat' dir='ltr'><strong>amoris</strong></span> <span class='ocrx_word' id='word_1_192' title='bbox 1852 2772 2091 2832; x_wconf 84' lang='lat' dir='ltr'><strong>ﬂamma</strong></span> 
     </span>
    </p>
   </div>
   <div class='ocr_carea' id='block_1_32' title="bbox 440 2855 2092 2938">
    <p class='ocr_par' dir='ltr' id='par_1_32' title="bbox 440 2855 2092 2938">
     <span class='ocr_line' id='line_1_32' title="bbox 440 2855 2092 2938; baseline 0.002 -22"><span class='ocrx_word' id='word_1_193' title='bbox 440 2855 730 2917; x_wconf 80' lang='lat' dir='ltr'><strong>exstincta</strong></span> <span class='ocrx_word' id='word_1_194' title='bbox 785 2863 893 2918; x_wconf 90' lang='lat' dir='ltr'><strong>est.</strong></span> <span class='ocrx_word' id='word_1_195' title='bbox 955 2858 1059 2920; x_wconf 90' lang='lat' dir='ltr'><strong>llla</strong></span> <span class='ocrx_word' id='word_1_196' title='bbox 1088 2878 1221 2920; x_wconf 81' lang='lat' dir='ltr'><strong>cum</strong></span> <span class='ocrx_word' id='word_1_197' title='bbox 1253 2860 1311 2920; x_wconf 93' lang='lat' dir='ltr'><strong>id</strong></span> <span class='ocrx_word' id='word_1_198' title='bbox 1344 2862 1703 2933; x_wconf 88' lang='lat' dir='ltr'><strong>rescivisset,</strong></span> <span class='ocrx_word' id='word_1_199' title='bbox 1742 2858 2092 2938; x_wconf 82' lang='lat' dir='ltr'><strong>promissam</strong></span> 
     </span>
    </p>
   </div>
   <div class='ocr_carea' id='block_1_33' title="bbox 442 2943 2090 3024">
    <p class='ocr_par' dir='ltr' id='par_1_33' title="bbox 442 2943 2090 3024">
     <span class='ocr_line' id='line_1_33' title="bbox 442 2943 2090 3024; baseline 0.006 -21"><span class='ocrx_word' id='word_1_200' title='bbox 442 2943 686 3024; x_wconf 89' lang='lat' dir='ltr'><strong>petebat</strong></span> <span class='ocrx_word' id='word_1_201' title='bbox 739 2946 1101 3009; x_wconf 82' lang='lat' dir='ltr'><strong>mercedem.</strong></span> <span class='ocrx_word' id='word_1_202' title='bbox 1161 2947 1344 3020; x_wconf 90' lang='lat' dir='ltr'><strong>Quam</strong></span> <span class='ocrx_word' id='word_1_203' title='bbox 1391 2968 1524 3009; x_wconf 92' lang='lat' dir='ltr'><strong>cum</strong></span> <span class='ocrx_word' id='word_1_204' title='bbox 1575 2948 1725 3010; x_wconf 89' lang='lat' dir='ltr'><strong>alter</strong></span> <span class='ocrx_word' id='word_1_205' title='bbox 1754 2967 1868 3009; x_wconf 91' lang='lat' dir='ltr'><strong>non</strong></span> <span class='ocrx_word' id='word_1_206' title='bbox 1900 2947 2090 3013; x_wconf 88' lang='lat' dir='ltr'><strong>daret.</strong></span> 
     </span>
    </p>
   </div>
   <div class='ocr_carea' id='block_1_34' title="bbox 2166 536 3820 627">
    <p class='ocr_par' dir='ltr' id='par_1_34' title="bbox 2166 536 3820 627">
     <span class='ocr_line' id='line_1_34' title="bbox 2166 536 3820 627; baseline 0.004 -32"><span class='ocrx_word' id='word_1_207' title='bbox 2166 536 2332 619; x_wconf 73' lang='grc' dir='ltr'>ἀνδρὶ,</span> <span class='ocrx_word' id='word_1_208' title='bbox 2400 540 2488 597; x_wconf 84' lang='grc' dir='ltr'><strong>καὶ</strong></span> <span class='ocrx_word' id='word_1_209' title='bbox 2575 543 2822 622; x_wconf 79' lang='grc' dir='ltr'><strong>μοιχείαν</strong></span> <span class='ocrx_word' id='word_1_210' title='bbox 2903 545 3063 601; x_wconf 67' lang='grc' dir='ltr'>αὐτοῦ</span> <span class='ocrx_word' id='word_1_211' title='bbox 3170 549 3626 627; x_wconf 77' lang='grc' dir='ltr'>καταψηφεϊσθαι,</span> <span class='ocrx_word' id='word_1_212' title='bbox 3725 547 3820 603; x_wconf 79' lang='grc' dir='ltr'>καὶ</span> 
     </span>
    </p>
   </div>
   <div class='ocr_carea' id='block_1_35' title="bbox 2166 630 3815 711">
    <p class='ocr_par' dir='ltr' id='par_1_35' title="bbox 2166 630 3815 711">
     <span class='ocr_line' id='line_1_35' title="bbox 2166 630 3815 711; baseline 0.004 -26"><span class='ocrx_word' id='word_1_213' title='bbox 2166 630 2241 693; x_wconf 82' lang='grc' dir='ltr'>ὣς</span> <span class='ocrx_word' id='word_1_214' title='bbox 2325 636 2509 710; x_wconf 80' lang='grc' dir='ltr'><strong>μοιχῷ</strong></span> <span class='ocrx_word' id='word_1_215' title='bbox 2576 630 2652 706; x_wconf 83' lang='grc' dir='ltr'>τῷ</span> <span class='ocrx_word' id='word_1_216' title='bbox 2734 630 2991 711; x_wconf 77' lang='grc' dir='ltr'>ἀνθρώπῳ</span> <span class='ocrx_word' id='word_1_217' title='bbox 3057 632 3392 709; x_wconf 76' lang='grc' dir='ltr'><strong>ἐπιτιμῆσαι,</strong></span> <span class='ocrx_word' id='word_1_218' title='bbox 3468 636 3556 692; x_wconf 82' lang='grc' dir='ltr'><strong>καὶ</strong></span> <span class='ocrx_word' id='word_1_219' title='bbox 3598 636 3689 691; x_wconf 80' lang='grc' dir='ltr'><strong>τὸν</strong></span> <span class='ocrx_word' id='word_1_220' title='bbox 3759 633 3815 693; x_wconf 69' lang='grc' dir='ltr'>ἓν</span> 
     </span>
    </p>
   </div>
   <div class='ocr_carea' id='block_1_36' title="bbox 2166 715 3814 804">
    <p class='ocr_par' dir='ltr' id='par_1_36' title="bbox 2166 715 3814 804">
     <span class='ocr_line' id='line_1_36' title="bbox 2166 715 3814 804; baseline 0.003 -31"><span class='ocrx_word' id='word_1_221' title='bbox 2166 715 2347 781; x_wconf 78' lang='grc' dir='ltr'>ὕπνοις</span> <span class='ocrx_word' id='word_1_222' title='bbox 2412 715 2630 783; x_wconf 82' lang='grc' dir='ltr'>δόξαντα</span> <span class='ocrx_word' id='word_1_223' title='bbox 2699 720 3094 801; x_wconf 75' lang='grc' dir='ltr'><strong>πεφονευκέναι,</strong></span> <span class='ocrx_word' id='word_1_224' title='bbox 3169 723 3308 803; x_wconf 77' lang='grc' dir='ltr'>τινὰ,</span> <span class='ocrx_word' id='word_1_225' title='bbox 3382 723 3541 804; x_wconf 89' lang='grc' dir='ltr'>φόνου</span> <span class='ocrx_word' id='word_1_226' title='bbox 3596 723 3814 803; x_wconf 72' lang='grc' dir='ltr'>κρίνειν,</span> 
     </span>
    </p>
   </div>
   <div class='ocr_carea' id='block_1_37' title="bbox 2165 806 3821 893">
    <p class='ocr_par' dir='ltr' id='par_1_37' title="bbox 2165 806 3821 893">
     <span class='ocr_line' id='line_1_37' title="bbox 2165 806 3821 893; baseline 0.007 -30"><span class='ocrx_word' id='word_1_227' title='bbox 2165 806 2253 863; x_wconf 81' lang='grc' dir='ltr'>καὶ</span> <span class='ocrx_word' id='word_1_228' title='bbox 2302 819 2543 893; x_wconf 79' lang='grc' dir='ltr'>φονικοῖς</span> <span class='ocrx_word' id='word_1_229' title='bbox 2599 806 2883 883; x_wconf 69' lang='grc' dir='ltr'><strong>ἐπιτιμίοις</strong></span> <span class='ocrx_word' id='word_1_230' title='bbox 2938 806 3249 885; x_wconf 75' lang='grc' dir='ltr'>ὑποϐαλεῖν,</span> <span class='ocrx_word' id='word_1_231' title='bbox 3310 811 3347 880; x_wconf 73' lang='grc' dir='ltr'>ἢ</span> <span class='ocrx_word' id='word_1_232' title='bbox 3404 813 3493 869; x_wconf 82' lang='grc' dir='ltr'><strong>καὶ</strong></span> <span class='ocrx_word' id='word_1_233' title='bbox 3549 818 3619 886; x_wconf 75' lang='grc' dir='ltr'><strong>τῇ</strong></span> <span class='ocrx_word' id='word_1_234' title='bbox 3666 812 3821 893; x_wconf 72' lang='grc' dir='ltr'>ἀρχῇ</span> 
     </span>
    </p>
   </div>
   <div class='ocr_carea' id='block_1_38' title="bbox 2165 891 3821 979">
    <p class='ocr_par' dir='ltr' id='par_1_38' title="bbox 2165 891 3821 979">
     <span class='ocr_line' id='line_1_38' title="bbox 2165 891 3821 979; baseline 0.005 -29"><span class='ocrx_word' id='word_1_235' title='bbox 2165 891 2485 974; x_wconf 89' lang='grc' dir='ltr'>παραδοῦναι</span> <span class='ocrx_word' id='word_1_236' title='bbox 2555 896 2684 969; x_wconf 80' lang='grc' dir='ltr'>πρὸς</span> <span class='ocrx_word' id='word_1_237' title='bbox 2757 896 2999 960; x_wconf 89' lang='grc' dir='ltr'>κόλασιν.</span> <span class='ocrx_word' id='word_1_238' title='bbox 3086 901 3185 958; x_wconf 78' lang='grc' dir='ltr'>Καὶ</span> <span class='ocrx_word' id='word_1_239' title='bbox 3253 900 3473 979; x_wconf 81' lang='grc' dir='ltr'>γνώμης</span> <span class='ocrx_word' id='word_1_240' title='bbox 3541 900 3685 964; x_wconf 81' lang='grc' dir='ltr'>αὖθις</span> <span class='ocrx_word' id='word_1_241' title='bbox 3710 891 3716 892; x_wconf 23' lang='grc'><strong><em>⁷</em></strong></span> <span class='ocrx_word' id='word_1_242' title='bbox 3742 891 3821 967; x_wconf 12' lang='grc' dir='ltr'><strong>ήέξ</strong></span> 
     </span>
    </p>
   </div>
   <div class='ocr_carea' id='block_1_39' title="bbox 2166 982 3818 1068">
    <p class='ocr_par' dir='ltr' id='par_1_39' title="bbox 2166 982 3818 1068">
     <span class='ocr_line' id='line_1_39' title="bbox 2166 982 3818 1068; baseline 0.005 -29"><span class='ocrx_word' id='word_1_243' title='bbox 2166 982 2496 1063; x_wconf 79' lang='grc' dir='ltr'>ἀντιρρόπου,</span> <span class='ocrx_word' id='word_1_244' title='bbox 2527 986 2619 1041; x_wconf 80' lang='grc' dir='ltr'><strong>τὸν</strong></span> <span class='ocrx_word' id='word_1_245' title='bbox 2686 984 2740 1041; x_wconf 74' lang='grc' dir='ltr'>ἐν</span> <span class='ocrx_word' id='word_1_246' title='bbox 2812 987 3045 1067; x_wconf 85' lang='grc' dir='ltr'>οίνείροις</span> <span class='ocrx_word' id='word_1_247' title='bbox 3111 988 3240 1068; x_wconf 78' lang='grc' dir='ltr'>ὑπὲρ</span> <span class='ocrx_word' id='word_1_248' title='bbox 3312 986 3575 1054; x_wconf 77' lang='grc' dir='ltr'>εὐσεϐείας</span> <span class='ocrx_word' id='word_1_249' title='bbox 3643 988 3818 1060; x_wconf 71' lang='grc' dir='ltr'>ἀθλή-</span> 
     </span>
    </p>
   </div>
   <div class='ocr_carea' id='block_1_40' title="bbox 2166 1073 3823 1157">
    <p class='ocr_par' dir='ltr' id='par_1_40' title="bbox 2166 1073 3823 1157">
     <span class='ocr_line' id='line_1_40' title="bbox 2166 1073 3823 1157; baseline 0.003 -28"><span class='ocrx_word' id='word_1_250' title='bbox 2166 1094 2352 1153; x_wconf 91' lang='grc' dir='ltr'>σαντα,</span> <span class='ocrx_word' id='word_1_251' title='bbox 2454 1073 2832 1152; x_wconf 76' lang='grc' dir='ltr'><strong>συγκαταλέξαι</strong></span> <span class='ocrx_word' id='word_1_252' title='bbox 2907 1090 3024 1143; x_wconf 82' lang='grc' dir='ltr'>τοῖς</span> <span class='ocrx_word' id='word_1_253' title='bbox 3093 1078 3317 1157; x_wconf 83' lang='grc' dir='ltr'>μάρτυσι</span> <span class='ocrx_word' id='word_1_254' title='bbox 3362 1094 3378 1109; x_wconf 90' lang='grc'><strong>·</strong></span> <span class='ocrx_word' id='word_1_255' title='bbox 3435 1081 3522 1137; x_wconf 79' lang='grc' dir='ltr'><strong>καὶ</strong></span> <span class='ocrx_word' id='word_1_256' title='bbox 3591 1080 3691 1147; x_wconf 74' lang='grc' dir='ltr'><strong>τὴν</strong></span> <span class='ocrx_word' id='word_1_257' title='bbox 3765 1078 3823 1135; x_wconf 75' lang='grc' dir='ltr'>ἔν</span> 
     </span>
    </p>
   </div>
   <div class='ocr_carea' id='block_1_41' title="bbox 2166 1159 3814 1250">
    <p class='ocr_par' dir='ltr' id='par_1_41' title="bbox 2166 1159 3814 1250">
     <span class='ocr_line' id='line_1_41' title="bbox 2166 1159 3814 1250; baseline 0.005 -34"><span class='ocrx_word' id='word_1_258' title='bbox 2166 1159 2346 1226; x_wconf 77' lang='grc' dir='ltr'>ὕπνοις</span> <span class='ocrx_word' id='word_1_259' title='bbox 2410 1161 2621 1239; x_wconf 80' lang='grc' dir='ltr'>ὁμιλίαν</span> <span class='ocrx_word' id='word_1_260' title='bbox 2686 1163 2978 1223; x_wconf 82' lang='grc' dir='ltr'>ἀκόλαστον</span> <span class='ocrx_word' id='word_1_261' title='bbox 3076 1165 3411 1248; x_wconf 71' lang='grc' dir='ltr'>ἐξαλόξαντα,</span> <span class='ocrx_word' id='word_1_262' title='bbox 3472 1175 3814 1250; x_wconf 82' lang='grc' dir='ltr'>στεφανῶσαι</span> 
     </span>
    </p>
   </div>
   <div class='ocr_carea' id='block_1_42' title="bbox 2165 1251 3818 1335">
    <p class='ocr_par' dir='ltr' id='par_1_42' title="bbox 2165 1251 3818 1335">
     <span class='ocr_line' id='line_1_42' title="bbox 2165 1251 3818 1335; baseline 0.006 -29"><span class='ocrx_word' id='word_1_263' title='bbox 2165 1251 2264 1325; x_wconf 79' lang='grc' dir='ltr'><strong>ὡς,</strong></span> <span class='ocrx_word' id='word_1_264' title='bbox 2324 1252 2589 1332; x_wconf 84' lang='grc' dir='ltr'>σώφρονα.</span> <span class='ocrx_word' id='word_1_265' title='bbox 2650 1254 2711 1311; x_wconf 75' lang='grc' dir='ltr'>Εἰ</span> <span class='ocrx_word' id='word_1_266' title='bbox 2791 1252 2847 1311; x_wconf 86' lang='grc' dir='ltr'><strong>δέ</strong></span> <span class='ocrx_word' id='word_1_267' title='bbox 2919 1257 2998 1330; x_wconf 76' lang='grc' dir='ltr'><strong>μὴ</strong></span> <span class='ocrx_word' id='word_1_268' title='bbox 3054 1264 3219 1335; x_wconf 67' lang='grc' dir='ltr'>ταῦτα</span> <span class='ocrx_word' id='word_1_269' title='bbox 3313 1264 3419 1315; x_wconf 85' lang='grc' dir='ltr'><strong>τῶν</strong></span> <span class='ocrx_word' id='word_1_270' title='bbox 3474 1257 3818 1335; x_wconf 79' lang='grc' dir='ltr'>τιμωμένων,</span> 
     </span>
    </p>
   </div>
   <div class='ocr_carea' id='block_1_43' title="bbox 2167 1324 3823 1427">
    <p class='ocr_par' dir='ltr' id='par_1_43' title="bbox 2167 1324 3823 1427">
     <span class='ocr_line' id='line_1_43' title="bbox 2167 1324 3823 1427; baseline 0.004 -31"><span class='ocrx_word' id='word_1_271' title='bbox 2167 1324 2269 1396; x_wconf 73' lang='grc' dir='ltr'>οὐδ’</span> <span class='ocrx_word' id='word_1_272' title='bbox 2318 1324 2499 1397; x_wconf 67' lang='grc' dir='ltr'>ἐκείνα</span> <span class='ocrx_word' id='word_1_273' title='bbox 2526 1347 2634 1397; x_wconf 85' lang='grc' dir='ltr'><strong>τῶν</strong></span> <span class='ocrx_word' id='word_1_274' title='bbox 2701 1324 3129 1419; x_wconf 70' lang='grc' dir='ltr'>ὶπιτιμωμένων,</span> <span class='ocrx_word' id='word_1_275' title='bbox 3193 1324 3255 1403; x_wconf 46' lang='grc' dir='ltr'><strong>*Η</strong></span> <span class='ocrx_word' id='word_1_276' title='bbox 3310 1347 3410 1427; x_wconf 77' lang='grc' dir='ltr'><strong>γὰρ</strong></span> <span class='ocrx_word' id='word_1_277' title='bbox 3473 1324 3542 1403; x_wconf 59' lang='lat' dir='ltr'><strong>at»;</strong></span> <span class='ocrx_word' id='word_1_278' title='bbox 3580 1324 3823 1403; x_wconf 69' lang='grc' dir='ltr'>ἀδικοττδ</span> 
     </span>
    </p>
   </div>
   <div class='ocr_carea' id='block_1_44' title="bbox 2166 1429 3824 1511">
    <p class='ocr_par' dir='ltr' id='par_1_44' title="bbox 2166 1429 3824 1511">
     <span class='ocr_line' id='line_1_44' title="bbox 2166 1429 3824 1511; baseline 0.004 -27"><span class='ocrx_word' id='word_1_279' title='bbox 2166 1430 2311 1508; x_wconf 86' lang='grc' dir='ltr'>μερίς</span> <span class='ocrx_word' id='word_1_280' title='bbox 2368 1429 2579 1509; x_wconf 87' lang='grc' dir='ltr'>θατέρα,</span> <span class='ocrx_word' id='word_1_281' title='bbox 2657 1432 2702 1487; x_wconf 76' lang='grc' dir='ltr'>εἰ</span> <span class='ocrx_word' id='word_1_282' title='bbox 2757 1432 2846 1488; x_wconf 82' lang='grc' dir='ltr'>καὶ</span> <span class='ocrx_word' id='word_1_283' title='bbox 2888 1434 2967 1509; x_wconf 74' lang='grc' dir='ltr'>μὴ</span> <span class='ocrx_word' id='word_1_284' title='bbox 3011 1435 3071 1491; x_wconf 81' lang='grc' dir='ltr'>τὸ</span> <span class='ocrx_word' id='word_1_285' title='bbox 3140 1433 3413 1511; x_wconf 84' lang='grc' dir='ltr'>βέλτιστον</span> <span class='ocrx_word' id='word_1_286' title='bbox 3493 1433 3677 1494; x_wconf 77' lang='grc' dir='ltr'>δοκοῦν</span> <span class='ocrx_word' id='word_1_287' title='bbox 3730 1436 3824 1491; x_wconf 78' lang='grc' dir='ltr'>καὶ</span> 
     </span>
    </p>
   </div>
   <div class='ocr_carea' id='block_1_45' title="bbox 2165 1517 3824 1604">
    <p class='ocr_par' dir='ltr' id='par_1_45' title="bbox 2165 1517 3824 1604">
     <span class='ocr_line' id='line_1_45' title="bbox 2165 1517 3824 1604; baseline 0.004 -31"><span class='ocrx_word' id='word_1_288' title='bbox 2165 1517 2226 1573; x_wconf 81' lang='grc' dir='ltr'>τὸ</span> <span class='ocrx_word' id='word_1_289' title='bbox 2270 1518 2560 1599; x_wconf 86' lang='grc' dir='ltr'>χείριστον,</span> <span class='ocrx_word' id='word_1_290' title='bbox 2632 1520 2707 1580; x_wconf 71' lang='grc' dir='ltr'>ὡς</span> <span class='ocrx_word' id='word_1_291' title='bbox 2763 1518 2887 1594; x_wconf 77' lang='grc' dir='ltr'>ὄναρ</span> <span class='ocrx_word' id='word_1_292' title='bbox 2929 1520 3213 1602; x_wconf 80' lang='grc' dir='ltr'>λογίζοιτο,</span> <span class='ocrx_word' id='word_1_293' title='bbox 3286 1525 3373 1581; x_wconf 85' lang='grc' dir='ltr'><strong>καὶ</strong></span> <span class='ocrx_word' id='word_1_294' title='bbox 3429 1536 3824 1604; x_wconf 82' lang='grc' dir='ltr'>καταφρονοττο</span> 
     </span>
    </p>
   </div>
   <div class='ocr_carea' id='block_1_46' title="bbox 2166 1607 3825 1690">
    <p class='ocr_par' dir='ltr' id='par_1_46' title="bbox 2166 1607 3825 1690">
     <span class='ocr_line' id='line_1_46' title="bbox 2166 1607 3825 1690; baseline 0.002 -27"><span class='ocrx_word' id='word_1_295' title='bbox 2166 1608 2239 1670; x_wconf 85' lang='grc' dir='ltr'>ὡς</span> <span class='ocrx_word' id='word_1_296' title='bbox 2298 1608 2581 1688; x_wconf 77' lang='grc' dir='ltr'>φάντασμα</span> <span class='ocrx_word' id='word_1_297' title='bbox 2627 1622 2641 1637; x_wconf 87' lang='grc'><strong><em>⁸</em></strong></span> <span class='ocrx_word' id='word_1_298' title='bbox 2706 1607 2742 1677; x_wconf 70' lang='grc' dir='ltr'>ἢ</span> <span class='ocrx_word' id='word_1_299' title='bbox 2799 1612 2887 1667; x_wconf 80' lang='grc' dir='ltr'><strong>καὶ</strong></span> <span class='ocrx_word' id='word_1_300' title='bbox 2965 1612 3163 1687; x_wconf 80' lang='grc' dir='ltr'>ὁμοίως</span> <span class='ocrx_word' id='word_1_301' title='bbox 3246 1615 3306 1670; x_wconf 79' lang='grc' dir='ltr'>τὸ</span> <span class='ocrx_word' id='word_1_302' title='bbox 3359 1613 3459 1690; x_wconf 76' lang='grc' dir='ltr'>μὲν</span> <span class='ocrx_word' id='word_1_303' title='bbox 3528 1615 3601 1678; x_wconf 84' lang='grc' dir='ltr'>ὡς</span> <span class='ocrx_word' id='word_1_304' title='bbox 3654 1610 3825 1669; x_wconf 76' lang='grc' dir='ltr'>καλὸν</span> 
     </span>
    </p>
   </div>
   <div class='ocr_carea' id='block_1_47' title="bbox 2167 1694 3824 1780">
    <p class='ocr_par' dir='ltr' id='par_1_47' title="bbox 2167 1694 3824 1780">
     <span class='ocr_line' id='line_1_47' title="bbox 2167 1694 3824 1780; baseline 0.004 -29"><span class='ocrx_word' id='word_1_305' title='bbox 2167 1702 2368 1771; x_wconf 84' lang='grc' dir='ltr'>τιμῷτο</span> <span class='ocrx_word' id='word_1_306' title='bbox 2424 1697 2484 1752; x_wconf 79' lang='grc' dir='ltr'>τὸ</span> <span class='ocrx_word' id='word_1_307' title='bbox 2543 1694 2588 1752; x_wconf 86' lang='grc' dir='ltr'>δ’</span> <span class='ocrx_word' id='word_1_308' title='bbox 2647 1698 2720 1763; x_wconf 82' lang='grc' dir='ltr'>ὡς</span> <span class='ocrx_word' id='word_1_309' title='bbox 2763 1696 2957 1776; x_wconf 84' lang='grc' dir='ltr'>γαῦλον</span> <span class='ocrx_word' id='word_1_310' title='bbox 3041 1700 3325 1774; x_wconf 82' lang='grc' dir='ltr'>κολάζοιτο</span> <span class='ocrx_word' id='word_1_311' title='bbox 3360 1722 3373 1738; x_wconf 87' lang='lat'><strong>&#39;</strong></span> <span class='ocrx_word' id='word_1_312' title='bbox 3445 1701 3547 1760; x_wconf 76' lang='grc' dir='ltr'><strong>κᾶν</strong></span> <span class='ocrx_word' id='word_1_313' title='bbox 3627 1700 3755 1780; x_wconf 78' lang='grc' dir='ltr'>ὄναρ</span> <span class='ocrx_word' id='word_1_314' title='bbox 3784 1702 3824 1777; x_wconf 73' lang='grc' dir='ltr'><strong>ᾗ</strong></span> 
     </span>
    </p>
   </div>
   <div class='ocr_carea' id='block_1_48' title="bbox 2164 1782 2507 1863">
    <p class='ocr_par' dir='ltr' id='par_1_48' title="bbox 2164 1782 2507 1863">
     <span class='ocr_line' id='line_1_48' title="bbox 2164 1782 2507 1863; baseline 0.017 -25"><span class='ocrx_word' id='word_1_315' title='bbox 2164 1782 2507 1863; x_wconf 72' lang='grc' dir='ltr'>ἑκατέρωθεν.</span> 
     </span>
    </p>
   </div>
   <div class='ocr_carea' id='block_1_49' title="bbox 2245 1872 3816 1959">
    <p class='ocr_par' dir='ltr' id='par_1_49' title="bbox 2245 1872 3816 1959">
     <span class='ocr_line' id='line_1_49' title="bbox 2245 1872 3816 1959; baseline 0.004 -30"><span class='ocrx_word' id='word_1_316' title='bbox 2245 1872 2351 1929; x_wconf 70' lang='lat' dir='ltr'><strong>03x</strong></span> <span class='ocrx_word' id='word_1_317' title='bbox 2381 1872 2545 1953; x_wconf 73' lang='grc' dir='ltr'>ἄχαρι</span> <span class='ocrx_word' id='word_1_318' title='bbox 2588 1872 2644 1959; x_wconf 74' lang='grc' dir='ltr'>δὲ</span> <span class='ocrx_word' id='word_1_319' title='bbox 2693 1877 2781 1931; x_wconf 80' lang='grc' dir='ltr'><strong>καὶ</strong></span> <span class='ocrx_word' id='word_1_320' title='bbox 2836 1878 2897 1932; x_wconf 80' lang='grc' dir='ltr'>τὸ</span> <span class='ocrx_word' id='word_1_321' title='bbox 2940 1876 2992 1944; x_wconf 75' lang='grc' dir='ltr'><strong>ἐξ</strong></span> <span class='ocrx_word' id='word_1_322' title='bbox 3044 1879 3272 1959; x_wconf 75' lang='grc' dir='ltr'>ἱστορίας</span> <span class='ocrx_word' id='word_1_323' title='bbox 3330 1878 3504 1939; x_wconf 86' lang='grc' dir='ltr'>δοῦναι</span> <span class='ocrx_word' id='word_1_324' title='bbox 3558 1886 3636 1955; x_wconf 80' lang='grc' dir='ltr'>τῷ</span> <span class='ocrx_word' id='word_1_325' title='bbox 3665 1878 3816 1957; x_wconf 76' lang='grc' dir='ltr'>λόγῳ</span> 
     </span>
    </p>
   </div>
   <div class='ocr_carea' id='block_1_50' title="bbox 3173 1968 3823 2049">
    <p class='ocr_par' dir='ltr' id='par_1_50' title="bbox 3173 1968 3823 2049">
     <span class='ocr_line' id='line_1_50' title="bbox 3173 1968 3823 2049; baseline -0.002 -23"><span class='ocrx_word' id='word_1_326' title='bbox 3173 1969 3357 2049; x_wconf 75' lang='grc' dir='ltr'>Ερωτά</span> <span class='ocrx_word' id='word_1_327' title='bbox 3422 1993 3503 2034; x_wconf 91' lang='grc' dir='ltr'><strong>τις</strong></span> <span class='ocrx_word' id='word_1_328' title='bbox 3561 1968 3659 2047; x_wconf 71' lang='grc' dir='ltr'>ἤρα</span> <span class='ocrx_word' id='word_1_329' title='bbox 3714 1989 3823 2025; x_wconf 81' lang='grc' dir='ltr'>πε-</span> 
     </span>
    </p>
   </div>
   <div class='ocr_carea' id='block_1_51' title="bbox 2165 2053 3822 2130">
    <p class='ocr_par' dir='ltr' id='par_1_51' title="bbox 2165 2053 3822 2130">
     <span class='ocr_line' id='line_1_51' title="bbox 2165 2053 3822 2130; baseline 0.006 -25"><span class='ocrx_word' id='word_1_330' title='bbox 2165 2055 2361 2130; x_wconf 86' lang='grc' dir='ltr'>ριμανῆ</span> <span class='ocrx_word' id='word_1_331' title='bbox 2416 2055 2663 2130; x_wconf 74' lang='grc' dir='ltr'>γυναικὸς</span> <span class='ocrx_word' id='word_1_332' title='bbox 2734 2053 3036 2116; x_wconf 79' lang='grc' dir='ltr'>ἀκολάστου</span> <span class='ocrx_word' id='word_1_333' title='bbox 3105 2058 3246 2121; x_wconf 81' lang='grc' dir='ltr'>τινός</span> <span class='ocrx_word' id='word_1_334' title='bbox 3280 2075 3293 2088; x_wconf 90' lang='grc'><strong>·</strong></span> <span class='ocrx_word' id='word_1_335' title='bbox 3335 2064 3503 2123; x_wconf 83' lang='grc' dir='ltr'>Θῶνις</span> <span class='ocrx_word' id='word_1_336' title='bbox 3558 2056 3822 2125; x_wconf 75' lang='grc' dir='ltr'><strong>ἐκέκλητο</strong></span> 
     </span>
    </p>
   </div>
   <div class='ocr_carea' id='block_1_52' title="bbox 2167 2137 3824 2226">
    <p class='ocr_par' dir='ltr' id='par_1_52' title="bbox 2167 2137 3824 2226">
     <span class='ocr_line' id='line_1_52' title="bbox 2167 2137 3824 2226; baseline 0.005 -31"><span class='ocrx_word' id='word_1_337' title='bbox 2167 2141 2203 2226; x_wconf 70' lang='grc' dir='ltr'>ἡ</span> <span class='ocrx_word' id='word_1_338' title='bbox 2260 2142 2390 2218; x_wconf 73' lang='grc' dir='ltr'>γυνή</span> <span class='ocrx_word' id='word_1_339' title='bbox 2438 2155 2452 2170; x_wconf 86' lang='grc'><strong><em>⁸</em></strong></span> <span class='ocrx_word' id='word_1_340' title='bbox 2515 2140 2552 2209; x_wconf 75' lang='grc' dir='ltr'>ἢ</span> <span class='ocrx_word' id='word_1_341' title='bbox 2605 2145 2697 2198; x_wconf 82' lang='grc' dir='ltr'>τὸν</span> <span class='ocrx_word' id='word_1_342' title='bbox 2755 2142 2979 2224; x_wconf 78' lang='grc' dir='ltr'>ἐραστὴν</span> <span class='ocrx_word' id='word_1_343' title='bbox 3036 2148 3097 2203; x_wconf 69' lang='grc' dir='ltr'><strong>οὗ</strong></span> <span class='ocrx_word' id='word_1_344' title='bbox 3183 2147 3343 2225; x_wconf 80' lang='grc' dir='ltr'>ῥᾷστα</span> <span class='ocrx_word' id='word_1_345' title='bbox 3428 2148 3696 2226; x_wconf 85' lang='grc' dir='ltr'>προσίετο.</span> <span class='ocrx_word' id='word_1_346' title='bbox 3760 2137 3824 2204; x_wconf 71' lang='grc' dir='ltr'><strong>Ὀ</strong></span> 
     </span>
    </p>
   </div>
   <div class='ocr_carea' id='block_1_53' title="bbox 2169 2225 3824 2313">
    <p class='ocr_par' dir='ltr' id='par_1_53' title="bbox 2169 2225 3824 2313">
     <span class='ocr_line' id='line_1_53' title="bbox 2169 2225 3824 2313; baseline 0.005 -31"><span class='ocrx_word' id='word_1_347' title='bbox 2169 2225 2211 2283; x_wconf 87' lang='grc' dir='ltr'>δ’</span> <span class='ocrx_word' id='word_1_348' title='bbox 2250 2228 2390 2310; x_wconf 36' lang='grc' dir='ltr'>,ἐρῶν</span> <span class='ocrx_word' id='word_1_349' title='bbox 2439 2227 2591 2309; x_wconf 79' lang='grc' dir='ltr'>ἁδρὸν</span> <span class='ocrx_word' id='word_1_350' title='bbox 2646 2230 2780 2308; x_wconf 77' lang='grc' dir='ltr'>αὐτῇ</span> <span class='ocrx_word' id='word_1_351' title='bbox 2844 2231 3029 2289; x_wconf 82' lang='grc' dir='ltr'>δώσειν</span> <span class='ocrx_word' id='word_1_352' title='bbox 3100 2234 3465 2313; x_wconf 77' lang='grc' dir='ltr'>ἐπηγγέλλετο</span> <span class='ocrx_word' id='word_1_353' title='bbox 3521 2237 3766 2311; x_wconf 79' lang='grc' dir='ltr'>μίσθωμα</span> <span class='ocrx_word' id='word_1_354' title='bbox 3806 2250 3824 2264; x_wconf 89' lang='grc'>⁶</span> 
     </span>
    </p>
   </div>
   <div class='ocr_carea' id='block_1_54' title="bbox 2170 2314 3821 2406">
    <p class='ocr_par' dir='ltr' id='par_1_54' title="bbox 2170 2314 3821 2406">
     <span class='ocr_line' id='line_1_54' title="bbox 2170 2314 3821 2406; baseline 0.005 -34"><span class='ocrx_word' id='word_1_355' title='bbox 2170 2318 2205 2385; x_wconf 75' lang='grc' dir='ltr'><strong>ἡ</strong></span> <span class='ocrx_word' id='word_1_356' title='bbox 2253 2314 2309 2406; x_wconf 82' lang='grc' dir='ltr'>δὲ</span> <span class='ocrx_word' id='word_1_357' title='bbox 2365 2319 2672 2398; x_wconf 75' lang='grc' dir='ltr'>κατεφρόνει</span> <span class='ocrx_word' id='word_1_358' title='bbox 2732 2326 2830 2388; x_wconf 81' lang='grc' dir='ltr'>τῆς</span> <span class='ocrx_word' id='word_1_359' title='bbox 2908 2320 3124 2389; x_wconf 83' lang='grc' dir='ltr'>δόσεως.</span> <span class='ocrx_word' id='word_1_360' title='bbox 3178 2327 3277 2406; x_wconf 59' lang='lat' dir='ltr'><strong>Kal</strong></span> <span class='ocrx_word' id='word_1_361' title='bbox 3343 2326 3423 2399; x_wconf 86' lang='grc' dir='ltr'>ὃς,</span> <span class='ocrx_word' id='word_1_362' title='bbox 3479 2323 3821 2406; x_wconf 87' lang='grc' dir='ltr'>φλεγμαίνων</span> 
     </span>
    </p>
   </div>
   <div class='ocr_carea' id='block_1_55' title="bbox 2171 2404 3822 2493">
    <p class='ocr_par' dir='ltr' id='par_1_55' title="bbox 2171 2404 3822 2493">
     <span class='ocr_line' id='line_1_55' title="bbox 2171 2404 3822 2493; baseline 0.005 -31"><span class='ocrx_word' id='word_1_363' title='bbox 2171 2412 2247 2480; x_wconf 76' lang='grc' dir='ltr'>τῲ</span> <span class='ocrx_word' id='word_1_364' title='bbox 2276 2404 2455 2485; x_wconf 77' lang='grc' dir='ltr'>ἔρωτι,</span> <span class='ocrx_word' id='word_1_365' title='bbox 2487 2409 2587 2475; x_wconf 81' lang='grc' dir='ltr'><strong>τήν</strong></span> <span class='ocrx_word' id='word_1_366' title='bbox 2643 2406 2788 2466; x_wconf 86' lang='grc' dir='ltr'>δόσιν</span> <span class='ocrx_word' id='word_1_367' title='bbox 2839 2408 3148 2478; x_wconf 78' lang='grc' dir='ltr'>ἐπηύξανεν,</span> <span class='ocrx_word' id='word_1_368' title='bbox 3212 2404 3273 2470; x_wconf 67' lang='grc' dir='ltr'><strong>Ἠ</strong></span> <span class='ocrx_word' id='word_1_369' title='bbox 3328 2411 3376 2468; x_wconf 81' lang='grc' dir='ltr'>δ’</span> <span class='ocrx_word' id='word_1_370' title='bbox 3433 2404 3576 2478; x_wconf 71' lang='grc' dir='ltr'>αὖθις</span> <span class='ocrx_word' id='word_1_371' title='bbox 3648 2414 3822 2493; x_wconf 71' lang='grc' dir='ltr'>βαρύ-</span> 
     </span>
    </p>
   </div>
   <div class='ocr_carea' id='block_1_56' title="bbox 2173 2496 3817 2583">
    <p class='ocr_par' dir='ltr' id='par_1_56' title="bbox 2173 2496 3817 2583">
     <span class='ocr_line' id='line_1_56' title="bbox 2173 2496 3817 2583; baseline 0.005 -34"><span class='ocrx_word' id='word_1_372' title='bbox 2173 2516 2331 2551; x_wconf 87' lang='grc' dir='ltr'>νουσα</span> <span class='ocrx_word' id='word_1_373' title='bbox 2385 2496 2505 2560; x_wconf 80' lang='grc' dir='ltr'>τοὺς</span> <span class='ocrx_word' id='word_1_374' title='bbox 2588 2499 2824 2573; x_wconf 85' lang='grc' dir='ltr'>μισθοὺς,</span> <span class='ocrx_word' id='word_1_375' title='bbox 2914 2501 3000 2556; x_wconf 89' lang='grc' dir='ltr'><strong>καὶ</strong></span> <span class='ocrx_word' id='word_1_376' title='bbox 3083 2499 3219 2557; x_wconf 68' lang='grc' dir='ltr'>οὕτω</span> <span class='ocrx_word' id='word_1_377' title='bbox 3306 2503 3628 2583; x_wconf 84' lang='grc' dir='ltr'>περιφρόνει.</span> <span class='ocrx_word' id='word_1_378' title='bbox 3726 2502 3817 2560; x_wconf 84' lang='grc' dir='ltr'>Ἐν</span> 
     </span>
    </p>
   </div>
   <div class='ocr_carea' id='block_1_57' title="bbox 2172 2583 3821 2670">
    <p class='ocr_par' dir='ltr' id='par_1_57' title="bbox 2172 2583 3821 2670">
     <span class='ocr_line' id='line_1_57' title="bbox 2172 2583 3821 2670; baseline 0.004 -31"><span class='ocrx_word' id='word_1_379' title='bbox 2172 2583 2377 2649; x_wconf 83' lang='grc' dir='ltr'>τούτοις</span> <span class='ocrx_word' id='word_1_380' title='bbox 2408 2593 2501 2643; x_wconf 90' lang='grc' dir='ltr'><strong>τοῦ</strong></span> <span class='ocrx_word' id='word_1_381' title='bbox 2566 2596 2748 2664; x_wconf 77' lang='grc' dir='ltr'>καιροῦ</span> <span class='ocrx_word' id='word_1_382' title='bbox 2801 2585 3131 2664; x_wconf 83' lang='grc' dir='ltr'>τριϐομένου,</span> <span class='ocrx_word' id='word_1_383' title='bbox 3197 2587 3363 2655; x_wconf 77' lang='grc' dir='ltr'>ἔδοξεν</span> <span class='ocrx_word' id='word_1_384' title='bbox 3420 2589 3545 2670; x_wconf 82' lang='grc' dir='ltr'>ὅναρ</span> <span class='ocrx_word' id='word_1_385' title='bbox 3600 2593 3626 2647; x_wconf 73' lang='grc' dir='ltr'>ὁ</span> <span class='ocrx_word' id='word_1_386' title='bbox 3688 2589 3821 2669; x_wconf 78' lang='grc' dir='ltr'>ἔρα-</span> 
     </span>
    </p>
   </div>
   <div class='ocr_carea' id='block_1_58' title="bbox 2173 2672 3821 2759">
    <p class='ocr_par' dir='ltr' id='par_1_58' title="bbox 2173 2672 3821 2759">
     <span class='ocr_line' id='line_1_58' title="bbox 2173 2672 3821 2759; baseline 0.003 -31"><span class='ocrx_word' id='word_1_387' title='bbox 2173 2672 2304 2739; x_wconf 76' lang='grc' dir='ltr'><strong>στής</strong></span> <span class='ocrx_word' id='word_1_388' title='bbox 2328 2673 2702 2759; x_wconf 30' lang='grc' dir='ltr'>’συγγενέσθαι</span> <span class='ocrx_word' id='word_1_389' title='bbox 2760 2682 2830 2752; x_wconf 77' lang='grc' dir='ltr'><strong>τῇ</strong></span> <span class='ocrx_word' id='word_1_390' title='bbox 2878 2677 3148 2759; x_wconf 54' lang='grc' dir='ltr'>ἐρωμένῃ,</span> <span class='ocrx_word' id='word_1_391' title='bbox 3195 2680 3284 2735; x_wconf 83' lang='grc' dir='ltr'><strong>καὶ</strong></span> <span class='ocrx_word' id='word_1_392' title='bbox 3334 2680 3370 2748; x_wconf 78' lang='grc' dir='ltr'><strong>ἡ</strong></span> <span class='ocrx_word' id='word_1_393' title='bbox 3418 2678 3545 2759; x_wconf 80' lang='grc' dir='ltr'>φλὸξ</span> <span class='ocrx_word' id='word_1_394' title='bbox 3589 2679 3821 2738; x_wconf 77' lang='grc' dir='ltr'>ἐντεῦθεν</span> 
     </span>
    </p>
   </div>
   <div class='ocr_carea' id='block_1_59' title="bbox 2174 2755 3820 2848">
    <p class='ocr_par' dir='ltr' id='par_1_59' title="bbox 2174 2755 3820 2848">
     <span class='ocr_line' id='line_1_59' title="bbox 2174 2755 3820 2848; baseline 0.004 -34"><span class='ocrx_word' id='word_1_395' title='bbox 2174 2757 2381 2827; x_wconf 82' lang='grc' dir='ltr'>ἀπέσϐη</span> <span class='ocrx_word' id='word_1_396' title='bbox 2439 2761 2532 2818; x_wconf 77' lang='grc' dir='ltr'><strong>τοῦ</strong></span> <span class='ocrx_word' id='word_1_397' title='bbox 2591 2760 2813 2841; x_wconf 78' lang='grc' dir='ltr'>ἔρωτος.</span> <span class='ocrx_word' id='word_1_398' title='bbox 2878 2755 2939 2822; x_wconf 65' lang='grc' dir='ltr'><em>Ἠ</em></span> <span class='ocrx_word' id='word_1_399' title='bbox 3009 2755 3103 2841; x_wconf 76' lang='grc' dir='ltr'>δὲ,</span> <span class='ocrx_word' id='word_1_400' title='bbox 3188 2773 3339 2824; x_wconf 84' lang='grc' dir='ltr'>τοῦτο</span> <span class='ocrx_word' id='word_1_401' title='bbox 3420 2755 3638 2848; x_wconf 79' lang='grc' dir='ltr'>γνοῦσα,</span> <span class='ocrx_word' id='word_1_402' title='bbox 3726 2770 3820 2823; x_wconf 84' lang='grc' dir='ltr'>τὸν</span> 
     </span>
    </p>
   </div>
   <div class='ocr_carea' id='block_1_60' title="bbox 2176 2847 3815 2932">
    <p class='ocr_par' dir='ltr' id='par_1_60' title="bbox 2176 2847 3815 2932">
     <span class='ocr_line' id='line_1_60' title="bbox 2176 2847 3815 2932; baseline 0.004 -28"><span class='ocrx_word' id='word_1_403' title='bbox 2176 2847 2575 2928; x_wconf 81' lang='grc' dir='ltr'>ἐπηγγελμένον</span> <span class='ocrx_word' id='word_1_404' title='bbox 2630 2851 2821 2928; x_wconf 76' lang='grc' dir='ltr'>ἀπῃτει</span> <span class='ocrx_word' id='word_1_405' title='bbox 2873 2855 3060 2929; x_wconf 87' lang='grc' dir='ltr'>μισθόν</span> <span class='ocrx_word' id='word_1_406' title='bbox 3104 2871 3118 2885; x_wconf 87' lang='grc'><strong><em>⁸</em></strong></span> <span class='ocrx_word' id='word_1_407' title='bbox 3177 2857 3264 2912; x_wconf 67' lang='grc' dir='ltr'>καὶ</span> <span class='ocrx_word' id='word_1_408' title='bbox 3316 2856 3393 2924; x_wconf 77' lang='grc' dir='ltr'>μὴ</span> <span class='ocrx_word' id='word_1_409' title='bbox 3451 2847 3815 2932; x_wconf 68' lang='grc' dir='ltr'>λαμϐάνουσα,</span> 
     </span>
    </p>
   </div>
   <div class='ocr_carea' id='block_1_61' title="bbox 2176 2937 3819 3024">
    <p class='ocr_par' dir='ltr' id='par_1_61' title="bbox 2176 2937 3819 3024">
     <span class='ocr_line' id='line_1_61' title="bbox 2176 2937 3819 3024; baseline 0.004 -31"><span class='ocrx_word' id='word_1_410' title='bbox 2176 2937 2440 3017; x_wconf 78' lang='grc' dir='ltr'>προσῆλθε</span> <span class='ocrx_word' id='word_1_411' title='bbox 2497 2939 2574 3015; x_wconf 78' lang='grc' dir='ltr'><strong>τῷ</strong></span> <span class='ocrx_word' id='word_1_412' title='bbox 2650 2938 2895 3021; x_wconf 76' lang='grc' dir='ltr'>ἄρχοντι.</span> <span class='ocrx_word' id='word_1_413' title='bbox 2980 2943 3267 3024; x_wconf 76' lang='grc' dir='ltr'>Βόκχορις,</span> <span class='ocrx_word' id='word_1_414' title='bbox 3367 2943 3425 3009; x_wconf 85' lang='grc' dir='ltr'>ὅς</span> <span class='ocrx_word' id='word_1_415' title='bbox 3492 2952 3584 3001; x_wconf 88' lang='grc' dir='ltr'><strong>τοῦ</strong></span> <span class='ocrx_word' id='word_1_416' title='bbox 3638 2944 3819 3007; x_wconf 76' lang='grc' dir='ltr'>ἔθνους</span> 
     </span>
    </p>
   </div>
   <div class='ocr_carea' id='block_1_62' title="bbox 446 3025 2086 3116">
    <p class='ocr_par' dir='ltr' id='par_1_62' title="bbox 446 3033 2086 3116">
     <span class='ocr_line' id='line_1_62' title="bbox 446 3033 2086 3116; baseline 0.001 -23"><span class='ocrx_word' id='word_1_417' title='bbox 446 3033 855 3111; x_wconf 82' lang='lat' dir='ltr'><strong>magistratum</strong></span> <span class='ocrx_word' id='word_1_418' title='bbox 911 3036 1074 3098; x_wconf 91' lang='lat' dir='ltr'><strong>adiit.</strong></span> <span class='ocrx_word' id='word_1_419' title='bbox 1139 3039 1460 3101; x_wconf 83' lang='lat' dir='ltr'><strong>Bocchoris</strong></span> <span class='ocrx_word' id='word_1_420' title='bbox 1520 3037 1955 3112; x_wconf 88' lang='lat' dir='ltr'><strong>nominabatur,</strong></span> <span class='ocrx_word' id='word_1_421' title='bbox 1993 3034 2086 3116; x_wconf 89' lang='lat' dir='ltr'><strong>qui</strong></span> 
     </span>
    </p>
   </div>
   <div class='ocr_carea' id='block_1_63' title="bbox 2171 3025 3820 3116">
    <p class='ocr_par' dir='ltr' id='par_1_63' title="bbox 2176 3025 3820 3113">
     <span class='ocr_line' id='line_1_63' title="bbox 2176 3025 3820 3113; baseline 0.004 -32"><span class='ocrx_word' id='word_1_422' title='bbox 2176 3025 2372 3083; x_wconf 79' lang='grc' dir='ltr'>ἐκείνου</span> <span class='ocrx_word' id='word_1_423' title='bbox 2426 3033 2726 3110; x_wconf 77' lang='grc' dir='ltr'>πατῆρχεν,</span> <span class='ocrx_word' id='word_1_424' title='bbox 2806 3030 3105 3108; x_wconf 86' lang='grc' dir='ltr'>ὠνόμαστο,</span> <span class='ocrx_word' id='word_1_425' title='bbox 3196 3034 3296 3091; x_wconf 78' lang='grc' dir='ltr'><strong>Καὶ</strong></span> <span class='ocrx_word' id='word_1_426' title='bbox 3352 3034 3381 3090; x_wconf 84' lang='grc' dir='ltr'>ὁ</span> <span class='ocrx_word' id='word_1_427' title='bbox 3435 3035 3616 3113; x_wconf 77' lang='grc' dir='ltr'>πρώην</span> <span class='ocrx_word' id='word_1_428' title='bbox 3685 3033 3820 3112; x_wconf 78' lang='grc' dir='ltr'>ἐρῶν</span> 
     </span>
    </p>
   </div>
   <div class='ocr_carea' id='block_1_64' title="bbox 440 3122 2086 3209">
    <p class='ocr_par' dir='ltr' id='par_1_64' title="bbox 440 3122 2086 3209">
     <span class='ocr_line' id='line_1_64' title="bbox 440 3122 2086 3209; baseline 0.002 -27"><span class='ocrx_word' id='word_1_429' title='bbox 440 3123 603 3200; x_wconf 81' lang='lat' dir='ltr'><strong>genti</strong></span> <span class='ocrx_word' id='word_1_430' title='bbox 634 3122 720 3185; x_wconf 91' lang='lat' dir='ltr'><strong>illi</strong></span> <span class='ocrx_word' id='word_1_431' title='bbox 754 3134 1026 3206; x_wconf 70' lang='lat' dir='ltr'><strong>praeerat.</strong></span> <span class='ocrx_word' id='word_1_432' title='bbox 1058 3125 1168 3200; x_wconf 92' lang='lat' dir='ltr'><strong>Qui</strong></span> <span class='ocrx_word' id='word_1_433' title='bbox 1200 3131 1362 3208; x_wconf 90' lang='lat' dir='ltr'><strong>prius</strong></span> <span class='ocrx_word' id='word_1_434' title='bbox 1380 3128 1710 3209; x_wconf 84' lang='lat' dir='ltr'><strong>deperibat,</strong></span> <span class='ocrx_word' id='word_1_435' title='bbox 1745 3126 2086 3189; x_wconf 88' lang='lat' dir='ltr'><strong>mercedem</strong></span> 
     </span>
    </p>
   </div>
   <div class='ocr_carea' id='block_1_65' title="bbox 440 3212 2090 3297">
    <p class='ocr_par' dir='ltr' id='par_1_65' title="bbox 440 3212 2090 3297">
     <span class='ocr_line' id='line_1_65' title="bbox 440 3212 2090 3297; baseline 0.002 -25"><span class='ocrx_word' id='word_1_436' title='bbox 440 3212 693 3288; x_wconf 84' lang='lat' dir='ltr'><strong>negabat</strong></span> <span class='ocrx_word' id='word_1_437' title='bbox 722 3232 787 3276; x_wconf 90' lang='lat' dir='ltr'><strong>se</strong></span> <span class='ocrx_word' id='word_1_438' title='bbox 819 3215 1065 3293; x_wconf 84' lang='lat' dir='ltr'><strong>debere,</strong></span> <span class='ocrx_word' id='word_1_439' title='bbox 1106 3217 1243 3297; x_wconf 90' lang='lat' dir='ltr'><strong>quia</strong></span> <span class='ocrx_word' id='word_1_440' title='bbox 1276 3236 1656 3296; x_wconf 82' lang='lat' dir='ltr'><strong>congressum</strong></span> <span class='ocrx_word' id='word_1_441' title='bbox 1696 3215 1919 3279; x_wconf 88' lang='lat' dir='ltr'><strong>amasia</strong></span> <span class='ocrx_word' id='word_1_442' title='bbox 1948 3224 2090 3276; x_wconf 89' lang='lat' dir='ltr'><strong>tunc</strong></span> 
     </span>
    </p>
   </div>
   <div class='ocr_carea' id='block_1_66' title="bbox 435 3305 2088 3388">
    <p class='ocr_par' dir='ltr' id='par_1_66' title="bbox 435 3305 2088 3388">
     <span class='ocr_line' id='line_1_66' title="bbox 435 3305 2088 3388; baseline 0.004 -28"><span class='ocrx_word' id='word_1_443' title='bbox 435 3312 791 3366; x_wconf 65' lang='lat' dir='ltr'><strong>recusasset.</strong></span> <span class='ocrx_word' id='word_1_444' title='bbox 829 3305 902 3367; x_wconf 87' lang='lat' dir='ltr'><strong>At</strong></span> <span class='ocrx_word' id='word_1_445' title='bbox 959 3306 1019 3367; x_wconf 91' lang='lat' dir='ltr'><strong>in</strong></span> <span class='ocrx_word' id='word_1_446' title='bbox 1053 3306 1305 3367; x_wconf 84' lang='lat' dir='ltr'><strong>somniis</strong></span> <span class='ocrx_word' id='word_1_447' title='bbox 1353 3306 1590 3388; x_wconf 80' lang='lat' dir='ltr'><strong>(inquit)</strong></span> <span class='ocrx_word' id='word_1_448' title='bbox 1646 3306 1804 3369; x_wconf 85' lang='lat' dir='ltr'><strong>visus</strong></span> <span class='ocrx_word' id='word_1_449' title='bbox 1857 3322 2088 3367; x_wconf 89' lang='lat' dir='ltr'><strong>mecum</strong></span> 
     </span>
    </p>
   </div>
   <div class='ocr_carea' id='block_1_67' title="bbox 438 3392 2088 3479">
    <p class='ocr_par' dir='ltr' id='par_1_67' title="bbox 438 3392 2088 3479">
     <span class='ocr_line' id='line_1_67' title="bbox 438 3392 2088 3479; baseline 0.005 -28"><span class='ocrx_word' id='word_1_450' title='bbox 438 3392 743 3471; x_wconf 85' lang='lat' dir='ltr'><strong>congredi,</strong></span> <span class='ocrx_word' id='word_1_451' title='bbox 778 3411 982 3455; x_wconf 88' lang='lat' dir='ltr'><strong>amore</strong></span> <span class='ocrx_word' id='word_1_452' title='bbox 1013 3395 1240 3479; x_wconf 68' lang='lat' dir='ltr'><strong>desiisti</strong></span> <span class='ocrx_word' id='word_1_453' title='bbox 1278 3419 1289 3456; x_wconf 91' lang='lat'><strong>:</strong></span> <span class='ocrx_word' id='word_1_454' title='bbox 1326 3395 1506 3477; x_wconf 87' lang='lat' dir='ltr'><strong>idque</strong></span> <span class='ocrx_word' id='word_1_455' title='bbox 1537 3397 1750 3457; x_wconf 82' lang='lat' dir='ltr'><strong>factum</strong></span> <span class='ocrx_word' id='word_1_456' title='bbox 1783 3408 1896 3469; x_wconf 71' lang='grc' dir='ltr'>εει,</span> <span class='ocrx_word' id='word_1_457' title='bbox 1929 3393 2088 3475; x_wconf 88' lang='lat' dir='ltr'><strong>quod</strong></span> 
     </span>
    </p>
   </div>
   <div class='ocr_carea' id='block_1_68' title="bbox 438 3484 2089 3564">
    <p class='ocr_par' dir='ltr' id='par_1_68' title="bbox 438 3484 2089 3564">
     <span class='ocr_line' id='line_1_68' title="bbox 438 3484 2089 3564; baseline 0.002 -23"><span class='ocrx_word' id='word_1_458' title='bbox 438 3498 506 3541; x_wconf 81' lang='lat' dir='ltr'><strong>ex</strong></span> <span class='ocrx_word' id='word_1_459' title='bbox 533 3499 670 3542; x_wconf 84' lang='lat' dir='ltr'><strong>vero</strong></span> <span class='ocrx_word' id='word_1_460' title='bbox 722 3484 1095 3564; x_wconf 87' lang='lat' dir='ltr'><strong>complexum</strong></span> <span class='ocrx_word' id='word_1_461' title='bbox 1149 3494 1497 3547; x_wconf 87' lang='lat' dir='ltr'><strong>eventurum</strong></span> <span class='ocrx_word' id='word_1_462' title='bbox 1552 3485 1797 3548; x_wconf 86' lang='lat' dir='ltr'><strong>fuisset:</strong></span> <span class='ocrx_word' id='word_1_463' title='bbox 1834 3484 2089 3564; x_wconf 90' lang='lat' dir='ltr'><strong>ideoque</strong></span> 
     </span>
    </p>
   </div>
   <div class='ocr_carea' id='block_1_69' title="bbox 437 3572 2089 3649">
    <p class='ocr_par' dir='ltr' id='par_1_69' title="bbox 437 3572 2089 3649">
     <span class='ocr_line' id='line_1_69' title="bbox 437 3572 2089 3649; baseline 0.004 -20"><span class='ocrx_word' id='word_1_464' title='bbox 437 3585 502 3629; x_wconf 84' lang='lat' dir='ltr'><strong>es</strong></span> <span class='ocrx_word' id='word_1_465' title='bbox 535 3572 830 3633; x_wconf 85' lang='lat' dir='ltr'><strong>mercedis</strong></span> <span class='ocrx_word' id='word_1_466' title='bbox 878 3573 1130 3635; x_wconf 87' lang='lat' dir='ltr'><strong>debitor.</strong></span> <span class='ocrx_word' id='word_1_467' title='bbox 1200 3575 1345 3638; x_wconf 91' lang='lat' dir='ltr'><strong>Litis</strong></span> <span class='ocrx_word' id='word_1_468' title='bbox 1375 3574 1824 3649; x_wconf 53' lang='lat' dir='ltr'><strong>autemZarbiter</strong></span> <span class='ocrx_word' id='word_1_469' title='bbox 1854 3573 2089 3635; x_wconf 90' lang='lat' dir='ltr'><strong>mulieri</strong></span> 
     </span>
    </p>
   </div>
   <div class='ocr_carea' id='block_1_70' title="bbox 438 3662 2090 3745">
    <p class='ocr_par' dir='ltr' id='par_1_70' title="bbox 438 3662 2090 3745">
     <span class='ocr_line' id='line_1_70' title="bbox 438 3662 2090 3745; baseline 0.003 -27"><span class='ocrx_word' id='word_1_470' title='bbox 438 3662 790 3737; x_wconf 81' lang='lat' dir='ltr'><strong>promissam</strong></span> <span class='ocrx_word' id='word_1_471' title='bbox 826 3663 1123 3726; x_wconf 88' lang='lat' dir='ltr'><strong>mercedis</strong></span> <span class='ocrx_word' id='word_1_472' title='bbox 1181 3664 1425 3725; x_wconf 91' lang='lat' dir='ltr'><strong>nomine</strong></span> <span class='ocrx_word' id='word_1_473' title='bbox 1454 3663 1583 3726; x_wconf 89' lang='lat' dir='ltr'><strong>auri</strong></span> <span class='ocrx_word' id='word_1_474' title='bbox 1612 3664 1997 3745; x_wconf 86' lang='lat' dir='ltr'><strong>quantitatem</strong></span> <span class='ocrx_word' id='word_1_475' title='bbox 2028 3663 2090 3723; x_wconf 91' lang='lat' dir='ltr'><strong>in</strong></span> 
     </span>
    </p>
   </div>
   <div class='ocr_carea' id='block_1_71' title="bbox 443 3748 2087 3833">
    <p class='ocr_par' dir='ltr' id='par_1_71' title="bbox 443 3748 2087 3833">
     <span class='ocr_line' id='line_1_71' title="bbox 443 3748 2087 3833; baseline 0.005 -28"><span class='ocrx_word' id='word_1_476' title='bbox 443 3748 702 3809; x_wconf 91' lang='lat' dir='ltr'><strong>medium</strong></span> <span class='ocrx_word' id='word_1_477' title='bbox 735 3750 933 3812; x_wconf 81' lang='lat' dir='ltr'><strong>atl&#39;erri</strong></span> <span class='ocrx_word' id='word_1_478' title='bbox 982 3752 1167 3831; x_wconf 85' lang='lat' dir='ltr'><strong>petiit.</strong></span> <span class='ocrx_word' id='word_1_479' title='bbox 1225 3751 1493 3833; x_wconf 79' lang='lat' dir='ltr'><strong>Cumque</strong></span> <span class='ocrx_word' id='word_1_480' title='bbox 1523 3753 1700 3815; x_wconf 90' lang='lat' dir='ltr'><strong>allata</strong></span> <span class='ocrx_word' id='word_1_481' title='bbox 1729 3762 1910 3832; x_wconf 88' lang='lat' dir='ltr'><strong>esset,</strong></span> <span class='ocrx_word' id='word_1_482' title='bbox 1949 3769 2087 3814; x_wconf 85' lang='lat' dir='ltr'><strong>cru-</strong></span> 
     </span>
    </p>
   </div>
   <div class='ocr_carea' id='block_1_72' title="bbox 440 3840 2087 3921">
    <p class='ocr_par' dir='ltr' id='par_1_72' title="bbox 440 3840 2087 3921">
     <span class='ocr_line' id='line_1_72' title="bbox 440 3840 2087 3921; baseline 0.005 -27"><span class='ocrx_word' id='word_1_483' title='bbox 440 3852 697 3910; x_wconf 88' lang='lat' dir='ltr'><strong>menam,</strong></span> <span class='ocrx_word' id='word_1_484' title='bbox 733 3857 850 3919; x_wconf 90' lang='lat' dir='ltr'><strong>qua</strong></span> <span class='ocrx_word' id='word_1_485' title='bbox 879 3840 1314 3902; x_wconf 89' lang='lat' dir='ltr'><strong>continebatur.</strong></span> <span class='ocrx_word' id='word_1_486' title='bbox 1378 3844 1492 3902; x_wconf 73' lang='lat' dir='ltr'><strong>huc.</strong></span> <span class='ocrx_word' id='word_1_487' title='bbox 1525 3850 1584 3904; x_wconf 86' lang='lat' dir='ltr'><strong>et</strong></span> <span class='ocrx_word' id='word_1_488' title='bbox 1615 3842 1756 3903; x_wconf 91' lang='lat' dir='ltr'><strong>illuc</strong></span> <span class='ocrx_word' id='word_1_489' title='bbox 1787 3841 1992 3921; x_wconf 81' lang='lat' dir='ltr'><strong>agitari</strong></span> <span class='ocrx_word' id='word_1_490' title='bbox 2024 3840 2087 3902; x_wconf 89' lang='lat' dir='ltr'><strong>in</strong></span> 
     </span>
    </p>
   </div>
   <div class='ocr_carea' id='block_1_73' title="bbox 439 3926 2088 4008">
    <p class='ocr_par' dir='ltr' id='par_1_73' title="bbox 439 3926 2088 4008">
     <span class='ocr_line' id='line_1_73' title="bbox 439 3926 2088 4008; baseline 0.004 -23"><span class='ocrx_word' id='word_1_491' title='bbox 439 3933 762 4004; x_wconf 87' lang='lat' dir='ltr'><strong>conspectu</strong></span> <span class='ocrx_word' id='word_1_492' title='bbox 785 3926 1161 3990; x_wconf 81' lang='lat' dir='ltr'><strong>radiisolaris</strong></span> <span class='ocrx_word' id='word_1_493' title='bbox 1185 3929 1397 4008; x_wconf 86' lang='lat' dir='ltr'><strong>jussit;</strong></span> <span class='ocrx_word' id='word_1_494' title='bbox 1423 3938 1480 3990; x_wconf 90' lang='lat' dir='ltr'><strong>et</strong></span> <span class='ocrx_word' id='word_1_495' title='bbox 1506 3930 1846 3993; x_wconf 90' lang='lat' dir='ltr'><strong>utumbram</strong></span> <span class='ocrx_word' id='word_1_496' title='bbox 1874 3929 2088 3992; x_wconf 86' lang='lat' dir='ltr'><strong>mulier</strong></span> 
     </span>
    </p>
   </div>
   <div class='ocr_carea' id='block_1_74' title="bbox 2170 3115 3813 3202">
    <p class='ocr_par' dir='ltr' id='par_1_74' title="bbox 2170 3115 3813 3202">
     <span class='ocr_line' id='line_1_74' title="bbox 2170 3115 3813 3202; baseline 0.006 -32"><span class='ocrx_word' id='word_1_497' title='bbox 2170 3115 2248 3191; x_wconf 79' lang='grc' dir='ltr'>μὴ</span> <span class='ocrx_word' id='word_1_498' title='bbox 2317 3115 2544 3195; x_wconf 76' lang='grc' dir='ltr'>ὀφείλειν</span> <span class='ocrx_word' id='word_1_499' title='bbox 2598 3117 2918 3198; x_wconf 80' lang='grc' dir='ltr'>ἀπελογεῖτο</span> <span class='ocrx_word' id='word_1_500' title='bbox 2987 3122 3193 3197; x_wconf 78' lang='grc' dir='ltr'>μισθὸν,</span> <span class='ocrx_word' id='word_1_501' title='bbox 3253 3123 3326 3185; x_wconf 84' lang='grc' dir='ltr'>ὡς</span> <span class='ocrx_word' id='word_1_502' title='bbox 3386 3127 3483 3190; x_wconf 78' lang='grc' dir='ltr'>τῆς</span> <span class='ocrx_word' id='word_1_503' title='bbox 3541 3122 3813 3202; x_wconf 74' lang='grc' dir='ltr'>ἐρωμένης</span> 
     </span>
    </p>
   </div>
   <div class='ocr_carea' id='block_1_75' title="bbox 2169 3204 3818 3292">
    <p class='ocr_par' dir='ltr' id='par_1_75' title="bbox 2169 3204 3818 3292">
     <span class='ocr_line' id='line_1_75' title="bbox 2169 3204 3818 3292; baseline 0.005 -32"><span class='ocrx_word' id='word_1_504' title='bbox 2169 3204 2289 3262; x_wconf 90' lang='grc' dir='ltr'>τότε</span> <span class='ocrx_word' id='word_1_505' title='bbox 2345 3205 2443 3272; x_wconf 73' lang='grc' dir='ltr'><strong>τὴν</strong></span> <span class='ocrx_word' id='word_1_506' title='bbox 2496 3205 2705 3281; x_wconf 81' lang='grc' dir='ltr'>ὁμιλίαν</span> <span class='ocrx_word' id='word_1_507' title='bbox 2776 3209 3151 3285; x_wconf 86' lang='grc' dir='ltr'>ἀναινομένης.</span> <span class='ocrx_word' id='word_1_508' title='bbox 3211 3208 3360 3267; x_wconf 78' lang='grc' dir='ltr'>Ἀλλ’</span> <span class='ocrx_word' id='word_1_509' title='bbox 3438 3211 3584 3292; x_wconf 77' lang='grc' dir='ltr'>ὄναρ,</span> <span class='ocrx_word' id='word_1_510' title='bbox 3666 3210 3818 3289; x_wconf 72' lang='grc' dir='ltr'>εἶπε,</span> 
     </span>
    </p>
   </div>
   <div class='ocr_carea' id='block_1_76' title="bbox 2171 3290 3819 3378">
    <p class='ocr_par' dir='ltr' id='par_1_76' title="bbox 2171 3290 3819 3378">
     <span class='ocr_line' id='line_1_76' title="bbox 2171 3290 3819 3378; baseline 0.005 -30"><span class='ocrx_word' id='word_1_511' title='bbox 2171 3290 2320 3359; x_wconf 80' lang='grc' dir='ltr'>δόξας</span> <span class='ocrx_word' id='word_1_512' title='bbox 2376 3316 2467 3368; x_wconf 90' lang='grc' dir='ltr'><strong>μοι</strong></span> <span class='ocrx_word' id='word_1_513' title='bbox 2528 3295 2885 3374; x_wconf 79' lang='grc' dir='ltr'>συγγενέσθαι,</span> <span class='ocrx_word' id='word_1_514' title='bbox 2943 3308 3036 3357; x_wconf 90' lang='grc' dir='ltr'><strong>τοῦ</strong></span> <span class='ocrx_word' id='word_1_515' title='bbox 3089 3297 3282 3378; x_wconf 77' lang='grc' dir='ltr'>ἔρωτος</span> <span class='ocrx_word' id='word_1_516' title='bbox 3352 3290 3615 3357; x_wconf 79' lang='grc' dir='ltr'>πέπαυσαι</span> <span class='ocrx_word' id='word_1_517' title='bbox 3651 3317 3666 3332; x_wconf 84' lang='grc'><strong><em>⁸</em></strong></span> <span class='ocrx_word' id='word_1_518' title='bbox 3725 3302 3819 3357; x_wconf 83' lang='grc' dir='ltr'><strong>καὶ</strong></span> 
     </span>
    </p>
   </div>
   <div class='ocr_carea' id='block_1_77' title="bbox 2170 3381 3824 3467">
    <p class='ocr_par' dir='ltr' id='par_1_77' title="bbox 2170 3381 3824 3467">
     <span class='ocr_line' id='line_1_77' title="bbox 2170 3381 3824 3467; baseline 0.004 -29"><span class='ocrx_word' id='word_1_519' title='bbox 2170 3381 2384 3461; x_wconf 86' lang='grc' dir='ltr'>γέγονεν</span> <span class='ocrx_word' id='word_1_520' title='bbox 2436 3383 2464 3438; x_wconf 83' lang='grc' dir='ltr'><strong>ὃ</strong></span> <span class='ocrx_word' id='word_1_521' title='bbox 2518 3384 2624 3440; x_wconf 79' lang='grc' dir='ltr'>κὰκ</span> <span class='ocrx_word' id='word_1_522' title='bbox 2675 3385 2769 3453; x_wconf 77' lang='grc' dir='ltr'>τῆς</span> <span class='ocrx_word' id='word_1_523' title='bbox 2829 3390 3068 3467; x_wconf 73' lang='grc' dir='ltr'>γαθαπαρ</span> <span class='ocrx_word' id='word_1_524' title='bbox 3125 3389 3395 3453; x_wconf 83' lang='grc' dir='ltr'>συνουσίας</span> <span class='ocrx_word' id='word_1_525' title='bbox 3466 3386 3824 3465; x_wconf 75' lang='grc' dir='ltr'>συμϐήσεσθοι</span> 
     </span>
    </p>
   </div>
   <div class='ocr_carea' id='block_1_78' title="bbox 2172 3470 3817 3555">
    <p class='ocr_par' dir='ltr' id='par_1_78' title="bbox 2172 3470 3817 3555">
     <span class='ocr_line' id='line_1_78' title="bbox 2172 3470 3817 3555; baseline 0.005 -28"><span class='ocrx_word' id='word_1_526' title='bbox 2172 3470 2362 3547; x_wconf 80' lang='grc' dir='ltr'>ἔμελλε</span> <span class='ocrx_word' id='word_1_527' title='bbox 2403 3488 2415 3501; x_wconf 77' lang='grc'><strong>⁸</strong></span> <span class='ocrx_word' id='word_1_528' title='bbox 2476 3474 2561 3531; x_wconf 86' lang='grc' dir='ltr'><strong>καὶ</strong></span> <span class='ocrx_word' id='word_1_529' title='bbox 2621 3474 2899 3555; x_wconf 73' lang='grc' dir='ltr'>ὀφειλέτης</span> <span class='ocrx_word' id='word_1_530' title='bbox 2955 3479 2999 3533; x_wconf 82' lang='grc' dir='ltr'><strong>εί</strong></span> <span class='ocrx_word' id='word_1_531' title='bbox 3060 3477 3145 3535; x_wconf 79' lang='grc' dir='ltr'><strong>τοῦ</strong></span> <span class='ocrx_word' id='word_1_532' title='bbox 3216 3482 3421 3554; x_wconf 84' lang='grc' dir='ltr'>μισθοῦ.</span> <span class='ocrx_word' id='word_1_533' title='bbox 3487 3471 3551 3537; x_wconf 70' lang='grc' dir='ltr'><strong>Ι[Ι</strong></span> <span class='ocrx_word' id='word_1_534' title='bbox 3592 3477 3647 3535; x_wconf 79' lang='grc' dir='ltr'>δὲ</span> <span class='ocrx_word' id='word_1_535' title='bbox 3717 3484 3817 3547; x_wconf 79' lang='grc' dir='ltr'>τῆς</span> 
     </span>
    </p>
   </div>
   <div class='ocr_carea' id='block_1_79' title="bbox 2173 3559 3822 3647">
    <p class='ocr_par' dir='ltr' id='par_1_79' title="bbox 2173 3559 3822 3647">
     <span class='ocr_line' id='line_1_79' title="bbox 2173 3559 3822 3647; baseline 0.006 -32"><span class='ocrx_word' id='word_1_536' title='bbox 2173 3559 2320 3628; x_wconf 84' lang='grc' dir='ltr'>δίκης</span> <span class='ocrx_word' id='word_1_537' title='bbox 2349 3559 2626 3630; x_wconf 78' lang='grc' dir='ltr'>διαιτητὴς</span> <span class='ocrx_word' id='word_1_538' title='bbox 2683 3586 2782 3631; x_wconf 86' lang='grc' dir='ltr'><strong>την</strong></span> <span class='ocrx_word' id='word_1_539' title='bbox 2822 3567 3231 3647; x_wconf 72' lang='grc' dir='ltr'>ὶπηγγελμένην</span> <span class='ocrx_word' id='word_1_540' title='bbox 3287 3569 3417 3647; x_wconf 74' lang='grc' dir='ltr'>ὑπὲρ</span> <span class='ocrx_word' id='word_1_541' title='bbox 3485 3575 3575 3625; x_wconf 86' lang='grc' dir='ltr'><strong>τοῦ</strong></span> <span class='ocrx_word' id='word_1_542' title='bbox 3633 3572 3822 3645; x_wconf 80' lang='grc' dir='ltr'>μισθοῦ</span> 
     </span>
    </p>
   </div>
   <div class='ocr_carea' id='block_1_80' title="bbox 2172 3654 3823 3735">
    <p class='ocr_par' dir='ltr' id='par_1_80' title="bbox 2172 3654 3823 3735">
     <span class='ocr_line' id='line_1_80' title="bbox 2172 3654 3823 3735; baseline 0.006 -29"><span class='ocrx_word' id='word_1_543' title='bbox 2172 3657 2241 3729; x_wconf 77' lang='grc' dir='ltr'>τῇ</span> <span class='ocrx_word' id='word_1_544' title='bbox 2299 3654 2503 3731; x_wconf 79' lang='grc' dir='ltr'>γυναικὶ</span> <span class='ocrx_word' id='word_1_545' title='bbox 2571 3661 2662 3711; x_wconf 84' lang='grc' dir='ltr'><strong>τοῦ</strong></span> <span class='ocrx_word' id='word_1_546' title='bbox 2730 3659 2947 3735; x_wconf 77' lang='grc' dir='ltr'>χρυσίου</span> <span class='ocrx_word' id='word_1_547' title='bbox 3003 3659 3275 3726; x_wconf 75' lang='grc' dir='ltr'>ποσότητα</span> <span class='ocrx_word' id='word_1_548' title='bbox 3358 3660 3429 3724; x_wconf 86' lang='grc' dir='ltr'>εἷς</span> <span class='ocrx_word' id='word_1_549' title='bbox 3492 3658 3653 3735; x_wconf 85' lang='grc' dir='ltr'>μέσον</span> <span class='ocrx_word' id='word_1_550' title='bbox 3707 3682 3823 3716; x_wconf 88' lang='grc' dir='ltr'>πα-</span> 
     </span>
    </p>
   </div>
   <div class='ocr_carea' id='block_1_81' title="bbox 2174 3740 3822 3827">
    <p class='ocr_par' dir='ltr' id='par_1_81' title="bbox 2174 3740 3822 3827">
     <span class='ocr_line' id='line_1_81' title="bbox 2174 3740 3822 3827; baseline 0.005 -31"><span class='ocrx_word' id='word_1_551' title='bbox 2174 3743 2439 3827; x_wconf 79' lang='grc' dir='ltr'>ραχθῆναι</span> <span class='ocrx_word' id='word_1_552' title='bbox 2507 3740 2775 3818; x_wconf 73' lang='grc' dir='ltr'>ἀπῄτησε.</span> <span class='ocrx_word' id='word_1_553' title='bbox 2851 3747 2950 3803; x_wconf 81' lang='grc' dir='ltr'>Καὶ</span> <span class='ocrx_word' id='word_1_554' title='bbox 3028 3746 3394 3827; x_wconf 81' lang='grc' dir='ltr'>παραχθείσης</span> <span class='ocrx_word' id='word_1_555' title='bbox 3476 3745 3537 3804; x_wconf 76' lang='grc' dir='ltr'>τὰ</span> <span class='ocrx_word' id='word_1_556' title='bbox 3620 3748 3822 3814; x_wconf 81' lang='grc' dir='ltr'>ταύτην</span> 
     </span>
    </p>
   </div>
   <div class='ocr_carea' id='block_1_82' title="bbox 2170 3826 3822 3913">
    <p class='ocr_par' dir='ltr' id='par_1_82' title="bbox 2170 3826 3822 3913">
     <span class='ocr_line' id='line_1_82' title="bbox 2170 3826 3822 3913; baseline 0.004 -28"><span class='ocrx_word' id='word_1_557' title='bbox 2170 3826 2300 3909; x_wconf 77' lang='grc' dir='ltr'>ἔχον</span> <span class='ocrx_word' id='word_1_558' title='bbox 2370 3826 2514 3887; x_wconf 73' lang='grc' dir='ltr'>ἔνδον</span> <span class='ocrx_word' id='word_1_559' title='bbox 2570 3831 2884 3910; x_wconf 76' lang='grc' dir='ltr'>βαλάντιον,</span> <span class='ocrx_word' id='word_1_560' title='bbox 2938 3833 3169 3903; x_wconf 77' lang='grc' dir='ltr'>ἡλιακῆς</span> <span class='ocrx_word' id='word_1_561' title='bbox 3204 3826 3427 3900; x_wconf 75' lang='grc' dir='ltr'>ἀκτῖνος</span> <span class='ocrx_word' id='word_1_562' title='bbox 3471 3835 3642 3893; x_wconf 77' lang='grc' dir='ltr'>ἔναντι</span> <span class='ocrx_word' id='word_1_563' title='bbox 3696 3836 3822 3913; x_wconf 76' lang='grc' dir='ltr'>τῇδε</span> 
     </span>
    </p>
   </div>
   <div class='ocr_carea' id='block_1_83' title="bbox 2168 3918 3822 4005">
    <p class='ocr_par' dir='ltr' id='par_1_83' title="bbox 2168 3918 3822 4005">
     <span class='ocr_line' id='line_1_83' title="bbox 2168 3918 3822 4005; baseline 0.006 -32"><span class='ocrx_word' id='word_1_564' title='bbox 2168 3918 2388 3975; x_wconf 67' lang='grc' dir='ltr'>κάκεῖσε</span> <span class='ocrx_word' id='word_1_565' title='bbox 2471 3921 2754 3999; x_wconf 83' lang='grc' dir='ltr'>προσέταξε</span> <span class='ocrx_word' id='word_1_566' title='bbox 2823 3922 3085 4005; x_wconf 69' lang='grc' dir='ltr'>φέρεσθαι,</span> <span class='ocrx_word' id='word_1_567' title='bbox 3145 3925 3232 3981; x_wconf 85' lang='grc' dir='ltr'><strong>καὶ</strong></span> <span class='ocrx_word' id='word_1_568' title='bbox 3274 3925 3373 3992; x_wconf 79' lang='grc' dir='ltr'><strong>τὴν</strong></span> <span class='ocrx_word' id='word_1_569' title='bbox 3439 3939 3666 4005; x_wconf 81' lang='grc' dir='ltr'>γυναῖκα</span> <span class='ocrx_word' id='word_1_570' title='bbox 3721 3931 3822 3993; x_wconf 84' lang='grc' dir='ltr'>τῆς</span> 
     </span>
    </p>
   </div>
   <div class='ocr_carea' id='block_1_84' title="bbox 438 4007 2086 4101">
    <p class='ocr_par' dir='ltr' id='par_1_84' title="bbox 438 4007 2084 4101">
     <span class='ocr_line' id='line_1_84' title="bbox 438 4007 2084 4101; baseline 0.005 -29"><span class='ocrx_word' id='word_1_571' title='bbox 438 4021 699 4092; x_wconf 90' lang='lat' dir='ltr'><strong>caperet,</strong></span> <span class='ocrx_word' id='word_1_572' title='bbox 732 4014 1033 4096; x_wconf 88' lang='lat' dir='ltr'><strong>sapienter</strong></span> <span class='ocrx_word' id='word_1_573' title='bbox 1062 4007 1453 4098; x_wconf 82' lang='lat' dir='ltr'><strong>pronuntiavit</strong></span> <span class='ocrx_word' id='word_1_574' title='bbox 1479 4037 1495 4093; x_wconf 88' lang='lat'><strong>;</strong></span> <span class='ocrx_word' id='word_1_575' title='bbox 1518 4020 1738 4101; x_wconf 83' lang='lat' dir='ltr'><strong>quippe</strong></span> <span class='ocrx_word' id='word_1_576' title='bbox 1759 4038 1891 4081; x_wconf 91' lang='lat' dir='ltr'><strong>cum</strong></span> <span class='ocrx_word' id='word_1_577' title='bbox 1916 4038 2084 4081; x_wconf 90' lang='lat' dir='ltr'><strong>ama-</strong></span> 
     </span>
    </p>
   </div>
   <div class='ocr_carea' id='block_1_85' title="bbox 2171 4007 3820 4101">
    <p class='ocr_par' dir='ltr' id='par_1_85' title="bbox 2171 4007 3820 4095">
     <span class='ocr_line' id='line_1_85' title="bbox 2171 4007 3820 4095; baseline 0.005 -33"><span class='ocrx_word' id='word_1_578' title='bbox 2171 4013 2320 4071; x_wconf 83' lang='grc' dir='ltr'>σκιᾶς</span> <span class='ocrx_word' id='word_1_579' title='bbox 2362 4007 2721 4086; x_wconf 71' lang='grc' dir='ltr'>ὶπιλαϐέσθαι,</span> <span class='ocrx_word' id='word_1_580' title='bbox 2766 4019 2940 4093; x_wconf 80' lang='grc' dir='ltr'>σοφῶς</span> <span class='ocrx_word' id='word_1_581' title='bbox 2992 4016 3292 4094; x_wconf 67' lang='grc' dir='ltr'>ἑψηφίσατο</span> <span class='ocrx_word' id='word_1_582' title='bbox 3325 4032 3341 4048; x_wconf 88' lang='grc'><strong>·</strong></span> <span class='ocrx_word' id='word_1_583' title='bbox 3404 4017 3479 4079; x_wconf 82' lang='grc' dir='ltr'><strong>ὡς</strong></span> <span class='ocrx_word' id='word_1_584' title='bbox 3520 4025 3614 4076; x_wconf 87' lang='grc' dir='ltr'><strong>τοῦ</strong></span> <span class='ocrx_word' id='word_1_585' title='bbox 3688 4017 3820 4095; x_wconf 66' lang='grc' dir='ltr'>ἱρα-</span> 
     </span>
    </p>
   </div>
   <div class='ocr_carea' id='block_1_86' title="bbox 443 4095 2086 4188">
    <p class='ocr_par' dir='ltr' id='par_1_86' title="bbox 443 4095 2085 4188">
     <span class='ocr_line' id='line_1_86' title="bbox 443 4095 2085 4188; baseline 0.006 -28"><span class='ocrx_word' id='word_1_586' title='bbox 443 4108 537 4161; x_wconf 90' lang='lat' dir='ltr'><strong>tor</strong></span> <span class='ocrx_word' id='word_1_587' title='bbox 564 4101 709 4163; x_wconf 83' lang='lat' dir='ltr'><strong>niltil</strong></span> <span class='ocrx_word' id='word_1_588' title='bbox 742 4095 1000 4185; x_wconf 86' lang='lat' dir='ltr'><strong>amplius</strong></span> <span class='ocrx_word' id='word_1_589' title='bbox 1022 4095 1232 4169; x_wconf 83' lang='lat' dir='ltr'><strong>umbra</strong></span> <span class='ocrx_word' id='word_1_590' title='bbox 1263 4125 1369 4188; x_wconf 88' lang='lat' dir='ltr'><strong>per</strong></span> <span class='ocrx_word' id='word_1_591' title='bbox 1388 4095 1757 4171; x_wconf 71' lang='lat' dir='ltr'><strong>somniorum</strong></span> <span class='ocrx_word' id='word_1_592' title='bbox 1793 4108 2085 4187; x_wconf 85' lang='lat' dir='ltr'><strong>imagina-</strong></span> 
     </span>
    </p>
   </div>
   <div class='ocr_carea' id='block_1_87' title="bbox 2171 4095 3821 4188">
    <p class='ocr_par' dir='ltr' id='par_1_87' title="bbox 2171 4095 3821 4185">
     <span class='ocr_line' id='line_1_87' title="bbox 2171 4095 3821 4185; baseline 0.005 -34"><span class='ocrx_word' id='word_1_593' title='bbox 2171 4106 2295 4155; x_wconf 85' lang='grc' dir='ltr'>στοῦ</span> <span class='ocrx_word' id='word_1_594' title='bbox 2360 4095 2523 4173; x_wconf 77' lang='grc' dir='ltr'>μηδὲν</span> <span class='ocrx_word' id='word_1_595' title='bbox 2576 4098 2736 4156; x_wconf 78' lang='grc' dir='ltr'>πλέον</span> <span class='ocrx_word' id='word_1_596' title='bbox 2792 4108 2941 4165; x_wconf 83' lang='grc' dir='ltr'>σκιᾶς</span> <span class='ocrx_word' id='word_1_597' title='bbox 2997 4101 3082 4159; x_wconf 74' lang='grc' dir='ltr'>διὰ</span> <span class='ocrx_word' id='word_1_598' title='bbox 3134 4109 3233 4171; x_wconf 79' lang='grc' dir='ltr'>τῆς</span> <span class='ocrx_word' id='word_1_599' title='bbox 3306 4106 3361 4161; x_wconf 72' lang='grc' dir='ltr'>ὲν</span> <span class='ocrx_word' id='word_1_600' title='bbox 3416 4105 3633 4184; x_wconf 80' lang='grc' dir='ltr'>ὀνείροις</span> <span class='ocrx_word' id='word_1_601' title='bbox 3690 4127 3821 4185; x_wconf 78' lang='grc' dir='ltr'>φαν-</span> 
     </span>
    </p>
   </div>
   <div class='ocr_carea' id='block_1_88' title="bbox 442 4185 2086 4279">
    <p class='ocr_par' dir='ltr' id='par_1_88' title="bbox 442 4185 2086 4279">
     <span class='ocr_line' id='line_1_88' title="bbox 442 4185 2086 4279; baseline 0.005 -30"><span class='ocrx_word' id='word_1_602' title='bbox 442 4188 663 4279; x_wconf 86' lang='lat' dir='ltr'><strong>tionem</strong></span> <span class='ocrx_word' id='word_1_603' title='bbox 726 4193 1115 4274; x_wconf 88' lang='lat' dir='ltr'><strong>percepisset.</strong></span> <span class='ocrx_word' id='word_1_604' title='bbox 1174 4185 1395 4259; x_wconf 82' lang='lat' dir='ltr'><strong>Umbra</strong></span> <span class='ocrx_word' id='word_1_605' title='bbox 1451 4197 1611 4259; x_wconf 89' lang='lat' dir='ltr'><strong>enim</strong></span> <span class='ocrx_word' id='word_1_606' title='bbox 1674 4197 1873 4279; x_wconf 73' lang='lat' dir='ltr'><strong>procul</strong></span> <span class='ocrx_word' id='word_1_607' title='bbox 1905 4185 2086 4259; x_wconf 88' lang='lat' dir='ltr'><strong>dubio</strong></span> 
     </span>
    </p>
   </div>
   <div class='ocr_carea' id='block_1_89' title="bbox 2171 4185 3821 4279">
    <p class='ocr_par' dir='ltr' id='par_1_89' title="bbox 2171 4185 3821 4279">
     <span class='ocr_line' id='line_1_89' title="bbox 2171 4185 3821 4279; baseline 0.007 -39"><span class='ocrx_word' id='word_1_608' title='bbox 2171 4185 2352 4279; x_wconf 75' lang='grc' dir='ltr'>τασίας</span> <span class='ocrx_word' id='word_1_609' title='bbox 2396 4187 2924 4267; x_wconf 80' lang='grc' dir='ltr'>παραπολαύσαντος.</span> <span class='ocrx_word' id='word_1_610' title='bbox 2995 4194 3130 4249; x_wconf 83' lang='grc' dir='ltr'>Σκιά</span> <span class='ocrx_word' id='word_1_611' title='bbox 3185 4194 3285 4272; x_wconf 75' lang='grc' dir='ltr'><strong>γαρ</strong></span> <span class='ocrx_word' id='word_1_612' title='bbox 3339 4195 3413 4257; x_wconf 84' lang='grc' dir='ltr'>ὡς</span> <span class='ocrx_word' id='word_1_613' title='bbox 3454 4192 3668 4261; x_wconf 78' lang='grc' dir='ltr'>ἀληθῶς</span> <span class='ocrx_word' id='word_1_614' title='bbox 3717 4199 3821 4261; x_wconf 82' lang='grc' dir='ltr'>τῆς</span> 
     </span>
    </p>
   </div>
   <div class='ocr_carea' id='block_1_90' title="bbox 440 4272 2086 4379">
    <p class='ocr_par' dir='ltr' id='par_1_90' title="bbox 440 4272 2086 4379">
     <span class='ocr_line' id='line_1_90' title="bbox 440 4272 2086 4379; baseline 0.005 -41"><span class='ocrx_word' id='word_1_615' title='bbox 440 4278 708 4379; x_wconf 70' lang='lat' dir='ltr'><strong>veritatis</strong></span> <span class='ocrx_word' id='word_1_616' title='bbox 730 4272 739 4273; x_wconf 22' lang='grc' dir='ltr'><strong>ί</strong></span> <span class='ocrx_word' id='word_1_617' title='bbox 761 4291 848 4379; x_wconf 78' lang='lat' dir='ltr'><strong>est</strong></span> <span class='ocrx_word' id='word_1_618' title='bbox 874 4272 1298 4379; x_wconf 21' lang='lat' dir='ltr'><strong>phantasmas</strong></span> <span class='ocrx_word' id='word_1_619' title='bbox 1331 4285 1401 4379; x_wconf 69' lang='lat' dir='ltr'><strong>Et</strong></span> <span class='ocrx_word' id='word_1_620' title='bbox 1454 4305 1646 4379; x_wconf 80' lang='lat' dir='ltr'><strong>neque</strong></span> <span class='ocrx_word' id='word_1_621' title='bbox 1675 4272 1745 4349; x_wconf 71' lang='grc' dir='ltr'><strong>ἐἰ</strong></span> <span class='ocrx_word' id='word_1_622' title='bbox 1774 4287 1913 4368; x_wconf 91' lang='lat' dir='ltr'><strong>quid</strong></span> <span class='ocrx_word' id='word_1_623' title='bbox 1948 4284 2086 4348; x_wconf 89' lang='lat' dir='ltr'><strong>boni</strong></span> 
     </span>
    </p>
   </div>
   <div class='ocr_carea' id='block_1_91' title="bbox 2171 4272 3823 4379">
    <p class='ocr_par' dir='ltr' id='par_1_91' title="bbox 2171 4272 3823 4379">
     <span class='ocr_line' id='line_1_91' title="bbox 2171 4272 3823 4379; baseline 0.005 -47"><span class='ocrx_word' id='word_1_624' title='bbox 2171 4272 2418 4379; x_wconf 64' lang='grc' dir='ltr'>ἀληθείας</span> <span class='ocrx_word' id='word_1_625' title='bbox 2448 4275 2507 4333; x_wconf 75' lang='grc' dir='ltr'>τὸ</span> <span class='ocrx_word' id='word_1_626' title='bbox 2556 4279 2855 4358; x_wconf 75' lang='grc' dir='ltr'>φάντασμα.</span> <span class='ocrx_word' id='word_1_627' title='bbox 2929 4283 3030 4338; x_wconf 80' lang='grc' dir='ltr'>Καὶ</span> <span class='ocrx_word' id='word_1_628' title='bbox 3084 4281 3198 4339; x_wconf 78' lang='grc' dir='ltr'>οἵτε</span> <span class='ocrx_word' id='word_1_629' title='bbox 3259 4284 3497 4363; x_wconf 86' lang='grc' dir='ltr'>χρηστόν</span> <span class='ocrx_word' id='word_1_630' title='bbox 3564 4306 3615 4340; x_wconf 88' lang='grc' dir='ltr'><strong>τι</strong></span> <span class='ocrx_word' id='word_1_631' title='bbox 3669 4281 3823 4349; x_wconf 81' lang='grc' dir='ltr'>δόξας</span> 
     </span>
    </p>
   </div>
   <div class='ocr_carea' id='block_1_92' title="bbox 439 4362 2086 4457">
    <p class='ocr_par' dir='ltr' id='par_1_92' title="bbox 439 4362 2086 4457">
     <span class='ocr_line' id='line_1_92' title="bbox 439 4362 2086 4457; baseline 0.005 -29"><span class='ocrx_word' id='word_1_632' title='bbox 439 4366 525 4428; x_wconf 91' lang='lat' dir='ltr'><strong>sic</strong></span> <span class='ocrx_word' id='word_1_633' title='bbox 555 4367 713 4457; x_wconf 68' lang='lat' dir='ltr'><strong>visus</strong></span> <span class='ocrx_word' id='word_1_634' title='bbox 743 4371 819 4433; x_wconf 91' lang='lat' dir='ltr'><strong>sit</strong></span> <span class='ocrx_word' id='word_1_635' title='bbox 869 4362 1103 4449; x_wconf 78' lang='lat' dir='ltr'><strong>fecisse,</strong></span> <span class='ocrx_word' id='word_1_636' title='bbox 1165 4374 1503 4438; x_wconf 89' lang='lat' dir='ltr'><strong>laudabitur</strong></span> <span class='ocrx_word' id='word_1_637' title='bbox 1548 4362 1728 4438; x_wconf 83' lang='lat' dir='ltr'><strong>homo</strong></span> <span class='ocrx_word' id='word_1_638' title='bbox 1766 4362 2009 4457; x_wconf 41' lang='lat' dir='ltr'><strong>{neque</strong></span> <span class='ocrx_word' id='word_1_639' title='bbox 2040 4379 2086 4437; x_wconf 90' lang='lat' dir='ltr'><strong>si</strong></span> 
     </span>
    </p>
   </div>
   <div class='ocr_carea' id='block_1_93' title="bbox 2171 4362 3817 4457">
    <p class='ocr_par' dir='ltr' id='par_1_93' title="bbox 2172 4362 3817 4453">
     <span class='ocr_line' id='line_1_93' title="bbox 2172 4362 3817 4453; baseline 0.004 -31"><span class='ocrx_word' id='word_1_640' title='bbox 2172 4362 2307 4422; x_wconf 67' lang='grc' dir='ltr'>οὕτω</span> <span class='ocrx_word' id='word_1_641' title='bbox 2336 4380 2536 4448; x_wconf 73' lang='grc' dir='ltr'>ποιεῖν,</span> <span class='ocrx_word' id='word_1_642' title='bbox 2567 4370 2967 4441; x_wconf 64' lang='grc' dir='ltr'>ἔπαινεθήσεται</span> <span class='ocrx_word' id='word_1_643' title='bbox 3023 4362 3344 4452; x_wconf 69' lang='grc' dir='ltr'>ἄνθρωπος’</span> <span class='ocrx_word' id='word_1_644' title='bbox 3418 4370 3537 4430; x_wconf 69' lang='grc' dir='ltr'>οὔτε</span> <span class='ocrx_word' id='word_1_645' title='bbox 3593 4372 3817 4453; x_wconf 87' lang='grc' dir='ltr'>φαῦλον,</span> 
     </span>
    </p>
   </div>
   <div class='ocr_carea' id='block_1_94' title="bbox 439 4456 2086 4543">
    <p class='ocr_par' dir='ltr' id='par_1_94' title="bbox 439 4456 2085 4543">
     <span class='ocr_line' id='line_1_94' title="bbox 439 4456 2085 4543; baseline 0.005 -26"><span class='ocrx_word' id='word_1_646' title='bbox 439 4456 576 4520; x_wconf 88' lang='lat' dir='ltr'><strong>mali</strong></span> <span class='ocrx_word' id='word_1_647' title='bbox 604 4459 933 4543; x_wconf 88' lang='lat' dir='ltr'><strong>quidpiam,</strong></span> <span class='ocrx_word' id='word_1_648' title='bbox 955 4462 1471 4531; x_wconf 88' lang='lat' dir='ltr'><strong>condemnabitur.</strong></span> <span class='ocrx_word' id='word_1_649' title='bbox 1497 4464 1625 4529; x_wconf 87' lang='lat' dir='ltr'><strong>Non</strong></span> <span class='ocrx_word' id='word_1_650' title='bbox 1661 4466 1815 4528; x_wconf 90' lang='lat' dir='ltr'><strong>nosti</strong></span> <span class='ocrx_word' id='word_1_651' title='bbox 1849 4456 2085 4528; x_wconf 85' lang='lat' dir='ltr'><strong>carnem</strong></span> 
     </span>
    </p>
   </div>
   <div class='ocr_carea' id='block_1_95' title="bbox 2171 4456 3822 4543">
    <p class='ocr_par' dir='ltr' id='par_1_95' title="bbox 2171 4457 3822 4541">
     <span class='ocr_line' id='line_1_95' title="bbox 2171 4457 3822 4541; baseline 0.001 -24"><span class='ocrx_word' id='word_1_652' title='bbox 2171 4457 2633 4533; x_wconf 72' lang='grc' dir='ltr'>κατακριθήσεται.</span> <span class='ocrx_word' id='word_1_653' title='bbox 2691 4462 2799 4517; x_wconf 77' lang='grc' dir='ltr'><strong>οὐκ</strong></span> <span class='ocrx_word' id='word_1_654' title='bbox 2881 4459 3038 4516; x_wconf 78' lang='grc' dir='ltr'>οἶσθα</span> <span class='ocrx_word' id='word_1_655' title='bbox 3095 4458 3176 4517; x_wconf 85' lang='grc' dir='ltr'><strong>ὅτι</strong></span> <span class='ocrx_word' id='word_1_656' title='bbox 3246 4463 3281 4529; x_wconf 77' lang='grc' dir='ltr'>ἡ</span> <span class='ocrx_word' id='word_1_657' title='bbox 3368 4459 3494 4541; x_wconf 77' lang='grc' dir='ltr'>σὰρξ</span> <span class='ocrx_word' id='word_1_658' title='bbox 3570 4463 3822 4537; x_wconf 70' lang='grc' dir='ltr'>ὲπιθυμεῐ</span> 
     </span>
    </p>
   </div>
   <div class='ocr_carea' id='block_1_96' title="bbox 437 4544 2086 4646">
    <p class='ocr_par' dir='ltr' id='par_1_96' title="bbox 437 4548 2086 4646">
     <span class='ocr_line' id='line_1_96' title="bbox 437 4548 2086 4646; baseline 0.004 -39"><span class='ocrx_word' id='word_1_659' title='bbox 437 4548 865 4646; x_wconf 77' lang='lat' dir='ltr'><strong>concupiscere</strong></span> <span class='ocrx_word' id='word_1_660' title='bbox 918 4552 1198 4615; x_wconf 85' lang='lat' dir='ltr'><strong>adversus</strong></span> <span class='ocrx_word' id='word_1_661' title='bbox 1230 4553 1533 4637; x_wconf 84' lang='lat' dir='ltr'><strong>spiritum,</strong></span> <span class='ocrx_word' id='word_1_662' title='bbox 1583 4554 1864 4637; x_wconf 89' lang='lat' dir='ltr'><strong>spiritum</strong></span> <span class='ocrx_word' id='word_1_663' title='bbox 1890 4562 2086 4615; x_wconf 73' lang='lat' dir='ltr'><strong>autem</strong></span> 
     </span>
    </p>
   </div>
   <div class='ocr_carea' id='block_1_97' title="bbox 2171 4544 3822 4646">
    <p class='ocr_par' dir='ltr' id='par_1_97' title="bbox 2171 4544 3822 4646">
     <span class='ocr_line' id='line_1_97' title="bbox 2171 4544 3822 4646; baseline 0.007 -48"><span class='ocrx_word' id='word_1_664' title='bbox 2171 4544 2307 4600; x_wconf 80' lang='grc' dir='ltr'>κατὰ</span> <span class='ocrx_word' id='word_1_665' title='bbox 2362 4552 2456 4646; x_wconf 66' lang='grc' dir='ltr'><strong>τοῦ</strong></span> <span class='ocrx_word' id='word_1_666' title='bbox 2496 4548 2819 4624; x_wconf 77' lang='grc' dir='ltr'>πνεύματος,</span> <span class='ocrx_word' id='word_1_667' title='bbox 2882 4549 2943 4605; x_wconf 84' lang='grc' dir='ltr'>τὸ</span> <span class='ocrx_word' id='word_1_668' title='bbox 3000 4546 3056 4604; x_wconf 80' lang='grc' dir='ltr'>δὲ</span> <span class='ocrx_word' id='word_1_669' title='bbox 3111 4556 3314 4627; x_wconf 87' lang='grc' dir='ltr'>πνεῦμα</span> <span class='ocrx_word' id='word_1_670' title='bbox 3370 4551 3507 4607; x_wconf 86' lang='grc' dir='ltr'>κατὰ</span> <span class='ocrx_word' id='word_1_671' title='bbox 3567 4556 3667 4619; x_wconf 78' lang='grc' dir='ltr'>τῆς</span> <span class='ocrx_word' id='word_1_672' title='bbox 3695 4572 3822 4629; x_wconf 88' lang='grc' dir='ltr'>σαρ-</span> 
     </span>
    </p>
   </div>
   <div class='ocr_carea' id='block_1_98' title="bbox 436 4631 2086 4721">
    <p class='ocr_par' dir='ltr' id='par_1_98' title="bbox 436 4631 2086 4721">
     <span class='ocr_line' id='line_1_98' title="bbox 436 4631 2086 4721; baseline 0.005 -25"><span class='ocrx_word' id='word_1_673' title='bbox 436 4635 717 4701; x_wconf 84' lang='lat' dir='ltr'><strong>adversus</strong></span> <span class='ocrx_word' id='word_1_674' title='bbox 747 4659 991 4704; x_wconf 90' lang='lat' dir='ltr'><strong>carnem</strong></span> <span class='ocrx_word' id='word_1_675' title='bbox 1016 4641 1046 4702; x_wconf 88' lang='lat'><strong>?</strong></span> <span class='ocrx_word' id='word_1_676' title='bbox 1068 4652 1129 4705; x_wconf 89' lang='lat' dir='ltr'><strong>ut</strong></span> <span class='ocrx_word' id='word_1_677' title='bbox 1154 4643 1225 4705; x_wconf 80' lang='lat' dir='ltr'><strong>ad</strong></span> <span class='ocrx_word' id='word_1_678' title='bbox 1261 4631 1496 4707; x_wconf 81' lang='lat' dir='ltr'><strong>Galatas</strong></span> <span class='ocrx_word' id='word_1_679' title='bbox 1520 4631 1802 4707; x_wconf 77' lang='lat' dir='ltr'><strong>scribens</strong></span> <span class='ocrx_word' id='word_1_680' title='bbox 1824 4644 1900 4705; x_wconf 90' lang='lat' dir='ltr'><strong>ait</strong></span> <span class='ocrx_word' id='word_1_681' title='bbox 1919 4660 2086 4721; x_wconf 88' lang='lat' dir='ltr'><strong>mag-</strong></span> 
     </span>
    </p>
   </div>
   <div class='ocr_carea' id='block_1_99' title="bbox 2171 4631 3820 4721">
    <p class='ocr_par' dir='ltr' id='par_1_99' title="bbox 2171 4631 3820 4721">
     <span class='ocr_line' id='line_1_99' title="bbox 2171 4631 3820 4721; baseline 0.005 -33"><span class='ocrx_word' id='word_1_682' title='bbox 2171 4631 2307 4721; x_wconf 78' lang='grc' dir='ltr'>κός;</span> <span class='ocrx_word' id='word_1_683' title='bbox 2370 4631 2462 4699; x_wconf 68' lang='grc' dir='ltr'>Ὠς</span> <span class='ocrx_word' id='word_1_684' title='bbox 2516 4634 2798 4702; x_wconf 82' lang='grc' dir='ltr'>Ταλάταις</span> <span class='ocrx_word' id='word_1_685' title='bbox 2877 4636 3203 4695; x_wconf 70' lang='grc' dir='ltr'>ἐπιστέλλων</span> <span class='ocrx_word' id='word_1_686' title='bbox 3297 4641 3456 4719; x_wconf 84' lang='grc' dir='ltr'>φησὶν</span> <span class='ocrx_word' id='word_1_687' title='bbox 3549 4642 3578 4696; x_wconf 83' lang='grc' dir='ltr'><strong>ὁ</strong></span> <span class='ocrx_word' id='word_1_688' title='bbox 3646 4639 3820 4718; x_wconf 84' lang='grc' dir='ltr'>μέγας</span> 
     </span>
    </p>
   </div>
   <div class='ocr_carea' id='block_1_100' title="bbox 438 4719 2086 4814">
    <p class='ocr_par' dir='ltr' id='par_1_100' title="bbox 438 4719 2086 4814">
     <span class='ocr_line' id='line_1_100' title="bbox 438 4719 2086 4814; baseline 0.005 -29"><span class='ocrx_word' id='word_1_689' title='bbox 438 4743 551 4787; x_wconf 83' lang='lat' dir='ltr'><strong>nus</strong></span> <span class='ocrx_word' id='word_1_690' title='bbox 581 4727 919 4807; x_wconf 84' lang='lat' dir='ltr'><strong>Apostolus.</strong></span> <span class='ocrx_word' id='word_1_691' title='bbox 956 4729 1239 4811; x_wconf 90' lang='lat' dir='ltr'><strong>Spiritum</strong></span> <span class='ocrx_word' id='word_1_692' title='bbox 1265 4732 1869 4814; x_wconf 82' lang='lat' dir='ltr'><strong>quidem,spiritalem</strong></span> <span class='ocrx_word' id='word_1_693' title='bbox 1897 4719 2086 4793; x_wconf 86' lang='lat' dir='ltr'><strong>bono-</strong></span> 
     </span>
    </p>
   </div>
   <div class='ocr_carea' id='block_1_101' title="bbox 2171 4719 3819 4814">
    <p class='ocr_par' dir='ltr' id='par_1_101' title="bbox 2181 4719 3819 4803">
     <span class='ocr_line' id='line_1_101' title="bbox 2181 4719 3819 4803; baseline 0.005 -25"><span class='ocrx_word' id='word_1_694' title='bbox 2181 4719 2526 4787; x_wconf 79' lang='grc' dir='ltr'>Ἀπόστολος.</span> <span class='ocrx_word' id='word_1_695' title='bbox 2587 4731 2797 4802; x_wconf 87' lang='grc' dir='ltr'>Πνεῦμα</span> <span class='ocrx_word' id='word_1_696' title='bbox 2851 4727 2950 4802; x_wconf 80' lang='grc' dir='ltr'>μὲν</span> <span class='ocrx_word' id='word_1_697' title='bbox 3032 4726 3124 4784; x_wconf 75' lang='grc' dir='ltr'><strong>τὸν</strong></span> <span class='ocrx_word' id='word_1_698' title='bbox 3207 4730 3558 4803; x_wconf 80' lang='grc' dir='ltr'>πνευματικὸν</span> <span class='ocrx_word' id='word_1_699' title='bbox 3639 4728 3819 4787; x_wconf 81' lang='grc' dir='ltr'>καλῶν</span> 
     </span>
    </p>
   </div>
   <div class='ocr_carea' id='block_1_102' title="bbox 437 4807 2086 4903">
    <p class='ocr_par' dir='ltr' id='par_1_102' title="bbox 437 4807 2086 4903">
     <span class='ocr_line' id='line_1_102' title="bbox 437 4807 2086 4903; baseline 0 -27"><span class='ocrx_word' id='word_1_700' title='bbox 437 4831 567 4903; x_wconf 82' lang='lat' dir='ltr'><strong>rum</strong></span> <span class='ocrx_word' id='word_1_701' title='bbox 601 4807 1063 4897; x_wconf 32' lang='lat' dir='ltr'><strong>cogitationes—tt,</strong></span> <span class='ocrx_word' id='word_1_702' title='bbox 1098 4840 1230 4903; x_wconf 67' lang='lat' dir='ltr'><strong>qua;</strong></span> <span class='ocrx_word' id='word_1_703' title='bbox 1260 4807 1591 4902; x_wconf 46' lang='lat' dir='ltr'><strong>spiritalia&#39;</strong></span> <span class='ocrx_word' id='word_1_704' title='bbox 1616 4821 1999 4900; x_wconf 89' lang='lat' dir='ltr'><strong>imaginatur,</strong></span> <span class='ocrx_word' id='word_1_705' title='bbox 2035 4821 2086 4882; x_wconf 90' lang='lat' dir='ltr'><strong>el</strong></span> 
     </span>
    </p>
   </div>
   <div class='ocr_carea' id='block_1_103' title="bbox 2171 4807 3821 4903">
    <p class='ocr_par' dir='ltr' id='par_1_103' title="bbox 2176 4807 3821 4899">
     <span class='ocr_line' id='line_1_103' title="bbox 2176 4807 3821 4899; baseline 0.006 -33"><span class='ocrx_word' id='word_1_706' title='bbox 2176 4807 2456 4889; x_wconf 86' lang='grc' dir='ltr'>λογισμὸν,</span> <span class='ocrx_word' id='word_1_707' title='bbox 2528 4814 2619 4870; x_wconf 77' lang='grc' dir='ltr'>τὸν</span> <span class='ocrx_word' id='word_1_708' title='bbox 2697 4815 2765 4871; x_wconf 77' lang='grc' dir='ltr'><strong>τὰ</strong></span> <span class='ocrx_word' id='word_1_709' title='bbox 2849 4819 3179 4891; x_wconf 74' lang='grc' dir='ltr'>πνευματικὰ</span> <span class='ocrx_word' id='word_1_710' title='bbox 3260 4817 3673 4899; x_wconf 72' lang='grc' dir='ltr'>φανταζόμενον,</span> <span class='ocrx_word' id='word_1_711' title='bbox 3728 4820 3821 4876; x_wconf 81' lang='grc' dir='ltr'><strong>καὶ</strong></span> 
     </span>
    </p>
   </div>
   <div class='ocr_carea' id='block_1_104' title="bbox 437 4901 2086 4998">
    <p class='ocr_par' dir='ltr' id='par_1_104' title="bbox 437 4901 2086 4998">
     <span class='ocr_line' id='line_1_104' title="bbox 437 4901 2086 4998; baseline 0.004 -36"><span class='ocrx_word' id='word_1_712' title='bbox 437 4902 652 4966; x_wconf 80' lang='lat' dir='ltr'><strong>divinis</strong></span> <span class='ocrx_word' id='word_1_713' title='bbox 681 4916 968 4987; x_wconf 81' lang='lat' dir='ltr'><strong>occupata</strong></span> <span class='ocrx_word' id='word_1_714' title='bbox 992 4917 1082 4971; x_wconf 91' lang='lat' dir='ltr'><strong>est</strong></span> <span class='ocrx_word' id='word_1_715' title='bbox 1112 4901 1133 4971; x_wconf 71' lang='grc' dir='ltr'>Ξ</span> <span class='ocrx_word' id='word_1_716' title='bbox 1163 4901 1415 4973; x_wconf 88' lang='lat' dir='ltr'><strong>Carnem</strong></span> <span class='ocrx_word' id='word_1_717' title='bbox 1445 4918 1667 4982; x_wconf 89' lang='lat' dir='ltr'><strong>autem,</strong></span> <span class='ocrx_word' id='word_1_718' title='bbox 1704 4909 2002 4971; x_wconf 88' lang='lat' dir='ltr'><strong>carnalem</strong></span> <span class='ocrx_word' id='word_1_719' title='bbox 2035 4912 2086 4998; x_wconf 75' lang='lat' dir='ltr'><strong>et</strong></span> 
     </span>
    </p>
   </div>
   <div class='ocr_carea' id='block_1_105' title="bbox 2171 4901 3819 4998">
    <p class='ocr_par' dir='ltr' id='par_1_105' title="bbox 2176 4901 3819 4998">
     <span class='ocr_line' id='line_1_105' title="bbox 2176 4901 3819 4998; baseline 0.006 -43"><span class='ocrx_word' id='word_1_720' title='bbox 2176 4912 2293 4964; x_wconf 74' lang='grc' dir='ltr'>τοῖς</span> <span class='ocrx_word' id='word_1_721' title='bbox 2335 4901 2493 4998; x_wconf 82' lang='grc' dir='ltr'>θείοις</span> <span class='ocrx_word' id='word_1_722' title='bbox 2532 4901 2982 4984; x_wconf 78' lang='grc' dir='ltr'>ἐνασχολούμενον</span> <span class='ocrx_word' id='word_1_723' title='bbox 3031 4922 3047 4938; x_wconf 90' lang='grc'><strong>·</strong></span> <span class='ocrx_word' id='word_1_724' title='bbox 3101 4907 3269 4986; x_wconf 74' lang='grc' dir='ltr'>σάρκα</span> <span class='ocrx_word' id='word_1_725' title='bbox 3323 4904 3401 4980; x_wconf 81' lang='grc' dir='ltr'>δὲ,</span> <span class='ocrx_word' id='word_1_726' title='bbox 3434 4906 3524 4998; x_wconf 62' lang='grc' dir='ltr'><strong>τόν</strong></span> <span class='ocrx_word' id='word_1_727' title='bbox 3568 4909 3819 4987; x_wconf 81' lang='grc' dir='ltr'>σαρκικόν</span> 
     </span>
    </p>
   </div>
   <div class='ocr_carea' id='block_1_106' title="bbox 439 4990 2086 5081">
    <p class='ocr_par' dir='ltr' id='par_1_106' title="bbox 439 4990 2086 5081">
     <span class='ocr_line' id='line_1_106' title="bbox 439 4990 2086 5081; baseline 0.003 -28"><span class='ocrx_word' id='word_1_728' title='bbox 439 4993 833 5081; x_wconf 85' lang='lat' dir='ltr'><strong>materialem,</strong></span> <span class='ocrx_word' id='word_1_729' title='bbox 861 5006 920 5059; x_wconf 86' lang='lat' dir='ltr'><strong>et</strong></span> <span class='ocrx_word' id='word_1_730' title='bbox 937 4997 995 5060; x_wconf 90' lang='lat' dir='ltr'><strong>in</strong></span> <span class='ocrx_word' id='word_1_731' title='bbox 1016 4997 1090 5061; x_wconf 91' lang='lat' dir='ltr'><strong>iis</strong></span> <span class='ocrx_word' id='word_1_732' title='bbox 1111 5004 1599 5081; x_wconf 43' lang='lat' dir='ltr'><strong>versantequuaa</strong></span> <span class='ocrx_word' id='word_1_733' title='bbox 1632 4998 1871 5081; x_wconf 87' lang='lat' dir='ltr'><strong>quidem</strong></span> <span class='ocrx_word' id='word_1_734' title='bbox 1896 5007 1954 5067; x_wconf 88' lang='lat' dir='ltr'><strong>et</strong></span> <span class='ocrx_word' id='word_1_735' title='bbox 1977 4990 2086 5059; x_wconf 79' lang='lat' dir='ltr'><strong>sibi</strong></span> 
     </span>
    </p>
   </div>
   <div class='ocr_carea' id='block_1_107' title="bbox 2171 4990 3816 5081">
    <p class='ocr_par' dir='ltr' id='par_1_107' title="bbox 2174 4990 3816 5081">
     <span class='ocr_line' id='line_1_107' title="bbox 2174 4990 3816 5081; baseline 0.007 -37"><span class='ocrx_word' id='word_1_736' title='bbox 2174 5010 2231 5044; x_wconf 89' lang='grc' dir='ltr'><strong>τε</strong></span> <span class='ocrx_word' id='word_1_737' title='bbox 2301 4993 2419 5081; x_wconf 18' lang='grc' dir='ltr'>καί,</span> <span class='ocrx_word' id='word_1_738' title='bbox 2447 4990 2653 5081; x_wconf 81' lang='grc' dir='ltr'>ὑλικὸν,</span> <span class='ocrx_word' id='word_1_739' title='bbox 2711 4995 2803 5050; x_wconf 81' lang='grc' dir='ltr'><strong>καὶ</strong></span> <span class='ocrx_word' id='word_1_740' title='bbox 2880 4996 2998 5075; x_wconf 81' lang='grc' dir='ltr'>περὶ</span> <span class='ocrx_word' id='word_1_741' title='bbox 3079 5004 3242 5053; x_wconf 88' lang='grc' dir='ltr'>ταῦτα</span> <span class='ocrx_word' id='word_1_742' title='bbox 3310 4996 3687 5077; x_wconf 78' lang='grc' dir='ltr'>στρεφόμενον,</span> <span class='ocrx_word' id='word_1_743' title='bbox 3758 4999 3816 5055; x_wconf 84' lang='grc' dir='ltr'>οἶ</span> 
     </span>
    </p>
   </div>
   <div class='ocr_carea' id='block_1_108' title="bbox 436 5079 2086 5167">
    <p class='ocr_par' dir='ltr' id='par_1_108' title="bbox 436 5079 2081 5167">
     <span class='ocr_line' id='line_1_108' title="bbox 436 5079 2081 5167; baseline 0.004 -25"><span class='ocrx_word' id='word_1_744' title='bbox 436 5080 690 5144; x_wconf 81' lang='lat' dir='ltr'><strong>invicem</strong></span> <span class='ocrx_word' id='word_1_745' title='bbox 724 5096 1124 5167; x_wconf 83' lang='lat' dir='ltr'><strong>opponuntur.</strong></span> <span class='ocrx_word' id='word_1_746' title='bbox 1176 5086 1320 5150; x_wconf 90' lang='lat' dir='ltr'><strong>Nam</strong></span> <span class='ocrx_word' id='word_1_747' title='bbox 1371 5079 2081 5167; x_wconf 23' lang='lat' dir='ltr'><strong>carnalesvcogitationes,</strong></span> 
     </span>
    </p>
   </div>
   <div class='ocr_carea' id='block_1_109' title="bbox 2171 5079 3822 5167">
    <p class='ocr_par' dir='ltr' id='par_1_109' title="bbox 2174 5079 3822 5165">
     <span class='ocr_line' id='line_1_109' title="bbox 2174 5079 3822 5165; baseline 0.006 -31"><span class='ocrx_word' id='word_1_748' title='bbox 2174 5080 2261 5135; x_wconf 86' lang='grc' dir='ltr'><strong>καὶ</strong></span> <span class='ocrx_word' id='word_1_749' title='bbox 2341 5079 2597 5152; x_wconf 77' lang='grc' dir='ltr'>ἀλλήλοις</span> <span class='ocrx_word' id='word_1_750' title='bbox 2682 5081 3018 5146; x_wconf 82' lang='grc' dir='ltr'>ἀντίκεινται.</span> <span class='ocrx_word' id='word_1_751' title='bbox 3112 5087 3172 5144; x_wconf 78' lang='grc' dir='ltr'><strong>Οἱ</strong></span> <span class='ocrx_word' id='word_1_752' title='bbox 3254 5084 3352 5162; x_wconf 79' lang='grc' dir='ltr'>μὲν</span> <span class='ocrx_word' id='word_1_753' title='bbox 3422 5086 3524 5165; x_wconf 77' lang='grc' dir='ltr'><strong>γὰρ</strong></span> <span class='ocrx_word' id='word_1_754' title='bbox 3581 5097 3822 5153; x_wconf 74' lang='grc' dir='ltr'>σαρκικοὶ</span> 
     </span>
    </p>
   </div>
   <div class='ocr_carea' id='block_1_110' title="bbox 436 5168 2086 5259">
    <p class='ocr_par' dir='ltr' id='par_1_110' title="bbox 436 5171 2086 5259">
     <span class='ocr_line' id='line_1_110' title="bbox 436 5171 2086 5259; baseline 0.003 -27"><span class='ocrx_word' id='word_1_755' title='bbox 436 5189 616 5233; x_wconf 90' lang='lat' dir='ltr'><strong>carne</strong></span> <span class='ocrx_word' id='word_1_756' title='bbox 647 5171 906 5236; x_wconf 89' lang='lat' dir='ltr'><strong>innatam</strong></span> <span class='ocrx_word' id='word_1_757' title='bbox 932 5176 1187 5240; x_wconf 85' lang='lat' dir='ltr'><strong>habente</strong></span> <span class='ocrx_word' id='word_1_758' title='bbox 1209 5177 1765 5259; x_wconf 68' lang='lat' dir='ltr'><strong>inﬂammationem,</strong></span> <span class='ocrx_word' id='word_1_759' title='bbox 1795 5175 2086 5239; x_wconf 86' lang='lat' dir='ltr'><strong>absurdas</strong></span> 
     </span>
    </p>
   </div>
   <div class='ocr_carea' id='block_1_111' title="bbox 2171 5168 3816 5259">
    <p class='ocr_par' dir='ltr' id='par_1_111' title="bbox 2171 5168 3816 5256">
     <span class='ocr_line' id='line_1_111' title="bbox 2171 5168 3816 5256; baseline 0.004 -30"><span class='ocrx_word' id='word_1_760' title='bbox 2171 5168 2433 5249; x_wconf 84' lang='grc' dir='ltr'>λογισμοὶ,</span> <span class='ocrx_word' id='word_1_761' title='bbox 2466 5170 2694 5252; x_wconf 72' lang='grc' dir='ltr'>ἔμφυτον</span> <span class='ocrx_word' id='word_1_762' title='bbox 2724 5174 2960 5253; x_wconf 78' lang='grc' dir='ltr'>ὀχούσης</span> <span class='ocrx_word' id='word_1_763' title='bbox 3016 5176 3116 5244; x_wconf 70' lang='grc' dir='ltr'>τὴν</span> <span class='ocrx_word' id='word_1_764' title='bbox 3157 5176 3387 5256; x_wconf 85' lang='grc' dir='ltr'>πύρωσιν</span> <span class='ocrx_word' id='word_1_765' title='bbox 3441 5181 3542 5244; x_wconf 81' lang='grc' dir='ltr'>τῆς</span> <span class='ocrx_word' id='word_1_766' title='bbox 3600 5177 3816 5255; x_wconf 80' lang='grc' dir='ltr'>σαρκός,</span> 
     </span>
    </p>
   </div>
   <div class='ocr_carea' id='block_1_112' title="bbox 436 5258 2086 5349">
    <p class='ocr_par' dir='ltr' id='par_1_112' title="bbox 436 5258 2084 5349">
     <span class='ocr_line' id='line_1_112' title="bbox 436 5258 2084 5349; baseline 0.004 -28"><span class='ocrx_word' id='word_1_767' title='bbox 436 5261 791 5343; x_wconf 89' lang='lat' dir='ltr'><strong>cupiditates</strong></span> <span class='ocrx_word' id='word_1_768' title='bbox 822 5263 1136 5330; x_wconf 92' lang='lat' dir='ltr'><strong>inducunt.</strong></span> <span class='ocrx_word' id='word_1_769' title='bbox 1179 5267 1480 5349; x_wconf 87' lang='lat' dir='ltr'><strong>Spiritalis</strong></span> <span class='ocrx_word' id='word_1_770' title='bbox 1509 5276 1704 5330; x_wconf 89' lang='lat' dir='ltr'><strong>autem</strong></span> <span class='ocrx_word' id='word_1_771' title='bbox 1736 5258 2084 5331; x_wconf 87' lang='lat' dir='ltr'><strong>considera-</strong></span> 
     </span>
    </p>
   </div>
   <div class='ocr_carea' id='block_1_113' title="bbox 2171 5258 3822 5349">
    <p class='ocr_par' dir='ltr' id='par_1_113' title="bbox 2171 5258 3822 5344">
     <span class='ocr_line' id='line_1_113' title="bbox 2171 5258 3822 5344; baseline 0.004 -29"><span class='ocrx_word' id='word_1_772' title='bbox 2171 5258 2443 5336; x_wconf 70' lang='grc' dir='ltr'>ἐπιθυμίας</span> <span class='ocrx_word' id='word_1_773' title='bbox 2474 5259 2703 5327; x_wconf 81' lang='grc' dir='ltr'>ἀτόπους</span> <span class='ocrx_word' id='word_1_774' title='bbox 2757 5263 3046 5343; x_wconf 67' lang='grc' dir='ltr'>ὶπάγουσιν</span> <span class='ocrx_word' id='word_1_775' title='bbox 3079 5279 3093 5296; x_wconf 91' lang='grc'><strong>·</strong></span> <span class='ocrx_word' id='word_1_776' title='bbox 3158 5266 3187 5323; x_wconf 81' lang='grc' dir='ltr'><strong>δ</strong></span> <span class='ocrx_word' id='word_1_777' title='bbox 3228 5262 3285 5321; x_wconf 88' lang='grc' dir='ltr'><strong>δέ</strong></span> <span class='ocrx_word' id='word_1_778' title='bbox 3341 5284 3403 5344; x_wconf 73' lang='grc' dir='ltr'><strong>γε</strong></span> <span class='ocrx_word' id='word_1_779' title='bbox 3459 5266 3822 5342; x_wconf 77' lang='grc' dir='ltr'>πνευματικὸς</span> 
     </span>
    </p>
   </div>
   <div class='ocr_carea' id='block_1_114' title="bbox 1763 5424 2489 5499">
    <p class='ocr_par' dir='ltr' id='par_1_114' title="bbox 1763 5424 2489 5499">
     <span class='ocr_line' id='line_1_114' title="bbox 1763 5424 2489 5499; baseline 0.001 -2"><span class='ocrx_word' id='word_1_780' title='bbox 1763 5435 2012 5499; x_wconf 72' lang='lat' dir='ltr'><strong>VARIE</strong></span> <span class='ocrx_word' id='word_1_781' title='bbox 2053 5424 2489 5499; x_wconf 81' lang='lat' dir='ltr'><strong>LECTIONES.</strong></span> 
     </span>
    </p>
   </div>
   <div class='ocr_carea' id='block_1_115' title="bbox 437 5588 3828 5751">
    <p class='ocr_par' dir='ltr' id='par_1_115' title="bbox 437 5588 3828 5751">
     <span class='ocr_line' id='line_1_115' title="bbox 437 5588 3828 5751; baseline 0.002 -99"><span class='ocrx_word' id='word_1_782' title='bbox 437 5588 901 5751; x_wconf 52' lang='grc' dir='ltr'><strong>Μῖηηιπὲἁρηι</strong></span> <span class='ocrx_word' id='word_1_783' title='bbox 928 5595 1267 5673; x_wconf 79' lang='lat' dir='ltr'><strong>graviorem</strong></span> <span class='ocrx_word' id='word_1_784' title='bbox 1288 5611 1555 5673; x_wconf 74' lang='lat' dir='ltr'><strong>poscens,</strong></span> <span class='ocrx_word' id='word_1_785' title='bbox 1588 5598 1772 5660; x_wconf 73' lang='lat' dir='ltr'><strong>etiam.</strong></span> <span class='ocrx_word' id='word_1_786' title='bbox 1792 5593 1881 5660; x_wconf 71' lang='lat' dir='ltr'><strong>sic</strong></span> <span class='ocrx_word' id='word_1_787' title='bbox 1901 5594 2203 5660; x_wconf 78' lang='lat' dir='ltr'><strong>hominem</strong></span> <span class='ocrx_word' id='word_1_788' title='bbox 2230 5594 2696 5676; x_wconf 76' lang='lat' dir='ltr'><strong>aspernabatur,</strong></span> <span class='ocrx_word' id='word_1_789' title='bbox 2720 5606 2746 5650; x_wconf 74' lang='grc' dir='ltr'><strong>ν</strong></span> <span class='ocrx_word' id='word_1_790' title='bbox 2764 5592 3143 5677; x_wconf 66' lang='grc' dir='ltr'>ερίνίηιαιίηι</span> <span class='ocrx_word' id='word_1_791' title='bbox 3174 5593 3487 5678; x_wconf 76' lang='lat' dir='ltr'><strong>appellans</strong></span> <span class='ocrx_word' id='word_1_792' title='bbox 3506 5595 3828 5679; x_wconf 74' lang='lat' dir='ltr'><strong>cogitatio-</strong></span> 
     </span>
     <span class='ocr_line' id='line_1_116' title="bbox 584 5713 798 5747; baseline 0 -16"><span class='ocrx_word' id='word_1_793' title='bbox 584 5714 601 5747; x_wconf 90' lang='lat'><strong>,</strong></span> <span class='ocrx_word' id='word_1_794' title='bbox 782 5713 798 5731; x_wconf 91' lang='lat'><strong>.</strong></span> 
     </span>
    </p>
   </div>
   <div class='ocr_carea' id='block_1_116' title="bbox 584 5713 798 5747">
    <p class='ocr_par' dir='ltr' id='par_1_116' title="bbox 584 5713 798 5747">
     <span class='ocr_line' id='line_1_117' title="bbox 584 5713 798 5747; baseline 0.005 0"><span class='ocrx_word' id='word_1_795' title='bbox 584 5714 601 5747; x_wconf 68' lang='grc' dir='ltr'><strong>ι</strong></span> <span class='ocrx_word' id='word_1_796' title='bbox 636 5713 798 5747; x_wconf 65' lang='grc' dir='ltr'>ιιι-νυ·</span> 
     </span>
    </p>
   </div>
  </div>
