4160 6212
273 363 419 428 1021

1620 353 2312 418 GR/ECO-ROMANUM

3507 351 3525 416 l
3538 353 3658 415 022

270 496 553 575 λογισμὸς,
576 492 912 572 αὐτοκράτωρ
981 491 1118 566 ἡμῖν
1161 485 1343 575 δοθεὶςΔ
1394 489 1456 544 ἐκ
1528 493 1682 575 Θεού,
1731 485 1795 542 τὸ
1824 488 1945 575 τῆς

2031 485 2113 561 ἰο,
2146 487 2491 568 imperatrix
2538 488 2713 550 nobis
2740 507 2775 549 a
2804 487 2926 550 Deo
2956 488 3114 559 data,
3164 487 3362 550 carnis
3419 495 3659 550 resecat

273 573 464 663 σαρκὸς
515 581 800 639 ἀνακόπτει
846 580 1158 660 ὁρμήματα,
1235 577 1268 632 ἃ
1326 573 1411 631 διὰ
1468 581 1572 632 τῶν
1625 573 1933 649 ἀντικειμέ-

276 695 381 730 νων
440 671 715 750 λογισμῶν
775 668 908 746 αὖτῇ
966 667 1346 746 ἐπεγείρονται,
1406 665 1494 721 καὶ
1534 666 1607 728 ὡς
1659 663 1711 720 ἐν
1773 669 1935 737 κημῷ

276 764 364 820 καὶ
407 759 619 842 χαλινῷ
670 759 765 822 τὰς
835 757 1087 836 σιαγόνας
1146 759 1306 821 αὐτῆς
1363 751 1572 834 ἄγχων,
1645 753 1712 808 τὰ
1737 753 1932 818 ταύτης

277 840 547 912 ἀτάσθαλα
624 845 976 906 καταστέλλει
1074 843 1414 924 φρυάγματα.
1505 844 1564 900 Εἰ
1646 849 1770 920 γοῦν
1839 840 1932 908 τῆς

281 942 477 1019 σαρκὸς
534 936 889 1017 πυρουμένης,
984 931 1298 1014 ἀγχομένης
1382 931 1437 987 δὲ
1695 937 1786 986 τοῦ
1844 927 1936 985 λο-

281 1017 499 1108 γισμυῦ,
531 1028 618 1083 καὶ
670 1027 748 1102 μὴ
819 1021 1271 1104 συγχωρουμένης
1322 1017 1776 1108 καταφρυάξασθαι
1836 1023 1934 1084 τῆς

284 1106 494 1197 ψυχῆς,
527 1117 605 1191 μὴ
634 1111 918 1175 ἐνδιδόντος
969 1113 1102 1188 αὒτῇ
1160 1112 1251 1166 τὸν
1311 1111 1505 1189 ῥυτῆρα
1563 1115 1652 1164 τοῦ
1683 1106 1931 1188 χαλινοῦ,

287 1196 406 1262 ἀλλ’
437 1203 588 1268 ὅλαις
645 1204 799 1284 χερσὶ
869 1203 964 1264 τὰς
1016 1201 1212 1267 ταύτης
1271 1199 1436 1279 ὁρμὰς
1506 1196 1933 1276 ἀνασειράζοντός

285 1317 344 1351 τε
386 1294 474 1351 καὶ
546 1291 986 1369 ἄναστέλλοντος,
1048 1292 1120 1353 ὡς
1192 1287 1362 1345 ἵππον
1446 1286 1780 1366 ἐτερόγναθον
1851 1285 1938 1340 καὶ

289 1382 534 1453 δυσήνιον
569 1398 583 1411 ⁸
668 1380 988 1458 βιαζομένης
1097 1376 1150 1434 δὲ
1227 1375 1364 1433 οὕτω
1459 1377 1545 1432 καὶ
1628 1372 1940 1454 γαργαλιζο-

290 1472 478 1550 μένης,
511 1472 547 1539 ἣ
577 1471 665 1527 καὶ
719 1476 812 1526 τοῦ
882 1477 1116 1547 πονηροῦ
1169 1465 1548 1542 ἐπιτιθεμένου,
1620 1463 1937 1544 φαντασθείη

298 1560 415 1620 καθ’
448 1561 638 1626 ὕπνους
693 1582 744 1615 τι
815 1561 842 1615 6
897 1563 996 1625 τῆς
1055 1558 1246 1634 σαρκὸς
1305 1557 1395 1612 τὸν
1447 1553 1682 1630 πόλεμον
1723 1553 1944 1634 ὑφιστά-

289 1672 468 1728 μενος,
542 1651 730 1706 ὁποῖον
807 1649 834 1702 6
913 1645 1155 1721 ἐμπαθὴς
1235 1644 1451 1701 ὑπέθετο
1531 1642 1810 1722 λογισμὸς,
1890 1641 1948 1696 ὃν

1986 575 2299 658 impetus,
2353 577 2455 659 qui
2511 598 2618 660 per
2677 578 2976 660 oppositas
3031 577 3419 657 cogitationes
3478 577 3539 639 in
3591 595 3664 640 ea

2021 665 2480 745 exsuscitantur,
2512 675 2577 728 ut
2609 671 2665 730 in
2693 687 2862 730 camo
2893 676 2951 730 et
2993 668 3160 731 freno
3214 666 3483 730 maxillas
3533 667 3663 746 ejus

2019 756 2456 838 constringens,
2502 758 2749 820 stolidos
2793 759 2921 839 ejus
2969 757 3244 837 reprimit
3274 756 3566 820 fremitus.
3599 754 3661 818 Si

2017 845 2199 923 igitur
2255 865 2434 908 carne
2493 846 2878 921 inﬂammata,
2915 856 2971 909 et
2999 867 3034 909 a
3061 846 3290 908 ratione
3318 845 3659 919 constricta,

2019 953 2130 997 nec
2165 935 2452 1015 permissa
2483 935 2756 998 frandere
2787 937 3072 998 adversus
3102 937 3379 1000 animam.
3419 953 3536 996 non
3566 933 3657 996 la-

2019 1031 2231 1088 xantes
2260 1025 2316 1086 ei
2346 1023 2628 1106 habenas,
2664 1026 2769 1087 sed
2808 1027 2944 1087 totis
2973 1045 3254 1089 manuum
3287 1023 3509 1086 viribus
3531 1025 3660 1104 ejus

2016 1115 2274 1196 impetus
2300 1113 2636 1176 refrenante
2669 1122 2722 1176 et
2755 1117 3256 1192 coercente,velut
3277 1113 3411 1194 equi
3447 1116 3665 1175 immo-

2017 1204 2195 1283 rigeri
2229 1211 2287 1266 et
2316 1203 2563 1266 etl‘reuis
2595 1224 2608 1264 :
2647 1204 2732 1265 sic
2783 1213 2980 1266 autem
3034 1214 3236 1266 coacta
3266 1212 3322 1266 et
3351 1204 3580 1265 titillata
3608 1213 3657 1276 q,

2015 1294 2107 1355 vel
2135 1293 2308 1356 etiam
2344 1293 2598 1372 maligno
2622 1293 3022 1366 insidiante,is
3044 1295 3142 1375 qui
3173 1294 3367 1354 carnis
3395 1293 3660 1373 praelium

2019 1381 2199 1456 subit,
2235 1381 2588 1460 imaginatus
2620 1382 2794 1443 fuerit
2823 1383 2883 1442 in
2907 1383 3132 1444 somnis
3155 1381 3666 1464 quidpiam,quale

2019 1473 2228 1534 aﬁ'ecta
2259 1470 2507 1532 libidine
2539 1471 2812 1550 cogitatio
2858 1473 3240 1552 suggesserit,
3277 1490 3454 1549 quam
3488 1469 3668 1550 spiri-

2023 1562 2158 1625 talis
2205 1560 2602 1641 salutarisque
2649 1562 2894 1641 expulit,
2933 1569 2990 1623 et
3047 1581 3182 1624 cum
3241 1559 3662 1639 imaginatione

2022 1670 2229 1714 semen
2263 1650 2584 1718 efﬂuxerit.
2619 1670 2793 1732 quam
2821 1651 3379 1713 condemnationem
3414 1649 3567 1710 feret
3593 1647 3666 1708 ab

292 1743 320 1798 6
383 1739 739 1814 πνευματικὸς
797 1735 1048 1792 ἀπώσατο
1134 1735 1222 1790 καὶ
1295 1733 1578 1812 σωτήριος,
1649 1732 1738 1788 καὶ
1791 1752 1944 1790 συνε-

2029 1743 2274 1804 bomtne
2299 1740 2592 1821 judicium
2612 1741 2897 1803 habente?
2917 1740 3032 1803 nisi
3061 1739 3192 1822 quis
3219 1739 3412 1820 ipsum
3436 1753 3671 1819 quoque

295 1834 428 1908 κρυῇ
457 1833 525 1904 τῇ
584 1826 841 1906 φαντασίᾳ
894 1824 1025 1902 γονή
1062 1837 1076 1851 ⁸
1138 1823 1252 1878 τίνα
1296 1823 1601 1901 κατάκρισιν
1655 1819 1757 1886 ἕξει
1809 1822 1940 1899 πρὸς

295 1917 571 1986 ἀνθρώπου
641 1912 894 1991 διάκρισιν
953 1909 1226 1992 ἔχοντος;
1271 1912 1328 1967 Ei
1400 1911 1475 1985 μή
1526 1933 1604 1973 τις
1677 1910 1764 1964 καὶ
1845 1908 1943 1974 τὴν

290 2002 589 2085 προσϐολὴν
637 2008 742 2059 τῶν
814 1999 1085 2078 λογισμῶν
1175 1999 1338 2062 αὐτὴν
1421 1998 1686 2073 αἰτιόῳτο,
1761 1999 1820 2054 Οἱ
1889 1994 1944 2051 δὲ

300 2099 435 2151 θεῖοι
480 2091 709 2171 Πατέρες
739 2089 851 2149 οὐδὲ
880 2092 978 2156 τὴν
1036 2087 1215 2156 πάλην
1273 2089 1359 2145 ὑπ’
1416 2088 1636 2144 αἶτίασιν
1696 2086 1940 2146 τίθενται.

293 2182 570 2262 Τεσσάρων
653 2182 751 2260 γὰρ
811 2180 895 2236 ἐπὶ
965 2181 1062 2245 της
1135 2177 1390 2257 ἁμαρτίας
1445 2176 1747 2256 λεγομένων
1801 2197 1942 2249 συμ-

294 2271 512 2352 ϐαίνειν,
571 2266 868 2350 προσϐολῆς
959 2270 1046 2324 καὶ
1116 2266 1293 2333 πάλης
1366 2267 1526 2346 φημὶ,
1617 2262 1941 2344 συγκαταθέ-

296 2361 430 2426 σεώς
473 2383 531 2416 τε
556 2361 643 2416 καὶ
713 2357 950 2438 πράξεως
990 2374 1003 2386 ⁹
1066 2358 1132 2414 τα
1189 2357 1286 2431 μὲν
1355 2361 1462 2412 τῶν
1531 2354 1942 2435 προηγουμένων

297 2451 522 2529 ἀμφοῖν,
580 2448 722 2526 παρὰ
780 2447 900 2511 τοῖς
948 2446 1216 2526 θεοφόροις
1265 2445 1524 2524 Πατράσιν
1583 2442 1884 2522 ἀνέγκλητα
1923 2461 1936 2473 ·

292 2540 328 2606 ἡ
374 2537 750 2616 συγκατάθεσις
813 2533 858 2591 δ’
916 2533 1006 2592 ὑπ’
1063 2534 1307 2608 αὶτίασιν,
1365 2536 1438 2597 ὡς
1506 2534 1606 2600 τὴν
1661 2533 1798 2589 κατὰ
1826 2530 1942 2588 διά-

299 2614 462 2684 νοιανγ
508 2625 766 2703 ἁμαρτίαν
792 2625 1119 2703 ⁵εἰσάγουσα.
1210 2614 1270 2679 Ἠ
1331 2619 1384 2677 δέ
1427 2643 1527 2703 ,γε
1597 2620 1803 2703 πρᾶξις,
1859 2622 1948 2677 καὶ

300 2709 400 2763 ὑπὸ
472 2695 713 2764 κόλασιν.
792 2695 869 2762 u0
939 2695 994 2760 δὲ
1079 2705 1166 2759 καὶ
1232 2695 1531 2783 ἀμφοτέρας
1599 2701 1790 2764 ταύτας
1860 2709 1949 2759 τοῦ

304 2802 564 2883 σωτηρίου
631 2800 888 2880 λογισμοῦ
927 2806 1177 2865 νικῶντος
1248 2799 1586 2880 ἐκπέφευγεν,
1647 2801 1748 2856 ὑπὸ
1791 2799 1949 2855 κατά-

299 2915 469 2972 κρισιν
523 2889 607 2949 διὰ
659 2893 744 2966 τί;
807 2892 863 2948 Ei
921 2891 1017 2966 μὲν
1062 2891 1160 2970 γὰρ
1216 2891 1309 2946 τοῦ
1403 2889 1657 2968 λογισμοῦ
1711 2887 1945 2968 πρνισϐα-

305 2981 515 3055 λόντος,
572 2981 660 3038 καὶ
715 2982 844 3060 πρὸς
914 2977 1162 3057 ἀσελγεῖς
1260 2978 1531 3054 ἐπιθυμίας
1603 2978 1943 3038 κινώσαντος.

2025 1830 2442 1910 cogitationum
2520 1829 2821 1892 incursum
2903 1829 3124 1911 culpet.
3201 1827 3397 1892 Divini
3471 1835 3668 1888 autem

2025 1923 2230 1984 Patres
2268 1938 2464 1999 neque
2509 1920 2729 1982 luclam
2790 1920 2900 1982 sub
2961 1918 3402 1981 accusationem
3433 1923 3665 1979 vocant.

2028 2010 2172 2073 Cum
2209 2008 2368 2070 enim
2399 2015 2650 2089 quatuor
2679 2009 2818 2085 sint,
2862 2027 2992 2089 quae
3023 2008 3301 2069 dicuntur
3330 2007 3391 2066 in
3425 2013 3666 2087 peccato

2027 2099 2324 2174 accidere,
2379 2098 2654 2159 incursus
2687 2106 2745 2159 et
2774 2099 2952 2168 lucta,
3009 2098 3272 2178 inquam,
3322 2095 3584 2158 assensio
3615 2103 3673 2156 et

2024 2189 2198 2250 actio:
2227 2205 2298 2249 ea
2323 2187 2726 2268 quidem,quze
2748 2187 2998 2249 duorum
3025 2193 3163 2248 sunt
3185 2185 3668 2266 praecedentium,

2023 2293 2054 2339 a
2087 2277 2373 2339 divinitus
2421 2276 2636 2337 amatis
2667 2275 2940 2338 Patribus
2972 2285 3131 2338 extra
3163 2275 3394 2355 culpam
3425 2273 3617 2354 posita
3651 2294 3664 2330 :

2018 2367 2283 2431 assensio
2341 2375 2535 2430 autem
2587 2367 2696 2430 sub
2744 2370 3124 2430 accusatione
3163 2417 3178 2441 ,
3251 2366 3407 2428 velut
3457 2363 3670 2426 mentis

2024 2465 2326 2539 peccatum
2357 2456 2650 2520 inducens
2677 2477 2689 2518 :
2721 2458 2873 2520 actio
2905 2465 3100 2519 autem
3149 2455 3258 2518 snb
3292 2474 3463 2536 poena
3495 2453 3672 2516 etiam

2028 2555 2138 2609 est.
2198 2545 2309 2619 Qui
2366 2553 2562 2608 autem
2622 2547 2727 2608 has
2783 2546 2988 2610 ambas
3031 2545 3270 2608 salutari
3321 2543 3677 2622 cogitatione

2027 2638 2302 2700 vincente
2334 2637 2558 2715 ell‘ugit,
2586 2655 2694 2698 cur
2723 2635 3206 2700 condemnationi
3231 2635 3625 2713 subjiceretur
3645 2633 3676 2692 ‘I

2031 2725 2093 2790 Si
2123 2727 2281 2788 enim
2317 2725 2676 2805 cogitatione
2705 2725 3159 2806 impressionem
3191 2725 3472 2794 faciente,
3507 2731 3565 2785 et
3594 2722 3668 2783 ad

2031 2816 2341 2879 obscmnas
2395 2814 2746 2896 impellente
2793 2815 3096 2891 libidines,
3131 2815 3180 2877 is
3203 2815 3304 2896 qui
3331 2812 3442 2876 hoc
3465 2831 3674 2894 passus

2029 2916 2142 2985 est,
2177 2903 2437 2966 libenter
2465 2904 2697 2984 accepit
2725 2905 2880 2985 quod
2911 2906 3111 2967 animo
3137 2901 3584 2982 obversabatur,
3617 2907 3675 2964 et

2030 3000 2292 3057 mentem
2323 2992 2520 3056 habuit
2552 2993 2691 3056 huic
2735 2993 3174 3068 immorantem,
3208 3012 3277 3054 ac
3304 2993 3486 3054 veluti
3517 2990 3674 3052 deli-

304 3073 332 3127 6
387 3071 618 3150 πάσχων
675 3067 914 3145 ἅσμένως
1001 3066 1208 3133 ἐδέξατο
1264 3070 1325 3124 16
1394 3068 1656 3147 ἐνθύμιον,
1712 3068 1800 3123 καὶ
1852 3068 1944 3121 τὸν

2029 3082 2307 3158 ciantem,
2345 3083 2851 3163 meditantemque
2882 3103 2976 3157 ea,
3003 3101 3136 3161 quae
3155 3066 3228 3144 ad
3260 3081 3319 3142 id
3350 3079 3671 3162 pertinent;

300 3159 417 3216 νοῦν
476 3158 605 3239 ἔσχε
655 3159 825 3232 τούτῳ
908 3155 1311 3237 ἐνδιατρίϐοντα,
1369 3158 1457 3212 καὶ
1513 3160 1628 3213 οἶον
1696 3154 1948 3224 ἐνηδυνό-

296 3269 476 3324 μενον,
537 3248 624 3304 καὶ
695 3246 998 3324 μελετῶντα
1049 3249 1116 3303 τὰ
1197 3247 1314 3325 περὶ
1397 3245 1552 3306 αὗτοῦ
1585 3262 1598 3277 ⁹
1699 3246 1836 3304 οὕτω
1889 3268 1946 3302 τε

294 3337 598 3415 τάνθρώπου
667 3334 1020 3416 διακειμένου,
1075 3337 1110 3404 ἡ
1174 3336 1434 3415 φαντασία
1491 3336 1672 3398 νυκτὸς
1742 3333 1945 3404 ἐπελή-

292 3425 464 3499 λυθεν,
505 3427 599 3483 οὒκ
642 3424 966 3503 ἀνέγκλητος
1002 3442 1020 3461 ⁶
1060 3425 1176 3503 ,κᾶν
1232 3423 1366 3487 ἴσως
1423 3426 1510 3481 καὶ
1564 3425 1663 3491 τὴν
1719 3423 1948 3503 ἔκκρισιν

293 3520 394 3582 τῆς
427 3520 591 3593 γονῆς
642 3502 1010 3594 διαπέφευγεν.
1058 3502 1113 3571 Ὀ
1158 3514 1257 3592 γὰρ
1316 3512 1571 3592 λογισμὸς
1652 3515 1712 3571 ού
1753 3502 1944 3576 πάθους

293 3592 471 3681 ἐκτὸς,
531 3592 655 3658 ἀλλ’
711 3592 913 3680 ἐτρῶοη
985 3608 1053 3679 τῇ
1109 3601 1271 3679 βολίδι
1345 3607 1444 3668 τῆς
1501 3599 1829 3681 προσϐολῆς,
1864 3601 1952 3656 καὶ

305 3694 436 3771 πρὸς
495 3691 593 3758 τὴν
677 3694 813 3747 κατὰ
901 3689 1129 3748 διάνοιαν
1213 3690 1469 3770 ἁμαρτίαν
1552 3689 1610 3744 ἐκ
1705 3689 1951 3768 ῥᾳθυμίας

309 3781 605 3861 χαυνωθεὶς
665 3778 1032 3847 ἐξωλίσθησεν.
1124 3782 1182 3837 Ei
1264 3778 1317 3835 δὲ
1373 3776 1648 3859 προσϐάλῃ
1731 3778 1828 3854 μὲν
1895 3777 1957 3833 16

310 3869 575 3947 ἐνθύμιον,
643 3867 1054 3948 ἀπορῥαπισθείη
1085 3866 1129 3924 δ’
1201 3869 1405 3944 αὖτίκα,
1466 3868 1504 3936 ἢ
1558 3869 1644 3924 καὶ
1692 3868 1794 3923 ὑπὸ
1849 3866 1957 3922 παί-

306 3958 409 4026 λην
459 3960 727 4015 πεσόντων
789 3957 1101 4038 ἀμφοτέρων
1136 3960 1242 4013 τῶν
1297 3956 1571 4035 λογισμῶν
1613 3958 1700 4013 καὶ
1755 3954 1954 4012 ταλαν-

307 4047 606 4124 τευομένων
665 4050 739 4112 ὡς
810 4048 895 4104 ἐπὶ
939 4046 1276 4126 πλάστιγγος
1333 4050 1360 4103 ὁ
1428 4049 1674 4126 κρείττων
1716 4043 1954 4126 περιϐρι-

306 4140 552 4220 θέστερας
625 4139 842 4217 γένηται
873 4155 886 4169 ⁸
938 4152 1057 4196 εϊτα
1113 4137 1194 4194 διὰ
1263 4138 1361 4206 τήν
1418 4143 1517 4206 τῆς
1575 4140 1765 4219 σαρκὸς
1823 4137 1955 4194 ἀνά-

306 4252 466 4308 γκην,
527 4230 615 4286 καὶ
671 4239 764 4288 τοῦ
816 4227 1240 4304 δυσμεναίνοντος
1293 4229 1432 4303 ἡμῖν
1508 4228 1606 4294 τὴν
1676 4227 1947 4306 ἐπήρειαν,

308 4318 566 4398 φαντασία
626 4317 898 4395 νυκτερινὴ
953 4318 1157 4386 κινήσει
1225 4317 1323 4383 τὴν
1422 4317 1614 4397 σάρκα,
1673 4316 1759 4372 καὶ
1812 4315 1952 4393 ῥύσιν

309 4405 585 4484 ἐργάσεται
618 4406 916 4484 σπέρματος
948 4424 963 4440 ⁸
998 4407 1026 4461 6
1083 4404 1276 4471 ταύτην
1335 4407 1514 4462 παθὼν
1546 4406 1604 4462 οὒ
1647 4405 1948 4480 μεμίανται.

309 4498 430 4556 Πῶς
462 4495 584 4572 γὰρ,
616 4492 741 4572 ὅσγε
770 4496 861 4551 τὸν
890 4493 1144 4573 λογισμὸν
1213 4492 1268 4548 ἐν
1325 4493 1752 4572 συγκαταθέσεως
1782 4491 1956 4558 ἅπαθῆ

309 4581 589 4661 διετήρησε
619 4603 635 4663 ;

391 4673 664 4752 Συμφήσει
695 4671 750 4728 δέ
793 4693 880 4748 μοι
912 4673 1042 4751 πρὸς
1089 4678 1241 4728 τοῦτο
1311 4673 1398 4728 καὶ
1446 4674 1730 4750 σύμψηφος
1787 4667 1958 4725 ἕσται-

307 4762 395 4816 καὶ
425 4763 752 4840 ὁπροφήτης
782 4762 869 4816 καὶ
914 4761 1184 4839 θεοπάτωρ
1246 4758 1423 4834 Δαϐὶδ,
1485 4758 1653 4838 λέγων
1688 4775 1703 4791 ⁸
1771 4781 1796 4812 α
1833 4755 1954 4815 Ἐν-

307 4851 489 4926 θύμιον
563 4850 836 4927 ἀνθρώπου
915 4847 1360 4927 ἐξομολογήσεταί
1441 4871 1544 4918 σοι,
1631 4850 1718 4905 καὶ
1788 4845 1952 4926 ἐγκα-

304 4937 608 5014 τάλλειμμα
639 4937 877 5013 ἐνθυμίου
930 4937 1165 5018 ἑορτάσει
1249 4957 1358 5000 σοι.
1396 4962 1418 4996 υ
1481 4939 1537 4996 Εἰ
1588 4939 1687 5016 γὰρ
1717 4937 1954 5012 ἐνθύμιον

303 5027 485 5107 (φησί)
542 5027 774 5099 πονηρὸν
831 5026 1090 5106 ἀνθρώπῳ
1171 5026 1395 5103 ἐπέλθῃ,
1471 5028 1556 5084 καὶ
1626 5033 1703 5101 τῷ
1771 5026 1954 5081 τούτου

306 5114 740 5197 ἐμφιλοχωρήσει
773 5116 882 5190 νοΐ,
944 5114 1308 5193 ἐνηδυνομένῳ
1356 5121 1425 5192 τῇ
1477 5117 1593 5195 περὶ
1649 5122 1806 5172 τοῦτο
1832 5112 1950 5170 δια-

304 5202 479 5284 τριϐῇ,
539 5205 625 5261 καὶ
689 5207 750 5260 16
809 5206 944 5261 κατὰ
1001 5203 1232 5262 διάνοιαν
1320 5203 1556 5262 τελοῦντι
1642 5203 1954 5282 ἁμάρτημα,

309 5297 586 5370 μετανοίας
631 5291 714 5352 δεῖ
756 5299 834 5368 τῷ
893 5294 1114 5369 τοιούτῳ
1165 5295 1254 5352 καὶ
1311 5291 1744 5371 ἐξομολογήσεως
1793 5309 1810 5325 ⁶

2031 3179 2206 3252 atque
2237 3171 2478 3234 homine
2507 3173 2593 3234 sic
2624 3173 2857 3246 aﬂ'ecto,
2893 3173 3200 3253 phantasia
3231 3179 3411 3235 noctu
3442 3171 3672 3231 invase-

2030 3260 2107 3322 rit
2141 3283 2154 3319 :
2191 3260 2444 3322 crimine
2471 3279 2587 3322 non
2615 3269 2804 3340 vacat,
2836 3261 2976 3322 licet
3028 3262 3180 3322 forte
3209 3267 3267 3320 et
3291 3257 3539 3320 seminis
3569 3275 3675 3318 ex-

2030 3349 2355 3412 cretionem
2425 3349 2700 3412 evaserit.
2759 3349 3048 3428 Cogitatio
3107 3348 3267 3409 enim
3326 3363 3446 3407 non
3509 3351 3678 3407 extra

2029 3439 2326 3516 affectum,
2361 3438 2464 3499 sed
2517 3437 2874 3500 incursionis
2913 3435 3111 3516 jaculo
3143 3435 3446 3497 vulnerata
3476 3441 3589 3513 est,
3620 3440 3678 3495 et

2030 3526 2100 3588 ad
2131 3527 2349 3588 mentis
2380 3534 2711 3606 peccatum,
2746 3544 2852 3607 per
2874 3524 3170 3606 pigritiam
3201 3522 3428 3585 mollita
3457 3551 3500 3596 r,
3537 3541 3673 3601 pro-

2033 3615 2196 3695 lapsa
2224 3622 2335 3675 est.
2369 3613 2534 3687 Quod
2567 3615 2614 3676 si
2647 3615 2962 3694 cogitatum
2995 3612 3398 3674 incursionem
3433 3611 3674 3692 quidem

2037 3701 2474 3776 fecerit,verum
2505 3703 2702 3765 statim
2735 3701 3126 3780 ignominiosa
3147 3701 3451 3782 repulsum
3475 3699 3676 3772 fuerit,

2036 3792 2128 3854 vel
2160 3791 2337 3853 etiam
2367 3791 2478 3854 sub
2509 3792 2724 3854 luctam
2750 3792 3108 3854 cadentibus
3139 3789 3428 3853 ambabus
3457 3787 3678 3868 cogita-

2040 3878 2327 3960 tionibus,
2361 3889 2420 3942 et
2444 3880 2629 3944 veluti
2659 3880 2718 3942 in
2752 3881 2969 3943 trutina
2993 3879 3283 3950 liberatis,
3306 3877 3518 3940 melior
3540 3896 3686 3959 pon-

2038 3967 2310 4030 derosior
2337 3969 2476 4030 ﬁat:
2516 3969 2734 4032 deinde
2776 3989 2882 4051 per
2928 3969 3122 4033 carnis
3153 3967 3589 4043 necessitatem,
3626 3973 3685 4029 et

2039 4057 2269 4119 inimici
2300 4058 2485 4120 nostri
2518 4059 2948 4140 improperium
2972 4070 3012 4135 ε,
3031 4056 3370 4137 imaginatio
3399 4063 3686 4118 nocturna

2041 4145 2298 4207 movebit
2328 4165 2596 4223 carnem,
2633 4156 2691 4210 et
2721 4149 2939 4210 ﬂuxum
2970 4147 3185 4210 efﬁciet
3213 4145 3550 4224 Spermatis:
3579 4144 3681 4224 qui

2037 4253 2170 4296 eum
2227 4241 2316 4296 est
2360 4254 2591 4317 passus,
2638 4237 2982 4318 inquinatus
3038 4254 3155 4297 non
3190 4243 3296 4297 est.
3354 4234 3479 4308 Quo
3523 4233 3681 4296 enim

2038 4321 2235 4396 modo,
2298 4324 2397 4403 qui
2455 4323 2872 4403 cogitationem
2906 4325 2976 4386 ab
3009 4323 3355 4386 assensione
3405 4322 3680 4384 intactam

2039 4410 2291 4474 servavit
2318 4411 2343 4473 ’ἶ

1978 4471 2019 4521 D

2120 4677 2496 4741 Assentietur
2525 4686 2720 4741 autem
2759 4677 2902 4738 mihi
2935 4677 3005 4738 ad
3039 4678 3241 4748 hoc,et
3272 4673 3692 4754 suffragabitur

2043 4766 2333 4844 propheta
2363 4777 2422 4830 et
2453 4768 2558 4830 Dei
2591 4775 2759 4846 pater
2791 4765 2997 4840 David,
3025 4765 3301 4846 inquiens
3334 4782 3347 4827 :
3388 4764 3690 4841 Cogitatio

2035 4855 2303 4918 hominis
2335 4857 2712 4938 conﬁtebitur
2742 4854 2938 4928 tibi,rt
2960 4857 3239 4936 reliquias
3257 4859 3686 4933 cogitationum

2034 4944 2188 5007 diem
2207 4947 2428 5023 festum
2450 4944 2844 5025 agenttibi.Si
2859 4945 3014 5006 enim
3035 4942 3683 5025 cogitatio(inquit)ma-

2034 5033 2087 5095 la
2108 5033 2336 5096 homini
2362 5033 2760 5114 irrepserit,et
2791 5034 2849 5094 in
2879 5033 3009 5112 ejus
3030 5042 3228 5096 mente
3260 5033 3434 5095 sedes
3465 5031 3681 5108 ﬁxerit,

2038 5128 2205 5201 capta
2237 5121 2540 5202 voluptate
2569 5120 3026 5184 consuetudinis
3076 5122 3204 5202 ejus
3245 5130 3300 5182 et
3343 5119 3688 5201 perﬁciente

2041 5206 2445 5287 intelligentia:
2477 5217 2786 5291 peccatum
2819 5210 3216 5290 ‘,pmnitentia
3247 5211 3300 5292 ei
3332 5227 3480 5292 opus
3511 5216 3599 5271 est
3629 5216 3690 5271 et

1867 5290 1960 5347 ’ίνα
2043 5294 2442 5372 confessione,
2479 5290 2562 5361 fut
2620 5316 2726 5380 per
2777 5316 2876 5361 eas
2925 5290 3340 5378 cogitationem
3376 5290 3602 5380 purget
3657 5317 3691 5361 a

1644 5419 1898 5514 mana
1940 5449 2377 5550 LECTIONES.

387 5608 414 5650 (ι
435 5594 524 5656 sic
551 5600 752 5656 autem
783 5609 973 5656 carne
1000 5591 1125 5654 vim
1155 5588 1502 5654 adhibente.
1536 5606 1607 5653 ac
1639 5587 2058 5652 titillationem
2090 5588 2406 5651 sentiente.
2441 5600 2462 5628 τ
2487 5606 2597 5670 per
2617 5589 2928 5670 ignaviam
2961 5589 3171 5654 laxata
3203 5600 3222 5628 '
3255 5594 3683 5657 mutationum.

305 5674 324 5715 ι
359 5675 705 5754 perﬁciente
729 5681 1041 5752 peccatum
1069 5671 1479 5753 cogitationis.
