4160 6212
275 319 441 388 1095

1623 323 2316 390 ὓΗιΕΟΟ-ΒΟΜΑΝΗΜ
2329 374 2342 387 .

3523 321 3675 389 1026

281 455 438 522 σταίη
469 461 568 524 τῆς
601 455 862 538 πράξεως,
926 458 1014 514 καὶ
1082 459 1172 514 τὸν
1241 456 1496 535 λογισμὸν
1551 458 1770 516 τονώσει
1801 459 1929 538 πρὸς

2020 456 2434 536 cogitationem
2484 455 2852 518 conﬁrmarit
2898 451 2971 517 ad
3018 473 3298 537 pugnam,
3334 463 3392 517 et
3442 455 3669 517 montis

287 542 550 624 ἔνστασιν,
586 546 672 602 καὶ
701 545 1086 626 ἀποκρούσεται
1143 548 1205 602 τὸ
1262 545 1521 622 ἐνθύμιον,
1581 545 1727 604 οωέν
1753 554 1936 604 τοῦτον

281 640 377 688 τοῦ
434 635 571 690 κατά
654 633 948 702 συνείδησιν
1004 635 1284 715 μαρτυρίου
1353 634 1496 714 λέγει
1554 636 1934 714 στερίσκεσθαι.

289 722 438 782 Ἐπεὶ
471 725 597 802 μηδ’
643 730 701 793 ὃς
743 735 813 805 τῇ
865 729 952 806 βίᾳ
1001 735 1106 786 τῶν
1162 728 1431 786 κολάσεων
1483 728 1756 804 ὑπενδοὺς,
1801 730 1939 786 θύειν

287 814 577 896 ὑπέσχετο,
615 819 738 874 εἶτα
768 823 845 892 τῷ
889 818 1058 894 βωμῷ
1114 820 1437 898 προσαχθεὶς
1495 825 1587 874 τοῦ
1656 820 1794 876 θύειν
1838 818 1940 874 ἀπ-

289 902 508 984 έσχετο,
552 906 658 962 τῶν
689 909 984 986 μαρτυριῶν
1014 906 1318 963 ἐκπεσεῖται
1344 913 1538 987 γερῶν.

375 993 542 1050 Ἀλλά
593 996 717 1076 φασί
768 1017 906 1061 τινες
963 998 1083 1059 τοὺς
1139 1019 1302 1052 ταυτα
1360 994 1793 1074 δογματιζοντας,
1853 993 1942 1052 καὶ

290 1081 628 1148 διδάσκοντας
660 1083 855 1165 λέγειν,
887 1087 960 1149 ὡς
1009 1087 1094 1141 καὶ
1151 1088 1178 1142 ὁ
1245 1083 1412 1164 μέγας
1483 1085 1750 1148 Βασίλειος
1822 1076 1940 1162 περὶ

294 1173 480 1230 τούτου
535 1171 812 1252 ἐρωτηθεὶς
894 1173 1108 1251 ἀπεῖρξε
1162 1174 1282 1237 τοὺς
1361 1176 1621 1239 τοιούτους
1678 1181 1777 1242 τῆς
1833 1179 1939 1230 τῶν

294 1263 635 1339 ἁγιασμάτων
694 1261 972 1338 μεθέξεως.
1059 1270 1280 1320 Δοκοῦσι
1378 1261 1432 1320 δέ
1479 1288 1569 1339 μοι
1628 1267 1674 1321 οἱ
1729 1269 1798 1340 τῇ
1848 1271 1938 1320 τοῦ

291 1353 440 1430 ἁγίου
487 1353 673 1408 τούτου
732 1353 933 1430 Πατρὸς
979 1351 1248 1431 ἀποκρίσει
1321 1353 1592 1432 χρώμενοι
1657 1355 1786 1434 πρὸς
1838 1354 1935 1420 τὴν

287 1446 386 1507 τῆς
458 1443 649 1504 οἰκείας
735 1441 1028 1505 ἐνστάσεως
1086 1442 1355 1516 σύστασιν,
1429 1443 1464 1510 ἢ
1522 1443 1729 1507 ἑκόντες
1789 1443 1936 1518 μύειν

285 1532 418 1608 πρὸς
448 1531 545 1597 τὴν
590 1529 862 1608 ἀλήθειαν,
896 1531 931 1598 ἢ
961 1533 1052 1586 τὸν
1077 1538 1195 1587 νοῦν
1245 1532 1322 1606 μὴ
1367 1531 1592 1588 συνιέναι
1639 1535 1737 1600 τῆς
1797 1531 1936 1588 ἀπο-

284 1621 529 1698 κρίσεως.
560 1619 883 1696 Ἀναγκαῒον
912 1617 967 1674 δὲ
1037 1621 1120 1675 οιαὶ
1180 1621 1340 1687 αὖτης
1397 1623 1524 1699 πρὸς
1579 1623 1726 1699 ρῆμα
1791 1643 1936 1695 μνη-

2017 554 2372 624 conceptum
2404 544 2697 625 expulerit
2728 561 2741 606 :
2769 562 2963 624 neque
2996 544 3150 605 hunc
3181 544 3560 606 conscientiae
3582 551 3669 606 te-

2019 633 2295 696 stimonio
2317 646 2339 677 °
2362 633 2579 714 privari
2611 633 2779 696 dicit.
2798 631 2942 694 Nam
2977 652 3087 694 nec
3105 634 3204 714 qui
3237 640 3665 696 tormentorum

2020 723 2212 788 dolori
2243 724 2486 806 cedens,
2520 725 2990 787 sacriﬁcaturum
3022 743 3086 786 se
3118 724 3412 805 promisit,
3449 725 3670 788 deinde

2023 814 2094 875 ad
2128 832 2289 874 aram
2321 813 2609 874 adductus
2641 833 2673 875 a
2703 813 3093 876 sacriﬁcando
3147 812 3456 889 abstinuit,
3507 832 3668 876 mar-

2026 911 2215 982 tyrum
2241 901 2565 982 privabitur
2593 903 2869 982 praemiis.

2107 990 2325 1053 Verum
2356 992 2520 1053 aiunt
2548 991 2730 1069 aliqui
2764 1011 2888 1063 eos,
2943 991 3042 1072 qui
3093 991 3218 1052 haec
3263 990 3580 1053 instituunt
3612 999 3670 1053 et

2021 1080 2258 1148 docent,
2292 1080 2518 1152 dicere,
2571 1080 2726 1161 quod
2781 1087 2839 1141 et
2887 1099 3133 1159 magnus
3183 1078 3438 1141 Basilius
3491 1079 3565 1141 de
3597 1099 3667 1142 eo

2024 1170 2438 1248 interrogatus,
2477 1169 2622 1229 tales
2663 1167 3035 1248 prohibuerit
3066 1187 3099 1228 a
3129 1167 3664 1230 sanctiﬁcationum

2022 1256 2492 1338 participatione.
2548 1257 2844 1320 Videntur
2891 1267 3088 1318 autem
3145 1257 3312 1336 mihi,
3348 1256 3448 1338 qui
3479 1258 3668 1319 sancti

2021 1347 2198 1426 hujus
2232 1346 2422 1410 Patris
2451 1347 2840 1428 reslionsione
2859 1347 2932 1408 ad
2965 1363 3086 1407 sua;
3115 1345 3411 1406 instantiae
3440 1345 3664 1408 consti-

2023 1436 2307 1498 tutionem
2341 1445 2586 1498 utuntur
2609 1440 2657 1509 «ι,
2680 1436 2768 1498 vel
2798 1436 3064 1497 volentes
3091 1435 3164 1496 ad
3194 1436 3502 1496 veritatem
3529 1453 3665 1496 con-

2021 1527 2246 1597 venire,
2290 1526 2377 1587 vel
2424 1534 2683 1587 mentem
2726 1524 3134 1606 responsionis
3161 1542 3278 1584 non
3308 1523 3662 1602 intelligere.

2021 1613 2276 1677 Necesse
2325 1626 2518 1677 autem
2571 1625 2658 1675 est
2705 1613 3185 1692 interrogationis
3223 1611 3396 1674 verba
3423 1612 3520 1673 hic
3553 1612 3662 1673 ad-

285 1711 470 1776 σθῆναι
497 1713 597 1774 τῆς
627 1707 958 1787 ἐρωτήσεως,
991 1709 1078 1764 καὶ
1105 1713 1204 1775 τῆς
1263 1711 1392 1783 πρὸς
1425 1711 1587 1777 α-ἶιτην
1645 1718 1736 1766 τοῦ
1767 1718 1930 1788 cro-po)

2020 1706 2300 1783 scribere,
2338 1715 2393 1766 et
2421 1704 2492 1765 ad
2527 1724 2658 1766 eam
2684 1705 2847 1766 facta:
2877 1722 2910 1763 a
2931 1703 3197 1783 sapiente
3221 1703 3319 1762 illo
3344 1700 3666 1782 divinaque

285 1798 482 1854 ἐκείνου
537 1799 624 1853 καὶ
692 1801 826 1853 θείο)
922 1800 1123 1876 Πατρὸς
1211 1798 1554 1878 ἀποκρίσεως.
1625 1789 1794 1878 ’Ἔχει
1867 1798 1930 1864 δὴ

289 1887 546 1966 ἐρώτησις
602 1885 766 1950 οὕτως
806 1905 817 1917 ⁸
885 1888 943 1943 Εἰ
999 1892 1104 1942 τῶν
1161 1889 1394 1957 συνήθων
1451 1889 1538 1944 καὶ
1592 1889 1727 1944 κατά
1784 1889 1932 1967 φύσιν

284 1977 577 2054 γινομένων
604 1976 727 2045 τινὶ,
760 1978 869 2056 χρὴ
935 1975 1138 2047 τολμᾷν
1167 1978 1239 2040 εἰς
1269 1977 1541 2035 κοινωνίαν
1615 1984 1714 2032 τῶν
1772 1977 1932 2054 ἁγίων

286 2062 697 2144 παραδέχεσθαι.
737 2055 799 2121 Ἠ
832 2061 886 2119 δὲ
940 2064 1217 2144 ἀπόκρισις
1278 2065 1415 2122 οὕτω
1461 2086 1472 2099 ·
1527 2068 1803 2144 Κρεί-ττονα
1836 2071 1933 2131 τῆς

291 2155 493 2234 φύσεως
574 2153 662 2208 καὶ
747 2158 845 2220 της
930 2155 1204 2220 συνηθείας
1293 2152 1479 2220 ἔδειξεν
1531 2157 1558 2210 6
1618 2155 1941 2218 Ἀπόστολος

293 2243 434 2298 εἶναι
491 2242 581 2296 τὸν
638 2240 692 2295 ὲν
747 2249 822 2316 τῷ
901 2241 1185 2318 βαπτισμῷ
1270 2242 1594 2323 συνταφέντα
1678 2251 1888 2322 Χριστῷ
1925 2277 1938 2291 ο

285 2335 414 2392 ποτὲ
444 2335 542 2410 μὲν
571 2337 752 2410 εἰπὼν,
780 2335 860 2391 ὅτι
891 2339 919 2392 6
990 2335 1218 2400 παλαιὸς
1283 2337 1437 2410 ἡμῶν
1513 2333 1783 2414 ἅνθρωπος
1817 2359 1945 2394 συν-

286 2424 608 2503 εσταυρώθη,
643 2423 731 2480 ἵνα
773 2428 1082 2504 καταργηθῇ
1151 2427 1210 2481 τὸ
1292 2430 1445 2500 σῶμα
1501 2426 1593 2492 τῆς
1650 2425 1929 2504 ἁμαρτίας,

286 2519 378 2569 τοῦ
436 2513 626 2586 μηκέτι
693 2511 949 2570 δουλεύειν
1047 2515 1190 2589 ἡμᾶς
1272 2519 1338 2582 τῆ
1391 2515 1616 2593 ἁμαρτία
1651 2531 1663 2543 ⁸
1693 2517 1821 2572 ποτὲ
1880 2515 1931 2571 δὲ

289 2600 672 2680 παραγγείλας,
709 2603 1018 2680 Νεκρώσατε
1049 2603 1138 2658 οὖν
1195 2604 1260 2660 τὰ
1316 2601 1454 2678 μέλη
1503 2605 1648 2678 ὑμῶν
1702 2605 1767 2660 τά
1851 2605 1934 2662 ἐπὶ

289 2695 384 2758 τῆς
455 2695 580 2767 γῆς,
635 2711 901 2769 πορνειαν,
978 2690 1319 2770 ἀκαθαρσίαν,
1416 2693 1601 2770 πάθος,
1663 2691 1933 2768 ἐπιθυμίαν

284 2779 476 2851 κακὴν,
511 2780 599 2834 καὶ
626 2778 722 2846 τὴν
755 2779 1076 2860 πλεονεξίαν,
1145 2779 1261 2847 ἥτις
1290 2780 1426 2836 ἐστὶν
1485 2779 1879 2861 είδωλολατρεία
1915 2803 1930 2816 ο

286 2864 353 2922 δι’
384 2867 417 2922 ἃ
446 2866 658 2947 ἔρχεται
715 2869 750 2935 ἡ
796 2868 929 2947 ὀργὴ
991 2871 1086 2926 τοῦ
1127 2869 1258 2926 Θεοῦ
1314 2869 1399 2925 ἐπὶ
1453 2870 1572 2934 τοὺς
1641 2871 1778 2933 υἱοὺς
1835 2875 1931 2939 τῆς

287 2955 570 3020 ἀπειθείας.
631 2957 766 3012 Ποτὲ
815 2955 869 3012 δὲ
939 2957 1060 3036 ὅρον
1111 2957 1409 3036 ἐκθέμενος,
1468 2957 1522 3014 ἐν
1577 2965 1654 3033 τῷ
1709 2961 1878 3016 εὶπεϊν
1913 2977 1926 2990 ’

2019 1793 2185 1855 Patre
2203 1793 2822 1874 responsionis.Plane
2844 1791 2930 1852 sic
2953 1810 3016 1852 se
3040 1790 3216 1852 habet
3235 1791 3620 1868 interrogatio
3649 1811 3662 1853 :

2020 1882 2080 1944 Si
2111 1893 2393 1945 consueta
2438 1891 2494 1944 et
2543 1881 2834 1943 naturalia
2881 1879 3136 1960 cuipiam
3187 1879 3538 1960 acciderint,
3592 1897 3666 1940 an

2020 1980 2285 2052 oporteat
2317 1972 2376 2032 in
2409 1976 2890 2032 communionem
2923 1978 3260 2031 sanctorum
3291 1967 3666 2030 admitteree?

2024 2059 2353 2141 Responsio
2375 2069 2571 2122 autem
2599 2061 2658 2121 in
2684 2061 2842 2121 hunc
2866 2057 3435 2120 modumzhleliorem
3455 2065 3668 2119 natura

2026 2166 2085 2211 et
2114 2147 2846 2211 consuetudinefostcndit
2872 2148 3190 2227 Aposmlus
3219 2165 3350 2207 esse
3382 2165 3539 2221 eum,
3565 2148 3666 2227 qui

2028 2240 2085 2299 in
2119 2239 2408 2320 baptismo
2455 2258 2588 2300 cum
2622 2241 2852 2300 Christo
2883 2237 3148 2318 sepultus
3180 2243 3268 2297 est
3298 2257 3310 2294 :
3347 2255 3505 2298 nunc
3525 2238 3660 2316 qui-

2029 2329 2162 2390 dem
2196 2327 2689 2402 dicens,veterem
2723 2335 2986 2388 nostrum
3017 2324 3319 2386 hominem
3341 2323 3514 2385 simul
3538 2344 3667 2386 cru-

2026 2418 2262 2478 ciﬁxum
2298 2436 2453 2496 esse,
2501 2425 2563 2477 ut
2611 2418 2868 2478 solvatur
2899 2433 3112 2495 corpus
3143 2414 3392 2494 peccati,
3427 2433 3502 2474 ne
3532 2433 3665 2476 am-

2019 2507 2171 2586 plius
2203 2505 2530 2567 serviamus
2564 2512 2804 2586 peccato
2836 2527 2847 2561 .°
2885 2504 3033 2566 alias
3063 2511 3260 2564 autem
3288 2504 3661 2584 praecipiens:

2018 2595 2369 2658 Mortiﬁcate
2426 2595 2604 2674 igitur
2651 2593 2922 2656 membra
2980 2606 3189 2667 vestra,
3243 2610 3373 2672 quze
3417 2601 3554 2653 sunt
3602 2593 3664 2655 in

2019 2693 2197 2761 terra,
2251 2684 2698 2757 scortationem,
2750 2683 3212 2758 immunditiem,
3263 2681 3660 2760 affectionem,

2017 2773 2559 2854 concupiscentiam
2588 2791 2852 2853 pravam,
2893 2783 2951 2834 et
2981 2773 3113 2853 plus
3142 2771 3400 2834 habendi
3425 2773 3661 2852 cupidi-

2017 2871 2196 2926 tatem
2226 2882 2274 2944 ιτ,
2310 2883 2438 2944 quae
2472 2873 2560 2924 est
2589 2863 2944 2936 idololatria,
2978 2881 3082 2943 per
3110 2881 3241 2943 quae
3261 2861 3417 2922 venit
3443 2862 3534 2922 ira
3557 2861 3663 2923 Dei

2014 2953 2074 3014 in
2107 2952 2259 3014 ﬁlios
2289 2951 2899 3015 inobedientiaa.Alibi
2919 2961 3114 3014 autem
3144 2951 3498 3013 terminumx
3525 2970 3661 3034 epo-

287 3045 353 3101 Οἳ
425 3054 517 3102 τοῦ
588 3051 810 3123 Χριστοῦ
895 3034 1071 3113 Ἰησοῦ
1155 3048 1252 3113 τὴν
1336 3034 1502 3124 σάρκα
1599 3046 1930 3126 ἐσταύρωσαν

2020 3061 2187 3116 nens,
2221 3043 2476 3104 dicendo
2513 3060 2525 3104 :
2561 3041 2669 3114 Qui
2704 3052 2900 3106 autem
2962 3041 3101 3105 Jesu
3155 3041 3372 3105 Christi
3422 3060 3661 3105 carnem

285 3132 378 3187 σὺν
445 3145 560 3196 τοῖς
617 3135 889 3209 παθήμασι
959 3135 1046 3190 καὶ
1097 3148 1219 3198 ταῖς
1291 3134 1605 3210 ἐπιθυμίαις,
1680 3135 1824 3214 Ἐγὼ
1879 3135 1934 3193 δὲ

287 3219 475 3298 ἔγνων,
521 3220 599 3276 ὅτι
629 3225 792 3278 ταῦτα
847 3224 935 3280 καὶ
991 3225 1333 3302 κατωρθώθη,
1398 3232 1527 3284 Θεοῦ
1583 3226 1787 3306 χάριτι,
1843 3228 1932 3284 καὶ

283 3312 338 3366 ἐν
368 3307 602 3388 ἀνδράσι,
648 3313 735 3368 καὶ
763 3312 816 3368 ἐν
875 3312 1094 3394 γυναιξὶ,
1152 3315 1321 3370 πίστει
1379 3319 1447 3391 τῇ
1478 3317 1550 3378 είς
1593 3318 1681 3372 τὸν
1737 3317 1921 3395 Κύριον

283 3400 494 3476 γνησίᾳ.

365 3497 466 3546 Τοῦ
531 3489 585 3545 δὲ
641 3489 695 3546 ἐν
752 3489 1034 3567 ἀκοθαρσίᾳ
1130 3491 1253 3548 ὄντα
1323 3493 1437 3548 τινα
1516 3492 1742 3570 ἐγγίζειν
1813 3508 1928 3558 τοῖς

281 3576 473 3656 ἁγίοις,
507 3579 594 3633 καὶ
623 3577 684 3634 ἐκ
724 3584 821 3645 τῆς
892 3578 1128 3645 Παλαιᾶς
1191 3583 1460 3651 Διαθήκης
1506 3579 1724 3662 φοϐερὸν
1781 3581 1926 3639 διδα-

285 3665 516 3752 σκόμεθα
558 3668 617 3722 τὸ
687 3682 876 3746 κρῖμα.
953 3670 1012 3725 Εἰ
1040 3667 1094 3724 δὲ
1136 3667 1325 3726 πλεῖον
1357 3677 1448 3727 τοῦ
1478 3673 1616 3750 ἱεροῦ
1671 3669 1792 3752 ὧδε,
1827 3694 1927 3752 φο-

282 3749 566 3832 ϐερώτερον
599 3752 866 3821 δηλονότι,
901 3755 1171 3813 Παιδεύσει
1231 3755 1287 3814 δὲ
1344 3760 1486 3833 ἡμᾶς
1519 3762 1545 3815 6
1578 3749 1923 3833 Ἀπόστολος,

283 3842 446 3897 εἰπών
479 3848 496 3872 ⁶
523 3834 580 3900 Ὀ
643 3843 822 3900 ἐσθίων
876 3847 964 3902 καὶ
1033 3846 1196 3902 πίνων
1252 3845 1494 3923 ἀναξίως,
1545 3862 1716 3927 κρῖμα
1759 3851 1928 3924 ἐαυτῷ

282 3929 437 3986 ἐσθίει
469 3933 554 3988 καὶ
584 3932 739 3990 πίνει.
803 3922 894 3990 Ἐκ
946 3942 1068 4012 γοῦν
1122 3941 1227 3991 τῶν
1296 3936 1547 4014 ῥημάτων
1587 3922 1713 4006 ⁷τῆς
1784 3922 1924 3996 ἀποέ

281 4020 500 4106 κρίσεως
532 4018 786 4080 δείκνυται
815 4025 887 4085 ὡς
930 4025 957 4078 6
997 4023 1163 4100 μέγας
1237 4027 1385 4088 οὗτος
1461 4027 1642 4105 Πατὴρ
1697 4028 1754 4084 οὗ
1810 4030 1925 4106 περὶ

277 4105 606 4187 ἀφαντάστου
662 4110 884 4188 ῥεύσεως
973 4111 1210 4188 εἴρηκεν,
1287 4110 1402 4171 οῦδέ
1460 4115 1577 4192 περὶ
1655 4105 1926 4195 πεφαντα-

277 4195 478 4271 σμένης
510 4198 629 4274 μὲν,
690 4198 972 4274 ἐμπαθείας
1031 4198 1086 4255 δὲ
1136 4201 1428 4279 γενομένης
1473 4205 1661 4282 χωρὶς,
1719 4206 1806 4263 καὶ
1859 4207 1926 4272 ἧς

278 4283 523 4360 ἐπιθυμία
565 4291 625 4346 οὔ
652 4290 1000 4368 προηγήσατο
1036 4307 1050 4324 ⁸
1097 4289 1134 4357 ἢ
1202 4289 1300 4346 κᾶν
1338 4289 1471 4356 ἴσως
1539 4295 1626 4349 καὶ
1678 4297 1923 4374 προηγή-

2017 3132 2437 3194 cruciﬁxerunt
2458 3151 2590 3193 cum
2612 3131 3029 3194 affectionibus
3054 3142 3118 3192 et.
3133 3130 3656 3209 concupiscentiis.

2013 3220 2134 3300 Ego
2163 3230 2361 3283 autem
2392 3221 2516 3282 scio
2562 3221 2684 3281 haec
2735 3222 2910 3282 etiam
2957 3228 3222 3281 correcta
3269 3219 3449 3281 fuisse
3472 3228 3518 3295 ιι,
3554 3219 3662 3282 Dei

2015 3310 2287 3389 gratia,et
2309 3310 2369 3372 in
2401 3309 2556 3383 viris,
2588 3319 2646 3371 et
2670 3309 2731 3370 in
2766 3307 3350 3370 mulieribnssincera
3371 3307 3432 3367 in
3455 3307 3655 3370 Domi-

2015 3419 2156 3460 num
2191 3399 2331 3460 ﬁde.

2094 3487 2240 3548 Eum
2269 3495 2488 3561 autem,
2523 3485 2624 3566 qui
2655 3494 2744 3548 est
2783 3487 2841 3546 in
2866 3483 3242 3547 immunditie
3263 3487 3296 3557 ί,
3325 3486 3657 3565 appropin-

2012 3595 2195 3658 quare
2244 3577 2482 3650 sanctis,
2538 3576 2717 3636 etiam
2751 3594 2819 3636 ex
2853 3577 3067 3636 Vetere
3117 3571 3495 3634 Testamento
3531 3581 3654 3636 ter-

2009 3665 2181 3726 ιοὶὺὶιιι
2229 3665 2515 3727 docemur
2556 3664 2874 3744 judicium.
2933 3663 3099 3736 Quod
3153 3663 3203 3722 si
3254 3661 3350 3723 hic
3389 3663 3522 3743 plus
3551 3682 3654 3725 sa-

2011 3772 2136 3826 cro,
2188 3753 2522 3815 terribilius
2564 3763 2581 3814 ]
2621 3753 2918 3814 videlicet.
2983 3749 3228 3814 Docebit
3287 3758 3483 3812 autem
3543 3771 3650 3814 nos

2009 3843 2349 3923 Apostolus,
2384 3842 2621 3904 dicens:
2660 3842 3025 3904 Manducans
3056 3849 3114 3900 et
3136 3839 3350 3901 bibens
3383 3838 3652 3922 indigne,

2001 3931 2297 4011 judicium
2338 3930 2454 3992 sibi
2499 3931 2812 3993 manducal
2844 3939 2901 3992 et
2933 3929 3080 3992 bibit
3127 3929 3328 4010 Itaque
3358 3947 3428 3990 ex
3459 3930 3656 3992 verbis

2013 4019 2324 4100 responsio
2351 4020 2708 4100 ostenditur,
2761 4021 2917 4102 quod
2969 4037 3213 4096 magnus
3243 4018 3340 4080 hic
3373 4020 3547 4096 Pater
3578 4019 3652 4081 de

2013 4111 2171 4172 ﬂuxu
2203 4110 2351 4171 citra
2382 4109 2861 4189 imaginationem
2915 4109 3065 4170 facto
3116 4129 3232 4170 non
3284 4107 3514 4170 locutus
3559 4109 3655 4183 sit,

2014 4219 2208 4282 neque
2243 4201 2315 4261 de
2346 4219 2440 4280 eo,
2484 4201 2586 4278 qui
2635 4198 3120 4278 imaginationem
3153 4197 3390 4278 quidem
3423 4196 3652 4277 habuit,

2011 4293 2114 4353 sed
2145 4291 2329 4355 animi
2363 4291 2804 4372 perturbatione
2833 4295 2858 4338 ιι
2889 4291 3097 4365 caruit,
3133 4299 3192 4352 et
3222 4289 3660 4368 concupiscen-

281 4395 431 4454 σατο,
465 4373 584 4431 ἀλλ’
615 4375 916 4453 ἀπεϐλήθη,
1005 4388 1096 4437 τοῦ
1165 4379 1359 4458 ἀγαθοῦ
1416 4382 1730 4452 νικήσαντος
1782 4373 1918 4463 λογι-

2020 4382 2092 4444 tia
2123 4401 2250 4443 eam
2289 4400 2404 4442 non
2449 4382 2752 4461 przecessit
2801 4399 2814 4443 :
2867 4380 2957 4442 vel
3013 4379 3248 4441 etiamsi
3307 4379 3456 4440 forte
3496 4396 3656 4458 prae-

278 4470 415 4536 σμοῦ
449 4482 462 4496 ⁶
498 4464 634 4550 ὥστε
665 4465 801 4542 μηδέ
831 4467 930 4535 τὴν
961 4469 1097 4524 κατά
1161 4465 1390 4530 διάνοιαν
1452 4470 1706 4550 ἁμαρτίαν
1775 4472 1930 4530 ἐκτε-

283 4548 555 4642 λεσθῇναι.
722 4558 822 4636 γὰρ
879 4558 952 4622 si;
1024 4560 1306 4638 μαρτυρίαν
1359 4568 1451 4618 τοῦ
1488 4540 1652 4639 λόγου
1706 4563 1931 4642 παράγει

278 4645 370 4696 τοῦ
414 4629 736 4702 Ἀποστόλου
758 4646 914 4724 ῥητὰ,
977 4629 1233 4726 ἁμαρτίας
1306 4629 1594 4724 μέμνηται,
1655 4651 1742 4708 καὶ
1783 4629 1930 4709 ἀκά-

278 4729 510 4818 θαρσίας,
568 4733 678 4809 καὶ,
747 4733 1020 4812 ἐπιθυμίας
1107 4741 1304 4805 κακῆς.
1381 4737 1518 4795 Εἶτα
1574 4737 1757 4818 ἐπάγει
1827 4743 1926 4808 τὴν

283 4817 505 4894 γνώμην
533 4820 741 4886 ἐκεῖνος
784 4823 884 4890 τὴν
949 4825 1155 4901 ἑαυτοῦ,
1189 4823 1361 4904 λέγων
1391 4843 1404 4856 ⁸
1458 4827 1529 4885 T6
1571 4825 1625 4883 δὲ
1680 4817 1733 4886 ἐν
1787 4829 1923 4887 ἀκα-

274 4908 456 4984 θαρσίᾳ
501 4906 623 4966 ὄντι
666 4911 782 4968 τινὰ
812 4911 1035 4990 ἐγγίζειν
1078 4927 1194 4980 τοῖς
1225 4915 1418 4993 ἁγίοις,
1491 4917 1601 4993 καὶ,
1655 4917 1721 4974 τὰ
1777 4917 1923 4986 ἑξῆς.

277 4994 384 5052 Οὔκ
427 4995 489 5051 ἂν
517 4995 572 5054 δέ
600 5020 682 5062 τις
739 4999 873 5077 εἴπῃ
930 5000 1246 5082 ἀκαθαρσίαν
1279 5004 1537 5080 ὀνομάσαι
1593 5006 1684 5060 τὸν
1760 5006 1924 5086 μέγαν

281 5081 549 5175 Βασίλειον
603 5087 704 5154 τὴν
754 5081 1121 5168 σπερματικὴν
1198 5090 1428 5172 ἔκκρισιν
1497 5092 1712 5158 ἀπαθῶς
1764 5081 1924 5175 γενο-

280 5169 470 5245 μένην,
497 5176 661 5232 Τοῦτο
689 5177 788 5256 γὰρ
842 5175 1062 5247 διαϐολῆ
1113 5189 1210 5247 τῆς
1272 5169 1490 5262 σαρκός,
1554 5173 1611 5240 Ὀ
1674 5180 1729 5239 δὲ
1781 5169 1924 5242 πολ-

2013 4470 2218 4547 cessit,
2251 4472 2440 4549 ejecta
2485 4469 2592 4531 fuit
2650 4478 2872 4542 tamen,
2935 4467 3289 4547 cogitatione
3337 4465 3492 4526 bona
3520 4467 3654 4526 vin-

2012 4569 2208 4636 cente,
2241 4561 2391 4621 adeo
2421 4565 2486 4620 ut
2518 4557 2952 4637 intelligentia:
2987 4565 3288 4631 peccatum
3321 4552 3652 4634 perfectum

2013 4668 2130 4710 non
2178 4647 2374 4710 fuerit.
2428 4646 2568 4719 Qure
2621 4647 2779 4708 enim
2813 4646 2874 4707 in
2905 4643 3199 4706 sermonis
3257 4642 3658 4704 testimonium

2011 4739 2235 4820 profert
2283 4737 2551 4818 Apostoli
2602 4735 2805 4808 verba,
2862 4733 3089 4816 peccati
3141 4731 3564 4820 meminerunt.
3600 4739 3660 4794 et

2009 4819 2427 4907 immunditiaa,
2464 4835 2522 4888 et
2550 4822 3050 4906 concupiscentiae
3069 4819 3538 4902 pravae.Subjicit
3559 4820 3661 4883 ille

2010 4915 2229 4978 deinde
2285 4934 2453 4977 suam
2485 4915 2863 4989 sententiam,
2903 4911 3221 4990 inquiens:
3255 4910 3403 4972 Eum
3435 4921 3657 4982 autem,

2011 5005 2108 5086 qui
2139 5015 2228 5068 est
2260 5004 2320 5066 in
2381 5003 2775 5078 immunditis,
2816 5001 3007 5064 sancti
3057 5001 3561 5081 apprOpinquare,
3601 5006 3661 5060 et

2010 5116 2140 5178 quae
2199 5103 2552 5176 sequuntur.
2609 5094 2742 5156 Non
2789 5101 2986 5155 autem
3043 5089 3259 5152 dixerit
3316 5089 3654 5178 quisquam,

2011 5177 2286 5264 magnum
2321 5182 2604 5246 Basilium
2647 5180 3088 5246 immunditiem
3135 5179 3448 5242 nominare
3481 5177 3661 5240 semi-

1621 5340 1886 5406 VARIIE
1907 5343 2341 5412 LECTIONES.

359 5480 382 5513 ο
409 5467 729 5554 mariti/rio.
761 5465 803 5554 f‘
829 5467 1274 5554 probationem.
1305 5484 1327 5514 °
1350 5472 1536 5554 hunc
1553 5481 1611 5538 et
1639 5491 1952 5538 sacrarum
2009 5491 2209 5536 reriim
2259 5473 2768 5554 perceptionem.‘
2818 5477 3193 5554 superiorem
3237 5477 3295 5554 et
3350 5469 3660 5554 fortiorem

276 5550 695 5634 voraritiqm.
761 5546 787 5588 ¹³
813 5546 1091 5634 perfecto
1115 5553 1322 5629 fuisse.
1348 5551 1360 5590 ί
1383 5554 1758 5618 Accessionz’s
1783 5560 1984 5634 auten:
2005 5555 2083 5616 ad
2104 5572 2198 5617 res
2226 5546 2454 5629 socras',
2479 5571 2614 5634 quae
2634 5553 2705 5634 ﬁt
2727 5572 2764 5616 α
2794 5546 3120 5618 constituto
3138 5554 3201 5616 in
3250 5546 3656 5623 immunditie,

279 5625 501 5686 etiam!
528 5625 668 5706 plus
695 5625 877 5707 quam
911 5625 1220 5710 templum,
1252 5651 1320 5696 eo
1346 5636 1434 5696 esi
1467 5634 1818 5698 terribilior.
1851 5633 1876 5675 ¹ί
1904 5636 2238 5713 affectione.
2276 5635 2286 5669 '
2321 5643 2387 5696 ut
2417 5625 2835 5714 cobitaiiom‘s.
3707 5651 3712 5656 '
