4160 6212
519 295 669 362 1027
1877 298 2010 362 JUS
2054 299 2146 361 CA

2230 295 2526 360 )NICUM.
3752 285 3911 355 1028

511 431 712 494 nalem
765 431 1192 506 excretionem,
1245 431 1474 512 absque
1530 429 1842 493 affectione
1893 429 2146 492 factam“

2230 427 2381 491 .λούς
2406 450 2462 484 τε
2505 429 2594 485 καὶ
2621 427 2815 493 καλοὺς
2872 425 3063 506 λόγους
3121 425 3286 507 ἔθετο,
3346 425 3684 497 ἀποδεικνὺς,
3732 426 3812 489 ὡς
3859 427 3923 481 οὗ

515 519 642 584 Hoc
696 522 856 583 enim
911 521 1089 583 fuerit
1145 523 1342 584 carnis
1392 521 1711 582 calumnia.
1764 519 1979 582 Multas
2027 536 2146 580 veri

2246 519 2405 576 κανὸν
2434 519 2496 575 τὸ
2526 525 2704 598 σῶμα,
2779 515 2895 576 οὐδὲ
2954 519 3139 581 κακίας
3211 517 3381 596 ἀρχὴ,
3426 517 3602 581 καθὼς
3661 513 3917 580 ἐδόξασαν

515 618 574 672 et
603 611 880 692 pulchras
927 610 1172 672 inservit
1220 609 1480 671 rationes
1527 608 1743 690 quibus
1799 609 2144 670 ostenderet

2248 605 2401 667 ἔνιοι.
2476 605 2595 666 Οὐδ’
2662 609 3016 665 ἐναντιοῦσθαι
3093 603 3386 685 προδήλως
3479 605 3763 686 λοφίσαιτό
3835 626 3918 666 τις

512 717 631 761 non
669 699 890 760 malum
921 717 1083 779 esse,
1109 717 1325 780 corpus
1358 716 1550 779 neque
1580 698 1718 759 mali
1752 697 2112 779 principium

2249 697 2406 752 αὑτὸν
2474 701 2551 770 τῷ
2641 695 2859 774 μεγάλῳ
2944 693 3258 770 Ἀθανασίῳ,
3342 695 3573 774 εἰρηκότι
3617 695 3736 773 περὶ
3812 698 3914 759 τῆς

513 786 1010 868 quemadmodum
1067 787 1340 849 nonnulli
1377 786 1601 866 Opinati
1632 793 1788 846 sunt.
1825 787 1948 848 Nec
1999 792 2146 865 putet

2249 789 2617 862 σπερματικῆς
2693 786 2889 852 ταύτης
2973 783 3276 863 ἐκκρίσεως,
3351 783 3548 862 ὅσαπερ
3647 782 3760 838 ἅνω
3818 804 3912 838 ποι

512 875 828 957 quispiam,
863 895 998 938 eum
1035 877 1347 938 manifesto
1377 875 1680 938 adversari
1732 892 1944 953 magno
1976 874 2146 936 Atha«

2246 880 2334 929 τοῦ
2361 871 2522 952 λόγου
2563 875 2890 953 γεγράφαται
2928 890 2942 904 ’
3009 875 3068 929 οὗ
3121 873 3243 938 τοὺς
3302 873 3490 952 λόγους
3560 873 3760 928 κανόνα
3822 873 3911 930 καὶ

513 965 702 1046 nasio,
737 965 959 1028 dicenti
990 966 1064 1027 de
1094 967 1204 1028 hac
1237 965 1590 1048 spermatica
1637 965 2000 1044 excretione,
2033 982 2164 1044 quae

511 1053 785 1134 superius
817 1054 1036 1116 alicubi
1067 1055 1290 1134 scripta
1323 1062 1482 1117 sunt.
1517 1053 1698 1132 Cujus
1724 1070 2032 1114 sermones
2060 1071 2160 1113 rc-

511 1142 708 1222 gulam
741 1151 798 1205 et
831 1143 1322 1223 perpendiculum
1355 1152 1573 1204 exactae
1599 1141 1767 1216 disci,
1795 1141 1928 1203 linae
1957 1159 2167 1202 omnes

509 1232 662 1293 sacri
686 1234 887 1294 Patres
920 1233 980 1292 in
1009 1232 1286 1294 omnibus
1315 1241 1683 1313 putaverunt.
1723 1231 1988 1312 lllu-lque
2025 1248 2160 1312 prae-

510 1327 676 1382 terea
705 1321 1206 1384 considerandum
1238 1330 1350 1396 est,
1387 1322 1495 1383 hos
1526 1321 1732 1382 ambos
1765 1319 1989 1401 Spiritu
2024 1338 2165 1381 sane

513 1409 722 1489 plenos
749 1409 1096 1485 Patres,uno
1112 1411 1442 1491 eodemque
1455 1411 1681 1471 al'ﬂatos
1693 1409 2162 1490 spiritu,locutos

509 1498 695 1560 fuisse
726 1508 783 1560 et
813 1500 1146 1579 scripsisse.
1183 1500 1307 1572 Quo
1360 1500 1537 1577 igitur
1588 1499 1764 1560 modo
1815 1498 2156 1574 verisimile,

2247 962 2483 1037 στάθμην
2581 962 2844 1041 άκριῗείας
2931 960 3157 1024 ἅπαντες
3246 964 3293 1017 οἱ
3376 963 3502 1040 ἱεροὶ
3559 959 3794 1038 Πατέρες
3854 958 3909 1013 ἐν

2247 1047 2438 1105 ἅπασιν
2468 1049 2720 1128 ἥγηνται,
2755 1051 2891 1109 Εἶτα
2965 1052 3051 1106 καὶ
3101 1057 3255 1106 τοῦτο
3324 1049 3626 1129 λογιστέον,
3689 1048 3774 1104 ὅτι
3819 1049 3907 1103 καὶ

2249 1137 2409 1217 ἄμφω
2465 1140 2884 1220 πνευματοφόροι
2943 1142 3081 1196 οὗτοι
3126 1137 3189 1206 δὴ
3248 1142 3294 1195 οἱ
3363 1139 3614 1218 Πατέρες,
3669 1138 3761 1194 καὶ
3803 1138 3904 1192 ὑπὸ

2248 1235 2340 1283 τοῦ
2368 1232 2524 1286 αὐτοῦ
2589 1231 2676 1286 καὶ
2731 1231 2846 1292 ἐνὸς
2903 1229 3251 1305 ἐμπνεόμενοι
3315 1232 3643 1305 Πνεύματος,
3718 1225 3904 1304 ἔλεγόν

2248 1338 2304 1372 τε
2358 1318 2444 1374 καὶ
2503 1317 2751 1399 ἔγραφον,
2813 1325 2934 1384 Πῶς
2978 1321 3066 1375 οὖν
3123 1320 3261 1383 εἰκὸς
3306 1317 3563 1389 ἀλλήλοις
3621 1317 3899 1372 ἐναντιοῦ-

2248 1410 2363 1461 σθαι
2425 1408 2544 1472 τοὺς
2616 1409 2715 1462 ὑπὸ
2773 1414 2863 1463 τοῦ
2945 1408 3095 1486 ἁγίου
3161 1408 3498 1483 κινουμένους
3555 1408 3643 1463 καὶ
3697 1405 3900 1483 ἀγαθον]

2245 1495 2590 1576 Πνεύματος,
2695 1493 2960 1554 Ἐντεῦθεν
3043 1494 3397 1572 ἆριδηλότατα
3479 1495 3761 1574 δείκνυται,
3821 1495 3901 1556 ὡς

511 1586 624 1648 sibi
674 1587 925 1649 invicem
979 1589 1316 1650 adversatos
1362 1589 1566 1664 fuisse,
1617 1587 1717 1669 qui
1767 1606 1800 1648 a
1850 1595 2052 1649 sancto
2103 1600 2146 1649 el

2241 1585 2328 1640 καὶ
2360 1587 2388 1640 6
2432 1584 2599 1664 μέγας
2657 1584 2926 1647 Βασίλειος
2969 1585 3284 1663 ἀκαθαρσίαν
3353 1587 3413 1642 οὑ
3480 1586 3579 1651 την
3645 1604 3899 1662 σπερμα-

511 1675 668 1737 bono
711 1677 948 1758 impulsi
993 1688 1128 1739 sunt
1175 1679 1424 1760 Spiritu.
1480 1677 1630 1740 Hinc
1681 1676 2146 1738 manifestissime

2239 1672 2391 1740 τικὴν
2461 1674 2736 1750 ὠνόμασεν
2797 1672 3047 1753 ἔκκρισιν,
3110 1672 3246 1731 ἀλλὰ
3321 1675 3418 1741 τὴν
3478 1675 3709 1752 πονηρὰν
3767 1671 3896 1726 ἐπι-

511 1765 873 1845 ostenditur,
902 1784 1187 1844 magnum
1229 1767 1508 1830 Basilium
1562 1765 1995 1827 immunditiam
2044 1784 2146 1826 no-

2240 1766 2423 1841 θυμίαν
2460 1785 2474 1800 ·
2519 1768 2587 1833 ἧς
2616 1766 2918 1845 ἡγουμένης
2951 1768 3037 1823 καὶ
3093 1769 3126 1835 ἡ
3202 1768 3334 1824 κατὰ
3377 1765 3607 1824 διάνοιαν
3664 1766 3896 1844 ἁμαρτία

513 1853 771 1915 minasse
822 1874 937 1915 non
995 1856 1243 1917 seminis
1304 1856 1728 1936 excretionem,
1765 1854 1866 1916 sed
1922 1871 2156 1934 pravam

510 1943 1080 2024 concupiscentiam.
1137 1945 1262 2018 Qua
1319 1953 1618 2027 praeeunte
1679 1941 2155 2015 Inentisnetiam

509 2039 810 2110 peccatum
864 2050 971 2112 per
1015 2034 1426 2095 assensionem
1477 2033 1802 2113 perﬁcitur,
1853 2039 2028 2111 atque
2075 2030 2154 2091 ita

508 2119 848 2199 imaginatio
881 2122 944 2182 ﬁt
973 2121 1034 2183 in
1068 2123 1315 2196 somnis,
1374 2139 1434 2184 et
1481 2121 1727 2184 seminis
1759 2121 2017 2182 efﬂuxio.
2057 2119 2156 2182 Sic

509 2208 669 2271 enim
732 2227 932 2290 neque
986 2210 1118 2292 ipse
1173 2211 1285 2273 sibi
1335 2229 1670 2292 repugnare
1716 2209 2058 2284 videbitur;
2092 2217 2154 2269 ut

510 2295 715 2359 dicens
747 2298 965 2360 malum
999 2308 1056 2360 et
1087 2300 1460 2362 immundum
1505 2318 1636 2362 esse
1695 2315 1910 2376 corpus
1960 2316 2153 2380 neque

509 2402 722 2464 magno
752 2386 1072 2450 Athanasio
1105 2391 1400 2451 contraria
1433 2389 1757 2470 praecipere
1788 2386 2148 2449 censebitur.

505 2474 621 2536 Sed
672 2481 730 2536 et
767 2493 836 2536 ex
884 2495 954 2538 eo
1009 2479 1164 2559 quod
1219 2478 1388 2554 dicit,
1443 2481 1567 2557 ligo
1614 2485 1809 2538 autem
1855 2477 1978 2538 scio
2028 2476 2152 2537 haec

505 2577 780 2626 correcta
836 2565 1017 2628 fuisse
1041 2582 1087 2641 ο,
1114 2567 1222 2629 Dei
1277 2568 1484 2648 gratia,
1537 2576 1593 2628 et
1640 2585 1674 2628 a
1721 2566 1888 2640 viris,
1925 2574 1986 2628 et
2015 2584 2150 2626 mu—

508 2651 791 2716 lieribus:
827 2654 972 2716 illud
1034 2665 1276 2737 apparet
1321 2657 1411 2718 vel
1446 2656 1639 2737 potius
1691 2655 1865 2736 plane
1894 2654 2147 2716 demon-

504 2748 746 2816 stratur,
783 2743 860 2803 dc
890 2745 1136 2804 seminis
1167 2745 1515 2807 excretione
1544 2745 1694 2806 facta
1743 2762 1880 2804 cum
1931 2743 2146 2820 imagi-

501 2829 763 2903 natione,
795 2849 931 2892 eum
961 2833 1142 2913 loqui,
1176 2851 1350 2914 quam
1381 2833 1564 2894 animi
1599 2831 1902 2912 praecessit
1933 2841 2146 2912 motus,

503 2925 561 2978 et
591 2917 996 2998 intelligentia;
1017 2932 1042 2974 P
1070 2929 1380 3002 peccatum
1430 2923 1556 2984 Ηοι.
1587 2921 1744 2983 enim
1769 2919 2147 2982 emendatum

2240 1852 2472 1910 τελεῖται
2516 1851 2601 1912 διὰ
2642 1855 3095 1933 συγκαταθέσεως.
3171 1856 3269 1912 Καὶ
3337 1854 3471 1911 οὕτω
3524 1857 3720 1933 γίνεται
3751 1876 3892 1933 φαν-

2238 1944 2388 1998 τασία
2448 1942 2559 1999 καθ’
2629 1943 2843 2023 ὕπνους,
2889 1947 2975 2000 καὶ
3017 1955 3110 2003 τοῦ
3165 1945 3463 2024 σπέρματος
3523 1943 3703 2021 ἐκροή.
3740 1942 3894 2000 Οὕτω

2237 2033 2335 2110 γὰρ
2393 2030 2500 2112 οὔτ⁶
2558 2034 2710 2098 αὐτὸς
2773 2034 2941 2108 ἑαυτῷ
2997 2034 3347 2101 ἠναντιῶσθαι
3398 2032 3588 2098 δόξειεν
3654 2033 3737 2108 ἃν,
3815 2033 3887 2094 ὡς

2237 2122 2399 2176 κακὸν
2459 2122 2599 2178 εῖναι
2657 2124 2716 2178 τὸ
2759 2125 2913 2196 σωμα
2982 2124 3070 2178 καὶ
3132 2122 3422 2202 ἀκάθαρτον
3489 2120 3658 2200 λέγων
3694 2140 3710 2154 ⁸
3769 2117 3889 2175 οὗτε

2234 2215 2311 2283 τῷ
2366 2208 2583 2288 μεγάλῳ
2653 2208 2943 2283 Ἀθανασίῳ
3032 2211 3276 2269 τάναντία
3351 2210 3710 2271 διατάττεσθαι
3785 2207 3885 2264 λο-

2233 2300 2562 2376 γισθήσεται.
2597 2297 2761 2355 Ἀλλὰ
2788 2301 2876 2355 καὶ
2906 2299 2966 2354 ἐκ
3019 2310 3111 2359 τοῦ
3164 2310 3345 2380 φάναι,
3391 2300 3536 2378 Ἐγὼ
3603 2296 3656 2354 δὲ
3715 2297 3884 2376 ἔγνων

2235 2385 2314 2443 ὅτι
2368 2394 2527 2445 ταῦτα
2639 2388 2984 2470 κατωρθώθη,
3061 2396 3190 2446 Θεοῦ
3261 2390 3464 2469 χάριτι,
3521 2390 3608 2444 καὶ
3666 2385 3882 2465 ἀνδράσι

2233 2477 2320 2532 καὶ
2390 2475 2607 2554 γυναιξὶ,
2670 2484 2823 2533 τοῦτο
2894 2476 3222 2556 ἐμφαίνεται,
3277 2479 3312 2545 ἢ
3382 2476 3583 2553 μᾶλλον
3640 2479 3881 2553 καθαρῶς

2234 2563 2617 2641 ἀποδείκνυται,
2691 2565 2771 2622 ὅτι
2857 2568 2973 2646 περὶ
3043 2567 3322 2646 ἐκκρίσεως
3383 2565 3682 2645 σπέρματος
3739 2567 3882 2640 μετὰ

2231 2655 2516 2733 φαντασίας
2600 2653 2889 2733 γενομένης
2946 2657 3126 2735 φησὶν,
3182 2657 3254 2723 ἧς
3313 2656 3570 2731 ἐμπάθεια
3625 2655 3880 2733 προηγή-

2232 2763 2382 2817 σατο,
2427 2745 2516 2799 καὶ
2543 2745 2577 2811 ἡ
2621 2745 2755 2799 κατὰ
2805 2741 3034 2800 διάνοιαν
3068 2746 3313 2824 ἁμαρτία.
3362 2754 3524 2803 Τοῦτο
3581 2745 3680 2822 γὰρ
3738 2765 3876 2798 κατ-

2231 2831 2468 2910 ώρθωται
2523 2831 2649 2910 παρ’
2717 2836 2891 2912 ὦνπερ
2981 2833 3342 2914 κατώρθωται,
3439 2834 3562 2912 οὑχὶ
3643 2834 3704 2888 τὸ
3796 2832 3876 2905 μὴ

2229 2918 2572 2996 ἐπιθυμῆσαι,
2646 2920 2674 2977 ὅ
2744 2921 2854 2978 ἐστι
2941 2923 3002 2978 τὸ
3062 2922 3138 2997 μὴ
3247 2920 3535 3001 προϐαλεῖν
3617 2920 3878 2999 λογισμὸν

497 3005 607 3068 fuit
632 3018 679 3089 ει,
715 3027 833 3069 non
877 3001 1121 3090 quidem
1177 3029 1297 3073 non
1351 3011 1801 3092 concupiscere,
1851 3010 2007 3091 quod
2057 3017 2146 3071 est

2230 3011 2406 3088 (τοῦτο
2473 3011 2572 3090 γὰρ
2642 3009 2908 3091 φυσικὸν),
2966 3010 3102 3066 ἀλλὰ
3172 3012 3234 3066 τὸ
3277 3011 3354 3086 μὴ
3410 3009 3756 3077 ὑποκλιθῆναι
3802 3015 3873 3084 τῇ

498 3112 617 3157 non
662 3095 953 3178 imputum
1011 3098 1207 3161 facere
1264 3099 1733 3180 cogitationemr
1783 3099 1920 3179 (hoc
1980 3098 2139 3160 enim

494 3193 584 3246 est
601 3186 1030 3266 naturale),sed
1055 3207 1171 3250 non
1194 3189 1589 3252 succumbere
1618 3188 2136 3269 concupiscentiae,

492 3291 603 3336 nec
632 3276 908 3338 assentiri
947 3277 1310 3356 cogitationi,
1367 3297 1476 3341 nec
1509 3279 1712 3358 perlici
1750 3276 1965 3339 mentis
1995 3295 2137 3358 pec-

491 3365 1180 3446 catum.Nequcseminis
1211 3369 1470 3429 fluxum1|
1493 3387 1607 3429 non
1624 3366 1776 3441 fieri,
1804 3382 2138 3428 correctum

487 3448 597 3514 fuit
622 3454 761 3532 (hoc
801 3454 958 3516 enim
1011 3464 1099 3516 est
1149 3469 1376 3520 naturae
1423 3476 1572 3538 opus
1627 3456 1952 3537 expellere,
1984 3455 2142 3516 velut

487 3544 1017 3620 excrementa),sed
1039 3545 1490 3608 nonlibidinoso
1508 3545 1720 3607 affectu
1735 3543 2136 3607 excretionem

487 3629 639 3704 ﬁeri,
675 3650 744 3692 ex
786 3632 1236 3712 imaginatione,
1279 3654 1450 3716 quam
1485 3653 1662 3716 prava
1690 3634 1858 3713 ﬁngit
1905 3652 2136 3695 concu-

484 3719 795 3798 piscentia,
854 3740 923 3780 ex
980 3741 1095 3802 qua
1152 3723 1548 3802 intelligentia
1596 3746 1613 3785 t
1659 3724 1966 3804 inquinata
2019 3730 2131 3783 est.

482 3805 643 3869 Heus
676 3818 756 3884 tu,
791 3810 1063 3888 cogitatio
1118 3815 1463 3874 assensione
1503 3812 1719 3874 fmdata
1762 3821 1872 3892 est,
1927 3829 2132 3872 excre-

487 3896 671 3958 menti
702 3906 896 3958 autem
929 3899 1267 3978 spermatici
1297 3901 1577 3980 dejectio,
1615 3920 1732 3962 non
1759 3900 2132 3962 estimmun-

489 3983 934 4048 da.Fabricator
955 3987 1115 4047 enim
1146 3990 1432 4068 corporis,
1460 3992 1650 4052 Deus:
1676 4008 1880 4053 eorum
1906 3997 2128 4061 autem,

489 4092 618 4154 qua}
649 4093 682 4133 a
712 4073 833 4135 Deo
891 4075 1170 4138 fabricata
1224 4087 1384 4153 sunt,
1419 4079 1566 4140 nihil
1601 4088 1690 4141 est
1731 4078 2129 4140 immundum.

486 4161 710 4234 Quibus
739 4162 994 4243 genitale
1026 4167 1372 4249 proﬂuvium
1405 4169 1773 4230 existimatur
1800 4166 2128 4229 immundi-

2226 3098 2492 3175 ἐπιθυμίᾳ,
2553 3097 2688 3174 μηδὲ
2770 3099 3036 3157 συνθέσθαι
3124 3107 3201 3175 τῷ
3252 3101 3515 3180 λογισμῷ,
3579 3097 3715 3167 μηδὲ
3773 3099 3872 3165 τὴν

2225 3187 2359 3243 κατὰ
2400 3186 2635 3246 διάνοιαν
2678 3189 2936 3266 ἁμαρτίαν
3010 3187 3397 3257 ἐκτελεσθῆναι.
3466 3186 3592 3248 Οὐδὲ
3661 3189 3722 3243 τὸ
3794 3187 3874 3262 μὴ

2221 3277 2448 3353 γίνεσθαι
2517 3276 2818 3357 σπέρματος
2907 3277 3094 3356 ἐκροὴν
3189 3279 3506 3356 κατωρθώθη
3593 3278 3712 3354 (τῆς
3770 3277 3871 3354 γὰρ

2223 3367 2424 3444 φύσεως
2456 3365 2604 3445 ἔργον
2659 3368 2719 3422 τὸ
2776 3365 3072 3424 διωθεῖσθαι
3138 3368 3292 3424 τοῦτό
3344 3367 3511 3442 ἐστιν,
3570 3367 3643 3429 ὡς
3687 3366 3873 3444 περίτ-

2221 3453 2426 3535 τωμα),
2460 3454 2596 3514 ἀλλὰ
2625 3457 2684 3512 τὸ
2715 3457 2791 3530 μὴ
2851 3456 3101 3532 ἐμπαθῶς
3153 3455 3390 3536 γενέσθαι
3463 3455 3563 3523 τὴν
3607 3454 3864 3534 ἔκκρισιν,

2222 3543 2281 3599 ἐκ
2310 3545 2620 3624 φαντασίας,
2662 3545 2727 3610 ἣν
2771 3546 3069 3613 συνίστησιν
3098 3544 3342 3621 ἐπιθυμία
3371 3545 3538 3625 κακὴ,
3588 3541 3640 3609 ἐξ
3702 3545 3771 3610 ἧς
3831 3545 3867 3610 ἦ

2220 3630 2422 3690 διάνοια
2464 3633 2776 3713 κέχρανται.
2827 3626 2883 3692 Ὀ
2933 3634 3208 3713 λογισμὸς,
3253 3637 3298 3689 ὦ
3341 3637 3516 3707 οὗτος,
3561 3641 3630 3701 τῇ
3661 3654 3868 3711 συγκα-

2220 3722 2422 3778 ταθέσει
2478 3724 2800 3799 μεμόλυνται
2837 3743 2850 3758 ·
2923 3726 2957 3792 ἡ
3015 3722 3068 3780 δὲ
3119 3734 3210 3783 τοῦ
3279 3724 3636 3803 σπερματικοῦ
3692 3743 3870 3801 περιτ-

2216 3810 2460 3885 τώματος
2505 3811 2756 3888 ἔκκρισις,
2817 3813 2912 3870 οὑκ
2995 3813 3308 3892 ἀκάθαρτος,
3372 3813 3610 3879 Ποιητὴς
3641 3813 3739 3890 γὰρ
3770 3817 3866 3868 τοῦ

2271 3899 2282 3919 ι
2865 3908 2890 3918 ...
2977 3899 3017 3918 M
3079 3904 3090 3922 ε
3149 3904 3160 3919 ε
3306 3911 3328 3920 υ
3537 3901 3546 3917 ο
3752 3897 3824 3923 ,M

2216 3920 2461 3975 σωματος
2508 3903 2535 3957 6
2581 3901 2709 3967 Θεός
2747 3916 2761 3931 ⁸
2824 3924 2929 3958 των
2972 3917 2998 3957 ο
3075 3925 3174 3958 υπο
3203 3909 3332 3960 Θεου
3374 3905 3687 3957 κτισθεντων
3716 3919 3864 3959 ουοεν

2215 3988 2441 4067 ὑπάρχει
2469 3989 2782 4069 ἀκάθαρτον,
2841 3995 2940 4055 Οἷς
3012 3989 3066 4046 δὲ
3110 3990 3397 4069 ἀκαθαρσία
3475 3990 3777 4064 νενόμιστκι
3823 3991 3859 4056 ἡ

2215 4078 2370 4154 γονὴ,
2432 4080 2771 4158 μανιχαίζειν
2863 4079 3160 4156 ὑπόληψιν
3213 4077 3464 4136 δώσουσιν
3489 4079 3524 4146 ἧ
3600 4080 3699 4145 τῆς
3753 4079 3860 4134 τῶν

2216 4165 2521 4244 Βογομίλων
2565 4169 2813 4249 μετέχειν
2857 4169 3126 4249 αἱρέσεως.
3189 4169 3338 4226 Ἐπεὶ
3388 4169 3480 4225 καί
3540 4171 3680 4226 οὗτοι
3721 4169 3861 4224 κατὲ

485 4250 584 4329 tia,
621 4253 681 4312 in
713 4247 1113 4335 suspicionem
1167 4257 1403 4320 venient
1446 4259 1902 4321 Manichaeorum
1927 4265 2124 4337 sectas,

2230 4274 2272 4330 (ε
2315 4257 2375 4311 τὸ
2429 4253 2603 4319 διττὰς
2651 4247 2877 4337 εἰσάγειν
2914 4247 3131 4338 γὰρχὰς,
3204 4260 3291 4314 καὶ
3332 4260 3392 4314 τὸ
3450 4265 3606 4332 σῶμα
3661 4257 3859 4332 κτίσμα

481 4341 598 4403 aud
627 4341 785 4421 quod
826 4343 1265 4422 Bogomilorum
1319 4347 1445 4427 (37)
1493 4346 1736 4409 haeresis
1783 4345 1902 4408 sint
1941 4344 2125 4426 parti-

2230 4342 2382 4420 ιέγειν
2477 4346 2567 4402 τοῦ
2616 4354 2872 4427 πονηροῦ,
2926 4346 3203 4427 προδήλως
3268 4352 3680 4428 μανιχαίζουσι.
3740 4351 3858 4422 Χὴρ

478 4429 667 4510 cipes.
700 4429 843 4492 Nam
876 4441 934 4494 et
965 4433 1046 4510 hi,
1073 4435 1230 4517 quod
1263 4435 1380 4498 duo
1413 4437 1699 4498 inducant
1733 4435 2044 4516 principia,
2070 4440 2129 4496 et

2209 4433 2330 4510 γοῦν
2381 4433 2788 4492 ὑποστέλλεσθαι
2865 4439 2983 4501 τοὺς
3052 4439 3150 4504 τὴν
3222 4436 3452 4516 ἔκκρισιν
3522 4442 3620 4503 τῆς
3691 4441 3857 4514 γονῆς

479 4536 695 4600 corpus
752 4520 890 4582 mali
939 4534 1268 4586 creaturam
1317 4525 1540 4601 dicant,
1589 4525 1896 4587 manifeste
1928 4523 2125 4585 mani-

2230 4519 2485 4598 ιολυσμὸν
2515 4524 2807 4606 οἰομένους,
2839 4528 2927 4582 καὶ
2964 4525 3236 4606 λέγοντας,
3282 4526 3332 4592 ἐξ
3389 4530 3454 4596 ἧς
3522 4527 3621 4592 τὴν
3650 4524 3854 4602 ἡμετέ-

480 4608 770 4696 chaizant.
805 4608 1194 4690 Reprimendi
1225 4632 1366 4694 ergo
1415 4615 1497 4676 illi
1551 4623 1709 4688 sunt,
1749 4614 1850 4696 qui
1881 4628 1907 4659 ιι
1938 4611 2124 4674 semi-

2230 4636 2304 4670 ναν
2333 4615 2500 4693 σάρκα
2529 4616 2954 4693 συμπήγνυσθαι,
2987 4619 3016 4673 6
3073 4617 3455 4696 ἂριστοτέχνης
3521 4617 3650 4682 Θεὸς
3707 4617 3850 4689 ᾠκο-

483 4695 576 4789 nis
625 4698 845 4760 ﬂuxum
898 4699 1368 4782 inquinationem
1421 4695 1816 4784 arbitrantur,
1880 4711 1938 4764 et
1992 4721 2123 4766 esse

2230 4707 2459 4787 πόμησεν,
2492 4707 2585 4764 ἵνα
2629 4707 2706 4783 μὴ
2758 4714 2857 4775 τῆς
2899 4695 3126 4786 βεϐήλου
3178 4695 3374 4776 ταύτης
3419 4708 3667 4789 μετέχειν
3720 4706 3857 4786 αἷρέ-

477 4783 702 4862 dicunt,
740 4805 810 4848 ex
843 4807 956 4870 quo
989 4789 1144 4852 Deus
1183 4792 1440 4872 optimus
1491 4783 1845 4854 architectus
1875 4809 2117 4853 carnem

2230 4817 2339 4859 ἐως
2383 4783 2620 4862 δόξωσιν.
2654 4799 2712 4854 Εἰ
2763 4799 2861 4876 γὰρ
2899 4783 3191 4878 άκάθαρτος
3248 4802 3282 4868 ἡ
3342 4783 3499 4878 γονὴ,
3546 4783 3634 4855 καὶ
3702 4800 3737 4866 ἡ
3774 4783 3854 4855 ’ἐκ

481 4884 751 4967 ηοειινιπι
803 4897 1194 4943 concrescere
1238 4882 1493 4945 instituit
1535 4904 1547 4946 :
1586 4902 1662 4945 ne
1717 4883 1960 4962 profana
2008 4883 2117 4945 hac

2232 4885 2392 4952 αύτης
2423 4886 2773 4961 συνισταμένη
2825 4885 2948 4960 σὰρξ
3021 4889 3232 4954 πάντως
3290 4887 3443 4946 ἔσται
3505 4888 3795 4967 ἀκάθαρτος
3832 4903 3844 4916 ·

475 4973 638 5028 secta
667 4965 868 5029 infecti
914 4986 1046 5031 esse
1094 4970 1423 5036 videantur.
1484 4972 1631 5035 Nam
1662 4973 1714 5036 si
1741 4971 2114 5035 immundum

2233 4976 2283 5030 αὶ
2311 4975 2384 5039 ὡς
2414 4974 2473 5030 ἐκ
2512 4974 2727 5053 θολερᾶς
2771 4977 2857 5032 καὶ
2924 4975 3276 5058 βορϐορώδους
3331 4982 3550 5057 πηγγῆς
3620 4965 3685 5037 οὑ
3708 4982 3852 5053 νᾶμα

1819 5080 2072 5146 ἾΑΒΙᾹῈ
2115 5082 2541 5150 LECTIONES.

564 5175 1096 5279 ’χερσαίας-Δώρια
1123 5185 1588 5279 "cogitationis.
1638 5203 1667 5232 ο
1690 5191 1960 5268 praesuta
1993 5196 2201 5279 fuisse.
2225 5200 2252 5242 ν
2304 5196 2765 5279 εορὶιαιίοηίεηιι
2811 5203 3150 5279 priuatum
3191 5198 3333 5278 fuit,
3365 5215 3402 5260 a
3449 5197 3674 5279 quibus
3699 5213 3853 5260 sane

469 5258 1004 5357 grﬁstitumqt.‘f
1030 5263 1198 5357 quod
1213 5258 1302 5326 est
1331 5258 1753 5357 cogitationem
1781 5287 1904 5357 non
1932 5258 2199 5354 adjicere
2227 5290 2241 5335 :
2277 5282 2296 5309 '
2319 5258 2510 5355 neque
2528 5258 2862 5357 praestitum
2892 5258 3035 5356 fuit,

466 5333 656 5412 ﬁeret.
690 5333 1056 5420 tcogitatio:
1082 5355 1110 5387 η
1137 5333 1473 5408 Εαεεεεαῖιι
1505 5363 1668 5428 ινρο,
1703 5351 1830 5429 qui.

3091 5283 3160 5340 ut
3209 5277 3696 5360 seminis'ﬂuxus
3723 5295 3850 5342 non

2018 5460 2267 5526 ΝΟΤιΕ.

518 5547 686 5656 ε
701 5547 930 5656 Οιξξξξς
959 5553 1365 5656 luere‘dictipa
1397 5565 1698 5656 perpetuis
1734 5569 2038 5656 precibus.
2075 5571 2199 5653 Bog
2230 5571 2387 5635 enim
2422 5571 2730 5636 Slavonica
2787 5575 3005 5656 lingua,
3073 5575 3228 5640 Deus
3285 5584 3394 5654 est,
3430 5583 3492 5640 et
3521 5575 3695 5654 mila,
3733 5575 3847 5638 be-

471 5633 709 5706 nignus,
755 5633 922 5711 quasi
957 5644 1242 5716 perpetuo
1271 5633 1558 5718 dice'ren't,
1595 5633 1865 5728 Benigne
1898 5651 2086 5714 Deus.
