4160 6212
337 313 494 388 1029

334 457 542 537 πρόεισι
596 457 848 538 καθαρὸν,
897 455 1035 517 ἀλλὰ
1092 454 1324 535 pomis“
1377 457 1467 514 καὶ
1547 456 1758 538 θολερόν
1806 478 1821 494 ·

336 548 494 605 αὑτὸν
526 548 747 627 τρόπον,
780 548 824 604 εί
856 546 1182 623 μεμόλυνται
1224 548 1259 616 ἡ
1329 547 1486 625 γονὴ,
1534 549 1621 604 καὶ
1669 550 1705 616 ἡ
1764 545 1912 628 σὰρξ,
1958 546 1995 614 ἢ

338 634 391 701 ἐξ
464 638 632 703 αὖτῆς
702 637 970 709 οὔσίωται,
1035 633 1412 713 μεμόλυσμὲνη
1455 636 1565 693 ἐστὶ
1606 638 1696 694 καὶ
1764 638 1997 715 ἀκάθαρ-

334 746 428 789 τος
478 743 492 758 ·
549 727 639 783 καὶ
710 724 1068 806 ἀντιστρόφως
1167 724 1336 800 αὖθις,
1435 727 1480 782 εἰ
1552 725 1841 806 ἀκαθαρσία
1934 725 1995 780 τὸ

335 812 549 893 σπέρμα
579 815 709 885 εστὶ,
762 815 852 871 καὶ
907 815 971 872 τὸ
1053 811 1263 893 σπέρμα
1319 812 1371 879 ἐξ
1429 816 1489 871 οὗ
1541 812 1808 890 κεκοῦται,
1842 813 1997 870 νᾶκά-

334 905 547 982 θαρτον,
585 903 684 961 Καὶ
713 901 851 960 οὔτω
897 903 960 959 τὸ
1018 907 1175 977 σῶμα
1217 900 1283 969 δὴ
1337 904 1399 959 τὸ
1454 902 1735 983 ἡμέτερον,
1797 902 1991 977 κτίσμα

335 1000 430 1049 τοῦ
457 994 694 1072 πονηροῦ
717 990 1114 1070 λογισθήσεται.
1162 988 1321 1048 Οὗδὲν
1362 993 1462 1072 γὰρ
1532 997 1637 1049 τῶν
1689 991 1790 1049 ὑπὸ
1862 999 1994 1050 Θεοῦ

338 1079 658 1158 γενομένων,
712 1080 900 1140 κακόν.
975 1082 1047 1139 Τὸ
1096 1079 1152 1136 δὲ
1210 1080 1630 1161 μεμολυσμένον,
1690 1080 1878 1140 κακόν,
1937 1082 1996 1138 Ei.

342 1165 397 1223 δὲ
452 1169 640 1250 κακόν,
702 1169 762 1226 οὒ
844 1169 1039 1246 κτίσμα
1098 1172 1249 1230 Θεοῦ.
1324 1171 1611 1250 Στνάγεται
1669 1168 1876 1245 λοιπὸν,
1953 1174 1999 1228 εἶ

347 1256 511 1339 ταῦτα
541 1254 737 1334 δῶμεν,
801 1256 955 1338 ἔργον
1014 1258 1156 1315 εἶναι
1210 1259 1309 1327 τὴν
1380 1259 1548 1339 σάρκα
1590 1266 1683 1317 τοῦ
1738 1266 1992 1339 πονηροῦ.

352 1334 533 1425 ’Ὅπερ
575 1347 654 1429 ὡς.
711 1334 947 1427 εἴρηται,
999 1352 1098 1415 τῆς
1167 1352 1273 1404 τῶν
1328 1334 1639 1429 Μανίχαίων
1690 1334 1932 1428 αἱρέσεως
1975 1364 1989 1378 ⁸

350 1435 417 1500 ἧς
446 1422 535 1491 καὶ
561 1437 608 1491 οἱ
648 1422 959 1514 ’Βογομιλοι
1003 1435 1427 1517 συμμετέχουσιν
1459 1422 1602 1503 ἠοῖς
1631 1438 1719 1494 καί
1745 1422 1796 1494 τι
1833 1436 1994 1495 πλέον

348 1524 588 1590 εἰσῆκται
650 1525 739 1580 καὶ
799 1521 1167 1605 ἀσεϐέστερον.
1267 1525 1357 1584 Ἐν
1413 1539 1535 1592 ταῖς
1605 1525 1720 1583 καθ’
1802 1526 1993 1592 ὕπνους

343 1614 649 1691 φαντασίαις
681 1614 869 1677 αὐτοὺς
926 1615 1047 1678 τοὺς
1119 1612 1371 1692 δαίμονας
1429 1613 1680 1696 ληροῦσιν
1737 1615 1988 1694 ἀσελγαί-

1652 307 2367 389 GRIECO-ROMANUM.

3563 310 3727 385 4030

1894 459 1985 514 τὸν
2005 466 2047 515 Α
2069 461 2156 515 est
2186 451 2442 533 genitale
2473 470 2704 530 semen,
2739 460 2799 516 et
2827 470 2962 535 quae
3002 472 3072 517 ex
3117 473 3187 517 eo
3218 454 3520 519 concrevit
3549 473 3711 531 caro,

2075 542 2189 604 erit
2217 541 2460 604 omnino
2489 541 2820 605 immunda.
2866 542 2938 605 Et
2966 544 3466 625 quemadmodum
3493 563 3561 607 ex
3595 553 3723 606 tur—

2075 634 2214 700 bido
2265 652 2626 717 cmnosoque
2681 637 2841 699 l'ontc
2899 638 3057 699 unda
3123 658 3242 700 non
3303 647 3498 701 manat
3552 657 3718 722 pura,

2074 722 2183 785 sed
2227 723 2470 786 sordida
2511 732 2571 786 et
2599 725 2930 789 lutulenta:
2966 726 3053 788 sic
3095 726 3145 788 si
3192 745 3403 790 semen
3434 727 3724 810 pollutum

2076 819 2186 881 est.
2247 824 2305 874 et
2362 831 2524 894 caro,
2585 833 2717 896 quae
2773 834 2842 877 ex
2901 834 2972 877 ea
3034 816 3423 878 substantiam
3479 816 3719 896 accipit,

2075 902 2295 982 polluta
2325 910 2416 964 est
2442 912 2499 965 et
2537 903 2845 965 immunda
2877 921 2891 967 :
2940 912 2998 967 et
3042 905 3169 967 vice
3214 902 3406 981 versa,
3434 906 3487 969 si
3516 924 3724 968 semen

2072 988 2450 1053 immunditia
2480 998 2589 1066 est,
2627 1001 2686 1054 et
2708 992 2853 1055 illud
2888 993 3283 1068 immundum,
3330 1012 3400 1057 ex
3430 1013 3547 1076 quo
3578 1012 3717 1057 eva-

2077 1086 2303 1140 cuatur.
2336 1079 2528 1161 Atque
2557 1084 2633 1142 ita
2663 1083 2835 1161 plane
2888 1100 3105 1163 corpus
3156 1091 3425 1145 nostrum
3453 1091 3723 1146 creatura

2081 1167 2221 1229 mali
2248 1169 2612 1233 censebitur.
2655 1169 2813 1234 Nibil
2863 1171 3023 1234 enim
3077 1190 3309 1248 eorum,
3343 1190 3475 1251 quae
3521 1191 3555 1233 a
3599 1175 3721 1236 Deo

2077 1266 2275 1319 creata
2323 1266 2481 1335 sunt,
2537 1260 2759 1321 malum
2800 1278 2813 1322 :
2848 1261 3135 1341 pollutum
3166 1270 3362 1323 autem
3396 1262 3615 1325 malum
3642 1286 3667 1318 v
3702 1283 3715 1319 :

2078 1345 2130 1407 si
2161 1346 2401 1423 malum,
2455 1366 2573 1409 non
2635 1347 2742 1411 Dei
2791 1357 3085 1412 creatura.
3137 1349 3444 1430 Colligitur
3473 1368 3638 1430 ergo,
3671 1350 3723 1411 si

2077 1434 2204 1496 haec
2233 1435 2656 1511 concedamus,
2690 1456 2934 1499 carnem
2982 1456 3113 1500 esse
3159 1457 3312 1520 opus
3344 1439 3481 1500 mali
3516 1456 3529 1500 :
3565 1438 3718 1520 quod

2076 1531 2141 1585 ut
2168 1522 2447 1598 diximus;
2493 1537 2582 1587 est
2629 1527 3090 1589 Manichaeorum
3138 1535 3352 1590 sectae:
3380 1546 3496 1609 qua
3543 1527 3720 1590 etiam

2075 1612 2363 1690 Bogomili
2397 1624 2532 1676 sunt
2561 1614 2775 1677 imbuti
2804 1635 2818 1677 :
2851 1634 2885 1678 a
2915 1615 3136 1698 quibus
3169 1625 3226 1678 et
3261 1617 3516 1698 amplius
3544 1616 3721 1698 quid-

349 1722 456 1759 νειν
487 1702 558 1765 εἷς
605 1703 672 1759 τὰ
701 1702 923 1780 σώματα
965 1705 1030 1760 τὰ
1085 1704 1405 1785 ἀνθρώπινα,
1476 1708 1512 1776 ἤ
1583 1713 1856 1771 ποιοῦντας
1922 1707 1993 1771 εἷς

2080 1699 2233 1780 piam
2264 1700 2666 1765 introductum
2699 1713 2808 1785 est,
2855 1713 2913 1767 et
2960 1705 3210 1786 impium
3234 1706 3441 1785 magis.
3476 1705 3541 1767 In
3573 1724 3724 1767 noc-

348 1791 470 1855 τοὺς
524 1792 624 1860 τὴν
687 1794 975 1873 φαντασίαν
1017 1793 1418 1875 ὒφισταμένους,
1478 1795 1514 1863 ἢ
1564 1796 1873 1875 πάσχοντας
1903 1797 1992 1851 ὑπ’

2080 1789 2268 1851 turnis
2294 1791 2820 1870 imaginationibus
2851 1785 3147 1872 nugantur
3188 1794 3487 1857 daemones
3517 1792 3725 1856 libidi-

346 1882 538 1944 αὐτῶν,
572 1881 702 1946 Τοὺς
733 1893 855 1960 γοῦν
890 1885 1096 1959 μίασμα
1162 1885 1260 1951 τὴν
1291 1889 1388 1951 τῆς
1443 1889 1606 1962 γονῆς
1689 1886 1995 1961 νομίζοντας

348 1968 603 2051 ἔκκρισιν,
664 1970 715 2026 εἴ
799 1994 938 2037 τινες
992 1978 1089 2040 τῆς
1156 1971 1311 2041 δόξης
1361 1974 1559 2041 ταύτης
1606 1979 1703 2041 τῆς
1760 1980 1994 2053 μυσαρᾰς

358 2058 605 2139 μετέχειν
677 2061 960 2142 νομίζοιεν,
1017 2062 1075 2117 οὗ
1143 2064 1362 2142 κρίσεως
1432 2062 1780 2143 ἀφεστηκέναι
1840 2085 1995 2139 νομι-

350 2150 525 2204 «eam
571 2149 728 2227 ὀρθῆς
739 2198 753 2212 ,

429 2420 578 2480 Ἀλλ’
605 2427 717 2505 ἐρεῖ
752 2448 832 2492 τις
887 2426 1043 2502 ἴσως,
1093 2428 1173 2485 ὅτι
1227 2436 1332 2487 τῶν
1382 2430 1480 2504 μὲν
1511 2427 1782 2505 μολυσμὸν
1837 2430 1997 2508 ἡγου-

354 2512 525 2587 μένων
556 2515 652 2581 τὴν
697 2521 794 2583 τῆς
844 2521 1005 2596 γονης
1074 2518 1265 2598 ἐκροήν
1308 2519 1534 2593 καθήψω
1592 2516 1852 2599 σφοδρῶς,
1885 2539 1996 2594 μα-

348 2601 474 2677 κρὸν
503 2603 620 2682 περὶ
647 2604 846 2661 τούτων
876 2606 1111 2670 κενώσας
1141 2606 1301 2685 λόγον
1350 2627 1365 2642 '
1391 2607 1482 2685 ᾅτί
1534 2603 1588 2661 δὲ
1618 2605 1871 2673 ποιητέον
1899 2607 1996 2662 αὑ-

352 2701 495 2764 τοῖς,
544 2691 580 2758 ἢ
611 2698 724 2756 πῶς
754 2695 1128 2771 οἰκονομητέον
1176 2696 1297 2760 τοὺς
1378 2694 1634 2759 τοιούτοις
1689 2694 1999 2773 τολμήμασι

350 2778 781 2861 περιπίπτοντας,
837 2784 897 2839 οὗ
946 2783 1343 2864 προστέθεικας,
1378 2786 1448 2843 Τὸ
1506 2783 1602 2858 μὲν
1676 2784 1996 2866 μέμφεσθαι,

351 2876 443 2925 τοῦ
470 2866 790 2944 βουλομένω
820 2874 1018 2936 παντός
1053 2890 1066 2903 ⁸
1100 2876 1161 2930 τὸ
1203 2873 1258 2931 δὲ
1301 2873 1619 2955 διορθοῦσθαι
1661 2876 1751 2932 τὸν
1821 2872 1995 2954 σφαλ-

353 2952 597 3033 λόμενον,
634 2955 863 3038 ἄριστον.

439 3121 561 3192 εἸνα
606 3137 732 3214 γοῦν
779 3139 857 3214 μὴ
911 3141 1097 3221 χώραν
1153 3140 1327 3219 δῶμεν
1396 3151 1560 3201 ταῦτα
1628 3143 1800 3223 λέγειν
1868 3143 1987 3219 τινὶ,

358 3223 529 3312 φαμὲν
561 3223 641 3281 ὅτι
690 3226 918 3303 μάλιστα
969 3230 1064 3305 μὲν
1120 3234 1206 3289 καὶ
1277 3248 1392 3298 τοῖς
1449 3232 1552 3302 ἤδη
1610 3234 1845 3312 ῥηθεῖσιν
1902 3232 1993 3308 ἐμ-

347 3311 741 3391 περιείληπται,
789 3318 839 3373 αί
921 3320 1017 3394 μὲν
1075 3325 1179 3378 τῶν
1242 3330 1549 3403 νυκτερινῶν
1606 3322 1991 3402 φαντασμάτων

353 3399 704 3484 ἀνέγκλητον,
738 3406 789 3461 τί
815 3404 861 3462 δ’
902 3408 1003 3464 ὑπὸ
1059 3399 1414 3487 έπιτιμησινλ
1491 3399 1754 3492 εἰρήσεται
1801 3410 1855 3467 δὲ
1912 3416 2000 3471 καὶ

354 3491 495 3552 αὖθις
537 3492 873 3573 σαφέστερον.
949 3498 1052 3563 Οἷς
1108 3500 1277 3557 τοίνυν
1340 3491 1667 3582 ἇφάνταίστσς
1724 3509 1814 3559 τοῦ
1842 3498 2002 3579 σπέρ-

355 3599 523 3670 ματος
580 3583 614 3649 ἦ
702 3583 1002 3666 ἀπόκρισις,
1088 3586 1455 3668 διορθουμένης
1524 3590 1618 3658 τῆς
1663 3590 1866 3670 φύσεως
1937 3590 1998 3644 τὸ

355 3667 680 3747 περίττωμα,
742 3675 829 3729 καὶ
898 3678 983 3739 οἷς
1055 3674 1117 3732 ἂν
1171 3667 1260 3735 καὶ
1317 3680 1451 3754 μετὰ
1505 3667 1789 3759 φαντασίας
1843 3684 1998 3734 τοῦτο

357 3754 645 3846 ἑπισυμϐῇ,
730 3760 958 3829 ἀπαθοῦς
1009 3765 1103 3822 τοῦ
1155 3764 1413 3846 λογισμοῦ
1480 3754 1838 3830 διαμείναντος
1909 3768 1997 3823 καὶ

357 3844 436 3921 μὴ
515 3845 858 3923 μολυνθέντος
941 3853 1192 3935 πρότερον
1236 3844 1334 3912 ήὲκ
1413 3856 1858 3935 συγκαταθέσεως,
1936 3858 1996 3913 τὸ

355 3935 520 3998 πάθος
590 3935 884 3996 ἀκόλαστον
935 3944 1021 3999 καὶ
1088 3944 1465 4022 ἀνεπιτίμητον
1500 3966 1514 3981 ⁶
1561 3947 1648 4002 καὶ
1707 3944 1821 4002 οὔτε
1897 3947 1996 4013 τῆς

356 4021 610 4115 μεθέξεως
653 4029 794 4084 οὗτοι
851 4035 950 4098 τῆς
992 4021 1316 4109 ἀναιμάκτου
1371 4036 1544 4098 θυσίας
1602 4035 1994 4115 εἰρχθήσονται,

355 4113 491 4170 κατὰ
531 4114 652 4179 τοὺς
681 4116 846 4182 θείους
876 4120 1111 4201 Πατέρας
1160 4138 1176 4154 ⁸
1227 4121 1346 4179 οὔτε
1401 4124 1499 4200 μὲν
1539 4126 1613 4188 ὡς
1651 4113 1996 4190 γῦποστάντες

357 4200 653 4293 μολυσμὸν,
684 4200 1109 4285 λογισθήσονται.
1162 4214 1221 4271 Εἰ
1276 4213 1377 4293 γὰρ
1432 4215 1460 4269 ὁ
1502 4212 1758 4293 λογισμὸς
1814 4215 1995 4279 αὺτοῖς

356 4290 416 4347 οὗ
487 4291 832 4373 μεμόλυνται,
895 4296 931 4365 ἢ
982 4297 1117 4374 μηδὲ
1200 4290 1598 4381 προσϐαλούσης
1665 4300 1995 4379 ἐνθδμήσεως

2075 1896 2213 1939 nem
2247 1897 2530 1943 exercere
2561 1882 2620 1943 in
2647 1901 2897 1964 corpora
2937 1884 3218 1957 humana,
3252 1884 3343 1945 vel
3385 1890 3630 1963 agentes
3662 1885 3723 1944 in

2075 1984 2203 2049 eos,
2235 1968 2336 2049 qui
2364 1969 2848 2049 imaginationem
2894 1971 3146 2033 subeant
3186 1970 3477 2045 libidinis,
3521 1971 3615 2032 vel
3645 1970 3721 2033 ab

2076 2056 2151 2117 iis
2182 2057 2497 2137 patientes.
2534 2059 2647 2121 Eos
2676 2061 2875 2140 igitur,
2912 2061 3013 2142 qui
3044 2060 3290 2123 seminis
3321 2060 3720 2123 excretionem

2078 2147 2275 2208 scelus
2300 2147 2636 2211 existimant
2659 2178 2704 2226 κ,
2733 2151 2785 2212 si
2815 2150 2917 2232 qui
2946 2151 3124 2231 hujus
3145 2150 3560 2213 abominanda;
3589 2148 3724 2230 opi-

2082 2233 2276 2297 nionis
2321 2236 2581 2300 dixerint
2633 2258 2766 2301 esse
2823 2240 3442 2321 participes;arecto
3491 2237 3724 2319 judicio

2080 2340 2198 2384 non
2236 2326 2437 2405 procul
2469 2325 2677 2390 abesse
2698 2328 3074 2391 videbuntur.

2160 2411 2381 2476 Verum
2440 2415 2686 2497 (inquiet
2734 2418 2978 2480 forsitan
3021 2416 3255 2498 aliquis)
3300 2435 3435 2479 cum
3466 2436 3591 2495 eos,
3623 2418 3725 2499 qui

2081 2502 2553 2583 inquinationem
2593 2524 2724 2570 esse
2743 2515 2949 2588 putant
2993 2507 3242 2568 seminis
3270 2507 3517 2587 ﬂuxum,
3551 2507 3725 2569 vehe-

2082 2602 2316 2654 menter
2363 2593 2706 2671 incesseris,
2762 2605 2820 2658 et
2866 2596 3105 2676 longum
3137 2596 3216 2658 de
3243 2596 3336 2658 his
3368 2597 3725 2678 protraxeris

2082 2699 2449 2760 sermonem,
2487 2704 2603 2745 non
2635 2686 2938 2762 addidisti,
2972 2685 3112 2768 quid
3142 2685 3215 2746 iis
3243 2685 3603 2761 faciendum,
3626 2694 3725 2748 aut

2082 2773 2383 2850 quomodo
2442 2774 2800 2836 emendandi
2849 2775 2968 2837 sint
3022 2786 3068 2850 ν,
3130 2775 3234 2857 qui
3281 2775 3342 2837 in
3393 2775 3529 2837 talia
3575 2775 3726 2839 facta

2078 2863 2420 2930 inciderint.
2468 2865 2932 2948 Reprehendere
2962 2868 3227 2950 quidem,
3261 2876 3351 2930 est
3377 2867 3440 2931 in
3480 2866 3723 2930 arbitrio

2078 2954 2338 3033 cujusvis
2385 2966 2734 3019 :errantem
2790 2967 2986 3020 autem
3040 2957 3297 3038 dirigere
3327 3006 3344 3035 ,
3421 2966 3513 3021 est
3565 2957 3722 3039 opti—

2013 3033 2052 3083 C
2078 3062 2264 3105 mum.

2160 3132 2248 3196 Ne
2277 3134 2453 3215 igitur
2480 3135 2673 3198 locum
2697 3138 2909 3200 demus
2944 3135 3202 3217 cuipiam
3233 3136 3359 3198 haec
3389 3135 3718 3217 objicienti,

2078 3223 2332 3285 dicimus
2362 3224 2457 3304 iis,
2490 3244 2619 3305 quae
2641 3226 2765 3305 jam
2790 3226 2946 3287 dicta
2971 3232 3150 3300 sunt;
3183 3223 3242 3286 id
3275 3224 3530 3287 maxime
3572 3243 3722 3286 con-

2077 3313 2273 3387 tineri,
2308 3323 2726 3376 nocturnarum
2757 3315 3002 3395 quidem
3049 3313 3537 3393 imaginationum
3592 3331 3724 3376 esse

2081 3403 2305 3484 aliquas
2349 3412 2512 3464 extra
2551 3404 2802 3484 crimen,
2848 3403 3073 3483 aliquas
3124 3410 3318 3463 autem
3370 3419 3502 3463 esse
3546 3419 3722 3482 poena

2081 3490 2308 3571 dignas.
2360 3490 2777 3571 Exprimeturs.
2796 3500 2994 3555 autem
3054 3499 3111 3551 et
3167 3507 3376 3551 rursus
3430 3490 3717 3571 apertius.

2080 3578 2304 3652 Quibus
2355 3598 2495 3659 ergo
2549 3580 2800 3643 seminis
2849 3578 3109 3642 excretio
3137 3578 3270 3641 sine
3299 3578 3722 3657 imaginatione

2081 3676 2191 3749 est,
2240 3677 2449 3729 natura
2477 3668 2832 3732 detrudente
2873 3677 3318 3731 excrementum
3364 3684 3377 3729 :
3422 3676 3481 3730 et
3506 3668 3722 3750 quibus

2079 3757 2193 3818 hoc
2222 3775 2355 3818 cum
2387 3756 2808 3837 imaginatione
2840 3758 3179 3839 contigerit,
3216 3756 3570 3837 cogitatione
3600 3757 3718 3819 im-

2081 3844 2422 3927 perturbata
2466 3854 2746 3910 manente
2775 3847 2821 3922 3,
2867 3865 2979 3909 nec
3028 3854 3203 3909 antea
3246 3845 3557 3926 inquinata
3615 3865 3724 3928 per

2080 3933 2747 4011 assensionem,aﬂ‘ectio
2761 3945 2924 3999 extra
2937 3954 3171 4017 poenam
3188 3943 3370 4012 est,et
3387 3937 3719 4016 reprelien-

2081 4022 2550 4105 sionem.Neque
2579 4024 2639 4087 hi
2668 4026 2741 4088 ab
2766 4025 3094 4088 incruenta),
3116 4023 3371 4088 victimae
3401 4024 3752 4108 participa--

2080 4112 2241 4175 tione
2270 4114 2650 4193 arcebuntur,
2683 4114 3009 4177 secundum
3044 4114 3210 4179 divos
3241 4113 3441 4177 l’atres
3476 4134 3490 4175 :
3526 4133 3722 4198 neque

2077 4211 2142 4263 ut
2172 4202 2648 4285 inquinationem
2681 4204 2838 4286 passi
2858 4203 3310 4285 reputabuntur.
3336 4203 3399 4265 Si
3432 4204 3593 4267 enim
3627 4225 3721 4268 co—

2076 4290 2278 4371 gitatio
2309 4292 2385 4355 iis
2412 4292 2719 4375 inquinata
2749 4313 2866 4357 non
2896 4302 3008 4369 est,
3041 4294 3128 4356 vel
3162 4293 3315 4355 mala
3344 4293 3531 4356 animi
3571 4312 3719 4356 con-

357 4381 500 4472 αθτῷ
558 4390 818 4472 πονηρᾶς,
903 4386 964 4462 ἢ,
1047 4386 1144 4445 κᾶν
1225 4387 1538 4470 προσέϐαλε,
1611 4391 1689 4467 μὴ
1770 4390 1995 4472 προσδε-

2083 4381 2357 4463 ceptione
2389 4400 2506 4444 non
2542 4383 2846 4454 irruente;
2880 4384 2997 4460 vel,
3052 4382 3101 4445 si
3150 4382 3412 4459 irruerit,
3455 4401 3574 4445 non
3605 4383 3717 4445 ad-

358 4469 577 4561 χθείσης
613 4487 628 4502 ⁶
660 4471 698 4540 ἢ
727 4471 825 4531 κᾶν
892 4474 1249 4560 προσεδέχθη,
1271 4469 1276 4470 ν
1296 4480 1374 4555 μὴ
1427 4469 1843 4561 προσμεινάσης,
1877 4478 1996 4537 ἀλλ’

359 4555 874 4650 ἑγκατῇειιρθείσης,
907 4555 1045 4622 κατὰ
1109 4555 1199 4623 τον
1233 4555 1528 4650 ’Μελῳδοη
1570 4555 1996 4630 νᾶποσκευασθεί-

363 4665 465 4713 σης
509 4644 712 4718 δηλαδὴ
764 4653 852 4709 καὶ
907 4653 1339 4737 ἀποπεμφθείσης
1366 4673 1381 4689 ⁸
1452 4644 1525 4715 =2;
1595 4657 1648 4714 δὲ
1700 4666 1855 4737 σῶμα
1914 4656 1998 4715 διὰ

355 4738 456 4825 τῆς
526 4746 889 4817 σπερματικῆς
978 4742 1257 4825 ἐκκρίσεως
1355 4748 1414 4804 οὗ
1508 4749 1789 4825 μεμίανται
1859 4746 1997 4824 (οὔτε

356 4823 456 4904 γὰρ
496 4826 531 4893 ἡ
575 4826 699 4907 σὰρξ
745 4831 927 4903 κανὸν,
986 4823 1084 4898 ὡς*
1115 4835 1310 4911 κτίσμα
1366 4823 1545 4893 Θεοῦ·
1581 4823 1721 4893 οὔτε
1778 4823 1886 4914 μὴν
1934 4837 2002 4896 τὰ

353 4914 552 4983 ταύτης
594 4916 889 5006 Δὲκρεὶοντα,
950 4923 1036 4978 καὶ
1088 4925 1281 4993 ταύτης
1346 4925 1679 5006 συστατικὰ),
1724 4928 1759 4995 ἡ
1832 4926 1999 4984 ἐπιτί-

352 5024 545 5097 ις’·ιισιιῖξ
574 5003 611 5073 ἢ
639 5011 739 5097 τῇς
779 5011 1266 5097 τῶνὰγιασματων
1297 5012 1555 5092 μεθέξεως
1699 5015 1997 5097 ἀποτροπὴ,

356 5088 441 5147 διὰ
495 5093 611 5184 τίνα
666 5093 824 5184 λόγον
884 5088 1057 5157 ἔσεται
1115 5088 1332 5182 εὔλογον
1380 5123 1396 5184 ;
1484 5107 1582 5170 Οἷς
1639 5100 1686 5159 δ’
1756 5088 1996 5181 ipsum

353 5178 702 5273 προυπέκειτο
740 5183 1048 5273 λογισμὸς,
1092 5191 1181 5246 καὶ
1240 5178 1473 5272 πονηρὸν
1526 5178 1795 5270 ὶνθύμιονἽ
1823 5215 1996 5273 προσ-

353 5265 513 5327 ϐολὸν
565 5272 897 5357 προσεδὲχθη
963 5298 1023 5335 τε
1071 5281 1160 5337 καὶ
1227 5265 1562 5360 προσέμεινε,
1641 5265 1728 5339 καὶ
1793 5265 1877 5358 τῷ·
1925 5291 2000 5359 νῷ

2082 4470 2284 4549 missa;
2314 4472 2429 4549 vel,
2462 4473 2513 4534 si
2546 4473 2805 4536 admissa
2845 4473 2943 4548 sit,
2992 4490 3110 4534 non
3160 4480 3570 4553 permanente,
3614 4472 3719 4534 sed

2079 4559 2387 4643 derelicta,
2441 4563 2609 4643 juxta
2656 4562 3012 4640 Meloduma,
3067 4561 3300 4623 sublata
3351 4559 3588 4622 videtur
3643 4560 3720 4624 de

2080 4648 2279 4711 medio
2311 4658 2368 4713 et
2389 4652 2704 4715 amandata
2737 4670 2751 4715 :
2778 4668 2990 4732 corpus
3036 4660 3232 4712 autem
3267 4666 3373 4729 per
3405 4650 3722 4731 spermati-

2082 4756 2210 4801 cam
2242 4740 2639 4803 excretionem
2701 4739 3165 4804 contaminatum
3216 4758 3333 4801 non
3380 4748 3468 4802 est
3498 4741 3720 4820 (neque

2083 4826 2244 4892 enim
2275 4847 2414 4891 caro
2473 4831 2717 4908 malum,
2770 4838 2832 4892 ut
2882 4828 2986 4891 Dei
3044 4836 3354 4905 creatura;
3396 4846 3590 4910 neque
3621 4847 3713 4909 ea,

2082 4941 2213 5010 quae
2253 4935 2322 5010 ex
2357 4936 2427 4980 eo
2458 4921 2744 5010 deﬂuunt,
2772 4927 2830 5010 et
2859 4936 2988 4981 eam
3016 4917 3743 5010 constituunt):emenda-.

2081 5008 2163 5075 lio
2190 5006 2349 5084 bvel,
2385 5008 2850 5091 participationis
2910 5015 3414 5071 sacramentorum
3463 5004 3725 5088 prohibi-

2085 5103 2185 5179 tio,
2221 5121 2395 5184 quam
2426 5098 2501 5163 ob
2515 5099 2742 5180 juxtam
2774 5097 3062 5160 rationem
3094 5096 3195 5159 ﬁet
3215 5099 3243 5157 ἵ
3271 5094 3495 5168 Quibus
3522 5106 3719 5156 autem

2079 5200 2216 5255 ante
2245 5192 2439 5254 inerat
2468 5186 2783 5250 affectione
2813 5195 3107 5251 commota
3141 5185 3437 5267 cogitatio,
3472 5194 3530 5247 et
3568 5184 3722 5246 mala

2080 5280 2265 5344 animi
2286 5276 2595 5360 conceptio
2624 5277 2911 5360 impetum
2941 5277 3166 5341 faciens
3194 5276 3453 5340 admissa
3497 5275 3626 5352 fuit,
3660 5284 3721 5338 et

1673 5448 1928 5516 VARLE
1967 5447 2398 5515 LECTIONES.

435 5581 465 5665 ξ
489 5579 555 5635 at
584 5573 889 5665 quidquid
899 5574 1201 5665 pollutum
1226 5586 1335 5658 est,
1364 5582 1595 5648 malum
1610 5587 1871 5665 est‘esse
1891 5581 2286 5664 pollutionem
2331 5579 2705 5665 existimant.
2731 5618 2758 5663 ,
2787 5581 3081 5665 quomodo
3110 5598 3248 5646 cum
3277 5581 3365 5647 eis
3393 5580 3717 5664 agmdum,

354 5657 486 5732 qui.
519 5666 540 5695 ι
568 5657 703 5717 vitii
730 5657 973 5737 experte
999 5667 1297 5723 manente.
1323 5675 1349 5709 ι
1367 5665 1736 5744 psalmorum
1762 5663 1854 5727 vel
1881 5657 2253 5728 canticorum
2275 5665 2607 5724 auctorem.
2638 5662 2664 5705 ιι
2689 5657 2882 5742 pm
2907 5664 3231 5744 irrogatio.
