4160 6212
2750 149 2787 171 Ι

490 262 632 329 1031
1868 258 2002 331 JUS
2040 266 2115 331 CA

2205 262 2484 333 DNIGUM
3703 266 3733 329 1
3751 261 3872 332 032

486 398 844 477 permansit,
879 406 937 462 et
963 398 1024 462 in
1042 396 1240 463 animo
1272 397 1528 464 libenter
1553 406 1781 463 versata
1809 407 1917 463 est:
1937 416 2115 481 eoque

2207 395 2660 479 ἐνεφιλοχώρησε,
2706 399 2795 454 καὶ
2836 397 3030 468 ἠδύνθη
3065 399 3225 475 ἀὐτῷ
3295 400 3332 468 ἡ
3375 399 3559 457 τούτου
3612 396 3794 476 διαλογ
3809 397 3865 472 εἴ,

484 487 758 550 deliciata
780 488 918 550 illus
947 488 1291 569 disputatio,
1327 498 1392 551 ut
1421 489 1546 570 jom
1574 488 1915 553 intellectus
1940 529 1963 562 ο
1985 508 2115 571 pec-

2211 487 2283 549 ὡς
2312 486 2412 553 τὴν
2457 487 2590 543 κατὰ
2619 484 2851 545 διάνοιαν
2920 488 3177 568 ἁμαρτίαν
3248 486 3351 556 ἤδη
3396 493 3656 555 συστῆναι
3690 502 3704 517 ·
3735 487 3867 544 τού-

486 583 680 638 catum
711 577 1026 639 formatum
1056 578 1132 639 sit
1160 596 1174 642 :
1210 580 1336 641 haec
1365 586 1565 641 autem
1598 586 1888 641 nocturna
1917 577 2115 658 imagi

2209 597 2321 639 τοις
2365 572 2421 632 δὲ
2451 576 2725 655 νυκτερινὴ
2784 577 3042 657 φαντασία
3097 575 3535 649 ἐπηκολούθησε,
3594 576 3683 632 καὶ
3735 575 3879 653 ῥύσις

483 664 642 726 natio
673 674 877 727 secuta
904 675 1013 742 est,
1041 676 1095 729 et
1129 668 1381 729 seminis
1417 667 1756 750 supervenit
1788 669 2015 730 ﬂuxus:
2044 667 2115 728 hi

2210 664 2371 744 γονῆς
2443 664 2750 743 ἐπιγέγονεν
2784 684 2803 701 ·
2847 665 2990 723 οὗτοι
3044 667 3133 722 καὶ
3185 667 3286 722 ὑπὸ
3354 665 3574 726 αἱτίασιν
3635 662 3870 739 ἔσονται,

483 752 658 815 etiam
690 764 863 815 erunt
893 755 1261 819 accusationi
1296 764 1355 817 et
1385 774 1651 818 censurae
1672 755 1977 832 obnoxiid,
2011 775 2115 817 nor

2212 754 2300 810 καὶ
2327 754 2429 810 ὑπὸ
2453 753 2780 829 ἐπιτίμησιν,
2837 757 2898 814 οὒ
2938 751 3022 811 διὰ
3071 754 3172 822 τὴν
3229 754 3595 834 σπερματικήν
3651 750 3871 833 ἐκροήν,

482 849 723 923 propter
749 842 1099 906 seminalem
1144 845 1469 915 defluxum,
1530 845 1635 907 sed
1660 853 1899 926 propter
1916 843 2115 907 metti:

2212 839 2350 898 ἀλλὰ
2376 839 2461 897 διὰ
2494 842 2594 910 τὴν
2652 843 2788 900 κατὰ
2844 840 3075 901 διάνοιαν
3147 843 3427 924 ἁμαρτίαν,
3500 842 3589 898 καὶ
3632 842 3728 898 τὸν
3779 846 3871 897 τοῦ

485 939 790 1011 peccatum
822 941 880 994 et
916 932 1295 1014 cogitationis
1324 934 1911 997 contaminationem.
1968 933 2115 995 Licei

2212 930 2471 1007 λογισμοῦ
2525 928 2822 1006 μολυσμόν.
2902 929 3012 989 Κᾶν
3065 953 3165 1011 γαρ
3241 932 3377 1007 μήτε
3460 934 3720 1013 φαντασία
3777 950 3873 983 νυ-

482 1019 642 1082 enim
672 1036 784 1104 nec
835 1019 1176 1099 imaginatio
1229 1031 1519 1086 nocturna
1580 1022 1667 1086 eis
1694 1020 2115 1104 supervenerit,

2212 1019 2435 1096 κτερινὴ
2481 1021 2663 1085 αὐτοῖς
2692 1019 3032 1101 ἐπιγένηται,
3077 1022 3214 1096 μήτε
3270 1020 3417 1097 ῥύσις
3477 1024 3664 1103 γονῆς,
3725 1014 3872 1075 οὐδὲν

486 1127 597 1170 nec
626 1102 901 1188 genitalis
931 1110 1180 1173 seminis
1212 1111 1591 1191 profluvium;
1624 1102 2013 1174 nihilominus
2037 1128 2115 1171 cu

2210 1106 2371 1174 ἧττον
2396 1105 2719 1182 μεμόλυνταί
2785 1130 2842 1165 τε
2897 1111 2987 1167 τὸν
3032 1110 3319 1191 λογισμὸν,
3391 1102 3489 1165 καὶ
3530 1108 3631 1175 τὴν
3686 1105 3871 1163 ἐπιτί-

488 1186 773 1278 gitatione
809 1199 1095 1280 inquinati
1138 1186 1299 1272 sunt,
1353 1208 1412 1262 et
1452 1199 1927 1261 emendationem
1960 1218 1982 1250 ο
2012 1217 2115 1260 nor

2214 1218 2383 1271 μησιν
2446 1198 2539 1253 οὒκ
2609 1196 2965 1274 ἐκφεύξονται.
3032 1186 3199 1255 ἸΕστι
3251 1195 3298 1253 δ’
3362 1199 3419 1262 ὃς
3467 1199 3557 1253 καὶ
3612 1194 3874 1275 λογισμοῦ

491 1290 792 1371 effugient.
829 1287 933 1351 Est
962 1296 1155 1350 autem
1181 1289 1280 1368 qui
1304 1298 1361 1350 et
1390 1288 1747 1368 cogitatione
1781 1307 1898 1349 non
1917 1305 2115 1368 prince

2214 1284 2291 1352 μῆ
2351 1285 2775 1366 προϋπάρξαντος
2848 1287 3138 1367 ἐμπαθοῦς,
3211 1288 3349 1362 μήτε
3425 1286 3535 1363 μὴν
3577 1291 3676 1353 τῆς
3736 1283 3871 1340 κατᾶ

487 1377 687 1462 dente,
716 1397 852 1461 qum
886 1376 1199 1439 affectione
1222 1377 1329 1439 {sit
1358 1377 1623 1440 incitata.
1662 1395 1854 1459 neque
1884 1386 2115 1458 peccatc

2213 1371 2453 1429 διάνοιαν
2477 1375 2731 1454 ἁμαρτίας
2756 1375 3112 1451 τελεσθείσης,
3179 1374 3234 1431 ἐν
3286 1375 3469 1440 ὕπνοις
3528 1374 3866 1462 φαντασθεὶς,

484 1461 703 1530 mentis
734 1466 1019 1549 perfecto,
1049 1465 1110 1527 in
1142 1466 1367 1528 somnis
1397 1475 1698 1548 spectrum
1752 1467 2115 1544 imaginatus,

2211 1463 2300 1518 καὶ
2356 1466 2713 1541 σπερματικὸν
2791 1464 3027 1544 ἐκκρίνας
3125 1464 3454 1544 περίττωμα,
3536 1467 3633 1523 οὒκ
3700 1461 3867 1538 ἀνέγ-

484 1556 837 1637 spermatico
885 1562 1262 1617 excremento
1321 1554 1556 1634 dejecto
1586 1604 1601 1635 ,
1662 1574 1780 1616 non
1829 1563 1917 1618 est
1970 1564 2115 1618 extra

2210 1549 2433 1617 κλητος.
2479 1559 2641 1618 Ποϊος
2710 1551 2766 1609 δὲ
2837 1556 3032 1634 οὗτοςς
3079 1555 3135 1620 ὃς
3185 1553 3238 1620 ἐξ
3295 1553 3547 1634 ἀκρασίας
3600 1557 3700 1618 τῆς
3748 1551 3867 1629 περὶ

482 1650 743 1731 culpam.
778 1647 979 1721 Qualis
1007 1664 1144 1709 vero
1185 1646 1328 1708 hic?
1358 1647 1469 1721 Qui
1500 1667 1568 1710 ex
1599 1648 1716 1710 cibi
1741 1647 1861 1711 etbi
1884 1653 2115 1728 etpotus

2210 1639 2405 1719 βρῶσιν
2435 1641 2522 1698 καὶ
2551 1640 2729 1731 πύσιν,
2784 1644 2871 1699 καὶ
2919 1643 3019 1710 τὴν
3050 1643 3292 1731 ,γαστέρα
3318 1641 3567 1731 ἐϐάρυνε,
3624 1642 3716 1731 xui
3775 1641 3865 1694 τὸν

482 1728 943 1818 intemperantia
964 1745 1226 1799 ventrem
1251 1738 1537 1814 oneravit,
1563 1749 1620 1800 et
1644 1746 1901 1800 mentem
1925 1736 2115 1798 confu-

2212 1734 2330 1785 νοῦν
2427 1728 2773 1806 συνεθόλωσε,
2860 1732 2948 1787 καὶ
3028 1730 3191 1788 ὕπνον
3273 1729 3496 1812 ἀδελφὸν
3578 1729 3865 1786 ὑπνώττων

483 1828 589 1909 dit,
618 1817 690 1889 et
711 1826 918 1889 mortis
946 1827 1184 1888 fratrem
1218 1845 1493 1887 somnum
1526 1827 1850 1908 dormiens,
1885 1828 1941 1887 in
1974 1826 2115 1885 ima-

2210 1818 2416 1893 θανάτῳ
2472 1817 2557 1891 47,
2642 1822 2898 1899 φαντασίᾳ
2993 1820 3386 1901 περιπέπτωκε,
3486 1821 3575 1877 καὶ
3654 1817 3867 1896 σπέρμα

2208 1907 2223 1925 1
2240 1904 2261 1925 Ρ
2277 1906 2287 1925 1
2492 1918 2528 1925 --
2571 1909 2583 1925 ι
2664 1911 2685 1925 ν
2879 1911 2889 1925 ι
3018 1912 3031 1925 1
3077 1912 3091 1925 ι
3193 1911 3205 1925 ε
3329 1917 3348 1925 α
3406 1908 3429 1925 ᾗ
3456 1910 3470 1925 \
3579 1908 3593 1925 κ
3696 1906 3709 1925 9

481 1904 841 1996 ginationem
873 1915 1439 1996 incidit,semenque
1471 1904 1871 1979 excrevitﬂic
1893 1914 2051 1976 enim
2071 1923 2115 1976 e1

2208 1904 2459 1986 ἐξέκρινε.
2490 1909 2588 1966 Καὶ
2632 1911 2779 1973 οὗτος
2835 1911 2935 1987 γὰρ
2977 1912 3132 1974 αὐτὸς
3188 1911 3359 1985 ἑαυτῴ
3402 1908 3484 1966 διὰ
3540 1908 3636 1975 τὴν
3687 1906 3860 1985 ἀκρα-

480 2006 611 2086 ipse
637 2005 749 2067 sibi
781 2012 1025 2086 propter
1053 2002 1399 2083 ingluviem,
1434 2004 1859 2085 phantasmatis
1897 2012 2115 2065 auctor.

2209 1996 2324 2051 σίαν
2364 2004 2458 2054 τοῦ
2486 1998 2859 2078 φαντάσματος
2906 1998 3076 2064 α’ίτιος
3112 2014 3125 2028 ⁸
3161 2001 3249 2056 καὶ
3279 2001 3308 2056 ὁ
3337 2000 3403 2061 τὰ
3465 1996 3583 2055 κατ’
3650 1996 3860 2053 ἐκεῖνον

483 2084 560 2158 Et
589 2095 689 2175 qui
720 2084 855 2156 eum
889 2084 1202 2173 gubernat,
1238 2102 1413 2174 prout
1436 2084 1687 2156 homini
1722 2094 1992 2156 conferre
2021 2112 2115 2154 co-

2209 2086 2524 2162 οίκονομῶν,
2557 2089 2632 2151 ὡς
2681 2086 2857 2164 συνίδῃ
2915 2089 3195 2169 συμφέρειν
3243 2094 3321 2162 τῷ
3375 2087 3656 2166 ἀνθρώπῳ,
3725 2084 3860 2140 ἐπε-

479 2174 771 2264 gnoverit,
807 2181 1285 2245 emendationem
1315 2222 1344 2264 σ
1376 2183 1609 2248 inferat.

2210 2174 2374 2255 νέγκῃ
2402 2176 2501 2244 τὴν
2529 2177 2838 2253 ἐπιτίμησιν
2849 2234 2861 2242 ,

626 2284 1010 2350 THEODORI
1043 2283 1521 2349 BALSAMONIS
1552 2285 1961 2351 RESPONSA.

2331 2286 2679 2337 ΘΕΟΔΩΡΟΥ
2723 2288 2849 2338 ΤΟΥ
2879 2285 3252 2339 ΒΑΛΣΑΜΩΝ
3300 2284 3727 2339 ΛΠΟΚΡΙΣΕΙΣ.

476 2384 1004 2464 [interrogationes
1032 2385 1337 2446 canonica:
1366 2386 1738 2448 sanctissimi
1756 2385 2127 2465 patriarcha:

557 2465 956 2527 Alexandria;
976 2465 1210 2526 domini
1242 2466 1435 2545 .llarci
1453 2482 1467 2526 :
1505 2473 1564 2527 et
1591 2483 1880 2545 respousa
1912 2465 1998 2545 ali
2020 2482 2128 2527 eas

556 2545 929 2624 sanctissimi
955 2543 1932 2624 patriarchasAntiochia—domini
1951 2543 2129 2606 Theo-

556 2626 695 2686 dori
726 2623 1131 2687 Balsamonis.

559 2719 666 2783 Dei
698 2720 942 2802 quidem
969 2729 1265 2802 spectator
1290 2731 1348 2786 et
1371 2723 1658 2804 propheta
1690 2721 1909 2785 Moses:
1941 2724 2125 2786 Inter-

475 2828 619 2889 roga
652 2810 895 2891 (inquit)
946 2818 1170 2890 patrem
1224 2818 1412 2887 tuum,
1467 2820 1527 2872 et
1570 2811 1937 2875 renuntiabit
1965 2811 2119 2875 tibi:

479 2899 744 2960 seniores
775 2907 926 2973 tuos,
959 2906 1017 2959 et
1044 2897 1249 2961 dicent
1282 2898 1405 2960 tibi.
1458 2898 1882 2963 Sanctissimus
1927 2909 2121 2962 autem

2218 2402 2242 2436 ιι
2276 2379 2598 2460 ’.Ερωτήσεις
2652 2383 2921 2439 κανονικαὶ
2990 2391 3082 2441 τοῦ
3176 2382 3471 2460 ἁγιωτάτου
3526 2377 3857 2460 πατριάρχου

2289 2458 2676 2541 Ἀλεξανδρείας
2757 2461 2933 2541 κυρίου
3015 2458 3252 2540 Μάρκου.
3340 2462 3438 2518 Καὶ
3488 2539 3499 2541 ξ
3545 2459 3851 2537 ἀποκρίσεις

2252 2570 2263 2573 τ
2289 2539 2726 2621 ἐπἀύταϊς-τοῦ
2770 2539 3068 2621 ἁγιωτάτου
3105 2539 3444 2621 πατριάρχου
3486 2539 3852 2618 Ἀντιοχειας,

2288 2620 2461 2700 κυρίου
2506 2618 2773 2699 Θεοδώρου
2798 2618 2892 2680 τοῦ
2922 2618 3241 2697 Βαλσαμὼνζ
3269 2644 3297 2677 ι

2290 2714 2345 2780 ιι)
2378 2722 2477 2798 μὲν
2503 2722 2731 2790 θεόπτης
2760 2724 2848 2781 καὶ
2896 2724 3175 2804 προφήτης
3234 2728 3456 2798 Μωσῆς,
3518 2722 3849 2801 Ἐρώτησον,

2207 2812 2356 2892 φησὶ,
2423 2813 2515 2867 τὸν
2566 2812 2764 2889 πατέρα
2827 2834 2946 2892 σου,
3004 2814 3092 2868 καὶ
3159 2810 3444 2891 ἀναγγελεῖ
3498 2833 3581 2868 σοι
3629 2827 3644 2843 '
3729 2809 3852 2872 τοὺς

2205 2896 2580 2980 πρεσϐυτέρους
2623 2922 2738 2975 σου,
2811 2902 2901 2958 καὶ
2971 2899 3141 2979 ἐροῦσί
3182 2922 3288 2962 σοι.
3356 2910 3396 2959 Ο
3438 2898 3499 2956 δὲ
3554 2900 3851 2978 ἁγιώτατος

471 2987 845 3052 Alexandriae
878 2986 1236 3068 patriarcha,
1286 2987 1537 3050 dilectus
1587 2988 1790 3070 frater,
1825 2996 1882 3051 et
1911 2999 2115 3051 nostrae

2205 3010 2543 3069 πατριαρχης
2612 2988 3022 3069 Ἀλεξανδρείας,
3108 2990 3386 3069 ἀγαπητὸς
3459 2987 3682 3068 ἁδελφὸς
3761 2987 3851 3043 καὶ

464 3074 902 3137 mediocritatis
934 3074 1364 3151 comminister,
1389 3076 1666 3139 dominus
1689 3078 2122 3153 Marcus,Pater

474 3164 764 3228 exsistens
804 3166 1070 3239 Patrum,
1135 3164 1242 3228 Dei
1279 3165 1486 3245 gratia,
1534 3174 1592 3228 et
1638 3165 2115 3248 presbyterorum

366 3274 371 3277 λ
466 3252 796 3334 presbyter,
844 3253 1108 3334 indeque
1160 3272 1270 3316 nec
1319 3255 1394 3317 ad
1446 3272 1512 3318 se
1553 3255 1844 3317 directum
1893 3255 2120 3319 habens

466 3341 579 3403 hoc
611 3342 1025 3423 prapheticum
1058 3343 1297 3419 elegans
1313 3342 1581 3419 verbum,
1616 3344 1677 3405 in
1695 3343 1908 3425 quibus
1936 3344 2121 3407 lucta-

465 3429 640 3492 batur
671 3430 876 3493 multis
906 3431 1327 3495 ecclesiasticis
1356 3432 2116 3515 interrogationibus,aliud

469 3537 540 3581 ex
588 3518 801 3583 eadem
850 3520 1075 3582 cithara
1123 3521 1366 3602 spiritus
1421 3521 1767 3584 vaticinium
1827 3522 2115 3601 suscepit,

460 3608 785 3689 inquiens:
822 3608 974 3672 Ecce
1006 3628 1166 3685 vero,
1198 3611 1341 3691 quid
1377 3612 1689 3692 pulchrum
1734 3618 1838 3673 aut
1880 3612 2109 3693 jucun-

463 3696 604 3758 dum
639 3705 748 3772 est,
775 3716 952 3777 quam
982 3697 1193 3760 fratres
1224 3700 1283 3759 in
1316 3699 1473 3761 idem
1507 3698 1868 3762 consentire!
1899 3699 2114 3772 Quam-

465 3784 687 3869 obrem
709 3785 1212 3864 quemadmodum
1239 3789 1581 3868 psalterium
1610 3788 1871 3869 aliquod,
1898 3789 2114 3851 instru-

463 3868 724 3934 mentum
783 3874 1008 3936 musica
1065 3895 1211 3938 cura
1265 3877 1559 3957 indigens,
1612 3868 1892 3959 scriptam
1930 3880 2113 3941 edens

463 3961 1015 4041 interrogationem,
1073 3982 1203 4026 eam
1251 3976 1467 4027 nostra;
1528 3967 1924 4029 mediocritati
1970 3987 2111 4049 por-

462 4051 635 4125 rexit,
685 4051 1054 4133 rogavitque,
1116 4055 1583 4134 comprehensas
1625 4056 1685 4117 in
1719 4074 1789 4118 ea
1837 4057 2112 4138 proposi-

464 4138 658 4199 tiones
709 4139 1031 4203 canonicas
1063 4149 1121 4203 et
1151 4142 1495 4222 questiones
1526 4145 1587 4204 in
1619 4162 1938 4207 commune
1972 4164 2112 4227 pro-

462 4228 631 4309 ferri,
692 4235 750 4289 et
810 4228 970 4291 hunc
1026 4231 1300 4293 fraternas
1350 4232 1760 4313 responsionis
1809 4237 2115 4312 eleganter

465 4315 692 4379 exarari
722 4317 1089 4380 codicillum.
1144 4318 1439 4402 Scriptum
1471 4322 1753 4401 igitur'ab
1780 4324 1909 4403 ejus
1933 4342 2109 4386 sanc-

465 4406 627 4469 titate
649 4408 1073 4489 compositum,
1114 4409 1241 4472 haec
1271 4410 1597 4491 expressim
1632 4411 2108 4492 comprehendit.

545 4497 611 4560 In
660 4496 904 4559 nomine
950 4498 1163 4571 Patris,
1197 4505 1257 4561 et
1285 4499 1444 4574 Filii,
1496 4508 1554 4561 et
1602 4499 1857 4581 Spiritus
1900 4501 2107 4565 sancti.

462 4583 962 4664 Interrogationes
1019 4586 1094 4649 ad
1154 4605 1301 4669 quas
1358 4588 1711 4670 responderi
1771 4588 2114 4651 desiderant

465 4673 817 4749 Christiani,
871 4675 973 4756 qui
1030 4674 1468 4739 Saracenorum
1519 4677 1849 4760 regionem,
1905 4687 1965 4740 et
2000 4677 2110 4740 sub

462 4781 671 4825 eorum
715 4763 949 4828 ditione
1001 4763 1290 4842 habitant,
1344 4767 1516 4830 factae
1544 4786 1579 4829 a
1608 4769 1804 4831 Marco
1858 4767 2110 4848 patriar-

465 4852 713 4916 charum
745 4854 772 4896 ιι
799 4853 1171 4917 Alexandriae
1200 4855 1473 4937 minimo,
1506 4857 1566 4917 in
1617 4855 1830 4919 diebus
1873 4856 2111 4938 imperii

458 4940 711 5024 piissimi
732 4942 1023 5007 etChristi
1051 4943 1480 5007 studiosissimi
1499 4944 1879 5027 imperatoris
1897 4945 2105 5019 nostri,

461 5030 692 5093 domini
718 5030 926 5095 lsaacii
958 5032 1191 5112 Angeli,
1234 5044 1292 5097 et
1337 5043 1607 5116 tempore
1659 5033 2023 5097 sanctissimi
2052 5043 2113 5098 et

461 5120 811 5184 aecumenici
855 5120 1205 5203 patriarcha
1261 5122 1489 5186 domini
1546 5122 1801 5204 Georgii,
1857 5142 2111 5206 quorum

2205 3077 2605 3157 συλλειτουργὸς
2654 3083 2753 3146 τῆς.¹
2823 3080 2979 3155 ἡμῶν
3048 3079 3420 3158 μετριότητος,
3464 3078 3639 3154 κύριος
3697 3077 3851 3155 Μόρ-

2199 3180 2314 3248 κος,
2363 3168 2545 3247 Πατὴρ
2578 3167 2824 3248 Πατέρων
2875 3169 3152 3249 ὺπάρχων,
3213 3174 3281 3245 τῇ
3336 3168 3519 3248 χάριτι
3561 3172 3659 3223 τοῦ
3690 3171 3844 3239 Θεοῦ,

2199 3258 2296 3314 καὶ
2392 3253 2757 3337 πρεσϐυτέρων
2865 3255 3236 3336 πρεσϐύτερος,
3360 3257 3635 3317 κάντεῦθεν
3709 3251 3847 3330 μηδὲ

2199 3345 2505 3422 ψάλλουσαν
2577 3344 2722 3425 ἔχων
2815 3350 2958 3421 αὒτῷ
3054 3347 3252 3414 ταύτην
3333 3346 3432 3412 τῆν
3510 3342 3845 3425 «pecunth

2198 3434 2583 3510 καλλιὲπειαν,
2610 3433 2691 3516 ἐφ’
2751 3439 2836 3499 οἷς
2908 3436 3301 3515 ἐζυγομαχεττο
3356 3433 3582 3498 πολλοῖς
3645 3431 3849 3499 ἐκκλη-

2200 3537 2495 3587 σιαπικοῖς
2524 3524 2886 3605 ἐρωτήμασιν,
2938 3523 3115 3604 ’ἕτερον
3172 3525 3232 3580 ἐκ
3282 3529 3381 3592 τῆς
3440 3527 3605 3590 αὐτῆς
3634 3522 3843 3601 κινύρας
3872 3551 3906 3567 υ

2193 3620 2284 3669 τοῦ
2313 3614 2606 3689 πνεύματος
2677 3611 2949 3678 ἀνεδέξατο
3031 3611 3400 3695 θεσπιῴδημα,
3458 3611 3613 3691 λέγον
3650 3632 3667 3646 ⁸
3716 3609 3842 3668 Ἰδοὺ

2192 3700 2255 3757 δὲ
2286 3703 2337 3757 τί
2379 3699 2543 3757 καλὸν
2574 3700 2611 3769 ἢ
2651 3702 2701 3757 τί
2728 3703 2948 3780 τερπνόν
3003 3703 3169 3778 ἐστιν,
3229 3700 3349 3759 ἀλλ’
3410 3703 3447 3771 ἢ
3489 3704 3551 3758 τὸ
3607 3722 3845 3780 συμφρο-

2193 3803 2306 3847 νεῖν
2336 3789 2587 3871 ἀδελφοὺς
2633 3789 2717 3846 ἐπὶ
2745 3793 2807 3847 τὸ
2850 3790 3018 3870 αὐτός
3086 3793 3203 3871 Διὸ,
3259 3792 3394 3849 καθά
3460 3814 3512 3847 τι
3556 3789 3843 3868 ψαλτήριον

2194 3878 2412 3958 ὄργανον
2482 3885 2740 3955 μουσικῆς
2833 3878 3135 3955 ἐπιμελείας
3229 3877 3499 3956 δεόμενον,
3571 3878 3843 3954 ἐκθέμενος

2195 3967 2454 4045 ἐρώτησιν
2526 3966 2808 4049 ἔγγραφον,
2903 3968 3189 4049 ἐνεχείρισε
3284 3970 3479 4037 ταύτην
3562 3976 3631 4046 τῇ
3687 3970 3841 4043 ἡμῶν

2196 4058 2500 4137 μετριότητι
2533 4072 2549 4087 ⁸
2611 4059 2698 4114 καὶ
2753 4057 2979 4128 ἐζήτησε
3038 4059 3103 4115 τὰ
3161 4057 3215 4114 ἐν
3302 4059 3439 4135 αὐτῇ
3482 4057 3841 4139 περιεχόμενα

2194 4147 2443 4204 κανονικὰ
2496 4144 2849 4227 προϐλήματα
2903 4149 2992 4204 καὶ
3065 4150 3350 4224 ζητήματα
3403 4147 3698 4215 λαληθῆναι
3757 4146 3839 4201 ἐπὶ

2193 4245 2372 4295 κοινοῦ
2426 4237 2514 4292 καὶ
2583 4233 2867 4317 ἀδελφικῆς
2951 4236 3277 4316 ἀποκρίσεως
3349 4235 3838 4317 καλλιγραφηθῆναι

2194 4330 2348 4381 τοῦτο
2376 4321 2641 4382 κωδίκιον.
2674 4326 2744 4381 Τὸ
2797 4330 2921 4402 γοῦν
2973 4326 3117 4404 παρὰ
3171 4348 3269 4394 της
3328 4326 3626 4405 ἁγιωσύνης
3682 4325 3841 4381 αὐτοῦ

2195 4413 2433 4470 συντεθὲν
2463 4416 2683 4493 γράμμα
2714 4411 3057 4490 διαλαμϐάνει
3098 4425 3260 4475 ταῦτα
3289 4417 3485 4494 ῥητῶς.

2277 4502 2367 4560 Ἐν
2413 4502 2633 4579 ὀνόματι
2675 4509 2769 4560 τοῦ
2813 4505 3040 4585 Πατρὸς,
3095 4506 3183 4562 καὶ
3249 4512 3342 4561 τοῦ
3413 4508 3556 4580 Υἱοῦ,
3613 4504 3700 4561 καὶ
3746 4512 3841 4562 τοῦ

2196 4591 2348 4669 ἁγίου
2406 4592 2733 4667 Πνεύματος.
2800 4591 3153 4671 Ἐρωτήματα
3234 4594 3368 4673 ἅπερ
3436 4594 3723 4674 χρῄζωσιν
3793 4595 3842 4648 ol

2196 4682 2493 4759 Χριστιανοὶ
2522 4682 2569 4736 οἱ
2624 4688 2989 4745 κατοικοῦντες
3044 4680 3098 4738 ἐν
3153 4687 3222 4760 τῇ
3271 4683 3425 4764 χώρᾳ
3479 4688 3587 4740 τῶν
3654 4689 3837 4763 Σαρα-

2192 4774 2396 4846 κηνὼν,
2450 4770 2537 4825 καὶ
2595 4768 2650 4826 ἐν
2701 4783 2823 4835 ταῖς
2889 4769 3143 4836 ἐξουσίαις
3230 4772 3401 4830 αὐτῶν
3433 4788 3447 4803 ⁶
3508 4771 3839 4852 ἐρωτηθέντα

2191 4859 2334 4938 παρὰ
2390 4858 2602 4937 Μάρκου
2657 4857 2748 4914 τοῦ
2815 4857 3100 4939 ἐλαχίστου
3167 4858 3220 4917 ἐν
3300 4875 3420 4926 τοῖς
3475 4861 3780 4940 πατριάρχα
3792 4883 3838 4924 ις

2198 4942 2611 5026 Ἀλεξανδρείας,
2668 4945 2722 5002 ἐν
2778 4946 3002 5026 ἡμέραις
3070 4953 3168 5016 τῆς
3225 4949 3490 5027 βασιλείας
3534 4956 3626 5007 τοῦ
3679 4950 3837 5007 εὗσε-

2193 5034 2450 5093 ϐεστάτου
2522 5038 2608 5094 καὶ
2689 5034 3032 5119 φιλοχρίστου
3127 5038 3387 5115 βασιλέως
3441 5041 3595 5117 ἡμῶν
3662 5041 3839 5119 κυρίου

2195 5127 2462 5187 Ἰσαακίου
2502 5135 2597 5187 τοῦ
2650 5125 2930 5208 Ἀγγέλου,
2985 5130 3074 5188 καὶ
3128 5129 3215 5186 ἐπὶ
3272 5136 3362 5187 τοῦ
3403 5130 3699 5208 ἁγιωτάτου
3746 5132 3838 5188 καὶ

1780 5291 2035 5363 VARle
2076 5295 2513 5365 LECTIONES.

538 5469 602 5522 47
633 5471 880 5534 θανάτου.

536 5577 996 5668 gcogitatiuuis,
1020 5576 1047 5619 ά
1076 5581 1143 5668 hi
1171 5582 1470 5668 etculpae,
1502 5591 1556 5647 ct
1582 5602 1773 5665 pwna’
1794 5587 2042 5651 obnoxii
2062 5596 2270 5653 erunt.
2317 5595 2340 5625 ⁸
2360 5605 2627 5667 ponium.
2652 5603 2821 5668 rquae
2849 5588 3072 5652 vitiosa
3099 5589 3189 5668 ﬁt.
3224 5599 3253 5644 ε
3275 5604 3537 5667 poenam.
3569 5607 3596 5650 ιι
3626 5585 3832 5652 Marco

468 5656 921 5736 Alexandrino,
952 5656 1464 5741 patriarcharum:
