4160 6212
293 285 447 357 i033

1620 289 2341 360 GRECO-ROMANUM.

3511 291 3664 361 1034

285 424 647 500 οἶκουμενικοῦ
706 426 1037 507 πατριάρχου
1131 428 1308 506 κυρίου
1365 429 1644 506 Γεωργίου.
1707 415 1802 482 Ὠν
1871 429 1930 484 τὰ

2019 445 2204 489 annos
2231 435 2442 508 augeat
2469 426 2630 490 Deus
2658 427 2720 489 in
2742 427 2977 492 dierum
3006 429 3668 512 longitudinem.Mense

281 512 376 580 ἔτη
449 514 662 581 αὐξανεϊ
717 517 746 571 6
818 519 949 581 Θεὸς
995 518 1067 581 εἷς
1137 517 1447 597 μακρότητα
1503 518 1738 596 ἡμερῶν.
1798 517 1938 583 Μηνὶ

283 600 620 684 Φεϐρουαρίῳ
669 604 1032 682 ξπινεμήσεως
1126 596 1218 684 ιγ’,
1297 608 1386 662 καὶ
1454 606 1582 662 ἐτῶν
1653 605 1785 681 μετὰ
1836 605 1934 672 τὴν

283 691 549 770 σάρκωσιν
589 701 682 751 τοῦ
741 695 926 768 Κυρίου
995 697 1084 753 καὶ
1155 703 1285 755 Θεοῦ
1341 697 1430 752 καὶ
1499 701 1750 773 Σωτῆρος
1780 696 1934 770 ἡμῶν

282 775 459 846 ’[ησοῦ
501 790 732 863 Χριστοῦ
775 775 944 874 ἀσγ’,

363 867 685 956 Ἐρώτησις.
757 867 817 930 Ᾰὶ
888 876 1006 954 περὶ
1064 875 1130 930 τὰ
1200 875 1336 956 μέρη
1409 879 1506 941 τῆς
1553 871 1936 951 Ἀλεξανδρείας
2004 929 2016 936 ,.

282 959 370 1013 καὶ
424 967 529 1017 τῶν
593 953 970 1041 Ἱεροσολύμων
1038 953 1524 1043 ἀναγινωσκόμεναι
1595 961 1931 1040 λειτουργίαι,

280 1049 372 1102 καὶ
447 1047 730 1128 λεγόμεναι
787 1058 1151 1132 συγγραφῖψαι
1209 1055 1351 1132 παρὰ
1399 1059 1502 1110 τῶν
1559 1051 1723 1131 ἁφίων
1793 1051 1934 1106 ἀπο-

2017 516 2364 592 Februario,
2410 516 2755 579 indictionis
2808 519 2900 597 I3,
2933 521 3075 583 anni
3117 530 3248 602 post
3299 521 3663 584 incarnatio-

2019 624 2160 666 nem
2208 606 2463 681 Domini,
2517 615 2576 668 et
2612 606 2744 688 Dei,
2789 619 2850 671 et
2906 608 3234 675 Servatoris
3291 610 3479 674 nostri
3517 608 3662 674 Jesu

2016 692 2255 771 Christi,
2289 695 2472 761 1203.

2097 875 2286 933 Inter.
2327 879 2382 935 l.
2417 872 2556 945 Quae
2587 873 2648 936 in
2680 874 2947 956 partibus
2978 875 3354 938 Alexandriae
3381 884 3440 939 et
3459 875 3665 939 Hiero-

2016 958 2374 1038 solymorum
2406 961 2683 1039 leguntur
2706 963 2979 1043 liturgiaa,
3007 966 3431 1046 etconscriptaa
3449 965 3666 1029 dicun-

2018 1055 2112 1110 tur
2132 1049 2313 1112 fuisse
2338 1069 2371 1112 a
2393 1053 2614 1113 sanctis
2641 1053 3173 1132 apostolis,Jacobo
3200 1053 3380 1117 fratre
3398 1054 3656 1133 Domini,

283 1134 517 1218 στόλων,
607 1138 842 1197 Ἰακόϐου
922 1147 1015 1197 τοῦ
1115 1139 1445 1221 ἀδελφοθέου,
1530 1143 1618 1197 καὶ
1696 1139 1929 1217 Μάκρου,

283 1221 469 1282 δεκται
498 1229 594 1314 εἶσι
637 1228 703 1305 τῇ
767 1230 888 1307 ἁγίᾳ
945 1232 1032 1286 καὶ
1105 1229 1358 1307 καθολτκῇ
1418 1227 1729 1304 Ἐκκλησίᾳ,
1763 1227 1798 1295 ἢ
1831 1225 1930 1314 οὕς

2017 1227 2308 1303 Ecclesia,
2329 1246 2520 1291 necne
2543 1230 2574 1289 ?

365 1314 493 1375 Ἀπ.
575 1309 630 1376 Ὀ
690 1318 859 1396 μέγας
914 1318 1209 1383 ἀπόστολος
1267 1319 1498 1393 Παῦλος,
1531 1321 1558 1374 6
1614 1321 1717 1373 τῶν
1771 1309 1930 1394 ἁγίων

2095 1316 2229 1378 Res.
2280 1318 2524 1396 Magnus
2567 1319 2870 1398 apostolus
2918 1319 3154 1401 Paulus,
3186 1329 3521 1384 sanctarum
3550 1321 3666 1386 Dei

283 1401 619 1472 Ἐκκλησιῶν
648 1414 741 1463 τοῦ
772 1414 901 1463 Θεοῦ
972 1411 1146 1487 ρήτωρ
1201 1411 1288 1465 καὶ
1357 1407 1691 1470 διδάσκαλος.
1739 1417 1930 1484 Κοριν-

2014 1403 2410 1467 Ecclesiarum
2440 1415 2638 1467 orator
2669 1414 2728 1469 et
2755 1407 2982 1484 doctor,
3016 1408 3090 1469 ad
3120 1409 3460 1472 Corinthios
3503 1411 3660 1472 scri-

281 1493 411 1558 θίοις
470 1495 814 1568 ἐπιστέλλων,
861 1498 1017 1575 φησίν
1051 1517 1065 1532 ⁶
1129 1495 1399 1578 Ἀδελφοὶ,
1449 1494 1744 1576 παρακαλῶ
1799 1496 1930 1569 ὑμᾶς

2017 1491 2187 1567 bens,
2223 1494 2624 1571 aitzFratres,
2664 1495 2912 1558 obsecro
2961 1515 3066 1559 vos
3112 1515 3220 1578 per
3267 1517 3488 1560 nomen
3532 1497 3659 1561 Do-

283 1579 368 1638 διὰ
412 1595 503 1643 τοῦ
559 1585 816 1660 ὀνόματος
869 1593 962 1642 τοῦ
1009 1587 1194 1665 Κυρίου
1243 1589 1398 1662 ἡμῶν
1452 1586 1627 1652 Ἰησου
1684 1590 1930 1663 Χριστοῦ,

2019 1582 2165 1643 mini
2194 1583 2380 1644 nostri
2411 1585 2550 1647 Jesu
2577 1585 2819 1662 Christi,
2854 1594 2918 1648 ut
2955 1586 3113 1649 idem
3166 1588 3380 1651 dicatis
3423 1606 3655 1671 omnes,

281 1669 377 1727 ’ἕνα
420 1674 480 1728 τὸ
509 1673 636 1728 αὐτὸ
673 1672 865 1750 λέγητε
921 1676 1134 1750 πάντες,
1210 1677 1297 1731 καὶ
1352 1675 1495 1751 μὴῇ
1548 1675 1601 1731 ἐν
1645 1675 1772 1749 ὑμῖν
1802 1675 1930 1752 σχί-

2018 1688 2128 1732 nec
2167 1672 2284 1732 sint
2330 1673 2391 1734 in
2439 1672 2606 1735 vobis
2656 1674 2902 1737 dissidia
2935 1695 2950 1736 :
2983 1675 3112 1737 sitis
3161 1685 3357 1738 autem
3407 1669 3658 1759 compoé

748 1731 758 1750 .
794 1731 804 1741 .
1099 1731 1134 1750 .,
1352 1731 1363 1751 ,
1418 1731 1430 1742 .
1470 1731 1495 1750 ,.
1677 1731 1688 1749 ,
1839 1731 1876 1752 μ,

279 1781 468 1834 σματα
506 1781 518 1794 ·
581 1761 674 1837 ᾗτε
758 1761 812 1818 δὲ
862 1765 1270 1843 κατηρτισμένοι
1300 1764 1354 1820 ἐν
1408 1771 1485 1839 τῷ
1530 1766 1670 1838 αὐτῷ
1696 1765 1808 1835 νοῖ,
1841 1763 1926 1818 καὶ

2014 1759 2148 1819 sitii
2179 1763 2385 1823 eadem
2417 1770 2639 1844 mente,
2666 1765 2995 1845 eademque
3024 1765 3348 1826 voluntate.
3392 1731 3669 1829 Dicimus

279 1847 332 1905 ἐν
360 1854 427 1911 τῆ
459 1853 590 1928 αὖτῇ
621 1853 833 1930 γνώμη,
907 1853 1088 1928 Φαμὲν
1133 1857 1325 1928 τοίνυν,
1371 1855 1443 1918 ὡς
1499 1853 1613 1909 οὔτε
1645 1852 1749 1908 ἀπὸ
1787 1853 1926 1914 θείας

2014 1846 2210 1926 igitur,
2271 1869 2381 1912 nos
2439 1870 2633 1932 neque
2678 1871 2713 1914 a
2769 1872 2935 1915 sacra
2996 1852 3323 1934 Scriptura,
3385 1871 3579 1936 neque
3626 1874 3662 1917 a

284 1939 518 2019 Γραφῆς,
551 1939 667 1997 οὔτε
735 1943 840 1998 ἀπὸ
912 1945 1132 2007 κανόνος
1194 1942 1584 2020 ἐκφωνηθέντος
1645 1937 1923 2004 συνοδικῶς

2014 1955 2236 1999 canone
2292 1940 2573 2018 synodice
2632 1941 2816 2022 edito,
2881 1943 3124 2004 edoctos
3182 1943 3368 2004 fuisse
3421 1961 3657 2005 sacrum

281 2025 720 2109 ἀνεδιδάχθημεν,
780 2030 1158 2111 ἱεροτελεστίαν
1201 2033 1301 2088 ὑπὸ
1343 2039 1434 2086 τοῦ
1478 2031 1626 2111 ἁγίου
1695 2029 1921 2086 ἀποστό-

2014 2026 2402 2090 ministerium
2432 2026 2445 2079 i
2475 2029 2593 2094 aS.
2643 2031 2909 2111 apostolo
2956 2034 3157 2094 Marco
3209 2032 3512 2096 traditum.
3542 2035 3660 2094 So-

2017 1146 2074 1198 et
2116 1141 2338 1214 Marco,
2381 1140 2744 1220 recipiendae
2789 1150 2926 1204 sunt
2952 1161 2988 1204 a
3019 1151 3223 1206 sancta
3267 1152 3326 1206 et
3373 1144 3664 1206 catholica

279 2112 374 2174 λου
417 2120 630 2198 Μάρκου
667 2110 1024 2200 παραδοθῆναι
1062 2141 1076 2158 ·
1114 2121 1273 2196 μόνος
1318 2118 1371 2176 δὲ
1417 2123 1444 2176 6
1474 2110 1562 2196 λβ’
1612 2119 1787 2176 κανὼν
1828 2119 1927 2184 τῆς

279 2210 333 2268 ἐν
394 2217 470 2285 τῷ
526 2208 771 2288 Τρούλλῳ
837 2217 931 2266 του
1036 2208 1268 2288 μεγάλου
1347 2208 1602 2267 παλατίου
1665 2209 1928 2274 συστάσης

286 2301 438 2379 ἁγίας
499 2301 585 2356 καὶ
662 2301 1030 2375 οἰκουμενικῆς
1109 2297 1342 2375 συνόδου,
1428 2299 1585 2378 φησὶν
1683 2299 1783 2353 ὑπὸ
1837 2296 1928 2353 τοῦ

276 2390 425 2468 ἁγίου
495 2380 744 2446 Ἰακώϐου
790 2397 883 2445 τοῦ
939 2387 1250 2468 ἀδελφοθὲου
1330 2387 1594 2462 μυστικὴν
1640 2387 1926 2466 ἱερουργίαν

281 2466 618 2544 συντεθῆναι.
653 2469 709 2534 Ὀ
742 2478 922 2553 μέντοι
963 2466 1053 2533 πε’
1112 2477 1285 2554 κανὼν
1328 2481 1434 2532 τῶν
1478 2477 1640 2554 ἁγίων
1671 2477 1760 2531 καὶ
1785 2497 1924 2530 παν-

280 2569 537 2646 ευφήμων
595 2566 930 2645 ἀποστόλων,
987 2568 1075 2622 καὶ
1131 2568 1159 2621 6
1210 2553 1288 2621 νϐ’
1341 2553 1535 2620 κανὼν
1570 2565 1664 2632 τῆς
1696 2564 1748 2622 ἐν
1779 2570 1926 2619 Λαο-

283 2653 455 2728 δικείᾳ
512 2655 743 2729 συνόδου,
807 2656 1252 2734 ἀπαριθμούμενοι
1330 2655 1394 2710 τὰ
1476 2652 1748 2733 ὀφείλοντα
1800 2650 1925 2732 παρ’

282 2747 423 2820 ἡμῖν
488 2745 850 2803 πολιτεύεσθαι
918 2743 1092 2821 βιϐλία
1165 2749 1263 2811 τῆς
1362 2742 1598 2808 Παλαιᾶς
1658 2745 1927 2813 Διαθήκης

275 2835 363 2889 καὶ
420 2840 519 2902 τῆς
608 2841 830 2910 Καινῆς,
903 2836 990 2891 καὶ
1067 2835 1198 2890 αὐτὰ
1268 2831 1332 2900 δὴ
1445 2835 1510 2892 τὰ
1578 2832 1921 2907 ἀποστολικὰ,

2017 2113 2108 2176 lus
2139 2117 2299 2177 enim
2343 2121 2420 2179 3'2
2459 2138 2650 2181 canon
2691 2128 2911 2183 sanctae
2939 2129 2999 2183 et
3025 2121 3410 2183 mcumenicae
3447 2120 3659 2202 synodi

2015 2213 2228 2266 coacta:
2257 2206 2317 2267 in
2349 2206 2549 2269 Trullo
2575 2210 2772 2288 magni
2805 2210 3124 2292 palatii,ait
3151 2228 3185 2272 a
3216 2209 3279 2273 S.
3309 2209 3528 2273 Jacobo
3551 2209 3662 2272 Dei

2008 2294 2191 2354 lratre
2236 2296 2543 2374 mysticum
2606 2298 2967 2360 sacriﬁcium
3015 2299 3198 2361 fuisse
3241 2299 3658 2379 compositum.

2007 2381 2280 2443 Attamen
2311 2385 2390 2445 85
2417 2404 2607 2446 canon
2635 2395 2974 2449 sanctorum
3008 2395 3065 2449 et
3091 2388 3254 2449 omni
3285 2386 3458 2448 laude
3490 2387 3655 2450 cele-

2010 2469 2205 2531 brium
2277 2473 2720 2554 Apostolorum,
2789 2485 2847 2538 et
2922 2477 2999 2539 59
3060 2495 3249 2538 canon
3305 2474 3658 2540 Laodicenis

2010 2559 2238 2638 synodi,
2265 2572 2680 2626 enumerantes
2725 2564 2960 2628 Veteris
3005 2565 3370 2628 Testamenti
3400 2572 3458 2627 et
3485 2563 3654 2642 Novi,

2008 2647 2285 2729 ipsosque
2314 2653 2667 2731 apostolicos
2697 2653 2902 2730 libros,
2937 2655 3038 2735 qui
3066 2655 3126 2715 in
3159 2673 3269 2716 usu
3320 2653 3494 2716 nobis
3523 2669 3658 2717 esse

2009 2735 2250 2814 debent,
2284 2741 2506 2802 nullam
2539 2743 2820 2805 sacriﬁcii
2911 2742 3327 2805 sanctiJacobi
3347 2743 3440 2804 vel
3465 2743 3657 2805 san'cti

2007 2827 2190 2888 Marci
2218 2831 2578 2892 mentionem
2611 2834 2851 2894 faciunt.
2885 2832 3092 2914 Neque
3142 2832 3320 2894 etiam
3363 2832 3658 2894 catholica

274 2924 561 3002 ἱερουργίας
619 2934 712 2983 τοῦ
767 2905 914 3002 ἁγίου
966 2920 1217 2980 Ἰακώϐου
1270 2922 1306 2990 ἢ
1363 2929 1454 2978 τοῦ
1511 2924 1659 3000 ἁγίου
1713 2905 1925 3001 Μάρκου

2014 2916 2369 2979 sanctissimi
2401 2927 2460 2980 et
2489 2921 2842 2984 oecumenici
2869 2905 3070 2983 thro-ni
3112 2921 3657 3001 Constantinopolis

276 3013 458 3088 μνείαν
519 3011 656 3078 ὅλως
727 3016 785 3070 οῦ
839 3020 1132 3072 ποιοῦνται.
1219 3009 1382 3069 Ἀλλὰ
1433 3013 1519 3068 καὶ
1575 3015 1610 3081 ἡ
1666 3011 1921 3079 καθολικὴ

279 3101 575 3169 Ἐκκλησία
631 3110 724 3161 τοῦ
780 3104 1070 3182 ἀγιωτάτου
1150 3104 1237 3158 καὶ
1318 3104 1678 3178 οἰκουμενικοῦ
1741 3102 1921 3182 θρόνου

274 3195 374 3257 τῆς
434 3191 1036 3256 Κωνσταντινουπόλεως
1133 3189 1239 3248 οὐδ’
1297 3189 1434 3254 ὅλως
1489 3192 1681 3256 ταύτας
1738 3191 1918 3269 ἐπιγι-

273 3281 492 3342 νώσκει.
527 3282 875 3361 Ψηφιζόμεθα
905 3282 992 3339 οὖν
1048 3283 1125 3356 μὴ
1156 3281 1297 3336 εἶναι
1349 3279 1533 3344 δεκτὰς
1591 3281 1767 3346 αὐτάς,
1812 3279 1917 3338 Κᾶν

278 3371 381 3448 γὰρ
413 3370 678 3448 ἐγένοντο.
748 3369 1032 3434 παντελοῖς
1109 3369 1361 3448 ἀπραξίας
1431 3371 1918 3450 κατεψηφίσθησαν,

275 3459 348 3520 ὡς
405 3460 492 3513 καὶ
548 3455 682 3514 ἄλλα
731 3457 923 3518 πολλά.
987 3459 1085 3515 Καὶ
1139 3454 1299 3523 δῆλόν
1366 3456 1504 3513 ἐστιν
1533 3459 1637 3515 ἀπὸ
1680 3461 1770 3514 τοῦ
1837 3463 1924 3512 πε⁶

2005 3003 2272 3068 Ecclesia
2295 3008 2411 3069 ullo
2438 3010 2612 3071 modo
2639 3029 2738 3072 eas
2776 3011 3041 3089 liturgias
3057 3010 3347 3089 agnoscit.
3374 3012 3655 3072 Pronun—

2005 3092 2217 3156 tiamus
2248 3096 2446 3178 igitur,
2479 3117 2599 3159 non
2627 3118 2759 3162 esse
2781 3101 2885 3161 has
2907 3099 3306 3181 recipiendas.
3329 3097 3401 3160 Et
3421 3097 3471 3158 si
3493 3099 3651 3160 enim

2003 3181 2172 3243 abiis
2202 3185 2368 3246 factae
2417 3187 2556 3263 sint,
2601 3188 2672 3248 ab
2725 3189 2886 3249 omni
2935 3207 3048 3250 usu
3087 3206 3299 3250 vacare
3343 3187 3649 3265 jubentur,

2004 3279 2064 3332 ut
2093 3280 2152 3332 et
2181 3273 2294 3334 alia
2319 3275 2523 3336 multa.
2573 3275 2758 3356 quue
2810 3277 3184 3338 manifestum
3221 3285 3309 3336 est
3339 3293 3410 3336 ex
3439 3276 3516 3336 85
3547 3293 3650 3337 ca-

2004 3380 2161 3423 none
2188 3373 2526 3425 sanctorum
2558 3373 2617 3425 et
2646 3367 3098 3428 benedictorum
3129 3365 3555 3446 apostolorum,
3599 3372 3659 3426 et

2005 3454 2043 3509 2
2072 3469 2298 3513 canone
2329 3463 2546 3514 sanctae
2589 3463 2647 3516 et
2677 3454 3062 3516 oecumenicae
3108 3453 3316 3534 synodi
3364 3452 3427 3513 in
3451 3453 3652 3514 Trullo

2010 3540 2206 3618 magni
2255 3542 2453 3620 palatii
2509 3550 2727 3604 coactae
2773 3561 2786 3604 :
2845 3544 2994 3604 alter
3051 3543 3235 3616 enim,
3295 3539 3655 3621 apostolicus

2013 3628 2328 3706 videlicet,
2380 3631 2593 3693 definit
2645 3632 2793 3694 duas
2851 3630 3174 3695 Clementis
3235 3629 3535 3710 epistolas,
3599 3636 3694 3692 et-

273 3547 496 3610 κανόνος
541 3554 647 3603 τῶν
707 3548 867 3626 ἁγίων
903 3548 989 3603 καὶ
1044 3548 1402 3625 πανευφήμων
1447 3546 1778 3623 ἀποστόλων,
1838 3556 1926 3609 καὶ

271 3643 366 3690 τοῦ
444 3625 498 3711 β’
553 3625 772 3700 κανόνος
828 3637 924 3702 τῆς
979 3635 1030 3691 ἐν
1083 3642 1161 3709 τῷ
1226 3634 1474 3714 Τρούλλῳ
1524 3647 1618 3696 τοῦ
1697 3633 1928 3714 μεγάλου

273 3723 531 3780 παλατίου
588 3726 851 3792 συστάσης
904 3726 1053 3802 ἁγίας
1105 3725 1194 3780 καὶ
1277 3726 1642 3800 οἶκουμενικῆς
1693 3722 1925 3791 συνόδου⁸

2014 3717 2430 3798 dispositiones
2465 3725 2480 3765 1
2512 3728 2643 3781 octo
2687 3720 2975 3782 librorum
3023 3722 3175 3801 ejus,
3223 3719 3339 3798 legi
3385 3719 3651 3799 quidem,

287 3805 344 3871 t0
375 3814 472 3890 μὲν
538 3814 660 3894 γὰρ,
723 3817 750 3870 6
808 3813 1157 3876 ἀποστολικὸς
1214 3811 1444 3889 δηλαδή,
1506 3813 1779 3894 διορίζεται
1835 3814 1929 3876 τὰς

2014 3824 2210 3867 verum
2245 3827 2363 3869 non
2394 3808 2672 3888 evulgari,
2716 3809 2790 3871 ob
2842 3827 3059 3871 arcana
3105 3826 3237 3890 quae
3283 3809 3348 3868 in
3393 3807 3467 3869 iis
3516 3816 3656 3870 sunt

289 3904 382 3960 τοῦ
426 3903 732 3979 Κλήμεντος
777 3900 864 3960 δύο
893 3902 1193 3973 ἐπιστολὰς,
1253 3904 1341 3959 καὶ
1395 3905 1489 3969 τὰς
1544 3901 1794 3982 διαταγὰς
1826 3905 1928 3958 τῶν

2014 3897 2355 3959 recondita:
2383 3899 2530 3959 alter
2559 3908 2755 3960 autem
2785 3902 2909 3959 vult
2941 3917 3040 3960 eas
3082 3915 3278 3978 neque
3319 3895 3459 3975 legi,
3507 3915 3652 3976 pro-

277 3993 422 4048 ὀκτὼ
450 3991 664 4070 βιϐλίων
716 3992 874 4051 αὐτοῦ
928 3992 1368 4071 ἀναγινώσκεσθαι
1425 3992 1542 4066 μὲν.
1620 3993 1697 4068 μὴ
1753 3990 1922 4066 δημο-

2014 3993 2209 4064 pterea
2238 3988 2392 4066 quod
2419 3987 2493 4048 iis
2512 3989 2716 4069 spuria
2745 3989 3015 4070 quaedam
3072 3989 3256 4048 multa
3288 3995 3349 4047 et
3370 4005 3405 4048 a
3434 3985 3653 4066 pietate

289 4083 519 4138 σιεῦσθαι
550 4079 626 4156 δὲ,
659 4078 743 4136 διὰ
796 4082 863 4136 τὰ
918 4079 971 4136 ἐν
1024 4083 1210 4145 αὐταῖς
1255 4081 1523 4154 μυστικά*
1570 4083 1598 4136 6
1659 4079 1713 4135 δὲ
1786 4079 1922 4142 θέλει

2014 4074 2200 4135 aliena
2247 4078 2598 4158 interposita
2638 4077 2757 4139 sint
2785 4080 2858 4141 ab
2889 4077 3209 4140 haereticis.
3257 4074 3652 4148 Quamobrem

283 4172 475 4234 ταύτας
547 4169 680 4247 μηδὲ
736 4171 1207 4251 ἀναγινώσκεσθαι,
1280 4169 1364 4225 διὰ
1431 4172 1493 4226 τὸ
1547 4173 1922 4249 παρεντεθῆναι

2014 4183 2214 4225 omnes
2241 4165 2375 4229 Ecc.
2496 4188 2540 4228 θ
2574 4170 2682 4229 Dei
2727 4168 2897 4248 sequi
2942 4168 3166 4230 debent
3212 4183 3439 4226 morem
3489 4182 3655 4226 novae

279 4260 474 4323 αὐταῖς
530 4233 636 4338 παρ
664 4261 698 4315 ὰ
729 4233 1036 4340 ἐτερδδόξων
1102 4233 1277 4316 πολλά
1330 4280 1447 4316 τινα
1505 4233 1650 4334 νόθαι,
1710 4258 1921 4324 καὶτῆς

2014 4253 2230 4334 Romae,
2285 4255 2565 4317 nimirum
2607 4233 3170 4338 Constantinopolis,
3205 4265 3263 4316 et
3291 4272 3460 4315 sacra
3490 4254 3655 4316 cele-

272 4346 533 4412 εὐσεϐείας
576 4348 849 4428 ἀλλότρια.
887 4351 985 4405 Διὰ
1025 4371 1105 4404 τοι
1148 4355 1301 4404 τοῦτο
1358 4349 1444 4402 καὶ
1472 4347 1732 4426 ὀφείλουσι
1761 4354 1926 4409 πᾶσαι

2014 4341 2182 4402 brare
2219 4343 2386 4422 juxta
2433 4345 2778 4407 traditiones
2836 4363 3180 4424 magnorum
3230 4343 3540 4403 doctorum
3598 4349 3660 4402 et

273 4441 326 4495 αἱ
369 4438 660 4505 Εκκλησίαι
703 4445 795 4494 τοῦ
840 4445 969 4495 Θεοῦ
1025 4436 1329 4492 ἀκολουθεῖν
1398 4443 1475 4510 τῷ
1531 4435 1632 4492 ἔθει
1676 4441 1773 4503 τῆς
1804 4436 1924 4499 νέας

2014 4431 2388 4493 luminarium
2437 4434 2696 4513 pietatis,
2757 4435 2944 4496 sancti
2990 4432 3236 4494 Joannis
3277 4429 3651 4509 besostomi

279 4517 515 4602 ιΡώμης,
543 4525 661 4594 ἤτοι
687 4532 785 4594 τῆς
840 4523 1441 4588 Κωνσταντινουπόλεως
1476 4542 1488 4554 ·
1565 4527 1652 4582 καὶ
1718 4529 1921 4605 ἱερουρ-

2014 4528 2066 4580 et
2093 4523 2282 4582 sancti
2330 4524 2551 4587 Basilii.
2599 4525 2702 4585 Ait
2739 4523 2898 4584 enim
2930 4524 3000 4584 41
3038 4527 3236 4600 caput,
3271 4537 3291 4579 ι
3324 4519 3410 4580 tit.
3453 4519 3492 4575 2
3545 4517 3652 4578 lib.

277 4616 404 4694 γεῖν
436 4617 572 4672 κατὰ
612 4618 705 4680 τὰς
747 4615 1058 4697 παραδόσεις
1116 4617 1221 4671 τῶν
1290 4614 1538 4693 μεγάλων
1596 4612 1918 4670 διδασκάλων

2014 4610 2331 4673 Basilicon:
2363 4610 2449 4672 De
2481 4612 2694 4692 quibus
2717 4616 2937 4692 scripta
2962 4611 3058 4672 lex
3083 4629 3203 4671 non
3234 4616 3345 4688 est,
3385 4622 3644 4682 morem,

273 4706 362 4761 καὶ
418 4708 709 4786 φωστήρων
776 4709 875 4773 τῆς
934 4703 1216 4780 εὐσεϐείας,
1299 4712 1390 4760 τοῦ
1477 4705 1625 4782 ἁγίου
1673 4701 1917 4762 Ἰωάννου

2014 4718 2115 4778 quo
2145 4699 2332 4786 _Roma
2355 4701 2561 4778 utitur,
2593 4702 2818 4786 servari
2847 4707 3102 4781 oportet.

271 4800 366 4850 τοῦ
409 4779 780 4874 Χρυσοστόμου
824 4797 911 4853 καὶ
959 4801 1051 4852 τοῦ
1106 4779 1254 4874 ἁγίυυ
1305 4793 1600 4856 Βασιλείου,
1654 4796 1796 4861 Φησὶ
1828 4791 2015 4872 γὰρτὸ
2060 4781 2154 4864 μα’
2209 4790 2491 4871 κεφάλαιον
2533 4801 2624 4850 τοῦ
2678 4783 2732 4874 α’
2798 4792 2974 4848 τίτλου
3029 4796 3120 4846 τοῦ
3175 4779 3228 4866 β’
3282 4785 3484 4865 βίϐλιου
3544 4791 3652 4841 τῶν

277 4872 574 4940 Βασιλικῶν
608 4900 622 4914 '
658 4885 782 4963 Περὶ
811 4886 883 4940 ὧν
914 4872 1170 4962 ἔγγραφος
1202 4886 1261 4941 οὗ
1289 4895 1464 4939 κεῖται
1506 4883 1693 4959 νόμος,
1725 4879 2146 4962 παραφυλάττειν
2175 4878 2257 4936 δεῖ
2285 4883 2347 4935 τὸ
2377 4879 2514 4951 ἔθος,
2547 4885 2591 4954 ᾧ
2620 4883 2652 4948 ἡ
2689 4872 2869 4957 Ῥώμη
2899 4881 3184 4960 κέχρηται,

355 4967 647 5051 Ἐρώτησις
727 4961 801 5049 β’.
902 4961 1098 5048 Βιβλία
1146 4971 1365 5052 διάφορα
1451 4972 1774 5050 εὑρίσκονται
1847 4972 1918 5032 εἰς

2083 4966 2273 5028 Inter.
2326 4968 2386 5029 2.
2442 4967 2605 5028 Varii
2644 4969 3024 5048 reperiuntur
3064 4967 3225 5047 libri,
3278 4966 3339 5026 in
3386 4963 3651 5026 orienta-

273 5051 369 5113 τὰς
440 5051 757 5115 ἀνατολικὰς
825 5053 912 5108 καὶ
981 5054 1177 5116 νοτίους
1248 5051 1440 5132 χώρας
1479 5071 1491 5085 ⁶
1549 5053 1636 5108 καὶ
1695 5054 1762 5107 τὰ
1824 5053 1921 5127 μὲν

2014 5055 2160 5116 libus
2193 5065 2250 5118 et
2282 5056 2771 5118 meridionalibus
2800 5056 3185 5137 regionibus:
3214 5063 3273 5116 et
3301 5053 3402 5115 alii
3448 5052 3648 5114 nomi-

274 5141 622 5214 ὀνομάζονται
683 5138 1019 5197 Διδασκαλίαι
1074 5147 1178 5196 τῶν
1262 5142 1421 5218 ἁγίων
1481 5140 1814 5214 ἀποστόλων,
1859 5141 1923 5196 τα

2014 5155 2227 5208 nantur
2277 5147 2574 5226 Praecepta
2621 5153 2957 5206 sanctorum
3003 5143 3404 5226 apostolorum
3468 5158 3482 5204 :
3526 5139 3648 5218 alii,

274 5227 355 5303 δὲ,
388 5222 624 5308 Ὀράσεις
653 5236 742 5287 τοῦ
789 5231 936 5309 ἁγίου
1007 5231 1234 5291 Παύλου.
1308 5229 1525 5307 Ἐρωτῶ
1581 5231 1669 5286 οὖν
1700 5233 1742 5286 εἷ
1773 5232 1922 5311 ὀφεί-

2014 5233 2282 5296 Visiones
2307 5222 2495 5296 sancti
2532 5233 2713 5296 Pauli.
2742 5232 2953 5304 Quaero
2983 5222 3060 5296 an
3092 5235 3154 5295 hi
3207 5231 3377 5294 nobis
3409 5228 3652 5308 legendi

2007 5321 2126 5382 sint
2143 5322 2174 5382 ?

1608 5450 1867 5516 VARUE
1896 5456 2332 5525 LECTIONES.

355 5564 368 5606 ί
409 5565 830 5645 conglutinati.
910 5563 927 5616 ἱ
970 5579 1212 5626 sacram
1239 5564 1683 5626 caeremoniam.
1768 5563 1796 5606 κ
1822 5581 2015 5630 sacrm
2042 5571 2416 5631 carimoniac.

834 5691 1094 5760 PATROL.
1131 5697 1243 5760 Gn.
1277 5695 1487 5759 CXIX.

276 5316 440 5394 λομεν
471 5318 851 5398 ἀναγινώσκειν
879 5319 1010 5377 αὐτὰ
1034 5338 1050 5398 ;

2505 5567 2516 5608 ι
2555 5567 3016 5648 ρι’ωοερῑιῐοηεε.

3175 5695 3250 5762 33
