4160 6212
521 246 674 332 1035

513 475 685 536 Iesus
715 471 980 538 Christus
1009 475 1070 535 in
1100 474 1434 554 Evangeliis
1462 476 1858 554 dicat,Videte
1888 495 1961 538 ue
1983 474 2146 537 deci-

515 563 801 643 piamini:
836 563 1003 624 multi
1035 564 1191 625 enim
1215 566 1455 627 venient
1485 566 1546 628 in
1588 566 1829 629 nomine
1870 584 2022 639 meo,
2059 563 2151 625 di-

516 659 739 726 centes,
773 651 916 725 Quia
952 671 1061 731 ego
1093 671 1246 728 sum,
1282 663 1340 715 et
1371 663 1601 735 tempus
1632 652 2147 736 appropinquavit:

515 740 968 820 pronuntiamus
1011 748 1069 802 et
1106 760 1234 815 nos,
1281 744 1388 804 Dei
1431 745 1761 805 Ecclesiam
1813 762 1990 805 nosse
2021 747 2068 778 m
2097 750 2155 803 et

515 829 786 890 conﬁteri
816 829 1141 909 apostolica
1187 840 1504 913 praecepta,
1559 840 1617 894 et
1660 834 1940 906 visiones,
1975 840 2033 893 et
2065 830 2158 891 di—

513 916 766 996 sciplina
794 931 827 962 ιι
846 917 1160 999 librorum,
1182 939 1312 1000 quae
1342 921 1419 982 85
1452 922 1777 1001 apostolico
1811 940 2038 982 canone
2060 919 2160 980 de-

515 1007 903 1079 clarantur,et
926 1007 1033 1070 Dei
1055 1027 1397 1088 praeconum
1425 1029 1600 1072 voces
1620 1010 1694 1071 iis
1724 1029 1856 1072 esse
1878 1010 2154 1070 creditas.

515 1099 738 1157 Praeter
767 1096 877 1157 hos
905 1096 1086 1157 alium
1120 1099 1346 1158 nullum
1381 1100 1539 1159 novit
1569 1099 1957 1180 apostolicum
1989 1104 2156 1158 com-'-

515 1185 868 1247 mentarium
895 1197 947 1246 ο.
980 1184 1424 1249 Observandum
1454 1189 1657 1267 igitur,
1679 1197 1741 1248 ut
1761 1187 1833 1249 ab
1867 1187 2158 1248 hareticis

518 1273 656 1335 ﬁcta
683 1291 1026 1334 aversemur
1056 1273 1388 1336 mendacia.
1428 1275 1742 1336 Absinthio
1788 1274 1945 1335 enim
1992 1292 2151 1334 ama-

512 1361 694 1436 riora,
731 1361 868 1423 licet
901 1379 1008 1441 per
1037 1363 1346 1424 nominum
1377 1372 1715 1424 sanctorum
1754 1361 2152 1443 apostolorum

512 1450 965 1532 inscriptionem
993 1453 1277 1514 mellitam
1307 1452 1570 1514 referant
1601 1453 1954 1532 placentam.

595 1627 792 1692 Inter.
826 1628 885 1689 3.
940 1629 1250 1708 Sexaginta
1282 1630 1666 1692 Basilicarum
1701 1629 1889 1710 capita
1922 1630 1992 1690 ad
2045 1647 2156 1689 no-

1882 257 1916 318 J
1922 255 2014 317 US
2055 251 2504 317 CANONICUM

597 383 732 447 Res.
768 382 914 446 Cum
943 383 1232 447 Dominus
1263 390 1322 446 et
1346 386 1508 449 Deus
1545 394 1604 448 et
1653 386 1928 450 Servator
1958 391 2159 448 uoster
2177 411 2220 461 Α

3729 239 3880 310 1036

2323 381 2447 445 Ἀπτ.
2512 389 2613 441 Τοῦ
2675 384 2860 458 Κυρίου
2911 383 2999 441 καὶ
3056 389 3187 440 Θεοῦ
3259 383 3346 440 καὶ
3413 386 3661 461 Σωτῆρος
3725 380 3884 453 ἡμῶν

2244 470 2416 540 Ἰησοῦ
2446 479 2669 551 Χριστοῦ
2697 472 2751 528 ἐν
2809 472 3142 552 Εὖαγγελίοις
3173 473 3408 536 εἰπόντος
3443 488 3459 502 ⁸
3519 469 3746 528 Βλέπετε
3806 465 3886 540 μὴ

2243 559 2547 628 πλανηθῆτε
2596 576 2610 590 ⁸
2673 559 2860 618 πολλοὶ
2907 563 3006 639 γὰρ
3061 559 3361 617 ἐλεύσονται
3414 559 3499 615 ἐπὶ
3539 565 3616 631 τῷ
3664 553 3888 629 ὀνόματί

2243 672 2367 725 μου,
2413 647 2681 730 λέγοντες,
2733 640 2860 707 ΗΟτι
2887 649 2993 727 ἐγώ
3020 654 3148 729 εἰμι,
3200 651 3285 705 καὶ
3346 651 3375 704 ὸ
3417 649 3594 724 καιρὸς
3637 645 3832 723 ἧγγικε
3869 656 3882 668 ⁸

2244 739 2578 818 ψηφιζόμεθα
2606 740 2695 794 καὶ
2740 741 2923 815 ἡμεῖς,
2983 737 3062 793 ὅτι
3118 736 3472 800 ἀποπολικᾶς
3516 731 3883 805 διδασκαλίας,

2242 828 2327 882 καὶ
2371 829 2599 906 ὁράσεις,
2672 827 2765 884 καί
2810 825 3025 892 διδάξεις
3109 836 3202 886 τοῦ
3285 833 3417 882 Θεου
3472 823 3763 890 Ἐκκλησία
3793 842 3885 898 γι-

2242 919 2430 974 νώσκει
2459 921 2546 975 καὶ
2575 917 2832 998 ὁμολογεῖ
2871 920 2936 974 τὰ
2967 917 3021 973 ἐν
3063 923 3141 991 τῷ
3170 907 3258 974 πε’
3312 915 3647 988 ἀποστολικῷ
3704 913 3888 969 κανόνι

2240 1005 2538 1081 δηλούμενα
2594 1005 2791 1087 βιϐλία,
2855 1009 2944 1063 καὶ
2985 1007 3336 1082 πιστευόμενα
3391 1006 3532 1062 εἶναι
3614 1010 3722 1059 τῶν
3763 1003 3889 1056 θεο-

2239 1097 2482 1174 κηρύκων
2515 1097 2688 1176 φωνάς
2723 1139 2737 1154 .
2812 1095 2985 1174 ἕτερον
3029 1093 3084 1152 δέ
3139 1117 3189 1151 τι
3236 1095 3379 1174 παρὰ
3430 1095 3592 1150 ταῦτα
3621 1094 3716 1148 οὒκ
3743 1087 3891 1146 οἶδεν

2239 1183 2590 1241 ἂποστολικὸν
2645 1186 2984 1264 σύγγραμμα.
3073 1182 3482 1262 Παρατηρητέον
3566 1181 3660 1238 οὗκ
3744 1177 3886 1234 ἁπο-

2239 1273 2542 1352 στρὲφεσθαι
2611 1275 2678 1330 τὰ
2761 1272 3108 1350 πεπλασμένα
3203 1274 3344 1351 παρὰ
3437 1277 3544 1328 τῶν
3614 1270 3889 1346 αἱρετικῶν

2239 1359 2629 1440 σχεδιάσματα.
2717 1359 2985 1436 Ἀψινθίου
3069 1363 3168 1440 γὰρ
3225 1361 3508 1440 πικρότερὰ
3591 1361 3712 1431 εἱσι,
3792 1353 3888 1410 κᾶν

2240 1449 2582 1526 μελιτοῦτταν
2638 1449 2721 1506 διὰ
2790 1455 2887 1517 τῆς
2961 1451 3256 1529 ἐπιγραφῆς
3302 1455 3408 1505 τῶν
3468 1448 3744 1524 ὀνομάτων
3788 1445 3892 1499 τὼν

2241 1539 2402 1616 ἁγίων
2433 1537 2744 1596 ἀποστόλων
2772 1539 3172 1617 ὑποκρίνωνται.

2326 1626 2617 1705 Ἐρώτησις
2673 1617 2748 1706 γ’,
2812 1629 2887 1684 Τὰ
2947 1627 3201 1697 ἐξήκοντα
3257 1625 3517 1705 κεφάλαια
3570 1631 3672 1680 τῶν
3719 1630 3891 1678 Βασι-

516 1725 666 1779 stras
696 1717 971 1797 regiones
992 1738 1110 1780 non
1142 1728 1536 1798 pervenerunt
1561 1738 1573 1781 :
1603 1719 1856 1799 ideoque
1878 1727 2156 1799 quantum

2246 1715 2408 1773 λικῶν
2451 1717 2510 1772 οὗ
2539 1714 2840 1782 διεδόθησαν
2892 1719 2963 1781 εἷς
3007 1719 3101 1780 τὰς
3162 1717 3346 1795 χώρας
3388 1718 3542 1790 ἡμῶν
3576 1730 3589 1742 ⁸
3627 1711 3710 1768 διὰ
3734 1721 3894 1769 τοῦτο

513 1805 588 1868 ad
620 1824 689 1866 ea
712 1807 987 1886 pertinet,
1041 1807 1101 1866 in
1152 1807 1414 1868 tenebris
1444 1826 1766 1868 versamur.
1806 1806 2154 1880 Quaerimus,

515 1912 591 1955 an
619 1893 694 1955 ob
727 1913 856 1957 eam
888 1913 1014 1957 rem
1049 1895 1422 1959 damnemur.

593 1985 725 2046 Res.
761 1983 1137 2065 Quaecunque
1170 1985 1259 2047 lex
1293 1987 1394 2066 ait,
1419 1987 1492 2046 iis
1513 1986 1713 2066 aitqui
1745 1987 1802 2047 in
1836 1988 1968 2065 lege
1997 1993 2154 2062 sunt,

517 2072 850 2135 secundum
877 2092 1152 2152 magnum
1177 2075 1671 2155 Apostolum.Qui
1691 2076 1870 2153 igitur
1885 2074 1960 2136 ob
1979 2075 2154 2136 vitam

514 2161 842 2240 gloriantur
867 2164 1278 2243 orthodoxam,
1325 2163 1446 2224 sive
1494 2183 1561 2225 ex
1603 2165 1832 2225 oriente
1863 2165 2000 2238 sint,
2035 2165 2156 2225 sive

517 2269 588 2314 ex
627 2251 1164 2314 Alexandrinorum
1217 2253 1405 2333 plaga,
1457 2253 1580 2314 sive
1612 2253 1871 2325 aliunde,
1905 2252 2158 2315 Romani

516 2339 814 2422 dicuntur,
846 2349 904 2403 et
931 2340 1256 2404 secundum
1282 2343 1442 2420 leges
1473 2343 1667 2404 vivere
1696 2343 2157 2419 coguntur.Non

515 2431 924 2510 astringuntur
955 2439 1148 2493 tamen
1169 2431 1321 2508 lege,
1348 2451 1479 2512 quae
1505 2431 1608 2510 ait,
1634 2430 1761 2493 Non
1792 2440 2022 2512 oportet
2043 2430 2156 2492 Ro-

517 2536 754 2580 manum
801 2520 988 2580 virum
1042 2521 1204 2599 leges
1251 2521 1544 2598 ignorare.
1588 2519 1636 2582 Ii
1685 2521 1843 2582 enim
1895 2519 2028 2591 soli,
2060 2518 2158 2599 qui

524 2606 791 2669 habitant
824 2610 1100 2682 Romam,
1131 2609 1353 2686 regiam
1390 2609 1664 2672 videlicet
1689 2609 2005 2687 civitatem,
2030 2626 2161 2688 quae

519 2694 814 2757 similibus
845 2704 934 2756 est
948 2699 1170 2758 munita
1185 2697 1730 2776 propugnaculis,et
1745 2696 1945 2758 multis
1962 2696 2157 2757 abun-

518 2783 616 2845 dat
640 2785 1028 2864 jurisperitis,
1061 2786 1274 2847 horum
1323 2785 1530 2846 ferreis
1583 2793 1861 2846 tenentur
1910 2783 2157 2864 pedicis.

517 2871 777 2953 Ideoque
809 2872 861 2933 si
891 2873 951 2933 hi
984 2873 1170 2952 legem
1202 2873 1477 2951 ignorare
1522 2892 1586 2936 se
1617 2873 1892 2952 allegent,
1928 2872 2158 2934 veniam

525 2979 643 3021 non
675 2969 1138 3041 consequuntur,
1199 2962 1321 3022 sive
1363 2963 1662 3024 manuales
1711 2963 1830 3023 sint
1877 2961 2154 3042 operarii,

2246 2980 2414 3034 μενοι,
2474 2962 2533 3016 ού
2579 2961 3025 3039 συγγινώσκονται
3061 2980 3074 2993 ⁸

517 3048 641 3110 sive
664 3049 1118 3112 circumforanei
1149 3049 1266 3111 sint
1295 3049 1498 3130 aliqui,
1534 3060 1592 3111 et
1616 3051 1942 3112 litterarum
1975 3050 2160 3130 impe-

521 3138 620 3199 riti
654 3160 669 3199 :
705 3147 769 3199 ut
799 3139 897 3220 qui
929 3141 1151 3220 possint
1183 3159 1215 3200 a
1245 3140 1368 3201 suis
1406 3139 1630 3201 civibus
1683 3141 1873 3220 legum
1929 3140 2161 3201 discere

519 3235 814 3290 tenorem.
849 3228 958 3301 Qui
1004 3237 1201 3290 autem
1249 3237 1411 3291 extra
1454 3228 1680 3290 Roman
1732 3238 1932 3307 agunt,
1986 3247 2158 3307 agre-

520 3325 640 3379 stes
660 3323 690 3366 Ρ
720 3319 947 3380 scilicet
977 3327 1035 3379 et
1065 3318 1300 3398 reliqui,
1337 3318 1637 3398 multoque
1686 3319 1868 3398 magis
1898 3318 2157 3380 Alexan-

517 3405 698 3486 drini,
717 3407 903 3486 legem
937 3407 1170 3468 civilem
1194 3407 1554 3485 ignorantes.
1574 3407 1801 3467 veniam
1827 3425 2153 3468 merentur.

516 3495 748 3557 Bonum
793 3513 931 3575 ergo
987 3503 1095 3571 est,
1151 3505 1212 3556 ut
1261 3496 1321 3557 hi
1365 3514 1598 3576 quoque
1655 3502 2041 3575 interrogent,
2102 3503 2161 3556 et

517 3583 779 3661 legitima
811 3593 1100 3664 praecepta
1129 3584 1553 3656 discant.Quod
1586 3584 1637 3644 si
1663 3593 1752 3646 est
1781 3583 2152 3664 ditﬁcile,ve-

516 3672 673 3734 niam
708 3682 846 3734 sunt
871 3673 1269 3736 consecuturi.

593 3761 779 3823 Inter.
812 3761 872 3822 4.
906 3765 998 3824 An
1026 3769 1193 3822 extra
1241 3761 1590 3842 periculum,
1643 3780 1832 3836 sacra,
1895 3761 2155 3841 itemque

513 3849 650 3910 laici
671 3848 860 3910 fenori
881 3848 1021 3910 dent
1045 3849 1376 3928 pecuniam,
1410 3868 1484 3910 an
1516 3849 1707 3929 potius
1738 3849 1907 3910 sitiis
1938 3850 2151 3911 exitio-

515 3956 646 3998 sum
665 3943 693 3998 ?

605 4027 738 4088 Res.
775 4024 1035 4087 Mosaica
1064 4025 1304 4106 quidem
1338 4026 1587 4101 lex,Non
1619 4027 1935 4108 fenerabis,
1965 4027 2153 4108 inquit

519 4123 826 4193 argentum
861 4122 1022 4174 tuum
1052 4114 1215 4175 fratri
1264 4124 1396 4177 tuo:
1433 4116 1620 4177 civilis
1651 4124 1844 4177 autem
1891 4116 2155 4196 agnoscit

519 4221 728 4264 usuras
757 4203 1110 4264 centesimas
1143 4211 1201 4265 et
1231 4203 1497 4266 trientes.
1531 4204 1747 4266 Deliuit
1776 4205 1933 4265 enim
1969 4214 2030 4265 ut
2058 4224 2154 4266 se-

515 4299 756 4353 natores
785 4291 1077 4372 accipiant
1105 4311 1314 4354 usuras
1346 4293 1614 4374 trientes,
1649 4293 1930 4355 nimirum
1957 4295 2015 4354 in
2035 4293 2153 4354 sin-

424 4453 430 4460 .
514 4381 684 4460 gulas
709 4381 892 4443 libras
924 4400 1197 4443 nummos
1228 4389 1499 4462 quatuor.
1534 4381 1938 4462 Negotiatores
1960 4391 2153 4443 autem

515 4471 855 4550 vulgaresq,
890 4480 950 4533 et
981 4470 1570 4546 caeteros,dimidiam
1603 4473 1962 4545 centesimas,
1983 4470 2156 4532 nimi-

515 4577 647 4620 rum
681 4561 740 4620 in
768 4560 1030 4639 singulas
1060 4561 1240 4622 libras
1272 4580 1546 4622 nummos
1578 4581 1702 4623 sex.
1736 4560 1850 4622 Eos
1879 4559 2153 4640 vero,qui

519 4647 884 4709 maritimum
916 4651 1084 4710 fenus
1114 4651 1531 4727 contrahunt”,
1558 4669 1662 4731 pro
1698 4650 1944 4729 singulis
1987 4648 2156 4709 libris

521 4755 794 4800 nummos
825 4737 1164 4802 duodecim.
1198 4739 1461 4811 Quonam
1508 4749 1701 4801 autem
1734 4738 1909 4799 modo
1949 4745 2154 4798 cente-

515 4827 685 4888 sima;
712 4835 995 4888 vocentur
1031 4846 1246 4904 usura),
1301 4847 1431 4890 cum
1481 4828 1648 4888 librae
1696 4828 1990 4908 quantitas
2039 4845 2156 4887 non

514 4915 820 4995 perveniat
854 4915 926 4977 ad
963 4917 1184 4977 solidos
1217 4926 1480 4991 centum,
1532 4917 1636 4978 sed
1675 4918 1747 4978 ad
1789 4915 2157 4996 septuaginta

513 5003 660 5065 duos
687 5026 700 5068 ;
732 5023 848 5066 non
882 5013 971 5066 est
996 5005 1232 5066 dicendi
1265 5017 1517 5085 tempus,
1537 5023 1611 5065 ne
1643 5024 1791 5084 opus
1816 5005 1920 5066 ﬁat
1943 5014 2156 5084 praeter

512 5110 686 5172 opus.
711 5091 785 5153 Et
808 5094 935 5155 haec
963 5094 1201 5174 quidem
1232 5094 1305 5154 de
1336 5095 1524 5158 laicis.
1580 5094 1837 5156 Sacratis
1883 5113 2018 5155 vera
2062 5095 2153 5154 fe-

514 5180 823 5245 neratione
854 5201 1094 5263 prorsus
1123 5183 1503 5246 interdietum
1535 5192 1644 5248 est.
1691 5184 1788 5245 Ait
1821 5183 1981 5245 enim
2029 5183 2153 5245 haec

2243 1803 2655 1880 νυκτοϐατοῦμεν
2685 1803 2806 1862 ὅσον
2862 1807 2922 1860 τὸ
2995 1807 3064 1870 εἷς
3121 1806 3272 1867 αὐτά,
3347 1813 3613 1878 Ζητοῦμεν
3668 1801 3759 1858 οὖν
3793 1821 3894 1876 μα-

2240 1898 2374 1969 θεῖν,
2408 1897 2451 1950 εί
2482 1896 2713 1952 ἐντεῦθεν
2744 1894 3182 1973 κατακρινόμεθα.

2321 1983 2448 2043 Ἀπ.
2491 1974 2639 2040 ’Ὅσα
2669 1985 2697 2040 ὁ
2727 1983 2887 2058 νόμος
2940 1981 3120 2062 λαλεῖ,
3169 1996 3289 2046 τοῖς
3337 1982 3391 2038 ἐν
3435 1985 3512 2056 τῷ
3541 1981 3686 2056 νόμῳ
3715 1977 3889 2055 λέγει,

2241 2075 2374 2130 κατὰ
2403 2076 2492 2130 τὸν
2524 2073 2689 2151 μέγαν
2740 2071 3091 2132 Ἀπόστολον.
3125 2075 3183 2129 Οἱ
3247 2079 3373 2151 γοῦν
3427 2075 3715 2150 αὐχοῦντες
3773 2068 3890 2144 βίον

2240 2160 2527 2241 όρθόδοξον,
2596 2161 2692 2219 κᾶν
2751 2160 2802 2226 ἐξ
2851 2159 3121 2218 ἀνατολῶν
3178 2163 3303 2234 ὦσι,
3362 2159 3460 2216 κᾶν
3519 2158 3571 2224 ἐξ
3633 2155 3893 2222 Ἀλεξαν-

2239 2249 2422 2327 δρέων,
2457 2250 2554 2306 κᾶν
2597 2249 2869 2330 ἑτέρωθεν,
2943 2247 3201 2325 Ῥωμαῖοι
3271 2248 3539 2328 λέγονται,
3609 2248 3696 2304 καὶ
3752 2245 3893 2300 κατὰ

2240 2339 2430 2414 νόμους
2480 2339 2861 2418 ἀναγκάζονται
2920 2337 3282 2395 πολιτεύεσθαι
3315 2354 3330 2370 ⁸
3375 2344 3454 2411 τῷ
3509 2336 3658 2412 νόμῳ
3724 2331 3784 2388 δέ
3816 2339 3894 2405 τῷ

2239 2429 2511 2508 φάσκοντι,
2560 2428 2632 2486 Οὒ
2674 2425 2756 2484 δεῖ
2807 2418 3070 2502 Ῥωμαῖον
3129 2425 3286 2505 ἄνδρα
3345 2427 3504 2502 νόμον
3561 2424 3801 2508 ἀγνοεῖν,
3833 2420 3892 2476 οὗ

2241 2502 2637 2596 συσφίγγονται.
2699 2518 2859 2572 Μόνοι
2902 2518 3001 2594 γὰρ
3071 2520 3118 2572 οἱ
3172 2502 3536 2578 κατοικοῦντες
3593 2514 3690 2580 τὴν
3748 2502 3890 2570 Ῥώ-

2243 2628 2372 2680 μην,
2405 2608 2503 2673 τὴν
2560 2603 2800 2682 βασιλίδα
2857 2601 3101 2672 δηλονότι
3159 2611 3265 2662 τῶν
3320 2602 3553 2684 πόλεων,
3595 2603 3694 2669 τὴν
3753 2622 3890 2657 κατ-

2241 2693 2642 2774 ησφαλισμένην
2675 2695 2878 2769 ὁμοίοις
2922 2695 3263 2774 πυργώμασι,
3306 2695 3394 2750 καὶ
3446 2691 3675 2753 πολλοὺς
3717 2689 3891 2746 πλου-

2239 2793 2428 2842 τοῦσαν
2485 2787 2830 2863 νομομαθεῖς,
2915 2796 3034 2846 τοῖς
3117 2783 3178 2839 ἐκ
3243 2783 3439 2839 τούτων
3517 2776 3888 2858 σιδηροπέδαις

2241 2871 2586 2951 κατέχονται.
2637 2875 2730 2928 Διὸ
2759 2874 2902 2929 οὗτοι
2949 2872 3046 2946 μὲν
3115 2872 3372 2951 ἀγνοῆσαι
3440 2870 3601 2945 νόμον
3631 2866 3888 2924 διενιστά-

3157 2957 3257 3016 κᾶν
3337 2959 3713 3039 χειρωνάκται,
3788 2957 3858 3011 κᾶ
3870 2979 3886 3012 δ

2241 3049 2457 3127 ἀγύρται
2487 3050 2627 3113 τινὲς
2675 3052 2796 3130 ὡσι,
2843 3050 2931 3105 καὶ
2985 3049 3312 3128 γραμμάτων
3367 3048 3585 3117 ἀνήκοοι
3620 3063 3633 3076 ⁸
3669 3047 3740 3110 ὡς
3789 3043 3883 3101 δυ-

2240 3140 2453 3213 νάμενοι
2499 3140 2562 3194 τὰ
2617 3139 2724 3194 τῶν
2766 3139 2942 3213 νόμων
2983 3140 3174 3214 μαθεῖν
3229 3138 3333 3193 ἀπὸ
3390 3142 3494 3192 τῶν
3523 3135 3884 3213 συγκατοίκων

2240 3225 2431 3286 αἶιτῶν.
2467 3228 2526 3283 Οἱ
2583 3222 2636 3281 δὲ
2709 3225 2806 3291 ἔξω
2861 3231 2964 3289 τῶς
3042 3215 3252 3300 Ῥώμης
3321 3222 3614 3303 διάγοντες,
3660 3223 3880 3301 ἀγρόται

2239 3311 2506 3386 δηλονότι,
2532 3315 2620 3370 καὶ
2649 3312 2846 3390 λοιποὶ,
2922 3312 3108 3386 πολλῷ
3163 3312 3218 3368 δὲ
3272 3311 3432 3369 πλέον
3487 3309 3882 3389 Ἀλεξανδρεῖς,

2239 3403 2399 3477 νόμον
2443 3401 2714 3460 πολιτικὸν
2758 3403 3112 3482 ἀγνοήσαντες
3169 3401 3642 3481 συγγινώσκονταε.
3709 3397 3882 3458 Καλὸν

2240 3498 2362 3568 γοῦν
2436 3491 2545 3547 ἐστι
2616 3493 2703 3548 καὶ
2757 3493 2969 3556 τούτους
3041 3491 3263 3570 ἐρωτᾷν,
3321 3492 3408 3546 καὶ
3471 3490 3748 3565 μάνθανειν
3818 3489 3881 3543 τα

2239 3581 2430 3655 νομικὰ
2458 3580 2877 3660 παραγγέλματα
2913 3598 2926 3612 ⁸
2977 3583 3022 3637 εἰ
3051 3580 3105 3637 δὲ
3161 3579 3413 3661 δυσχερές
3470 3577 3606 3660 ἐστι,
3637 3577 3881 3658 συγγνώ-

2239 3692 2344 3743 μης
2391 3667 2790 3741 ἆξιωθήσονται.

2319 3757 2608 3837 Ἐρώτησις
2668 3756 2737 3818 δ’.
2800 3749 3090 3816 Ἀκίνδυνόν
3146 3757 3253 3814 ἐστι
3336 3770 3455 3822 τοῖς
3556 3755 3878 3834 ἱερωμένοις,

2238 3848 2318 3902 ναὶ
2348 3848 2528 3920 μέντοι
2599 3851 2686 3905 καὶ
2742 3861 2861 3913 τοῖς
2905 3847 3148 3925 λαϊκοῖς,
3222 3848 3308 3904 ἐπὶ
3361 3846 3506 3920 τόκῳ
3545 3843 3814 3919 δανείζειν,
3847 3845 3881 3910 ἢ

2237 3934 2439 4010 μᾶλλον
2469 3935 2705 4017 ὀλέθριον
2730 3957 2747 4018 ς

2318 4025 2437 4085 Ἀττ.
2507 4018 2565 4084 Ὀ
2624 4028 2720 4103 μὲν
2796 4029 3085 4090 Μωσαϊκὸς
3156 4027 3343 4102 νόμος,
3401 4029 3508 4084 Οὔκ
3589 4023 3880 4096 ἐκτοκιεῖς,

2235 4117 2383 4193 φησὶ,
2429 4117 2489 4171 τὸ
2517 4115 2757 4195 ἀργύριόν
2810 4139 2902 4173 σου
2959 4123 3035 4190 τῷ
3089 4115 3298 4197 ἀδελφῷ
3334 4137 3426 4172 σου
3461 4134 3476 4150 ⁸
3523 4117 3552 4171 ὁ
3607 4111 3662 4168 δὲ
3719 4111 3881 4169 πολι-

2234 4206 2377 4266 τικὸς
2439 4204 2778 4284 ἐπιγινώσκει
2875 4206 3060 4270 τόκους
3144 4205 3556 4278 ἐκατοστιαίους,
3615 4205 3704 4259 καὶ
3776 4202 3884 4258 ἀπὸ

2235 4293 2414 4371 τρίτης
2504 4295 2818 4362 ἑκατοστῆς.
2897 4297 3182 4374 Διορίζεται
3255 4295 3355 4373 γὰρ
3410 4296 3530 4358 τοὺς
3587 4290 3886 4371 συγκλητι-

2236 4383 2360 4446 κοὺς
2386 4381 2670 4459 λαμϐάνειν
2699 4386 2885 4448 τόκους
2934 4385 3038 4441 ἀπὸ
3091 4386 3284 4465 τρίτηςΔ
3332 4383 3623 4449 ἑκατοστῆς
3657 4399 3676 4416 ⁸
3719 4380 3887 4459 ἤγουν

2240 4469 2320 4550 ἐφ’
2394 4473 2592 4549 ἑκάστῃ
2658 4471 2804 4551 λίτρᾳ
2886 4461 3185 4550 νομίσματα
3233 4461 3306 4536 δ’.
3355 4473 3486 4535 Τοὺς
3542 4468 3890 4534 κοινολαίτας

2241 4565 2668 4642 πραγματευτὰς,
2724 4565 2810 4620 καὶ
2863 4561 3102 4638 λοιποὺς,
3160 4561 3676 4642 ἡμιεκατοστιαίους.
3718 4558 3891 4638 ἤγουν

2240 4638 2318 4727 ἐφ’
2353 4638 2550 4727 ἑκάστῃ
2608 4638 2758 4730 λίτρα
2807 4653 3104 4728 νομίσματα
3160 4638 3264 4724 ς’.
3336 4650 3468 4712 Τοὺς
3535 4646 3590 4704 δὲ
3647 4644 3892 4708 διδόντας

2240 4737 2538 4821 διαπόντιον
2591 4737 2814 4821 δάνειον,
2886 4740 3015 4820 ὑπὲρ
3063 4739 3292 4806 ἑκάστης
3348 4736 3524 4818 λίτρας
3580 4736 3892 4812 νομίσματα

2242 4816 2335 4904 ιβ’.
2386 4818 2580 4892 ιὈπως
2636 4826 2690 4884 δὲ
2718 4816 2998 4886 καλοῦνταί
3068 4830 3116 4884 οἱ
3159 4827 3306 4884 τόκοι
3348 4816 3730 4904 ἑκατοστιαῖοι,
3779 4831 3889 4894 της

2239 4918 2417 4995 λίτρας
2485 4917 2564 4992 μὴ
2622 4918 3059 4993 συμποσουμένης
3131 4919 3203 4980 εἷς
3247 4916 3544 4994 νομίσματα
3587 4903 3660 4993 ρ’,
3721 4911 3890 4971 ἁλλᾶ’

2237 5007 2306 5070 εἰς
2337 4996 2442 5082 οβ’,
2475 5007 2655 5085 καιρὸς
2687 5009 2781 5064 οὐκ
2809 5005 2917 5064 ἔστι
2948 5007 3121 5085 λέγειν
3157 5025 3170 5041 ⁸
3215 5005 3309 5062 τίνα
3363 5007 3442 5080 μὴ
3473 5003 3625 5083 ἔργον
3653 5003 3716 5058 τὸ
3743 5003 3893 5079 πάρ-

2236 5117 2386 5175 εργον
2457 5096 2696 5174 γένηται,
2758 5098 2856 5154 Καὶ
2906 5104 3070 5154 ταῦτα
3125 5097 3222 5172 μὲν
3277 5096 3394 5173 περὶ
3449 5092 3680 5153 λα’ἰκῶν.
3747 5093 3889 5157 Τοὺς

2234 5185 2545 5265 ἱερωμένους
2589 5183 2643 5242 δὲ
2697 5186 2918 5257 τοκίζειν
2961 5184 3233 5248 παντελῶς
3289 5183 3669 5263 ἀπηγόρευται.
3738 5183 3890 5248 Φησὶ

1835 5351 2088 5416 VARLE
2114 5349 2441 5421 ,ΙιΕΟΤΙΟΝ
2446 5349 2558 5416 ES.

592 5491 633 5522 ω
666 5496 1024 5566 _agnoscere.
1112 5494 1140 5527 η
1166 5485 1490 5550 doctrinas.
1577 5495 1602 5528 ο
1629 5485 1939 5565 scriptum.
2026 5494 2053 5537 Ρ
2081 5483 2316 5547 rustici.
2403 5494 2428 5537 ει
2456 5483 2666 5548 laieos.
2752 5491 2776 5526 ι
2812 5486 2918 5564 qui
2945 5485 3347 5566 traiectictam
3384 5477 3712 5566 pecuniane
3739 5496 3890 5544 mu-

516 5566 617 5627 tuo
645 5559 817 5625 dant.
