4160 6212
257 270 287 333 1
309 272 428 339 037
1605 265 2322 334 θΒΛΕΟΟ-ΒΟΜΑΝΗΜ.
3506 264 3661 332 1038

265 403 368 483 γὰρ
396 406 426 460 6
469 393 562 482 μδ’
587 405 762 462 κανὼν
790 409 894 460 τῶν
935 404 1098 483 ἁγίων
1156 399 1468 459 ἀποστόλων
1498 407 1661 459 ταῦτα
1702 403 1877 480 ῥητῶς
1909 420 1923 435 ⁶

2029 397 2363 460 nominatim
2425 399 2502 462 44
2560 408 2898 463 sanctorum
2954 400 3386 483 apostolorum"
3416 415 3655 465 canon:

258 490 586 558 Ἐπισκοπος
615 494 650 562 ἢ
680 491 1051 575 πρεσϐύτερος,
1111 491 1149 560 ἢ
1220 490 1461 555 διάκονος
1517 490 1704 555 τόκους
1760 492 1917 548 ἀπαι-

2029 485 2349 569 ipiscspus,
2379 496 2480 550 aut
2510 489 2841 571 presbyter,
2874 497 2976 551 aut
3005 489 3314 573 diaconus,
3346 510 3557 554 usuras
3585 488 3658 552 ab

258 586 364 638 τῶν
394 583 517 646 τοὺς
542 581 958 659 δανειζομένους,
992 581 1029 650 ἢ
1102 581 1411 654 παυσάσθω,
1470 578 1507 646 ἢ
1549 581 1911 661 καθαιρείσθω,

2029 575 2072 635 is
2103 575 2369 655 exigens,
2398 578 2617 658 quibus
2649 588 2916 641 mutuum
2946 578 3131 657 dedit,
3165 580 3259 643 vel
3290 581 3543 661 desinat,
3564 578 3658 642 vel

262 670 361 726 Καὶ
404 673 432 727 6
460 678 508 743 ιζ
520 661 532 683 ’
556 658 755 729 κανὼνγ
790 677 889 740 τῆς
960 672 1113 750 ἁγίας
1172 672 1259 727 καὶ
1309 668 1674 743 οἱκουμενικῆς
1706 658 1762 725 α’
1788 691 1916 724 συν-

2029 663 2349 743 leponatur.
2388 669 2460 729 Et
2518 669 2586 730 l7
2619 687 2809 730 canon
2840 677 3063 732 sanctas
3120 677 3180 731 et
3209 658 3592 732 cecumenicaa
3625 670 3647 733 l

258 755 380 819 όδου
418 766 583 817 ταῦτα
613 758 851 827 διέξεισιν
888 776 903 790 ·
979 757 1200 827 Ἐπειδὴ
1257 756 1447 816 πολλοὶ
1496 756 1551 813 ἐν
1607 764 1684 832 τῷ
1737 759 1917 814 κανόνι

2032 753 2208 833 ynodi
2242 754 2367 816 haec
2394 773 2407 817 ε
2436 754 2730 828 Quoniam
2749 757 2941 833 multi,
2976 757 3075 838 qui
3105 757 3168 819 in
3185 777 3412 821 canone
3438 776 3657 821 recen-

260 846 645 925 ἐξεταζόμενοι,
703 850 803 917 την
873 849 1176 916 πλεονεξίαν
1250 848 1339 905 καὶ
1399 848 1461 904 τὸ
1546 844 1917 925 αἷσγροκερδὲς

2035 848 2229 917 entur,
2286 844 2461 924 plura
2517 845 2775 908 habendi
2830 847 3090 910 studium
3135 860 3193 910 et
3225 854 3396 929 turpe
3425 847 3657 909 lucrum

260 934 564 1018 διώκοντες,
594 937 911 997 ἐπελάθοντο
974 946 1064 996 τοῦ
1137 938 1274 994 θείου
1328 937 1672 1015 Γράμματος,
1725 933 1923 1012 λέγοντ

2029 939 2457 1011 Jersequentes,
2514 934 2727 997 divinas
2769 936 3091 1017 Scriptura;
3139 935 3307 998 obliti
3334 947 3495 1018 sunt,
3527 953 3660 1017 qua;

260 1047 377 1102 τος,
425 1029 497 1084 Τὸ
539 1027 784 1107 ἀργύριον
826 1028 983 1087 αὐτοῦ
1053 1029 1145 1084 οῦκ
1190 1023 1381 1083 ἔδωκεν
1439 1023 1525 1080 ἐπὶ
1580 1024 1724 1098 τόκῳ
1756 1039 1770 1055 ⁸
1834 1026 1924 1080 καὶ

2029 1018 2155 1107 licit
2185 1036 2199 1081 :
2233 1025 2558 1101 Argentum
2589 1043 2759 1086 suum
2811 1044 2929 1087 non
2963 1024 3230 1104 dedit_ad
3279 1043 3522 1088 usuram
3550 1043 3566 1102 ;
3600 1030 3662 1087 et

263 1105 585 1187 δανείζοντες
670 1118 958 1181 ἑκατοστὰς
1052 1115 1386 1189 ἀπαιτοῦσιν,
1438 1168 1451 1196 ε
1505 1110 1808 1168 ἐδικαίωσεν
1888 1113 1924 1180 ἡ

2029 1105 2346 1171 'enerantes
2396 1113 2751 1175 centesimas
2804 1114 3090 1194 exigunt:
3140 1132 3373 1196 aequum
3428 1112 3663 1176 censuit

265 1204 389 1284 ἁγία
418 1207 506 1263 καὶ
550 1205 760 1285 μεγάλη
816 1205 1049 1285 σύνοδος,
1110 1207 1183 1269 ὡς
1256 1202 1309 1259 εἴ
1364 1189 1451 1267 τιςέ
1499 1201 1730 1282 εὑρεθείη
1792 1201 1927 1277 μενὰ

2029 1205 2210 1258 ςδηοιει
2242 1210 2298 1261 et
2324 1218 2533 1279 magna
2560 1202 2845 1281 synodus,
2881 1189 2944 1264 ut
2976 1203 3026 1265 si
3056 1202 3187 1285 quis
3210 1189 3496 1267 inventus
3522 1202 3654 1265 fue-

262 1295 358 1349 τὸν
386 1292 506 1374 ὅρον
536 1284 723 1352 τοῦτον
750 1295 936 1359 τόκους
1006 1284 1291 1369 λαμϐάνων
1348 1291 1410 1349 ἐκ
1463 1292 1923 1370 μετὰχειρήσεως,

2029 1284 2089 1346 rit
2115 1294 2246 1367 post
2278 1288 2389 1350 hoc
2446 1298 2723 1352 statutum
2781 1311 2989 1355 usuras
3042 1284 3246 1356 mutuo
3277 1311 3538 1370 sumere,
3566 1290 3658 1353 vel

265 1383 302 1451 ἢ
336 1380 515 1449 ἄλλως
543 1385 905 1465 ἐπερχόμενος
954 1384 1016 1439 τὸ
1069 1388 1308 1461 πρᾶγμα,
1384 1379 1420 1448 ἢ
1473 1378 1721 1455 ἡμιολίας
1778 1378 1933 1434 ἁπαι-

2029 1392 2145 1437 aam
2173 1395 2298 1439 rem
2349 1378 2521 1440 aliter
2580 1381 2879 1463 persequi,
2939 1382 3030 1444 vel
3061 1382 3259 1464 sesqui
3286 1382 3501 1445 alteras
3530 1380 3658 1444 exi-

265 1478 397 1548 τῶν,
458 1472 496 1541 ἢ
553 1473 730 1552 ἕτερόν
818 1496 870 1530 τι
950 1472 1174 1529 ἐπινοῶν
1249 1466 1677 1549 αἰσχροκερδείας
1748 1465 1922 1541 ἕνεκα,

2029 1482 2175 1553 gere,
2211 1468 2301 1529 vel
2353 1468 2574 1548 aliquid
2625 1469 2775 1532 alius
2819 1472 3156 1552 excogitare
3182 1471 3372 1553 turpis
3399 1479 3660 1553 quaestus

266 1551 700 1641 καθαιρεθήσεται
748 1568 840 1618 τοῦ
895 1559 1116 1640 κλὴρου,
1188 1560 1276 1617 καὶ
1331 1556 1603 1636 ἆλλοτρίος
1662 1557 1755 1613 τοῦ
1821 1577 1923 1612 κα-

2029 1551 2214 1632 ζτειίει,
2251 1575 2283 1617 e
2339 1557 2500 1619 clero
2560 1559 2914 1640 deponatur,
2971 1551 3029 1624 et
3074 1561 3151 1623 sit
3204 1551 3436 1623 alienus
3492 1576 3658 1623 aca-

268 1650 418 1714 νόνος
471 1650 644 1714 ἔσται.
690 1651 765 1708 Τὰ
822 1650 952 1707 αὐτά
1006 1672 1136 1730 φησι
1166 1649 1254 1705 καὶ
1295 1650 1324 1703 6
1378 1645 1423 1702 δ’
1497 1646 1670 1702 κανὼν
1713 1645 1813 1711 τῆς
1870 1644 1924 1700 ἐν

2029 1661 2185 1709 ιοηε.
2244 1644 2465 1709 Eadem
2521 1654 2579 1709 et
2630 1652 2669 1708 4
2703 1668 2924 1726 ,οαηοιι
2953 1651 3309 1714 Laodiceuae
3339 1648 3571 1731 synodi,
3602 1654 3662 1710 et

275 1736 554 1811 Λαοδικείᾳ
582 1736 817 1813 συνόδου,
849 1740 937 1795 xvi
967 1737 1135 1818 ἕτεροι
1944 1792 1983 1818 Ὠ
2006 1731 2129 1796 alii.
2821 1749 2838 1771 ‘

354 1792 1131 1908 ζ”λκίνδυύόν
1215 1825 1356 1883 ἐστιν
1434 1824 1712 1902 ἱερατεύειν
1781 1823 1926 1904 ὄρθο-

2068 1792 2278 1887 ίῘηιθν.
2313 1824 2371 1884 5.
2426 1825 2518 1887 An
2571 1827 2888 1890 orthodoxi
2934 1827 3065 1908 Syri
3119 1835 3179 1890 et
3225 1846 3297 1890 ex
3326 1825 3652 1906 Armeniis,

269 1913 469 1991 δόξους,
503 1918 724 1999 Σύρους,
783 1917 872 1973 καὶ
930 1914 981 1982 ἐξ
1044 1913 1355 1996 Ἀρμενίων,
1416 1911 1552 1969 ἀλλὰ
1610 1912 1717 1988 μὴν
1761 1913 1847 1999 καὶ
1874 1909 1926 1977 ἐξ

2029 1927 2243 1999 ιοοηοιι
2292 1931 2363 1974 ex
2416 1914 2548 1975 aliis
2574 1915 2916 1994 regionibus
2965 1917 3148 1998 aliqui
3176 1916 3385 1978 fideles
3413 1913 3654 1998 propria

272 2004 462 2085 ἐτέρων
492 2011 687 2086 χωρῶν
741 2006 887 2070 τινὰς
930 2006 1171 2078 πιστοὺς,
1230 2005 1365 2061 κατὰ
1433 2003 1531 2069 την
1589 2003 1781 2059 οἰκείαν
1810 1998 1924 2056 διά-

2031 1998 2208 2079 ingua
2240 2010 2402 2063 extra
2461 2004 2798 2082 periculum
2846 2023 3021 2068 sacra
3048 2004 3379 2080 celebrent,
3410 2023 3485 2066 an
3512 2020 3652 2065 vero

275 2091 461 2152 λεκτον
489 2112 506 2130 ·
576 2094 612 2162 ἢ
665 2095 930 2161 παντοίως
984 2094 1367 2172 ἀναγκάζονται
1430 2092 1567 2167 μετὰ
1626 2086 1925 2157 Ἑλληνίδος

2029 2096 2295 2167 :ogantur
2321 2109 2568 2172 prorsus
2598 2112 2733 2155 cum
2769 2100 2972 2158 braeca
3001 2094 3298 2176 scriptura
3323 2092 3654 2157 sacerdotio

276 2184 556 2263 ἱερατεύειν
584 2176 791 2265 γραφῆς
824 2202 840 2265 ς
1793 2259 1805 2265 _

2029 2175 2167 2256 'ungi
2188 2178 2212 2240 ἲ

356 2259 712 2352 Ἀπόκρισις.-
745 2264 802 2330 ’0
825 2259 836 2265 ⁷
873 2271 1037 2351 μεγὰς
1108 2269 1417 2352 ’ἀπόστολος
1512 2266 1716 2333 Παῦλος
1792 2259 1924 2325 Ῥω-

2087 2265 2228 2329 Res.
2306 2268 2547 2349 Magnus
2602 2271 2901 2352 apostolus
2956 2272 3175 2334 Paulus
3228 2272 3301 2335 ad
3354 2274 3655 2336 Romanos

279 2359 455 2436 μαίοις
504 2347 825 2418 ἐπιστέλλων
869 2347 1026 2442 φησίν
1056 2376 1069 2389 ⁸
1106 2347 1173 2415 Ἦ
1204 2357 1466 2418 Ἰουδαίων
1497 2362 1673 2433 μόνων
1703 2356 1877 2418 ὁΘεός
1904 2374 1921 2435 ;

2029 2357 2279 2420 scribens
2298 2347 2489 2440 inquit
2509 2381 2522 2422 :
2548 2347 2995 2426 Ad—Judaeorum
3028 2372 3248 2426 laetum
3274 2367 3434 2429 Deus
3450 2363 3480 2424 ?
3498 2364 3652 2427 Num

276 2451 398 2530 οὐχὶ
424 2447 480 2505 δὲ
522 2452 609 2506 καὶ
652 2449 809 2507 ἐθνῶν
844 2441 1002 2529 ,ναὶ
1055 2448 1144 2504 καὶ
1202 2446 1383 2533 ἐθνῶν,
1442 2449 1501 2504 Οἱ
1559 2445 1684 2525 γοῦν
1715 2441 1923 2524 ὀρθοδο-

2029 2452 2068 2506 et
2095 2448 2356 2525 gentium
2381 2449 2411 2509 ?
2440 2460 2601 2512 certe
2632 2461 2691 2513 et
2720 2453 3005 2531 gentium.
3047 2453 3157 2527 Qui
3191 2454 3374 2533 igitur
3400 2463 3563 2517 recte
3590 2454 3655 2517 in

276 2527 478 2605 ξοῦντες
507 2538 562 2595 ἐν
591 2545 747 2615 πᾶσι,
777 2527 875 2595 κᾶν
915 2539 1013 2596 ὦσι
1056 2539 1178 2624 τῆς,
1203 2527 1505 2603 Ἑλληνίδος
1563 2538 1743 2615 φωνῆς
1776 2533 1923 2610 πάμ-

2029 2535 2284 2598 imnibus
2306 2539 2380 2599 de
2404 2540 2519 2601 fide
2551 2527 2838 2624 sentiunt,
2872 2552 2931 2605 et
2963 2544 3013 2606 si
3045 2544 3163 2605 sint
3191 2527 3408 2607 Gvraecae
3441 2543 3653 2624 linguae

276 2649 381 2684 παν
431 2626 717 2707 ἁμέτοχοι,
790 2628 925 2704 μετὰ
991 2632 1091 2693 τῆς
1145 2623 1274 2689 ἰδίας
1318 2623 1590 2682 διαλέκτου
1646 2624 1926 2703 ἱερουργή-

2029 2625 2253 2686 ηῃηὶηο
2284 2623 2830 2712 expertes,pr0pria
2845 2632 3098 2695 dialecto
3119 2651 3288 2696 sacra
3305 2623 3645 2707 conﬁcient,

284 2736 485 2789 σουσιν,
517 2716 816 2796 ἀντέγραφα
844 2715 1063 2797 ἔχοντες
1105 2721 1205 2771 τῶν
1262 2715 1498 2784 συνήθων
1558 2712 1718 2790 ἁγίων
1753 2712 1927 2792 εὐχῶν

2029 2716 2370 2796 exemplaria
2389 2727 2804 2781 consuetarum
2826 2740 3123 2784 sacrarum
3146 2742 3390 2804 precum
3419 2721 3652 2785 haben-

279 2802 680 2883 ἀπαράλλακτα,
754 2807 826 2868 ὼς
886 2802 1285 2893 μεταγραφέντα
1314 2801 1385 2893 ’ἐκ
1442 2800 1731 2857 κοντακίων
1787 2798 1924 2856 καλ-

2034 2820 2097 2863 es
2125 2823 2243 2893 non
2276 2806 2621 2891 evariantia,
2653 2818 2716 2870 ut
2747 2810 3054 2893 desumpta
3088 2798 3164 2876 ex
3203 2812 3489 2876 contaciis
3511 2828 3655 2892 gras-

279 2891 706 2973 λιγραφηθὲντων
734 2891 819 2984 διὰ
846 2893 1172 2984 γραμμάτων
1218 2889 1565 2957 Ἑλληνικῶν.
1905 2979 1916 2984 Α

2029 2892 2232 2955 :anicis
2265 2896 2482 2958 litteris
2507 2889 2809 2978 eleganter
2831 2889 3166 2984 descriptis.

361 2972 652 3061 Ἐρώτησις
705 2972 808 3055 ς’.
867 2972 1286 3060 Ἠῤῥαϐωνίσατυ
1369 3000 1449 3042 τις
1524 2990 1774 3058 γυναῖκα,
1836 2979 1924 3035 καὶ

2084 2985 2279 3072 Inter.
2314 2986 2372 3048 6.
2437 2972 2824 3069 Desponsavit
2880 2972 3183 3072 quis'sibi
3232 2992 3657 3066 mulierem,et

281 3068 591 3137 ἐτελεύτησε
632 3072 733 3149 πρὸ
802 3079 897 3129 τοῦ
951 3068 1352 3148 ἱερολογηθῆναι
1426 3065 1542 3144 μετ’
1614 3065 1804 3158 αῦτῆς,
1849 3070 1922 3130 ὡς

2029 3070 2349 3153 )riusquam
2378 3094 2511 3136 cum
2538 3065 2606 3138 ea
2630 3097 2736 3158 per
2757 3065 3420 3157 benedictionem,sicut
3442 3065 3657 3142 consti-

279 3159 603 3236 νενόμισται,
635 3160 722 3215 καὶ
761 3161 864 3239 πρὸ
932 3160 1027 3215 τοῦ
1081 3160 1400 3237 ωναφθῆναι
1455 3158 1610 3233 αὐτῇ,
1657 3154 1920 3214 ἀκίνδυνόν

279 3247 391 3305 ἐστι
460 3248 656 3315 ταύτην
722 3246 906 3305 λαϐεῖν
972 3248 1062 3304 τὸν
1118 3246 1304 3303 τούτου
1353 3241 1627 3325 ἀδελφὸν,
1712 3245 1748 3313 ἢ
1817 3244 1923 3325 οδί

362 3450 488 3511 Ἀπ.
522 3452 593 3509 Τὸ
620 3449 782 3510 καλὸν
827 3455 922 3510 οὐκ
950 3449 1060 3507 ἔστι
1106 3447 1293 3523 καλὸν,
1352 3451 1397 3505 εἰ
1468 3451 1544 3526 μή
1598 3447 1776 3513 καλῶς
1832 3446 1929 3526 γέ-

282 3561 460 3608 νηται.
496 3548 556 3598 Ει
585 3549 712 3619 γοῦν
741 3541 777 3608 ἡ
808 3540 1089 3616 μνηστεία,
1134 3539 1253 3607 ἢτοι
1302 3540 1331 3594 6
1387 3534 1646 3617 ἀῤῥαϐὼν,
1683 3535 1929 3603 ἐτελέσθη

283 3631 420 3687 κατὰ
486 3629 586 3697 τὴν
641 3629 980 3687 ὑποτύπωσιν
1030 3633 1130 3696 τῆς
1210 3633 1398 3706 νεαρᾶς
1466 3627 1771 3702 νομοθεσίας
1842 3634 1932 3683 τοῦ

284 3714 523 3793 ἀοιδίμου
591 3714 851 3792 βασιλέως
928 3718 1104 3797 κυρίου
1188 3713 1420 3781 Ἀλεξίου
1476 3721 1569 3770 τοῦ
1625 3719 1929 3790 Κομνηνοῦ,

287 3805 423 3882 μετὰ
461 3803 678 3873 τελετῆς
706 3811 810 3863 τῶν
883 3807 1118 3875 συνήθων
1161 3805 1324 3884 ἁγίων
1395 3803 1571 3883 εῦχῶν
1607 3822 1620 3835 ο
1678 3807 1777 3870 τῆς
1832 3823 1933 3880 γυ-

284 3895 464 3958 ναικὸς
507 3892 665 3962 οὔσης
724 3891 1092 3969 δωδεκαετοῦς,
1126 3900 1218 3950 τοῦ
1271 3890 1325 3948 δὲ
1353 3889 1536 3971 ἀνδρος
1593 3893 1682 3948 τὸν
1738 3912 1933 3947 τεσσα-

286 3980 683 4064 ρεσκαιδέκατον
743 3983 937 4063 χρόνον
995 3983 1301 4064 ἀνύσαντος,
1348 3984 1408 4040 οὗ
1462 3979 1693 4056 λήψεται
1737 3979 1935 4045 ταύτην

283 4061 357 4137 εἰς
404 4072 576 4151 γάμον
619 4074 648 4129 6
695 4061 918 4152 ἀδελφὸς
963 4075 1143 4131 αὐτοῦ.
1219 4061 1276 4129 ιΟ
1333 4071 1433 4149 γὰρ
1491 4068 1628 4126 οὕτω
1670 4067 1929 4142 τελεσθεὶς

284 4159 519 4241 άῤῥαϐὼν
549 4160 603 4218 ἐν
631 4165 759 4217 πᾶσι
789 4167 865 4235 τῷ
893 4182 1106 4236 νομιμῳ
1146 4161 1305 4239 γάμῳ
1373 4157 1685 4228 ταυτίζεται.
1751 4158 1809 4214 Εἰ
1876 4153 1932 4210 δὲ

282 4251 419 4307 κατὰ
445 4250 545 4318 τὴν
574 4251 864 4327 κρατοῦσαν
921 4251 1217 4319 συνήθειαν.
1288 4250 1361 4312 ὡς
1432 4246 1781 4327 μανθάνομεν,
1857 4246 1931 4309 εἰς

2007 3168 2194 3222 tutum
2253 3173 2364 3239 est,
2425 3165 2781 3242 initiaretur,
2851 3176 2910 3229 et
2959 3188 3097 3231 cum
3156 3187 3227 3231 ea
3255 3169 3651 3250 copularetur,

2008 3251 2268 3313 decessit
2321 3272 2335 3316 :
2399 3273 2474 3316 an
2528 3273 2599 3315 ea
2652 3256 2896 3337 impune
2953 3257 3134 3320 nubet
3206 3257 3384 3337 hujus
3460 3254 3652 3327 fratri,

2011 3342 2254 3388 nncnn?

2010 3358 2244 3404 DBCDB?

2092 3430 2228 3516 Res.
2263 3429 2430 3503 Quod
2486 3430 2731 3508 bonum,
2792 3452 2910 3495 non
2940 3434 3162 3495 bonum
3195 3441 3310 3516 est,
3339 3432 3455 3495 nisi
3499 3430 3657 3493 bene

2014 3516 2134 3580 fiat.
2172 3515 2234 3579 Si
2284 3518 2465 3597 igitur
2513 3521 2810 3600 sponsalia
2863 3530 2923 3583 et
2977 3515 3329 3585 arrhabonis
3361 3522 3518 3584 datio
3549 3537 3657 3602 per

2014 3605 2167 3668 fecta
2201 3606 2321 3668 sint
2339 3609 2506 3687 juxta
2535 3609 2982 3689 dispositionem
3009 3613 3255 3674 novellae
3275 3609 3651 3674 constitutio-

2015 3694 2108 3755 nis
2151 3695 2354 3777 inclyti
2410 3697 2809 3778 imperatoris,
2869 3700 3096 3762 domini
3125 3701 3299 3764 Alexi
3339 3697 3652 3774 Comneni,

2017 3802 2150 3845 cum
2182 3787 2628 3848 consecratione
2661 3789 3002 3851 ssolitarum
3024 3798 3358 3853 sanctarum
3382 3806 3653 3871 precum,

2016 3873 2241 3935 femina
2269 3875 2589 3937 evcedente
2618 3896 2842 3941 annum
2872 3879 3316 3955 duodecimum,
3346 3880 3535 3941 virum
3556 3896 3660 3940 au-

2017 3969 2135 4023 tem
2171 3963 2467 4025 decimum
2525 3976 2818 4045 quartum,
2884 3988 3002 4030 non
3035 3968 3213 4032 ducet
3252 3986 3381 4031 eam
3415 3984 3660 4030 uxorem

2016 4050 2199 4113 frater
2226 4052 2587 4134 ejus.ltaque
2609 4055 2767 4116 enim
2792 4058 3090 4138 perfectus
3109 4056 3363 4120 arrhabo
3380 4056 3661 4137 legitimis

2014 4140 2232 4221 nuptiis
2264 4143 2324 4203 in
2355 4143 2631 4204 omnibus
2661 4146 3216 4220 assimilatur.Quod
3246 4148 3296 4209 si
3318 4147 3485 4228 juxta
3514 4165 3659 4208 con-

2014 4231 2544 4312 suetudinem,qua3
2569 4235 2654 4314 (ut
2682 4234 3022 4318 didicimus)
3041 4237 3268 4299 obtinet
3294 4238 3357 4298 in
3386 4235 3662 4298 omnibus

283 4339 458 4397 πάντα
483 4319 673 4417 σχεδὸν
701 4338 769 4394 τὰ
797 4338 933 4415 μέρη
964 4347 1057 4397 τοῦ
1112 4337 1279 4416 Νόρου
1320 4337 1407 4393 καὶ
1434 4319 1563 4401 ήτῆς
1611 4319 1925 4408 Ἂνατὸλῆς,

2029 4328 2137 4417 ‘ere
2152 4319 2350 4382 Austri
2368 4331 2425 4417 et
2444 4321 2702 4417 Orientis
2724 4325 3012 4404 partibus,
3060 4334 3451 4417 praemortuus
3487 4325 3664 4387 aliter

287 4426 654 4505 ἂλλοτροπως,
714 4428 743 4482 6
795 4428 966 4483 θανὼν
1032 4426 1132 4493 τὴν
1187 4432 1467 4504 περιοῦσαν
1521 4420 1934 4504 ὴῤῥαϐωνίσατο,

292 4516 604 4595 συζευχθείη
633 4514 871 4592 νομίμως
907 4515 1041 4592 αὐτῇ
1070 4517 1099 4571 6
1140 4515 1326 4571 τούτου
1356 4509 1694 4592 αῦτάδελφος.

374 4602 667 4683 Ἐρώτησις
748 4610 820 4675 ζ,
910 4602 1428 4684 Ἀπροκριματίστως
1526 4598 1822 4657 διακονικοῦ
1899 4598 1935 4668 ἢ

291 4695 554 4773 ἱερατικοῦ
583 4692 786 4769 βαθμου
855 4690 1099 4760 ἀξιωθείη
1143 4694 1171 4748 6
1238 4690 1322 4748 διὰ
1375 4693 1437 4747 τὸ
1489 4689 1799 4756 τελευτῆσαι
1840 4690 1938 4756 τὴν

291 4784 708 4860 μνηστευθεῖσαν
738 4782 904 4857 αὐτῷ,
966 4780 1146 4860 ἑτέραν
1198 4776 1418 4856 σύμϐιον
1476 4778 1831 4857 ἀγαγόμενος,
1903 4775 1939 4844 ἢ

289 4874 365 4936 ὡς
394 4869 613 4950 δίγαμος
641 4869 1031 4941 κωλυθήσεται,

375 4961 503 5019 Ἀπ.
536 4961 594 5017 Εἰ
621 4958 719 5035 μὲν
786 4960 922 5015 κατὰ
975 4960 1073 5026 τὴν
1132 4962 1232 5026 τῆς
1290 4957 1521 5035 ῥεθείσης
1581 4960 1767 5031 νεαρᾶς
1796 4954 1940 5009 ἁπο-

288 5050 525 5107 τύπωσιν
590 5046 982 5127 ἠῤῥαϐωνίσατο
1065 5048 1164 5115 τὴν
1241 5047 1611 5127 ἀποιχομένην
1670 5043 1935 5119 μνηστὴν,

293 5138 445 5217 ἑτέρᾳ
472 5139 677 5216 γυναικὶ
725 5138 859 5213 μετὰ
903 5139 998 5194 τὸν
1054 5137 1253 5204 ταύτης
1337 5139 1558 5193 θανατον
1614 5131 1938 5209 συζευχθεὶς,

294 5227 391 5284 οῦκ
447 5225 690 5293 ἀξιωθείη
744 5227 945 5303 βαθμοῦ
997 5247 1141 5289 τινος
1194 5225 1300 5282 τῶν
1350 5229 1443 5282 τοῦ
1487 5223 1750 5299 βήματος.
1790 5219 1946 5295 Δίγα-

2018 4406 2132 4469 sibi
2162 4410 2537 4489 superstitem
2598 4406 3098 4491 desponsaverat‘:
3135 4414 3312 4493 hujus
3348 4426 3663 4491 germanus

2021 4497 2078 4558 ei
2105 4497 2366 4575 legitime
2397 4500 2808 4579 conjungatur.

2100 4585 2287 4648 Inter.
2318 4587 2371 4651 7.
2404 4588 2496 4649 Au
2512 4589 2642 4650 siue
2671 4589 3014 4669 praejudicio
3043 4588 3351 4652 diaconico
3380 4595 3440 4650 et
3458 4605 3665 4651 sacer-

2020 4675 2198 4737 dotali
2249 4677 2434 4755 gradu
2487 4677 2699 4757 dignus
2730 4678 3068 4760 habebitur,
3124 4679 3225 4760 qui
3273 4698 3407 4740 cum
3436 4686 3667 4741 mortua

2020 4764 2207 4845 ipsius
2258 4774 2414 4827 esset
2468 4785 2704 4847 sponsa,
2764 4768 2943 4828 alium
2994 4768 3305 4848 conjugem
3352 4767 3539 4849 duxit,
3590 4784 3664 4830 an

2021 4854 2184 4916 velut
2211 4853 2470 4917 binubus
2502 4855 2961 4936 prohibebitur?

2103 4946 2235 5007 Res.
2271 4943 2334 5006 Si
2363 4944 2603 5024 quidem
2619 4945 2788 5024 juxta
2818 4946 3110 5027 praedictae
3147 4947 3394 5010 novella;
3419 4947 3666 5009 formam

2024 5031 2419 5113 desponderat
2449 5033 2562 5093 sibi
2594 5042 2882 5095 mortuam
2905 5045 3343 5117 sponsam,post
3358 5036 3486 5117 ejus
3505 5053 3667 5097 mor-

2024 5131 2144 5184 tem
2176 5120 2276 5182 alii
2310 5121 2481 5183 uxori
2514 5121 2863 5201 conjunctus
2896 5142 3017 5185 non
3045 5133 3446 5207 consequetur
3484 5124 3671 5186 ullum

2028 5210 2227 5272 altaris
2250 5210 2494 5289 gradum
2530 5232 2543 5269 :
2593 5211 2850 5273 binubus
2903 5214 3061 5276 enim
3094 5222 3390 5277 censetur.
3427 5212 3531 5277 Sin
3561 5232 3667 5276 au-

295 5336 394 5396 μος
422 5316 522 5396 γὰρ
550 5300 934 5395 λογίζεταιξΕἱ
960 5313 1016 5372 δὲ
1072 5315 1216 5395 παρὰ
1271 5314 1367 5381 τὴν
1409 5312 1606 5377 ταύτης
1661 5305 1933 5386 περίληψιι

2031 5310 2147 5364 tem
2198 5314 2413 5381 praeter
2464 5300 2595 5380 ejus
2654 5308 2919 5365 tenorem
2978 5322 3113 5366 cum
3171 5312 3405 5368 mortuo
3457 5321 3678 5386 sponsa

1634 5473 1889 5539 VARLE
1933 5467 2369 5537 LECTIONES.

346 5630 351 5633 '
380 5632 402 5665 ι
433 5620 809 5702 peractione.
