4160 6212
306 373 455 450 to“

1641 365 2346 446 GMGD—ROMANUM.

3521 367 3680 435 1042

295 511 426 591 πρός
455 532 602 574 τινας
671 508 1042 590 ἐρωτήσαντας
1097 507 1216 584 περὶ
1269 505 1507 562 τοιούτου
1549 503 1690 565 τιλὸς
1719 502 1945 579 ἀποκρι-

2033 504 2490 576 terrogaverant,
2523 496 2664 559 olim
2695 515 2796 591 ea1
2819 517 2948 580 qua;
2977 506 3112 560 sunt
3140 499 3215 562 de
3246 500 3436 574 laicis,
3461 517 3678 591 conse-

296 600 532 676 νόμενοι,
574 597 708 662 τέως
765 598 831 653 τὰ
890 597 1007 675 περὶ
1062 600 1166 651 τῶν
1210 593 1416 650 λατκῶν
1474 591 1773 658 ἀκολούθως
1824 601 1948 652 ταῖς

293 691 458 753 θείαις
525 689 740 751 ταύταις
791 692 1028 767 Γραφατς
1112 681 1492 750 διηυλύτωσαν.
1545 682 1713 770 ,Φησὶ
1754 680 1854 770 γὰρ
1911 679 1947 746 ἡ

296 787 389 838 τοῦ
432 779 588 857 ,ἁγίου
661 775 929 833 Διονυσίου
1011 773 1308 852 ἀπόκρισις,
1384 773 1441 829 Εἰ
1501 769 1595 846 μὲν
1677 768 1947 825 ὑπόκειται

296 867 544 942 ἐπιθυμίᾳ
600 866 873 944 γυναικὸς,
935 864 1031 920 οὒκ
1120 861 1362 941 ὀφείλει·
1425 860 1470 915 εἰ
1513 857 1568 914 δὲ
1624 860 1651 914 6
1709 862 1948 919 Σατανᾶς

296 957 531 1036 πειράζει
609 954 790 1033 αὐτὸν,
880 951 974 1007 ἵνα
1042 949 1126 1006 διὰ
1181 951 1279 1016 τῆς
1376 947 1690 1027 προφάσεως
1751 945 1948 1036 ταύτης

299 1032 715 1123 ἆπάλλοτριώσῃ
745 1047 845 1109 τῆς
901 1040 1178 1103 κοινωνίας
1220 1039 1327 1096 τῶν
1369 1036 1692 1118 μυστηρίων,
1733 1032 1948 1123 ,ὀφείλει

297 1122 638 1201 κοινωνῆσαι.
669 1128 819 1191 Ἐπεὶ
837 1133 907 1189 οὐ
947 1129 1206 1186 παύσεται
1249 1129 1276 1184 6
1304 1126 1565 1206 πειράζων
1622 1122 1742 1181 κατ’
1799 1122 1947 1178 ἐκεῖ-

298 1246 385 1280 νον
415 1227 507 1280 τὸν
547 1222 727 1300 καιρὸν
780 1217 1137 1296 ἐπιτιθέμενος
1188 1218 1352 1291 αὐτῷ.
1415 1216 1508 1272 Διὸ
1564 1215 1652 1271 καὶ
1690 1213 1854 1289 ἡμεῖς
1882 1211 1948 1267 τὰ

297 1311 432 1369 αὐτὰ
505 1311 632 1390 περὶ
701 1308 905 1366 λα’ίκῶν
984 1305 1351 1386 διοριζόμενοι,
1429 1304 1547 1384 περὶ
1616 1301 1941 1376 ἐπισκόπων,

298 1398 554 1460 διακόνων
623 1399 712 1455 καὶ
765 1396 944 1476 ἱερέων
998 1393 1404 1476 φανταζομένων
1470 1391 1606 1449 κατὰ
1655 1390 1944 1458 σατανικὴν

293 1490 383 1545 καὶ
434 1487 607 1563 ,μόνον
670 1485 945 1565 ἐπήρειαν,
1002 1485 1092 1540 τὸν
1143 1485 1298 1540 αὐτὸν
1386 1480 1550 1537 τόπον
1617 1491 1832 1558 κρατεῖν
1887 1481 1948 1536 οὗ

298 1574 737 1655 διαγινώσκομεν,
795 1573 1180 1651 ἐπιζυγωθῆναι
1249 1569 1305 1627 δὲ
1348 1568 1556 1646 μᾶλλον
1611 1570 1792 1631 αὐτοῖς
1841 1571 1948 1655 τήν

295 1654 800 1743 τῆςίὶεροτελεστίας
855 1659 1118 1740 ἐνέργειαν
1173 1660 1310 1716 κατὰ
1367 1658 1535 1734 μόνην
1590 1657 1690 1724 τὴν
1746 1654 1948 1734 ἡμέραν

2033 593 2283 666 quenter
2335 585 2552 648 divinis
2610 585 2704 648 his
2761 585 3081 669 Scripturis
3129 589 3540 669 expedierunt.
3583 588 3681 650 Ait

2033 674 2192 735 enim
2223 674 2691 756 sanctiDionysii
2725 677 3034 756 reSponsio
3061 699 3074 740 :
3101 675 3407 760 Siquidem
3431 677 3680 759 subjici-

2033 769 2129 826 tur
2155 764 2421 826 mulieris
2447 764 2775 840 desiderio,
2808 785 2927 828 non
2949 765 3146 828 debet.
3182 766 3349 839 Quod
3363 765 3416 828 si
3437 769 3681 830 Satanas

2033 870 2171 914 eum
2205 860 2409 928 tentat,
2443 862 2508 916 ut
2534 854 2650 916 hac
2679 855 2992 916 occasione
3022 854 3319 916 abalienet
3345 874 3380 916 a
3409 873 3682 917 commu-

2033 941 2210 1002 nione
2269 949 2801 1016 sacramentorum,
2854 942 3034 1005 debet
3089 943 3507 1006 communione
3536 943 3675 1005 frui.

2031 1028 2318 1102 Quoniam
2347 1037 2602 1092 tentator
2621 1049 2691 1092 eo
2722 1040 2990 1114 tempore
3020 1051 3139 1094 non
3155 1032 3394 1096 desinet
3414 1033 3470 1094 ei
3493 1043 3681 1095 strue-

2029 1135 2095 1178 re
2124 1117 2394 1182 insidias.
2447 1117 2846 1190 Quamobrem
2895 1129 2952 1182 et
3007 1139 3116 1183 nos
3173 1121 3383 1184 eadem
3408 1120 3484 1183 de
3505 1121 3676 1184 iaicis

2031 1206 2404 1288 deﬁnientes,
2434 1207 2495 1268 in
2527 1208 2842 1290 episcopis,
2877 1209 3162 1288 diaconis,
3188 1219 3245 1273 et
3269 1211 3675 1274 sacerdotibus

2027 1295 2509 1375 imaginationem
2535 1297 2720 1378 passis
2744 1316 2850 1378 per
2873 1300 3198 1362 satanicum
3220 1301 3414 1361 solum
3441 1300 3672 1381 impro-

2027 1384 2258 1465 perium
2295 1385 2614 1459 ﬂeamdem
2645 1385 2894 1447 formam
2921 1389 3189 1450 obtinere
3218 1407 3334 1449 non
3366 1390 3676 1451 novimus:

2031 1471 2432 1553 operationem
2457 1472 2614 1535 enim
2627 1475 2903 1537 sacriﬁcii
2929 1478 3014 1540 eis
3033 1478 3228 1559 potius
3249 1478 3677 1540 occludendam

2033 1579 2346 1622 censemus
2371 1561 2495 1623 solo
2518 1564 2733 1624 somnii
2755 1564 3058 1628 libidinosi
3081 1568 3200 1643 die,
3227 1575 3468 1648 propter
3487 1585 3680 1628 sacer-

2031 1651 2176 1712 dotii
2206 1651 2628 1725 reverentiam,
2663 1654 2780 1715 nisi
2817 1655 2967 1718 forte
3015 1675 3182 1718 mora
3211 1656 3546 1738 periculosa
3576 1655 3676 1730 sit,

294 1754 395 1818 τῆς
425 1739 742 1830 ὀνειρώξεως
797 1739 1155 1830 ψηφιζόμεθα,
1215 1746 1300 1804 διὰ
1377 1749 1438 1803 τὸ
1507 1751 1606 1814 τῆς
1661 1744 1945 1825 ἱερωσύνης

2030 1739 2120 1830 vel
2153 1749 2392 1821 propter
2421 1741 2541 1804 dici
2595 1743 3020 1817 celebritatem,
3074 1746 3164 1807 vel
3215 1745 3528 1808 utilitatem
3557 1744 3675 1808 rei.

296 1807 606 1916 σεϐάσμιθν.
653 1841 712 1897 ΕΙ
779 1807 858 1914 μίὴ
895 1807 1092 1918 ιτυὲίξιν
1139 1807 1455 1904 κινδυνώδης
1501 1835 1639 1892 ἐστὶν
1689 1807 1725 1902 η
1779 1831 1944 1911 ὑπέρ-

2031 1807 2217 1890 Noctu
2260 1807 2419 1891 enim
2449 1832 2638 1910 frangi
2670 1842 2846 1914 queat
2874 1807 3118 1916 laqueus
3145 1834 3479 1910 tentatoris,
3510 1807 3677 1896 eral?

297 1933 459 2002 θεσις,
521 1929 557 1996 ἢ
612 1927 700 1984 διὰ
754 1931 814 1984 τὸ
865 1933 961 1994 τῆς
1013 1925 1217 2006 ἡμέρας
1260 1924 1727 2006 περιφανέστατον,
1797 1920 1835 1990 ἢ
1866 1918 1945 1975 διὰ

2035 1919 2141 2006 tari
2172 1925 2368 1980 autem
2401 1920 2679 1982 sacriﬁcii
2710 1930 2989 2003 potestas.

298 2020 358 2074 τὸ
387 2024 480 2075 του
508 2019 821 2096 πράγματος
878 2005 1338 2096 χρησιμώτατον,
1371 2005 1449 2093 Τῇ
1515 2015 1657 2069 νυκτὶ
1660 2013 1806 2091 λγὰρ
1855 2005 2148 2088 συντριϐείη
2199 2008 2296 2084 μὲν
2354 2011 2389 2077 ἡ
2447 2013 2604 2088 παγὶς
2674 2019 2767 2068 τοῦ
2822 2013 3169 2093 ἐπηρεαστοῦ,
3231 2014 3463 2090 ὺψωθείη
3491 2012 3546 2070 δὲ
3581 2019 3682 2082 τῆς

298 2107 582 2188 ἱερουργίας
610 2109 646 2174 ἡ
674 2104 888 2188 δύναμις
899 2151 913 2166 .
1719 2130 1722 2132 ·

377 2185 675 2274 Ἐρῶτησις
746 2185 802 2257 ι’.
863 2193 924 2254 Ὀ
981 2197 1118 2272 μετὰ
1202 2195 1426 2271 νομίμου
1504 2190 1722 2269 συμϐίου
1791 2212 1945 2247 αυτου

2112 2186 2298 2249 Inter.
2365 2188 2458 2254 10.
2494 2188 2606 2262 Qui
2635 2209 2769 2253 cum
2808 2192 3071 2272 legitima
3120 2211 3303 2256 uxore
3331 2199 3438 2255 sua
3468 2209 3680 2255 carna-

299 2290 562 2363 σαρκικῶς
619 2285 911 2364 συναφθεὶς,
1013 2283 1256 2352 ἀξιωθείη
1316 2285 1608 2362 αἰθημερὸν
1677 2281 1773 2350 τῆς
1842 2287 1945 2336 τῶν

2030 2275 2170 2338 liter
2200 2279 2554 2357 conjunctus
2584 2280 2785 2357 fuerit,
2817 2300 2892 2343 an
2923 2302 2993 2345 eo
3024 2283 3121 2345 die
3141 2283 3354 2363 dignus
3370 2281 3680 2346 habendus

297 2373 640 2453 ἁγιασμάτων
673 2372 1051 2449 μεταλήψεωςθ
1082 2373 1118 2442 ἢ
1163 2374 1222 2430 οὔ
1258 2393 1274 2452 ἶ

2030 2364 2104 2426 sit
2134 2367 2582 2447 participatione
2611 2370 3141 2433 sanctiﬁcationum
3172 2370 3416 2434 necne?

377 2465 506 2523 Ἀπ.
542 2455 598 2524 Ὀ
648 2464 897 2544 θεοκήρυξ
968 2465 1196 2541 Παῦλος,
1259 2468 1288 2522 ὁ
1356 2469 1455 2531 τῆς
1491 2461 1808 2531 Ἐκκλησίας
1841 2462 1942 2539 μέ-

2045 2543 2070 2544 Ῠ
2111 2455 2243 2544 Res.
2280 2454 2388 2517 Dei
2411 2475 2603 2537 praeco
2637 2460 3130 2541 Paulus,magnus
3147 2460 3431 2523 Ecclesiae
3450 2459 3679 2537 doctor,

297 2577 395 2632 γας
437 2551 771 2629 διδάσκαλος,
815 2543 1182 2630 γΔοκιμαζέτω
1233 2553 1428 2634 (φησὶν)
1486 2552 1704 2618 ἕκαστος
1736 2553 1943 2624 ἑαυτὸν,

2031 2543 2342 2604 Examinat
2371 2544 2612 2626 (inquit)
2645 2549 3059 2629 unusquisque
3105 2550 3364 2632 seipsum
3398 2557 3457 2611 et
3495 2549 3583 2612 sic
3612 2567 3683 2612 ex

297 2645 384 2698 καὶ
423 2640 589 2706 οὕτως
619 2642 682 2699 ὲκ
735 2651 828 2701 τοῦ
886 2638 1044 2722 ἄρτου
1115 2643 1351 2718 ἐσθιέτω,
1416 2643 1505 2699 καὶ
1571 2649 1666 2698 τοῦ
1693 2643 1945 2720 ποτηρίου

2030 2649 2183 2713 pane
2213 2635 2504 2710 comedat,
2575 2645 2632 2697 et
2665 2656 2698 2699 e
2747 2639 2932 2700 calice
2989 2639 3176 2703 bibat.
3238 2639 3306 2701 Et
3337 2657 3564 2714 rursus,
3595 2637 3682 2701 Ne

297 2731 516 2793 πινέτω.
594 2732 700 2789 Καὶ
756 2730 937 2811 πάλιν,
1020 2732 1108 2800 Μὴ
1204 2731 1657 2811 ἆποστερείτωσαν
1746 2729 1945 2810 (φησὶν)

2030 2722 2282 2803 privent,
2318 2723 2532 2805 inquit,
2563 2726 2792 2807 seipsos
2809 2727 3116 2809 coniuges,
3136 2727 3251 2789 nisi
3266 2746 3337 2790 ex
3359 2744 3678 2804 consensu,

300 2821 516 2883 ἑαυτοὺς
561 2822 607 2877 οἱ
639 2820 913 2902 ὀμόζυγοι,
946 2823 990 2877 εἰ
1020 2822 1097 2897 μή
1153 2843 1203 2877 τι
1260 2820 1322 2878 ἐκ
1376 2819 1680 2900 συμφώνου,
1726 2817 1852 2876 ὅταν
1878 2825 1945 2897 τῇ

2031 2811 2267 2894 quando
2299 2813 2369 2872 ad
2424 2822 2643 2902 sanctae
2675 2817 3111 2879 communionis
3141 2817 3544 2898 precationem
3576 2835 3682 2879 ac-

299 2915 578 2990 προσευχῇ
629 2915 727 2977 τῆς
773 2899 923 2990 ἁγίας
979 2911 1258 2975 κοινωνίας
1315 2899 1552 2986 μέλλωσι
1607 2899 1941 2989 προσελθεῖν.

2030 2900 2256 2962 cessuri
2287 2899 2527 2962 sunt.Et
2552 2902 2834 2966 Davidem
2861 2925 3085 2989 eosque
3101 2907 3200 2990 qui
3230 2925 3364 2969 cum
3389 2925 3459 2969 eo
3486 2915 3678 2983 erant,

302 3001 400 3060 Καὶ
427 2999 518 3057 τὸν
548 2995 708 3055 Δαϐὶδ
747 2996 802 3054 δὲ
829 3001 919 3055 καὶ
985 3000 1104 3063 τοὺς
1162 3000 1254 3058 σὺν
1305 3000 1470 3075 αὐτῷ,
1514 2999 1846 3071 ζητήσαντας
1888 2997 1945 3053 ἐκ

2030 2997 2360 3078 quaarentes
2420 2992 2734 3054 comedere
2796 3013 2866 3056 ex
2922 2995 3175 3077 panibus
3233 2994 3679 3078 propositionis,

300 3095 405 3146 τῶν
449 3086 622 3167 ἄρτων
679 3100 872 3166 φαγεῖν
940 3093 1038 3156 τῆς
1108 3086 1428 3168 προθέσεως,
1514 3085 1945 3166 προησφαλίσατο

2031 3086 2202 3140 caute
2229 3077 2819 3181 prius}interrogavit
2848 3085 3130 3166 pontifex.
3169 3104 3311 3148 num
3341 3077 3551 3150 mundi
3581 3103 3683 3146 es-

299 3178 328 3234 6
356 3177 657 3257 ἁρχιερεὺς,
716 3177 760 3232 εἰ
829 3177 1044 3257 καθαροί
1115 3179 1242 3234 εἰσιν
1295 3177 1401 3234 ἀπὸ
1457 3177 1640 3243 κοίτης
1670 3175 1942 3254 γυναικός.

2033 3173 2167 3227 sent
2219 3184 2253 3228 a
2309 3168 2633 3232 concubitu
2685 3171 2975 3234 mulieris.
3038 3173 3157 3236 Sed
3210 3181 3268 3236 et
3323 3173 3386 3235 in
3415 3173 3680 3235 Mosaico

300 3254 465 3327 Ἀλλᾶ
508 3254 594 3323 καὶ
637 3254 691 3322 έν
746 3271 815 3343 τῇ
872 3254 1138 3343 Μωσαϊκῇ
1191 3264 1356 3344 βίϐλῳ
1397 3271 1494 3334 τῆς
1539 3263 1748 3332 Ἐξόδου
1789 3271 1945 3321 ταῦτα

2033 3254 2216 3316 Exodi
2247 3255 2554 3331 libro,haac
2575 3261 2922 3322 nominatim
2940 3261 3329 3325 instituuntur
3355 3273 3404 3324 ιιι
3420 3263 3500 3325 Et
3520 3263 3678 3325 dixit

300 3356 480 3434 ῥητῶς
511 3354 890 3413 ἀνα-τάττονται
924 3373 940 3392 ο
992 3379 1019 3411 α
1055 3358 1151 3415 Καὶ
1181 3357 1306 3412 εἷπε
1337 3356 1522 3435 Κύριος
1572 3357 1701 3433 πρὸς
1729 3359 1945 3434 Μωσῆν¹

2039 3346 2178 3435 (20m
2188 3346 2326 3406 inus
2339 3346 3680 3434 adMosem.Descendenscontestarepopulum

299 3432 542 3507 Καταϐὰς
615 3442 962 3522 διαμάρτυραι
1017 3451 1095 3518 τῷ
1151 3443 1265 3520 λαῷ
1325 3432 1511 3519 τούτῳ,
1581 3432 1670 3500 καὶ
1734 3432 1945 3522 ἅγνισον

2034 3432 2217 3508 hunc,
2244 3435 2506 3515 puriﬁca
2533 3455 2628 3499 eos
2647 3439 2827 3500 hodie
2867 3449 2925 3502 et
2955 3457 3110 3514 cras,
3135 3447 3190 3503 et
3219 3432 3472 3504 abluunt
3492 3445 3680 3504 vesti-

299 3532 482 3595 αὐτοὺς
540 3533 775 3611 σήμερον
837 3533 926 3588 καὶ
1021 3531 1218 3612 αὔριον.
1309 3535 1411 3593 Καὶ
1465 3532 1811 3592 πλυνάτωσαν
1880 3531 1945 3588 τὰ

2030 3530 2231 3612 inertia
2251 3531 2447 3612 δμωαί
2469 3531 2685 3604 parati
2712 3531 2835 3588 sint
2852 3531 2919 3589 in
2940 3528 3100 3590 diem
3121 3527 3544 3593 tertium.Nam
3566 3535 3680 3588 ter-

297 3621 482 3696 ίμέτια
546 3623 740 3694 αὐτῶν,
802 3623 889 3677 καὶ
945 3620 1179 3679 ἔστωσαν
1264 3621 1468 3698 ἕτοιμοι
1543 3624 1616 3684 είς
1660 3621 1758 3688 τὴν
1800 3619 1944 3696 ἠμέ-

2031 3609 2125 3698 tio
2145 3610 2242 3671 die
2264 3611 2590 3675 descendet
2619 3613 2910 3677 Dominus
2944 3616 3006 3676 in
3029 3625 3293 3681 montem
3317 3618 3458 3681 Sina
3478 3634 3678 3679 coram

298 3731 390 3788 ραν
418 3709 517 3776 τὴν
555 3709 755 3788 τρίτην.
794 3732 822 3763 ι
859 3715 936 3786 Τῇ
961 3712 1059 3789 γὰρ
1087 3710 1247 3790 ἡνέρᾳ
1288 3717 1355 3788 τῇ
1381 3697 1531 3792 τρίτη
1588 3707 1944 3779 καταϐήσεται

2030 3697 2320 3792 universo
2365 3701 2604 3792 populo.
2662 3703 2738 3764 Et
2765 3721 2992 3782 rursus,
3026 3705 3354 3770 Descendit
3381 3705 3578 3771 Moses
3607 3707 3681 3770 de

302 3798 485 3876 Κύριος
514 3796 598 3853 ἐπὶ
625 3799 687 3853 τὸ
727 3796 847 3876 ὅρος
874 3800 934 3854 τὸ
965 3788 1117 3879 Σινὰ,
1177 3788 1628 3862 έναντίονγπαντὸς
1656 3805 1747 3856 τοῦ
1790 3796 1942 3857 λαοῦ.

2030 3794 2224 3850 monte
2242 3788 2320 3850 ad
2333 3790 2720 3872 papulum,et
2739 3795 3146 3874 sanctiﬁcavit
3161 3813 3258 3860 eos
3278 3817 3290 3856 :
3309 3795 3679 3860 abluerunt-

300 3887 398 3943 Καὶ
421 3884 604 3966 πάλιν,
643 3909 670 3940 α
703 3883 914 3954 Κατέϐη
945 3892 1143 3954 Μωσῆς
1201 3887 1261 3945 ἐκ
1295 3899 1389 3949 τοῦ
1445 3887 1594 3968 ὅρους
1653 3888 1784 3966 πρὸς
1854 3887 1945 3942 τὸν

2030 3893 2142 3956 que
2156 3879 2554 3968 vestimenta.
2580 3880 2666 3942 Et
2682 3881 2847 3944 dixit
2865 3885 3112 3963 populo,
3134 3885 3343 3948 Estote
3358 3888 3562 3966 parati
3581 3886 3681 3949 die

297 3972 448 4054 λαὸν,
528 3975 616 4032 καὶ
693 3975 908 4052 ἡγίασεν
1032 3978 1216 4044 αὐτούς
1247 3993 1262 4008 ’
1373 3967 1486 4036 καὶγ
1558 3975 1782 4033 ἔπλυναν
1879 3975 1945 4030 τὰ

2030 3967 2293 4042 tertio,et
2320 3986 2394 4027 ne
2415 3970 2895 4048 congrediamini
2909 3989 3046 4034 cum
3067 3973 3674 4038 muliere.Sanctissi-

299 4064 509 4139 ἱμάτια.
569 4065 670 4122 Καὶ
737 4067 860 4120 εἷπε
906 4068 984 4138 τῷ
1054 4065 1192 4146 λαῷ,
1275 4067 1479 4124 Γίνεσθε
1536 4066 1738 4141 ἕτοιμοι
1797 4063 1942 4142 τρίτῃ

2030 4072 2158 4146 mus
2206 4063 2405 4146 autem
2489 4057 2872 4121 Alexandriae
2942 4061 3276 4142 patriarcha
3330 4063 3680 4128 Timotheus

294 4151 492 4228 ἡμέρᾳ,
523 4152 719 4228 καὶμὴ
783 4152 1107 4231 προσέλθητε
1158 4142 1385 4234 γυναικί.
1423 4180 1452 4212 ι
1517 4147 1575 4214 ιΟ
1642 4152 1697 4210 δὲ
1767 4152 1943 4232 ἁγιώ-

2030 4142 2246 4235 dehoc
2276 4143 2702 4235 interrogatus,
2729 4148 2910 4211 dixit:
2957 4148 3088 4212 Non
3110 4151 3328 4215 debent
3369 4154 3678 4235 coniuges,

295 4263 454 4304 τατος
555 4242 901 4322 πατριάρχης
1007 4231 1396 4324 Ἀλεξανδρείας
1491 4244 1743 4320 Τιμόθεος
1829 4243 1945 4321 περὶ

2030 4231 2129 4313 qui
2161 4233 2477 4324 carnaliter
2503 4237 2806 4317 conjuncti
2828 4240 3322 4321 sunt,promereri
3347 4231 3678 4304 divinarum

294 4331 482 4386 τούτου
538 4329 843 4409 ἐρωτηθεὶς,
917 4329 1132 4411 ἔφησεν,
1194 4322 1302 4392 Οὖκ
1349 4331 1640 4414 ὀφείλουσιν
1696 4332 1742 4388 οί
1804 4352 1943 4406 συμ-

2030 4322 2561 4387 sanctiticationum
2597 4325 3106 4407 participationem
3153 4347 3260 4409 per
3288 4329 3483 4411 ipsum
3515 4330 3677 4392 diem

296 4417 584 4482 πλακέντες
654 4419 904 4498 ὁμόζυγοι
959 4425 1222 4500 σαρκικῶς
1293 4411 1655 4488 κατάξιοῦσθαι
1697 4424 1794 4489 τῆς
1837 4426 1943 4475 τῶν

2030 4411 2284 4473 carnalts
2307 4430 2512 4474 eorum
2537 4414 3110 4498 complexus.Itaque
3139 4436 3247 4478 nos
3270 4418 3395 4480 haec
3419 4419 3507 4480 sic
3529 4419 3675 4480 deﬁ-

298 4506 448 4563 θείων
543 4507 887 4584 ἁγιασμάτων
968 4509 1345 4592 μεταληψεως,
1431 4509 1551 4568 κατ’
1622 4509 1786 4577 αὐτὴν
1842 4509 1942 4575 τὴν

2030 4501 2155 4562 nita
2181 4511 2523 4582 sequentes,
2557 4503 2817 4565 dicimus
2847 4523 2963 4566 non
2993 4524 3124 4567 esse
3154 4507 3502 4586 conjugibus
3531 4525 3675 4588 per-

298 4595 500 4674 ἡμέραν
550 4600 648 4662 τῆς
705 4601 962 4673 σαρκικῆς
1017 4603 1189 4658 αὐτῶν
1262 4598 1634 4662 συνελεύσεως.
1699 4599 1798 4653 Διὸ
1855 4597 1942 4652 καὶ

296 4685 460 4758 ἡμεῖς
487 4697 606 4747 τοῖς
678 4683 815 4741 οὕτω
856 4683 1191 4766 διορισθεϊσιν
1249 4689 1522 4769 ἑπόμενοι,
1597 4685 1821 4764 λέγομεν
1867 4685 1939 4746 ὣς

299 4772 394 4829 οὒκ
417 4770 555 4830 ἔστιν
584 4771 899 4852 ἐκχωρητέα
928 4789 1047 4840 τοῖς
1077 4778 1355 4856 ὀμοζύγοις
1407 4781 1442 4847 ἠ
1506 4783 1612 4833 τῶν
1669 4772 1940 4853 ἁγιασμά-

296 4883 401 4916 των
432 4859 760 4937 μετάληψις,
817 4865 952 4922 κατὰ
1005 4865 1106 4932 τὴν
1160 4866 1363 4946 ἡμέραν
1419 4865 1534 4922 καθ’
1577 4865 1642 4931 ἣν
1671 4863 1942 4942 συνῆφθη-

297 4971 394 5005 σαν
467 4950 755 5028 σαρκικῶς.
801 4953 1192 5031 Προστιθέαμεν
1261 4954 1316 5010 δὲ
1376 4956 1450 5018 ὡς
1519 4953 1632 5010 ἐπεὶ
1689 4953 1717 5008 6
1787 4951 1944 5012 αὐτὸς

298 5037 467 5116 μέγας
520 5037 796 5112 Τιμόθεος,
857 5039 1135 5119 ἐρωτηθεὶς
1196 5044 1332 5101 κατὰ
1386 5043 1541 5099 ποίαν
1594 5039 1795 5117 ἡμέραν
1848 5037 1948 5104 τῆς

299 5122 582 5200 ἑϐδομάδος
664 5125 958 5206 ὀφείλουσιν
1042 5131 1442 5210 ἐγκρατεύεσθκι
1543 5132 1591 5186 οἱ
1673 5126 1947 5203 ὅμόζυγοι,

298 5213 634 5292 ἀπεκρίνατο,
684 5215 830 5271 Κατὰ
897 5219 957 5274 τὸ
1014 5217 1285 5276 Σάϐϐατω
1359 5220 1446 5278 καὶ
1501 5218 1600 5285 τὴν
1660 5212 1946 5293 Κυριακῆν,

2028 4589 2375 4651 mittendam
2407 4591 2936 4654 sanctiﬁcationum
2963 4594 3554 4676 perceptionem,quo
3579 4595 3678 4658 die

2025 4677 2347 4740 carnaliter
2395 4679 2652 4759 copulati
2700 4689 2858 4742 sunt.
2911 4683 3201 4744 Addimus
3250 4691 3474 4758 autem,
3521 4684 3680 4765 quod

2025 4769 2313 4853 cumipse
2337 4784 2584 4846 magnus
2613 4767 2960 4831 Timotheus
2979 4769 3397 4850 interrogatus,
3435 4790 3550 4853 quo
3583 4770 3682 4834 die

2026 4852 2420 4915 hebdomadis
2450 4857 2820 4918 continentes
2869 4875 2999 4919 esse
3056 4857 3315 4920 debeant
3364 4852 3674 4942 conjugos,

2026 4941 2440 5031 responderit:
2474 4943 2732 5006 Sabbato
2753 4953 2814 5007 et
2835 4945 3167 5024 Dominico,
3195 4941 3678 5031 proptereaquod

2037 5030 2219 5109 magis
2253 5031 2429 5092 etiam
2461 5031 2521 5093 in
2552 5033 2641 5093 eis
2687 5033 2970 5115 spiritalis
3011 5036 3203 5098 hostia
3220 5035 3345 5099 Deo
3375 5030 3682 5103 oﬂ'eratur.

2033 5119 2117 5181 Ac
2147 5119 2484 5182 necessario
2517 5119 2742 5186 debent
2767 5125 3051 5205 conjuges
3071 5142 3107 5186 a
3126 5133 3330 5188 mutua
3350 5129 3683 5190 communi-

2036 5208 2266 5270 catione
2296 5210 2562 5289 separari
2592 5229 2706 5292 quo
2765 5212 2864 5276 die
2910 5213 3138 5277 divinas
3185 5215 3686 5280 sanctiﬁcationes

301 5299 389 5356 διὰ
416 5303 476 5358 τὸ
506 5301 559 5358 ἐν
590 5303 777 5368 αὐταῖς
807 5306 893 5362 καὶ
965 5307 1166 5384 μᾶλλον
1218 5308 1316 5378 τήν
1372 5305 1732 5384 πνευματικὴν
1775 5303 1945 5359 θυσίαν

2036 5305 2366 5387 assumunt,
2401 5316 2519 5359 non
2552 5299 2728 5361 modo
2761 5309 2896 5364 ante
2947 5301 3440 5382 ministrationem
3469 5306 3683 5387 ipsam,

301 5397 377 5465 τῷ
407 5391 577 5469 Κυρίῳ
632 5393 1018 5474 προσφέρεσθαι
1066 5414 1080 5429 ·

1157 5397 1209 5465 ἐξ
1266 5397 1502 5478 ἀνάγκης
1573 5393 1868 5476 ὀφείλουσιν
1903 5393 1945 5448 ul

2035 5387 2142 5450 sed
2161 5386 2339 5447 etiam
2359 5394 2490 5469 post
2505 5387 2744 5454 eam.Et
2772 5399 3045 5472 optamus
3062 5391 3302 5474 corrigi,
3335 5386 3509 5476 quod,
3523 5411 3680 5478 prai-

1590 5557 1884 5628 -VABIAE
1926 5554 2362 5623 LECTIONES.

389 5661 409 5705 ί
443 5659 856 5728 tentationem.
889 5681 917 5714 τι
943 5669 1171 5752 scripta
1213 5671 1522 5752 leguntur.
