4160 6212
512 382 664 451 1043
1879 387 1912 449 J
1918 386 2011 449 US
2051 384 2147 449 CA

2243 386 2497 451 lNIGUM
3728 388 3887 456 1044

505 526 600 582 ter
626 518 826 583 divina
880 518 1145 582 instituta
1175 527 1233 581 et
1260 527 1554 602 praecepta
1583 520 1741 584 circa
1778 538 2015 601 sponsae
2044 518 2147 580 de-

2243 520 2482 598 δμόζυγοι
2513 519 2574 576 ἐκ
2631 525 2728 588 τῆς
2775 523 2904 600 πρὸς
2962 521 3228 594 ἀλλήλους
3287 529 3544 602 σαρκικῆς
3601 523 3888 589 κοινωνίας

506 608 843 673 ductionem
901 608 965 670 in
1022 608 1362 689 nuptiarum
1403 610 1677 691 auspices
1726 609 1970 673 maleﬁt.
2002 607 2147 669 Nam

2243 605 2623 665 Ξποδιίστασθαι
2655 609 2790 667 κατὰ
2817 610 2916 678 τὴν
2972 611 3172 689 ἡμέραν
3226 617 3325 680 τῆς
3394 619 3500 669 τῶν
3527 612 3679 670 θείων
3709 614 3887 692 ἁγια-

505 705 816 781 postquam
845 714 1013 758 sacra
1043 697 1384 778 precatione
1406 698 1618 760 initiati
1650 707 1808 773 sunt,
1844 705 1904 759 et
1924 697 2147 759 divinas

2243 698 2446 773 πμάτων
2481 695 2854 774 μεταλήψεως.
2908 701 2980 759 Οὐ
3037 703 3198 776 μόνον
3253 704 3357 781 πρὸ
3412 707 3512 769 τῆς
3568 701 3887 766 ἐπιστασίας

504 784 1002 849 sanctiﬁcationes
1035 795 1512 866 promeruerunt,
1539 786 1611 848 ad
1653 786 1947 848 carnalem
1977 784 2143 846 festi-

2243 786 2416 863 ιύτῆς,
2491 785 2628 844 ἀλλὰ
2713 789 2800 844 καὶ
2849 789 2947 856 τὴν
3008 789 3126 865 μετ’
3184 792 3371 861 αὐτήν.
3457 792 3554 850 Καὶ
3611 791 3887 871 εὐχόμεθα

505 883 648 937 nant
668 874 974 949 unionem,
1024 874 1087 936 in
1117 875 1455 954 nuptiarum
1487 875 1718 938 deliciis
1749 874 2143 949 lascivientes,

2243 873 2569 952 Ξιορθωθῆναι
2598 876 2660 931 τὸ
2701 883 2877 943 κακῶς
2921 879 3009 934 καὶ
3062 900 3206 958 παρα
3272 880 3339 936 τὰ
3395 883 3515 937 θεῖα
3543 878 3887 958 διατάγματα

500 982 688 1028 sacrae
742 962 1177 1025 benedictionis
1241 965 1355 1024 vim
1415 984 1533 1025 non
1593 964 2062 1039 considerantes,
2091 970 2150 1023 et

503 1056 1036 1120 sanctiﬁcationum
1091 1057 1617 1137 contemptionem.
1682 1054 1976 1136 Conjuges
2006 1073 2146 1134 ergo

503 1165 619 1229 quo
650 1146 747 1209 die
768 1144 998 1207 divinas
1017 1145 1518 1208 sanctificationes
1550 1144 1961 1226 participaturi
1984 1150 2143 1217 sunt,

503 1254 623 1299 non
678 1241 905 1298 tantum
950 1241 1087 1297 ante
1137 1252 1341 1296 earum
1388 1234 1876 1314 assumptionem,
1933 1233 2039 1294 sed
2090 1242 2150 1294 et

503 1335 637 1407 post
659 1344 790 1388 eam
820 1324 967 1385 citra
984 1323 1424 1385 excusationem
1442 1324 1822 1384 continenter
1845 1341 1909 1383 se
1936 1339 2148 1402 gerere

502 1413 744 1478 debent.
778 1412 946 1486 Quod
971 1412 1023 1475 si
1043 1430 1164 1473 non
1182 1408 1800 1493 faciant,gravioribus
1816 1409 2148 1490 subjicien-

504 1512 601 1567 tur
629 1504 842 1587 poenis.

2228 965 2316 1021 καὶ
2358 962 2650 1044 διδάγματα
2703 966 2839 1022 κατὰ
2879 966 2978 1035 τὴν
3021 969 3394 1048 νυμφαγωγίαν
3446 970 3518 1031 εἷς
3577 969 3699 1034 τοὺς
3742 991 3886 1045 νυμ-

2229 1052 2516 1131 φοστόλους
2589 1055 2893 1133 γινόμενον.
2951 1056 3099 1111 Μετὰ
3168 1057 3267 1135 γὰρ
3352 1058 3412 1112 τὸ
3467 1056 3883 1136 ἱερολογηθῆναι

2230 1145 2316 1199 καὶ
2384 1144 2488 1198 τῶν
2544 1144 2693 1200 θείων
2779 1144 3119 1222 ἁγιασμάτων
3201 1143 3587 1213 καταξιωθῆναι
3656 1148 3879 1225 αὐτοὺς,

2230 1233 2361 1310 πρὸς
2431 1233 2685 1311 σαρκικὴν
2741 1234 3138 1311 κατεπείγουσιν
3182 1234 3369 1290 ἕνωσιν
3445 1238 3491 1293 οἱ
3549 1242 3656 1291 τῶν
3706 1234 3886 1304 ἡδέων

2230 1326 2321 1376 τοῦ
2376 1320 2549 1399 γάμου
2630 1322 3130 1403 κατατρυφώσαντες
3177 1341 3192 1357 ⁸
3278 1324 3358 1399 μὴ
3441 1322 3883 1402 ἀναλογιζόμενοι

2231 1414 2328 1476 τῆς
2359 1409 2734 1489 ἱεροτελεστίας
2784 1412 2883 1480 τὴν
2939 1410 3177 1493 δύναμιν,
3235 1413 3323 1469 καὶ
3377 1420 3483 1469 τῶν
3525 1414 3887 1491 ἁγιασματων

2231 1498 2331 1565 τὴν
2384 1499 2797 1580 καταφρόνησιν.
2886 1501 3289 1580 Ἀπαραιτήτως
3359 1501 3447 1558 οὖν
3502 1505 3550 1557 οἱ
3593 1502 3879 1580 ὁμόζυγοι,

502 1595 618 1657 καθ’
648 1596 714 1665 ἢν
746 1592 948 1673 ἡμέραν
971 1592 1078 1648 τῶν
1104 1590 1254 1647 θείων
1322 1590 1669 1669 ἀγιασμάτων
1726 1587 1977 1665 μέλλουσι
2025 1599 2344 1667 μετασχεῖν,
2406 1590 2466 1645 οὐ
2496 1587 2657 1662 μόνον
2681 1590 2783 1666 πρὸ
2811 1594 2910 1656 τῆς
2968 1589 3321 1665 μεταλήψεως
3382 1591 3575 1647 τούτων
3622 1588 3759 1646 ἀλλὰ
3792 1592 3891 1646 καὶ

506 1687 643 1765 μετὰ
696 1688 795 1753 τὴν
875 1681 1202 1762 μετάληψιν,
1301 1680 1594 1762 ὀφείλουσιν
1700 1679 2118 1758 ἐγκρατεύεσθαι.

501 1773 985 1844 δποϐληθήσονται.

582 1863 769 1926 Inter.
808 1862 905 1921 11.
945 1862 1058 1933 An,
1083 1859 1134 1921 si
1151 1858 1430 1921 sacerdos
1447 1856 1907 1938 lavetuerossit
1936 1855 2145 1919 eodem
2173 1862 2213 1912 B

2219 1685 2382 1734 Τοῦτο
2450 1673 2504 1731 δὲ
2586 1677 2664 1753 μὴ
2739 1680 3032 1753 ποιοῦντες,

3132 1679 3531 1759 αὐστηροτὲροις
3595 1678 3888 1755 ἐπιτιμίοις

2316 1851 2614 1933 Ἐρώτησις
2675 1843 2770 1913 ια’.
2805 1854 2962 1927 ἱἘὰν
3016 1858 3181 1936 ἱερεὺς
3265 1856 3449 1936 λουθῇ,
3496 1856 3706 1914 δύναται
3748 1857 3895 1914 κατὰ

504 1952 604 2015 die
632 1966 801 2013 sacra
818 1949 1012 2011 facere
1037 1946 1062 2008 ’ἐ
1091 1958 1151 2009 et
1178 1965 1253 2008 an
1283 1947 1431 2009 laico
1464 1946 1661 2021 liceat,
1699 1954 2007 2027 postquam
2035 1962 2143 2005 ve-

2243 1944 2322 2011 τὴν
2351 1942 2515 2010 αὐτὴν
2547 1942 2750 2019 ἡμέραν
2801 1947 3176 2027 ἱερουργῆσαι;
3223 1948 3308 2007 καὶ
3365 1946 3554 2010 λα’ίκὸς
3613 1947 3750 2023 μετὰ
3820 1948 3889 2002 τὸ

503 2040 662 2103 nerit
680 2040 741 2101 in
761 2032 1277 2117 balneum,eodem
1304 2035 1402 2097 die
1424 2042 1794 2115 sacramenta
1806 2031 2144 2096 assumere?

502 2128 576 2191 Et
609 2147 642 2191 e
673 2125 990 2202 contrario,
1023 2144 1099 2186 an
1135 2124 1416 2189 sacerdos
1445 2132 1679 2204 peracto
1706 2122 2019 2199 sacriﬁcio,
2057 2124 2144 2185 vel

504 2217 689 2280 laicus
744 2214 994 2297 sumptis
1050 2212 1265 2275 divinis
1294 2213 1863 2275 sanctiﬁcationibus
1894 2212 2141 2290 lavetur,

503 2315 602 2369 aut
628 2323 792 2368 venae
811 2303 1138 2365 sectionem
1165 2301 1441 2382 patiatur,
1474 2301 1713 2363 necne?

582 2393 725 2457 Res.
745 2391 1004 2456 Galenus
1026 2391 1398 2453 medicorum
1424 2390 2145 2465 doctissimus,Balueum,

504 2482 719 2565 inquit,
771 2489 830 2544 et
871 2480 982 2556 sol,
1018 2486 1076 2541 et
1105 2479 1471 2559 gymnasium
1504 2478 1575 2540 ad
1611 2486 1832 2539 motum
1868 2478 2145 2554 excitant,

505 2590 637 2654 quae
652 2578 788 2633 ante
803 2565 1831 2650 quiescebant,excrementa.Itaque
1862 2567 2010 2628 nihil
2042 2586 2149 2629 eo-

506 2679 664 2739 rum,
697 2659 773 2720 de
813 2656 1031 2738 quibus
1074 2655 1470 2734 interrogasti,
1505 2656 1626 2716 ﬁet.
1658 2657 1956 2717 Venarum
1991 2658 2150 2717 enim

505 2748 822 2819 sectiones,
855 2746 1067 2806 horum
1099 2744 1419 2806 ostendunt
1459 2743 1600 2805 vitia
1631 2752 1692 2805 et
1739 2745 2150 2825 pr0prietates,

499 2839 670 2918 juxta
718 2832 1091 2914 Hippocratis
1152 2840 1443 2912 praacepta
1503 2852 1517 2892 :
1580 2832 1875 2893 interdum
1907 2832 2150 2914 quidem

2226 2030 2475 2091 ἂπελθεῖν
2524 2033 2595 2097 εἰς
2647 2031 2955 2113 βαλανεῖον,
3014 2034 3348 2115 ἐκχωρηθείη
3405 2035 3699 2115 αὐθημερὸν
3769 2040 3887 2091 τῶν

2228 2121 2525 2198 μυστηρίων
2597 2119 2972 2203 μεταλαϐεϊνς
3031 2126 3118 2179 καὶ
3172 2124 3232 2181 ἐκ
3285 2132 3377 2182 τοῦ
3406 2125 3669 2198 ἐναντίου,
3726 2127 3886 2201 ἱερο-

2229 2208 2552 2279 τελεστήσας
2583 2212 2610 2265 ὁ
2670 2210 2858 2289 ιερεὺς,
2909 2211 2945 2279 ἢ
3002 2214 3029 2267 ὁ
3085 2210 3273 2277 λα’ίκὸς
3323 2214 3474 2271 θείων
3531 2214 3885 2292 ἁγιασμάτων

2230 2298 2462 2364 ἀξιωθεὶς
2493 2297 2830 2382 λουθήσεται,
2864 2300 2899 2368 ἢ
2925 2298 3474 2381 φλεϐοτομηθήσεται,
3508 2302 3544 2371 ἢ
3587 2301 3646 2358 οὐ
3676 2322 3692 2382 ;

2315 2385 2440 2450 Ἀπ,
2513 2378 2570 2444 Ὀ
2641 2388 2695 2444 ἐν
2752 2378 2954 2469 ἱατροϊς
3033 2388 3540 2455 διδασκαλικώτατος
3612 2378 3881 2467 Γαληνὸς,

2232 2475 2545 2556 Βαλανεῒον,
2579 2478 2729 2556 φησὶ,
2762 2480 2849 2535 καὶ
2876 2477 3031 2545 ἥλιος
3059 2481 3146 2536 καὶ
3200 2481 3493 2559 γυμνάσιον
3537 2484 3610 2547 είς
3666 2484 3884 2549 κίνησιν

2237 2563 2429 2643 ἐξορμᾷ
2458 2566 2523 2622 τὰ
2581 2566 2714 2630 τέως
2756 2568 3091 2648 ἡσυχάζοντα
3136 2570 3531 2648 περιττώματα.
3582 2572 3673 2627 Διὸ
3728 2569 3885 2627 οωὲν

2236 2652 2287 2718 ἐξ
2317 2656 2391 2707 ὧν
2419 2655 2702 2732 ἠρώτησας
2764 2658 3065 2734 γενήσεται,
3140 2659 3235 2715 Καὶ
3305 2661 3356 2714 αἱ
3411 2661 3566 2735 τομαὶ
3612 2661 3710 2738 γὰρ
3767 2666 3883 2717 τῶν

2236 2739 2441 2822 φλεϐῶν
2470 2742 2754 2828 ὲλέγχοισι
2803 2746 2899 2809 τὰς
2953 2745 3151 2802 τούτων
3204 2748 3391 2810 κακίας
3447 2750 3534 2804 καὶ
3588 2746 3883 2828 ἰδιότητας,

2234 2832 2368 2889 κατὰ
2394 2832 2461 2887 τὰ
2530 2823 2898 2912 Ἰπποκρατεια
2951 2831 3190 2913 δόγματα
3238 2852 3251 2866 '
3283 2836 3414 2893 ποτὲ
3463 2837 3560 2911 μὲν
3618 2823 3882 2894 κυίσκουσί

508 2916 940 2988 discussionem
973 2920 1292 3003 parientes,
1319 2939 1746 3001 nonnunquam
1777 2930 1972 2983 autem
2002 2941 2145 2983 con-

2243 2941 2319 2976 rat
2344 2918 2673 3000 διαφόρησιν,
2749 2921 2877 2979 ποτὲ
2933 2920 2988 2977 δὲ
3044 2922 3245 2999 μᾶλλον
3299 2925 3650 3004 στεγανωσιν,
3687 2916 3885 2982 ε[νατί-

508 3013 878 3078 strictionem
909 3010 1124 3091 potius.
1172 3007 1322 3081 Quid
1348 3008 1559 3088 igitur?
1576 3017 1974 3089 exspectatum
1998 3010 2148 3073 forte

508 3103 729 3166 malum
743 3099 988 3164 salutari
1007 3097 1539 3161 sanctiﬁcationum
1560 3098 1992 3179 participationi
2011 3118 2151 3161 con-

507 3199 837 3266 nectemus,
873 3201 934 3251 et
960 3186 1167 3250 salutis
1189 3195 1405 3249 nostrae
1424 3186 1624 3248 lumen
1646 3188 1917 3249 socordia
1934 3188 2148 3249 obum-

506 3280 853 3344 brabimus?
879 3296 1014 3340 cum
1037 3277 1199 3356 justa
1223 3276 1373 3338 ratio
1403 3276 1808 3338 sacriﬁcantes
1837 3285 1953 3338 tam
1985 3286 2143 3354 ante,

505 3388 682 3453 quam
718 3376 850 3449 post
873 3365 1256 3441 sacriﬁcium,
1287 3366 1603 3445 compellat
1631 3384 1765 3428 cum
1788 3366 1953 3427 omni
1982 3385 2150 3428 com-

507 3459 831 3542 punctione
855 3465 917 3520 et
945 3455 1277 3519 reverentia
1303 3454 1376 3516 ad
1407 3454 1596 3516 Deum
1636 3456 2057 3536 genuﬂectere,
2092 3463 2152 3518 et

507 3547 723 3628 gratias
753 3564 933 3627 agere
984 3545 1060 3607 ob
1107 3543 1404 3607 Dominici
1462 3544 1727 3624 corporis
1757 3556 1815 3606 et
1846 3544 2149 3624 sanguinis

505 3635 998 3717 assumptionem,
1031 3651 1144 3696 nec
1172 3631 1441 3695 deliciari
1463 3631 1747 3708 mollitiis,
1783 3640 1840 3694 et
1866 3652 2149 3713 aquarum

503 3724 829 3788 calidarum
851 3721 1318 3804 aspersionibus.
1353 3719 1520 3793 Quod
1539 3720 1590 3781 si
1608 3738 1777 3783 venae
1794 3720 2150 3784 incisionem

502 3812 749 3875 morbus
770 3819 975 3891 urgeat
1001 3809 1217 3884 letalis,
1250 3818 1497 3890 propter
1522 3808 1771 3872 salutem
1813 3810 2153 3889 aegrotantis

501 3919 574 3963 ea
601 3898 956 3982 perﬁcietur.
1579 3946 1582 3951 .

584 3988 779 4052 Inter.
838 3987 936 4049 12.
991 3985 1057 4050 Si
1102 3986 1234 4068 quis
1289 3993 1422 4067 post
1469 3994 1731 4049 sanctam
1789 3988 2146 4068 assumptio-

502 4095 645 4140 nem
675 4075 993 4151 vomuerit,
1025 4093 1135 4157 per
1163 4093 1338 4157 quam
1387 4074 1766 4137 traditionem
1799 4076 2146 4139 emendabi-

502 4172 599 4228 tur
618 4169 647 4227 7

580 4255 719 4320 Res.
745 4255 982 4329 Sancte,
1017 4251 1229 4334 inquit,
1254 4251 1597 4316 custodiens
1616 4257 1836 4316 sancta.
1874 4254 2147 4336 expiabi-

503 4353 598 4408 tur
633 4355 660 4387 ν
687 4349 748 4406 et
788 4341 1253 4405 sanctificabitur
1287 4360 1301 4406 :
1330 4341 1578 4421 gratiam
1634 4352 1828 4405 autem
1863 4344 2143 4424 prodens,

2232 3017 2353 3085 γοῦν
2390 3028 2403 3069 :
2436 3007 2860 3088 προσδοκήσιμον
2905 3009 3041 3077 ἴσως
3096 3014 3261 3068 κακὸν
3303 3019 3369 3081 τῇ
3412 3012 3737 3092 σωτηριώδει
3763 3020 3873 3071 τῶν

2231 3097 2575 3174 ἁγιασμάτων
2634 3098 2832 3173 μεθέξει
2914 3100 3252 3176 συνάψωμεν,
3337 3103 3425 3158 καὶ
3505 3103 3722 3180 ῥᾳθυμίᾳ
3815 3104 3881 3160 τὸ

2230 3192 2341 3266 φῶς
2398 3188 2497 3253 τῆς
2553 3189 2708 3263 ἡμῶν
2764 3189 3027 3269 σωτηρίας
3102 3188 3577 3270 ἐπηλυγάσωμεν;
3640 3191 3776 3250 ὅπου
3818 3214 3882 3270 γε

2229 3275 2348 3340 τοὺς
2410 3277 2797 3355 ἱερουργοῦντας
2864 3277 3060 3342 δίκαιος
3116 3278 3274 3359 λόγος
3349 3280 3730 3357 καταναγκάζει
3791 3283 3881 3338 καὶ

2229 3366 2330 3445 πρὸ
2384 3375 2481 3439 τῆς
2537 3369 2825 3448 ἱερουργίας
2895 3372 2980 3426 καὶ
3023 3372 3157 3446 μετὰ
3216 3371 3314 3439 τὴν
3395 3374 3682 3451 ἱερουργίαν
3741 3374 3879 3447 μετᾶ

2231 3452 2410 3521 πάσης
2468 3456 2792 3524 κατανύξεως
2842 3461 2929 3515 καὶ
3009 3458 3278 3525 εὐλαϐείας
3334 3459 3674 3538 γονυκλυτεϊν
3740 3462 3877 3538 πρὸς

2234 3544 2385 3616 Θεὸν,
2419 3546 2507 3600 καὶ
2566 3545 2910 3626 εὐχαριστεῖν
2966 3548 3125 3628 χάριν
3194 3554 3292 3616 τῆς
3345 3552 3436 3605 τοῦ
3491 3551 3744 3630 Συριακοῦ
3772 3551 3878 3606 σώ-

2232 3652 2399 3704 ματος
2442 3635 2531 3689 καὶ
2601 3634 2833 3710 αἵματος
2889 3635 3265 3712 μεταλήψεως,
3324 3637 3520 3712 καὶμὴ
3566 3638 3875 3716 θρύπτεσθαι

2230 3717 2499 3796 βλακείαις
2549 3726 2636 3780 καὶ
2688 3725 2995 3803 ῥαντισμοϊς
3039 3725 3239 3783 ὑδάτων
3293 3730 3521 3806 θερμῶν.
3583 3728 3639 3784 Εἰ
3681 3725 3733 3782 δὲ
3777 3729 3877 3794 τὴν

2229 3809 2577 3894 φλεϐοτομίαν
2625 3814 2922 3892 κατεπείγει
3001 3816 3285 3892 θανάσιμον
3343 3817 3574 3895 νοσήμα,
3626 3812 3711 3871 διὰ
3774 3818 3875 3884 τὴν

2232 3902 2493 3982 σωτηρίαν
2522 3912 2614 3961 τοῦ
2643 3901 2937 3982 κάμνοντος
2979 3903 3373 3975 τελεσθήσεται.

2310 3989 2603 4070 Ἐρώτησις
2680 3981 2773 4068 ιβ’.
2836 3991 2961 4049 Ἐὰν
3017 3992 3184 4069 ἐμέσῃ
3239 4015 3318 4057 τις
3376 3994 3511 4069 μετὰ
3578 3994 3677 4061 τὴν
3719 3995 3874 4072 ἁγίαν

2233 4079 2558 4157 μετάληψιν,
2604 4082 2738 4138 κατὰ
2758 4082 2906 4139 ποίαν
2936 4080 3236 4162 διορθωθείη
3273 4081 3554 4162 παράδοσιν
3588 4102 3606 4163 ;

2312 4257 2438 4317 Ἀπ.
2495 4250 2552 4316 Ὀ
2608 4257 2705 4333 μὲν
2777 4257 3050 4339 φυλάττων
3114 4260 3321 4340 (φησὶν)
3386 4262 3540 4325 ὁσίως
3608 4259 3674 4317 τὰ
3725 4257 3874 4335 ὅσια,

2231 4349 2581 4417 ὁσιωθήσεται
2640 4347 2725 4403 καὶ
2781 4348 3157 4426 ἀγιασθήσεται
3193 4367 3206 4383 ⁶
3256 4353 3284 4407 ὁ
3346 4347 3402 4406 δὲ
3444 4348 3715 4430 προδιδοὺς
3770 4348 3879 4415 τὴν

501 4430 912 4517 inquinabitur
936 4447 982 4492 ι.
1017 4431 1079 4493 Si
1125 4431 1304 4512 igitur
1334 4450 1404 4493 ex
1433 4432 1693 4512 ingluvie
1736 4434 1936 4515 lapsus
1968 4442 2057 4496 est
2085 4434 2147 4496 in

2243 4436 2411 4517 χάριν,
2468 4433 2918 4513 βεϐηλωθήσεται.
2966 4440 3023 4495 Εἰ
3081 4449 3204 4517 γοῦν
3248 4439 3299 4506 ἐξ
3367 4440 3618 4520 ἀκρασίας
3646 4436 3881 4503 ὡλίσθηυ

500 4523 788 4587 vomitum
813 4520 887 4597 is,
914 4520 1016 4603 qui
1038 4520 1266 4584 divinas
1288 4520 1783 4584 sanctiﬁcationes
1802 4523 2143 4604 assumpsit,

502 4610 876 4692 gravioribus
906 4610 1096 4692 pcenis
1128 4609 1675 4674 emendabilur.Sin
1695 4619 1890 4672 autem
1916 4629 2022 4691 per
2046 4611 2143 4672 in-

503 4699 760 4764 cidentis
798 4698 949 4762 forte
978 4698 1374 4779 aegrotationis
1401 4698 1864 4767 infestationem.
1906 4699 2145 4780 episco-

502 4789 621 4871 pali
642 4787 877 4870 judicio
907 4788 1270 4852 moderatius
1298 4788 1691 4851 coercebitur.
1739 4787 1811 4849 Et
1840 4789 1952 4850 hoc
1985 4788 2144 4851 enim

502 4877 861 4941 desertionis
891 4884 983 4941 est
1006 4896 1179 4958 opus.

583 5057 779 5121 Inter.
816 5054 911 5121 13.
943 5054 1040 5118 An
1073 5055 1205 5118 sine
1265 5054 1530 5137 periculo
1578 5053 1936 5118 sacriﬁcabit
1981 5055 2148 5137 quis-

502 5145 688 5228 piam,
721 5152 827 5210 aut
861 5143 1058 5208 divina
1112 5143 1290 5208 faciet
1342 5143 1694 5226 baptismata
1743 5144 1807 5207 in
1862 5143 2015 5223 navi,
2058 5145 2148 5209 vel

501 5233 678 5297 domo
709 5253 828 5297 non
861 5232 1074 5298 sacra?

580 5323 714 5386 Res.
746 5323 910 5389 Dixit
954 5322 1195 5405 quidem
1233 5325 1395 5387 Deus
1442 5341 1550 5406 per
1577 5322 1701 5387 Mos
1714 5342 1807 5387 em
1834 5324 1906 5386 ad
1938 5323 2144 5402 Israel,

500 5411 930 5494 Hierosolymis
953 5421 1012 5476 et
1054 5430 1175 5476 non
1195 5412 1311 5477 alio
1333 5413 1453 5477 ullo
1475 5413 1606 5476 loco
1625 5413 1840 5477 festum
1871 5412 2146 5477 celebra-

2231 4547 2319 4583 σεν
2347 4526 2419 4589 εἰς
2476 4525 2565 4580 τὸν
2622 4523 2805 4601 ἔμετον
2849 4528 2877 4582 ὁ
2923 4533 3027 4584 τῶν
3082 4530 3233 4584 θείων
3291 4529 3643 4607 ἁγιασμάτων
3698 4547 3880 4601 μετα-

2228 4612 2428 4692 λαϐὼν,
2491 4614 2625 4688 μετὰ
2680 4611 3035 4693 σφοδροτέρων
3081 4616 3355 4686 ἐπιτιμίων
3413 4614 3819 4697 διορθωθήσεται
3859 4633 3879 4650 ⁸

2229 4700 2362 4758 εἰδὲ
2406 4699 2489 4757 διὰ
2558 4702 2918 4777 συμπεσόντος
2997 4704 3231 4785 τυχαίως
3305 4704 3715 4785 ἆῤῥωστήματος
3768 4704 3886 4759 κά-

2227 4812 2412 4864 κωσιν,
2464 4813 2602 4848 κατα
2641 4792 2742 4859 τὴν
2798 4792 3150 4861 ἐπισκοπικὴν
3192 4792 3451 4873 διάκρισιν
3505 4793 3880 4871 μετριωτέρως

2230 4878 2693 4955 ἐπιτιμηθήσεται.
2757 4880 2856 4938 Καὶ
2912 4888 3066 4938 τοῦτο
3132 4883 3231 4962 γὰρ
3287 4882 3438 4963 ἔργον
3521 4882 3660 4939 ἐστὶν
3703 4880 3881 4960 ἐγκα-

2231 4966 2522 5044 ταλείψεως
2533 5017 2546 5031 ,

2313 5054 2606 5136 Ἐρώτησις
2653 5046 2746 5135 ιγ’.
2808 5054 3119 5124 Ἀκινδύνως
3175 5061 3230 5116 ὲν
3284 5058 3452 5134 πλοίῷ
3492 5059 3530 5128 ἢ
3584 5059 3638 5117 ἐν
3681 5056 3885 5137 ἀνιέρῳ

2233 5146 2369 5219 οἰκίᾳ
2399 5147 2724 5225 ἱερουργήσει
2764 5169 2869 5221 τις,
2901 5146 2938 5216 ἢ
2971 5150 3091 5205 θεῖα
3118 5148 3317 5207 τελέσει
3359 5150 3736 5229 βαπτίσματα;

2313 5322 2439 5407 ’.Αῒπ.
2479 5313 2535 5380 (Ο
2561 5322 2664 5398 μὲν
2691 5325 2819 5389 Θεὸς
2842 5325 2966 5382 εῖπε
2995 5323 3335 5403 διὰ-Μωσέως
3359 5329 3487 5407 πρὸς
3520 5329 3610 5383 τὸν
3630 5323 3877 5406 Ἰσραὴλ,

2228 5410 2322 5473 Ἐν
2359 5402 2740 5491 Ἰεροσολύμοις
2769 5414 2855 5470 καὶ
2899 5416 2994 5472 οὐκ
3028 5402 3091 5471 ἐν
3138 5416 3299 5496 ἑτέρῳ
3348 5402 3496 5492 τόπῳ
3550 5417 3650 5473 τινὶ
3681 5402 3882 5495 ἑορτά-

1808 5579 2068 5646 VARUE
2112 5576 2553 5649 LECTIONES.

620 5742 761 5822 pius
788 5741 1025 5807 evadet.
1052 5753 1078 5787 ι
1102 5742 1401 5824 profanus
1427 5742 1551 5824 ﬁet.
