4160 6212
327 379 480 447 1045
1659 372 2334 443 GRECO-ROMANUM
3545 369 3700 436 1046

318 534 430 576 σεις
487 513 681 592 Πάσχα
726 513 897 592 Κυρίῳ
951 520 1029 587 τῷ
1073 519 1188 587 Θεῷ
1234 534 1348 574 σου,
1407 509 1676 570 Ἐντεῦθεν
1732 515 1968 590 καθαρῶς

2068 507 2144 568 sis
2174 507 2480 570 Paschatis
2503 507 2754 569 Domino
2775 507 2898 569 Deo
2921 515 3043 568 tuo.
3073 507 3215 570 Inde
3255 508 3413 570 clare
3445 509 3704 570 innuens

320 602 681 676 αἰνιττόμενος
765 608 857 658 τοῦ
917 599 1210 660 Ἰουδαῖκοῦ
1283 601 1473 680 Πάσχα
1542 603 1639 668 τὴν
1735 599 1975 680 παντελῆ-

2068 595 2281 658 Iudaici
2313 597 2866 677 Paschatislilenam
2895 597 3290 672 vocationem,
3320 606 3566 678 propter
3586 595 3704 658 loci

319 689 598 769 ἀπραξίαν,
647 688 733 747 διὰ
787 691 851 747 τὸ
915 697 1008 747 τοῦ
1063 690 1226 746 τόπου
1297 678 1622 760 μονῶτατον.
1685 681 1742 746 Ὀ
1785 687 1840 745 δὲ
1898 678 1975 744 νθ’

2068 684 2545 760 singularitatem.
2574 684 2774 749 Canon
2796 695 2990 746 autem
3025 687 3098 748 59
3119 695 3337 747 sancta:
3361 695 3418 748 et
3435 705 3702 748 (Boume-

319 780 498 836 κανὼν
529 784 628 845 τῆς
703 779 757 835 ἐν
808 786 885 853 τῷ
967 777 1214 857 Τρούλλῳ
1266 779 1357 834 τοῦ
1409 778 1642 856 μεγάλου
1722 776 1975 834 παλατίου

321 869 589 936 συστάσης
633 869 783 946 ἁγίας
840 869 928 924 καὶ
970 869 1331 944 οἷκουμενικῆς
1387 866 1622 943 συνόδου,
1654 869 1742 922 καὶ
1801 869 1829 923 6
1887 863 1972 922 τπδ’

323 959 499 1013 κανὼν
566 962 666 1024 τῆς
722 957 776 1012 ἐν
833 956 1106 1034 Καθαγένῃ
1193 954 1428 1036 συνόδου,
1487 954 1784 1028 καθαιρέσει
1838 958 1972 1011 καθ-

323 1043 675 1104 υποϐάλλουσι
703 1047 795 1102 τὸν
839 1045 893 1101 ἐν
923 1045 1182 1125 εὒκτηρίῳ
1229 1045 1367 1118 οἴκῳ
1418 1048 1563 1102 θεῖον
1630 1043 1974 1101 ἐκτελέσαντα

328 1135 628 1210 βάπτισμα.
717 1136 1034 1214 Διορίζονται
1105 1136 1204 1213 γὰρ
1288 1133 1342 1189 ἐν
1409 1132 1718 1196 καθολικαῖς
1757 1132 1973 1214 ,ἐκκλη-

329 1225 464 1289 σίαις
496 1227 561 1282 τὰ
587 1213 924 1302 βαπτίσματα
979 1225 1232 1303 γίνεσθαι,
1283 1217 1446 1280 Ἀλλὰ
1474 1226 1562 1280 καὶ
1604 1227 1632 1280 6
1673 1213 1764 1280 λα’
1803 1225 1975 1279 κανὼν

326 1314 424 1381 τῆς
468 1314 524 1370 ἐν
567 1322 645 1388 τῷ
674 1313 921 1392 Τρούλλῳ
951 1312 1185 1386 συνόδου,
1241 1316 1327 1372 καὶ
1383 1317 1410 1370 6
1474 1315 1524 1390 ιβ
1573 1314 1747 1369 κανὼν
1779 1319 1877 1380 τῆς
1923 1313 1975 1368 ἐν

2055 773 2203 834 nica:
2225 774 2431 854 synodi
2476 783 2690 837 coactas
2711 775 2770 836 in
2796 775 2996 836 Trullo
3024 775 3219 854 magni
3257 776 3479 855 palatii,
3513 782 3572 836 et
3599 794 3702 837 ca-

2058 881 2175 922 non
2208 863 2281 925 84
2342 863 2550 943 synodi
2606 863 3116 942 Carthaginensis,
3172 863 3702 943 depositionisub-

2048 949 2264 1029 jiciunt
2349 971 2506 1024 eum,
2591 952 2691 1033 qui
2769 952 2833 1012 in
2892 952 3148 1013 oratoria
3205 952 3380 1013 domo
3435 951 3702 1013 divinum

2058 1039 2369 1117 perficiunt
2399 1039 2710 1121 baptisma.
2747 1038 3020 1102 Statuunt
3072 1041 3230 1101 enim
3264 1039 3614 1121 baptismata
3642 1040 3708 1102 in

2058 1127 2366 1189 catholicis
2405 1128 2686 1190 Ecclesiis
2734 1128 2954 1192 debere
2987 1129 3137 1192 fieri.
3174 1127 3290 1190 Sed
3323 1136 3381 1189 et
3408 1128 3473 1192 31
3516 1147 3707 1191 canon

2057 1217 2265 1296 synodi
2325 1217 2383 1278 in
2415 1217 2644 1294 Trullo,
2708 1225 2766 1278 et
2797 1219 2870 1278 12
2918 1237 3104 1279 canon
3158 1217 3365 1298 synodi
3398 1225 3614 1279 coacta:
3642 1218 3706 1279 in

2057 1305 2274 1384 templo
2307 1315 2644 1367 sanctorum
2677 1307 3106 1386 apostolorum,
3155 1306 3522 1366 constituunt
3554 1313 3617 1366 ut
3649 1315 3709 1368 et

327 1410 406 1478 τῷ
466 1410 578 1478 ναῷ
633 1405 738 1460 τῶν
797 1403 958 1480 ἁγίων
1029 1401 1340 1459 ἀποστόλων
1408 1403 1674 1468 συστάσης
1733 1400 1971 1479 συνόδου,

2068 1395 2115 1452 in
2139 1394 2409 1456 oratoriis
2422 1395 2695 1456 domibus
2717 1395 3069 1475 baptismata
3085 1395 3229 1455 ﬁant
3253 1413 3384 1455 cum
3410 1395 3706 1474 permissu

328 1489 689 1549 διατάττονται
748 1493 882 1566 μετὰ
939 1491 1293 1571 ἐκχωρήσεως
1364 1490 1713 1558 ἐπισκοπικῆς
1757 1492 1844 1547 καὶ
1901 1492 1972 1554 εἷς

2068 1482 2344 1562 episcOpi.
2407 1483 2664 1563 Inclytus
2716 1502 2859 1545 sane
2900 1484 3223 1564 imperator
3273 1484 3554 1545 dominus
3585 1484 3703 1546 Leo

327 1582 632 1660 εὖκτηρίους
690 1578 870 1643 οἴκους
927 1579 1193 1637 τελεῖσθαι
1252 1580 1611 1657 βαπτίσματα.
1691 1571 1746 1636 Ὀ
1793 1579 1970 1654 μέντοι

2068 1571 2469 1652 philosophus,
2505 1573 2710 1634 videns
2737 1572 3120 1634 orthodoxam
3155 1571 3332 1633 ﬁdem
3365 1573 3706 1634 exuberan-

327 1668 563 1746 ἀοίδιμος
592 1669 835 1747 βασιλεὺς
883 1669 1057 1748 κύριος
1118 1668 1285 1748 Λέων,
1319 1672 1346 1725 6
1388 1670 1567 1749 σοφὸς,
1615 1667 1823 1745 βλέπων
1873 1669 1971 1735 τὴν

2068 1668 2182 1749 tem
2212 1668 2280 1722 ut
2311 1661 2508 1742 vitem,
2557 1669 2614 1722 et
2638 1669 3006 1723 crescentem
3048 1671 3111 1723 ut
3132 1661 3414 1723 olivarum
3438 1661 3710 1749 palmites

328 1758 595 1840 ὁρθόδοξον
687 1760 859 1816 πίστιν
960 1757 1343 1832 εὖθηνουμένην
1429 1748 1501 1821 ὡς
1558 1755 1819 1837 ἄμπελον,
1891 1752 1980 1814 καὶ

2068 1748 2126 1808 in
2183 1749 2432 1810 circuitu
2498 1768 2715 1811 mensae
2784 1750 3172 1812 ecclesiarum
3235 1752 3386 1831 ejus,
3445 1748 3712 1811 deﬁnivit

331 1828 688 1926 αύξανομένην
743 1851 817 1913 ὡς
875 1851 1099 1930 νεόφυτα
1170 1847 1380 1922 ἐλαιῶν,
1445 1849 1620 1921 κύκλῳ
1672 1855 1772 1915 τῆς
1843 1871 1975 1926 τρα-

2068 1837 2121 1930 in
2152 1839 2278 1930 tinet
2313 1843 2405 1930 15,
2439 1837 2697 1930 Novella,
2755 1857 2872 1930 non
2910 1847 3137 1930 tantum
3167 1839 3244 1930 in,
3261 1828 3569 1930 catholicis
3601 1857 3706 1899 ec-

330 1939 497 2010 πέζης
554 1946 658 1996 τῶν
728 1939 925 2005 ταύτης
970 1926 1287 2016 έκκλησιῶν,
1346 1934 1619 2015 διωρίσατο
1674 1937 1726 1993 ἐν
1785 1936 1830 1992 δ’
1890 1940 1977 1993 καὶ

2068 1926 2282 2005 clesiis,
2307 1927 2409 1988 sed
2440 1937 2498 1987 et
2530 1928 2588 1988 in
2621 1929 2894 1989 oratoriis
2925 1927 3200 1988 domibus
3231 1927 3574 1988 indistincte
3608 1945 3709 1988 sa-

333 2027 388 2083 ἐν
448 2017 515 2083 ιε’
585 2034 757 2106 Νεαρᾷ
813 2026 1122 2103 θεσμοθεσία
1177 2014 1336 2083 αὐτοῦ
1391 2014 1468 2100 μη
1538 2025 1700 2100 μόνον
1743 2027 1814 2089 εἷς
1883 2028 1976 2089 τὰς

2068 2033 2162 2077 cra
2225 2016 2575 2091 ministeria,
2634 2026 2691 2078 et
2745 2016 3099 2097 baptismata
3126 2016 3278 2077 ﬁeri.
3311 2014 3708 2087 Quamobrem

331 2115 614 2183 ἐκκλησίας
656 2103 793 2174 ἀλλὰ
875 2115 968 2172 καῖ
1053 2116 1124 2177 είς
1222 2113 1342 2176 τοὺς
1437 2115 1737 2191 εὒκτηρίους
1795 2115 1976 2178 οἴκους

2068 2103 2222 2181 iuxta
2251 2105 2458 2164 harum
2493 2113 2784 2184 tenorem,
2835 2105 2936 2186 qui
2991 2124 3124 2168 cum
3156 2104 3511 2165 antimensio
3541 2122 3711 2165 sacra

332 2204 678 2270 ἀδιαστίκτως
755 2203 1130 2284 ἱεροτελεστίας
1184 2203 1272 2259 καὶ
1341 2203 1679 2279 βαπτισμάτα
1721 2207 1971 2282 γίνεσθαι,

336 2295 428 2350 Διὸ
470 2295 606 2350 κατὰ
650 2294 748 2360 τὴν
815 2295 1014 2350 τούτων
1064 2291 1371 2370 περίληψιν,
1403 2294 1431 2346 6
1463 2292 1596 2367 μετὰ
1651 2292 1974 2368 ἀντιμινσίου

330 2385 694 2463 ἱερουργήσας,
751 2383 786 2450 ἢ
847 2384 1103 2459 βαπτίσας
1175 2382 1246 2442 εἰς
1305 2381 1578 2458 εὖκτήριον
1647 2381 1823 2461 οἷκον,
1897 2382 1973 2456 μὴ

330 2473 605 2552 ἱερωθέντα
660 2470 726 2528 δι’
777 2470 1053 2550 ἐγκαινίων
1123 2467 1384 2543 ἀνοιξίων,
1445 2470 1530 2524 καὶ
1587 2478 1679 2528 τοῦ
1720 2472 1972 2539 συνήθους

332 2561 688 2641 ένθρονισμοῦ,
721 2562 808 2617 καὶ
865 2559 1043 2635 μέντοι
1099 2555 1301 2615 καὶδιὰ
1363 2556 1626 2632 λειψάνων
1689 2559 1851 2636 ἁγίων
1882 2559 1970 2614 ἐν-

332 2651 622 2728 σοριασμοῦ
679 2651 865 2725 (ταῦτα
916 2649 1016 2726 γὰρ
1062 2649 1158 2702 εἰσι
1213 2647 1316 2701 τῶν
1359 2645 1652 2703 καθολικῶν
1735 2646 1972 2714 Ἐκκλη-

332 2745 460 2794 σιῶν
491 2739 992 2818 ἀποθησαυρίσματα
1036 2735 1130 2792 καί
1194 2734 1503 2812 ὑψώματα),
1549 2733 1670 2792 ἀλλ’
1702 2737 1774 2800 είς
1805 2738 1976 2816 εὐχὴν

333 2827 569 2892 οἰκιακην
625 2825 964 2907 ἀφορισθέντα
1020 2830 1243 2896 πιστῶν,
1296 2821 1333 2891 ἢ
1377 2825 1450 2887 εὶς
1505 2824 1733 2880 οἰκίσκον
1784 2823 1975 2880 πλοια-

334 2917 442 2993 ρίου
511 2916 652 2978 τινὸς
706 2912 1153 2990 ἀποταμιευθέντα
1212 2918 1348 2986 Θεῷ,
1423 2914 1510 2968 καὶ
1569 2914 1738 2992 ἁγίαις
1812 2913 1976 2969 εἰκόσι

332 3004 716 3080 κοσμούμενον,
788 3007 848 3062 οὒ
935 3001 1402 3081 προκριματισθείη
1486 3003 1560 3066 ὡς
1670 3000 1976 3080 παραϐάτης

334 3093 569 3150 κανόνων
626 3093 713 3150 καὶ
782 3091 1084 3171 ἀδιάφορος,
1117 3089 1266 3147 Οὕτω
1303 3091 1401 3168 γὰρ
1455 3092 1542 3146 καὶ
1610 3093 1657 3146 οἱ
1713 3111 1846 3166 μετα
1873 3096 1978 3146 τῶν

335 3181 718 3262 αὐτοκρατόρον
815 3180 1074 3256 ἑπόμενοι
1191 3175 1456 3257 κληρικοὶ,
1553 3181 1626 3242 εἰς

335 3272 564 3351 ἐρήμους
689 3273 977 3350 ἱερουργεῖν
1099 3264 1478 3342 δεδικαίωνται,
1602 3269 1738 3324 κατά
1821 3269 1982 3343 μόνον

333 3364 396 3418 τὸ
466 3363 538 3425 εἷς
633 3359 918 3428 ἐκκλησίαν
989 3357 1265 3439 ἀφορισθέν
1344 3355 1652 3432 βαμϐίκινον
1737 3357 1980 3414 οἰκισκά-

338 3473 470 3530 ριον.

419 3539 708 3618 Ἐρώτησις
766 3528 854 3600 ιδ’.
925 3535 1237 3600 Ἀκινδύνως
1295 3537 1616 3617 ἱερουργήσει
1646 3557 1724 3599 τις
1769 3536 1805 3604 ἢ
1866 3558 1980 3591 συν-

340 3629 536 3694 εύξεται
620 3629 754 3704 μετὰ
811 3627 1107 3706 αἱρετικῶν,
1207 3623 1527 3684 ἰακωϐιτῶν
1620 3622 1822 3692 δηλαδῇ
1895 3626 1982 3680 καὶ

341 3725 723 3797 Νεστοριανῶν,
785 3719 857 3780 εἷς
915 3715 1200 3784 ἐκκλησίαν
1283 3717 1478 3795 αὐτῶν,
1561 3713 1673 3770 εἴτε
1734 3714 1842 3789 μὴν
1896 3715 1983 3769 καὶ

338 3807 596 3887 ἡμετέραν
633 3825 646 3839 ·
673 3806 710 3874 ἢ
739 3811 924 3873 κοινῆς
975 3802 1091 3881 μετ’
1149 3808 1303 3864 αὐτοῦ
1347 3805 1596 3883 μετάσχῃ
1666 3801 1928 3881 τραπέζης
1963 3821 1976 3835 ⁸

341 3897 378 3965 ἢ
420 3898 631 3966 ποιήσει
714 3893 976 3974 ἀνάδοχον
1031 3897 1092 3950 εκ
1143 3903 1237 3952 τοῦ
1295 3895 1443 3972 ἁγίου
1501 3892 1862 3970 βαπτίσματος
1898 3911 1911 3926 ο
1945 3891 1982 3958 ἢ

340 3984 744 4066 κατοιχομένων
826 3986 1038 4054 ποιήσει
1125 3983 1433 4058 μνημοσύνα
1481 3999 1496 4014 ’
1575 3982 1610 4050 ἣ
1695 3978 1984 4056 μεταδώσει

339 4081 445 4132 τῶν
499 4063 678 4132 *θείων
757 4073 1101 4152 ἁγιασμάτων
1181 4076 1414 4151 αὐτοῖςς
1515 4063 1576 4130 Ἠ
1659 4071 1986 4148 στενοχωρία

338 4166 438 4244 γὰρ
479 4174 572 4222 τοῦ
624 4163 790 4221 τόπου
843 4161 1018 4219 πολλὰ
1071 4167 1288 4218 τοιαῦτα
1345 4173 1516 4222 ποιεῖ.
1579 4161 1675 4219 Καὶ
1731 4163 1877 4230 ζητῶ
1924 4160 1986 4213 τὸ

337 4253 614 4320 ποιητέον.

421 4341 548 4403 Ἀτε.
595 4341 684 4408 Μὴ
727 4338 843 4397 δότε
911 4340 977 4396 τὰ
1029 4339 1156 4419 ἅγια
1197 4351 1315 4402 τοῖς
1383 4337 1529 4394 κυσὶν
1598 4337 1654 4415 (ὁ
1689 4337 1870 4416 Κύριος
1901 4337 1989 4391 καὶ

343 4432 471 4496 Θεὸς
515 4432 668 4505 ἡμῶν
730 4425 994 4508 εἴρηκεν),
1061 4424 1196 4502 μηδῖ
1248 4425 1446 4503 βάλητε
1514 4426 1636 4488 τοὺς
1666 4423 1988 4508 μαργαρίτας

2057 2192 2284 2254 fecerit.
2321 2202 2421 2254 aut
2481 2193 2864 2274 baptisaverit
2910 2193 2973 2255 in
3030 2194 3284 2254 oratoria
3343 2194 3543 2268 domo,
3587 2211 3723 2258 non

2058 2292 2402 2343 consecrata
2433 2302 2541 2364 per
2568 2283 2921 2344 initiatorias
2942 2283 3375 2358 dedicationes,
3399 2291 3460 2343 et
3486 2281 3702 2342 solem-

2059 2389 2194 2431 nem
2231 2371 2434 2432 throni
2465 2371 3000 2450 inaugurationem,
3033 2372 3176 2452 quin
3241 2381 3299 2434 et
3330 2389 3438 2450 per
3467 2377 3704 2431 sancta-

2057 2478 2187 2520 rum
2219 2461 2610 2541 reliquiarum
2671 2462 2963 2523 tumulum
3001 2462 3087 2541 (hi
3139 2462 3299 2523 enim
3330 2469 3465 2522 sunt
3495 2460 3704 2521 catho-

2055 2551 2300 2612 licarum
2321 2551 2720 2613 Ecclesiarum
2749 2553 3009 2614 thesauri
3030 2561 3087 2613 et
3127 2550 3565 2632 exaltationes),
3598 2550 3704 2611 sed

2055 2641 2118 2701 in
2149 2641 2532 2702 domesticam
2572 2641 2898 2703 orationem
2935 2641 3198 2704 ﬁdelium
3222 2648 3621 2720 separata,aut
3642 2640 3706 2700 in

2058 2729 2274 2807 navigii
2304 2730 2555 2808 alicujus
2578 2731 2942 2792 domuncqu
2970 2730 3092 2793 Deo
3124 2730 3440 2801 destinata,
3475 2737 3532 2790 et
3564 2746 3708 2790 san-

2060 2818 2169 2879 ctis
2200 2817 2557 2897 imaginibus
2589 2831 2947 2895 ornata,non
2992 2819 3248 2901 patietur
3272 2818 3704 2900 praejudicium,

2063 2907 2310 2988 perinde
2341 2925 2409 2968 ac
2434 2908 2483 2968 si
2507 2927 2800 2970 canonum
2824 2917 3227 2989 transgressor
3247 2914 3431 2983 esset,
3458 2906 3709 2968 nullam-

2061 3013 2175 3076 que
2207 3014 2407 3057 eorum
2445 2997 2734 3058 rationem
2768 2997 3199 3060 habuisset.Sic
3217 2996 3375 3059 enim
3398 3003 3454 3057 et
3475 2992 3704 3070 clerici,

2061 3085 2164 3166 qui
2188 3095 2327 3148 sunt
2351 3088 2409 3146 in
2441 3086 2864 3166 imperatorum
2898 3091 3197 3150 comitatu.
3233 3086 3294 3147 in
3345 3085 3574 3165 campis
3602 3102 3704 3145 so-

1734 3177 1980 3244 πεδιάδας
2001 3191 2040 3241 c
2065 3173 2276 3236 litariis
2308 3192 2477 3236 sacra
2497 3175 2613 3237 rite
2633 3175 2830 3237 facere
2861 3184 3200 3251 censentur,
3235 3175 3343 3237 sub
3375 3174 3501 3235 solo
3529 3173 3706 3234 bom-

2064 3262 2296 3342 bycino,
2333 3262 2489 3344 quod
2521 3271 2611 3324 est
2639 3263 2909 3327 ecclesiae
2937 3263 3319 3338 destinatum,
3356 3260 3635 3323 tentorio.

2142 3532 2331 3592 Inter.
2373 3531 2465 3593 l4.
2500 3531 2589 3593 An
2619 3531 2747 3592 sine
2773 3531 3040 3611 periculo
3061 3549 3228 3592 sacra
3248 3530 3336 3593 vel
3370 3538 3499 3591 vota
3531 3528 3710 3592 simul

2067 3619 2244 3680 faciet
2274 3619 2487 3699 aliquis
2516 3637 2649 3680 cum
2683 3620 3002 3692 haereticis,
3037 3619 3320 3682 Jacobitis
3347 3619 3626 3680 videlicet
3654 3629 3714 3680 et

2063 3708 2459 3788 Nestorianis,
2522 3709 2581 3769 in
2613 3727 2822 3770 eorum
2854 3709 3132 3784 ecclesia,
3166 3710 3257 3770 vel
3299 3709 3476 3770 etiam
3507 3708 3569 3768 in
3595 3725 3708 3769 no-

2064 3805 2311 3876 stra,aut
2340 3815 2718 3859 communem
2742 3815 2875 3860 cum
2899 3797 2972 3858 iis
3009 3797 3384 3878 participabit
3413 3814 3708 3872 mensam,

2067 3893 2165 3946 aut
2188 3885 2362 3947 faciet
2383 3906 2450 3946 ex
2487 3895 2692 3948 sancto
2718 3886 2949 3948 lavacro
2973 3895 3400 3967 susceptorem,
3436 3892 3536 3944 aut
3560 3904 3714 3946 mor-

2068 3982 2301 4035 tuorum
2359 3974 2686 4037 celebrabit
2741 3976 3084 4050 memorias,
3137 3982 3236 4038 aut
3273 3974 3554 4052 largietur
3595 3973 3715 4034 illis

2069 4062 2296 4124 divinas
2371 4064 2921 4126 sanctiﬁcationes?
3006 4068 3152 4130 Nam
3239 4064 3351 4126 loci
3428 4063 3716 4143 augustiaa

2071 4151 2257 4211 multa
2311 4151 2655 4231 hujusmodi
2708 4151 2952 4214 faciunt.
3017 4153 3225 4224 Quaero
3286 4151 3427 4232 quid
3488 4150 3713 4211 facien-

2070 4239 2234 4301 dum.

2150 4327 2283 4389 Res.
2319 4326 2404 4388 Ne
2437 4326 2589 4388 detis
2615 4337 2820 4390 sancta
2864 4328 3130 4404 canibus,
3156 4328 3393 4409 (inquit,
3428 4325 3716 4388 Dominus

2072 4424 2128 4476 et
2150 4414 2308 4478 Deus
2330 4418 2556 4497 noster)
2580 4435 2690 4477 nec
2716 4417 3041 4496 projiciatis
3055 4422 3400 4496 margaritas
3419 4423 3556 4476 ante
3581 4431 3718 4494 por-

341 4526 446 4576 τῶν
476 4504 676 4598 χοίρων
734 4504 1064 4596 ἐπίπροσθεν.
1127 4515 1224 4572 Διὰ
1279 4537 1362 4572 τοι
1404 4520 1556 4571 τοῦτο
1609 4514 1695 4569 καὶ
1723 4515 1751 4569 ὁ
1779 4506 1854 4578 ξδ’
1883 4534 1980 4569 κα-

2071 4523 2194 4566 cos.
2227 4504 2353 4577 Qua
2400 4506 2474 4566 de
2525 4524 2703 4567 causa
2736 4513 2793 4568 et
2822 4507 3223 4584 sexagesimus
3253 4512 3494 4585 quartus
3524 4519 3715 4598 canon

344 4610 448 4664 νὼν
477 4613 579 4663 τῶν
621 4607 956 4685 θεοκηρύκων
984 4605 1148 4682 ἁγίων
1202 4602 1511 4660 ἀποστόλων
1568 4603 1747 4682 φησὶν,
1796 4600 1864 4659 Εἴ
1906 4622 1986 4663 τις

342 4696 596 4774 κληρικὸς
652 4696 687 4763 ἢ
731 4694 922 4758 λα’ίκὸς
972 4691 1178 4769 εἰσέλθῃ
1235 4694 1307 4755 εἷς
1351 4692 1669 4769 συναγωγὴν
1728 4689 1986 4748 Ἰουδαίων

342 4785 380 4852 ἢ
439 4787 712 4863 αἱρετικῶν
793 4781 1195 4863 προσεύξασθαι,
1295 4779 1640 4858 καθαιρείσθω
1716 4779 1804 4834 καὶ
1892 4779 1989 4857 ἀερ-

343 4860 612 4953 οριζέσθω,
647 4873 746 4930 Καὶ
775 4875 804 4928 6
833 4860 1124 4953 λγίκανὼν
1181 4870 1276 4953 τῆς
1333 4868 1387 4925 ἐν
1443 4865 1718 4939 Λαοδικείᾳ
1747 4865 1983 4939 συνόδου,

342 4947 479 5020 ἀλλὰ
522 4962 630 5037 μὴν
657 4962 745 5016 καὶ
773 4963 802 5016 6
855 4947 938 5034 ’
965 4959 1060 5014 καὶ
1117 4961 1146 5015 6
1193 4948 1275 5014 λδ’
1318 4957 1480 5015 ταῦτά
1547 4979 1678 5036 φησι
1736 4957 1853 5034 περὶ
1897 4964 1986 5010 τοῦ

345 5063 650 5129 συγχωρεῖν
703 5061 820 5112 τοῖς
892 5049 1178 5126 αἱρετικοῖς
1237 5045 1448 5102 εἰσιέναι
1505 5046 1577 5109 είς
1620 5045 1772 5100 οἷκον
1831 5051 1982 5117 Θεου,

341 5139 643 5214 ἐπιμένουσι
673 5144 742 5214 τῇ
777 5135 994 5216 αἱρέσει,
1030 5135 1134 5216 ,ὅτι
1195 5137 1267 5193 0-3
1319 5132 1402 5190 δεῖ
1456 5135 1702 5211 αἱρετικῷ
1761 5132 1796 5200 ἢ
1854 5153 1986 5210 σχι-

344 5235 588 5302 σμαιικῷ
609 5214 987 5306 συνεύχεσθαι..
1026 5214 1111 5280 ι’τι
1156 5225 1215 5281 οὗ
1270 5222 1353 5279 δεῖ
1413 5222 1722 5300 Χριστιανὸν
1753 5221 1986 5299 ἐγκατα-

343 5316 545 5374 λειπειν
602 5317 863 5393 μάρτυρας
949 5321 1198 5393 Χριστοῦ,
1269 5313 1356 5368 καὶ
1411 5310 1618 5366 ἀπιέναι
1684 5312 1815 5389 πρὸς
1870 5312 1990 5375 τοὺς

345 5403 770 5484 ψευδομάρτυρας
805 5421 822 5438 ⁸
866 5402 1134 5459 τουτέστιν
1180 5400 1490 5481 αἱρετικοὺς,
1533 5398 1569 5466 ἢ
1611 5397 1800 5462 αὐτοὺς
1867 5400 1989 5463 τοὺς

344 5493 754 5574 προειρημένους
835 5492 1120 5569 αἱρενικοὺς
1203 5489 1539 5574 γενομένους.
1641 5491 1793 5545 Οἰτοι
1889 5489 1988 5567 γὰρ

344 5566 611 5660 ἀλλότριοι
652 5586 745 5637 τοῦ
789 5566 920 5636 Θεου
961 5566 1332 5657 τυγχάνουσιν.
1407 5566 1692 5635 ’Ἔστωσαν
1736 5577 1826 5633 οὖν
1855 5575 1988 5631 ἀνά-

347 5674 482 5746 θεμα
511 5672 560 5728 οἱ
615 5668 976 5749 ἀπερχόμενοι
1017 5669 1148 5748 πρὸς
1200 5666 1409 5730 αὐτοὺς.
1473 5665 1569 5724 Διά
1597 5686 1677 5722 τοι
1709 5672 1864 5723 τοῦτο
1907 5667 1992 5722 καὶ

2071 4593 2178 4656 Dei
2209 4612 2547 4672 przeconum
2571 4602 2908 4654 sanctorum
2931 4595 3332 4674 apostolorum
3358 4592 3478 4654 ait:
3503 4591 3565 4655 Si
3583 4589 3717 4670 quis

2069 4682 2348 4763 clericus,
2386 4692 2482 4744 aut
2505 4683 2712 4756 laicus,
2735 4683 2942 4743 orandi
2992 4701 3170 4744 causa
3197 4683 3506 4762 ingressus
3535 4677 3716 4741 fuerit

2068 4770 2128 4830 in
2154 4790 2503 4852 synagogam
2532 4771 2891 4851 Judaeorum,
2924 4772 3016 4832 vel
3047 4773 3490 4852 haereticorum,
3521 4771 3712 4851 depo-

2069 4869 2242 4921 natur
2273 4870 2330 4922 et
2378 4859 2948 4924 excommunicetur.
3011 4861 3082 4922 Et
3135 4861 3472 4942 trigesimus
3503 4859 3712 4922 tertius

2069 4968 2258 5010 cauon
2309 4950 2663 5013 Laodicenze
2709 4949 2941 5030 synodi,
2976 4951 3116 5012 item
3148 4960 3349 5014 sextus
3383 4962 3439 5012 et
3469 4947 3710 5028 trigesi-

2071 5058 2202 5100 mus
2238 5039 2638 5120 quartus,haec
2675 5037 2758 5098 ait
2804 5038 2879 5099 de
2903 5040 3072 5101 venia
3103 5041 3296 5103 danda
3325 5039 3621 5103 haereticis
3649 5037 3712 5098 in

2071 5147 2178 5189 sua
2209 5127 2421 5188 haeresi
2454 5125 2854 5207 perstantibus
2875 5127 3248 5207 ingrediendi
3279 5130 3520 5190 domum
3553 5126 3658 5189 Dei
3693 5143 3707 5186 :

2072 5221 2228 5298 quod
2254 5233 2372 5280 non
2410 5223 2641 5296 oportet
2672 5233 2790 5276 una
2821 5235 2956 5277 cum
2988 5218 3267 5282 haeretica
3297 5219 3387 5280 vel
3419 5217 3716 5280 schisma-

2074 5308 2189 5366 tico
2217 5324 2390 5366 orare
2425 5323 2436 5364 :
2473 5304 2640 5376 Quod
2674 5323 2791 5365 non
2824 5314 3063 5384 oportet
3094 5307 3279 5370 ullum
3311 5307 3714 5370 Christianum

2073 5393 2294 5457 Christi
2319 5401 2608 5472 martyras
2648 5393 3079 5473 relinquere,et
3102 5396 3174 5457 ad
3193 5397 3372 5459 falsos
3403 5404 3712 5478 martyras,

2073 5483 2185 5543 hoc
2207 5489 2297 5542 est
2318 5481 2654 5556 haereticos,
2680 5480 2868 5559 abire,
2904 5483 2993 5544 vel
3045 5503 3168 5560 eos,
3204 5485 3302 5566 qui
3334 5485 3498 5566 prius
3517 5486 3714 5547 haere-

2075 5570 2175 5632 tici
2203 5571 2395 5634 fuere.
2429 5570 2501 5632 Hi
2551 5569 2710 5632 enim
2741 5577 2878 5632 sunt
2921 5589 2954 5633 a
3009 5572 3132 5636 Deo
3162 5574 3364 5638 alieni.
3394 5573 3527 5638 Sint
3573 5591 3714 5654 ergo

2074 5661 2412 5739 anathema,
2447 5660 2550 5743 qui
2569 5658 2642 5722 ad
2665 5677 2768 5723 eos
2806 5658 3050 5724 abeunt.
3085 5662 3228 5728 Eam
3258 5663 3334 5728 ob
3361 5682 3490 5727 rem
3520 5670 3581 5727 et
3609 5681 3717 5727 nos
