4160 6212
438 278 592 353 1047
1797 278 1929 342 JUS
1968 278 2097 343 ω

2188 278 2441 345 ἩΟΗΜ.
3659 284 3826 355 1048

418 427 898 486 censemus,non
915 410 1521 474 excommunicationi
1542 416 1772 472 tantum
1799 417 1859 471 et
1884 408 2097 491 depo-.

2188 424 2323 487 ,pe'tc
2382 415 2717 493 ψηφιζόμεθα
2773 416 2851 490 μὴ
2909 416 3075 491 μόνον
3134 417 3412 498 ἀφορισμῶ
3482 422 3570 478 καὶ
3629 424 3827 478 καθαι-

423 498 630 563 sitioni
660 500 1068 581 subjiciendos
1125 499 1308 562 laicos
1366 507 1424 562 et
1462 498 1715 561 clericos
1747 507 1878 561 vota
1906 498 2084 561 simul

2188 500 2304 555 ιέσει
2351 501 2838 561 καθυποϐάλλεσται
2907 504 3027 569 τοὺς
3085 504 3305 570 λα’ἰκοὺς
3374 529 3431 564 τε
3477 510 3565 565 καὶ
3620 508 3826 587 κληρι-

432 587 721 652 facientes
751 589 813 650 in
844 588 1304 650 orthodoxorum
1327 588 1420 651 vel
1446 587 1863 650 hareticornm
1897 588 2089 650 eccle-

2188 590 2314 662 ιοὺς,
2376 591 2759 671 συνεχομένους
2832 593 2887 649 ἐν
2956 592 3213 668 ἐκκλησίᾳ
3254 594 3533 675 όρθοδόξων
3593 598 3627 667 ἢ
3670 600 3825 679 αἱρε-

431 676 543 749 sia,
589 684 689 738 aut
717 676 1057 758 ubicunque
1091 684 1228 739 vota
1283 695 1417 738 cum
1477 676 1564 737 eis
1594 675 1771 737 simul
1804 675 2089 738 facientes

2188 685 2354 755 τικῶν,
2424 681 2460 749 ἢ
2519 679 2848 752 ὁπουδήποτε
2904 684 3325 764 συνευχομένους
3382 688 3563 751 αῦτοτς
3617 675 3826 768 ἱερατι-

437 764 752 840 solemnia,
785 772 843 827 et
895 765 1252 829 sacerdotali
1309 782 1499 839 more,
1549 765 1855 826 autetiam
1887 763 2086 825 cibum

2188 774 2298 848 ιὼς,
2359 768 2393 838 ἢ
2454 770 2558 845 μὴν
2603 773 2691 829 καὶ
2746 763 3102 839 συνεσθίοντας
3146 777 3163 804 ‘
3223 773 3363 831 ἀλλὰ
3404 778 3492 834 καὶ
3561 763 3824 853 μειζόνως

432 854 611 917 simul
641 862 970 931 sumentes,
1003 873 1209 917 verum
1244 863 1303 915 et
1331 853 1567 934 gravius
1614 852 1904 929 coerceri,
1923 854 2091 933 juxta

2188 855 2499 933 ιολάζεσθαι,
2575 861 2712 917 κατὰ
2766 859 2864 928 τήν
2918 866 3025 919 τῶν
3064 862 3325 940 ῥηθέντων
3379 864 3531 920 θείων
3566 852 3824 923 κανόνων

432 942 768 1007 divinorum
799 962 1093 1005 canonum
1126 943 1547 1024 prmdictorum
1575 950 1869 1005 tenorem.
1904 944 2088 1005 Loco-

2188 943 2476 1023 τερίληψιν.
2514 943 2577 1003 Ἦ
2621 949 2721 1028 γὰρ
2766 949 3092 1029 στενοχωρία
3120 955 3226 1005 τῶν
3279 950 3455 1009 τόπων
3510 954 3601 1009 καὶ
3655 956 3684 1010 ὁ
3712 960 3825 1010 τῶν

426 1049 563 1094 rum
588 1030 747 1093 enim
770 1031 1053 1111 angustia:
1070 1040 1129 1093 et
1150 1032 1568 1093 haereticorum
1608 1030 1947 1107 multitudo,
1983 1046 2087 1092 ore

2188 1034 2441 1111 ιῖρετικῶν
2482 1034 2790 1112 πληθυσμὸς
2820 1037 2913 1105 τῆς
2979 1034 3247 1117 ὁρθοδόξου
3317 1040 3544 1105 πίστεως
3586 1045 3649 1101 οὗ
3677 1064 3825 1119 μετ-

430 1119 706 1182 thodoxae
733 1119 874 1181 ﬁdei
905 1139 1025 1183 non
1057 1127 1286 1181 mutant
1316 1118 1747 1198 integritatem.

2188 1123 2367 1198 ςμειψε
2410 1127 2509 1191 τὴν
2544 1124 2921 1205 ἀκέραιότητα.

508 1208 701 1273 Inter.
729 1209 828 1270 15.
874 1208 1107 1290 Captivi
1138 1207 1340 1273 Latini
1396 1214 1453 1269 et
1482 1206 1582 1268 alii
1612 1206 1684 1296 ad
1716 1216 1950 1296 nostras
1981 1224 2086 1270 ac-

2248 1210 2540 1291 Ἐρώτησις
2630 1204 2674 1270 ιε
2687 1204 2716 1273 ’.
2792 1214 3139 1296 Αίχμάλωτοι
3220 1226 3436 1276 Λατῖνοι
3520 1221 3607 1278 καὶ
3704 1220 3827 1277 ἔτε-

437 1296 659 1360 cedunt
694 1296 1019 1360 catholicas
1050 1296 1426 1373 ecclesias,et
1479 1294 1797 1376 participes
1823 1295 1954 1358 ﬁeri
1986 1316 2090 1377 po-

2188 1322 2247 1355 ιοι
2304 1303 2733 1381 παρουζιάζουσιν
2818 1294 2897 1368 εἷς
2992 1305 3087 1368 τὰς
3187 1305 3469 1373 καθολικὰς
3527 1307 3824 1377 ἐκκλησίας

436 1385 659 1448 stulant
697 1386 1028 1448 divinarum
1078 1382 1609 1447 sanctiﬁcationum
1648 1401 1662 1446 :
1697 1383 1851 1446 scire
1879 1384 2082 1461 velim,

2188 1394 2341 1465 λμῶν,
2416 1391 2505 1446 καὶ
2579 1397 2794 1462 ζητοῦσι
2850 1390 3172 1469 μεταλαϐεῖν
3200 1395 3290 1453 τὸν
3333 1396 3484 1453 θείων
3541 1398 3822 1477 ἀγιασμά-

434 1491 511 1537 an
540 1477 655 1538 hoc
683 1474 773 1537 eis
803 1473 1259 1537 concedendum
1293 1474 1392 1536 sit.

2188 1499 2293 1540 των,
2367 1480 2423 1535 Εἰ
2496 1486 2621 1558 γοῦν
2679 1479 3017 1561 ἐκχωρητέον
3122 1484 3274 1541 τοῦτό
3371 1485 3509 1562 ἐστι,
3540 1473 3826 1563 ζητοῦμεν

2168 1570 2378 1643 μαθεῖν,

2246 1656 2373 1719 Ἀπ.
2411 1648 2468 1715 Ὀ
2537 1659 2615 1734 μὴ
2672 1659 2745 1717 ὢν
2791 1660 2905 1737 μετ’
2961 1663 3111 1738 ἐμοῦ,
3171 1664 3291 1720 κατ’
3358 1666 3488 1740 ἐμοῦ
3540 1664 3649 1723 ἐστι
3731 1664 3824 1743 (τὸ

436 1742 701 1834 divinum
731 1741 1225 1834 Evangeliumlet
1273 1742 1375 1823 qui
1402 1761 1520 1803 non
1572 1741 2078 1834 colligitmecum,

2188 1749 2315 1801 θεῖον
2344 1744 2537 1826 ἔφησεν
2581 1748 2927 1831 Εὐαγγέλιον)
2967 1769 2979 1783 ·
3054 1752 3142 1807 καὶ
3200 1755 3228 1808 ὁ
3273 1754 3350 1829 μὴ
3392 1754 3640 1834 συνάχων
3697 1741 3824 1830 μετ’

433 1830 1042 1914 dispergit.Quoniam
1079 1830 1267 1911 igitur
1296 1838 1437 1893 ante
1468 1848 1655 1893 annos
1688 1830 2085 1906 multos,occi-

2188 1839 2322 1914 ιμοῦ,
2370 1838 2658 1914 σκορπίζει.
2716 1837 2866 1895 Ἐπεὶ
2918 1840 3006 1896 οὖν
3062 1843 3164 1920 πρὸ
3210 1842 3418 1921 χρόνων
3460 1830 3674 1899 πολλῶν
3702 1844 3825 1901 ἀπ-

436 1920 731 2013 dentalish
750 1919 1034 2013 Ecclesiae
1068 1922 1317 2013 (Romae,
1352 1920 1622 2001 inquam)
1650 1919 1908 1981 celebris
1938 1938 2087 1982 con—

2188 1923 2393 2003 ισχίσθη
2422 1926 2519 1993 τῆς
2549 1924 2762 1995 δυτικῆς
2822 1927 3140 1996 Ἐκκλησίας
3381 1931 3596 2007 Ῥώμης

430 2018 643 2073 ventus
675 2008 901 2072 divisus
929 2016 1018 2071 est
1045 2008 1117 2071 ab
1183 2010 1433 2072 aliorum
1461 2018 1716 2091 qnatuor
1747 2018 2086 2071 sanctorum

2188 2013 2230 2067 ςὸ
2284 2014 2610 2093 περιώνυμον
2666 2015 2913 2095 ἔθροισμα
2955 2018 3014 2074 ἐκ
3066 2024 3164 2086 τῆς
3223 2026 3329 2077 τῶν
3387 2020 3577 2101 ἑτέρων
3620 2008 3827 2078 τεσσάὲ

433 2099 902 2182 patriarcharum
928 2098 1182 2180 spiritali
1213 2099 1667 2174 communione,
1702 2106 1762 2160 et
1789 2099 1861 2159 ad
1894 2117 2089 2160 mores

2188 2122 2274 2157 ›ων
2357 2102 2519 2181 ἁγίων
2620 2113 2965 2186 πατριαρχῶν
3059 2113 3419 2183 πνευματικῆς
3478 2098 3820 2186 Ἴκοινωνίας,

433 2190 830 2268 institutaque
885 2188 1155 2264 divertit,
1190 2206 1224 2249 a
1255 2188 1548 2250 catholica
1602 2187 1897 2268 Ecclesia,
1933 2196 1991 2249 et
2018 2187 2091 2250 ab

2188 2191 2261 2246 ιαὶ
2316 2189 2698 2272 ἆπεσχοινίσθη
2757 2197 2886 2274 πρὸς
2942 2193 3033 2263 ’έθη
3089 2197 3177 2253 καὶ
3234 2195 3476 2274 δόγματα
3529 2197 3625 2266 τῆς
3683 2202 3827 2255 καθ-

438 2278 785 2341 orthodoxis
801 2276 995 2340 aliena
1021 2296 1034 2336 :
1064 2295 1239 2358 quam
1263 2276 1337 2339 ob
1361 2295 1597 2339 causam
1635 2295 1829 2357 neque
1847 2278 2005 2357 Papa
2031 2276 2093 2337 in

2188 2277 2360 2347 »λικῆς
2405 2276 2725 2349 Ἐκκλησίας
2767 2285 2854 2339 καὶ
2899 2290 3004 2341 τῶν
3060 2282 3342 2364 ὀρθοδόξων
3410 2284 3681 2364 ἀλλότρια.
3720 2288 3827 2343 Διὰ

440 2366 656 2429 divinis
670 2365 1204 2430 sacrificationihus
1237 2378 1263 2420 ν
1285 2365 1589 2428 communi
1612 2364 2091 2446 patriarchalium

2188 2368 2274 2448 γὰρ
2364 2371 2516 2425 τοῦτο
2599 2370 2714 2427 οὔτε
2771 2371 2825 2429 ἐν
2908 2388 3028 2437 ταῖς
3136 2376 3294 2439 θείαις
3391 2373 3815 2454 ἱεροτελεστίαις,

435 2459 747 2519 nominum
798 2455 1093 2520 relatione
1145 2454 1359 2535 dignus
1410 2454 1710 2517 habetur:
1746 2473 1865 2515 non
1917 2453 2097 2516 debet

2188 2462 2360 2524 κοινῆς
2468 2461 2572 2515 τῶν
2677 2468 3077 2541 πατριαρχικῶν
3159 2463 3432 2538 ὀνομάτων
3553 2463 3821 2543 ἀναφορᾶς

434 2544 769 2609 Latinicum
819 2563 1007 2625 genus
1059 2563 1239 2607 manu
1292 2542 1647 2606 sacerdotali
1670 2561 1777 2623 per
1807 2543 2005 2604 divina
2034 2550 2094 2603 et

2188 2548 2205 2602 5
2272 2547 2454 2611 πάπας
2512 2548 2750 2617 ἠξίωται,
2825 2553 2918 2608 οὐκ
2956 2550 3147 2631 ὀφείλει
3212 2551 3365 2630 γέτος
3426 2542 3729 2609 Λατινικδνί
3756 2554 3821 2609 ἐκ

437 2633 818 2696 immaculata
874 2634 1157 2714 mysteria
1212 2631 1596 2713 sanctiﬁcari,
1677 2631 1793 2692 nisi
1835 2630 2091 2721 deponat

2188 2636 2356 2713 χειρὸς
2395 2639 2660 2716 ἱερατικῆς
2690 2635 2775 2694 διὰ
2840 2642 2946 2696 τῶν
3002 2630 3170 2698 θείων
3227 2642 3313 2696 καὶ
3383 2640 3662 2721 ἀχράντων
3705 2664 3810 2716 μυ.

442 2722 632 2804 prius,
664 2741 732 2785 se
756 2742 791 2785 a
818 2722 1103 2786 Latinicis
1132 2721 1416 2783 institutis
1446 2728 1505 2782 et
1559 2719 2091 2810 consuetudinibus

2188 2724 2401 2801 ττηρίων
2480 2725 2783 2805 ἂγιάζεσθαι
2816 2743 2831 2759 ·
2915 2730 2957 2785 εί
3052 2729 3129 2805 μὴ
3200 2719 3510 2806 (κατάθηται
3564 2730 3824 2810 πρότερον

438 2810 872 2886 abstenturum,
904 2820 963 2874 et
997 2811 1325 2874 secundum
1344 2827 1603 2872 canones
1622 2808 1944 2871 instructus
1965 2808 2089 2871 fue-

2188 2809 2464 2891 ἱπέχεσθαι
2493 2821 2598 2872 τῶν
2628 2820 2920 2873 Λατινικῶν
2974 2815 3249 2897 δογμάτων
3305 2839 3363 2874 τε
3412 2820 3501 2875 καὶ
3531 2808 3825 2885 συνηθειιῖη

436 2900 538 2977 rit,
571 2909 631 2965 et
658 2900 1006 2963 orthodoxis
1033 2899 1402 2981 adaequatus.

2188 2900 2260 2954 ιαὶ
2314 2903 2449 2958 κατὰ
2516 2904 2740 2967 κανόνας
2795 2911 3108 2986 κατηχηθῇ³
3191 2907 3280 2963 καὶ
3347 2919 3461 2972 τοῖς
3510 2905 3829 2987 ὀρθοδόξοισ

2171 2987 2414 3071 ἐξισωθῇ.

520 3077 729 3144 Inter.
746 3076 841 3142 16.
856 3076 1202 3140 Divinarum
1216 3074 1749 3166 sanctiﬁcationum
1767 3076 2090 3166 assumptio

2188 3022 2353 3056 ;ς,ισωυ
2399 3039 2414 3055 ,

2251 3022 2544 3163 Ἐριέτησις
2594 3073 2715 3158 ις’.
2774 3076 2835 3143 Ἠ
2892 3092 2996 3142 τῶν
3058 3086 3208 3143 θείων
3280 3088 3621 3166 ἀγιασμάτων
3650 3089 3827 3164 μετά-

442 3165 755 3239 arbitraria
786 3175 876 3231 est
906 3166 1213 3231 monachis
1243 3164 1788 3253 omnibus,clericis
1818 3173 1877 3227 et
1896 3164 2086 3243 laicis,

2188 3176 2338 3248 indm;
2395 3173 2693 3253 αὐθαίρετός
2751 3174 2861 3231 ἐστι
2916 3181 3044 3232 πᾶσι
3116 3190 3235 3240 τοῖς
3295 3164 3375 3252 μὴ
3430 3176 3829 3250 κεκωλαμένοις

441 3256 545 3339 qui
575 3275 696 3318 non
724 3264 863 3319 sunt
892 3255 1179 3338 prohibiti
1215 3277 1229 3316 :
1280 3265 1348 3317 ut
1373 3253 1637 3336 quotidie
1666 3252 1792 3315 fere
1824 3271 1932 3334 per
1960 3273 2090 3316 eam

2188 3275 2443 3342 ιοναχοϊς
2488 3252 2767 3340 κληρικοϊς
2821 3284 2878 3319 τε
2935 3264 3024 3320 καί
3064 3263 3281 3329 λαϊκοτς
3327 3282 3343 3299 ’
3374 3264 3510 3323 ὥστε
3577 3264 3830 3323 δύνασθαι

440 3347 806 3411 sanctiﬁcari
849 3347 1099 3428 possint.
1133 3347 1224 3409 An
1247 3354 1312 3408 ut
1341 3346 1451 3408 sub
1481 3343 1748 3426 pondere
1777 3344 2029 3407 libratur
2072 3357 2094 3387 ι

2188 3350 2388 3415 τούτους
2440 3350 2554 3407 καθ’
2612 3351 2844 3419 κέάστην
2887 3351 3080 3432 σχεδὸν
3116 3350 3182 3408 δι’
3238 3352 3401 3420 αὐτῆς
3457 3354 3768 3431 ἆγιάζεσται
3806 3373 3825 3390 ο

439 3456 659 3500 munus
676 3435 707 3498 ?
725 3434 843 3500 Sed
868 3443 928 3500 et
948 3436 1010 3499 in
1030 3435 1238 3519 iis,qui
1286 3434 1361 3497 ad
1394 3433 1919 3522 congregationem
1944 3453 2094 3496 con-

2188 3436 2212 3504 ἣ
2256 3439 2329 3501 ὡς
2359 3439 2458 3495 ὑπὸ
2488 3439 2725 3515 στάθμης
2779 3447 3176 3518 ζυγοστατεϊται
3241 3442 3304 3498 τὸ
3358 3439 3619 3522 δώρημας
3657 3440 3830 3499 Ἀλλὰ

438 3526 708 3604 veniunt,
752 3525 1176 3601 necessitatem
1206 3523 1386 3587 habet
1426 3522 1569 3586 boni
1595 3520 1986 3604 participatio,
2020 3541 2096 3585 an

2188 3527 2264 3582 καὶ
2317 3541 2435 3591 τοῖς
2494 3529 2693 3585 τούτων
2756 3528 3188 3601 ἐκκλησιάζουσιν
3278 3520 3639 3609 ἀναγκαστικῆ
3706 3530 3826 3587 ἐστι

438 3613 757 3680 arbitraria
787 3622 902 3692 est,
935 3622 995 3678 et
1018 3620 1346 3698 spontanea
1365 3614 1395 3675 Ἰ

2188 3622 2269 3671 τοῦ
2298 3615 2497 3693 ἆγαθου
2538 3618 2574 3685 ἡ
2627 3618 2929 3696 μετάληψις
2992 3619 3028 3688 ἢ
3100 3617 3411 3698 προαιρετέα
3463 3621 3551 3676 καὶ
3593 3620 3825 3679 αὐτοκέ-

2176 3701 2395 3769 λευστος
2420 3725 2436 3785 ς

517 3792 655 3858 Res.
683 3790 1198 3867 Quemadmodum
1230 3791 1363 3870 lege
1383 3796 1664 3852 statutum
1695 3796 1784 3852 est
1813 3799 1866 3865 ει,
1899 3788 2095 3867 dignis

2256 3796 2384 3859 Ἀττ.
2422 3790 2513 3865 Ὠς
2540 3801 2838 3876 νενόμισται
2909 3798 3133 3859 δίδοσται
3189 3814 3307 3868 τοῖς
3361 3801 3520 3868 ἀξίοις
3576 3802 3641 3859 τὰ
3670 3799 3831 3867 ἀξιώ-

442 3880 575 3945 dari
623 3880 961 3960 dignitates,
1021 3880 1109 3942 sic
1134 3879 1385 3969 'sancta,
1422 3878 1685 3969 sanctis.
1744 3878 2095 3969 Quicunque

2188 3907 2340 3966 Lata,
2387 3884 2524 3943 οὕτω
2550 3890 2786 3954 καὶτοῖς
2848 3889 3017 3968 ἆγίοις
3059 3890 3126 3946 τὰ
3179 3889 3327 3969 ἅγια.
3390 3880 3553 3950 υΟσοι
3583 3897 3709 3968 γοῦν
3738 3890 3832 3946 διὰ

444 3969 628 4052 igitur
658 3988 766 4052 per
792 3969 929 4032 vitae
950 3966 1535 4049 integritateni,viam
1568 3966 1683 4028 sibi
1711 3967 1787 4029 ad
1835 3967 2093 4028 divinam

2188 3977 2505 4055 ιαθαρότητα
2575 3978 2689 4054 βίου
2736 3983 2834 4045 τῆς
2890 3966 3027 4044 θείας
3104 3966 3460 4054 μεταλήψεως
3517 3966 3617 4046 τὴν
3702 3977 3832 4035 ὁδὸν

442 4058 957 4147 participationem
988 4057 1462 4147 complanarunt,
1503 4055 1635 4147 sine
1664 4056 2093 4137 impedimento

2188 4066 2360 4128 αὐτοῖς
2442 4064 2793 4142 ἐξωμάλισαν,
2897 4065 3370 4146 ἂπαρεμποδίστως
3472 4065 3829 4147 δεχήσονται,

444 4146 860 4237 admittentur,
889 4145 1094 4237 Neque
1124 4144 1374 4237 enim‘hi
1410 4145 1653 4237 omnino
1686 4163 1840 4226 eam,
1874 4153 1941 4208 ut
1965 4163 2094 4208 rem

2188 4153 2398 4217 Πάντως
2442 4156 2542 4234 γὰρ
2596 4152 2711 4211 οῦδὲ
2768 4156 2911 4213 αὐτοὶ
2977 4144 3171 4223 ταύτης
3240 4158 3314 4220 ὡς
3370 4144 3592 4237 τυχαίας
3643 4178 3825 4212 κατα-

445 4235 774 4326 quamlibei
829 4234 1027 4326 aliam,
1082 4233 1525 4315 aggrediemur,
1583 4233 1875 4326 sigratiae
1904 4233 2097 4326 altitu-

2188 4233 2528 4323 tolp-qaoum,
2588 4250 2961 4307 κατανοοῦντες
3014 4245 3076 4300 τὸ
3129 4244 3262 4321 ὕψος
3318 4249 3415 4312 τῆς
3438 4233 3698 4326 ⁷χάριτος²
3731 4246 3829 4301 καὶ

445 4325 651 4389 dinem
729 4324 1134 4402 considerent,
1192 4331 1251 4387 et
1309 4323 1667 4386 sacramenti
1732 4321 2092 4403 magnitudi-

2188 4335 2272 4387 τοῦ
2302 4321 2585 4408 μυστηρίου
2611 4333 2672 4388 τὸ
2716 4332 2956 4411 μέγεθος.

446 4431 590 4478 nem
602 4460 615 4475 .

514 1653 654 1743 Res.
692 1652 799 1743 Qui
825 1671 944 1715 non
964 1661 1059 1743 est
1076 1670 1333 1730 mecum,
1355 1658 1562 1743 contra
1586 1670 1682 1743 me
1698 1659 1811 1743 est,
1842 1651 2077 1732 (inquit,
2106 1694 2145 1743 Β

528 4503 668 4584 Cogi
681 4511 880 4566 autem
894 4519 1251 4586 quemquam
1265 4501 1492 4564 divinas
1501 4499 2096 4563 sanctiﬁcationes'as-

443 4610 708 4670 sumere,
741 4611 863 4655 non
889 4592 1134 4675 placnit.
1165 4590 1240 4654 Et
1267 4590 1319 4653 si
1370 4590 1527 4652 enim
1560 4588 1740 4670 aliqui
1769 4589 2093 4670 apostolico

440 4685 482 4744 9
511 4698 701 4744 canon
757 4681 875 4759 usi,
938 4680 1049 4763 (sic
1101 4679 1435 4762 inquiente,
1485 4676 1835 4759 Quicunque
1885 4679 2093 4742 ﬁdeles

442 4769 865 4853 ingrediuntur
893 4778 952 4832 et
981 4768 1322 4851 Scripturas
1350 4767 1620 4843 audiunt,
1656 4767 1715 4828 in
1749 4768 2091 4848 precatione

444 4868 646 4923 autem
676 4868 738 4923 et
765 4877 934 4923 sacra
982 4857 1405 4921 communione
1458 4873 1577 4918 non
1620 4864 1994 4937 permanent,
2028 4865 2091 4919 ut

440 4947 728 5013 Ecclesiae
755 4947 1170 5012 confusionem
1202 4947 1542 5021 afferentes,
1578 4946 1877 5025 segregari
1908 4963 2089 5025 opor-

439 5039 544 5121 tet)
572 5037 756 5101 velint
777 5055 907 5116 eos,
941 5036 1044 5119 qui
1067 5036 1130 5098 in
1161 5034 1476 5098 ecclesiam
1499 5033 1878 5112 conveniunt,
1914 5034 2090 5097 etiam

438 5126 656 5191 invitos
695 5126 829 5208 cogi
889 5124 1121 5189 divinas
1170 5141 1409 5187 sumere
1438 5121 1934 5185 sanctiﬁcationes
1984 5142 2097 5185 nos

445 5224 643 5281 tamen
691 5234 986 5281 canonem
1014 5233 1136 5278 non
1166 5213 1252 5277 sic
1282 5213 1772 5293 interpretamur.
1808 5213 1883 5275 Et
1935 5212 2095 5275 enim

447 5303 659 5374 ﬁdeles
684 5303 927 5389 quidem
955 5301 1030 5367 ad
1071 5302 1252 5366 linem
1281 5317 1469 5383 usque
1498 5298 1680 5363 divini
1710 5299 2008 5381 sacriﬁcii,
2038 5308 2097 5362 et

2259 4505 2686 4588 Ἀναγκαστικῶς
2742 4507 2797 4566 δέ
2849 4531 2994 4573 τινας
3050 4513 3157 4566 τῶν
3203 4512 3355 4566 θειων
3399 4508 3833 4587 μεταλαμϐάνειν

2174 4597 2514 4678 ἁγιασμάτων
2544 4597 2603 4654 οῦ
2643 4596 2902 4656 δέδοκται.
2958 4596 3063 4656 Κᾶν
3105 4599 3205 4678 γὰρ
3274 4620 3411 4662 τινες
3464 4607 3540 4675 τῷ
3593 4599 3798 4656 ἀποστο
3823 4634 3837 4644 -

2173 4683 2308 4760 λικῴ
2347 4676 2399 4742 θ’
2423 4686 2603 4743 κανόνι
2632 4686 2986 4766 χρησαμένοι,
3023 4685 3122 4767 (τῷ
3166 4676 3302 4744 οὕτω
3331 4686 3539 4766 λέγοντι
3574 4708 3589 4721 ·
3614 4689 3831 4755 Πάντας

2172 4775 2293 4839 τοὺς
2341 4776 2597 4841 εἰσιόντας
2640 4777 2859 4839 πιστοὺς
2902 4777 3123 4833 καὶτῶν
3166 4782 3389 4857 Γραφῶν
3430 4776 3833 4856 ἀκροωμένους,

2174 4866 2251 4941 μὴ
2280 4863 2679 4943 παραμένοντας
2737 4862 2790 4920 δὲ
2860 4871 2928 4942 τῇ
2982 4871 3260 4945 προσευχῇ
3309 4866 3395 4921 καὶ
3446 4872 3514 4942 τῇ
3568 4865 3687 4942 ἁγίᾳ
3717 4886 3830 4940 με-

2173 4953 2425 5029 ταλήψει⁹
2485 4954 2559 5016 ὠς
2617 4950 2826 5019 ἀταξίαν
2924 4953 3272 5029 ἐμποιοῦντας
3381 4958 3450 5031 τῇ
3532 4951 3833 5028 Ἐκκλησία

2177 5043 2503 5124 ἀφορίζεσθαι
2558 5040 2687 5117 δεῖ),
2756 5040 2962 5099 θέλουσι
3033 5040 3088 5098 δὲ
3169 5043 3291 5107 τοὺς
3377 5041 3829 5114 ἐκκλησιάζοντας

2175 5138 2280 5189 τῶν
2339 5132 2489 5188 θείων
2548 5128 2969 5206 μεταλαμϐάνειν
3025 5131 3367 5209 ἁγιασμάτων
3420 5131 3507 5209 καὶ
3545 5127 3769 5209 ἄκοντας
3804 5148 3823 5162 ·

2177 5209 2296 5268 ἀλλ’
2384 5213 2518 5287 ἡμῖν
2576 5209 2713 5267 οὕτω
2768 5211 2834 5267 τὰ
2874 5217 2966 5267 τοῦ
2999 5208 3219 5276 κανόνος
3261 5214 3356 5269 οῦκ
3413 5208 3822 5286 ἐκλαμϐάνεται.

2178 5298 2577 5371 Ἐκκλησιάζειν
2634 5300 2730 5375 μὲν
2783 5300 2883 5380 γὰρ
2933 5301 3053 5364 τοὺς
3152 5300 3366 5365 πιστοὺς
3423 5298 3584 5380 μέχρι
3640 5297 3827 5363 τέλους

1766 5457 2016 5523 νΑΗΙΛΕ
2058 5456 2495 5524 LECTIONES.

506 5611 535 5657 ι
558 5604 634 5675 in
652 5600 850 5675 sacris
1355 5595 1577 5683 metut
1605 5596 1688 5662 ad
1716 5594 1953 5661 lancem
1982 5593 2383 5675 pmderatur.
2468 5604 2495 5637 ι
2535 5607 2710 5658 more
2738 5596 3041 5675 receptum
3063 5597 3169 5670 est,
