4160 6212
329 360 484 434 1949

1643 353 2350 447 casco-nonanona.

3536 359 3690 426 1050

319 501 420 564 τῆς
478 495 618 558 θείας
703 491 1105 572 ἱεροτελεστίας,
1184 497 1272 552 καὶ
1340 502 1438 565 τῆς
1508 496 1807 562 τελευταίας
1876 502 1959 554 τοῦ

2049 493 2274 556 ultima:
2287 494 2677 560 sacriﬁcantis
2701 496 3058 577 precationis
3076 497 3690 579 renumerationisque

316 588 705 665 ἱερουργοῦντος
780 584 970 663 εὑχῆς,
1041 585 1128 640 καὶ
1184 594 1275 644 τοῦ
1333 585 1616 667 ἀντιδώρου
1655 587 1750 655 τῆς
1807 608 1967 662 μεταο

312 675 559 750 λήψεως,
624 673 964 752 ψηφιζόμεθα
997 690 1012 706 ’
1086 675 1175 731 καὶ
1243 688 1362 738 τοῖς
1421 675 1558 734 οὑτω
1621 677 1703 751 μὴ
1757 682 1963 733 ποιοῦσι

308 765 407 832 τὴν
436 767 498 821 ἐκ
547 771 641 822 τοῦ
687 762 909 824 κανόνος
964 764 1268 840 ὶπισείομεν
1324 765 1706 843 ἀγανάκτησιν.
1783 771 1963 821 Μετα-

309 850 597 928 λαμϐάνειν
629 850 685 909 δὲ
730 851 916 912 αὑτοὺς
975 852 1070 907 οὑκ
1126 852 1511 930 ἀναγκάζομεν,
1571 852 1654 910 διὰ
1703 854 1800 922 τὴν
1868 860 1964 921 τῆς

314 939 666 1012 συνειδήσεως
710 941 960 1017 βάσανον.
1008 941 1332 1020 Προσεκτέον
1365 943 1476 1016 οῦν,
1529 943 1664 1000 κατά
1718 943 1818 1011 τὴν
1871 950 1964 1001 τοῦ

315 1030 564 1108 ῥηθέντος
649 1030 870 1092 κανόνος
954 1030 1262 1110 περίληψιν,
1353 1033 1430 1106 μὴ
1514 1032 1849 1096 ἀσυντάκτως
1906 1033 1966 1089 ἐκ

314 1125 415 1187 τῆς
503 1118 790 1199 ἱερουργίας
871 1123 1177 1201 ὑποχωρεῖν
1259 1121 1382 1184 τοὺς
1464 1119 1909 1194 ἐκκλησιάζοντας
1945 1138 1958 1151 ⁸

316 1207 439 1265 ἀλλ’
469 1209 584 1266 ἐπεὶ
615 1208 748 1276 αὕτη
779 1209 840 1266 ἔκ
879 1233 936 1267 τε
985 1215 1082 1276 τῆς
1129 1207 1362 1273 Παλαιᾶς
1422 1211 1686 1280 Διαθήκης
1727 1211 1815 1267 καὶ
1865 1216 1964 1278 τῆς

317 1296 454 1362 Νέας
513 1299 586 1361 εἰς
639 1298 763 1372 μίαν
845 1299 1144 1364 ταυτότητι
1227 1297 1601 1378 μεγαλύνεται,
1658 1301 1746 1355 καὶ
1802 1298 1962 1378 μέχρι

315 1387 413 1463 μὲν
468 1393 567 1454 τῆς
637 1395 742 1443 τῶν
799 1389 962 1466 ἁγίων
1022 1387 1350 1464 Εὑαγγελίων
1417 1385 1806 1466 ἀνακηρύξεως,
1864 1391 1964 1455 τῆς

320 1481 612 1544 Δαυϊτικῆς
661 1476 870 1556 κινύρας
945 1477 1012 1532 τὰ
1069 1473 1470 1552 ψαλτῳδήματα
1527 1486 1618 1536 τοῦ
1680 1478 1966 1557 μυστηρίου

315 1565 415 1632 τὴν
455 1563 671 1624 δύναμιν
714 1566 982 1643 ἁγιάζουσι
1016 1580 1030 1594 ⁸
1093 1566 1226 1641 μετά
1287 1565 1338 1620 δὲ
1403 1567 1598 1632 ταύτην
1653 1568 1752 1632 τῆς
1809 1567 1964 1622 ἀναι-

316 1654 519 1730 μάκτου
575 1655 752 1718 θυσίας
807 1654 1108 1732 ἀνοίγονται
1161 1654 1231 1709 τὰ
1281 1653 1559 1734 προαυλία,
1617 1655 1965 1734 ἐπιτρέποντα

2048 583 2538 664 participationis,
2601 586 2891 648 interesse
2941 587 3214 649 concioni
3273 586 3490 650 debere
3541 606 3688 650 cen-

2045 685 2267 733 semus.
2303 671 2370 733 Et
2400 670 2495 753 iis,
2559 673 2660 754 qui
2709 675 2794 736 sic
2835 692 2959 739 non
3019 675 3267 755 faciunt,
3318 675 3562 738 canonis
3584 675 3688 739 in-

2045 756 2448 836 dignationem
2507 761 2855 824 vibramus:
2921 763 3277 844 participare
3335 772 3533 828 autem
3580 783 3690 827 .eos

2047 865 2165 906 non
2199 847 2487 927 cogimus,
2517 850 2591 911 ob
2633 851 3014 916 conscientia:
3058 861 3442 916 tormentum.
3474 853 3687 916 Anim-

2047 935 2472 1000 advertendum
2508 939 2708 1016 igitur,
2738 941 2905 1020 juxta
2947 941 3209 1021 praedicti
3241 941 3486 1004 canonis
3515 951 3685 1005 teno-

2045 1042 2197 1096 rem,
2253 1043 2328 1088 ne
2387 1027 2487 1108 qui
2539 1029 2856 1091 conventui
2910 1029 3232 1103 intersunt,
3292 1031 3626 1096 inordinate
3649 1049 3692 1092 .a

2045 1113 2337 1176 sacriﬁcio
2374 1124 2770 1178 revertantur.
2805 1117 2921 1179 Sed
2977 1137 3110 1179 cum
3159 1117 3350 1199 ipsum
3383 1137 3456 1180 ex
3487 1120 3690 1180 Veteri

2045 1200 2323 1284 Novoque
2353 1203 2729 1267 Testamento
2764 1205 2890 1285 pari
2943 1206 3116 1267 modo
3167 1207 3599 1286 magniﬁcetur,
3633 1215 3692 1270 et

2045 1291 2115 1352 ad
2146 1291 2557 1355 recitationem
2579 1293 2818 1374 quidem
2847 1313 3034 1375 usque
3060 1304 3399 1357 sanctorum
3431 1297 3690 1374 Evange-

2047 1379 2285 1455 liorum,
2311 1382 2600 1444 Davidicaa
2632 1383 2874 1444 citharae
2903 1383 3166 1445 carmina
3198 1384 3555 1445 sacramenti
3585 1403 3687 1453 ce—

2048 1467 2280 1530 lebrent
2303 1478 2649 1550 potestatem
2675 1489 2687 1532 :
2715 1479 2918 1551 postea
2935 1481 3134 1534 autem
3153 1471 3692 1536 incruenttebostian

2047 1560 2387 1639 aperiantur
2417 1559 2724 1639 vestibula,
2759 1559 3120 1622 antistitibus
3156 1561 3557 1641 permittentia
3585 1580 3690 1622 su-

2048 1667 2140 1728 pet
2162 1649 2529 1712 bumeralem
2561 1651 2840 1712 amictum
2873 1649 3198 1730 deponere,
3224 1649 3324 1729 qui
3345 1651 3483 1730 agni
3507 1651 3692 1730 ﬁgura

312 1744 399 1799 καὶ
426 1756 546 1806 τοῖς
603 1743 910 1822 ἀρχιερεῦσι
954 1745 1014 1798 τὸ
1055 1743 1151 1818 μὲν
1209 1741 1518 1818 ἐπωμάδιον
1561 1744 1847 1824 ὁμοφόριον
1901 1745 1959 1801 τὸ

2049 1737 2350 1817 eleganter
2378 1738 2694 1801 fabricatus
2726 1747 2840 1813 est,
2867 1747 2925 1800 et
2947 1746 3194 1800 tractare
3217 1739 3338 1800 veri
3361 1739 3690 1820 viviﬁeique

315 1833 386 1896 εἷς
453 1833 615 1889 τύπον
687 1838 780 1886 τοῦ
863 1832 1029 1908 ἀμνοῦ
1112 1829 1529 1910 καλλιτεχνηθὲν
1607 1832 1960 1906 ἀποτίθεσθαι,

317 1921 781 2000 μεταχειρίζεσθαι
811 1917 867 1975 δὲ
894 1927 986 1978 τοῦ
1018 1919 1242 1986 ἀληθοῦς
1280 1922 1366 1976 καὶ
1394 1927 1652 1991 ζωοποιοῦ
1681 1921 1878 1996 Ἀμνοῦ
1905 1924 1965 1978 τὸ

317 2011 603 2088 μυστήριον
629 2029 642 2043 ·
677 2011 720 2064 εί
739 2010 837 2083 μὲν
869 2013 913 2065 οἱ
945 2007 1382 2080 ἐκκλησιάζοντες
1411 2011 1552 2072 εὑθὺς
1585 2011 1720 2086 μετά
1749 2011 1813 2067 τὰ
1841 2011 1966 2088 ἅγια

318 2097 631 2176 Εὑαγγέλια,
667 2097 981 2176 αὐθαιρέτως
1012 2099 1478 2177 ὑποχωρήσουσιν,
1499 2101 1593 2156 οὑκ
1622 2099 1964 2168 αἱτιαθησον-

313 2209 403 2243 ται
437 2206 452 2220 ο
510 2189 555 2243 εί
595 2184 649 2242 δὲ
692 2187 828 2261 μετὰ
868 2187 964 2252 τὴν
993 2187 1271 2266 καταρχὴν
1301 2192 1400 2253 τῆς
1431 2187 1763 2261 ἀναιμάκτου
1790 2187 1962 2251 θυσίας

313 2278 398 2331 καὶ
440 2279 727 2351 μυστικῆς,
785 2276 859 2338 ὡς
913 2275 1126 2331 ἄτσκτοι
1185 2277 1272 2332 καὶ
1333 2274 1704 2333 σκανδαλισταὶ
1752 2274 1963 2338 δικαίως

312 2364 751 2442 ἀφορισθήσονται
763 2408 777 2422 .

395 2441 687 2532 Ἐρώτησις
733 2441 822 2523 ιζ’.
884 2455 943 2509 Οἱ
999 2453 1134 2528 μετὰ
1187 2459 1282 2510 τοῦ
1323 2451 1612 2533 ἀρχιερέως
1641 2451 1842 2532 ἢῖμετὰ
1871 2463 1963 2512 τοῦ

313 2541 490 2619 ἱερέως
520 2540 1036 2620 συλλειτουργοῦντες
1081 2541 1338 2618 διάκονοι,
1385 2543 1758 2621 ἀπαραιτήτως
1791 2564 1958 2618 μετα-

315 2627 603 2704 λαμϐάνειν
633 2629 948 2710 ὀφείλουσιν,
981 2631 1016 2698 ἢ
1049 2631 1106 2688 οὔ
1139 2651 1154 2711 ;

397 2717 524 2782 Ἀπ.
561 2711 618 2778 Ὀ
660 2709 720 2786 η’
742 2721 914 2778 κανὼν
943 2724 1045 2776 τῶν
1093 2721 1253 2798 ἁγίων
1290 2718 1601 2776 ἀποστόλων
1657 2719 1794 2777 οὕτω
1847 2743 1958 2801 φη-

313 2809 415 2882 σὶν,
477 2807 544 2865 Εἴ
586 2830 672 2872 τις
727 2809 1035 2879 ἐπίσκοπος,
1093 2809 1128 2877 ἢ
1172 2807 1538 2888 πρεσϐύτερος,
1607 2809 1642 2877 ἢ
1686 2807 1956 2889 διάκονος,

313 2896 349 2964 ἢ
418 2904 509 2954 106
565 2895 860 2976 καταλόγου
919 2907 1008 2956 τοῦ
1083 2901 1363 2977 ἱερατικοῦ,
1443 2905 1738 2978 προσφορᾶς
1810 2922 1958 2976 γινο-

309 2985 376 3060 μέ
391 3010 474 3054 ρης
505 2986 584 3064 μὴ
613 2984 911 3066 μεταλάϐῃ,
962 2988 1059 3054 τὴν
1113 2988 1280 3044 αἰτίαν
1337 2987 1558 3046 εἰπάτω.
1620 2989 1718 3046 Καὶ
1775 2988 1865 3046 ἐὰν
1920 2991 1957 3064 ᾗ

2047 1826 2197 1906 Agni
2226 1835 2664 1890 sacramentum
2693 1849 2706 1889 :
2737 1828 2784 1888 si
2809 1828 3046 1904 quidem
3071 1827 3134 1900 ii,
3169 1828 3270 1908 qui
3294 1827 3354 1888 in
3377 1846 3692 1907 congrega-

2049 1917 2268 1980 tionem
2305 1927 2732 1994 convenerunt,
2765 1919 2961 1978 statim
2996 1927 3125 1997 post
3147 1926 3348 1979 sancta
3379 1917 3692 1996 Evangelia

2049 2015 2256 2084 sponte
2308 2008 2640 2082 discedant,
2701 2026 2817 2068 non
2867 2006 3264 2086 culpabuntur
3298 2024 3310 2065 :
3347 2009 3452 2069 sed
3481 2005 3533 2067 si
3564 2014 3692 2085 post

2048 2093 2372 2193 incruenta;
2397 2096 2779 2175 mysticaeque
2802 2095 3053 2157 victima:
3071 2095 3684 2176 principium,utin0r~

2046 2181 2232 2244 dinati
2265 2192 2324 2245 et
2352 2183 2680 2246 oﬁ'ensores
2702 2184 2870 2264 juxte
2901 2181 3592 2246 excommunicabuntur.

2123 2448 2297 2511 Inter
2353 2461 2378 2511 1
2395 2450 2450 2512 7.
2483 2449 2594 2522 Qui
2623 2471 2756 2513 cum
2781 2449 3056 2531 pontiﬁce
3079 2449 3169 2512 vel
3192 2448 3497 2512 sacerdote
3518 2467 3686 2510 com-

2047 2536 2384 2601 ministrant
2435 2541 2694 2620 diaconi,
2755 2540 2979 2602 tlcbent
3047 2539 3195 2602 citra
3249 2539 3686 2602 exeusationem

2044 2631 2524 2692 communionem
2554 2649 2886 2706 assumere,
2913 2631 3160 2692 annon?

2125 2718 2254 2780 Res.
2289 2721 2490 2782 Canon
2520 2721 2555 2781 8
2599 2727 2940 2781 sanctorum
2999 2717 3402 2799 apostolorum
3435 2717 3521 2780 sic
3549 2714 3634 2776 ait
3669 2735 3684 2774 :

2043 2801 2268 2888 Siquis
2321 2809 2656 2890 episcopus,
2718 2811 3045 2890 presbyter,
3114 2807 3201 2870 vel
3255 2807 3564 2881 diaconus,
3597 2803 3686 2866 vel

2041 2911 2112 2954 ex
2135 2898 2488 2960 sacerdotali
2520 2899 2802 2979 catalogo,
2861 2898 3008 2961 facta
3041 2896 3341 2960 oblatione
3374 2915 3489 2962 non
3519 2912 3684 2961 00m-

2041 2987 2449 3063 municaverit,
2474 3008 2707 3052 causam
2746 2989 2904 3051 dicat
2935 3009 2948 3049 :
2988 2987 3116 3050 etsi
3139 2986 3461 3068 probabilis
3483 2985 3684 3064 fuerit,

308 3073 546 3154 εὔλογος,
606 3076 926 3153 συγγνώμης
998 3075 1334 3156 τυγχανέτω.
1409 3077 1467 3133 Εἰ
1523 3073 1578 3132 δὲ
1651 3075 1727 3150 μὴ
1783 3074 1950 3155 λέγει,

2045 3076 2268 3138 veniam
2301 3087 2738 3152 consequetur;
2773 3077 2865 3139 sin
2898 3096 3034 3139 vero
3062 3076 3280 3151 minus,
3305 3083 3681 3156 segregetur,

307 3163 650 3244 ἀφοριζέσθω,
711 3165 784 3228 ὡς
841 3164 1007 3231 οἴτιος
1066 3163 1271 3242 βλάϐης
1327 3167 1604 3244 γινόμενος
1661 3171 1736 3236 τῷ
1819 3171 1948 3240 λαῷ,

306 3253 396 3309 καὶ
470 3253 726 3312 ὑπόνοιαν
802 3255 1030 3324 ποιήσας
1108 3255 1244 3310 κατὰ
1332 3261 1424 3312 τοῦ
1506 3253 1953 3333 προσενέγκαντος

306 3343 380 3404 ὡς
457 3343 535 3418 μὴ
609 3343 769 3420 ὑγιῶς
842 3343 1306 3422 προσενεγκόντος.
1385 3342 1790 3422 Παρατηρητέον
1867 3343 1956 3399 οῦν

308 3432 428 3489 τοὺς
470 3428 844 3494 ὑποδιακόνους
899 3433 986 3488 καὶ
1040 3431 1160 3494 τοὺς
1225 3429 1518 3504 διακόνους,
1583 3433 1669 3488 καὶ
1752 3429 1956 3506 μᾶλλον

309 3523 430 3583 τοὺς
513 3521 976 3600 χειραπτήσαντας
1081 3518 1504 3596 μεταλαμϐάνειν
1603 3527 1708 3577 τῶν

310 3610 656 3686 ἀγιασμάτων
688 3623 706 3644 ⁸
778 3609 815 3677 ἢ
871 3610 980 3684 μὴν
1036 3611 1134 3673 τὴν
1192 3611 1357 3666 αἰτίαν
1410 3609 1582 3688 λέγειν
1629 3607 1701 3664 δι’
1759 3609 1824 3675 ἣν
1866 3620 1958 3668 τοῦ

315 3698 508 3775 ἀγαθοῦ
537 3698 718 3754 τούτου
773 3697 1098 3765 ἀπέστησαν.
1148 3707 1310 3757 Τοῦτο
1364 3699 1464 3777 γὰρ
1525 3699 1602 3774 μὴ
1659 3708 1951 3772 ποιοῦντες,

312 3785 749 3864 ἀφορισθήσονται
839 3787 975 3843 κατὰ
1072 3787 1169 3854 τὴν
1252 3793 1344 3843 τοῦ
1423 3787 1666 3865 ρηθέντος
1739 3787 1954 3851 κανόνος

311 3875 619 3955 περίληψιν.

391 3965 676 4044 Ἐρώτηεις
749 3955 848 4032 ιη’,
905 3963 1201 4023 Ἀκίνδυνόν
1246 3965 1356 4022 ἐστι
1392 3966 1619 4043 γίνεσθαι
1690 3968 1786 4034 τὴν
1851 3974 1956 4024 τῶν

308 4055 459 4111 θείων
544 4055 887 4131 ἀγιασμάτων
977 4053 1202 4111 διάδοσιν
1285 4057 1372 4111 καὶ
1456 4055 1755 4132 μετάληψιν
1827 4058 1958 4131 μετά

310 4149 518 4223 ψυχροῦ
562 4141 712 4200 οἴνου
764 4145 850 4199 καὶ
892 4141 1075 4208 ὕδατος
1109 4162 1122 4176 ⁹
1188 4143 1224 4210 ἢ
1277 4144 1634 4222 ἀπαραίτητόν
1699 4146 1813 4202 ἐστι
1870 4149 1957 4201 καὶ

308 4232 422 4303 ζέον
465 4230 600 4310 ὕδωρ
656 4232 793 4287 κατὰ
836 4234 925 4288 τὸν
977 4233 1157 4310 καιρὸν
1201 4236 1298 4300 τῆς
1354 4233 1710 4309 μεταλ-ἀψεως
1756 4236 1828 4298 εἰς
1893 4235 1958 4290 τὰ

311 4254 422 4303 ςεον
466 4254 569 4288 υοω
656 4254 733 4286 κα·

311 4321 441 4398 ἅγια
469 4254 686 4397 βάλςειν
720 4338 733 4398 ;

1808 3521 1958 3577 θείων

595 4359 686 4375 ὶῡδν
720 4366 736 4399 ,

2037 3173 2099 3225 ut
2129 3169 2228 3246 qui
2262 3168 2477 3248 populo
2503 3167 2849 3229 offensionis
2876 3185 3052 3228 causa
3080 3166 3178 3240 sit,
3202 3175 3262 3228 et
3285 3165 3687 3246 suspicionem

2038 3254 2268 3318 dederit
2297 3257 2584 3320 adversus
2614 3275 2772 3332 eum,
2799 3255 2898 3336 qui
2917 3253 3146 3323 obtulit,
3177 3253 3348 3334 quasi
3367 3272 3482 3315 non
3511 3254 3687 3331 digne

2039 3343 2796 3407 obtulerit.0bscrvandum
2823 3344 3096 3422 igitur,ut
3115 3341 3685 3417 subdiaconi,etdia-

2040 3439 2170 3492 coni
2189 3441 2246 3493 et
2266 3433 2461 3512 potius
2472 3452 2640 3494 sacra
2653 3430 3663 3511 contrectantes,divinassanctiﬁca

2041 3521 2232 3581 tiones
2253 3531 2580 3593 assumant,
2607 3521 2695 3581 vel
2717 3528 2876 3582 certe
2896 3537 3130 3581 causam
3151 3517 3372 3598 dicant,
3401 3518 3474 3578 ob
3510 3537 3682 3599 quam

2040 3627 2109 3670 eo
2142 3609 2296 3671 bono
2326 3609 2759 3673 abstinuerunt.
2787 3609 2844 3671 ld
2872 3608 3028 3669 cnim
3047 3607 3096 3668 si
3115 3626 3231 3668 non
3262 3606 3499 3678 faciant,
3519 3608 3687 3687 juxta

2042 3699 2310 3778 j'arzedicti
2340 3698 2582 3762 canonis
2614 3707 2879 3760 tenorem
2910 3695 3602 3758 excommunicabuntur.

2125 3967 2290 4030 Inter
2337 3971 2432 4030 18.
2461 3969 2698 4030 Ansine
2722 3966 2980 4048 periculo
3002 3964 3332 4026 divinarum
3360 3964 3683 4027 sanctiﬁca‘

2043 4057 2266 4118 tionum
2302 4059 2639 4120 distributio
2671 4068 2728 4119 et
2785 4056 3109 4137 assumptio
3143 4057 3281 4117 ﬁant
3314 4075 3445 4116 cum
3474 4053 3686 4133 frigido

2041 4146 2174 4208 vino
2207 4157 2264 4208 et
2292 4166 2482 4223 aqua:
2519 4166 2592 4208 an
2653 4146 2782 4209 sine
2841 4144 3218 4207 eitcusatione
3276 4163 3425 4224 aqua
3457 4143 3483 4202 f
3516 4160 3690 4202 rvens

2042 4235 2511 4316 participationis
2544 4246 2809 4316 tempore
2837 4235 2892 4296 in
2927 4243 3126 4295 sancta
3160 4233 3238 4294 sit
3263 4231 3606 4294 mittenda?

391 4387 519 4466 Ἀὲτ.
572 4414 674 4466 T06
720 4387 816 4483 ’λβ’
876 4407 1094 4470 κανόνος
1152 4413 1249 4474 τῆς
1310 4407 1364 4463 ἐν
1421 4416 1496 4484 τῷ
1565 4408 1812 4487 Τρούλλρρ
1865 4417 1955 4466 τοῦ

2118 4415 2253 4474 Res.
2277 4413 2418 4473 Cum
2434 4411 2510 4472 32
2537 4432 2724 4474 canon
2751 4421 2968 4473 sanctae
2984 4419 3035 4471 et
3055 4408 3438 4471 mcumenicaz
3457 4406 3686 4486 synodi,

225 4561 230 4566 ι
312 4497 546 4576 μεγάλου
586 4495 842 4553 παλατίου
900 4497 1163 4563 συστάσης
1220 4499 1370 4575 ἁγίας
1438 4500 1526 4555 καὶ
1583 4501 1953 4575 οἷκουμενικῆς

311 4584 525 4645 σννόόου
606 4585 878 4665 καθαρέσει
947 4583 1434 4650 καθυποϐάλλοντος
1519 4589 1638 4651 τοὺς
1711 4589 1788 4664 μὴ
1871 4611 1957 4645 τε-

313 4673 584 4738 λειοῦντας
643 4675 704 4730 τὸ
762 4677 905 4730 θεῖον
968 4675 1054 4730 καὶ
1098 4674 1247 4752 ἅγιον
1291 4678 1543 4754 ποτήριον
1586 4675 1636 4742 ἐξ
1694 4675 1840 4734 οῗνου
1870 4680 1956 4733 καὶ

309 4760 518 4836 ὕδατος,
554 4762 857 4840 αἱρεσιῶταί
899 4783 1038 4827 τινες
1097 4763 1190 4818 οῦκ
1245 4762 1528 4842 ἀνέχονται
1572 4763 1782 4841 βάλλειν
1839 4765 1954 4836 ζέον

307 4853 380 4914 εἰς
424 4854 484 4908 τὸ
515 4852 671 4930 ἅγιον
703 4852 790 4906 καὶ
820 4854 963 4907 θεῖον
993 4852 1248 4930 ποτήριον
1283 4867 1296 4882 ’
1352 4845 1486 4912 (Ὀτι
1536 4853 1703 4934 (φασὶ)
1745 4855 1813 4910 τὰ
1842 4856 1958 4933 περὶ

307 4945 492 5003 τούτου
522 4949 600 5018 τῷ
656 4943 834 5000 κανόνι
892 4947 950 5002 06
1002 4941 1380 5022 διελήφθησαν,
1437 4945 1710 5003 Ἀκούουσι
1755 4944 1830 5008 δὲ.
1879 4944 1959 5002 ὅτι

309 5035 371 5089 τὸ
427 5033 543 5102 ζέον
600 5035 676 5106 τῷ
760 5033 892 5108 ἁγίῳ
963 5031 1159 5106 α’ῗματι
1240 5033 1643 5112 προστιθέμενον
1710 5034 1810 5101 τὴν
1894 5032 1960 5090 δι’

308 5119 493 5185 ὕδατος
553 5122 638 5177 καὶ
721 5118 868 5177 οἴνου
926 5119 1119 5177 ἕνωσιν
1171 5128 1262 5176 106
1332 5123 1480 5200 ἁγίου
1537 5123 1786 5200 ποτηρίου
1870 5127 1964 5182 οὑκ

312 5207 520 5266 ἀλλοιοὶ
562 5209 647 5265 ἐπὶ
689 5207 824 5284 μηδὲ
869 5210 962 5264 οὑκ
1008 5207 1184 5288 ἕτερόν
1248 5232 1297 5265 τι
1341 5212 1482 5289 παρὰ
1525 5213 1586 5266 τὸ
1642 5208 1774 5288 ὕδωρ
1827 5209 1960 5268 ἐστί.

315 5295 572 5354 Βάλλεται
628 5295 681 5351 δὲ
759 5298 830 5362 εἰς
905 5294 1262 5376 πληροφορίαν
1347 5307 1436 5356 τοῦ
1507 5299 1649 5356 εἶναι
1729 5300 1964 5369 ζωοποιά

310 5387 376 5442 τὰ
431 5387 682 5464 ῥεύσαντα
717 5386 821 5442 ἀπὸ
878 5386 974 5453 τῆς
1021 5385 1172 5463 ἁγίας
1216 5385 1443 5467 πλευρᾶς
1499 5395 1590 5445 106
1637 5387 1820 5464 Κυρίου
1875 5390 1962 5444 καὶ

309 5482 440 5534 Θεοῦ
481 5477 567 5531 καὶ
627 5480 877 5553 Σωτῆρος
928 5475 1082 5549 ἡμῶν
1145 5473 1322 5542 ἰησοῦ
1378 5485 1619 5557 Χριστοῦ,
1681 5477 1814 5534 κατὰ
1868 5477 1958 5532 τὸν

306 5565 486 5640 καιρὸν
529 5571 624 5621 τοῦ
650 5564 909 5643 σωτηρίου
962 5565 1156 5626 πάθους
1200 5568 1381 5645 αὑτοῦ,
1440 5568 1502 5623 τὸ
1539 5571 1680 5642 αἷμα
1708 5564 1954 5633 δηλονότι

2039 4510 2256 4563 coactae
2287 4501 2346 4562 in
2382 4500 2585 4562 Trullo
2640 4499 2831 4580 magni
2861 4498 3080 4579 palatii,
3116 4494 3687 4576 depositionisubji-

2039 4590 2155 4652 ciat
2186 4609 2314 4667 eos,
2363 4591 2463 4671 qui
2522 4590 2784 4650 divinum
2839 4596 2896 4648 ct
2949 4597 3211 4648 sanctum
3251 4585 3525 4666 poculum
3573 4601 3687 4642 non

2040 4688 2393 4741 consecrant
2425 4697 2490 4740 ex
2526 4679 2664 4741 vino
2697 4687 2753 4737 ct
2784 4696 2969 4757 aqua;
2996 4674 3323 4736 ltmresiutaa
3354 4671 3532 4750 aliqui
3569 4691 3684 4732 non

2043 4771 2346 4850 patiuntur
2378 4767 2626 4828 calidam
2660 4765 2890 4828 infundi
2922 4765 2981 4826 in
3015 4774 3280 4824 sanctum
3337 4771 3394 4823 et
3424 4760 3685 4823 divinum

2045 4857 2345 4938 poculum,
2400 4856 2570 4929 Quia,
2631 4855 2928 4936 inquiunt,
2991 4854 3064 4912 de
3121 4874 3190 4914 eo
3254 4851 3400 4912 nihil
3462 4869 3689 4911 canone

2046 4947 2544 5024 comprebo-nsum
2609 4953 2716 5006 est.
2777 4942 3038 5004 Audiuv't
3083 4951 3303 5008 autem.
3366 4941 3690 5001 ferventem

2046 5041 2250 5094 sancto
2311 5033 2578 5112 sanguini
2637 5032 2921 5100 additam,
2977 5031 3264 5093 unionem
3295 5047 3459 5108 aquae
3489 5036 3546 5087 et
3577 5025 3693 5086 vini

2048 5122 2236 5183 sancti
2295 5121 2498 5182 colicis
2559 5140 2674 5183 non
2736 5134 2989 5199 mutare,
3054 5119 3188 5200 quia
3241 5126 3453 5198 praeter
3480 5134 3690 5198 aquam

2049 5211 2196 5272 nihil
2221 5221 2305 5273 est
2327 5212 2512 5272 aliud.
2566 5210 2900 5273 lnfunditnr
2946 5217 3167 5288 autem,
3199 5218 3262 5269 ut
3292 5206 3512 5268 viviﬁca
3564 5223 3694 5264 «sse

2047 5310 2299 5375 constet,
2328 5320 2460 5381 qua:
2481 5303 2668 5362 fluunt
2687 5319 2719 5360 e
2742 5309 2944 5359 sancto
2970 5297 3153 5358 latere
3187 5294 3447 5366 Domini,
3474 5303 3532 5356 et
3559 5292 3698 5372 Dei,

2046 5398 2106 5452 et
2130 5391 2458 5452 Scrvatoris
2489 5395 2672 5452 nostri
2696 5390 2832 5452 Jesu
2858 5386 3100 5460 Christi,
3131 5395 3396 5464 tempore
3421 5382 3694 5445 salutaris

2046 5478 2340 5560 passionis
2399 5479 2556 5558 ejus,
2615 5475 2967 5556 sanguinem
3019 5474 3298 5537 videlicet
3345 5481 3404 5535 et
3451 5491 3687 5560 aquam,

2040 5559 2173 5651 quae
2215 5567 2502 5630 ferventia
2533 5566 2914 5651 efﬁuxerunt,
2969 5562 3127 5651 velut
3155 5581 3224 5625 ex
3255 5560 3484 5651 viviﬁco
3514 5559 3691 5651 deiﬁ-

305 5653 482 5710 καὶτὸ
502 5650 637 5729 ὕδωρ
675 5667 690 5682 ⁸
756 5652 909 5709 ἅτινα
967 5649 1265 5730 ἐξέρῤευσαν
1318 5654 1501 5727 ζέοντα
1557 5657 1632 5722 ὡς
1692 5655 1751 5713 ἐκ
1811 5661 1950 5726 ζωο-

2045 5649 2168 5722 cato
2199 5675 2452 5739 corpore
2511 5655 2761 5718 viviﬁca.
2794 5650 2908 5726 Qui
2958 5650 3045 5714 sic
3096 5651 3274 5730 igitur
3296 5669 3416 5714 non
3446 5649 3687 5728 faciunt,
