4160 6212
471 369 612 435 1051

1841 367 1975 431 JUS
2014 364 2460 432 GANONIGUM

3684 355 3848 426 1052

463 520 576 565 nec
603 500 744 563 inde
775 500 1047 563 miraculi
1082 501 1456 580 magnificam
1486 496 1978 578 magnitudinem,
2003 497 2106 560 sed

2195 509 2347 559 ποιοῦ
2419 498 2742 575 τεθεωμὲνου
2808 499 3053 574 σώματος
3108 498 3360 570 ζωοποιά.
3421 500 3482 555 Οἱ
3563 502 3688 574 γοῦν
3757 497 3840 570 μή

463 609 614 670 aqua
646 589 856 669 frigida
912 589 1169 670 vinoque
1213 596 1460 651 utuntur
1515 587 1575 648 in
1607 587 1941 648 divinatum
1974 605 2116 648 san—

467 678 892 740 ctiﬁcationum
947 678 1437 758 participatione;
1495 695 1612 738 non
1660 676 1911 738 credunt
1941 674 2116 738 etiam

465 775 597 850 post
640 768 964 829 salutarem
1025 767 1260 829 Domini
1319 775 1576 828 mortem
1640 773 1846 828 sancto
1880 765 2117 844 corpori

465 857 598 937 ejus
654 855 854 918 inesse
913 855 1216 930 deitatem,
1281 855 1384 916 sed
1454 854 1526 915 ab
1581 873 1651 915 eo
1726 853 2110 931 abscessisse,

467 963 718 1027 esseque
747 946 1079 1026 cujusmodi
1131 954 1326 1006 nostra
1389 962 1658 1024 corpora.
1715 942 1857 1017 Quze
1886 961 2114 1022 magnae

466 1034 712 1096 haeresis
760 1043 848 1097 est
881 1033 1138 1114 nugatio.
1198 1035 1443 1111 Magnus
1475 1033 1634 1094 enim
1690 1031 1847 1093 inter
1878 1039 2112 1093 sanctos

462 1125 722 1186 Joannes
743 1125 1169 1187 Damascenus.
1205 1122 1271 1184 1n
1302 1121 1598 1202 sepulcro,
1643 1121 1854 1202 inquit.
1894 1139 2109 1202 corpo-

461 1211 669 1273 raliter
703 1233 716 1274 :
749 1211 810 1272 in
863 1211 1102 1273 inferno
1162 1220 1356 1272 autem
1390 1229 1524 1271 cum
1557 1210 1776 1280 anima,
1811 1218 1875 1270 ut
1906 1212 2060 1272 Deus
2094 1227 2108 1272 :

461 1301 524 1360 in
556 1299 827 1380 paradiso
859 1319 994 1361 vcro
1025 1319 1159 1360 cum
1193 1299 1442 1367 latrone,
1481 1307 1536 1360 et
1569 1299 1628 1359 in
1664 1299 1874 1359 throno
1925 1297 2112 1372 fuisti,

463 1388 722 1462 Christe,
781 1406 915 1450 cum
977 1392 1146 1449 Patre
1205 1396 1261 1448 et
1308 1386 1557 1466 Spiritu,
1593 1386 1792 1446 omnia
1833 1385 2110 1465 implens,

461 1476 1128 1557 quiincircumscriptus
1143 1471 1541 1553 es.Quiigitur
1555 1473 1816 1535 divinum
1837 1473 2107 1552 poculum

465 1583 617 1646 aqua
637 1565 899 1628 fervente
932 1585 1048 1626 non
1074 1573 1452 1640 consecrant,
1478 1571 1536 1624 ut
1561 1563 1887 1624 hzerosiotae
1907 1581 1938 1624 e
1955 1569 2111 1624 sorte

465 1653 927 1718 orthodoxorum
961 1654 1353 1735 expellentur.

544 1919 740 1984 Inter.
786 1923 875 1985 19.
912 1921 1203 1984 Sacerdos
1255 1918 1554 1982 saecularis
1580 1926 1820 1980 rectene
1867 1918 2108 1980 confes-

466 2010 666 2072 siones
694 2011 1026 2092 aliquorum
1048 2011 1356 2072 hominum
1383 2029 1513 2071 cum
1535 2008 1824 2090 permissu
1848 2007 2110 2089 episcopi

466 2099 776 2180 suscipiet,
806 2120 1003 2162 annon
1026 2099 1056 2158 ‘?

541 2188 682 2252 Res.
708 2189 898 2251 Divini
930 2208 1214 2264 canones,
1236 2191 1338 2270 qui
1370 2187 1802 2248 confessionem
1835 2185 2110 2246 reconci-

467 2276 729 2339 liationis
795 2279 1203 2341 sacerdotibus
1287 2297 1418 2339 cum
1490 2274 1810 2356 episcopali
1887 2275 2111 2336 veniab

469 2368 868 2441 committunt,
899 2367 1082 2428 multo
1105 2367 1472 2448 antiquiores
1491 2372 1626 2424 sunt
1649 2373 1851 2424 sancto
1876 2363 2105 2426 Pacho-

471 2455 611 2531 mio,
639 2455 739 2536 qui
769 2456 984 2534 dignus
1006 2455 1240 2518 habitus
1261 2464 1370 2526 est,
1397 2462 1457 2515 ut
1481 2471 1586 2533 per
1606 2454 1888 2515 visionem
1922 2471 2106 2532 ange-

467 2543 638 2604 licam
675 2547 1098 2607 monachorum
1132 2545 1394 2607 habitum
1425 2544 1677 2605 videret.
1706 2542 2104 2614 Quamobrem

466 2633 891 2694 monachorum
914 2653 1204 2712 nusquam
1232 2633 1655 2706 meminerunt,
1677 2632 1779 2692 sed
1801 2630 2106 2711 presbyte-

465 2738 668 2782 rorum
725 2722 1096 2804 simpliciter.
1157 2722 1492 2804 Episcopali
1523 2739 1662 2799 ergo
1687 2720 1916 2800 judicio
1943 2720 2107 2782 laicis

462 2811 981 2891 sucerdotibusjus
994 2813 1386 2874 confessionis
1401 2819 1655 2892 potestas
1667 2810 2023 2871 concedetur
2059 2820 2103 2886 ο,

463 2907 522 2960 et
553 2919 657 2979 per
687 2919 816 2962 eam
849 2900 1260 2963 reconciliatio
1292 2899 1728 2981 pcenitentium.

539 2989 732 3052 Inter.
753 2989 833 3051 20
877 2993 970 3052 An
995 2990 1123 3051 sine
1146 2989 1488 3071 praajudicio
1508 2997 1810 3049 transeant
1833 2988 2107 3050 monachi

2199 595 2474 651 ποιοῦντες
2529 587 2688 662 οὕτω,
2774 590 2860 644 καὶ
2929 589 2992 644 τὸ
3072 594 3166 646 τοῦ
3231 587 3495 662 θαύματος
3563 584 3844 643 κάντεῦθεν

2200 675 2579 754 μεγαλύνοντες
2645 677 2887 756 μέγεθος,
2946 674 3083 733 ἀλλά
3123 673 3208 733 διὰ
3251 680 3459 756 ψυχροῦ
3511 671 3694 739 ὕδατος
3751 673 3844 728 καὶ

2196 764 2343 822 οἴνου
2410 765 2510 834 τὴν
2578 769 2684 822 τῶν
2754 766 2907 822 θείων
2963 765 3264 844 μυστηρίων
3319 769 3590 826 ποιοῦντες
3663 761 3842 838 μετά-

2195 853 2383 930 ληψιν,
2458 857 2518 912 οὗ
2591 856 2891 912 πιστεύουσι
2947 855 3035 911 καὶ
3092 855 3226 929 μετά
3277 855 3366 910 τὸν
3421 853 3688 928 σωτήριον
3744 857 3845 907 τοῦ

2197 945 2382 1022 Κυρίου
2421 945 2645 1003 θάνατον
2699 945 2841 1024 παρά
2910 949 2988 1018 τῷ
3043 943 3178 1022 ἆγίῳ
3227 941 3433 1016 σώματι
3502 942 3660 998 αὺτοῦ
3735 941 3846 1008 τὴν

2191 1032 2417 1100 θεότητα
2459 1033 2630 1113 εἶναι,
2685 1031 2822 1089 ἀλλὰ
2869 1031 3160 1099 ἀποστῆναί
3214 1031 3274 1087 ἐκ
3325 1030 3510 1088 τούτου
3564 1031 3653 1086 καὶ
3693 1028 3846 1085 εἶναι

2193 1125 2330 1180 κατὰ
2370 1125 2436 1181 τὰ
2471 1125 2702 1204 ἡμέτερα
2758 1125 3005 1200 σώματα.
3066 1113 3244 1203 ’Ὅπερ
3299 1121 3540 1201 μεγάλης
3588 1120 3845 1200 αἱρέσεώς

2195 1210 2304 1269 ἐστι
2335 1211 2642 1293 φλυάρημα,
2694 1205 2750 1271 ιΟ
2794 1214 2894 1293 γὰρ
2951 1212 3120 1291 μέγας
3178 1213 3232 1269 ἐν
3289 1211 3464 1290 ἁγίοις
3510 1209 3758 1277 Ἰωάννης
3814 1212 3845 1265 6

2200 1305 2574 1382 Δαμασκηνὸς,
2609 1300 2700 1360 Ἐν
2755 1303 2906 1382 τάφῳ
2946 1300 3126 1384 (φησὶ)
3171 1308 3490 1377 σωματικῶς
3537 1317 3551 1331 ⁸
3623 1299 3677 1356 ἐν
3733 1297 3844 1376 ἅδῃ

2195 1387 2274 1462 δὲ,
2320 1392 2454 1467 μετά
2511 1396 2720 1471 ψυχῆς,
2781 1394 2853 1456 ὡς
2899 1392 3027 1456 Θεός
3059 1437 3074 1452 .
3133 1389 3188 1446 ἐν
3241 1388 3537 1469 παραδείσῳ
3577 1387 3654 1463 δὲ,
3704 1391 3847 1464 μετά

2193 1477 2390 1556 λῃστοῦ
2413 1495 2428 1510 ’
2489 1483 2577 1537 καὶ
2621 1481 2674 1536 ἑν
2701 1482 2870 1560 θρόνῳ
2909 1483 3175 1560 ὑπῆρχες,
3210 1481 3424 1560 Χριστὲ,
3470 1480 3603 1554 μετά
3631 1480 3843 1557 Πατρὸς

2192 1569 2279 1623 καὶ
2349 1569 2652 1644 Πνεύματος
2687 1586 2700 1600 ⁸
2779 1571 2948 1631 πάντα
3023 1569 3265 1648 πληρῶν,
3325 1571 3352 1624 6
3420 1568 3840 1648 ἀπερίγραπτος.

2194 1659 2253 1714 Οἱ
2281 1667 2406 1735 γοῦν
2434 1658 2512 1734 μῆ
2557 1657 2638 1716 διὰ
2700 1659 2904 1730 ζέοντος
2959 1657 3144 1722 ὕδατος
3202 1655 3519 1724 τελειοῦντες
3576 1658 3635 1714 τό
3691 1660 3844 1714 θεῖον

2192 1748 2468 1825 ποτήριον,
2515 1749 2587 1809 ὡς
2643 1751 2966 1827 αἱρεσιῶται,
3024 1753 3122 1816 τῆς
3180 1744 3385 1826 μερίδος
3411 1750 3516 1804 τῶν
3544 1744 3838 1826 ὁρθοδόξων

2193 1832 2686 1916 ἐκκηρυχθήσονται
2697 1881 2709 1894 .

2273 1915 2564 2003 Ἐρώτησις
2598 1915 2687 1987 ιϐ’.
2722 1927 2922 1991 Λαῖκὸς
2954 1927 3116 2005 ἱερεὺς
3161 1927 3295 2001 μετὰ
3341 1925 3627 2005 ἐπιτροπῆς
3671 1924 3844 1981 ἑπισ-

2193 2016 2421 2080 κοπικῆς
2449 2013 2626 2076 καλῶς
2655 2013 2951 2094 ἐξαγορείας
2983 2015 3270 2094 ἀνθρώπων
3324 2021 3480 2072 τινῶν
3508 2011 3833 2087 ἀναδέξεται,

2192 2101 2358 2183 {io-’3;

2273 2191 2401 2253 Ἀπ.
2456 2195 2516 2250 Οἱ
2570 2195 2702 2248 θεῖοι
2757 2195 2972 2256 κανόνες
3028 2194 3126 2260 τῆν
3197 2193 3490 2272 ἐξαγορείαν
3547 2194 3642 2260 τῆς
3695 2215 3838 2248 κατ-

2193 2280 2432 2357 αλλαγῆς
2474 2294 2592 2344 τοῖς
2665 2284 2851 2359 ἱερεῦσι
2923 2283 3055 2356 μετὰ
3124 2283 3424 2362 προτροπῆς
3479 2283 3839 2349 ἐπισκοπικης

2192 2369 2520 2449 ἀναθέμενοι,
2607 2371 2742 2426 κατά
2823 2369 2956 2427 πολὺ
3041 2371 3436 2451 προγενέστεροι
3513 2381 3605 2431 τοῦ
3679 2374 3837 2449 ἁγίου

2195 2459 2485 2538 Παχωμίου
2529 2459 2676 2531 εἰσὶν,
2751 2457 3061 2525 ἀξιωθέντος
3117 2459 3247 2517 ἰδεῖν
3295 2459 3364 2516 δι’
3419 2461 3668 2526 ὀπτασίας
3726 2461 3839 2538 ἀγ-

2191 2546 2414 2625 γελικῆς
2443 2549 2503 2604 τὸ
2557 2552 2749 2626 σχῆμα
2799 2554 2904 2603 τῶν
2948 2555 3224 2629 μοναχῶν,
3263 2551 3359 2605 Διά
3410 2551 3510 2628 γὰρ
3537 2556 3687 2607 τοῦτο
3717 2547 3841 2606 οὗδὲ

2193 2634 2486 2710 μέμνηνταί
2529 2659 2628 2693 που
2689 2643 2968 2716 μοναχῶν,
3014 2636 3150 2693 ἀλλά
3207 2635 3567 2718 πρεσϐυτέρων
3621 2636 3838 2698 ἁπλῶς.

2194 2726 2339 2782 Κατά
2390 2725 2559 2804 κρίσιν
2608 2733 2731 2803 γοῦν
2789 2725 3139 2794 ἐπισκοπικῆν
3182 2741 3299 2792 τοῖς
3356 2726 3572 2790 λα’ίκοῐς
3614 2729 3840 2806 ἱερεῦσιν

2192 2808 2486 2886 ἐνδυνάμως
2516 2811 2929 2891 ἐπιτραπήσεται
2985 2814 3081 2882 τῆς
3122 2813 3416 2894 ἐξαγορείας
3473 2817 3536 2872 τὸ
3582 2814 3830 2895 δίκαιον,

2189 2900 2276 2955 καὶ
2305 2897 2389 2956 διὰ
2417 2901 2610 2967 ταύτης
2631 2903 2664 2969 ἡ
2694 2909 2799 2958 τῶν
2830 2903 3219 2978 μετανοούντων
3247 2903 3583 2982 καταλλαγή.

2246 2985 2536 3067 Ἐρώτησις
2564 2979 2640 3053 κ’,
2675 2987 3192 3070 Ἀπροκριματίστως
3214 2979 3577 3068 μεταϐαίνουσι
3600 3015 3697 3068 μον
3709 2994 3838 3072 αχοὶ

458 3096 533 3140 ex
572 3077 969 3159 monasteriis,
1000 3078 1104 3140 ubi
1155 3079 1386 3140 detonsi
1414 3085 1576 3151 sunt,
1609 3077 1670 3138 in
1701 3076 1833 3151 alia,
1871 3076 2106 3139 necne?

2195 3075 2243 3141 ἐξ
2261 3078 2333 3133 ὧν
2364 3076 2701 3157 ἀπεκάρησαν
2735 3081 3099 3159 μοναστηρίων
3138 3084 3270 3162 πρὸς
3298 3081 3450 3160 ἕτερα
3477 3083 3834 3159 μοναστήρια,

541 3256 680 3319 Res.
707 3255 770 3320 Si
791 3256 862 3333 is,
890 3256 991 3338 qui
1012 3257 1163 3338 apud
1187 3256 1490 3319 hominem
1515 3253 1790 3335 deposuit
1813 3255 2108 3334 propriam

464 3347 929 3422 confessionem,
1009 3346 1265 3427 implere
1351 3364 1478 3407 eam
1539 3344 1792 3423 cogitur,
1853 3361 2106 3424 quonam

463 3435 640 3496 modo
671 3435 768 3515 qui
801 3435 955 3515 apud
992 3437 1177 3498 Deum
1209 3434 1505 3515 deposuit,
1529 3433 1760 3512 cogitur
1799 3451 1964 3493 suam
1995 3432 2106 3494 de-

461 3524 818 3604 positionem
850 3523 1153 3586 infirmare
1178 3525 1210 3585 ’ἲ
1262 3525 1490 3588 Idcirco
1523 3531 1582 3584 et
1629 3524 1798 3602 juxta
1829 3528 2104 3601 quartum

459 3630 746 3675 cunonem
780 3623 1000 3675 sanctae
1053 3623 1110 3675 et
1142 3613 1530 3676 mcumenicze
1560 3611 1764 3691 synodi
1799 3618 2018 3672 coactae
2046 3609 2108 3670 in

461 3702 679 3781 templo
712 3713 1048 3764 sanctorum
1094 3703 1520 3782 apostolorum,
1550 3701 1863 3781 appellatze
1896 3701 1919 3759 1
1963 3708 2020 3760 et
2043 3699 2102 3773 2,

461 3789 811 3852 nominatim
830 3790 955 3851 haec
983 3791 1492 3870 pronuntiantem,
1526 3789 1588 3851 Si
1619 3793 1748 3869 quis
1780 3789 2109 3849 monachus

457 3895 528 3937 ex
582 3878 821 3957 proprio
851 3878 1082 3956 fugiens
1113 3878 1492 3952 monasterio,
1535 3877 1594 3937 in
1625 3877 1782 3938 aliud
1809 3874 2108 3938 transierit

455 3967 545 4026 vel
563 3985 618 4026 in
640 3965 994 4026 mundanam
1017 3965 1439 4027 habitationem
1459 3965 2106 4046 petulanteringressus

457 4054 659 4126 fuerit,
695 4055 914 4136 pariter
944 4065 1000 4116 et
1027 4055 1126 4135 qui
1161 4074 1296 4117 eum
1319 4055 1622 4134 exceperit
1650 4054 1725 4114 sit
1757 4072 2103 4116 excommu-

453 4143 705 4217 nicatus,
736 4143 927 4206 donec
946 4143 996 4204 is
1018 4143 1120 4224 qui
1142 4144 1306 4223 fugit,
1345 4151 1672 4204 revertatur
1716 4142 1775 4202 in
1800 4149 2102 4203 monastc-

456 4229 638 4304 rium,
667 4249 701 4292 a
743 4248 857 4312 quo
896 4249 1204 4312 perperam
1251 4231 1363 4292 deti
1389 4234 1491 4292 cit.
1529 4229 1588 4292 Si
1621 4249 1759 4291 vero
1791 4230 2106 4310 episcopus

451 4318 686 4398 aliquos
716 4321 1062 4394 monachos,
1097 4321 1332 4402 pietatis
1357 4329 1416 4381 et
1440 4321 1572 4382 vitae
1589 4320 1913 4382 honestatis
1936 4322 2108 4381 testi-

2191 3165 2366 3247 ἢοῧς

2268 3257 2396 3319 Ἀπ.
2471 3255 2595 3315 Ἐὰν
2667 3260 2695 3314 6
2763 3259 2894 3337 πρὸς
2963 3257 3231 3338 ἄνθρωπον
3298 3259 3650 3336 καταθέμενος
3734 3262 3834 3328 τῆν

2189 3345 2379 3401 οἰκείαν
2450 3344 2756 3424 ὁμολογίαν,
2830 3345 3065 3427 πληροῦν
3144 3349 3530 3427 ἀναγκάζηται,
3616 3355 3731 3412 πῶς
3803 3353 3834 3406 ὁ

2189 3435 2318 3512 πρὸς
2363 3436 2492 3490 Θεὸν
2547 3435 2916 3511 καταθέμενος,
2979 3435 3438 3516 ἀναγκασθήσεται
3483 3438 3582 3506 τὴν
3637 3439 3835 3494 οἰκείαν

2189 3523 2439 3590 ἀθετῆσαι
2469 3523 2748 3583 κασάθεσιν
2781 3543 2796 3603 ;
2835 3525 2932 3580 Διά
2957 3547 3040 3581 τοι
3097 3533 3252 3582 τουτο
3301 3527 3390 3582 καὶ
3448 3527 3583 3584 κατὰ
3636 3528 3728 3583 τὸν
3787 3516 3839 3582 δ’

2189 3614 2382 3668 κανόνα
2436 3612 2532 3679 τῆς
2589 3612 2642 3667 ἐν
2684 3619 2760 3687 τῷ
2815 3620 2924 3687 ναῷ
2989 3619 3095 3669 τῶν
3136 3615 3298 3693 ἀγίών
3352 3614 3657 3673 ἀποστόλων
3729 3637 3829 3671 συ-

2190 3701 2387 3766 στάσης
2447 3701 2596 3778 ἁγίας
2655 3701 2750 3757 καὶ
2808 3704 3170 3778 οἱκουμενικῆς
3231 3703 3442 3762 συνόδου
3511 3711 3611 3773 τῆς
3682 3705 3836 3784 λεγο-

2190 3790 2358 3865 μένης
2389 3779 2567 3868 α’,καὶ
2600 3780 2655 3867 β’
2691 3793 2781 3847 τὸν
2835 3801 2998 3850 ταῦτα
3054 3791 3304 3858 διεξιόντα
3358 3795 3554 3872 ῥητῶς,
3617 3793 3686 3852 Εἴ
3751 3818 3832 3858 τις

2191 3881 2429 3958 μοναχὸς
2510 3884 2609 3946 τῆς
2692 3877 2820 3943 ἰδίας
2903 3879 3197 3960 ἀποδράσας
3284 3885 3453 3959 μονῆς
3524 3885 3597 3948 εἰς
3654 3883 3834 3961 ἕτερον

2189 3969 2462 4045 μεταπέσῃ
2534 3971 2906 4048 μοναστήριον,
2979 3971 3013 4039 ἢ
3071 3973 3143 4034 είς
3201 3975 3458 4047 κοσμικὸν
3522 3973 3834 4049 εἷσκωμάσῃ

2189 4054 2396 4132 οἴκημα
2450 4058 2699 4120 ὡσαύτως
2742 4079 2799 4113 τε
2855 4059 2942 4114 καὶ
3001 4062 3028 4115 ὁ
3101 4070 3282 4119 τοῦτον
3335 4059 3637 4137 δεξάμενος,
3720 4061 3831 4140 ἀφ-

2187 4145 2476 4224 ωρισμένος
2506 4145 2620 4219 εἴη,
2672 4145 2772 4210 ἕως
2827 4145 2888 4202 ἂν
2947 4150 2975 4204 6
3015 4148 3299 4228 ἀποφυγὼν
3357 4147 3616 4226 ἐπανέλθῃ
3667 4147 3717 4214 ἐξ
3766 4150 3836 4215 ἧς

2189 4241 2366 4298 κακῶς
2427 4234 2637 4300 ἐξέπεσε
2694 4240 2886 4310 μονῆς.
2973 4239 3031 4294 Ei
3113 4237 3359 4317 μέντοιγε
3441 4240 3470 4294 6
3543 4238 3831 4301 ἐπίσκοπος

2188 4325 2332 4388 τινὰς
2363 4331 2468 4380 τῶν
2524 4325 2778 4403 μοναχῶν
2834 4324 2920 4381 ἐπ’
2965 4323 3206 4399 εὐλαϐείᾳ
3247 4328 3335 4382 καὶ
3390 4326 3503 4402 βίου
3544 4327 3831 4402 σεμνότητι

454 4410 716 4471 monium
751 4410 1062 4492 habentes,
1121 4411 1180 4473 in
1212 4412 1365 4473 aliud
1419 4411 1840 4472 monasterium
1871 4410 1946 4472 ob
1976 4411 2104 4490 ejus

2195 4414 2638 4493 μαρτυρουμένους
2714 4415 2787 4477 εἰς
2857 4413 3030 4494 ἕτερον
3089 4417 3443 4493 μοναστήριον
3509 4414 3595 4471 ἐπὶ
3657 4437 3832 4472 κατα-

453 4501 943 4580 compositionem
973 4501 1222 4562 voluerit
1247 4501 1599 4575 transferre,
1636 4501 1722 4560 vvl
1757 4500 1814 4560 in
1847 4500 2104 4561 munda-

454 4607 592 4649 num
627 4589 995 4651 domicilium
1019 4590 1093 4673 ob
1124 4591 1374 4652 salutem
1403 4588 1853 4652 inhabitantium
1876 4587 2104 4649 consti-

453 4687 644 4754 tuere,
701 4678 790 4739 vel
840 4677 980 4740 alibi
1032 4679 1322 4759 placuerit
1351 4696 1628 4759 praeesse,
1665 4678 1874 4739 horum
1910 4692 2106 4754 neque

447 4774 847 4845 susceptores,
911 4786 1104 4848 neque
1161 4767 1484 4829 monachos
1543 4766 1730 4846 culpae
1771 4782 1908 4826 reos
1941 4763 2100 4826 facit.

449 4852 560 4926 Qui
587 4853 769 4934 igitur
801 4855 932 4918 sine
993 4856 1316 4938 episcopali
1367 4855 1658 4934 permissu
1693 4859 2011 4914 transeunt
2040 4851 2102 4912 in

448 4941 562 5003 alia
592 4944 950 5006 monasteria
1006 4963 1074 5007 ex
1106 4945 1204 5018 iis,
1257 4944 1360 5006 ubi
1419 4945 1568 5004 tonsi
1601 4950 1760 5017 sunt,
1797 4944 2102 5022 mu'toque

447 5030 634 5110 magis
667 5031 726 5092 in
753 5033 1067 5094 mundanis
1095 5033 1370 5096 domibus
1419 5040 1863 5104 conversantes,
1908 5038 1966 5091 et
1997 5029 2099 5110 qui

449 5136 554 5182 eos
628 5120 983 5201 suscipiunt,
1045 5121 1416 5184 exterminati
1487 5130 1544 5182 et
1604 5118 2099 5182 excommunicati

444 5216 640 5288 erunt,
675 5208 866 5270 donec
916 5210 976 5270 in
1030 5208 1408 5282 monasteria,
1470 5208 1527 5269 in
1585 5208 1800 5290 quibus
1833 5225 2097 5269 conven-

433 5295 642 5359 tiones
668 5296 696 5340 ά
727 5297 1020 5381 fecerunt,
1055 5300 1291 5361 fuerunt
1321 5297 1574 5360 reversi.

2186 4503 2369 4559 στάσει
2412 4502 2506 4569 τῆς
2537 4507 2707 4577 μονῆς
2749 4501 2959 4572 θελήσει
3003 4505 3378 4579 μετακομίσαι,
3439 4505 3475 4574 ἢ
3529 4508 3600 4570 εἷς
3641 4527 3834 4579 κοσμι-

2184 4589 2286 4657 κὴν
2339 4589 2502 4647 οἰκίαν
2563 4589 2648 4646 ἐπὶ
2705 4593 2940 4669 σωτηρίᾳ
2994 4597 3099 4647 τῶν
3157 4590 3502 4650 ἐνοικούντων
3557 4592 3833 4669 δοκιμάσει

2182 4684 2536 4752 καταστῆσαι,
2592 4679 2627 4747 ἢ
2711 4678 2985 4760 ἀλλαχόσε
3067 4678 3337 4751 εὖδοκήσει
3424 4681 3778 4750 ἑπιστατῆσαι
3811 4699 3828 4713 ⁸

2183 4769 2378 4825 τούτων
2437 4767 2553 4824 οὔτε
2607 4768 2729 4832 τοὺς
2779 4766 3225 4849 ὑποδεχομένους,
3297 4769 3414 4827 οἷ’ντε
3482 4771 3602 4835 τοὺς
3651 4793 3829 4845 μονα-

2184 4857 2315 4936 χοὺς
2392 4854 2664 4920 ὑποδίκους
2731 4869 2901 4918 ποιεῖ.
2984 4860 3043 4915 Οἱ
3117 4867 3240 4936 γοῦν
3324 4857 3450 4940 δίχα
3518 4865 3829 4940 προτροπῆς

2185 4945 2535 5036 ἐπισκοπικῆς
2583 4943 2995 5036 μεταϐαίνοντεςΔ
3043 4947 3115 5011 εἰς
3173 4945 3324 5027 ἕτερα
3381 4949 3709 5028 μοναστήρια
3778 4948 3833 5014 ἐξ

2160 5035 2255 5089 ’ὧν
2284 5031 2684 5112 ”ἀπεκάρησαν,
2732 5032 2916 5107 πολλῳ
2974 5031 3029 5090 δέ
3071 5034 3234 5093 πλέον
3265 5037 3338 5099 εἷς
3379 5039 3638 5113 κοσμικὰς
3691 5060 3832 5096 κατ-

2180 5121 2347 5184 οικίας
2395 5119 2767 5201 διατρίϐοντες,
2823 5123 2912 5179 καὶ
2955 5125 3002 5180 οἱ
3055 5122 3334 5204 δεχόμενοι
3391 5125 3630 5206 τούτους,
3687 5125 3836 5205 ἀφωο

2179 5207 2414 5288 ρισμένοι
2457 5212 2544 5265 καὶ
2613 5209 2968 5277 ἀκοινώνητοι
3035 5210 3265 5287 ἔσονται,
3327 5212 3548 5294 μέχριςι
3575 5211 3638 5269 ἂν
3693 5215 3836 5269 ὑπο-

2178 5297 2444 5372 στέψωσιν
2503 5298 2575 5362 εἷς
2645 5298 2713 5354 τὰ
2767 5300 3101 5379 μοναστήρια
3165 5300 3217 5357 ἰν
3273 5307 3358 5367 οἷς
3415 5303 3511 5367 τὰς
3567 5303 3833 5374 συνθήκας

2178 5383 2485 5444 δεδώκασιν.

1766 5545 2027 5611 νιιιιιΕ
2070 5541 2500 5608 LECTIONES.

525 5677 552 5719 δ
581 5676 1021 5745 exhortatione.
1109 5691 1133 5724 ο
1165 5680 1494 5761 efﬁcaciter
1521 5681 1903 5745 cmtcedetur.

1987 5680 2013 5722 α
2039 5684 2224 5761 pacta
2253 5678 2354 5742 υει
2377 5680 2766 5761 sponsiones.
