4160 6212
379 386 530 454 1053
1694 376 2399 457 GRECO—ROMANUM.
3588 383 3741 452 1054

448 521 741 601 Ἐρώτησις
784 510 898 584 καί
961 512 1211 588 ’Ἔξεστιν
1270 524 1343 589 είς
1396 522 1669 605 διαφόρους
1728 522 1988 592 ἐκκλησίαι

2173 518 2588 600 Interrogatio
2608 521 2706 584 21.
2743 522 2835 605 An
2867 521 3051 603 possit
3081 518 3215 603 quis
3260 518 3322 581 in
3352 516 3601 581 diversis
3629 535 3734 581 ec-

368 608 708 691 κληρωυῆναί
734 634 880 684 τινα,
914 611 950 681 ἢ
981 613 1041 668 o6
1073 631 1091 693 ς

2098 607 2298 671 clesiis
2324 610 2582 672 clericus
2612 610 2901 683 ordinari,
2936 608 3172 674 necne?

448 697 574 762 Ἀπ.
611 701 779 758 Εἶπεν
821 700 877 756 ἐν
925 702 1265 780 Εὐαγγελίοις
1317 702 1346 757 6
1402 701 1615 780 Κύριος,
1673 698 1849 765 Οὐδεὶς
1917 697 1988 756 δός

2174 697 2317 760 Res.
2343 698 2500 762 Dixit
2537 698 2598 760 in
2637 698 2965 779 Evangeliis
2999 698 3306 773 Dominus,
3336 696 3522 760 Nemo
3546 702 3736 777 potest

366 811 519 846 ναται
562 787 671 846 δυσὶ
701 791 897 870 κυρίοις
946 788 1225 850 δουλεύειν.
1274 796 1376 871 T06
1413 791 1512 871 γὰρ
1568 792 1683 855 ἐνὸς
1726 788 1985 871 ἀνθέξεται

2094 784 2326 848 duobus
2347 785 2860 850 dominisservire.
2883 786 3026 850 Nam
3046 788 3147 849 uni
3168 785 3736 857 adhaerebit,etalte-

366 877 457 933 καὶ
498 883 588 935 τοῦ
631 867 807 958 ἑτέρου
863 879 1271 958 καταφρονήσει,
1321 867 1495 958 έόθέᾴ
1527 881 1614 936 καὶ
1668 882 1696 936 6
1744 867 1813 934 ιε’
1839 879 1988 934 κανὼ·

2093 892 2226 936 rum
2285 877 2716 956 aspernabitur.
2782 878 2953 941 Unde
2997 885 3055 939 et
3112 896 3303 939 canon
3332 877 3410 938 15
3437 880 3655 937 sanctae
3682 880 3741 934 et

369 987 469 1034 της
520 967 671 1045 ἁγίας
721 957 816 1024 καὶ
872 957 1237 1043 οἰκουμενικῆς
1293 957 1344 1039 ζ’
1391 966 1604 1025 συνόδου
1662 974 1825 1024 ταῦτα
1876 967 1988 1022 κατέ

2092 964 2478 1026 ωουηιθιιίοω
2522 966 2557 1027 7
2613 964 2821 1047 synodi
2871 966 2994 1027 haec
3026 965 3100 1026 ad
3131 966 3374 1027 verbum
3405 961 3687 1045 exprimit
3718 982 3731 1018 :

371 1053 516 1130 ῥῆμα
546 1052 775 1131 διέξεισι,
809 1055 1074 1135 Κληρικὸς
1127 1055 1234 1113 ἁπὸ
1270 1063 1362 1113 106
1402 1056 1658 1135 παρόντος
1716 1056 1795 1132 μὴ
1850 1077 1985 1112 κατα

2091 1052 2355 1115 Clericus
2383 1052 2456 1115 ab
2489 1054 2602 1115 hoc
2652 1054 2939 1134 deinceps
2990 1063 3257 1133 tempore
3286 1054 3345 1115 in
3376 1050 3601 1113 duabus
3630 1068 3735 1112 ec-

370 1141 636 1201 ταττέσθω
718 1144 771 1201 ἐν
862 1143 1001 1202 δυσὶν
1085 1144 1411 1213 ἐκκλησίαις.
1506 1143 1823 1224 Ἐμπορείας
1910 1145 1988 1223 γᾶε

2091 1139 2290 1203 clesiis
2321 1160 2439 1202 non
2470 1142 2798 1205 collocetur
2831 1160 2844 1205 :
2882 1144 2995 1205 hoc
3018 1143 3176 1205 enim
3199 1152 3287 1204 est
3322 1138 3738 1221 negoﬁationis

371 1234 458 1290 καὶ
517 1231 938 1314 αἰσχροκερδείας
990 1232 1125 1291 ἴδιον
1180 1241 1353 1305 τοῦτο,
1406 1236 1495 1291 καὶ
1550 1232 1825 1313 ἀλλότριον
1909 1233 1988 1311 γὰε

2092 1236 2149 1289 et
2172 1230 2363 1310 turpis
2386 1231 2533 1292 lucri
2559 1232 2886 1311 proprium,
2917 1232 3058 1293 etab
3084 1229 3737 1294 ecclesiasticaconsue-

373 1319 758 1389 κλησιαστικῆς
827 1323 1124 1390 συνηθείας.
1185 1322 1518 1399 Ἦκούσαμεν
1586 1324 1685 1402 γὰρ
1746 1321 1799 1388 ἐξ
1852 1323 1982 1388 αὒτῆ

2096 1318 2301 1380 tudine
2327 1319 2611 1381 alienum.
2646 1319 2732 1381 Ab
2764 1320 2895 1400 ipsa
2927 1320 3084 1382 enim
3130 1318 3367 1381 Domini
3395 1335 3535 1381 voce
3560 1316 3732 1378 audi-

370 1414 468 1476 τῆς
501 1416 771 1489 Κυριακῆς
800 1411 951 1490 ἁγίας
994 1417 1198 1493 φωνῆς,
1245 1411 1325 1467 ὅτι
1382 1416 1442 1471 o6
1496 1410 1706 1468 δύναταί
1758 1433 1839 1475 τις
1903 1408 1988 1465 δυσ

2093 1406 2304 1479 vimus,
2336 1427 2451 1469 non
2478 1426 2648 1489 posse
2668 1408 3005 1489 quempiam
3027 1408 3258 1469 duobus
3276 1404 3734 1468 dominisservi-

370 1499 563 1577 κυρίοις
610 1497 871 1556 δουλεύειν
902 1518 915 1531 ’
962 1500 999 1569 ἢ
1056 1503 1156 1580 γὰρ
1208 1502 1298 1557 τὸν
1340 1499 1432 1558 ἕνα
1487 1501 1725 1577 μισήσει,
1787 1501 1874 1556 καὶ
1922 1502 1988 1556 16‘

2090 1514 2157 1557 re
2191 1514 2204 1558 :
2240 1497 2328 1558 vel
2362 1515 2543 1558 unum
2570 1497 2707 1558 odio
2732 1497 2992 1571 habebit,
3023 1506 3082 1559 et
3100 1498 3350 1559 alterum
3374 1494 3579 1573 diliget
3601 1514 3617 1571 ;
3639 1493 3729 1554 vel

368 1585 542 1667 ἕτερον
598 1587 863 1667 ἀγαπήσει
898 1606 914 1621 ’
998 1589 1034 1658 ἢ
1076 1597 1192 1670 ,τοῦ
1246 1591 1362 1656 ἑνὸς
1431 1587 1718 1670 ἀνθέξεται,
1777 1591 1866 1646 καὶ
1919 1598 1988 1646 τοι

2092 1604 2276 1647 unum
2285 1586 3018 1667 amplectetur,etalterum
3033 1582 3737 1665 negliget.Unusquisque

365 1675 541 1756 ἑτέρου
569 1678 979 1759 καταφρονήσει.
1048 1669 1317 1745 υΕκαοντος
1361 1679 1473 1760 οὖν,
1523 1681 1658 1736 κατὰ
1705 1669 1809 1747 τὴν
1865 1676 1988 1734 ἁπο·

2089 1691 2251 1751 ergo,
2283 1683 2349 1735 ut
2370 1692 2480 1737 vox
2513 1682 2601 1735 est
2631 1675 2977 1753 apostolica,
3027 1674 3087 1735 in
3133 1693 3226 1753 eo,
3257 1675 3315 1735 in
3347 1691 3462 1755 quo
3495 1679 3731 1733 vocatus

362 1764 615 1857 στολικὴν
671 1767 874 1857 φωνην,
938 1770 995 1857 ἴεν
1061 1772 1106 1843 ᾧ
1158 1767 1384 1839 ἒκλήθη,
1448 1770 1505 1825 ἒν
1573 1768 1741 1857 τούτῳ
1809 1766 1984 1847 όφείλε

2090 1772 2199 1835 est,
2235 1763 2415 1826 debet
2472 1782 2739 1838 manere,
2801 1773 2864 1827 et
2892 1765 2953 1825 in
2985 1783 3100 1825 una
3128 1762 3392 1825 Ecclesia
3438 1760 3726 1857 assidere.

364 1852 562 1928 μένειν,
635 1855 725 1911 καὶ
778 1854 1137 1935 προσεδρεύειν
1221 1858 1278 1913 ἓν
1352 1862 1449 1934 μιᾷ
1531 1854 1841 1928 Ἐκκλησία.
1932 1858 1988 1915 TE

2090 1852 2230 1927 Qum
2251 1852 2409 1915 enim
2430 1860 2671 1933 propter
2685 1861 2854 1933 turpe
2874 1852 3101 1914 lucrum
3126 1850 3347 1913 ﬁuntin
3370 1848 3730 1921 ecclesiasﬁ-

363 1942 463 2021 γὰρ
519 1939 589 1997 δι’
643 1943 1070 2024 αἰσχροκέρδειαν
1148 1947 1401 2024 γινόμενα
1485 1945 1571 2002 ἐπὶ
1624 1951 1731 2002 τῶν
1802 1945 1988 2013 ἐκκλη-

2091 1943 2175 2004 cis
2208 1941 2480 2021 negotiis,
2523 1961 2590 2003 ea
2620 1960 2654 2002 a
2681 1941 2801 2003 Deo
2832 1941 3197 2002 suntaliena.
3224 1940 3310 2003 Ad
3332 1940 3508 2019 hujus
3531 1947 3729 2002 autem

364 2037 647 2088 σιαστικῶν
699 2034 1048 2112 πραγμάτων,
1094 2032 1343 2114 ἀλλότρια
1398 2045 1491 2095 106
1558 2042 1689 2093 Θεοῦ
1738 2037 1988 2106 καθεστή-

2089 2031 2221 2092 vitae
2251 2050 2419 2093 usum
2445 2040 2581 2092 sunt
2627 2030 2859 2093 diversa
2882 2030 3095 2091 studia.
3125 2028 3203 2090 Ex
3230 2028 3303 2089 iis
3330 2046 3495 2105 ergo.
3517 2026 3567 2088 si
3598 2026 3732 2107 quis

364 2140 509 2182 κασι.
559 2123 693 2200 Πρὸς
736 2119 791 2177 δὲ
844 2123 943 2189 τὴν
984 2130 1077 2180 τοῦ
1134 2124 1247 2181 ϐίου
1299 2125 1484 2181 τούτου
1512 2125 1694 2205 χρείαν
1725 2123 1988 2192 ἐπιτηδεύ-

2087 2121 2247 2192 velit,
2269 2138 2338 2181 ea
2358 2138 2487 2201 qum
2506 2120 2885 2199 suntcorpori
2901 2120 2972 2181 ad
2988 2137 3159 2205 usum
3180 2117 3538 2205 necessaria,
3562 2134 3730 2205 com-

365 2208 507 2284 ματά
563 2210 660 2265 εἶσι
722 2207 963 2292 διάφορα.
1030 2210 1118 2277 Ἐξ
1178 2214 1348 2269 αὐτῶν
1400 2213 1488 2270 οὗν
1516 2203 1587 2271 εἴ
1625 2236 1708 2292 τις
1766 2214 1988 2290 βούλοιτι

2089 2217 2272 2289 paret.
2316 2209 2473 2270 Dixit
2501 2209 2660 2270 enim
2714 2208 3052 2289 Apostolus,
3111 2204 3332 2269 Usibus
3362 2205 3533 2286 meis,
3570 2213 3630 2267 et
3657 2203 3732 2265 iis

358 2298 428 2353 τὰ
484 2297 719 2379 χρειώδη
783 2291 875 2360 τὸῦ
928 2302 1173 2372 σώματος
1244 2303 1555 2383 ποριζέσθω.
1620 2291 1773 2382 ’Ἔφη
1823 2303 1922 2381 γὰρ
1979 2305 1988 2357 ἑ

2090 2298 2190 2377 qui
2223 2316 2456 2360 mecum
2488 2306 2646 2374 sunt,
2680 2295 3279 2360 subministraverunt
3312 2313 3520 2383 manus
3560 2312 3728 2357 meas.

375 2383 726 2453 Ἀπόστολος.
762 2399 894 2453 Ταῖς
924 2391 1127 2469 χρείαις
1157 2413 1257 2466 μου
1283 2392 1371 2447 καὶ
1424 2405 1542 2455 τοῖς
1569 2392 1687 2448 «οὖσι
1718 2390 1836 2466 μετ’
1879 2390 1988 2467 ἐμοί

2089 2385 2537 2451 Observandum
2572 2387 2770 2467 igitur,
2805 2394 2867 2447 ut
2897 2385 2995 2447 hic
3020 2401 3210 2448 canon
3237 2382 3555 2446 inviolatus
3585 2402 3733 2445 cona

362 2474 708 2555 ὑπηρέτησαν
736 2481 788 2534 αἱ
818 2478 1007 2558 χεῖρες
1047 2481 1222 2543 αὗται,
1258 2480 1663 2561 Παρατηρητέον
1691 2481 1780 2538 οὗν
1822 2481 1887 2539 τὰ
1915 2487 1988 2537 τοι

2088 2484 2358 2538 servetur
2388 2493 2403 2539 :
2439 2493 2648 2554 magna
2678 2474 2839 2537 enim
2862 2473 2970 2535 fuit
3002 2473 3177 2552 hujus
3205 2471 3588 2552 contemptio.

358 2564 494 2621 θείου
536 2566 720 2623 τούτου
749 2568 967 2651 κανόνος
1010 2570 1379 2648 συπηρεῖσθαι
1422 2569 1852 2651 ἁπαρεγχείρητα
1887 2585 1900 2599 ⁸
1934 2566 2110 2633 πολλὴ
2134 2567 2233 2645 γὰρ
2264 2565 2477 2644 γέγονεν
2506 2568 2660 2624 αὒτοῦ
2687 2564 3098 2645 καταφρόνησις.

440 2651 733 2733 Ἐρώτησις
762 2646 870 2733 κβ’.
937 2646 1200 2738 ’Λρχαϊον
1255 2657 1367 2725 ἔθος
1425 2661 1496 2725 είς
1703 2646 1808 2716 τῶν
1839 2657 1988 2716 Ἀλε-

2166 2653 2575 2734 Interrogatio
2594 2654 2689 2716 22.
2719 2652 2902 2717 Vetus
2921 2650 3292 2713 consuetudo
3309 2650 3368 2713 in
3385 2648 3732 2713 Alexandri-

357 2739 611 2822 ξανδρὲων
671 2745 929 2824 ὲκράτησε
999 2748 1203 2828 χώραν,
1262 2749 1381 2814 τοὺς
1436 2746 1789 2813 τελευτῶντας
1839 2750 1988 2827 ἱερεῖς

2086 2761 2296 2804 norum
2329 2742 2575 2821 regione
2628 2741 2908 2813 obtinuit,
2963 2754 3025 2802 ut
3056 2739 3273 2802 mortui
3303 2739 3647 2801 sacerdotes
3674 2744 3731 2799 et

357 2831 444 2887 καὶ
484 2832 757 2913 ἀρχιερεῖς
801 2833 886 2892 διὰ
938 2837 1085 2916 ἁγίου
1150 2838 1312 2918 μύρου
1369 2837 1635 2918 χρίεσθαι,
1696 2839 1786 2894 καὶ
1840 2837 1988 2894 ἒντα·

2083 2831 2394 2912 pontiﬁces
2416 2841 2617 2893 sancto
2640 2842 3009 2911 ungerentur
3027 2837 3353 2918 unguento,
3378 2836 3436 2918 et
3457 2828 3728 2918 itasepe-

357 2920 624 2998 φιάζεσθαι
659 2941 672 2955 ⁸
734 2926 821 2981 καὶ
879 2932 1139 3002 ζητοῦμεν
1199 2916 1480 3003 μαθετνᾚεί
1522 2926 1988 3006 ἆπροκριμάτιστοι

2083 2920 2353 2985 lirentur.
2385 2921 2475 2983 An
2531 2920 2678 2984 illud
2729 2927 2897 2981 extra
2925 2917 3332 3000 praeiudicium
3362 2916 3458 2998 sit,
3493 2916 3730 2978 discere

352 3009 507 3067 τοῦτό
531 3009 693 3070 ἑστιν.

2081 3009 2373 3090 cupimus.

436 3095 564 3160 Ἀπ.
614 3100 970 3180 Εὐαγγελικόν
1018 3106 1130 3161 ἔστι
1172 3103 1547 3183 παράγγελμα,
1607 3100 1746 3169 ἅπαξ
1800 3103 1988 3178 βαπτί-

2158 3100 2293 3163 Res.
2326 3100 2740 3181 Evangelicum
2766 3107 2856 3163 est
2877 3108 3256 3181 praeceptum,
3280 3096 3465 3159 semel
3488 3093 3723 3177 eos,qui

354 3192 530 3261 ζεσθαι
579 3191 699 3256 τοὺς
754 3193 1135 3257 πιστεύσαντας
1190 3195 1262 3258 είς
1319 3195 1380 3250 τὸ
1434 3192 1602 3268 ὄνομα
1644 3198 1736 3249 τοῦ
1793 3193 1988 3271 Πατρὸς

2081 3187 2488 3265 crediderunt,
2515 3190 2799 3269 baptizari
2824 3189 2883 3250 in
2911 3189 3154 3250 nomiue
3177 3187 3389 3262 Patris,
3418 3194 3475 3247 et
3497 3184 3723 3256 Filii,et

355 3281 444 3337 καὶ
487 3288 581 3339 τοῦ
606 3283 724 3361 1⁵ἱοῦ
752 3282 840 3338 καὶ
867 3289 959 3338 106
1001 3283 1151 3361 ἁγίου
1210 3283 1535 3358 [Ινεύματος.
1601 3282 1699 3338 Διά
1726 3276 1988 3338 τοι’τοῦτο

2081 3274 2332 3357 Spiritus
2353 3280 2562 3342 sancti.
2580 3276 2670 3342 Ob
2693 3296 2822 3340 eam
2847 3296 2972 3339 rem
2997 3285 3057 3339 et
3072 3278 3149 3338 47
3172 3295 3360 3338 canon
3380 3282 3719 3336 sanctorum

353 3370 441 3427 καὶ
492 3371 521 3426 6
573 3358 663 3445 μζ’
702 3371 876 3428 κανὼν
929 3358 1059 3428 τῶνή
1092 3371 1255 3451 ἁγίων
1297 3369 1609 3430 ἀποστόλων
1665 3372 1827 3431 ταῦτά
1882 3394 1988 3451 φη-

2081 3366 2476 3445 apostolorum
2504 3368 2628 3429 haec
2654 3367 2884 3447 inquit:
2916 3365 3250 3446 Epzscopus
3271 3364 3361 3425 vel
3389 3362 3715 3443 presbyter,

351 3481 459 3540 σιν,
519 3457 840 3525 Ἐπίσκοπος
916 3461 951 3529 ἢ
1007 3459 1351 3541 πρεσϐύτέρος
1407 3463 1499 3519 τὸν
1554 3462 1689 3518 κατὰ
1744 3458 1988 3529 ἀλήθειαν

2081 3456 2343 3536 eum,qui
2368 3474 2503 3518 vere
2524 3456 2703 3517 habet
2723 3454 3249 3536 baptismum,side
3265 3452 3497 3529 integro
3521 3451 3717 3532 bapti-

352 3548 548 3629 ἔχοντα
574 3550 848 3626 βάπτισμα
905 3550 993 3606 ὲὰν
1036 3549 1229 3608 ἄνωθεν
1284 3553 1538 3628 βαπτίσῃ,
1585 3551 1621 3618 ἢ
1671 3552 1762 3606 τὸν
1821 3570 1992 3624 μεμο-

352 3637 609 3713 λυσμένον
651 3639 793 3716 παρὰ
851 3645 956 3697 τῶν
1007 3638 1209 3696 ἀσεϐῶν
1279 3642 1356 3715 μὴ
1410 3640 1663 3717 βαπτίσῃ.
1726 3638 1993 3716 καθαιρεί-

353 3731 461 3784 σθω
492 3746 507 3760 '
569 3729 643 3791 ὡς
711 3728 880 3807 γελῶν
933 3731 1024 3786 τὸν
1079 3731 1299 3809 σταυρὸν
1353 3730 1441 3786 καὶ
1516 3730 1606 3786 τὸν
1662 3735 1755 3785 τοῦ
1811 3727 1994 3807 Κυρίου

350 3816 531 3898 θάναν,
591 3815 685 3872 καί
756 3817 833 3892 μὴ
890 3815 1163 3898 διακρίνων
1223 3818 1390 3898 ἱερέας
1459 3815 1831 3897 ψεῦδοϊερὲων.
1897 3816 1994 3874 Καὶ

351 3906 379 3960 6
426 3894 507 3971 ιη’
566 3906 738 3961 κανὼν
791 3905 887 3973 τῆς
942 3894 1020 3963 ἒν-
1052 3894 1356 3985 Καῷαγένῃ
1408 3903 1620 3962 συνόδου
1679 3894 1852 3961 *ταῦτα
1908 3902 1989 3960 δι-

352 3990 568 4066 έξεισιν,
601 3994 727 4051 Ἐἁν
757 4015 836 4057 τις
867 3992 1119 4072 κληρικὸς
1177 4000 1572 4075 χειρουνῆται,
1618 3993 1814 4074 ὀφείλει
1867 3995 1995 4049 ὑπο-

347 4082 736 4157 μιμνήσκεσθαι
796 4083 916 4147 τοὺς
973 4080 1122 4163 ὅρους
1178 4082 1453 4163 φυλάττειν
1484 4099 1499 4113 ⁵
1583 4084 1671 4139 καὶ
1725 4082 1818 4138 ’ίνα
1874 4095 1991 4145 τοῖς

347 4170 559 4245 σώμασι
617 4169 722 4226 τῶν
791 4170 1159 4228 ἀποθανόντων
1243 4171 1550 4253 εὔχαριστία
1607 4171 1686 4248 μὴ
1756 4168 1988 4243 διδῶται,

2077 3544 2315 3615 zaverit,
2351 3545 2443 3607 vel
2475 3546 2525 3607 si
2550 3563 2708 3619 eum,
2742 3546 2842 3624 qui
2867 3543 2940 3605 ab
2961 3541 3160 3623 impiis
3183 3542 3440 3622 pollutus
3460 3548 3572 3612 est,
3598 3558 3717 3601 non

2080 3632 2479 3714 baptizavorit,
2509 3633 2860 3715 deponatur,
2893 3642 2959 3694 ut
2990 3631 3090 3712 qui
3111 3630 3355 3693 irrideat
3388 3638 3634 3692 mortem
3662 3637 3720 3693 et

2077 3739 2315 3783 crucem
2336 3722 2659 3794 Domini,et
2684 3742 2800 3784 non
2822 3722 3121 3783 discernat
3142 3719 3480 3781 sacerdotes
3498 3739 3533 3781 a
3554 3719 3719 3782 falsis

2075 3811 2509 3875 sacerdotibus.
2543 3811 2612 3874 Et
2673 3812 2745 3874 l8
2800 3828 2991 3874 canon
3024 3809 3230 3891 synodi
3261 3808 3718 3886 Carhaginensis

2076 3900 2199 3961 hmc
2232 3902 2507 3981 exprimit
2543 3920 2557 3965 :
2592 3902 2651 3962 Si
2696 3901 2829 3982 quis
2870 3899 3125 3962 clericus
3180 3898 3507 3968 ordinetur,
3541 3897 3722 3959 debet

2074 3988 2477 4060 admoneri,ut
2497 3998 2691 4051 servet
2732 3990 2998 4063 decreta;
3022 3995 3082 4049 et
3103 3995 3167 4049 ut
3190 3997 3557 4048 mortuorum
3580 4004 3719 4047 cor-

2076 4076 2317 4157 poribus
2340 4075 2706 4139 Eucharistia
2731 4098 2849 4139 non
2872 4077 3065 4148 detur,
3102 4093 3213 4137 nec
3233 4074 3579 4155 baptismus.
3607 4074 3718 4148 Qui

2075 4164 2253 4242 igitur
2283 4174 2583 4245 unguento
2632 4166 2928 4229 deliniuut
2961 4174 3223 4226 mortuos
3264 4163 3626 4238 sacerdotes,
3661 4171 3721 4225 et

347 4256 485 4333 μηδὲ
536 4258 831 4335 βάπτισμα.
893 4262 952 4317 Οἱ
1025 4268 1150 4337 γοῦν
1220 4258 1303 4317 διὰ
1358 4261 1520 4341 μύρου
1576 4262 1815 4340 χρίοντες
1869 4261 1988 4322 τοὺς

2081 4254 2402 4334 pontiﬁces,
2430 4264 2526 4315 aut
2573 4255 2721 4317 alios
2743 4254 3001 4336 quosvis,
3027 4263 3085 4315 et
3124 4254 3211 4315 sic
3230 4252 3551 4333 sepeliunt,
3585 4271 3715 4313 ma-

345 4346 700 4412 τελευτῶντας
748 4350 909 4428 ἱερεῖς
959 4351 1047 4405 καὶ
1103 4349 1400 4431 ἀρχιερεῖς,
1460 4348 1497 4418 ἣ
1567 4350 1775 4430 ἑτέρους
1845 4350 1989 4412 τινὰς

346 4436 434 4492 καὶ
507 4434 673 4500 οὕτως
749 4435 1165 4518 ἐνταφιάζοντες,
1235 4437 1480 4518 μεγὴλης
1565 4440 1663 4495 εἶσὶ
1719 4437 1990 4503 κολάσεως

346 4522 481 4588 ἄξιοι
516 4542 532 4558 ·
581 4523 618 4592 ἢ
672 4525 746 4589 ὡς
776 4526 1259 4604 καταγινώσκοντες
1316 4533 1419 4583 τῶν
1476 4527 1840 4604 βαπτιζόντων
1891 4528 1989 4606 ὁρ-

346 4610 554 4678 θοδάξον
585 4614 794 4693 αὖτοὺς,
827 4613 863 4682 ἢ
889 4617 962 4679 ὡς
992 4615 1069 4690 μὴ
1111 4615 1468 4697 πληροφορίαν
1527 4615 1744 4697 ἔχοντες
1777 4615 1985 4684 ἐντελῆ,

342 4713 463 4763 τοῖς
484 4700 772 4779 όρθοδόξοις
823 4703 1207 4771 εἶναιτούτους
1237 4706 1541 4770 κοινωνοὺς.
1573 4707 1657 4763 κοὶ
1685 4706 1787 4784 πρὸ
1817 4727 1987 4761 κατα-

342 4789 563 4869 κρίσεως
592 4792 1017 4872 κατακρίνοντες.

424 4874 715 4956 Ἐρώτησις
769 4870 912 4959 κγ’.
998 4880 1380 4959 Λελωϐημένος
1475 4882 1510 4951 ἢ
1606 4880 1990 4963 ἑτερόφθαλμος

342 4964 585 5035 ἀξιωθείη
653 4967 858 5046 βαθμοῦ
910 4973 1223 5052 ἱερατικοῦ;
1282 4975 1310 5030 6
1373 4974 1506 5047 μετὰ
1561 4972 1661 5040 τὴν
1703 4972 1987 5051 ἱερωσύνην

341 5057 652 5124 καταπαθὴς
725 5060 978 5141 γεγονὼς,
1052 5060 1255 5119 ἐσεῖται
1340 5062 1429 5118 καὶ
1498 5062 1634 5137 μετὰ
1688 5062 1753 5116 16
1820 5060 1986 5122 πάθος

339 5146 640 5225 ἱερουργῶν,
673 5146 709 5215 ἢ
740 5147 798 5204 οὗ
830 5167 847 5228 ;

424 5233 550 5291 Ἀπ.
588 5238 687 5294 Καὶ
730 5235 919 5293 ἄλλοτε
949 5237 1175 5315 εἴπομεν
1233 5240 1339 5297 ἁπὸ
1393 5247 1485 5297 106
1548 5245 1834 5295 Mmoa'txo6
1892 5236 1985 5291 νό-

341 5342 442 5408 μου
471 5325 598 5408 τοὺς.
614 5327 878 5392 τοιούτους
936 5328 1009 5393 είς
1052 5330 1337 5408 ἱερωσύνην
1392 5329 1470 5405 μὴ
1526 5324 1930 5406 προϐιόάζεσθαι
1968 5337 1980 5348 '

340 5402 402 5499 ΤΟ
432 5409 486 5467 δὲ
516 5403 598 5484 οζ’
623 5416 798 5471 κανὼν
849 5420 955 5471 τῶν
1012 5402 1174 5495 ἁγίων
1216 5418 1305 5474 καὶ
1345 5402 1703 5499 πανευφήμων
1749 5411 1987 5470 ἀποστό-

339 5496 447 5557 λων
475 5502 637 5558 ταῦτά
667 5526 827 5583 φησιν
862 5518 876 5534 ⁶
913 5502 981 5561 Εἴ
1008 5526 1089 5570 τις
1134 5504 1404 5587 ἀνάπηρος
1456 5505 1494 5583 ᾗ
1525 5496 1639 5562 ’τὸν
1695 5500 1986 5583 ὀφθαλμὸν,

2072 4362 2186 4422 gna
2214 4351 2350 4405 sunt
2379 4344 2768 4422 castigatione
2796 4343 2984 4419 digni,
3026 4341 3114 4403 vel
3162 4349 3225 4402 ut
3265 4349 3718 4403 contemnentes

2074 4432 2456 4505 orthodoxos,
2490 4432 2589 4513 qui
2646 4451 2749 4493 eos
2801 4431 3212 4512 baptizarunt;
3270 4430 3355 4490 vel
3390 4437 3448 4490 ut
3479 4428 3713 4508 plenam

2073 4540 2191 4582 non
2223 4520 2509 4584 habentes
2541 4520 3040 4590 testiﬁcationem,
3076 4517 3230 4597 quod
3260 4517 3319 4578 hi
3349 4535 3480 4577 cum
3504 4516 3714 4577 ortho-

2073 4609 2241 4670 doxis
2271 4610 2492 4670 fuerint
2549 4608 2889 4690 participes,
2951 4617 3010 4668 et
3066 4615 3202 4668 ante
3241 4606 3533 4684 judicium
3565 4624 3712 4667 con-

2072 4699 2440 4761 demnantes.

2153 4875 2344 4938 Inter.
2380 4875 2479 4939 23.
2516 4876 2758 4937 Mancus
2810 4881 2908 4936 aut
2940 4873 3294 4935 monoculus
3322 4872 3715 4935 habebiturne

2068 4965 2255 5045 gradu
2276 4963 2625 5025 sacerdotali
2645 4962 2889 5039 dignus?
2911 4972 3007 5024 aut
3029 4962 3130 5044 qui
3158 4971 3284 5042 post
3313 4960 3710 5023 sacerdotium

2070 5053 2370 5115 mutilatus
2394 5060 2503 5127 est,
2531 5050 2979 5132 permitteturne
3002 5058 3135 5131 post
3149 5050 3352 5113 vitium
3376 5049 3713 5112 Sacriﬁcare

2068 5140 2315 5203 annon?

2148 5229 2267 5292 Res
2296 5228 2362 5290 Et
2390 5228 2530 5292 alibi
2547 5228 2943 5311 diximus,hos
2959 5229 3030 5291 ad
3048 5227 3444 5291 sacerdotium
3464 5225 3713 5289 Mosaica

2068 5319 2199 5398 lege
2224 5338 2340 5380 non
2365 5319 2721 5400 promoveri.
2747 5322 2946 5382 Canou
2969 5326 3166 5380 autem
3185 5318 3263 5380 77
3286 5324 3620 5378 sanctorum
3652 5324 3710 5377 et

2070 5407 2522 5470 benedictorum
2574 5409 2976 5490 apostolorum
3034 5407 3160 5469 haec
3201 5414 3284 5468 aut
3315 5427 3329 5465 :
3364 5404 3426 5468 Si
3458 5407 3591 5487 quis
3620 5407 3712 5468 vel

2071 5496 2243 5562 oculo
2275 5495 2517 5560 orbatus
2573 5497 2661 5561 vel
2719 5498 2944 5562 femore
2998 5495 3249 5559 oblaesus
3278 5504 3322 5570 ε,
3366 5495 3713 5581 episcopatu

1655 5667 1909 5737 VARLE
1950 5663 2388 5734 LECTIONES.

413 5810 437 5845 ο
464 5800 561 5867 vel
591 5817 767 5869 cruce
800 5802 1003 5869 tam.
