4160 6212
473 312 625 387 105ιό

1814 331 1848 393 J
1855 329 1947 392 US
1991 325 2439 402 CAN'ONICUM

3671 323 3836 391 1056

466 454 664 514 autem
686 449 899 541 dignus
919 452 1026 530 sit,
1041 455 1171 522 ﬁat.
1195 457 1325 520 Non
1348 457 1507 522 enim
1531 460 1798 532 carueris
1825 459 2102 524 damnum

2190 463 2310 532 ἢτὸ
2338 461 2524 528 σκέλος
2564 461 2962 541 πεπληγμένος,
2994 460 3135 527 ἄξιος
3192 459 3249 518 δέ
3308 459 3448 518 ἐστιν
3499 463 3833 539 ἓπισκοπῆς,

468 553 602 598 eum
639 537 868 615 polluit,
900 542 1004 604 sed
1036 543 1250 608 animae
1299 546 1650 627 inquinatio.
1707 551 1779 611 Et
1807 551 1886 614 78
1919 567 2108 614 canon

467 627 817 720 earumdem
837 638 1184 697 sanctorum
1235 637 1639 717 apostolorum
1686 638 1772 700 sic
1797 638 2058 720 loquitur
2089 657 2103 702 :

467 712 580 790 Qui
605 724 804 809 autem
835 727 926 782 est
951 721 1168 785 surdus
1215 712 1522 800 et—caecus,
1556 744 1632 790 ne
1661 727 1738 789 sit
1765 712 2104 809 episcOpus,

467 823 589 900 non
619 815 679 869 ut
711 807 991 900 pollutus,
1025 814 1132 876 sed
1156 835 1233 878 ne
1254 816 1656 883 ecclesiastica
1682 807 2104 900 impediantur.

466 892 817 990 Quicunque
836 898 1019 981 igitur
1041 903 1380 968 morborum
1395 905 1721 990 aliquorum
1740 892 1878 970 vitio
1897 908 2107 990 prohi-

467 982 820 1080 biti_fuerint
873 991 1328 1080 sacerdotalium
1357 982 1643 1076 graduum
1669 997 1808 1077 jura
1838 982 2102 1080 exsequi,

466 1071 840 1168 ordinatione
866 1077 1032 1158 digni
1056 1099 1172 1143 non
1205 1071 1598 1147 habebuntur.
1623 1071 1733 1158 oin
1753 1095 1948 1149 autem
1975 1071 2107 1168 post

463 1161 897 1228 ordinationem
952 1168 1040 1230 sic
1089 1171 1241 1234 male
1297 1174 1494 1236 affecti
1521 1183 1680 1244 sunt,
1713 1193 1880 1238 sacra
1909 1161 2106 1238 facere

465 1249 674 1314 morbo
698 1273 816 1318 non
846 1255 1270 1338 impediuntur.
1294 1261 1365 1324 Et
1389 1262 1469 1324 ita
1485 1262 1783 1326 imbecilla
1803 1264 2104 1326 constituti

465 1338 821 1433 valetndine,
855 1345 1046 1410 libere
1115 1350 1553 1414 sacriﬁcabunt.
1591 1353 1697 1416 Dei
1732 1353 2104 1433 praeconibus

466 1430 626 1521 enim
658 1431 898 1512 placuit,
931 1454 1036 1516 per
1066 1440 1497 1503 mutilationem
1531 1430 1849 1521 corporisa
1870 1441 2101 1503 sacriﬁ-

466 1516 697 1612 catione
730 1539 847 1612 non
882 1525 1184 1612 prohiberi
1211 1548 1592 1612 quemquam.
1626 1516 1794 1604 Quod
1838 1529 1888 1594 si
1910 1530 2102 1594 morbi

466 1603 728 1700 debitum
744 1610 937 1674 ofﬁcio
949 1603 2102 1700 sacerdotiisitimpedimento,exercere

467 1692 1016 1784 desinetaegrotans,
1035 1721 1068 1765 a
1084 1704 1364 1784 dignitate
1381 1692 1577 1770 tamen
1595 1727 1713 1770 non
1725 1707 2098 1782 alienabitur,

2189 550 2426 630 γινέσθω.
2461 555 2534 610 Οὔ
2563 553 2662 630 γὰρ
2691 549 2841 618 λώϐη
2897 552 3140 630 σώματος
3196 549 3350 607 αυτὸν
3407 549 3628 628 μιαίνει,
3689 547 3838 606 ἀ)λά

2313 646 2373 701 ἧς
2402 629 2698 701 μολυσμός.
2743 642 2842 698 Καὶ
2881 662 2912 698 ο
2953 629 3044 701 οη’
3098 639 3273 696 κανὼν
3326 643 3431 695 τῶν
3469 637 3637 694 αὐτῶν
3666 637 3840 701 ἆγίων

2191 645 2373 721 ψυχῆς
2402 639 2698 716 μολυσμός.
2743 642 2842 698 Καὶ
2881 662 2912 698 ο
2953 639 3043 707 οη’
3098 639 3273 696 κανὼν
3326 643 3431 695 τῶν
3469 639 3637 694 αὐτῶν
3666 639 3839 717 ἁγίων

2191 725 2502 786 ἀποστόλων
2558 726 2696 785 οὕτω
2749 726 2979 804 διέξεισι,
3053 729 3242 808 Κωφὸς
3313 727 3400 782 καὶ
3459 727 3676 806 τυφλὸς,
3753 725 3839 799 μὴ

2189 817 2417 896 γινέσθω
2459 815 2744 881 ἐπίσκοπος
2778 834 2797 854 ⁸
2853 820 2959 896 οὔχ
3007 817 3078 881 ὡς
3134 814 3517 896 μεμιασμένος,
3573 812 3673 870 ἀλλ
3735 813 3841 870 ’ίνα

2189 907 2268 981 μὴ
2296 907 2364 963 τὰ
2409 903 2822 972 ἐκκλησιαστικά
2863 901 3354 984 παρεμποδίζοιντο.
3406 893 3493 962 ιὈ
3536 926 3617 962 σοι
3658 903 3838 961 τοίνυν

2187 995 2248 1052 ἐκ
2317 994 2511 1058 πάθους
2567 992 2993 1072 ἀρρωστημάτων
3064 999 3224 1050 τινῶν
3285 995 3558 1071 ἱερατικῶν
3612 993 3838 1069 βαθμῶν

2187 1083 2421 1164 ἐνεργεῖν
2473 1081 2795 1140 κεκώλυνται
2843 1080 3014 1140 δίκαια
3054 1083 3382 1162 χειροτονίας
3436 1085 3531 1142 οὐκ
3584 1078 3836 1150 ἀξιωθήο

2186 1194 2392 1235 σονται.
2452 1174 2512 1230 Οἱ
2564 1168 2621 1228 δὲ
2679 1172 2815 1248 μετὰ
2869 1170 2967 1238 τὴν
3016 1171 3348 1250 χειροτονίαν
3403 1167 3542 1226 οὕτω
3569 1169 3835 1233 παθόντες

2185 1267 2386 1335 κακῶς,
2445 1262 2541 1317 οὒκ
2597 1257 2957 1336 ἐμποδίζονται
3012 1257 3096 1315 διὰ
3151 1259 3252 1326 τηο
3309 1259 3462 1316 νόσον
3513 1261 3838 1338 ἱερουργεῖν,

2185 1352 2273 1407 καὶ
2331 1349 2495 1421 οὕτως
2567 1348 2847 1428 ἀῤῥώστως
2905 1347 3150 1428 ἔχοντες,
3209 1345 3496 1410 ἀκωλύτως
3551 1347 3840 1426 ἱερουργή-

2184 1463 2354 1499 σουσι.
2419 1449 2548 1503 Τοῖς
2602 1440 2702 1517 γὰρ
2751 1436 3048 1518 θεοκήρυξιν
3107 1433 3247 1503 ἔδοξε
3320 1433 3404 1494 διὰ
3478 1433 3658 1504 λώϐην
3730 1436 3843 1492 σώ-

2183 1551 2351 1605 ματος
2403 1534 2501 1596 τῆς
2529 1528 2822 1607 ἱερουργίας
2855 1527 2973 1583 τινὰ
3029 1525 3105 1600 μὴ
3161 1523 3476 1589 κωλύεσθαι,
3535 1527 3594 1584 ΕΙ
3636 1523 3692 1582 δὲ
3733 1530 3841 1592 τῆς

2180 1618 2438 1696 ἱερατείας
2479 1618 2540 1672 τὸ
2569 1613 2882 1692 σπούδασμα
2917 1612 3181 1690 ἐμποδζει
3209 1613 3306 1682 τῆς
3348 1614 3503 1672 τόσου
3548 1616 3612 1671 τὸ
3665 1613 3839 1696 ὄφλη-

2185 1731 2284 1789 μα,
2341 1711 2438 1775 τῆς
2519 1705 2778 1784 ἐνεργείας
2852 1705 3175 1773 παυθήσεται
3247 1705 3276 1760 6
3345 1710 3536 1779 νοσῶν,
3612 1710 3706 1761 τοῦ
3777 1702 3838 1759 δὲ

467 1781 608 1878 quin
667 1787 859 1878 potius
914 1781 1284 1857 miserandus
1341 1797 1476 1878 erit,
1529 1816 1597 1859 ac
1635 1797 1831 1878 priore
1861 1796 2101 1878 quidem

2190 1781 2485 1872 ἀξιώματος
2541 1781 2658 1854 ουδὲ(
2698 1791 3182 1872 ἀλλοτριωθήσεται
3217 1809 3234 1824 ⁸
3281 1791 3417 1848 ἀλλά
3475 1791 3674 1867 μᾶλλον
3743 1795 3835 1848 ol-

465 1871 692 1936 honore
712 1874 964 1966 fruetur,
990 1881 1232 1944 habebit
1253 1891 1447 1947 autem
1462 1871 1649 1947 etiam
1676 1905 1807 1966 qua:
1827 1871 1905 1948 ad
1931 1885 2103 1946 vitam

463 1965 906 2057 sustentandam
935 1969 1255 2050 sufficiant,
1289 1981 1348 2035 et
1373 1975 1626 2057 reliqua,
1643 1965 1810 2055 juxta
1843 1974 2104 2056 priorem

461 2053 976 2119 consuetudinem.

535 2139 725 2234 inter.
758 2144 856 2208 24.
892 2147 984 2210 An
1002 2151 1304 2232 sacerdos,
1328 2153 1417 2215 vel
1447 2153 1754 2228 diaconus,
1788 2151 1918 2214 sine
1941 2153 2106 2234 peri-

459 2231 592 2324 culo
615 2229 715 2293 fiat
736 2238 1190 2324 nummularius,
1210 2229 1308 2304 vel
1329 2242 1835 2324 commerciarius,
1858 2229 1955 2304 vel
1973 2260 2104 2305 me-

458 2318 650 2396 dicus,
687 2322 777 2384 vel
807 2323 1157 2406 asirologus,
1193 2333 1434 2393 necne?

537 2410 670 2472 Res.
701 2411 903 2477 Canon
934 2427 1271 2481 sanctorum
1301 2429 1361 2482 et
1402 2421 1566 2483 omni
1597 2421 1766 2484 laude
1799 2421 2104 2488 beatorum

455 2505 880 2581 apostolorum,
909 2506 1034 2568 haec
1056 2507 1269 2589 inquit:
1290 2507 1638 2591 Episcopus,
1655 2511 1747 2572 vel
1774 2510 2099 2591 presbyter,

457 2592 550 2680 vel
578 2592 864 2655 diaconus
891 2596 1192 2658 seculares
1221 2615 1394 2660 curas
1417 2617 1534 2660 non
1553 2601 1858 2679 suscipiat:
1880 2599 2100 2680 alioqui

459 2679 811 2760 deponatur.
834 2680 1020 2746 Nemo
1039 2685 1197 2746 enim
1222 2695 1412 2767 potest
1437 2687 1667 2749 duobus
1690 2687 1946 2749 dominis
1969 2679 2099 2750 ser-

455 2767 604 2834 vire.
631 2770 707 2832 Et
735 2771 802 2836 8l
849 2791 1038 2835 canon
1089 2773 1233 2837 dicit
1265 2793 1280 2838 :
1312 2775 1600 2844 Diximus.
1651 2795 1768 2838 non
1819 2785 2098 2858 oportere

461 2859 832 2940 episcopum,
855 2861 948 2923 vel
983 2865 1413 2944 presbyterum,
1440 2865 1701 2946 seipsum
1746 2865 1818 2928 ad
1839 2865 2104 2947 publicas

461 2947 1004 3013 administrationes
1035 2951 1373 3030 demittere,
1425 2954 1529 3016 sed
1579 2955 1640 3016 in
1687 2955 2105 3017 ecclesiasticis

460 3036 711 3116 negotiis
733 3039 975 3101 versari.
1010 3039 1199 3103 Nemo
1228 3043 1388 3104 enim
1421 3051 1615 3124 potest
1641 3043 1874 3107 duobus
1905 3043 2100 3106 domi-

460 3124 555 3186 nis
584 3126 828 3209 servire,
862 3129 1192 3193 secundum
1223 3130 1598 3196 Dominicum
1629 3133 1898 3196 verbum.

542 3213 648 3279 Vel
681 3235 819 3297 ergo
849 3217 931 3280 ita
960 3237 1081 3282 non
1133 3219 1328 3285 facere
1377 3221 1820 3303 persuadeatur,
1870 3223 1962 3284 vel
1991 3222 2102 3285 de-

460 3313 717 3382 ponatur
794 3307 869 3370 Et
900 3327 1088 3371 canon
1119 3309 1156 3371 6
1213 3310 1421 3392 synodi
1479 3311 1960 3391 Carthaginensis
1991 3312 2102 3374 de-

460 3395 613 3476 finit,
663 3415 732 3458 ex
779 3396 984 3458 infami
1042 3399 1132 3460 vel
1191 3401 1349 3480 turpi
1407 3401 1641 3481 negotio
1695 3409 1956 3463 sacratos
2009 3400 2101 3462 vi-

461 3491 619 3547 ctum
650 3505 768 3547 non
827 3505 1194 3568 comparare.
1248 3488 1318 3550 Et
1355 3507 1549 3552 canon
1596 3491 1670 3552 lt)
1701 3489 1968 3570 ejusdem
2001 3509 2098 3570 sy-

458 3576 596 3636 nodi
630 3575 703 3637 ad
759 3575 1158 3638 institutiones
1209 3597 1524 3658 puerorum
1578 3589 1634 3641 et
1663 3579 2102 3660 Scripturarum

461 3664 781 3727 lectionem
834 3666 1054 3728 debere
1112 3675 1348 3746 paratos
1402 3686 1535 3730 esse
1595 3668 1844 3730 clericos
1874 3667 2103 3743 deﬁnit,

463 3761 520 3814 et
548 3772 666 3816 non
700 3753 1014 3816 mundanis
1062 3763 1120 3816 et
1165 3757 1544 3819 saecularibus
1593 3757 1752 3820 curis
1801 3760 2103 3837 occupari.

460 3841 564 3903 Est
593 3861 735 3903 vero
793 3842 969 3904 etiam
1010 3845 1200 3922 jussio
1243 3845 1262 3887 ί
1311 3843 1512 3926 inclyti
1562 3845 1960 3927 imperatoris,
1994 3845 2108 3905 do-

463 3930 609 3991 mini
641 3931 923 3992 Manuelis
953 3933 1266 4008 Comneni,
1322 3934 1479 3995 edita
1520 3953 1730 3996 mense
1761 3933 2104 4007 Novembri,

460 4017 670 4082 indict.
708 4021 804 4088 15.
839 4020 910 4081 ad
964 4023 1352 4102 quorumdam
1387 4023 1736 4086 clericorum
1768 4022 2106 4085 nummula-

2188 1887 2609 1965 κτειρηθήσεται,
2643 1883 2731 1940 καὶ
2760 1880 3048 1939 ἀπολαύσει
3105 1881 3202 1956 μὲν
3229 1881 3328 1950 τῆς
3358 1881 3612 1963 προτέρας
3641 1887 3836 1960 τιμῆς,

2187 1974 2288 2040 ἕξει
2317 1971 2372 2029 δὲ
2401 1974 2489 2028 καὶ
2515 1973 2582 2028 τὰ
2609 1973 2740 2052 πρὸς
2783 1971 3094 2050 ζωάρκειαν,
3147 1971 3233 2026 καὶ
3261 1971 3327 2027 τὰ
3355 1967 3539 2046 λοιπὰ,
3569 1972 3708 2028 κατά
3734 1971 3840 2038 τὴν

2189 2062 2441 2143 προτέραν
2473 2062 2773 2143 στνήθειαν,

2270 2139 2566 2231 Ἐρώτησις
2594 2139 2700 2211 κδ’.
2734 2145 3045 2214 Ἀκινδύνως
3087 2151 3283 2228 γίνεται
3311 2149 3474 2228 ἱερεὺς
3517 2149 3553 2218 ἢ
3595 2147 3839 2212 διάκονος

2189 2241 2583 2313 καταλλάκτης,
2613 2238 2649 2308 ἢ
2679 2238 3114 2318 κομμερκιάριος,
3141 2237 3179 2307 ἢ
3207 2239 3400 2318 ίατρός,
3427 2237 3463 2306 ἢ
3484 2235 3840 2317 ἀστρολόγος,

2268 2377 2393 2476 Ἀπ’
2431 2407 2488 2475 Ὀ
2539 2405 2618 2490 ς’
2671 2416 2845 2473 κανὼν
2909 2420 3014 2472 τῶν
3085 2415 3249 2493 ἁγίων
3317 2416 3404 2471 καὶ
3471 2414 3835 2494 πανευφήμων

2186 2505 2500 2565 ἀποστόλων
2569 2505 2735 2562 ταῦτά
2776 2525 2936 2584 φησιν
2969 2507 2985 2534 ⁸
3059 2500 3402 2582 Ἐπίσκοπος,
3457 2503 3494 2571 ἢ
3538 2499 3835 2581 πρεσϐύτε-

2183 2619 2297 2672 ρος,
2341 2597 2376 2664 ἢ
2405 2593 2648 2660 διάκονος
2697 2594 2957 2670 κοσμικὰς
2997 2591 3292 2672 φροντίδας,
3353 2593 3431 2667 μὴ
3459 2589 3837 2667 ἀναλαμλανέ-

2179 2707 2258 2744 τω
2293 2701 2308 2716 ’
2343 2686 2386 2741 εί
2416 2683 2471 2740 δὲ
2526 2684 2629 2760 μὴ,
2673 2681 3040 2762 καθαιρείσθω.
3085 2679 3262 2747 Οὖδεὶς
3313 2683 3413 2760 γὰρ
3470 2677 3679 2737 δύναται
3724 2677 3840 2736 δυσὶ

2183 2776 2377 2856 κυρίοις
2421 2773 2705 2833 δουλεύειν.
2754 2776 2852 2833 Καὶ
2892 2777 2920 2830 6
2962 2763 3060 2830 πα”
3086 2774 3258 2831 κανὼν
3289 2773 3466 2853 εἶπεν,
3503 2771 3584 2828 ὅτι
3614 2771 3685 2830 Οὒ
3713 2770 3835 2849 χρὴ

2183 2866 2468 2922 επίσκοπον
2524 2866 2560 2930 ἢ
2627 2861 2972 2943 πρεσϐύτερον
3029 2862 3262 2919 καθιέναι
3337 2862 3523 2918 ἑαυτὸν
3579 2861 3652 2925 είς
3720 2857 3826 2925 δη-

2185 2955 2444 3028 μοσιακάς
2475 2950 2780 3029 διοικήσεις,
2840 2951 2978 3009 ἀλλά
3030 2963 3432 3032 προσευκαιρετν
3477 2961 3599 3013 ταῖς
3631 2946 3828 3014 ἔκκλη-

2185 3055 2484 3108 σιαστικαϊς
2527 3042 2755 3122 χρείαις,
2825 3039 3000 3104 Οὐδεὶς
3059 3041 3158 3119 γὰρ
3213 3038 3424 3096 δύναται
3479 3037 3589 3096 δυσὶ
3632 3037 3828 3116 κυρίοις

2121 3153 2162 3204 c
2185 3127 2472 3202 δουλεύειν,
2519 3131 2654 3186 κατά
2681 3130 2780 3199 τὴν
2812 3129 3076 3208 Κυριακὴν
3114 3127 3498 3209 παραγγελίαν.

2286 3226 2331 3277 Η
2375 3218 2630 3276 πειθέσθω
2660 3219 2748 3277 οὗν
2796 3225 2950 3276 τοῦτο
2998 3218 3078 3293 μὴ
3127 3218 3332 3292 ποιεῖν,
3376 3217 3413 3279 ἢ
3468 3213 3834 3293 καθαιρείσθω.

2187 3311 2285 3367 Kal
2327 3311 2355 3366 6
2422 3308 2485 3382 ς·
2494 3297 2506 3316 ’
2573 3309 2746 3366 κανὼν
2802 3313 2900 3376 τῆς
2955 3305 3009 3364 ὲν
3068 3305 3376 3387 Καρθαγένη
3429 3302 3601 3365 συνόδι
3657 3301 3831 3382 διορί-

2182 3404 2374 3489 ζεται,Δ
2435 3397 2543 3454 ἀπὸ
2625 3397 2813 3473 ἀτίμου
2895 3397 2932 3466 ἢ
3017 3398 3241 3477 αἰσχροῦ
3321 3394 3628 3489 πράγματος
3648 3469 3661 3489 ⁸
3711 3391 3838 3453 τοὺς

2181 3485 2496 3566 ἱερωμένους
2551 3488 2750 3567 τροφὴν
2819 3487 2898 3562 μὴ
2963 3487 3284 3565 πορίζεσθαι.
3357 3484 3458 3542 Kal
3525 3484 3554 3539 6
3620 3484 3659 3536 ι’
3729 3503 3837 3536 κα-

2186 3577 2287 3633 νὼν
2369 3581 2468 3642 τῆς
2550 3575 2714 3644 αὐτῆς
2795 3573 3010 3632 συνόδου
3093 3575 3224 3650 πρὸς
3307 3569 3641 3633 διδασκαλίας
3703 3570 3838 3625 παί-

2187 3665 2290 3723 δων
2374 3667 2463 3722 καὶ
2531 3664 2826 3744 ἀνάγνωσιν
2898 3667 3114 3744 Γραφῶν
3201 3664 3442 3739 ἑτοίμους
3512 3665 3661 3717 εἱναι
3714 3659 3842 3722 τοὺς

2187 3753 2474 3832 κληροκοὺς
2575 3751 2874 3832 διορίζεται,
2969 3754 3060 3810 καὶ
3171 3751 3250 3828 μὴ
3357 3761 3647 3832 κοσμικαῖς
3750 3751 3842 3804 καὶ

2189 3827 2469 3919 βιωτικαῖς
2539 3827 2802 3921 φροντίσιν
2855 3827 3322 3921 ’ἐνασχολεϊσθαμ
3395 3827 3558 3896 ’Ἐστι
3624 3833 3682 3892 δὲ
3749 3835 3843 3892 καὶ

2190 3929 2506 4009 πρόσταγμα
2572 3936 2665 3987 τοῦ
2723 3929 2961 4006 ἀοιδίμου
3030 3927 3290 4008 βασιλέως
3341 3929 3517 4007 κυρίου
3586 3923 3842 3991 Μανουῆλ

2189 4025 2281 4074 τοῦ
2349 4025 2650 4098 Κομνηνοῦ,
2732 4018 3002 4099 ἐξενεχθὲν
3078 4018 3174 4093 μὲν
3245 4017 3382 4072 κατά
3438 4020 3584 4091 μῆνα
3653 4011 3841 4088 Νοέμ-

461 4108 687 4170 riorum
717 4101 1176 4188 suggestiOnem,
1218 4110 1513 4173 insinuata
1542 4111 1602 4172 in
1635 4119 1862 4173 secreto
1895 4111 2102 4172 dome-

2190 4106 2361 4186 ϐριον,
2407 4107 2768 4184 ἐπινεμήσεως
2829 4101 2917 4184 ιε’,
2983 4109 3067 4165 ἐπὶ
3129 4107 3422 4184 ύπομνήτει
3480 4109 3636 4160 τινῶν
3691 4101 3842 4168 κλη-

461 4196 745 4259 sticorum
775 4211 827 4273 κ,
888 4217 1093 4260 mense
1145 4197 1486 4273 Novembri,
1517 4199 1724 4262 indict.
1772 4201 1868 4274 15,
1900 4208 1956 4260 et
1986 4199 2102 4260 haec

2193 4204 2350 4266 ρικῶν
2421 4195 2800 4254 καταλλακτῶν
2835 4216 2849 4229 ·
2907 4197 3270 4277 καταστρωθὲν
3334 4195 3388 4250 ὲν
3459 4200 3536 4268 τῷ
3605 4191 3843 4270 σεκρέτῳ

463 4286 789 4366 expressim
842 4287 1191 4368 praecipiens
1225 4310 1238 4346 :
1275 4289 1365 4352 Ad
1398 4306 1783 4370 quoscunque
1818 4306 2102 4369 pervene-

2192 4292 2296 4343 τῶν
2381 4287 2681 4356 οἷκειακῶν,
2752 4288 2887 4346 κατὰ
2980 4309 3124 4364 μηνα
3194 4281 3509 4362 Νοέμϐριον,
3584 4281 3840 4355 ἐπινεμή-

461 4364 582 4437 rint
611 4394 681 4438 ex
711 4364 1183 4457 emptionetales
1213 4364 1745 4440 nummulariaruin
1771 4364 2102 4437 mensarum

2197 4397 2330 4441 σεως
2414 4396 2460 4430 ιε
2472 4364 2503 4450 ⁸,
2590 4376 2679 4432 καὶ
2759 4383 2923 4433 ταῦτα
3023 4375 3197 4450 ῥητῶς
3292 4371 3785 4451 παρακελευόμενον
3823 4387 3844 4406 ο

2201 4453 2215 4475 ι
2227 4451 2272 4481 Ἀ
2600 4464 2620 4474 ο
2631 4461 2651 4481 ς
2665 4467 2688 4481 Α
2811 4463 2826 4481 9
2837 4461 2859 4481 ρ
2945 4463 2960 4481 9
3143 4464 3154 4481 ι
3327 4463 3340 4477 ι
3547 4467 3566 4476 ε-
3722 4479 3728 4481 .
3744 4480 3766 4481 η
3781 4479 3804 4481 Α

462 4463 744 4537 tabernae,
776 4453 1094 4545 imperium
1126 4485 1322 4527 meum
1359 4475 1705 4548 potestatem
1737 4467 1837 4530 dat
1861 4464 2102 4525 transfe-

2201 4453 2400 4526 ιὈσοις
2470 4461 2753 4542 περιῆλθον
2808 4461 2860 4530 ἑξ
2937 4463 3220 4542 ἀγορασίας
3288 4463 3356 4518 τὰ
3423 4467 3638 4517 τοιαῦτα
3701 4479 3847 4514 κατ-

463 4551 831 4614 rendieasin
855 4553 1165 4617 honestam
1195 4568 1250 4617 et
1271 4553 1594 4617 Romanam
1625 4572 1964 4635 personam,
1984 4573 2102 4634 qua

2196 4550 2490 4608 αλλακτικὰ
2565 4553 2974 4632 τραπεζοτόπια,
3045 4549 3250 4609 δίδωσιν
3335 4548 3512 4606 ἄδειαν
3591 4550 3626 4616 ἠ
3690 4548 3850 4624 βασι-

463 4641 810 4703 occurrerit.
842 4641 1026 4704 Vobis
1047 4643 1232 4724 enim,
1256 4643 1612 4705 sacraticum
1632 4642 1781 4717 sitis,
1810 4643 1985 4704 talem
2010 4661 2102 4702 ar-

2194 4639 2325 4738 lsla.
2383 4663 2482 4716 μου
2550 4639 2910 4738 ὲναλλαγῆναι
2951 4647 3116 4698 ταῦτα
3160 4641 3232 4705 είς
3273 4639 3405 4738 ἀξιτερ
3464 4636 3526 4694 ἂν
3567 4637 3847 4738 εὑρησητε

465 4738 580 4790 tem
613 4747 893 4792 exercere
923 4749 1041 4793 non
1093 4720 1252 4806 licet,
1300 4733 1438 4812 quia
1468 4750 1578 4794 nec
1611 4732 1858 4810 potestis
1885 4749 2102 4792 conve-

2194 4727 2442 4808 ἀξιόλογα
2506 4730 2595 4786 καὶ
2653 4720 2929 4806 Ῥωμαϊκά
2971 4729 3251 4807 πρόσωπα.
3303 4720 3468 4804 ’Υμᾶς
3524 4726 3624 4804 γὰρ
3677 4726 3847 4802 ἱερω-

463 4818 651 4882 nienti
675 4818 1059 4898 castigatione
1088 4821 1380 4894 coerceri,
1419 4821 1467 4882 si
1493 4819 1635 4902 qurd
1661 4827 1874 4901 praeter
1896 4819 2102 4898 praefe-

2197 4816 2383 4894 μένους
2438 4815 2592 4882 ὄντας
2649 4819 2747 4885 τὴν
2815 4818 3062 4885 τοιαύτην
3110 4817 3416 4892 ἐπιστήμην
3488 4813 3850 4902 μετέρχεσθαι

463 4908 712 4970 ctoriam
761 4897 1170 4970 deﬁnitionem
1228 4909 1480 4985 faciatis,
1511 4897 1676 4971 ἰευηὶ
1711 4907 1841 4969 sitis
1870 4897 2102 4970 sacrati.

2201 4906 2296 4962 υύκ
2357 4903 2649 4986 ἐνδέχεται,
2707 4905 2788 4964 ὅτι
2858 4904 2973 4964 οὐδὲ
3029 4903 3245 4964 δυνατὸν
3303 4901 3707 4962 ἀναστέλλεσθαι
3760 4897 3856 4956 διὰ

462 4995 810 5078 Quicunque
828 4996 1011 5076 igitur
1026 5006 1281 5060 vestrum
1318 4997 1644 5078 emptione,
1671 5005 1732 5057 ut
1756 4996 1976 5058 dictum
2000 5001 2102 5066 est,

2204 4997 2562 5075 προσήκοντος
2665 5004 3054 5078 σωφρονισμοῦ,
3179 4995 3408 5062 ὁπηνίκα
3508 5014 3559 5048 τι
3639 4996 3860 5047 ποιεῠτε

461 5087 571 5148 has
625 5077 1036 5167 acquisierint,
1095 5085 1304 5165 dignas
1338 5077 1784 5166 adpraafectum
1827 5083 2102 5148 adducan

2208 5085 2346 5163 παρά
2382 5085 2482 5167 Δτὸν
2533 5077 2825 5164 ἰπαρχικὸν
2876 5085 3120 5164 ὁρισμὸν,
3177 5081 3262 5139 διὰ
3314 5083 3376 5138 τὸ
3447 5081 3590 5138 εἶναι
3631 5077 3860 5167 ίερωμέ-

464 5161 770 5256 personas,
801 5183 923 5236 tum
947 5182 1010 5237 ut
1034 5161 1306 5237 admittat
1343 5161 1465 5249 eas,
1493 5184 1615 5236 tnm
1642 5182 1704 5236 ut
1726 5171 2102 5236 mensulario:

2202 5161 2344 5237 νους.
2380 5161 2544 5230 ’⁸οσοι
2575 5161 2764 5239 οὖν-’ἐξ
2810 5161 2956 5249 ὑμῶν
3015 5169 3068 5237 ἐξ
3104 5161 3430 5252 -ἀγορασίας,
3475 5172 3551 5233 ὡς
3608 5165 3849 5240 εἴρηται,

463 5281 568 5346 pro
599 5263 751 5345 ipsis
790 5262 975 5342 gratis
1007 5271 1064 5324 et
1093 5262 1316 5346 absque
1346 5262 1778 5328 consuetudine
1808 5261 2102 5323 dationeve

2198 5267 2361 5317 ταῦτα
2429 5259 2707 5334 κέκτησθε,
2785 5260 3293 5342 προσκομισῶεωσαν
3350 5257 3603 5338 ἀξιόλογα
3672 5277 3849 5336 προσ-

1786 5427 2048 5495 VARUE
2093 5424 2549 5493 LECTIONES.

542 5565 563 5612 ί
597 5566 884 5637 edictum.
969 5577 997 5622 α
1024 5566 1284 5630 relatum
1314 5567 1378 5628 in
1403 5567 1792 5630 secretarium
1823 5582 2029 5629 rerum
2055 5564 2450 5646 privatarum
2478 5581 2499 5624 :
