4160 6212
483 221 636 290 1059

480 438 748 499 minatim
781 437 1081 515 eleganter
1111 435 1476 514 scripserunt
1503 453 1516 493 :
1569 431 1704 512 Eos,
1755 433 1852 514 qui
1876 434 1933 496 in
1958 437 2119 497 clero

477 525 662 591 semel
685 524 942 586 ordinati
967 532 1126 604 sunt,
1153 533 1210 586 et
1232 523 1438 584 itidem
1465 523 1788 584 monachos
1810 525 2120 587 statuimus

478 635 590 678 nec
619 613 689 676 ad
723 613 1036 674 militarem
1062 611 1523 693 expeditionem,
1547 629 1655 672 nec
1674 611 1746 671 ad
1771 614 2114 675 saecularem

475 701 820 783 dignitatem
853 718 1028 781 posse
1076 702 1300 762 venire.
1362 699 1473 772 Qui
1530 708 1723 760 autem
1757 700 1868 760 hoc
1897 705 2118 768 audan

473 801 532 855 et
563 809 680 854 non
715 788 1061 872 pcenitentia
1088 789 1248 851 ducti
1281 788 1352 850 ad
1383 789 1443 850 id
1501 797 1897 863 revertuntur,
1960 793 2112 871 quod

474 890 716 963 propter
748 885 935 945 Deum
991 883 1158 964 prius
1215 883 1541 961 elegerant,
1606 883 2109 950 anathematizari.

472 971 546 1035 Et
574 971 650 1033 83
706 990 896 1033 canon
956 978 1294 1033 sanctorum
1357 970 1758 1051 apostolorum
1821 971 1949 1035 haec
1978 973 2107 1037 ait:

471 1056 821 1141 Episcopus,
853 1059 942 1121 vel
994 1059 1327 1141 presbyter,
1359 1059 1448 1120 vel
1482 1058 1787 1133 diaconus,
1825 1061 2112 1123 exercitui

471 1165 710 1222 vacans,
747 1159 803 1210 et
859 1156 1105 1229 utraque
1160 1147 1432 1209 obtinere
1490 1148 1714 1227 volens,
1781 1147 2108 1211 Romanum

471 1236 698 1298 scilicet
729 1236 1155 1314 magistratum,
1191 1245 1249 1296 et
1278 1235 1705 1297 sacerdotalem
1738 1239 2115 1300 administra-

472 1323 716 1394 tionem,
745 1325 1093 1405 deponatur.
1127 1323 1269 1396 Quae
1298 1332 1434 1384 sunt
1462 1324 1621 1384 enim
1674 1325 1947 1400 Caesaris,
1982 1329 2110 1390 Cae-

473 1414 590 1473 sari
616 1433 632 1494 ;
657 1422 715 1474 et
735 1430 862 1494 qua
886 1421 1020 1474 sunt
1040 1412 1168 1487 Dei,
1214 1415 1357 1476 Deo.
1397 1411 1567 1474 Fient
1600 1413 1778 1492 igitur
1806 1414 1864 1476 in
1900 1435 2110 1479 mona-

473 1501 623 1579 chis,
659 1510 718 1563 et
745 1501 991 1582 reliquis
1019 1502 1166 1564 adeo
1201 1500 1354 1563 bene
1383 1519 1446 1562 se
1475 1503 1840 1581 gerentibus,
1881 1523 1950 1566 ea
1978 1523 2113 1586 quae

470 1589 811 1669 hujusmodi
840 1591 1166 1652 canonibus
1195 1591 1439 1652 deﬁnita
1468 1599 1624 1653 sunt.

1852 215 1981 280 JUS
2021 205 2468 278 CANONICUM

481 348 788 412 caelestem
809 345 1100 416 fecerunt,
1130 345 1190 408 in
1217 350 1252 408 7
1274 361 1504 409 canone
1521 342 1631 405 sub
1654 343 1780 406 hac
1801 343 1876 405 de
1893 342 1968 406 iis
2000 366 2103 409 no-

2199 342 2413 402 σύνοδον
2493 343 2909 422 οὖρανώσαντες,

3701 197 3865 267 1060

2993 341 3048 397 ἐν
3115 331 3166 412 ζ⁶
3234 338 3414 396 κανόνι
3484 342 3656 397 αὐτῶν
3734 331 3863 391 τάδε

2201 434 2374 511 ῥητῶς
2439 421 2564 512 περῖ
2613 433 2812 490 τούτων
2875 428 3359 509 ἐκαλλιγράγησαν,
3423 427 3553 490 Τοὺς
3603 423 3745 490 ἅπαξ
3802 421 3860 476 ἐν

2199 521 2382 600 κλήρῳ
2436 520 2790 600 τεταγμένους
2856 519 2946 577 καί
3023 520 3289 596 μοναστὰς
3367 518 3630 595 ὡρίσαμεν
3713 514 3858 588 μήτε

2199 611 2286 667 επὶ
2329 610 2625 690 στρατείας,
2699 609 2835 685 μήτε
2880 609 2966 665 ἐπὶ
3021 606 3164 674 ἀξίαν
3223 606 3486 681 κοσμικὴν
3547 605 3799 684 ἔρχεσθαι
3835 619 3851 634 ·

2200 702 2262 772 ἢ,
2308 706 2460 756 τοῦτο
2512 698 2845 773 τολμῶντας,
2907 699 2996 753 καὶ
3057 697 3135 772 μὴ
3193 693 3652 772 μεταμελομένους
3713 690 3857 746 ὥστε

2199 787 2509 867 ἐπιστρέψαι
2538 787 2624 843 ἐπὶ
2651 793 2804 843 τοῦτο
2854 787 2882 842 ὃ
2935 784 3016 842 διὰ
3059 787 3187 841 Θεὸν
3248 783 3482 863 εἴλοντο,
3528 779 3850 867 ἀναθεματί-

2196 865 2392 947 ζεσθαι.
2471 878 2568 933 Καὶ
2636 877 2664 931 ὁ
2728 865 2824 954 ’κγ’
2906 875 3081 931 κανὼν
3135 880 3240 930 τῶν
3309 873 3470 950 ἁγίων
3534 866 3850 926 ἀποστόλων

2195 975 2357 1023 ταῦτα
2426 963 2663 1030 διέξεισιν
2694 980 2709 996 ⁶
2799 964 3142 1040 Ἐπίσκοπος,
3229 962 3264 1031 ἣ
3347 957 3720 1038 πρεσϐύτερος,
3811 956 3848 1024 ἢ

2193 1052 2431 1118 διάκονος
2495 1053 2739 1132 στρατείᾳ
2796 1051 3102 1132 σχολάζων,
3160 1054 3248 1108 καὶ
3303 1049 3622 1129 βουλόμενος
3665 1048 3840 1127 ἀμφό-

2192 1164 2314 1212 τερα
2397 1143 2669 1224 κατέχειν,
2759 1132 3067 1218 Ῥωμαϊκὴν
3137 1142 3314 1222 ἀρχὴν
3393 1139 3490 1196 καὶ
3575 1138 3848 1216 ἱερατικὴν

2195 1231 2480 1313 διακονίαν,
2527 1231 2888 1310 καθαιρείσθω,
2962 1233 3038 1289 Τὰ
3103 1233 3203 1310 γὰρ
3248 1230 3506 1307 Καίσαρος
3572 1228 3792 1303 Καίσαρι
3829 1241 3844 1254 ⁸

2193 1324 2280 1377 καὶ
2321 1323 2387 1378 τὰ
2441 1328 2532 1378 τοῦ
2589 1327 2741 1395 Θεοῦ,
2786 1327 2863 1394 τῷ
2908 1327 3046 1395 Θεῷ,
3092 1322 3376 1390 Γενήσεται
3430 1317 3516 1374 οὖν
3567 1317 3653 1372 ἐπὶ
3720 1315 3845 1377 τοῖς

2196 1410 2332 1466 οὕτω
2373 1409 2551 1475 καλῶς
2598 1407 3028 1484 πολιτευομένοις
3084 1421 3352 1489 μοναχοτς
3396 1428 3455 1462 τε
3511 1407 3598 1462 καὶ
3625 1404 3844 1466 λοιποῖς

2193 1500 2258 1554 τὰ
2289 1498 2340 1554 ἐν
2365 1499 2770 1579 τοϊςιτοιούτοις
2795 1497 2978 1554 κανόσι
3009 1495 3346 1577 διωρισμένα,

552 1666 738 1740 Inter.
773 1681 872 1741 Ἦ.
909 1679 1200 1760 Conjuges
1231 1679 1531 1741 communi
1561 1680 1708 1740 forte
1739 1700 2032 1744 consensu
2054 1691 2103 1744 et

2222 1674 2565 1753 ,Ἐρώτησις
2609 1666 2713 1748 κζ’.
2775 1667 3054 1754 (Ομόζυγοι
3098 1676 3234 1732 κατὰ
3274 1674 3458 1731 κοινὸν
3499 1673 3838 1762 τάχα-Ϋδχο

472 1766 687 1848 placito
718 1767 931 1830 animae
952 1759 1337 1842 conducibili,
1363 1769 1747 1831 monasticam
1771 1771 1946 1832 vitam
1982 1773 2103 1834 ele-

2194 1765 2377 1846 ωιρελῆ
2405 1765 2618 1834 θέλησιν
2645 1768 2732 1824 καὶ
2761 1767 3035 1846 ἀρέσκειαν
3065 1768 3152 1822 τὸν
3185 1767 3392 1843 μονήρη
3424 1763 3535 1840 βίον
3563 1759 3841 1824 ἐπελέξαν-

471 1867 705 1934 gerunt.
729 1855 878 1929 Quia
898 1867 1092 1920 autem
1118 1877 1322 1919 rursus
1345 1857 1402 1918 in
1449 1859 1656 1921 eadem
1693 1859 1872 1921 domo
1905 1869 2104 1940 agunt,

471 1946 682 2007 eodem
717 1947 890 2023 victu,
955 1948 1284 2028 eademque
1333 1966 1539 2010 mensa
1585 1957 1841 2029 utentes,
1875 1949 2107 2014 discere

469 2032 644 2094 velim
678 2035 822 2116 quid
853 2036 1186 2097 faciendum
1217 2037 1312 2098 sit.

551 2121 689 2185 Res.
709 2123 1170 2187 Divinicanones
1183 2127 1859 2189 sanctaaetazcumenicaz
1875 2128 2104 2210 synodi,

465 2219 683 2273 coacta;
710 2211 770 2273 in
805 2213 1024 2294 templo
1054 2223 1391 2275 sanctorum
1443 2216 1863 2295 apostolorum,
1899 2218 2104 2298 appel-

465 2301 639 2363 latwt
673 2313 732 2361 et
754 2304 813 2377 2,
843 2301 1169 2365 deﬁniunt:
1229 2309 1498 2364 tonsuras
1549 2304 1608 2364 in
1634 2306 1989 2368 monasteria
2022 2308 2105 2368 sic

467 2389 620 2464 ﬁeri,
650 2408 724 2452 ne
749 2391 1015 2452 recusari
1038 2391 1284 2471 possint,
1309 2400 1366 2452 et
1383 2393 1849 2455 conventionesn
1871 2413 2102 2476 eorum,

465 2478 566 2558 qui
590 2478 932 2555 tondentur,
960 2499 993 2541 a
1015 2480 1468 2560 tideynssmibus
1487 2481 1731 2562 suscipi.
1787 2482 1897 2555 Qui
1929 2483 2108 2562 igitur

466 2585 584 2627 non
597 2566 818 2645 degunt
853 2568 911 2628 in
933 2569 1328 2644 monasteriis,
1354 2569 1414 2629 in
1439 2569 1654 2651 quibus
1675 2569 1876 2632 habitu
1911 2581 2105 2634 muta-

464 2662 623 2730 runt,
659 2665 716 2716 et
745 2656 901 2718 tonsi
931 2663 1094 2738 sunt,
1125 2657 1230 2718 scd
1266 2658 1326 2719 in
1359 2658 1676 2720 mundanis
1707 2659 2050 2722 diversoriis
2087 2683 2102 2739 ;

462 2743 896 2822 compellentur
918 2763 952 2805 a
981 2745 1309 2807 dioeceseos
1340 2747 1642 2829 episcopo,
1694 2767 1828 2811 cum
1862 2768 2100 2812 excom-

465 2831 866 2894 municatione
900 2843 958 2894 et
987 2833 1395 2896 acerbissimis
1444 2835 1633 2916 poenis
1691 2836 1889 2900 redire
1920 2837 2097 2914 bene,

461 2917 621 2981 unde
652 2919 805 2983 male
831 2923 1122 2984 exierunt.

538 3097 730 3188 Inter.
758 3099 860 3162 28.
881 3097 1214 3183 Pontiﬁces,
1241 3103 1337 3183 qui
1359 3100 1662 3181 diaconos,
1689 3105 1778 3168 vel
1826 3109 2100 3188 sacerdo-

462 3195 552 3250 tes
583 3186 877 3281 ordinant,
909 3189 1051 3251 item
1084 3189 1182 3271 qui
1213 3192 1598 3270 perdivinum
1627 3195 1918 3260 lavacrum
1939 3186 2103 3281 pue-

460 3293 560 3338 ros
590 3277 1077 3352 orthodoxorum,
1106 3287 1206 3341 aut
1225 3281 1452 3362 aliquos
1489 3283 1805 3348 haereticos
1830 3277 2098 3351 sanctiﬁ-

460 3373 636 3437 cant;
701 3366 920 3445 pariter
977 3367 1078 3448 qui
1129 3368 1426 3450 aliquibus
1483 3371 1822 3436 ministrant
1873 3378 2100 3441 divinas

458 3454 977 3538 sanctiﬁcationes,
1011 3457 1062 3518 si
1084 3458 1145 3518 in
1162 3459 1380 3520 laboris
1401 3462 1711 3541 praemium
1735 3468 2098 3530 nummarias

457 3545 976 3634 aliquas_summas
1006 3545 1078 3608 ab
1134 3547 1208 3608 iis
1269 3549 1531 3631 exigant,
1578 3559 1820 3616 rectene
1849 3555 2094 3634 faciunt,

457 3651 655 3695 annon
685 3631 716 3691 ?

539 3721 674 3782 Res.
727 3721 960 3812 Milites,
1017 3723 1235 3807 inquit,
1299 3728 1554 3806 propriis
1612 3731 1921 3812 stipendiis
1977 3755 2095 3798 non

2191 1855 2251 1910 τό
2286 1871 2298 1884 ⁸
2347 1854 2427 1912 ὅτι
2471 1855 2524 1912 δὲ
2567 1857 2653 1912 καὶ
2679 1856 2821 1920 αὖθις
2852 1855 2904 1912 ἐν
2940 1862 3036 1932 μιᾷ
3081 1855 3318 1926 κατοικία
3374 1851 3661 1930 διάγουσιν,
3709 1851 3840 1923 ὁμο-

2189 1941 2368 2001 δίαιτοι
2399 1945 2608 2010 πάντως
2637 1942 2778 2010 ὄντες
2807 1946 2894 2000 καὶ
2923 1945 3296 2022 ὁμοτράπεζοι,
3329 1947 3472 2012 ζητῶ
3501 1943 3560 1994 τὸ
3583 1938 3836 2004 ποιητέον

2189 2033 2274 2090 ἐπὶ
2301 2035 2502 2098 τούτοις
2533 2037 2743 2108 μαθεῖν,

2271 2121 2397 2185 Ἀττ.
2431 2124 2491 2180 Οἱ
2518 2127 2654 2179 θεῖοι
2709 2126 2924 2188 κανόνες
2955 2128 3052 2190 τῆς
3112 2125 3166 2178 ἓν
3215 2126 3293 2194 τῷ
3347 2120 3455 2192 ναῷ
3516 2123 3612 2173 τῶν
3670 2117 3837 2194 ἁγίων

2189 2209 2499 2268 ἀποστόλων
2566 2212 2830 2280 συστάσης
2875 2213 3066 2290 ’ἁγίας
3140 2211 3229 2268 καὶ
3286 2210 3650 2281 οἱκουμενικῆς
3705 2227 3836 2260 ουν-

2187 2299 2327 2376 όδου,
2361 2301 2457 2369 τῆς
2509 2299 2802 2378 λεγομένης
2861 2291 2916 2357 α’
2968 2303 3056 2358 καὶ
3105 2291 3182 2378 β’,
3232 2298 3537 2378 διορίζονται
3590 2296 3726 2351 κατὰ
3772 2296 3838 2350 τὸ

2187 2389 2541 2469 ἀπαραίτητον
2623 2393 2694 2454 εἰς
2775 2393 3108 2470 μοναστήρια
3179 2390 3270 2454 τὰς
3355 2388 3673 2465 ἀποκάρσει>
3741 2385 3832 2462 γί-

2187 2482 2383 2554 νεσθαι,
2439 2481 2555 2536 καῖ’
2582 2481 2681 2536 ὑπὸ
2737 2479 3017 2560 ἀναδόχων
3059 2481 3153 2544 τὰς
3210 2480 3467 2549 συνθήκας
3540 2483 3642 2533 τῶν
3688 2475 3834 2530 ἀπο-

2185 2569 2502 2648 κειρομένων
2555 2567 2822 2650 δέχεσθαι.
2884 2573 2944 2627 Οἱ
3001 2577 3125 2647 γοῦν
3182 2569 3260 2645 μὴ
3310 2566 3576 2648 διάγοντες
3633 2567 3705 2629 εἷς
3763 2564 3834 2620 τὰ

2186 2660 2512 2737 μοναστήρια
2570 2661 2643 2722 εἰς
2718 2659 2752 2714 ἃ
2828 2659 3400 2738 μετεσχηματίσθησαν
3474 2659 3559 2713 καὶ
3617 2656 3829 2712 ἀπεκά-

2184 2768 2373 2827 ρησαν,
2460 2745 2579 2804 ἀλλ’
2651 2749 2723 2811 εἰς
2794 2752 3024 2824 κοσμικὰ
3079 2749 3412 2826 καταγώγια,
3485 2767 3831 2823 καταναγκα-

2183 2837 2464 2905 σθήσονται
2559 2838 2700 2908 παρὰ
2798 2847 2889 2896 τοῦ
2976 2837 3236 2917 ἐγχωρίου
3320 2835 3608 2892 ἐπισκόπου
3692 2834 3831 2909 μετὰ

2184 2921 2473 3001 ἀφορισμοῦ
2549 2926 2638 2980 καὶ
2709 2921 3032 3004 δριμυτάτων
3135 2925 3410 3000 ἐπιτιμίων
3498 2922 3828 3001 ὑποστρέψαι

2121 3001 2159 3050 C
2185 3009 2362 3074 καλῶς
2406 3010 2522 3067 ὅθεν
2567 3001 2782 3079 ἐξῆλθον
2825 3019 3028 3077 κακῶς.

2268 3097 2557 3180 Ἐρώτησις
2604 3091 2719 3169 κη’,
2779 3105 2838 3160 Οἱ
2895 3109 3318 3183 χειροτονοῦντες
3374 3105 3646 3186 ἀρχιερεῖς
3703 3103 3828 3160 δια-

2183 3188 2367 3253 κόνους
2410 3193 2498 3247 καὶ
2554 3193 2738 3270 ἱερεῖς,
2781 3190 2918 3251 ἀλλὰ
2987 3193 3096 3268 μὴν
3161 3195 3247 3250 καὶ
3318 3198 3364 3252 οἱ
3406 3194 3490 3250 διὰ
3545 3195 3636 3251 τοῦ
3690 3194 3831 3250 θείου

2182 3278 2545 3354 βαπτίσματος
2601 3278 2797 3344 παῖδας
2855 3279 3136 3360 ὀρθοδόξων
3203 3284 3528 3361 ἀγιάζοντες,
3617 3282 3653 3350 ἢ
3738 3284 3830 3339 καί

2183 3389 2323 3433 νινας
2376 3369 2662 3447 αἱρετικούς
2699 3389 2711 3403 ⁸
2772 3370 3019 3434 ὡσαύτως
3069 3371 3159 3428 καὶ
3227 3375 3273 3428 οἱ
3319 3370 3680 3448 μεταδιδόντες
3749 3393 3830 3427 τι-

2177 3456 2266 3520 νὰς
2297 3461 2400 3511 τῶν
2441 3457 2590 3514 θείων
2635 3458 3001 3536 ἀγιασμάτων,
3055 3458 3144 3515 ἐὰν
3187 3459 3479 3518 ἀπαιτῶσιν
3549 3458 3602 3525 ἐξ
3653 3462 3828 3517 αῦτῶν

2176 3544 2334 3621 χάριν
2387 3545 2554 3602 κόπου
2611 3547 2809 3602 τούτων
2864 3548 3164 3614 ποσότητάς
3206 3570 3352 3613 τινας
3407 3550 3823 3625 νομισματικὰς,

2175 3632 2352 3697 καλῶς
2381 3643 2640 3710 ποιοῦσιν,
2675 3635 2710 3704 ἢ
2742 3634 2799 3694 οὔ
2836 3656 2852 3718 ς

2263 3723 2594 3803 Ἀπόκρισις,
2655 3729 2714 3784 Οἱ
2772 3733 3112 3804 στρατιῶται,
3185 3729 3365 3808 φησὶν,
3436 3726 3582 3794 ἰδίοις
3664 3730 3825 3803 ὀψω-

458 3812 716 3873 aluntur.
761 3810 832 3871 Et
869 3829 976 3890 per
1005 3815 1209 3874 Mosen
1256 3815 1404 3876 dixit
1432 3816 1611 3894 Deus,
1644 3810 1772 3882 Non
1812 3827 2098 3886 constrin-

2191 3818 2304 3880 νίοις
2359 3820 2452 3875 οὐκ
2512 3817 2907 3899 ἀνατρέφονται.
2982 3822 3081 3875 Καὶ
3132 3816 3216 3875 διὰ
3284 3819 3517 3882 Μωσέως
3578 3821 3735 3876 εἶπεν
3793 3821 3824 3874 ὃ

458 3921 560 3982 ges
592 3921 657 3964 os
714 3901 846 3961 bovi
903 3899 1218 3961 trituranti.
1281 3901 1343 3964 Si
1390 3904 1568 3984 igitur
1598 3927 1703 3988 per
1733 3912 2094 3975 mediocrem

2191 3909 2332 3986 θεὸς,
2378 3909 2450 3964 Οὔ
2479 3907 2734 3984 φιμώσεις
2765 3908 2887 3984 βοῦν
2916 3906 3178 3969 ἀλοῶντα.
3238 3910 3296 3964 Εἰ
3326 3917 3449 3988 γοῦν
3480 3907 3564 3965 διὰ
3603 3910 3820 3988 μετρίας

462 3991 760 4080 dationem
791 3988 1071 4080 aliquam,
1105 3997 1162 4050 et
1191 3990 1434 4080 arbitrio
1493 3997 1773 4073 ordinati,
1809 4001 1896 4060 vel
1927 4002 2098 4064 aliter

2191 3997 2318 4059 τινὸς
2374 3993 2590 4070 δόσεως,
2651 3998 2738 4054 καὶ
2784 4003 2850 4073 τῇ
2912 3997 3209 4077 προαιρέσει
3258 4007 3349 4054 τοῦ
3405 3999 3821 4080 χειροτονουμέ-

457 4078 829 4160 sanctiﬁcati,
862 4076 1441 4168 solatiumaccipere
1463 4096 1731 4164 quaerunt
1754 4090 2095 4152 sacerdotes

2191 4106 2288 4165 mu,
2332 4083 2369 4151 ἢ
2425 4083 2601 4147 ἄλλως
2653 4076 3024 4168 ἁγιαζομένου,
3077 4076 3518 4168 ίπαρηγορηθῆναι
3573 4095 3823 4159 ζητοῦσιν

460 4175 518 4228 et
550 4167 880 4259 pontifices,
913 4167 1013 4259 qui
1032 4167 1416 4231 ordinantvel
1442 4171 1762 4259 baptiaant,
1787 4176 1936 4238 nihil
1958 4181 2094 4240 mali

2191 4176 2222 4229 ii
2254 4183 2675 4253 χειροτονοῦντες
2733 4174 2768 4241 ἢ
2806 4167 3166 4250 βαπτίζοντες.
3230 4167 3414 4259 Ἱερεῖς
3471 4199 3528 4234 τε
3580 4180 3666 4233 καὶ
3718 4177 3814 4256 ἆρο

453 4259 696 4326 faciunt.
722 4255 1157 4345 Namrsolemne
1190 4265 1278 4319 est
1307 4277 1413 4340 per
1442 4251 1956 4343 consuetudinem,
1991 4287 2093 4329 or-

2191 4251 2411 4342 ίιερεῐς,
2444 4260 2589 4320 οὐδέν
2631 4283 2682 4317 τι
2741 4270 2950 4320 ποιοῦσι
3013 4268 3174 4322 κακόν
3232 4267 3550 4343 Νενόμισται
3594 4267 3692 4345 γὰρ
3736 4265 3822 4323 διὰ

455 4347 732 4410 dinantes
759 4344 1047 4435 accipere
1080 4321 1381 4408 solatium.
1444 4348 1614 4422 Quod
1667 4353 1715 4413 si
1753 4321 2094 4430 huiusmodi

2191 4321 2452 4421 ζυνηθειάν
2525 4355 2938 4430 παρηγορεῖσθαι
3029 4355 3150 4418 τοὺς
3219 4321 3681 4435 χειροτονοῦντάςί
3761 4358 3821 4412 Εἰ

455 4437 657 4500 solitas
689 4433 1120 4524 muniﬁcentias
1161 4455 1293 4524 non
1353 4439 1678 4519 requirant,
1734 4443 1840 4504 sed
1874 4445 2096 4524 majora

2191 4438 2231 4495 Ξὲ
2289 4441 2540 4503 ταιαύτας
2610 4440 2707 4514 μὲν
2782 4443 3020 4512 συνήθεις
3102 4433 3341 4523 εὐλογίας
3421 4445 3479 4501 οῦ
3546 4453 3815 4521 ζητοῦσιν,

456 4526 634 4598 dona,
672 4533 729 4586 et
758 4540 890 4605 quae
919 4521 1173 4584 ordinati
1205 4525 1510 4589 facultates
1533 4539 1942 4609 coangusteut,
1964 4521 2095 4595 non

458 4622 680 4678 tantum
701 4631 819 4674 non
850 4610 1263 4701 exaudientur,
1297 4615 1402 4675 sed
1434 4624 1493 4676 et
1515 4616 1873 4697 depositioni
1901 4621 2093 4701 subji-

451 4702 704 4766 cientur.
764 4701 860 4763 Ait
906 4700 1066 4763 enim
1095 4701 1134 4763 2
1162 4721 1351 4765 canon
1382 4713 1598 4766 sancta
1626 4714 1684 4766 et
1711 4700 2094 4772 meumenicaa

452 4791 696 4871 synodi:
731 4789 795 4854 Si
825 4789 958 4872 quis
987 4789 1303 4871 episcopus
1336 4801 1582 4874 propter
1610 4797 1891 4873 pecunias
1922 4799 2093 4860 ordi-

453 4880 750 4944 nationem
784 4878 1014 4954 fecerit,
1047 4887 1104 4939 et
1133 4899 1251 4942 non
1282 4884 1550 4943 venalem
1580 4883 1828 4961 gratiam
1859 4887 1919 4948 in
1951 4906 2095 4950 ven-

451 4968 738 5032 ditionem
771 4967 1106 5042 deduxerit,
1140 4977 1197 5030 et
1215 4979 1459 5050 propter
1479 4973 1761 5052 pecunias
1785 4975 2089 5040 ordinave-

447 5059 527 5125 rit
545 5057 1014 5138 episcopum,vel
1040 5058 1649 5140 chorepiscopum,vel
1660 5064 2094 5144 presbyterum,

454 5146 551 5208 vel
581 5147 921 5224 diaconum,
953 5145 1044 5206 vel
1073 5145 1331 5228 aliquem
1366 5167 1596 5228 eorum,
1657 5151 1758 5232 qui
1816 5153 1877 5214 in
1935 5153 2094 5219 clero

447 5243 941 5313 annumerantur,
983 5235 1073 5296 vel
1126 5245 1368 5318 propter
1413 5240 1700 5320 pecunias
1733 5244 2096 5321 promoverit

448 5341 852 5399 mconomum,
882 5324 972 5386 vel
1005 5323 1406 5409 defensorem,
1454 5327 1543 5390 vel
1591 5333 2090 5418 paramouarium,

2177 4527 2311 4584 ἀλλὰ
2340 4527 2541 4604 δόματα
2591 4531 2810 4608 σθεναρὰ
2863 4533 2952 4587 καὶ
3000 4534 3100 4598 τὴν
3155 4533 3311 4613 ἰσχὺν
3351 4544 3444 4594 τοῦ
3486 4556 3820 4616 χειροτονου-

2177 4617 2334 4693 μένου
2389 4625 2841 4699 στενοχωροῦντα,
2917 4621 2976 4676 οὐ
3056 4620 3217 4696 μόνον
3302 4623 3396 4679 οῦκ
3467 4627 3817 4696 εἰσακουσθῆ-

2174 4727 2377 4786 σονται,
2447 4705 2583 4764 ἀλλὰ
2652 4708 2739 4764 καὶ
2781 4707 3075 4787 καθαιρέσει
3139 4708 3618 4782 ὕποϐληθήσονται.
3675 4716 3818 4781 Φησὶ

2173 4795 2272 4874 γὰρ
2327 4797 2356 4850 ὁ
2407 4795 2440 4872 β
2516 4797 2690 4852 κανὼν
2743 4802 2841 4864 τῆς
2897 4797 3050 4877 ἁγίας
3125 4801 3212 4856 καὶ
3264 4802 3630 4876 οἶκουμενικῆς
3687 4826 3815 4860 συν-

2172 4881 2310 4945 όδου,
2357 4883 2426 4939 Εἴ
2466 4906 2548 4948 τις
2578 4884 2861 4950 ἐπίσκοπος
2893 4885 2977 4944 ἐπὶ
3019 4890 3262 4968 χρήμασι
3296 4893 3626 4969 χειροτονίαν
3655 4894 3814 4962 ποιή-

2171 4991 2274 5048 σει,
2304 4972 2392 5029 καὶ
2420 4973 2492 5036 είς
2548 4974 2737 5052 πράσιν
2779 4977 2994 5055 κατάγει
3037 4978 3136 5046 τὴν
3193 4977 3423 5058 ἄπρατον
3483 4983 3663 5062 χάριν,
3727 4985 3814 5038 καὶ

2177 5063 2542 5142 χειροτονήσει
2585 5064 2672 5120 ἐπὶ
2727 5067 3002 5144 χρήμασιν
3057 5067 3367 5144 ἐπίσκοπον,
3437 5071 3474 5139 ἢ
3515 5070 3810 5150 πρεσϐύτε-

2175 5172 2285 5231 ρον,
2319 5150 2355 5219 ἢ
2385 5148 2644 5229 διάκονον,
2690 5155 2724 5222 ἢ
2773 5157 3203 5239 χωρεπίσκοπον,
3249 5158 3284 5226 ἢ
3325 5158 3500 5239 ἕτερόν
3561 5148 3678 5217 τινα
3707 5169 3812 5218 τὼν

2174 5241 2228 5296 ἐν
2283 5245 2360 5313 τῷ
2413 5238 2595 5320 κλήρῳ
2650 5238 3192 5324 κατηριθμημένων,
3236 5249 3273 5317 ἢ
3339 5238 3657 5327 προϐάλοιτο
3725 5250 3812 5308 ἐπὶ

2173 5330 2449 5411 χρήμασιν
2490 5331 2788 5414 οἰκονόμον,
2843 5333 2880 5401 ἢ
2952 5333 3175 5413 ἔκδικον,
3234 5336 3271 5405 ἢ
3313 5339 3720 5418 προσμονάριον,
3776 5340 3812 5409 ἢ

1759 5481 2019 5548 νΑΙιυΕ
2068 5483 2381 5557 LECTION
2387 5489 2493 5555 ES.

522 5610 557 5649 ³
575 5605 946 5686 sponsiones.
