4160 6212
336 227 492 297 1061

1665 224 1970 297 GRECO-
1976 227 2129 292 ROM
2135 228 2240 292 ΑΝ
2248 222 2356 292 UM
2367 275 2381 291 .

3570 218 3730 287 1062

337 362 515 428 ἄλλως
545 364 662 421 τινὰ
689 371 782 422 τοῦ
835 363 1056 425 κανόνος
1113 358 1180 420 δι’
1233 360 1686 444 αἰσχροκέρδειαν,
1747 365 1775 419 6
1817 363 1983 438 τούτῳ

2069 359 2157 423 vel
2190 361 2436 421 omnino
2487 359 2747 441 aliquem
2808 377 2878 420 ex
2942 375 3194 440 canone,
3239 356 3432 438 turpis
3461 367 3687 439 questu

336 453 710 532 ἐπιχειρήσας,
762 452 1032 533 ἐλεγχθεὶς
1077 450 1416 509 κινδυνευέτω
1468 455 1586 532 περὶ
1643 454 1734 508 τὸν
1792 454 1987 517 οἰκεῖον

332 541 559 617 βαθμόν,
612 543 710 598 Καὶ
767 545 795 598 6
859 542 1350 622 χειροτονούμενος,
1399 539 1564 616 μηδὲν
1624 541 1684 597 ἐκ
1725 540 1822 608 τῆς
1872 537 1989 596 κατ’

335 627 591 707 ἐμπορίαν
633 628 939 709 ὠφελείσθω
982 632 1364 710 χειροτονείας,
1422 630 1456 698 ἢ
1504 627 1770 708 προϐολῆς
1810 646 1823 660 ⁸
1871 627 1988 684 ἀλλ’

336 716 476 775 ἔστω
519 717 794 799 ἀλλότριος
850 725 947 786 τῆς
1005 719 1146 785 ἀξίας
1204 719 1241 787 ἢ
1301 725 1392 775 τοῦ
1445 720 1853 798 φροντισμάτος,
1907 720 1991 774 οὖ-

334 829 435 888 περ
466 808 551 865 ἐπὶ
592 810 868 890 χρήμασιν
928 807 1140 889 ἔτυχεν,
1190 810 1246 866 Εἰ
1291 806 1346 864 δέ
1373 830 1452 872 τις
1486 807 1774 884 μεσιτεύων
1803 808 1989 886 φανείη

337 911 455 963 τοῖς
510 896 676 961 οὕτως
747 900 1019 978 αἰσχροῖς,
1094 900 1182 954 κιὶ
1253 897 1516 972 ἀθεμίτοις
1576 896 1846 972 λήμμασι,
1904 897 1992 952 καὶ

337 985 511 1059 οὕτος,
560 988 604 1042 εἰ
661 987 758 1062 μὲν
811 986 1063 1064 κληρικὸς
1119 986 1232 1054 εἴη,
1293 994 1386 1042 τοῦ
1447 987 1636 1042 οἰκείου
1694 984 1993 1041 ἐκπιπτέτω

337 1076 541 1152 βαθμοῦ
577 1095 590 1109 ⁸
653 1078 698 1131 εἰ
755 1073 808 1131 δὲ
866 1075 1056 1141 λα’ίκὸς
1114 1076 1149 1144 ἢ
1208 1077 1294 1131 καὶ
1325 1076 1592 1154 μονάζων,
1625 1072 1992 1148 ἆναθεματιζέο

339 1167 469 1219 σθω⁹
527 1164 627 1222 Καὶ
683 1166 711 1220 6
754 1153 844 1242 κγ⁸
883 1166 1056 1224 κανὼν
1112 1165 1210 1230 τῆς
1272 1163 1326 1218 έν
1369 1170 1445 1237 τῷ
1495 1153 1740 1240 Τρούλλῳ
1768 1168 1859 1216 τοῦ
1890 1183 1990 1224 με-

341 1251 508 1330 γάλου
561 1250 818 1308 παλατίου
901 1253 1165 1319 συστάσης
1251 1253 1400 1330 ἁγίας
1470 1254 1557 1308 καὶ
1625 1251 1991 1325 οἱκουμενικῆς

345 1339 558 1397 συνόδου
615 1350 778 1398 ταῦτα
846 1339 1053 1406 διέξεισι
1109 1344 1227 1421 περὶ
1269 1348 1360 1398 τοῦ
1414 1338 1625 1406 Μηδένα
1681 1339 1988 1412 ἐπίσκοπον,

343 1427 455 1485 εἴτε
499 1427 868 1509 πρεσϐύτερον,
913 1429 1025 1486 εἴτε
1082 1428 1344 1504 διάκονον,
1401 1431 1498 1495 τῆς
1570 1428 1836 1508 ἀχράντου
1901 1448 1992 1502 με-

340 1515 613 1576 ταδιδόντα
654 1521 949 1593 κοινωνίας,
998 1521 1140 1599 παρά
1194 1528 1287 1576 του
1355 1519 1678 1598 μετέχοντος
1739 1518 1990 1594 εἰσπράτ-

2071 448 2282 526 gratia,
2319 449 2416 530 qui
2447 449 2560 510 hoc
2594 457 2852 510 tentasse
2881 447 3184 509 convictus
3229 447 3427 521 fuerit,
3461 447 3536 508 de
3588 466 3723 528 pro-

2073 537 2203 618 prio
2223 537 2492 616 graduin
2539 535 2870 617 periculum
2914 535 3133 610 veniat;
3169 544 3226 596 et
3248 537 3347 617 qui
3373 543 3462 597 est
3483 536 3723 599 ordina-

2075 634 2193 702 tus,
2230 643 2298 686 ex
2352 625 2726 686 ordinatione
2779 623 2870 684 vel
2928 625 3323 704 promotione,
3387 642 3517 701 quae
3544 624 3730 686 instar

2075 722 2469 776 mercatorum
2498 712 2893 786 venundatur,
2946 711 3100 774 nihil
3159 714 3421 790 juvetur,
3454 714 3557 775 sed
3589 713 3664 774 sit
3693 735 3728 775 a

2075 801 2362 879 dignitate
2419 803 2510 865 vel
2563 800 2870 864 curatione
2925 801 3175 876 alienus,
3227 820 3400 882 quam
3459 803 3725 882 pecuniis

2075 892 2328 974 adeptus
2359 901 2468 953 est.
2506 893 2568 954 Si
2608 891 2738 971 quis
2779 900 2972 951 autem
3007 897 3316 970 sequester
3347 899 3404 949 et
3434 891 3723 952 interces-

2075 998 2176 1041 sor
2204 999 2236 1041 a
2267 981 2378 1041 deo
2440 980 2709 1060 turpibus
2761 987 2818 1040 et
2875 978 3116 1039 nefariis
3146 977 3328 1039 lucris
3356 979 3718 1061 apparuerit,

2075 1068 2173 1130 hic
2207 1088 2465 1150 quoque,
2506 1071 2555 1128 si
2595 1068 2670 1127 sit
2707 1067 2947 1147 quidem
2982 1066 3260 1140 clericus,
3283 1067 3520 1147 proprio
3543 1069 3724 1147 gradu

2077 1158 2351 1232 excidat;
2395 1159 2443 1217 si
2476 1157 2550 1218 sit
2580 1167 2773 1217 autem
2829 1156 3035 1232 laicus,
3070 1155 3160 1216 vel
3197 1157 3539 1232 monachus,
3575 1176 3720 1217 ana-

2079 1245 2514 1310 thematizetur.
2549 1245 2618 1305 Et
2649 1244 2728 1305 ‘23
2768 1263 2957 1305 canon
3012 1253 3228 1305 sancta?
3258 1251 3314 1304 et
3346 1245 3726 1307 mcumenicae

2077 1333 2285 1415 synodi
2316 1335 2376 1394 in
2407 1332 2611 1394 Trullo
2647 1331 2837 1410 magni
2873 1331 3074 1412 palatii
3125 1339 3330 1393 coacte
3367 1333 3492 1393 haec
3524 1351 3724 1414 perse-

2075 1423 2273 1504 quitur
2300 1441 2312 1485 :
2339 1419 2412 1485 Ut
2446 1421 2662 1496 nullus,
2705 1422 2827 1480 sive
2877 1419 3217 1499 episcopus,
3241 1418 3364 1479 sive
3393 1421 3720 1501 presbyter,

2071 1511 2198 1574 sive
2222 1511 2506 1575 diaconus
2526 1559 2540 1583 ,
2581 1509 3022 1571 immuctlatam
3051 1507 3320 1588 prmbens
3349 1509 3723 1570 communio-

335 1628 467 1679 τειν,
554 1612 652 1673 τῆς
736 1608 980 1675 τοιαύτης
1038 1596 1397 1683 μεταλήψεως
1453 1596 1634 1687 χάριν,
1697 1604 1907 1685 ὀϐολὸν,
1954 1606 1983 1674 ἢ

2072 1619 2231 1674 nem,
2275 1599 2346 1661 ab
2371 1619 2462 1672 eo,
2500 1600 2598 1679 qui
2624 1597 3045 1671 communicat,
3097 1598 3226 1675 ejus
3259 1596 3723 1678 participationis

338 1693 483 1759 εἶδος
515 1696 574 1751 τὸ
627 1699 844 1755 οἱονοῦν.
902 1695 1032 1753 Οὒδὲ
1089 1699 1188 1777 γὰρ
1237 1685 1548 1775 πεπραμένὴ
1607 1696 1744 1751 ἐστὶν
1804 1695 1839 1762 ἢ
1871 1695 1983 1773 χά-

2069 1690 2278 1768 gratia,
2314 1689 2544 1760 obolos,
2577 1691 2662 1748 vel
2697 1686 2969 1766 quamvis
3012 1685 3184 1747 aliam
3216 1685 3478 1764 speciem
3506 1687 3716 1766 exigat.

339 1806 470 1863 ρις,,
534 1783 648 1841 οὐδὲ
691 1788 934 1865 χρήμασι
994 1789 1084 1842 τὸν
1129 1787 1391 1864 ἀγιασμὸν
1446 1794 1538 1844 τοῦ
1566 1785 1862 1860 πνεύματος
1895 1805 1983 1859 με-

2069 1777 2196 1838 Non
2221 1787 2307 1837 est
2338 1777 2494 1836 enim
2525 1775 2747 1836 venalis
2777 1774 2986 1854 gratia,
3019 1792 3132 1836 nec
3163 1791 3267 1854 pro
3298 1775 3567 1855 pecuniis
3596 1775 3718 1856 spi-

337 1871 672 1954 ταδιδόαμεν,
745 1873 880 1930 ἀλλὰ
927 1885 1065 1940 ’τοῖς
1123 1874 1282 1940 ἀξίοις
1354 1882 1447 1932 τοῦ
1498 1873 1662 1952 δώρου
1719 1873 1986 1951 ἀπανουρ-

341 1962 540 2039 γεύτως
572 1961 912 2038 μεταδοτέον.
972 1965 1030 2020 Εἰ
1087 1961 1141 2018 δὲ
1199 1963 1386 2043 φανείη
1430 1985 1509 2026 τις
1539 1965 1643 2020 τῶν
1673 1962 1726 2017 ἐν
1755 1969 1831 2037 τῷ
1857 1961 1990 2032 κλή-

343 2071 417 2128 ρῳ
497 2050 943 2130 κατειλειγμένων
1040 2051 1278 2108 ἀπαιτῶν
1361 2056 1407 2128 ᾧ
1490 2049 1802 2128 μεταδίδωσι
1887 2056 1986 2118 τῆς

343 2141 610 2221 ἀχράντου
672 2143 948 2207 κοινωνίας
1007 2144 1068 2198 τὸ
1130 2145 1325 2203 οἱονοῦν
1383 2142 1547 2224 εἶδος,
1621 2143 1984 2220 καθαιρείσθω,

342 2232 414 2294 ὡς
457 2230 551 2298 τῆς
621 2239 712 2287 τοῦ
782 2232 1021 2308 Σίμωνος
1086 2231 1335 2303 ζηλωτὴς
1388 2232 1596 2299 πλάνης
1639 2233 1725 2288 καὶ
1754 2253 1986 2310 κακουρ-

341 2319 457 2396 γίας
473 2368 486 2381 .

420 2407 716 2486 Ἐρώτησις
746 2398 850 2468 κθ’.
910 2412 969 2466 Οἱ
1013 2409 1132 2466 κατ’
1190 2408 1471 2488 ἐπίγνωσιν
1525 2410 1698 2477 ἀληθῆ
1727 2410 1858 2488 πρὸς
1888 2408 1987 2476 τὴν

340 2494 606 2576 ὀρθὸδοξον
637 2497 808 2554 πίστιν
851 2496 1162 2578 ἐρχόμενοι,
1197 2500 1530 2578 Νεστοριανοὶ
1559 2496 1826 2577 δηλονότι,
1860 2495 1987 2575 Ἀρ-

341 2584 538 2661 μένιοι,
571 2582 904 2664 ἰακωϐτται,
935 2586 1020 2641 καὶ
1052 2585 1219 2664 ἕτεροι
1245 2589 1564 2664 αἱρεσιῶται,
1594 2584 1677 2642 διὰ
1706 2586 1868 2661 μόνου
1896 2584 1986 2641 τοῖ’)

341 2674 492 2752 ἁγίου
534 2674 698 2753 μύρου
759 2672 1023 2755 ὀφείλουσι
1084 2674 1431 2749 τελειοῦσθαι,
1491 2676 1527 2744 ἢ
1573 2677 1660 2731 καὶ
1713 2673 1797 2729 διά
1849 2673 1986 2730 θείου

343 2762 704 2843 βαπτίσματος
733 2782 750 2843 ;

422 2848 549 2914 Ἀπ,
587 2842 643 2909 t0
681 2841 774 2928 4έ⁹
822 2853 998 2909 κανὼν
1053 2859 1150 2917 τῆς
1203 2853 1258 2908 ὲν
1298 2861 1376 2930 τῷ
1433 2851 1682 2932 Τρούλλῷ
1746 2850 1982 2924 συνόδου,

340 2940 698 3026 ἀκολουθήσας
740 2951 817 3018 τῷ
858 2934 907 3015 ζ’
945 2945 1126 3002 κανόνι
1193 2946 1290 3013 τῆς
1348 2948 1498 3026 ἁγίας
1568 2948 1655 3002 καὶ
1699 2945 1987 3018 οἷκουμενι-

341 3035 442 3098 κῆς
475 3019 530 3107 β’
556 3030 791 3107 συνόδου,
850 3031 971 3088 τάδε
1020 3036 1156 3090 κατὰ
1209 3034 1352 3112 ῥῆμα
1395 3019 1750 3110 ’διαλαμϐάνει
1783 3049 1798 3065 '
1849 3036 1979 3095 Τοὺς

336 3119 767 3198 προστιθεμένους
797 3129 866 3198 τῇ
899 3121 1160 3200 ὀρθοδοξίᾳ
1213 3126 1300 3180 καὶ
1354 3131 1422 3201 τῇ
1452 3122 1617 3203 μερίδι
1659 3129 1764 3180 τῶν
1807 3127 1979 3192 σωζο-

341 3208 514 3284 μένων
542 3208 648 3265 ἀπὸ
678 3213 972 3290 αἱρετικῶν,
1021 3209 1285 3292 δεχόμεθα
1341 3215 1476 3272 κατά
1517 3214 1615 3280 τὴν
1652 3213 1754 3268 ὑπὸ
1785 3232 1978 3288 τεταγ-

340 3296 505 3373 μένην
549 3297 857 3358 ἀκολουθίαν
911 3321 969 3356 τε
1028 3305 1115 3357 καὶ
1173 3303 1469 3382 συνήθειαν,
1528 3301 1826 3378 Ἀρειανοὺς
1885 3300 1980 3374 μὲν

337 3387 426 3442 καὶ
497 3384 909 3454 Μακεδονιανοὺς
968 3391 1055 3446 καὶ
1110 3388 1489 3471 Ναϐατιανοὺς,
1551 3391 1674 3454 τοὺς
1728 3389 1980 3467 λέγοντας

340 3475 555 3540 ἑαυτοὺς
606 3478 884 3556 καθαροὺς,
943 3480 1030 3535 καὶ
1086 3479 1408 3559 ἀριστεροὺς,
1472 3481 1560 3537 καὶ
1610 3481 1730 3542 τοὺς
1784 3499 1981 3534 τεσσα-

340 3561 815 3642 ρεσκαιδεκατίτας,
860 3563 978 3634 ἦτοι
1034 3565 1356 3647 τετραδίτας,
1413 3567 1574 3648 ἤγουν
1616 3567 1644 3609 ί
1689 3567 1980 3624 Ἀπολινα-

341 3652 556 3729 ριαστάς
606 3650 870 3732 δεχόμεθα
938 3653 1172 3720 διδόντας
1215 3655 1508 3732 λιϐέλλους,
1568 3658 1654 3714 καὶ
1712 3657 1982 3731 ἀναθεμα-

338 3738 572 3810 τίζοντας
641 3747 814 3798 πᾶσαν
859 3743 1061 3824 αἵρεσιν
1106 3746 1183 3821 μὴ
1242 3753 1530 3827 φρονοῦσαν
1585 3748 1659 3808 ὡς
1721 3757 1905 3825 φρονεῖ
1947 3746 1982 3813 ἡ

339 3828 462 3905 ἁγία
488 3837 582 3888 τοῦ
629 3832 760 3886 Θεοῦ
796 3831 1052 3902 καθολικὴ
1105 3837 1194 3892 καὶ
1237 3833 1566 3902 ἀποστολικὴ
1637 3832 1928 3899 Ἐκκλησία
1964 3849 1977 3862 ⁶

337 3921 784 3996 σφραγιζομένους
840 3919 959 3988 ἤτοι
1037 3922 1354 4003 χριομένους
1439 3912 1645 4000 πρῶτον
1715 3930 1791 3997 τῷ
1848 3923 1982 4000 ἀγίῷ

335 4006 483 4084 μύρῳ
512 4007 596 4083 τό,
626 4028 686 4062 τε
727 4008 976 4083 μέτωπον
1035 4014 1122 4068 καὶ
1175 4013 1297 4076 τοὺς
1353 4011 1672 4092 ὀφθαλμοὺς,
1745 4011 1832 4068 καὶ
1887 4013 1980 4074 τὰς

334 4092 505 4170 ῥῖνας,
535 4096 622 4152 καὶ
663 4098 724 4152 τὸ
777 4098 972 4176 στόμα,
1019 4103 1106 4157 καὶ
1159 4102 1224 4157 τὰ
1281 4101 1415 4162 ὦτα.
1483 4103 1580 4159 Καὶ
1611 4101 1980 4181 σφραγίζοντες

2069 1867 2218 1928 ritus
2243 1868 2765 1926 sanctilicationem
2797 1864 3174 1943 impertimur
3208 1884 3220 1922 :
3249 1862 3352 1924 sed
3385 1883 3454 1924 ea
3483 1864 3580 1945 iis,
3614 1864 3717 1944 qui

2071 1954 2233 2033 digni
2268 1969 2426 2024 sunt,
2466 1953 2688 2031 absque
2720 1952 2839 2012 ulla
2871 1959 2963 2011 est
2990 1949 3353 2012 calliditate0
3378 1952 3718 2012 communi-

2071 2042 2354 2106 canda.Si
2395 2041 2524 2122 quis
2565 2050 2756 2102 autem
2783 2058 3011 2115 eorum,
3047 2039 3150 2119 qui
3181 2047 3316 2098 sunt
3346 2038 3405 2100 in
3436 2039 3581 2102 cleri
3610 2059 3714 2102 ca-

2073 2132 2299 2211 talogo,
2335 2129 2518 2205 abeo,
2556 2129 2650 2190 cui
2680 2128 3116 2188 immaculatam
3149 2127 3415 2207 impertit
3444 2148 3717 2190 commu-

2071 2221 2340 2300 nionem,
2366 2219 2544 2279 ullam
2568 2217 2828 2298 Speciem
2856 2216 3091 2296 exigere
3113 2221 3270 2277 visus
3292 2216 3492 2294 fuerit,
3525 2218 3712 2299 depo-

2070 2316 2267 2383 natur,
2303 2316 2365 2368 ut
2395 2305 2714 2368 Simoniaci
2745 2306 2964 2368 erroris
2995 2313 3053 2368 et
3084 2305 3360 2367 maleﬁcii
3382 2307 3714 2371 aemulator.

2150 2397 2337 2460 Inter.
2368 2397 2469 2458 99.
2523 2394 2634 2467 Qui
2692 2413 2798 2476 per
2855 2413 3057 2458 veram
3089 2395 3488 2475 cognitionem
3518 2398 3591 2459 ad
3623 2417 3715 2459 or-

2072 2487 2306 2548 thoxam
2369 2484 2545 2545 ﬁdem
2618 2483 2935 2562 accedunt,
3018 2483 3350 2546 Nestoriani
3414 2486 3712 2564 videlicet,

2067 2572 2369 2647 Armenii,
2406 2571 2708 2647 Jacobilze,
2730 2579 2788 2633 et
2809 2572 2910 2634 alii
2939 2572 3225 2647 haeretici,
3251 2591 3326 2634 an
3356 2573 3482 2634 solo
3513 2584 3714 2636 sancto

2067 2670 2367 2741 unguento
2424 2660 2678 2723 debeant
2729 2661 2973 2736 initiari,
3005 2679 3081 2725 an
3133 2680 3272 2723 vero
3302 2662 3480 2724 etiam
3513 2663 3712 2724 divino

2065 2752 2297 2813 lavacro
2321 2749 2346 2811 Υ

2146 2838 2286 2902 Res.
2321 2842 2520 2901 Canon
2577 2839 2657 2899 95
2691 2839 2900 2918 synodi
2929 2837 2989 2899 in
3044 2839 3244 2901 Trullo
3274 2848 3511 2902 secutus
3548 2843 3578 2902 7
3609 2861 3711 2903 ca-

2004 2948 2287 3000 cnonem
2319 2939 2538 2989 sancta;
2595 2935 2655 2988 et
2704 2929 3085 2990 mcumenicae
3132 2930 3167 2991 2
3229 2931 3460 3010 synodi,
3495 2931 3620 2992 haec
3639 2932 3710 2993 ad

2067 3017 2313 3081 verbum
2345 3016 2757 3096 complectitur
2789 3037 2804 3077 :
2837 3015 2973 3089 Eos,
3000 3018 3100 3098 qui
3127 3026 3308 3080 rectae
3337 3018 3411 3080 de
3443 3020 3560 3082 fide
3583 3039 3714 3082 sen-

2067 3105 2265 3166 tentia:
2291 3105 2605 3180 accedunt,
2642 3115 2700 3164 et
2751 3106 2896 3184 parti
2921 3125 3152 3181 eorum,
3189 3107 3290 3188 qui
3319 3125 3388 3169 ex
3418 3107 3715 3170 haereticis

2065 3202 2395 3274 servantur,
2421 3195 2586 3272 juxta
2611 3194 2938 3273 subjectam
2971 3198 3456 3277 consequentiam
3485 3206 3542 3259 et
3562 3217 3707 3260 con-

2066 3284 2446 3346 suetudtnem
2477 3281 2859 3361 recipientes,
2893 3284 3142 3345 Arianos
3166 3286 3497 3366 quidem,et
3516 3289 3711 3349 Mace-

2066 3371 2378 3448 donianos,
2429 3378 2487 3430 et
2537 3371 2914 3447 Novatinnos,
2975 3373 3076 3452 qui
3123 3392 3188 3434 se
3218 3378 3469 3454 καθαρούς
3499 3376 3588 3454 [id
3621 3385 3710 3437 est

2065 3461 2279 3541 puros]
2303 3458 2625 3540 appellant,
2660 3467 2717 3519 et
2737 3463 3296 3526 tessaresdecatitas
3331 3483 3436 3525 seu
3459 3465 3708 3526 tetradi-

2065 3549 2242 3625 ditas,
2266 3556 2324 3609 et
2340 3547 3144 3630 Apollinaristas,recipimus
3161 3553 3368 3616 dantes
3390 3553 3711 3631 libellos,et

2067 3655 2303 3699 omnem
2337 3637 2609 3698 hzeresim
2627 3638 3351 3722 anathematizantes,quaa
3365 3661 3484 3704 non
3504 3645 3705 3720 sentit,

2065 3735 2128 3787 ut
2149 3727 2329 3788 sentit
2350 3739 2553 3787 sancta
2573 3725 2680 3787 Dei
2702 3727 3052 3789 universalis
3081 3739 3140 3791 et
3162 3732 3481 3811 apostolica
3503 3732 3711 3795 Eccle-

2065 3813 2154 3874 sia
2181 3833 2194 3873 :
2217 3822 2422 3876 sancto
2448 3814 2702 3894 primum
2727 3815 3047 3879 chrismate
3070 3827 3127 3880 et
3142 3820 3484 3896 frontem,et
3505 3822 3709 3884 oculos

2067 3911 2126 3964 et
2148 3921 2345 3979 nares,
2383 3910 2442 3965 et
2499 3920 2586 3983 os,
2637 3911 2694 3964 et
2742 3922 2915 3968 aures
2942 3906 3375 3988 imprimentes,
3409 3910 3705 3974 dicimus:

2063 3992 2446 4082 §ignaculum
2478 3992 2618 4053 doni
2650 3991 2905 4074 Spiritus
2936 3997 3150 4058 sancti.
3177 3998 3262 4059 De
3283 3999 3356 4060 iis
3376 4001 3710 4082 autem,qui

2063 4080 2328 4143 Pauliani
2357 4091 2581 4145 sectam
2608 4083 2794 4145 secuti
2831 4093 2989 4166 sunt,
3021 4087 3241 4148 deinde
3263 4087 3334 4148 ad
3358 4080 3707 4153 catholicam

329 4183 538 4263 αὖτοὺς,
600 4183 850 4267 λέγομεν,
875 4169 886 4174 1
910 4169 1140 4270 Σιρραγὶς
1199 4187 1396 4270 δωρεᾶς
1453 4169 1772 4260 πνεύματος.
1804 4189 1976 4267 ἁγίου,

2069 4169 2384 4270 Ecclesia'm
2414 4171 2827 4250 confugerunt,
2861 4183 3137 4236 statutum
3164 4185 3257 4239 est
3287 4187 3349 4238 ut
3396 4177 3438 4238 ii
3464 4179 3708 4240 omnino

338 4271 461 4344 Περὶ
518 4269 574 4326 δὲ
657 4278 762 4328 τῶν
846 4260 1322 4353 παυλιανισάντων,
1396 4278 1520 4335 εἶτα
1573 4275 1979 4356 προσφυγόντων

2069 4260 2524 4340 rebaptizentur.
2565 4261 2972 4356 _Eunomianos
2997 4283 3256 4346 quoque,
3292 4267 3393 4347 qui
3432 4267 3494 4328 in
3532 4285 3707 4328 unam

336 4364 406 4434 τῇ
455 4358 713 4438 καθολικῇ
768 4359 1079 4442 Ἐκκλησία,
1125 4366 1246 4447 ὅρος
1303 4348 1627 4442 ἓκτέθειται,
1684 4348 1978 4421 ἀναϐαπτί-

2069 4349 2507 4447 demersionem
2563 4348 2880 4447 baptizant,
2917 4361 2992 4447 et
3036 4355 3443 4447 Montanistas,
3477 4356 3576 4437 qui
3610 4354 3709 4416 hic

337 4447 512 4514 ζεσθαι
560 4450 746 4514 αὐτοὺς
789 4451 840 4518 ἕξ
883 4453 1137 4520 ἅπαντος.
1195 4457 1542 4531 Εὗνομιανοὺς
1613 4454 1790 4532 μέντοι
1860 4454 1981 4517 τοὺς

338 4534 412 4597 εἰς
470 4534 593 4612 μίαν
649 4538 929 4598 κατάδυσιν
983 4544 1420 4620 βαπτιζομένους,
1484 4545 1572 4602 καὶ
1623 4543 1980 4606 Μοντανιστάς

335 4622 457 4712 τούς
511 4621 728 4683 ἑκταῡθα
771 4626 1088 4709 λεγομένους
1136 4633 1366 4711 Φρύγας,
1426 4635 1512 4689 καὶ
1568 4628 1976 4712 Σαϐελλιανοὺς,

337 4710 460 4802 τοὺς
514 4715 845 4796 υἱοπατορίαν
902 4710 1266 4795 δοξάζοντας,
1310 4724 1400 4779 καὶ
1468 4721 1621 4802 ἕτερά
1678 4743 1796 4777 τινα
1865 4710 1979 4801 χαὲ

333 4796 492 4890 me
555 4811 832 4872 ποιοῦντας
867 4823 881 4839 ⁸
957 4811 1045 4866 καὶ
1111 4811 1284 4876 πάσας
1341 4813 1436 4876 τὰς
1507 4796 1674 4875 ἄλλας
1733 4796 1978 4890 αἱρέσεις,

331 4887 516 4976 ἔπειδῆ
583 4891 776 4952 πολλοί
843 4897 972 4953 εἰσιν
1028 4897 1268 4976 ἐνταῦθα,
1328 4899 1560 4976 μάλιστα
1630 4903 1678 4956 οἱ
1729 4887 1834 4956 ἀπὸ
1875 4904 1976 4966 τῆς

332 4975 583 5035 Γαλατῶν
636 4982 818 5062 χώρας
873 4984 1198 5064 ὁδμώμενοι,
1243 4975 1442 5054 πάντας
1492 4990 1610 5052 τοὺς
1667 4986 1759 5044 ἀπ’
1805 4989 1974 5044 αὒτῶν

331 5063 576 5160 (fatum:
633 5073 994 5151 προστίθεσθαι
1027 5063 1118 5154 τῇ
1194 5077 1476 5160 ὀρθοδοξίᾳ,
1562 5081 1636 5143 ὡς
1698 5066 1976 5142 ιΈλληνας

330 5150 596 5233 δεκόμεθα
619 5174 642 5248 γ’
680 5150 777 5219 νκαῖ
818 5164 919 5232 τὴν
961 5150 1180 5247 πρώτην
1226 5150 1732 5248 ’ἡμέρανῚποιοῦμεν
1790 5165 1976 5228 αὐτοὺς

333 5247 696 5327 Κριστιανοὺς,
756 5254 842 5310 καὶ
897 5255 995 5325 τὴν
1037 5255 1279 5338 δευτέραν
1336 5247 1794 5338 κατηχουμένους,
1855 5253 1978 5310 εἶτα

2063 4436 2339 4499 dicuntur
2369 4439 2647 4517 Phryges,
2677 4447 2736 4500 et
2757 4440 3147 4524 Sabellianos,
3179 4443 3279 4523 qui
3303 4436 3518 4504 Filium
3546 4443 3708 4504 idem

2065 4544 2198 4588 esse
2231 4545 2364 4588 cum
2389 4525 2561 4588 Patre
2584 4527 3012 4607 existimant,et
3049 4531 3204 4592 aliad
3226 4533 3493 4612 quaedam
3513 4532 3709 4611 gravia

2063 4615 2311 4693 faciunt,
2346 4623 2405 4677 et
2451 4631 2662 4680 omnes
2691 4617 2839 4679 alias
2891 4619 3167 4696 haereses,
3212 4620 3486 4701 quoniam
3539 4621 3708 4684 multi

2064 4705 2161 4768 hic
2193 4715 2352 4782 sunt,
2388 4713 2447 4766 et
2502 4705 2758 4767 maxime
2808 4707 2909 4788 qui
2963 4726 3033 4769 ex
3080 4709 3416 4771 Galatarum
3463 4710 3709 4790 regione

2061 4794 2310 4876 profecti
2341 4801 2518 4855 sunt:
2565 4813 2775 4857 omnes
2797 4815 2866 4858 ex
2903 4795 2998 4873 iis,
3023 4800 3121 4878 qui
3153 4797 3229 4858 ad
3249 4808 3472 4860 rectam
3496 4799 3570 4861 de
3591 4799 3709 4860 ﬁde

2059 4883 2417 4947 sententiam
2434 4882 2635 4945 volunt
2649 4885 3291 4968 accedere,recipimus
3304 4897 3368 4949 ut
3389 4887 3628 4950 Graecos
3658 4899 3706 4951 ι’.

2057 4981 2131 5043 Et
2180 4981 2372 5061 primo
2431 4979 2673 5062 quidem
2707 4981 2829 5058 die,
2887 5001 2988 5044 eos
3039 4980 3403 5045 Christianos
3437 4981 3704 5058 facimus,

2061 5074 2324 5134 secundo
2348 5080 2571 5152 autem,
2615 5072 3095 5148 cathecumenos,
3129 5071 3345 5133 deinde
3372 5071 3568 5147 tertio,
3597 5071 3708 5132 ad-

2051 5159 2538 5239 juramus,simul
2565 5160 2739 5221 etiam
2774 5168 2866 5222 ter
2896 5161 2956 5222 in
2988 5160 3198 5224 faciem
3223 5168 3282 5222 et
3307 5178 3482 5222 aures
3515 5159 3708 5242 inspi-

2059 5257 2260 5311 rantes
2291 5268 2306 5310 :
2345 5257 2404 5312 et
2433 5248 2518 5310 sic
2546 5247 2874 5334 initiamus,
2907 5259 2965 5314 et
2987 5252 3091 5314 diu
3119 5250 3181 5311 in
3206 5249 3460 5314 ecclesia
3486 5249 3710 5313 versari

1668 5420 1898 5488 VARIE
1941 5415 2366 5485 LECTIONES.

409 5547 434 5580 ⁹
473 5543 716 5627 fraudo.
804 5567 832 5612 ρ
853 5569 1151 5640 pagana.
