4160 6212
491 243 644 318 1063

1862 249 1994 321 IUS
2033 243 2478 322 CANONICBM

3694 248 3854 316 1064

485 399 546 456 et
572 387 910 470 Scripturas
940 386 1148 450 audire
1179 385 1449 461 facimus,
1505 395 1563 449 et
1588 395 1726 450 tunc
1748 387 1910 469 ipsos
1931 387 2121 470 bapti-

2212 393 2302 449 καὶ
2368 393 2466 460 την
2521 393 2699 470 τρίτην
2755 388 3199 472 ἔξορκιζομένους,
3271 393 3404 468 μετά
3470 397 3564 449 τοῦ
3619 383 3859 468 ἔμφυσᾷν

487 499 710 546 zamus.
744 478 894 554 Quin
926 477 1104 540 etiam
1161 475 1538 552 Manichaos,
1575 484 1632 538 et
1656 475 2124 552 Valentinianos,

487 583 546 637 et
576 567 1007 640 Marcionistas,
1042 573 1098 626 et
1127 564 1353 626 similes
1385 565 1720 629 haereticos.
1747 565 2130 628 Nestorianos

485 671 679 726 autem
738 663 970 739 oportet
1017 653 1253 716 libellos
1281 654 1496 729 facere,
1546 663 1608 718 et
1657 656 1926 718 haeresim
1960 674 2126 719 suam

485 746 1006 824 anathematizare,
1063 752 1120 806 et
1177 741 1536 819 Nestorium,
1588 753 1646 806 et
1693 744 2016 826 Eutychen,
2069 751 2129 808 et

485 843 856 911 Dioscorum,
888 843 948 896 et
975 833 1280 908 Severum,
1317 848 1375 894 et
1403 833 1665 914 reliquos
1694 835 1895 896 talium
1931 836 2124 897 haere-

484 949 628 993 seon
661 924 982 1010 principes,
1008 931 1066 984 et
1086 923 1184 1004 qui
1216 922 1600 1004 eadem,quaa
1623 923 1733 995 illi,
1759 924 2039 999 Sentiunt,
2069 933 2126 986 et

486 1036 694 1082 omnes
750 1011 1056 1096 praedictas
1112 1013 1392 1086 haereses,
1454 1022 1513 1073 et
1565 1016 1652 1074 sic
1713 1032 1846 1075 esse
1902 1031 2126 1074 sanctae

2207 480 2380 560 τρίτον
2409 482 2479 546 είς
2509 482 2570 537 τὸ
2597 481 2904 559 πρόσωπον,
2958 483 3046 538 καὶ
3105 483 3177 546 εἱς
3234 483 3299 538 τὰ
3343 482 3454 540 ὦτα
3487 498 3506 514 ⁸
3563 481 3652 536 καὶ
3681 477 3856 540 οὕτως

2209 579 2575 650 κατηχοῦμεν,
2624 571 2711 626 καὶ
2753 577 3006 646 ποιοῦμεν
3052 570 3316 651 χρονίζειν
3372 572 3446 635 εἰς
3501 569 3600 637 τὴν
3647 564 3858 630 ἐκκλη-

2209 659 2348 736 σίαν,
2402 661 2490 715 καὶ
2545 658 2828 738 ἀκροᾶσθαι
2884 666 2989 716 τῶν
3032 661 3248 740 Γραφὼν
3281 679 3297 695 ⁸
3358 661 3447 716 καὶ
3486 659 3607 715 τότε
3661 654 3857 716 αὐτοὺς

2209 747 2552 822 βαπτίζομενι
2602 749 2700 805 Καὶ
2753 748 2874 812 τοὺς
2918 749 3245 828 Μανιχαίους
3302 745 3382 830 δὲ,
3441 748 3531 803 καὶ
3581 746 3700 810 τοὺς
3747 748 3859 798 Γα-

2207 834 2556 901 λεντινιανοὺς
2585 836 2669 910 48,
2725 839 2810 893 καὶ
2863 838 2985 902 τοὺς
3045 839 3466 917 Μαρκιωνιστάς,
3525 834 3760 896 καὶτοὺς
3791 832 3857 887 ἐκ

2204 931 2311 980 τῶν
2341 927 2536 1001 ὁμοίων
2592 925 2862 1006 αἱρέσεων,
2922 927 3044 992 τοὺς
3105 927 3506 1006 Νεστοριανοὺς,
3561 923 3672 1005 χρὴ
3719 942 3854 977 ποι-

2209 1026 2290 1072 εῖν
2329 1012 2624 1094 λιϐέλλους,
2653 1015 2741 1070 καὶ
2782 1015 3172 1090 ἀναθεματίζειν
3216 1015 3315 1082 τὴν
3358 1014 3586 1094 α’ίρεσιν,
3645 1016 3851 1079 αὐτῶν,

2207 1104 2296 1159 καὶ
2380 1104 2680 1182 Νεστόριον,
2764 1105 2852 1160 καὶ
2938 1105 3200 1184 Εὔτυχέα,
3261 1105 3348 1160 καὶ
3409 1103 3718 1181 Διόσκορον,
3763 1101 3854 1154 καὶ

2209 1189 2465 1271 Σεϐἦρον,
2515 1193 2602 1248 καὶ
2672 1193 2791 1257 τοὺς
2847 1191 3063 1258 λοιποὺς
3129 1193 3380 1273 ἐξάρχους
3439 1197 3544 1248 τῶν
3597 1190 3856 1248 τοιούτων

483 1102 923 1170 communionis
954 1100 1288 1182 participes.
1315 1099 1514 1181 Itaque
1545 1102 1712 1180 juxta
1737 1103 1979 1164 canonis
2008 1104 2126 1164 hu—

475 1199 577 1278 jus
607 1204 872 1257 tenorem
907 1190 1006 1252 alii
1029 1190 1268 1270 quidem
1304 1189 1565 1251 heretici
1598 1192 1828 1252 lavacro
1859 1192 2121 1252 sanctiﬁ-

482 1293 716 1358 cantur,
741 1279 842 1343 alii
864 1288 1059 1341 autem
1094 1288 1301 1340 sancto
1334 1279 1619 1342 dumaXat
1649 1288 1944 1360 unguento
1976 1301 2121 1343 con-

2209 1280 2479 1361 αἱρέσεων,
2537 1283 2625 1337 καὶ
2678 1283 2797 1346 τοὺς
2872 1290 3185 1362 φρονοῦντας
3236 1283 3302 1338 τὰ
3358 1282 3546 1356 αὐτῶν,
3606 1280 3694 1336 καὶ
3737 1278 3855 1334 πά-

411 1427 418 1434 .
483 1379 819 1437 secuntur.
2208 1393 2303 1434 σας
2353 1371 2854 1450 προσαναφυομένας
2939 1372 3163 1452 αἱρέσεις
3199 1388 3216 1404 ⁸
3306 1372 3391 1426 καὶ
3461 1368 3624 1432 οὕτως
3679 1389 3856 1444 μετα-

480 1461 764 1540 λαμϐάνειν
797 1465 893 1528 τῆς
937 1459 1087 1536 ἁγίας
1117 1457 1410 1520 κοινωνίας,
1465 1459 1606 1514 Κατᾶ
1647 1466 1770 1536 γοῦν
1799 1459 1897 1526 τὴν
1922 1469 2013 1519 τοῦ
2040 1461 2274 1517 τοιούτου
2327 1465 2546 1524 κανόνος
2575 1460 2882 1540 περίληψιν,
2927 1464 2972 1517 οἱ
3003 1463 3097 1537 μὲν
3121 1467 3226 1517 τῶν
3255 1462 3573 1540 αἱρεσιωτῶν
3601 1457 3682 1515 διὰ
3710 1459 3859 1535 βαπ-

480 1556 728 1628 τίσματος
775 1550 1098 1628 ἁγιάζονται,
1131 1549 1176 1603 οἱ
1205 1543 1260 1600 δὲ
1303 1543 1385 1601 διὰ
1417 1547 1577 1621 μόνου
1606 1554 1697 1604 τοῦ
1729 1547 1878 1626 ἁγίου
1905 1550 2066 1627 μόρου
2095 1554 2436 1609 τελειοῦνται,

556 1642 622 1693 48
647 1637 1087 1699 Βαλιντινιανούς.

557 1731 746 1794 Inter.
779 1727 878 1788 30.
915 1723 978 1787 Si
1033 1723 1347 1785 haereticus
1393 1723 1670 1786 sacerdos
1717 1725 1809 1788 vel
1840 1726 2183 1788 diaconusB

477 1820 690 1900 dignus
721 1816 956 1880 habitus
987 1813 1187 1874 divino
1248 1823 1306 1874 et
1349 1823 1550 1875 sancto
1599 1814 1971 1896 baptismate,
2031 1815 2122 1877 vel

2285 1723 2577 1805 Ἐρώτησις
2606 1715 2679 1790 λ’,
2729 1727 2854 1784 Ἐἀν
2911 1729 3192 1809 αἱρετικὸς,
3249 1729 3440 1808 ἱερεὺς,
3505 1727 3540 1794 ἢ
3583 1725 3854 1808 διάκονος,

2203 1814 2397 1891 ἀξιωθῇ
2425 1815 2516 1871 τοῦ
2537 1817 2674 1875 θείου
2701 1818 2787 1872 καὶ
2817 1818 2964 1895 ἁγίου
2992 1818 3379 1893 βαπτίσματος.
3411 1819 3445 1886 ἢ
3476 1815 3560 1875 διὰ
3587 1823 3677 1874 τοῦ
3699 1817 3858 1894 ἁγίου

476 1929 584 1993 per
611 1917 870 1972 sanctam
901 1904 1240 1967 unctionem
1269 1906 1666 1966 sanctiﬁcatus
1696 1907 1794 1988 sit,
1843 1907 2121 1969 licebitne

2205 1905 2365 1983 μύρου
2397 1906 2646 1983 ἁγιασθῇ,
2693 1904 2895 1962 ἐσεῖται
2944 1908 3224 1986 ἱερουργῶν
3269 1909 3403 1983 μετά
3447 1912 3544 1973 τῆς
3592 1905 3854 1984 προτέρας

477 1999 534 2062 ei
582 2015 752 2060 sacra
796 1997 990 2058 facere
1022 2013 1155 2054 cum
1203 1993 1402 2074 priore
1433 1993 1837 2070 ordinatione,
1873 2015 1948 2056 an
1981 2015 2121 2057 vero

2205 1997 2532 2073 χειροτονίας
2563 1995 2738 2068 αὐτοῦ,
2773 1994 2808 2062 ἢ
2853 1995 3030 2074 ἑτέρας
3085 1995 3326 2064 ἀξιωθείη
3377 2005 3728 2077 χειροτονίας,
3759 1993 3853 2053 ἐὰν

476 2088 527 2150 si
559 2105 726 2150 sacra
755 2084 1097 2146 ministrare
1117 2081 1281 2152 velit,
1304 2081 1612 2144 iterabitur
1633 2084 1764 2163 ejus
1794 2085 2121 2146 ordinatio?

2204 2080 2404 2158 θελήσῃ
2432 2085 2719 2163 ἱερουργεῖν
2755 2103 2771 2163 ;

555 2178 690 2239 Res.
726 2177 926 2237 Canon
956 2173 1036 2234 80
1065 2180 1399 2233 sanctorum
1431 2162 1836 2249 apostolorum
1861 2192 1987 2249 eos,
2021 2174 2121 2255 qui

2285 2168 2412 2234 Ἀπ,
2462 2162 2518 2228 Ὀ
2573 2179 2679 2229 τῶν
2734 2162 2897 2251 ἀγίων
2963 2173 3276 2232 ἀποστόλων
3305 2163 3368 2230 π’
3393 2175 3568 2230 κανὼν
3615 2173 3736 2236 τοὺς
3795 2172 3849 2238 ἐξ

479 2285 557 2328 ex
591 2282 807 2347 pagana
839 2262 956 2323 vita
985 2260 1058 2322 ad
1119 2259 1503 2322 orthodoxam
1537 2261 1714 2322 ﬁdem
1745 2263 2036 2326 accedunt
2064 2272 2121 2326 et

2205 2258 2404 2319 ἐθνικοῦ
2459 2261 2572 2336 βίου
2623 2260 3008 2341 προσελθόντας
3062 2268 3130 2340 τῇ
3182 2261 3434 2342 ὀρθοδόξῳ
3504 2263 3672 2318 πίστει
3758 2264 3850 2317 καὶ

475 2354 866 2434 baptizantur,
888 2349 1281 2431 episcopalem
1306 2348 1481 2410 etiam
1503 2350 1847 2429 dignitatem
1874 2371 2117 2433 prome-

2204 2349 2603 2429 βαπτισθέντας,
2657 2351 2744 2407 καὶ
2811 2349 3156 2408 ἐπισκοπικοῦ
3209 2351 3504 2426 ἀξιώματος
3561 2349 3847 2415 καταξιοῦ-

473 2443 592 2504 reri
611 2441 840 2506 deﬁnit.
889 2438 1092 2500 Priore
1120 2437 1302 2517 igitur
1329 2439 1659 2499 sacerdotio
1693 2459 1798 2520 pro
1828 2441 2117 2519 sacrilego

2204 2443 2314 2495 σθαι
2366 2437 2662 2517 διορίζεται.
2709 2444 2818 2506 Τῆς
2867 2447 2991 2518 γοῦν
3031 2441 3284 2520 προτέρας
3326 2440 3636 2520 ἱερωσύνης,
3708 2461 3841 2515 μια-

474 2531 698 2610 habito,
735 2537 794 2590 et
850 2545 954 2609 pro
1007 2545 1124 2588 non
1156 2529 1328 2601 l‘acto,
1359 2527 1409 2588 si
1440 2545 1572 2588 cum
1615 2529 1900 2592 canonica
1932 2529 2116 2593 disci-

2204 2528 2436 2604 ρωσόνης
2464 2526 2840 2608 νομιζομένης,
2871 2529 2958 2584 καὶ
2979 2531 3050 2594 ὡς
3074 2530 3151 2605 μὴ
3169 2528 3450 2608 γινομένης
3463 2527 3843 2607 λογιζομένης,

475 2618 636 2698 plina
655 2617 980 2698 judicatus,
1012 2613 1113 2696 qui
1141 2615 1228 2676 sic
1257 2615 1432 2677 fuerit
1457 2617 1821 2679 ortlaodoxus
1844 2617 2120 2694 effectus,

2204 2615 2287 2673 ἒάν
2318 2618 2451 2692 μετά
2479 2621 2578 2684 τῆς
2607 2621 2889 2684 κανονικῆς
2917 2614 3180 2695 ἀκριϐείας
3199 2618 3607 2696 ἀνακρινόμενος
3624 2619 3653 2672 6
3673 2614 3844 2680 οῧτως

473 2715 532 2768 et
561 2725 694 2768 cum
729 2713 891 2767 esset
913 2704 1230 2784 aliquando
1262 2704 1541 2784 profanus
1575 2707 1879 2783 sacerdos,
1917 2711 1972 2768 in
2007 2727 2117 2788 po-

2204 2703 2565 2784 ὀρθοδοξήσας,
2610 2707 2698 2762 καὶ
2740 2705 2814 2762 ὤν
2886 2729 3013 2763 ποτε
3084 2705 3311 2783 βέϐηλος
3365 2707 3550 2786 ἱερεὺς,
3594 2708 3711 2784 περὶ
3752 2712 3847 2761 τοῦ

472 2795 726 2858 steriore
752 2795 867 2854 vita
894 2809 1001 2854 sua
1055 2791 1477 2854 indemnabilis
1505 2796 1867 2874 apparuerit,
1901 2796 2118 2876 dignus

2204 2794 2413 2873 ὑστέρου
2454 2795 2610 2851 αὐτοῦ
2637 2795 2750 2871 βίου
2781 2793 3128 2875 ἀκατάκριτος
3157 2795 3468 2875 ἀναφανείη,
3510 2793 3753 2860 ἀξιωθείη
3785 2797 3848 2852 οὔ

472 2891 786 2946 censeatur
813 2900 931 2942 non
963 2880 1314 2942 sacerdotali
1359 2883 1548 2944 solum
1581 2883 1888 2961 dignitate,
1924 2885 2029 2947 sed
2060 2894 2121 2949 et

2204 2882 2362 2957 μόνον
2392 2886 2652 2962 ἱερατικοῦ
2680 2881 3002 2965 ἀξιώματος,
3049 2881 3186 2940 ἀλλά
3231 2885 3318 2940 καὶ
3361 2883 3728 2955 έπισκοπικοῦ,
3761 2880 3849 2937 διὰ

473 2970 938 3053 episc0pali,per
951 2981 1267 3046 consuetos
1296 2971 1538 3033 omnino
1574 2972 1792 3052 gradus
1811 2973 1881 3035 ad
1907 2975 2118 3037 docto-

2204 2975 2304 3028 τῶν
2349 2974 2582 3042 συνήθων
2611 2972 2822 3035 πάντως
2874 2973 3087 3049 βαθμῶν
3118 2974 3190 3037 είς
3222 2975 3281 3028 τὸ
3311 2970 3678 3029 διδασκαλικὸν
3709 2969 3846 3044 ὕψος

472 3062 620 3124 riam
652 3067 958 3142 promotus
986 3057 1430 3121 sublimitatem.

2204 3059 2456 3138 ἀναγόμεκ
2469 3083 2550 3126 ος.

554 3141 743 3212 Inter.
775 3149 874 3210 51.
936 3145 999 3210 Si
1046 3145 1332 3223 haeretici,
1393 3149 1495 3228 qui
1552 3148 1623 3211 ad
1655 3149 2115 3213 orthodoxorum

2283 3147 2574 3229 Ἐρώτησις
2632 3141 2741 3213 λα’.
2790 3151 2916 3210 Ἐὰν
2986 3160 3078 3210 τοῦ
3119 3149 3498 3230 προσελθόντος
3545 3155 3614 3226 τῇ
3670 3150 3844 3204 πίστει

473 3238 652 3302 ﬁdem
679 3237 948 3314 accessit,
982 3255 1130 3298 uxor
1188 3243 1244 3298 et
1303 3235 1500 3312 liberi,
1529 3238 1620 3300 vel
1650 3241 1825 3302 etiam
1857 3239 1958 3300 alii
1990 3241 2120 3321 ejus

2204 3244 2305 3294 τῶν
2337 3236 2619 3318 ὀρθοὸόξων
2672 3244 2932 3319 αἱρετικοῦ
2973 3242 3008 3308 ἡ
3048 3241 3206 3318 γυνὴ,
3253 3241 3340 3295 καὶ
3370 3242 3416 3296 οἱ
3448 3237 3656 3311 παῖδες,
3690 3237 3724 3304 ἢ
3751 3240 3844 3293 καὶ

470 3327 791 3390 familiares
841 3334 900 3387 et
947 3324 1284 3400 domestici,
1319 3344 1440 3386 non
1471 3326 1615 3388 ﬁant
1643 3327 1978 3403 orthodoxi,
2011 3329 2115 3390 sed

2204 3327 2367 3408 ἕτεροι
2395 3331 2563 3405 τούτῳ
2606 3331 2862 3388 συνέστιοι
2919 3331 3005 3386 καὶ
3064 3330 3425 3410 ωγκάτοικοι,
3472 3333 3565 3388 οὐκ
3621 3325 3844 3406 ὀρθοδα-

475 3416 804 3479 inhaereant
859 3414 1038 3495 priori
1097 3413 1333 3489 haeresi,
1367 3432 1442 3476 an
1472 3416 1884 3496 prohibebitur
1913 3417 1986 3494 is,
2019 3417 2121 3500 qui

2204 3415 2464 3488 Ξήτουσιν⁶
2510 3418 2628 3476 ἀλλ’
2671 3419 2942 3499 ἐξέχονται
2999 3417 3094 3486 τῆς
3138 3417 3392 3497 προτέρας
3452 3416 3720 3496 αἱρέσεως,
3779 3420 3845 3475 οὖ

472 3506 560 3586 (ιιι
588 3504 870 3583 diximus)
899 3503 1252 3585 baptismate
1279 3502 1543 3566 initiatus
1577 3512 1688 3581 est,
1719 3505 1793 3568 ad
1830 3508 2116 3569 sacerdo-

2204 3505 2557 3577 κωλυθήσεται
2613 3511 2641 3564 6
2696 3508 3006 3584 τελειωθεὶς,
3053 3507 3126 3571 ὡς
3182 3504 3415 3586 εἴρηται,
3461 3504 3542 3561 διὰ
3589 3512 3680 3560 τοῦ
3734 3506 3845 3581 βα-

469 3595 644 3657 talem
678 3594 769 3656 vel
800 3593 1144 3674 episcopum
1176 3593 1505 3654 ascendere
1524 3595 1773 3674 gradum
1811 3614 1825 3659 :
1863 3613 1940 3657 an
1968 3614 2110 3659 vero

2204 3597 2512 3672 κτίσματος,
2600 3599 2672 3663 είς
2756 3598 3014 3678 ἱερατικὸν
3103 3597 3304 3672 βαθμὸν
3373 3594 3408 3662 ἢ
3497 3593 3850 3650 ἒπισκοπικὸν

468 3692 711 3764 propter
737 3683 973 3744 illorum
1007 3679 1294 3744 malitiam
1328 3689 1390 3744 et
1417 3681 1548 3764 ipse
1593 3683 1692 3745 tali
1725 3683 1883 3748 bono
1917 3686 2112 3767 priva-

2204 3684 2431 3744 ἀνελθεῖν
2468 3701 2481 3716 ⁸
2528 3685 2565 3754 ἢ
2601 3684 2686 3742 διὰ
2713 3688 2812 3754 τὴν
2844 3685 3057 3742 ἐκείνων
3101 3687 3288 3741 κακίαν
3344 3686 3432 3740 καὶ
3461 3685 3617 3747 αὐτὸς
3648 3684 3848 3740 τοσού-

469 3771 627 3832 bitur
645 3771 677 3831 ?

2204 3791 2284 3831 που
2311 3775 2507 3855 ἀγαθοῦ
2534 3775 2869 3855 ἀποστερηθῇ
2903 3795 2922 3855 ;

549 3858 684 3921 Res.
719 3859 921 3922 Canon
973 3857 1212 3938 quidem
1270 3856 1346 3921 39
1376 3858 1581 3939 synodi
1632 3860 2114 3939 Carthaginensis

2275 3852 2403 3923 ’Arc.
2465 3854 2521 3921 ι0
2566 3865 2662 3940 μὲν
2718 3852 2834 3938 λς’
2881 3852 3058 3921 κανὼν
3111 3885 3210 3930 της
3253 3863 3308 3919 ἐν
3353 3861 3658 3941 Καρθαγένῃ
3712 3885 3844 3919 συν-

467 3947 568 4023 ait,
606 3954 669 4008 ut
697 3944 987 4028 episc0pi,
1023 3954 1080 4006 et
1101 3943 1450 4026 presbyteri,
1477 3955 1536 4008 et
1556 3945 1929 4012 diaconinon
1951 3952 2113 4015 ordi-

2204 3947 2334 4028 5300,
2367 3954 2548 4032 φησὶν,
2613 3950 2932 4010 Ἐπίσκοπον
2985 3953 3074 4009 καὶ
3127 3948 3470 4032 πρεσϐύτερον
3519 3953 3608 4006 καὶ
3650 3949 3843 4007 διάκο-

467 4043 705 4112 nentur,
741 4033 1080 4116 priusquam
1112 4052 1322 4095 omnes
1351 4034 1452 4114 qui
1474 4039 1684 4096 suntin
1705 4039 1828 4100 suis
1858 4041 2117 4118 adibus,

2204 4063 2282 4097 νον
2321 4042 2397 4117 μὴ
2453 4045 2872 4120 χειροτονεῖσθαι
2929 4042 3048 4120 πρὶν
3092 4043 3292 4106 πάντας
3334 4041 3458 4104 τοὺς
3512 4039 3566 4095 ἐν
3595 4041 3670 4114 τῷ
3700 4037 3844 4120 οἴκῳ

468 4123 835 4188 Christianos
891 4121 1250 4184 orthodoxos
1325 4121 1594 4185 fecerint.
1653 4124 1854 4189 Canon
1914 4137 2109 4192 autem

2204 4131 2363 4186 ιῦτῶν
2421 4118 2714 4209 ᾆρθοδόξους
2771 4118 3113 4209 Χριστιανοὺς
3171 4131 3504 4200 ποιήσουσιν.
3567 4120 3625 4186 ιΟ
3679 4125 3734 4183 δὲ
3779 4118 3844 4203 β’

471 4215 546 4276 ’72
589 4211 808 4276 sanctae
831 4219 888 4274 et
935 4210 1322 4273 mcumenicae
1347 4211 1409 4272 in
1431 4210 1635 4275 Trullo
1662 4217 1870 4296 synodi
1894 4216 2018 4280 haac
2049 4218 2112 4281 in

2204 4219 2368 4275 κανὼν
2410 4223 2507 4286 τῆς
2550 4219 2604 4275 έν
2674 4225 2751 4292 τῷ
2821 4217 3068 4298 Τρούλλῳ
3128 4219 3281 4297 ἁγίας
3322 4219 3411 4274 καὶ
3467 4218 3838 4292 οἱκουμενικῆς

468 4310 636 4384 parte
690 4299 912 4369 deﬁnit.
950 4299 1294 4388 expressimr
1341 4321 1355 4363 :
1420 4297 1480 4362 Si
1514 4289 1713 4366 autem
1752 4305 1956 4386 aliqui,
2010 4309 2111 4388 qui

2204 4305 2407 4364 συνόδου
2435 4289 2803 4386 διορίζεται-ὲν
2848 4289 2993 4386 μέρει
3041 4289 3210 4365 ταῦτα
3264 4308 3462 4385 ῥητῶς,
3513 4308 3573 4364 Εἰ
3613 4289 3665 4362 δέ
3692 4327 3839 4369 τινες

464 4393 657 4456 adhuc
686 4403 826 4453 sunt
854 4389 1151 4464 inﬁdeles,
1184 4396 1244 4451 et
1283 4387 1344 4450 in
1377 4389 1838 4454 orthodoxorum
1869 4387 2108 4475 gregem

2204 4395 2266 4452 ἔτι
2327 4395 2380 4452 ἐν
2447 4402 2516 4474 τῇ
2560 4396 2774 4470 ἀπιστίᾳ
2827 4397 3208 4476 τυγχάνοντες,
3273 4397 3362 4452 καὶ
3415 4395 3561 4452 οὔπω
3601 4401 3670 4470 τῇ
3727 4401 3838 4450 τῶν

467 4481 728 4546 nondum
759 4479 931 4542 relati
959 4487 1116 4555 sunt,
1139 4478 1295 4540 inter
1323 4497 1389 4541 se
1418 4479 1680 4558 legitimo
1711 4491 1848 4544 sunt
1898 4485 2110 4547 matri-

2204 4482 2470 4564 Ξρθοδόξων
2525 4483 2964 4565 ὲγκαταλεγέντες
3029 4486 3254 4562 ποίμνῃ,
3340 4483 3594 4554 ἀλλήλοις
3675 4483 3840 4561 γάμῳ

467 4570 667 4632 monio
719 4568 1066 4650 conjuncti:
1128 4567 1349 4631 deinde
1405 4569 1504 4632 hic
1550 4570 1792 4650 quidem
1823 4591 1919 4653 eo,
1951 4575 2110 4655 quod

467 4667 556 4722 est
584 4659 897 4720 honestum
928 4668 980 4733 τι,
1002 4656 1292 4733 electo,ad
1329 4656 1526 4718 lucem
1549 4659 1807 4721 veritatis
1827 4678 2111 4724 accurre-

463 4751 543 4809 rit
574 4765 588 4810 :
623 4745 725 4808 ille
753 4764 892 4808 vero
921 4745 1146 4808 erroris
1174 4745 1411 4807 vinculo
1443 4745 1720 4809 detentus
1761 4748 1961 4824 fuerit,
1997 4769 2110 4812 no-

465 4836 594 4898 lens
625 4835 858 4897 divinos
910 4834 1111 4896 radios
1165 4835 1298 4897 ﬁxis
1342 4835 1532 4896 oculis
1587 4836 1828 4900 intueri.
1865 4847 1922 4900 et
1952 4839 2116 4902 ﬁdeli

466 4926 694 5007 placeat
721 4943 856 4986 cum
907 4922 1138 4985 inﬁdeli
1193 4922 1557 5006 cohabitare,
1591 4943 1667 4986 ne
1697 4943 1730 4986 a
1761 4943 1828 4988 se
1856 4927 2108 4990 invicem

464 5023 839 5097 separentur.
866 5009 946 5074 Ex
970 5011 1152 5075 divini
1167 5012 1325 5074 enim
1347 5011 1510 5075 Pauli
1533 5015 1850 5098 sententia,
1882 5018 2108 5079 sancti-

467 5103 677 5166 ﬁcatus
708 5111 798 5164 est
817 5102 904 5162 vir
920 5101 1180 5162 inﬁdelis
1198 5101 1262 5163 in
1284 5102 2002 5184 muliere,etsanctiﬁcata
2023 5114 2115 5168 est

468 5192 684 5254 mulier
703 5189 1039 5252 inﬁdelisin
1063 5193 1208 5253 viro.
1235 5193 1720 5256 Contrarietatem
1760 5194 1941 5274 igitur
1958 5195 2110 5259 duo-

465 5298 600 5343 rum
649 5297 968 5355 canonum,
1021 5297 1153 5360 qua;
1209 5297 1340 5343 esse
1388 5280 1639 5361 videtur,
1675 5284 1960 5347 canonice
1990 5285 2110 5347 sol-

2191 4573 2399 4650 νομίμῳ
2449 4576 2792 4652 ἡρμόσθησαν
2824 4591 2843 4606 ⁸
2889 4575 3018 4632 εἶτα
3070 4577 3098 4632 ὁ
3156 4576 3253 4650 μὲν
3307 4576 3370 4630 τὸ
3425 4571 3588 4630 καλὸν
3617 4571 3842 4637 ἐκλεξά-

2191 4683 2372 4744 μενος,
2431 4671 2508 4738 τῷ
2563 4665 2696 4744 φωτὶ
2751 4669 2849 4731 τῆς
2906 4663 3153 4730 ἀληθείας
3207 4661 3561 4744 προσέδραμεν
3605 4676 3622 4692 ⁸
3681 4663 3709 4717 6
3779 4658 3839 4716 δὲ

2191 4753 2290 4808 ὕπὸ
2318 4752 2410 4809 τοῦ
2435 4755 2533 4820 τῆς
2560 4752 2766 4821 πλάνης
2820 4752 3152 4833 κατεσχέθη,
3203 4750 3420 4832 δεσμοῦ,
3475 4751 3554 4827 μὴ
3583 4753 3711 4830 πρὸς
3740 4751 3839 4815 τὰς

2196 4841 2334 4905 θείας
2391 4841 2622 4899 ἀτενίσαι
2695 4843 2916 4906 ἀκτῖνας
2986 4841 3238 4919 ἑλόμενος
3284 4858 3300 4874 ⁸
3369 4839 3573 4900 εὐδοκεῖ
3637 4837 3692 4895 δὲ
3755 4846 3837 4913 τῷ

2191 4937 2363 5006 πιστῷ
2403 4932 2439 4999 ἡ
2471 4929 2713 5007 ἄπιστος,
2775 4930 2811 4999 ἢ
2853 4933 2914 4986 τὸ
2969 4929 3190 4988 ἓκπαλιν
3247 4933 3275 4988 6
3319 4931 3536 4992 ἄπιστος
3568 4941 3832 4986 συνοικεῖν

2189 5026 2260 5096 τῇ
2284 5027 2449 5097 πιστῇ
2484 5039 2498 5055 ⁸
2558 5020 2636 5096 μὴ
2693 5019 3020 5100 χωριζέσθω,
3080 5021 3214 5076 κατὰ
3257 5022 3346 5076 τὸν
3389 5022 3533 5075 θεῖον
3587 5019 3832 5074 ἀπόστο-

2191 5107 2308 5172 )ον,
2365 5100 2637 5187 Ἠγίασται
2693 5110 2792 5187 γὰρ
2848 5110 2876 5164 6
2927 5106 3148 5174 ἄπιστος
3206 5109 3339 5187 ἀνὴρ
3382 5107 3438 5163 ἐν
3479 5112 3550 5184 τῇ
3602 5109 3835 5186 γυναικὶ,

2190 5191 2502 5277 ἢὴγίασται
2544 5199 2580 5266 ἡ
2633 5197 2851 5260 ἄπιστος
2907 5197 3040 5276 γυνὴ
3095 5197 3149 5253 έν
3204 5204 3282 5271 τῷ
3337 5193 3500 5274 ἀνδρί.
3560 5198 3668 5263 Τὴν
3711 5195 3838 5250 ἀνα-

2194 5287 2516 5366 φαινομένην
2571 5286 2658 5344 οὗν
2716 5285 3058 5354 ἆναντιότητα
3112 5291 3218 5342 τῶν
3286 5283 3374 5342 δύο
3418 5284 3614 5341 τούτων
3671 5283 3841 5339 κανό-

1792 5443 2047 5518 VARUE
2090 5445 2524 5519 LECTIDNES.

544 5557 607 5608 48
637 5555 1082 5621 Βαλιντινιανοός,

544 5691 570 5734 ιι
597 5663 758 5747 quod
785 5663 1005 5728 bonum
1033 5669 1146 5727 est.
