4160 6212
290 306 446 383 1065
1623 311 2327 387 ῦΒιΕΟΟ-ΒΟΜΑΝΗΜ.
3501 311 3664 381 1666

279 468 382 505 νων
425 452 717 510 κανονικῶς
757 445 992 522 λύοντες,
1042 446 1266 528 λέγομεν
1297 446 1403 524 ὅτι,
1449 450 1478 506 6
1522 448 1619 525 μὲν
1671 448 1731 505 ἐκ
1773 469 1923 528 γενε-

2013 450 2242 525 ventes,
2285 442 2539 506 dicimus
2583 460 2743 520 eum,
2777 443 2879 526 qui
2930 462 3066 508 cum
3120 444 3426 517 nativitate
3453 444 3664 508 ortho-

273 541 376 603 τῆς
444 535 518 594 ὢν
574 534 866 615 ὀρθόδοξος,
945 538 1081 613 μετὰ
1158 538 1407 617 γυναικὸς
1467 541 1733 619 αἱρετικῆς
1804 562 1923 597 συν-

2012 531 2199 619 doxus
2230 540 2408 608 esset,
2430 551 2564 595 cum
2587 533 2868 595 haeretica
2894 532 3146 603 muliere
3165 535 3520 615 conjunctus
3543 541 3654 610 est,

276 626 478 705 αφθεὶς,
514 626 607 683 οὐκ
648 624 892 692 ἀξιωθείη
942 624 1288 704 κληρώσεως,
1343 628 1386 682 εἰ
1445 627 1523 704 μὴ
1579 628 1668 684 καὶ
1715 628 1834 692 τοὺς
1879 625 1923 683 ἐν

2011 618 2255 699 dignum
2290 639 2407 683 non
2439 620 2696 697 censeri,
2737 621 2839 702 qui
2872 624 2930 683 in
2954 622 3183 685 clerum
3213 623 3526 705 allegatur,
3545 623 3663 685 nisi

275 720 354 789 τῷ
382 713 522 788 οἴκῳ
566 717 725 773 αὐτοῦ
765 717 981 786 ποιήσει
1038 713 1334 795 ὀρθοδόξους
1388 717 1727 795 Χριστιανούς
1762 735 1775 749 ·
1851 714 1923 772 ὅτι

2013 706 2371 771 domesticos
2403 728 2544 772 suos
2574 727 2784 771 omnes
2815 710 3183 774 Christianos
3214 712 3422 775 fecerit
3450 713 3661 781 ortho-

277 805 368 862 καὶ
427 802 524 872 τῆς
596 802 1045 872 ἐκκλησιαπικῆς
1133 805 1537 885 κεχωρισμένος
1626 806 1735 863 ἐστὶ
1803 827 1923 863 συν-

2013 797 2196 861 doxos
2225 820 2238 861 :
2274 801 2409 882 quia
2440 814 2499 862 et
2527 799 2599 861 ab
2629 800 3031 865 ecclesiastica
3062 810 3151 865 est
3203 809 3470 866 remotus
3491 822 3652 866 com-

282 891 475 974 άξεως,
530 894 603 959 ὡς
644 897 713 969 τῇ
767 900 861 950 τοῦ
903 901 1132 973 Χριστοῦ
1185 891 1351 971 μερίδι
1393 894 1691 972 συμπλέξας
1733 893 1931 973 κλῆρον

283 980 620 1062 ἁμαρτωλόν,
683 976 741 1041 Ὀ
811 980 866 1038 δὲ
944 983 1258 1063 αἱρεσιώτης
1326 983 1401 1041 ὢν
1472 984 1532 1041 ἐκ
1616 984 1930 1064 σπαργάνων

281 1073 474 1148 αὐτῶν,
535 1070 625 1130 ἐὰν
666 1071 765 1141 τὴν
807 1070 1073 1150 ὀρθόδοξον
1128 1072 1305 1129 πίστιν
1344 1072 1659 1153 προέληται,
1693 1072 1925 1146 δικαίως,

282 1159 373 1216 ἐὰν
430 1160 536 1217 ἀπό
591 1183 732 1226 τινος
792 1160 969 1240 ἑτέρου
1016 1160 1178 1241 λόγου
1232 1163 1327 1220 οὐκ
1387 1161 1753 1242 εμποδιζηται,
1800 1183 1927 1242 χει-

281 1250 517 1329 ροτονίας
574 1248 815 1333 ἀξιωθείη
870 1253 1160 1330 ἱερατικῆς.
1234 1252 1294 1309 Τί
1361 1253 1460 1332 γὰρ
1531 1250 1708 1332 οἶδας,
1770 1254 1927 1333 φησὶν

280 1328 309 1394 6
367 1338 535 1416 μέγας
593 1328 938 1415 Ἀπόστολος,
998 1338 1088 1397 ἐὰν
1145 1342 1174 1396 6
1232 1328 1443 1403 πιστδς
1495 1328 1795 1420 μεταγαίγῃ⁷
1831 1341 1925 1408 τὴν

281 1425 504 1483 ἄπιστον
533 1427 753 1506 σύζυγον
794 1430 952 1485 αὐτοῦ
995 1430 1123 1509 πρὸς
1180 1428 1282 1496 τὴν
1336 1430 1509 1485 πίστιν
1542 1450 1559 1510 ς
1608 1428 1811 1494 ,Καλῶς
1840 1431 1928 1487 οὖν

282 1517 311 1573 6
368 1517 441 1582 εἷς
496 1517 594 1584 τὴν
652 1515 915 1597 ὁρθόδοξον
984 1520 1160 1575 πίστιν
1243 1516 1405 1575 ἐλθὼν
1490 1519 1596 1577 ἀπὸ
1649 1520 1927 1599 θρησκείας

2012 888 2316 962 munione,
2359 898 2559 970 utpote
2589 888 2690 972 qui
2722 889 2939 954 Christi
2970 891 3239 973 partibus
3265 892 3659 973 peccatricem

2009 986 2235 1039 sortem
2266 976 2790 1059 implexueriLQui
2822 987 3041 1056 autem,
3068 981 3385 1043 haereticus
3409 1000 3542 1042 cum
3566 998 3659 1042 es-

2010 1075 2101 1126 set
2145 1066 2217 1128 ab
2266 1066 2641 1130 incunabulis
2669 1117 2685 1149 ,
2741 1069 3049 1131 orthoxam
3111 1069 3290 1132 ﬁdem
3346 1069 3654 1149 delegerit,

2003 1154 2163 1233 jure,
2198 1156 2309 1217 nisi
2334 1176 2465 1238 qua;
2486 1157 2647 1237 justa
2679 1176 2855 1223 causa
2882 1157 3194 1240 impediat,
3217 1158 3657 1225 ordinationem

2009 1245 2437 1306 sacerdotalem
2487 1245 2774 1326 consequi
2805 1246 3014 1326 possit.
3047 1245 3199 1319 Quid
3229 1247 3389 1309 enim
3443 1246 3663 1328 (inquit

2011 1351 2258 1412 magnus
2283 1334 2620 1415 Apostolus)
2651 1334 2830 1407 nosti,
2866 1334 2918 1397 si
2946 1334 3141 1399 ﬁdelis
3170 1336 3425 1407 deducat
3446 1336 3659 1405 inﬁde-

2011 1422 2130 1484 lem
2156 1424 2477 1504 conjugem
2517 1424 2591 1485 ad
2615 1422 2840 1487 ﬁdem?
2865 1426 3048 1488 Recte
3081 1425 3284 1507 igitur,
3320 1425 3421 1506 qui
3451 1425 3525 1488 ad
3554 1443 3659 1488 or-

2011 1511 2329 1574 thodoxam
2384 1512 2563 1575 ﬁdem
2603 1515 2763 1575 venit
2792 1512 2864 1574 ab
2896 1512 3311 1579 haereticorum
3366 1513 3659 1596 supersti-

284 1606 581 1685 αἱρετικῶν,
627 1608 765 1662 κατὰ
823 1608 1047 1672 κανόνας
1118 1606 1362 1674 ἀξιωθείη
1433 1607 1730 1684 ἀξιώματος
1784 1612 1923 1689 ἱερα-

2018 1600 2200 1689 tione,
2235 1602 2591 1665 sacerdotali
2640 1601 2968 1664 secundum
3017 1622 3279 1667 canones
3336 1603 3663 1666 honoratur

284 1700 456 1776 τικοῦ,
487 1693 585 1752 κᾶν
627 1696 705 1772 μὴ
756 1694 1168 1775 όρθοδοξήσωσιν
1222 1698 1257 1765 ἡ
1328 1697 1461 1775 γυνὴ
1514 1698 1603 1755 καὶ
1660 1698 1722 1754 τὰ
1778 1688 1923 1755 τέκνα

284 1784 463 1841 αὐτοῦ.

2016 1688 2329 1839 ἓίεηὶιδίε,
2381 1691 2523 1754 licet
2552 1708 2703 1754 uxor
2732 1698 2791 1752 et
2817 1688 2994 1753 liberi
3022 1693 3154 1773 ejus
3194 1692 3509 1759 orthodoxi
3539 1710 3660 1754 non

2059 1788 2180 1841 ant.

284 1806 463 1846 αυτου.
1954 1817 1993 1846 n
2017 1806 2180 1842 nam.

362 1798 463 1846 :o'.

362 1809 555 1954 Ἐιρώι
600 1863 708 1951 λβ’.
761 1872 1270 1955 Ἀπροκριμάτιστόν
1289 1878 1401 1933 εστι
1444 1874 1708 1934 τελεῖσθαι
1737 1875 1923 1934 τέκνων

2017 1798 2322 1933 militatur.
2357 1870 2454 1933 32.
2474 1870 2565 1933 An
2589 1878 2749 1933 extra
2770 1869 3181 1952 przejudicium
3203 1870 3516 1939 infantium
3533 1887 3657 1937 sus-

279 1963 548 2047 ἀναδοχὰς
571 1963 656 2023 διὰ
685 1968 941 2044 Λατίνων,
974 1967 1264 2048 Ἀρμενίων
1294 1968 1696 2049 Μονοθελητῶν,
1730 1980 1931 2028 Νεστο-

278 2062 491 2134 ριανῶν,
538 2058 628 2113 καὶ
656 2055 859 2115 λοιπῶν
887 2059 1137 2116 τοιούτων
1171 2075 1185 2089 ⁸
1233 2057 1269 2127 ἢ
1320 2057 1525 2134 μᾶλλον
1575 2061 1804 2135 μισητὸν
1844 2060 1933 2116 καὶ

282 2143 643 2224 ἀποτρόπαιον
680 2165 696 2226 ;

361 2232 555 2293 Ἀπόκ.
617 2224 691 2294 Τδ
722 2224 811 2319 ,β’
864 2236 1131 2313 θέσπισμα
1171 2248 1265 2298 τοῦ
1308 2228 1348 2295 ι’
1401 2238 1686 2319 κεφαλαίου
1735 2247 1828 2297 τοῦ
1882 2234 1937 2293 α’

280 2320 459 2379 τίτλου
514 2331 608 2382 τοῦ
675 2313 732 2381 α’
799 2324 1000 2402 βιϐλίου
1053 2334 1157 2385 τῶν
1243 2313 1578 2408 βασιλικῶν,
1639 2327 1930 2406 Αἱρετικὸς,

282 2412 465 2491 φησὶν,
497 2411 627 2494 ἐστὶ,
678 2414 766 2470 καὶ
808 2428 927 2478 τοῖς
974 2417 1111 2473 κατὰ
1154 2423 1257 2475 τῶν
1319 2418 1592 2496 αἱρετικῶν
1662 2417 1933 2472 ὑπόκειται

2015 1958 2325 2038 ceptiones
2352 1960 2505 2022 ﬁunt
2532 1979 2566 2022 a
2598 1959 2838 2033 Latinis,
2863 1959 3187 2036 Armeniis,
3220 1959 3657 2036 Monotheletis,

2014 2045 2402 2120 Nestorianis,
2435 2055 2494 2109 et
2522 2047 2754 2110 caeteris
2786 2048 3106 2129 ejusmodi,
3156 2067 3232 2113 an
3284 2051 3479 2130 potius
3520 2047 3660 2115 odio

2017 2134 2260 2215 dignum
2291 2145 2470 2217 atque
2500 2136 2963 2201 detestandum?

2096 2225 2273 2306 Resp.
2307 2225 2533 2287 Thema
2553 2228 2612 2300 2,
2638 2245 2773 2308 cup.
2804 2229 2974 2303 10,1,
3007 2226 3115 2291 lib.
3168 2244 3186 2290 ι
3215 2225 3603 2292 Basilicarum
3640 2247 3655 2288 :

2015 2312 2365 2395 Haareticus,
2399 2314 2613 2396 inquit,
2639 2323 2749 2392 est,
2784 2324 2841 2378 et
2870 2316 3123 2399 legibus,
3156 2335 3287 2397 quae
3316 2316 3391 2379 de
3420 2316 3657 2379 haereti-

2018 2401 2104 2463 cis
2134 2398 2296 2479 sunt,
2328 2402 2662 2483 subjicitur,
2696 2406 2796 2484 qui
2820 2405 3058 2486 paulurn
3092 2398 3164 2466 ab
3188 2403 3513 2467 orthodoxa
3539 2403 3660 2466 ﬁde

283 2490 491 2576 νόμοις,
551 2503 579 2557 ὁ
612 2490 829 2582 ⁷μικρὸν
883 2511 1006 2583 γοῦν
1054 2504 1306 2562 ἐκκλίνων
1363 2490 1462 2573 τῆς
1516 2503 1784 2585 ὀρθοδόξου
1839 2505 1923 2560 πί-

2017 2490 2295 2585 declinat.
2331 2492 2476 2555 Cum
2505 2492 2680 2585 igitur
2704 2493 2747 2554 ii
2778 2512 3010 2576 omnes,
3040 2495 3144 2575 qui
3188 2495 3302 2585 hac
3332 2497 3657 2585 interroga-

283 2610 476 2653 στεως.
562 2581 747 2648 Ἐπεὶί
793 2581 919 2671 γοῦν
1000 2594 1194 2660 πάντες
1266 2597 1314 2652 οἱ
1368 2581 1817 2674 ἀπαριθμηθὲντες
1860 2596 1923 2657 είς

2018 2582 2177 2643 tione
2209 2582 2539 2643 enumerati
2568 2590 2852 2658 sunt,non
2885 2583 3209 2665 parvo,sed
3238 2582 3414 2662 longo
3441 2581 3658 2664 Spatia,

280 2678 382 2745 τὴν
440 2685 705 2760 παροῦσαν
763 2670 1046 2762 ἐρώτησιν,
1104 2685 1165 2740 ού
1215 2681 1299 2743 διὰ
1390 2670 1575 2764 μικρὸν
1645 2681 1782 2740 ἀλλὰ
1851 2681 1923 2738 διὰ

2016 2677 2075 2764 et
2102 2670 2258 2764 quod
2292 2670 2537 2733 difﬁcile
2566 2672 2835 2764 superari
2857 2680 3057 2757 queat,
3083 2671 3157 2733 ab
3190 2671 3654 2764 orthodoxorum

283 2764 486 2831 πλάτος
520 2757 683 2847 *μέγα
723 2757 811 2825 καὶ
866 2757 1243 2838 δυσδιεξίτητον
1297 2771 1357 2828 ἐκ
1556 2778 1661 2828 τῶν
1718 2769 1923 2851 ὀρθοδό-

2013 2757 2283 2822 Ecclesia
2312 2778 2554 2842 prorsus
2584 2762 2857 2822 exsulent
2885 2779 2898 2823 :
2951 2780 3070 2823 non
3100 2759 3651 2837 communicabunt,

282 2853 385 2920 ξων
445 2854 764 2924 Ἐκκλησίας
838 2858 1261 2935 ἀπεξενώθησαν,
1317 2861 1529 2926 πάντως
1587 2858 1701 2917 οὐδὲ
1751 2848 1923 2941 Ἵχάριν

2013 2849 2324 2912 nobiscum
2353 2848 2598 2930 gratiam
2630 2850 3023 2932 susceptiouis
3055 2849 3381 2913 liberorum
3412 2849 3656 2931 spirita-

281 2941 558 3025 ἀναδοχῆς
641 2945 839 3002 παίδων
920 2950 1291 3026 πνευματικῶν
1374 2937 1812 3026 μεσιτευομένης⁷
1860 2949 1923 3006 δι’

2010 2937 2181 3026 lium,
2210 2956 2315 3019 per
2343 2958 2541 3001 sacras
2572 2957 2779 3021 preces
2802 2951 2862 3002 et
2892 2940 3398 3003 sanctiﬁcationes
3437 2938 3658 3001 multas

273 3033 441 3111 ἁγίων
484 3035 660 3114 εὐχῶν
708 3036 797 3092 καὶ
841 3036 1184 3117 ἁγιασμάτων
1239 3036 1478 3115 πολλῶν,
1523 3025 1659 3115 ἡμῖν
1715 3061 1923 3118 συγκοι-

2010 3025 2434 3090 intercedentis
2475 3049 2494 3088 :
2527 3048 2603 3090 ne
2631 3037 2689 3091 et
2718 3029 3331 3092 excommunicatione
3360 3027 3656 3090 condem-

274 3123 599 3193 νωνήσουσιν
630 3139 644 3154 ⁸
680 3123 771 3181 ’ίνα
801 3127 879 3201 μὴ
921 3128 1010 3183 καὶ
1036 3129 1183 3185 αὐτοὶ
1211 3127 1566 3200 ἀκοινωνησίᾳ
1593 3131 1923 3207 κατακριθῶ-

2010 3135 2244 3191 nemur,
2274 3118 2441 3198 juxta
2469 3136 2756 3180 canonem
2792 3116 3657 3207 dicentem,Quicommunicat

273 3232 393 3289 μεν,
426 3213 564 3269 κατὰ
592 3214 681 3272 τὸν
710 3214 930 3297 κανόνα,
961 3216 1052 3272 τὸν
1078 3214 1322 3295 λέγοντα,
1374 3207 1431 3275 Ὀ
1474 3224 1741 3274 κοινωνῶν
1766 3203 1923 3275 ἀκοι-

2010 3224 2141 3268 cum
2170 3206 2702 3284 excommunicato,
2738 3216 2826 3269 est
2847 3206 3398 3271 excommunicatus
3419 3203 3649 3285 etipse.

271 3301 519 3377 νωτήτῳ,
554 3303 643 3360 καὶ
684 3303 839 3368 αὐτὸς
870 3304 1229 3373 ἀκοινώνητός
1260 3306 1424 3369 ἐστιν.

353 3388 547 3470 Ἐρώτ.
598 3381 707 3471 λγ’.
762 3382 1056 3473 Ὀρθόδοξαι
1103 3407 1352 3472 γυναῖκες
1408 3396 1754 3453 συνάπτονται
1783 3395 1923 3474 τάχα

2023 3473 2028 3474 γ
2088 3386 2314 3448 Interr.
2347 3384 2448 3446 33.
2481 3384 2844 3474 Orthodora:
2884 3383 3186 3474 mulieres
3210 3382 3658 3474 conjunguntur

271 3485 516 3557 γαμικῶς
548 3481 684 3555 μετὰ
712 3471 1057 3560 Σαρακηνῶν,
1088 3471 1236 3551 ἢκαὶ
1267 3486 1609 3564 αἱρεσιωτῶν,
1640 3485 1727 3540 καὶ
1754 3471 1923 3542 θέλου-

2010 3473 2159 3535 forte
2191 3492 2299 3555 per
2326 3473 2563 3554 nuptias
2592 3492 2725 3536 cum
2760 3472 3073 3536 Saracenis
3101 3473 3193 3534 vel
3224 3471 3649 3552 haereticis,vo-

273 3588 379 3637 σιν,
416 3568 490 3632 ὡς
547 3566 930 3651 ὀρθοδοξοῦσαι,
963 3571 1136 3636 καθὼς
1179 3559 1544 3648 διενίστανται,
1579 3559 1920 3649 μεταλαμϐά-

2010 3562 2504 3642 luutque,utbene
2521 3561 2595 3623 de
2630 3562 2747 3624 ﬁde
2777 3559 3648 3651 sentientes,quema_dmodum

273 3676 382 3712 νειν
412 3663 518 3713 τῶν
547 3657 694 3714 θείων
724 3648 1066 3737 ἁγιασμάτων
1099 3675 1113 3689 ’
1149 3666 1411 3738 ζητοῦμεν
1457 3660 1545 3719 οὖν
1573 3663 1636 3717 τὸ
1666 3659 1919 3728 ποιητέον

2010 3659 2344 3713 constanter
2372 3651 2781 3728 instituerunt,
2808 3650 3127 3733 participes
3157 3649 3291 3712 ﬁeri
3314 3648 3649 3738 divinarum

316 3764 406 3801 αυε
414 3764 465 3800 IV
472 3791 488 3807 ,

316 3746 488 3807 αθετν,

272 3765 314 3820 μ
352 3831 545 3897 Ἀπόκ,
596 3823 653 3891 Ὀ
700 3823 751 3890 θ’
795 3836 970 3893 κανὼν
1026 3842 1124 3905 τῆς
1180 3839 1239 3893 ἒν
1280 3845 1357 3912 τῷ
1406 3837 1654 3918 Τρούλλῳ
1707 3834 1919 3908 συνόδου

263 3923 431 3983 ταῦτά
486 3945 617 4003 φησι
652 3942 669 3961 ⁶
744 3925 834 3992 Μὴ
888 3924 1080 3991 ἒξετναι
1150 3925 1416 4006 ὁρθόδοξον
1470 3926 1627 4007 ἄνδρα
1692 3929 1928 4005 αἱρετικῇ

2000 3739 2560 3802 sanctiﬁcationum.
2590 3740 2916 3813 Quaerimus
2948 3739 3090 3821 quid
3131 3737 3470 3801 faciendum
3499 3736 3600 3801 sit.

2081 3828 2258 3909 Resp.
2283 3831 2484 3891 Canon
2511 3829 2585 3892 '70
2603 3830 2809 3909 synodi
2829 3831 2890 3889 in
2912 3827 3114 3890 Trullo
3137 3829 3265 3890 haec
3288 3827 3371 3889 ait
3395 3848 3409 3889 :
3434 3825 3644 3889 Nonli-

1998 3935 2135 3981 cere
2165 3937 2304 3980 vero
2336 3918 2663 3980 orthodoxo
2708 3937 2843 3980 cum
2890 3916 3138 3980 muliere
3184 3916 3463 3980 haeretica
3489 3935 3636 3979 con-

267 4012 617 4069 συνάπτεσθαι
661 4014 888 4091 γυναικὶ,
948 4016 1087 4091 μὴτε
1149 4018 1402 4096 αἱρετικῷ
1444 4006 1586 4096 ἀνδρὶ
1656 4013 1923 4096 ὀρθόδοξον

2010 4007 2187 4085 iungi,
2221 4025 2415 4088 neque
2446 4025 2583 4070 vero
2613 4008 2874 4069 orthoxaa
2895 4025 3029 4068 cum
3064 4006 3185 4068 viro
3235 4007 3518 4069 haeretica
3540 4025 3641 4068 co-

264 4113 495 4180 γυναῖκα
564 4102 955 4181 συζεύγνυσθαι.
1043 4101 1194 4160 Ἀλλ’
1253 4106 1297 4161 εἰ
1350 4107 1438 4162 καὶ
1494 4111 1633 4185 φανῇ
1688 4110 1924 4161 τοιοῦτον

264 4189 368 4246 ὑπό
398 4211 538 4254 τινος
563 4196 669 4246 τῶν
717 4191 962 4249 ἁπάντων
1014 4193 1316 4270 γινόμενον,
1363 4193 1550 4273 ἄκυρον
1603 4195 1694 4249 τὸν
1748 4194 1923 4271 γάμον

265 4280 538 4361 ἡγεῖσθαι,
572 4282 660 4336 καὶ
687 4280 749 4336 τὸ
770 4277 995 4355 ἄθεσμον
1023 4277 1316 4339 διαλύεσθαι
1349 4280 1693 4368 συνοικέσιονσ,
1727 4285 1800 4341 Οὐ
1824 4282 1923 4360 γὰρ

2005 4097 2216 4178 pulari.
2253 4095 2368 4160 Sed
2401 4103 2459 4157 et
2490 4098 2541 4159 si
2569 4096 2712 4179 quid
2740 4094 3036 4176 ejusmodi
3063 4095 3137 4158 ab
3169 4095 3289 4157 ullo
3322 4114 3393 4157 ex
3436 4094 3637 4157 omni-

2004 4185 2115 4247 bus
2145 4187 2363 4247 factum
2394 4185 2753 4266 apparuerit,
2786 4185 2989 4248 irritas
3024 4185 3261 4267 nuptias
3284 4184 3641 4261 existimari,

2007 4284 2065 4337 et
2092 4276 2381 4337 nefarium
2415 4275 2752 4357 conjugium
2783 4273 3026 4337 dissolvi
3058 4294 3072 4335 :
3112 4292 3305 4355 neque
3350 4275 3510 4335 enim
3548 4291 3638 4350 ea,

269 4369 383 4448 χρὴ
411 4369 479 4424 τὰ
520 4366 717 4444 ἄμικτα
745 4370 1010 4449 μιγνύναι,
1071 4368 1188 4427 οὐδὲ
1246 4378 1323 4446 τῷ
1364 4369 1615 4450 προϐάτῳ
1640 4362 1733 4427 τὸν
1762 4369 1918 4427 λύκον

2010 4383 2132 4445 quae
2160 4383 2279 4426 non
2310 4374 2445 4425 sunt
2476 4365 2802 4438 miscenda,
2845 4362 3087 4425 misceri
3116 4381 3132 4441 ;
3164 4379 3275 4426 nec
3305 4380 3474 4423 ovem
3504 4380 3639 4423 cum

269 4455 683 4533 συμπλέκεσθαι,
740 4460 829 4515 καὶ
884 4464 953 4536 τῇ
1008 4465 1099 4516 τοῦ
1154 4467 1379 4539 Χριστοῦ
1436 4461 1635 4537 ποίμνῃ
1692 4461 1784 4516 τὸν
1812 4465 1917 4515 τῶν

268 4544 598 4624 ἁμαρτωλῶν
627 4545 847 4626 κλῆρον,
885 4550 943 4605 Εἰ
980 4547 1034 4604 δὲ
1092 4547 1307 4627 παραϐῇ
1363 4572 1444 4615 τις
1488 4550 1553 4606 τὰ
1595 4548 1719 4627 παρ’
1761 4550 1917 4625 ἡμῶν

267 4635 557 4716 ὁρισθέντα,
590 4635 931 4716 ἀφοριζέσθω.
966 4627 1028 4693 Ἠ
1058 4644 1181 4716 γοῦν
1209 4636 1295 4693 διὰ
1329 4638 1429 4707 τὴν
1465 4636 1687 4714 ἄθεσμον
1716 4638 1915 4706 ταύτην

264 4724 541 4781 κοινωνίαν
570 4726 703 4802 μετὰ
732 4728 1013 4806 αἱρετικοῧ,
1042 4726 1384 4806 ἀφωρισμένη
1416 4727 1543 4785 οὖσα
1569 4729 1657 4784 καὶ
1685 4726 1912 4783 ἀκοινώ-

265 4834 449 4894 νητος,
480 4814 594 4878 πῶς
624 4818 731 4870 τῶν
772 4814 922 4872 θείων
964 4816 1309 4893 ἁγιασμάτων
1355 4814 1642 4896 ἀξιωθείη;
1705 4816 1914 4881 πάντως

265 4898 517 4978 οὐδαμοῦ,
575 4902 620 4958 εἰ
690 4902 768 4978 μὴ
818 4902 1031 4980 ἀποστῇ
1082 4908 1177 4961 τοῦ
1216 4910 1407 4979 κακοῦ,
1466 4903 1555 4959 καὶ
1608 4914 1911 4966 κανονικοτς

267 4990 548 5067 ἑπιτίμίοις
578 4988 831 5071 διορθωθῇ
842 5038 855 5051 .

349 5165 541 5248 Ἐρώτ.
653 5157 756 5232 λδ’.
865 5170 1017 5234 Τινὲς
1124 5170 1439 5249 γυναικείων
1550 5168 1915 5247 μοναστηρίων

266 5260 599 5339 προεστῶσαι
640 5264 887 5329 ζητοῦσιν
929 5259 1239 5341 ἐγχώρησιν
1320 5258 1672 5325 επισκοπικὴν
1756 5257 1915 5336 χάριν

264 5354 358 5405 τοῦ
413 5346 659 5429 δέχεσθαι
727 5346 1017 5427 λογισμούς
1087 5352 1193 5408 τῶν
1262 5346 1350 5406 ὑπ’
1418 5347 1577 5412 αὐτὰς
1634 5352 1914 5426 μοναχῶν,

260 5444 533 5515 Ζητοῦμεν
584 5436 672 5495 οὖν
730 5437 776 5494 εἰ
829 5436 970 5495 ἔστιν
1024 5436 1376 5519 ἐνδεχόμενον
1439 5445 1596 5496 τοῦτο
1653 5435 1914 5515 γενέσθαι.

2001 4452 2163 4534 lupo,
2199 4472 2309 4515 nec
2343 4462 2719 4534 peccatorum
2749 4461 2969 4514 sortem
3018 4469 3153 4514 cum
3196 4450 3414 4514 Christi
3468 4457 3640 4530 parte

2000 4543 2280 4624 conjungi
2309 4551 2562 4623 oportet.
2597 4542 2659 4604 Si
2701 4541 2833 4623 quis
2876 4549 3073 4603 autem
3107 4558 3198 4615 ea,
3233 4558 3364 4621 quae
3400 4558 3436 4600 a
3465 4538 3640 4600 nobis

1998 4633 2239 4695 decreta
2266 4641 2423 4705 sunt,
2459 4641 2860 4711 transgressus
2890 4629 3088 4692 fuerit.
3122 4626 3638 4709 segregeturﬂuat

1997 4721 2175 4800 igitur
2204 4738 2310 4802 per
2342 4721 2604 4782 .llicitam
2626 4723 2780 4781 hanc
2804 4737 2937 4781 cum
2959 4717 3237 4781 haeretica
3261 4718 3635 4797 societatem,

1998 4810 2385 4872 exterminata
2406 4808 3031 4888 excommunicataque
3054 4815 3434 4889 est,quonam
3467 4805 3643 4868 modo

1998 4898 2314 4961 habebitur
2345 4899 2560 4961 divinis
2591 4895 3167 4962 sanctiﬁcationibus
3214 4896 3391 4976 digna
3415 4894 3447 4955 ?
3480 4894 3642 4958 nullo

1997 5006 2262 5069 prorsus,
2296 4988 2410 5049 nisi
2439 5009 2469 5049 a
2504 4988 2661 5050 malo
2691 4987 2963 5063 divertat,
2991 4994 3049 5047 et
3071 4984 3375 5047 canonicis
3427 5002 3641 5049 emen-

1996 5078 2132 5139 data
2153 5077 2228 5136 sit
2248 5077 2744 5141 correctionibus.

2078 5164 2301 5230 Interr.
2324 5165 2425 5229 34.
2443 5164 2717 5238 Quasdam
2743 5164 3126 5228 muliebrium
3149 5163 3641 5226 monasteriorum

2000 5254 2291 5335 praelecta:
2311 5255 2707 5336 episcopalem
2752 5255 3068 5337 requirunt
3096 5254 3330 5317 veniam
3362 5265 3407 5330 ι’,
3438 5261 3501 5318 ut
3530 5254 3644 5316 sibi

1999 5344 2368 5407 subditarum
2383 5344 2725 5407 monialium
2746 5345 3057 5408 ratiocinia
3085 5341 3645 5426 8suscipiant.Quaa-

2000 5433 2210 5514 rimus,
2228 5452 2306 5497 an
2334 5434 2481 5496 illud
2511 5434 2742 5497 admitti
2771 5433 2979 5515 possit.

1589 5539 1842 5606 VARIE
1885 5540 2320 5615 LECTIONES.

379 5622 790 5705 permissione
818 5633 840 5664 '
863 5624 1286 5704 confessiones.

503 5729 756 5795 ΡΑπιοι..
788 5728 901 5798 Gn.
931 5727 1133 5794 CXIX-

3168 5728 3243 5791 34
