4160 6212
491 337 640 402 1067

491 557 925 634 sacerdotibus,
973 557 1418 620 confessionum
1469 556 1770 618 suscicere
1824 553 2131 617 ratiocinia

491 671 622 716 cum
652 649 974 732 episcopali
1009 648 1326 730 permissu.
1363 645 1426 710 Si
1472 647 1650 726 igitur
1702 665 1820 708 non
1867 653 2132 708 sacratus

491 741 807 823 praefectus
835 756 944 802 nec
976 757 1108 800 cum
1152 736 1474 819 episcopali
1520 736 1812 818 permissu
1843 736 1901 796 id
1936 734 2130 796 facere

491 837 706 912 potest,
735 827 918 889 multo
951 827 1147 890 minus
1176 826 1234 889 id
1261 827 1557 908 praefecte;
1585 843 1932 888 concessum
1963 823 2078 885 erit
2110 842 2124 883 :

488 919 599 981 etsi
624 919 813 980 virtus
834 917 965 998 ejus
993 917 1180 980 solem
1211 915 1528 998 splendore
1550 924 1816 998 superet.

567 1095 812 1161 Interr.
857 1097 956 1160 35.
1003 1095 1197 1159 Divini
1241 1115 1492 1159 canonss
1520 1096 1950 1159 diconissarum
2004 1110 2133 1154 me-

491 1185 812 1249 minerunt.
849 1185 1208 1269 Quaerimus,
1241 1186 1413 1268 quale
1435 1186 1508 1249 sit
1534 1205 1736 1249 earum
1769 1183 2049 1246 ofﬁcium.

567 1365 905 1449 Resp.0|im
934 1366 1254 1445 aliquando
1279 1364 1522 1428 ordines
1551 1364 2015 1426 diaconissarum
2040 1379 2134 1421 ca-

501 1456 760 1519 nonibus
789 1456 1010 1532 cogniti
1039 1455 1226 1531 fuere,
1262 1454 1685 1536 habebantque
1713 1454 1854 1535 ipsae
1884 1450 2130 1532 gradum

502 1545 576 1607 ad
605 1547 813 1608 altare.
851 1549 1291 1609 Menstruorum
1323 1553 1517 1606 autem
1555 1543 1882 1625 inquinatio
1918 1541 2096 1604 minis
2119 1574 2133 1586 -

496 1631 709 1695 terium
735 1652 937 1695 earum
970 1651 1004 1696 a
1027 1633 1227 1694 divino
1252 1642 1314 1698 et
1354 1643 1558 1697 sancto
1589 1632 1758 1695 altari
1788 1631 2036 1712 expulit.
2068 1629 2135 1690 In

1857 333 1890 396 Ι
1895 333 1990 396 US
2029 329 2475 398 CANONICUM

569 473 743 551 Resp.
779 467 932 532 Alibi
955 468 1132 531 etiam
1163 466 1442 550 diximus,
1483 466 1626 530 solis
1675 464 1960 529 tributum
1992 482 2125 526 esse
2145 474 2186 522 Α

3703 318 3732 380 1
3743 315 3870 382 068

2296 461 2486 528 Ἀπόκ,
2535 465 2628 521 Γαὶ
2685 463 2875 522 ἄλλοτε
2938 461 3190 538 εἴπομεν,
3250 457 3432 536 μόνοις
3485 455 3607 520 τοῖς
3675 455 3870 534 ἱερεῦσι

2213 555 2348 630 μετὰ
2405 553 2760 622 ἐπισκοπικῆς
2829 552 3186 634 ἐκχωρήσεως
3258 545 3534 623 δεδομένον
3591 543 3735 600 εἶναι
3807 544 3869 598 τὸ

2213 622 2456 724 δέχεσθαι
2539 642 2847 723 λογισμούς,
2894 622 3028 699 ’.Ἂν
3109 649 3234 720 γοῦν
3291 622 3405 695 οὗδὲ
3473 635 3678 724 ἆνίερος
3732 635 3871 689 καθ-

2212 721 2508 811 ηγούμενος
2585 721 2718 809 μετὰ
2804 732 3154 798 ἑπισκοπικης
3224 727 3581 808 ἐκχωρήσεως
3655 721 3869 781 δύναται

2215 819 2459 901 δέχεσθαι
2490 820 2800 902 λογισμοὺς,
2840 819 3024 896 πολλῷ
3065 817 3226 877 πλέον
3273 819 3368 875 οὒκ
3395 815 3687 902 ἒκχωρηθῇ
3710 817 3868 902 τοῦτο

2215 899 2356 990 παρὰ
2383 899 2783 990 καθηγουμένης
2812 912 3064 992 γίνεσθαι,
3096 907 3193 966 κᾶν
3223 909 3260 977 ἡ
3289 905 3451 986 ἁρετὴ
3481 903 3643 969 αὐτῆς
3675 899 3871 977 λάμπῃ

2215 1002 2305 1057 τὸν
2333 998 2508 1066 ἥλιον.

2299 1089 2489 1170 Ἐρώτ.
2537 1078 2638 1152 λε’.
2698 1093 2756 1147 Ol
2811 1093 2946 1148 θεῖοι
2997 1091 3214 1153 κανόνες
3273 1085 3540 1163 μέμνηται
3598 1080 3874 1139 διακονισ-

2219 1184 2496 1239 κονισσῶν.
2543 1186 2812 1255 Ζητοῦμεδ
2841 1179 2931 1236 οὖν
2977 1183 3166 1256 μαθεῖν
3202 1175 3362 1234 ποτόν
3406 1174 3516 1231 ἐστι
3560 1171 3620 1228 τὸ
3664 1170 3872 1228 τούτων

2216 1265 2596 1348 λειτούργημα.

2299 1355 2489 1417 Ἀπόκ.
2535 1355 2708 1414 Πάλαι
2753 1359 2879 1415 ποτὲ
2936 1359 3023 1414 καὶ
3068 1357 3313 1435 τάγματα
3353 1353 3698 1410 διακονισσῶν
3750 1361 3876 1411 τοῖς

2219 1447 2431 1504 κανόσιν
2489 1446 2898 1525 ἐπεγινώσκετο,
2973 1449 3060 1505 καὶ
3103 1448 3265 1526 ε’ίχον
3304 1446 3394 1501 καὶ
3459 1442 3610 1499 αὗται
3665 1439 3874 1516 βαθμὸν

2215 1535 2268 1594 ἒν
2323 1543 2400 1610 τῷ
2468 1539 2671 1614 βήματι
2709 1555 2724 1569 ⁹
2782 1539 2816 1606 ἡ
2891 1535 2945 1594 δὲ
3004 1540 3108 1593 τῶν
3178 1536 3435 1612 ἐμμήνων
3491 1532 3725 1591 κάκωσις
3766 1526 3874 1592 τὴν

2215 1627 2498 1706 ὑπηρεσίαν
2529 1627 2724 1694 ταύτην
2753 1631 2815 1683 εκ
2855 1635 2946 1685 τοῦ
2973 1629 3107 1684 θείου
3155 1627 3241 1683 καὶ
3282 1626 3432 1702 ἁγίου
3459 1623 3700 1700 βήματος
3732 1617 3879 1674 ἀπε·

493 1721 870 1785 sanctissima
901 1732 1095 1786 autem
1129 1723 1402 1786 Ecclesia
1424 1723 1584 1787 sedis
1606 1707 2135 1801 Constantinopoli-

2234 1716 2406 1783 ᾖένωσε
2442 1734 2455 1748 ⁶
2490 1717 2630 1796 παρὰ
2659 1714 2714 1772 δὲ
2742 1723 2809 1793 τῇ
2852 1717 3122 1795 ἁγιωτάτῃ
3179 1713 3473 1785 Ἐκκλησία
3527 1719 3620 1768 τοῦ
3683 1707 3876 1785 θρόνου

495 1818 768 1874 tanorum
823 1811 1170 1874 diaconissaa
1224 1812 1587 1892 deliguntur,
1643 1830 1823 1873 unam
1895 1809 2135 1891 quidem

497 1901 1098 1964 communicationem
1151 1921 1270 1964 non
1335 1901 1624 1964 habentes
1681 1901 1755 1964 ad
1806 1901 2008 1975 altare,
2075 1898 2137 1959 in

501 1989 707 2051 multis
737 1998 935 2053 autem
967 1990 1254 2054 habentes
1285 1999 1660 2070 conventum,
1695 1999 1750 2054 et
1783 1989 2136 2052 muliebrem

497 2085 716 2142 cretum
744 2078 1145 2143 ecclesiastice
1174 2080 1518 2161 dirigentes.

581 2167 808 2232 Interr.
844 2169 944 2236 36.
979 2174 1067 2233 An
1097 2169 1502 2234 subdiaconus
1532 2180 1590 2234 et
1624 2169 1908 2233 diaconus
1938 2166 2138 2247 legiti-

502 2275 599 2320 me
628 2257 814 2339 possit
843 2277 976 2320 cum
1000 2258 1250 2322 muliere
1279 2260 1541 2341 copulari
1563 2278 1775 2322 necne.

576 2346 758 2428 Resp.
792 2346 864 2410 Et
891 2367 1169 2423 canones,
1205 2356 1261 2412 et
1295 2350 1458 2429 leges
1492 2350 1669 2412 variae
1706 2356 1904 2410 vetant
1934 2367 2138 2412 sacra-

500 2442 592 2498 tos
620 2444 756 2516 post
783 2436 1218 2500 ordinationem
1252 2437 1600 2501 mulieribus
1643 2439 1944 2519 conjungi.
1993 2437 2138 2502 Cum

500 2532 696 2587 autem
733 2527 820 2607 (ut
840 2527 1090 2607 videtur)
1122 2529 1474 2591 canonicum
1523 2530 1637 2591 hoc
1663 2538 2144 2592 contemneretur

500 2613 906 2692 interdictum,
931 2616 1089 2679 inter
1116 2617 1511 2698 imperatores
1544 2618 1792 2699 inclytus
1824 2626 1881 2680 et
1898 2617 2140 2699 sapien-

506 2704 768 2767 tissimus
799 2705 1075 2770 dominus
1102 2707 1222 2771 Leo
1271 2728 1378 2788 per
1418 2707 1720 2771 Novellam
1770 2708 2140 2772 sanctionem

503 2791 712 2854 vitium
743 2794 1098 2857 emendavit.
1130 2795 1323 2876 Inquit
1377 2798 1533 2858 enim
1579 2798 1704 2858 haec
1734 2796 1795 2858 in
1838 2805 2003 2878 parte
2032 2816 2140 2859 ex-

506 2881 759 2962 pressim
794 2882 964 2944 tertia
995 2884 1124 2964 ejus
1145 2885 1396 2948 Novella
1424 2907 1437 2948 :
1470 2885 1761 2948 Jubemus
1793 2892 1858 2948 ut
1882 2885 1953 2947 ad
1977 2895 2141 2948 vetus

505 2968 789 3033 Ecclesia;
805 2991 1064 3054 superne
1083 2973 1358 3036 traditum
1388 2975 1780 3057 prescriptum
1805 2975 2143 3038 creationes

508 3059 836 3139 procedant
869 3046 896 3124 ε’
919 3080 1113 3144 neque
1143 3063 1304 3124 enim
1355 3046 1599 3143 dignum
1620 3046 1755 3137 'est,
1791 3071 1852 3124 ut
1883 3063 1982 3144 qui
2015 3062 2140 3144 spi-

2234 3055 2490 3139 ἓιάταγμα
2572 3060 2665 3125 τὰς

506 3147 677 3210 ritali
709 3168 965 3214 ascensu
996 3169 1173 3232 supra
1203 3153 1470 3234 corporis
1517 3152 1915 3234 abjectionem
1956 3152 2143 3215 evecti

502 3246 659 3319 sunt,
692 3238 752 3300 hi
776 3257 986 3303 rursus
1013 3241 1086 3304 ad
1117 3242 1312 3304 carnis
1341 3244 1547 3306 sordes
1595 3241 1986 3323 delabantur;
2037 3241 2141 3303 sed

501 3345 536 3388 e
593 3327 848 3406 diverso,
899 3340 961 3392 ut
1003 3330 1265 3394 divinum
1315 3332 1712 3394 ministerium
1755 3351 1822 3394 ex
1877 3331 2142 3413 corporis

504 3417 781 3480 sordibus
811 3429 1087 3501 tanquam
1117 3421 1177 3482 in
1209 3422 1390 3483 altum
1424 3422 1680 3504 aliquem
1704 3422 1952 3502 gradum
1976 3440 2144 3483 cons-

506 3507 742 3583 cendat,
779 3511 1230 3573 convenientius
1280 3511 1478 3575 fuerit.
1515 3511 1909 3585 Quamobrem
1967 3529 2141 3572 nemo

506 3614 736 3676 eorum,
772 3599 875 3679 qui
905 3599 1076 3663 altari
1106 3601 1372 3662 serviunt
1397 3610 1550 3683 post.
1582 3601 2019 3664 ordinationem
2044 3620 2144 3662 au~

501 3683 707 3746 dacter
747 3685 876 3766 lege
925 3687 1208 3750 connubii
1239 3689 1470 3752 mulieri
1515 3689 1928 3769 conjungetur.
1963 3688 2146 3771 ldque

503 3775 550 3833 si
583 3773 798 3837 iecerit
856 3775 1043 3851 licuit,
1094 3777 1249 3858 quod
1313 3787 1444 3858 post
1491 3797 1619 3840 eam
1668 3779 1817 3840 adeo
1848 3778 2004 3841 male
2038 3777 2148 3840 fuit

506 3877 707 3925 ausus.

584 4129 816 4197 Interr.
859 4135 959 4199 37.
1022 4135 1270 4198 Licitum
1316 4145 1405 4199 est
1440 4136 1780 4199 saceadotes
1839 4137 2145 4218 praefectos

507 4221 883 4299 exsistentes,
917 4223 1004 4286 vel
1052 4224 1429 4306 primopapas
1447 4230 1518 4304 δ’,
1554 4234 1612 4288 et
1654 4227 1986 4306 pontiﬁces,
2039 4246 2144 4290 su-

510 4311 874 4392 permanicis
918 4322 976 4376 et
1030 4315 1565 4397 supergenualibus
1614 4315 1908 4396 insigniri,
1950 4336 2024 4379 an
2057 4325 2148 4380 est

504 4399 778 4463 vetitum.

586 4491 1339 4575 Resp.Supermanicarum
1355 4495 1941 4576 etsupergenualium
1957 4514 2148 4559 sacra-

506 4581 774 4646 tissimus
817 4583 1069 4645 amictus
1111 4583 1254 4645 solis
1289 4583 1666 4665 pontiﬁcibus
1686 4585 2002 4648 attributus
2033 4595 2144 4663 est,

2217 1807 2322 1864 τῶν
2368 1804 2995 1866 Κωνσταντινουπολιτῶν
3050 1804 3372 1862 διακόνισσαι
3419 1801 3876 1881 προχειρίζονται,

2218 1897 2342 1973 μίαν
2374 1895 2471 1972 μὲν
2503 1895 2780 1971 μετουσίαν
2811 1895 2888 1971 μὴ
2918 1893 3140 1975 ἔχουσαι
3184 1893 3238 1950 ἐν
3287 1897 3364 1966 τῷ
3391 1892 3616 1969 βήματι,
3662 1886 3878 1953 ἐκκλη-

2220 1987 2488 2057 σιάζουσαι
2517 1982 2666 2041 δὲτὰ
2708 1983 2906 2060 πολλὰ,
2962 1987 3048 2041 καί
3095 1984 3194 2052 τὴν
3251 1993 3621 2063 γυναικωνῖτιν
3665 1977 3878 2044 ἐκκλη-

2220 2081 2508 2140 σιαστικῶς
2551 2071 2928 2154 διορθούμεναι.

2305 2163 2493 2245 Ἐρώτ.
2526 2159 2665 2241 λς’.
2701 2156 3070 2227 ’Υποδιάκονος
3117 2163 3204 2220 καὶ
3253 2160 3492 2226 διάκονος
3540 2157 3752 2216 δύναται
3783 2181 3880 2214 νο·-

2223 2257 2399 2332 μίμως
2433 2261 2753 2338 ωναφθῆναι
2782 2255 3010 2336 γυναικὶ,
3040 2253 3076 2322 ἢ
3119 2253 3179 2310 οῦ
3208 2271 3225 2334 ς

2305 2343 2498 2410 Ἀπόκ.
2546 2337 2644 2406 Καὶ
2701 2345 2916 2410 κανόνες
2987 2345 3072 2401 καὶ
3114 2343 3268 2419 νόμοι
3324 2339 3556 2422 διάφοροι
3606 2337 3873 2396 κωλύωσι

2222 2437 2343 2500 τοὺς
2427 2435 2740 2516 ἱερωμένους
2824 2434 3170 2493 συνάπτεσθαι
3272 2430 3468 2511 γυναιξὶ
3549 2429 3688 2505 μετὴ
3773 2431 3875 2494 τήν

2224 2526 2578 2605 χειροτονίαν.
2638 2531 2740 2584 Τοῦ
2819 2522 2873 2581 δὲ
2927 2523 3162 2581 τοιούτου
3230 2525 3508 2579 κανονικοῦ
3561 2517 3874 2598 παραγγέλ-

2226 2637 2392 2690 ματος
2461 2613 2830 2694 ἀθετουμενου,
2916 2614 2989 2676 ὡς
3073 2611 3268 2689 ἔοικεν,
3340 2613 3369 2668 ὁ
3435 2609 3489 2665 ὲν
3571 2606 3879 2685 βασιλεῦσιν

2226 2702 2460 2780 ἀοίδιμος
2529 2704 2618 2760 καὶ
2675 2703 2976 2784 σοφώτατος
3047 2702 3223 2781 κύριος
3307 2699 3476 2774 Λέων,
3535 2696 3619 2754 διὰ
3685 2697 3877 2753 θεσπί-

2225 2815 2424 2869 σματος
2472 2799 2672 2871 Νεαροῦ
2733 2795 2794 2849 τὸ
2853 2793 3018 2849 κακὸν
3074 2789 3426 2870 διωρθώσατο.
3491 2789 3632 2854 Φησὶ
3689 2787 3793 2864 γὰρ
3841 2787 3878 2853 ἦ

2224 2883 2371 2960 τρίτη
2432 2883 2604 2961 Νεκρὰ
2661 2883 2814 2938 αὺτοῦ
2883 2879 2936 2936 ἐν
3007 2879 3153 2960 μέρει
3229 2886 3390 2936 ταῦτα
3463 2877 3636 2955 ῥητῶς
3683 2895 3700 2912 ο
3767 2885 3877 2933 Κε-

2225 2969 2446 3045 λεύομεν
2503 2971 2640 3026 κατᾶ
2707 2971 2769 3027 τὸ
2839 2968 3032 3027 ἄνωθεν
3090 2968 3326 3049 ἀρχαῖον
3396 2971 3495 3034 τῆς
3551 2961 3876 3030 Ἐκκλησίας

2777 3059 3104 3141 χειροτονίας
3213 3053 3533 3138 προϐαίνειν,
3620 3055 3694 3112 Οὒ
3777 3054 3880 3132 γὰρ

2226 3147 2366 3214 ἄξιόν
2449 3148 2582 3225 ἐστι,
2670 3149 2804 3225 μετὰ
2885 3150 2946 3205 τὸ
3028 3148 3367 3224 ἀνυψωθῆναι
3425 3145 3518 3213 τῆς
3565 3148 3879 3219 σωματικῆς

2224 3238 2592 3303 ταπεινώσεως
2675 3239 2776 3295 ὑπὸ
2880 3238 2976 3306 τῆς
3077 3240 3439 3312 πνευματικῆς
3540 3231 3872 3306 ἀναϐάσεως,

2224 3327 2436 3393 τούτους
2465 3325 2623 3384 πάλιν
2671 3325 2754 3384 ἐπὶ
2810 3327 2907 3394 τὴν
2963 3327 3220 3406 σαρκικήν
3288 3322 3646 3390 ταπεινότητα
3702 3345 3878 3378 κατα-

2224 3415 2430 3471 πίπτειν
2467 3432 2480 3446 ’
2540 3413 2836 3471 τοῦναντίον
2906 3412 2961 3470 δὲ
3034 3413 3233 3489 μᾶλλον
3303 3417 3414 3493 χρὴ
3483 3413 3556 3475 εἰς
3625 3406 3882 3466 ἀνάϐασιν

2225 3501 2440 3578 ὑψηλὴν
2495 3503 2596 3570 τὴν
2649 3504 2790 3560 θείαν
2873 3503 3195 3582 λειτουργίαν
3274 3502 3333 3560 ἐκ
3404 3507 3500 3568 τῆς
3564 3503 3879 3575 σωματικῆς

2226 3593 2606 3659 ταπεινότητος
2675 3590 2986 3652 ἀναϐαίνειν.
3052 3595 3145 3649 Διὸ
3201 3590 3362 3656 ούδεὶς
3419 3598 3524 3649 τῶν
3567 3599 3660 3649 τοῦ
3701 3593 3886 3668 βήμαο

2230 3703 2318 3746 τος
2350 3683 2485 3758 μετὰ
2514 3683 2611 3750 τὴν
2670 3684 2998 3762 χειροτονίαν
3040 3682 3325 3763 ταλμηρῶς
3385 3683 3694 3764 συζευχθείη
3743 3685 3883 3741 κατᾶ

2230 3773 2394 3851 νόμον
2445 3773 2620 3854 γάμου
2677 3776 2934 3853 γυναικί*
3019 3781 3174 3832 τοῦτο
3243 3772 3298 3830 δέ
3353 3775 3584 3845 ποιήσας
3627 3777 3885 3852 καθαιρε-

2228 3865 2467 3933 θήσεται.
2556 3861 2713 3931 ’Νξῆν
2798 3865 2898 3944 γὰρ
2981 3864 3124 3938 αὖτῷ
3205 3866 3304 3946 πρὸ
3384 3869 3485 3932 τῆς
3544 3865 3884 3944 χειροτονίας

2221 3957 2440 4020 ποιῆσαι
2481 3953 2543 4010 τὸ
2591 3955 2726 4030 μετὰ
2780 3955 2877 4023 τὴν
2919 3957 3250 4036 χειροτονίαν
3319 3954 3457 4014 οὕτω
3499 3959 3674 4019 κακῶς
3747 3951 3880 4010 tol-

2272 4041 2419 4109 ηθέν.

2344 4065 2419 4103 εν.

2230 4065 2501 4211 μηὶΙιῖὶρώτ.
2555 4120 2658 4204 λζ’.
2723 4132 3070 4213 Ἐκχωρητόν
3113 4133 3224 4190 ἐστι
3279 4135 3401 4200 τοὺς
3456 4133 3646 4216 ἱερεῖς,
3704 4135 3884 4212 ἡγου-

2229 4219 2418 4294 μένους
2468 4224 2646 4300 δντας,
2691 4221 2727 4292 ἢ
2783 4222 3238 4300 πρωτοπαπάδας,
3285 4226 3372 4281 καὶ
3413 4225 3534 4289 τοὺς
3577 4223 3886 4303 ἀρχιερεῖς,

2229 4307 2312 4365 διὰ
2368 4309 2693 4387 ἐπιμανίκων
2748 4311 2845 4369 καί
2903 4310 3250 4392 ἐπιγονατίων
3309 4311 3756 4389 ἂποσεμνύνεσθαι
3790 4325 3807 4340 ⁶
3847 4312 3888 4380 ἢ

2173 4408 2216 4459 D
2234 4398 2553 4459 κεκώλυται.

2313 4486 2504 4552 Ἀπόκ.
2566 4479 2628 4547 Ἦ
2682 4491 2788 4547 τῶν
2845 4489 3168 4568 ἐπιμανίκων
3227 4493 3314 4550 καὶ
3368 4498 3474 4550 τῶν
3531 4490 3889 4571 ἐπιγονατίων

2230 4579 2488 4657 ἱερωτάτη
2552 4578 2820 4656 ἐνδυμενία
2883 4583 3065 4657 μόνοις
3131 4595 3248 4647 τοῖς
3300 4581 3600 4663 ἀρχιερεῦσι
3651 4579 3891 4662 πεφιλο-

507 4670 662 4732 velut
685 4671 930 4750 ﬁguram
953 4671 1362 4735 obtinentibus
1379 4673 1703 4755 Domini,et
1724 4673 1920 4750 Dei,et
1941 4674 2140 4738 Servo-

2234 4668 2470 4742 τέμηται,
2547 4670 2619 4733 ὡς
2670 4671 2762 4726 τὸν
2816 4672 2978 4729 τύπον
3040 4672 3292 4752 ἐπέχουσι
3377 4679 3470 4729 τοῦ
3543 4672 3725 4752 Κυρίου
3792 4673 3892 4728 καὶ

506 4759 722 4821 vatoris
751 4762 939 4823 nostri
964 4761 1105 4825 .lesu
1135 4762 1383 4826 Christi:
1413 4763 1672 4845 indeque
1702 4772 1940 4845 peccata
1969 4767 2140 4827 etiam

2234 4767 2362 4816 Θεοῦ
2405 4763 2492 4818 καὶ
2521 4762 2768 4842 Σωτῆρος
2821 4766 2974 4841 ἡμῶν
3031 4762 3207 4833 Ἰησοῦ
3261 4772 3488 4842 Χριστοῦ
3518 4780 3534 4796 ⁶
3606 4765 3888 4822 κάντεῦθεν

503 4848 808 4910 hominum
829 4851 1393 4933 remittunt,aliaque
1417 4853 1724 4932 majoraad
1755 4854 2140 4918 imitationem

2234 4850 2320 4906 καὶ
2362 4850 2615 4930 ἁμαρτίας
2685 4851 2918 4932 ἀφιοῦσιν
2975 4851 3282 4934 ἀνθρώπων,
3344 4856 3432 4911 καὶ
3492 4851 3627 4910 ἄλλα
3669 4875 3886 4910 ποιουσι

507 4936 734 5002 Christi
763 4939 1003 5016 faciunt,
1041 4959 1173 5021 quae
1211 4941 1626 5004 sacerdotibus
1669 4943 1803 5004 data
1847 4963 1964 5004 non
1988 4952 2140 5005 sunt.

2235 4941 2680 5017 Χριστομιμήτως
2767 4943 3002 5024 μείζονα,
3103 4942 3202 5002 ὅσα
3281 4958 3399 5008 τοῖς
3488 4945 3708 5023 ἱερεῦσιν
3784 4948 3887 5004 05x

507 5024 717 5098 Quaere
730 5047 923 5109 neque
945 5029 1723 5112 supermanicarum,neque
1743 5049 2140 5111 supergenua-

2234 5025 2567 5096 ἐνεδόθησαν,
2604 5031 2696 5086 Διὸ
2750 5029 2866 5088 οῦδὲ
2921 5035 3020 5100 τῆς
3063 5039 3169 5091 σῶν
3225 5033 3549 5111 ἐπιμανίκων
3603 5031 3718 5092 οὐδὲ
3774 5040 3889 5092 τῶν

505 5114 653 5177 lium
686 5118 1076 5179 merebuntur
1141 5117 1448 5182 amictum.
1500 5119 1645 5182 Nam
1722 5121 2140 5199 supermanica

2234 5116 2580 5196 ἐπιγονατίων
2689 5117 2984 5196 ἐνδυμενίας
3083 5120 3484 5194 ἆξιωθήσονται.
3597 5122 3675 5180 Τὰ

508 5205 696 5285 ﬁgura
753 5214 890 5268 sunt
939 5207 1328 5289 manicarum,
1360 5206 1574 5289 quibus
1620 5217 1788 5270 erant
1818 5209 2140 5272 constricta

2234 5206 2520 5283 ἐπιμάνικα
2577 5209 2738 5274 τύπος
2793 5212 2888 5268 εἰσὶ
2942 5217 3049 5268 τῶν
3107 5211 3434 5294 χειροπεδῶν
3489 5214 3596 5272 τῶν
3639 5211 3890 5294 ἑλιχθει-

509 5312 721 5357 manus
749 5295 1010 5372 Domini,
1054 5305 1112 5358 et
1141 5295 1269 5372 Dei,
1313 5304 1370 5359 et
1398 5295 1730 5360 Servatoris
1781 5296 1970 5361 nostri
2006 5298 2140 5362 Jesu

2234 5303 2338 5353 σῶν
2398 5297 2468 5363 εἷς
2524 5298 2616 5364 τὰς
2661 5311 2852 5378 χεῖρας
2894 5309 2987 5360 τοῦ
3045 5304 3230 5381 Κυρίου
3285 5303 3371 5360 καὶ
3428 5309 3558 5359 Θεοῦ
3611 5303 3698 5358 καὶ
3771 5309 3890 5358 Σω.

508 5384 754 5467 Christi,
775 5386 1008 5466 quando
1027 5387 1097 5447 ad
1120 5386 1514 5449 voluntariam
1532 5386 1872 5468 passionem
1895 5395 2140 5451 conten-

2234 5387 2387 5466 τῆρος
2439 5388 2594 5463 ἡμῶν
2651 5391 2830 5455 ἰησοῦ
2903 5397 3127 5468 Χριστοῦ
3184 5389 3270 5448 ὅτε
3329 5393 3458 5472 πρὸς
3519 5393 3579 5448 τὸ
3650 5393 3896 5449 ἑκούσιον

1839 5548 2089 5612 VARl/E
2132 5545 2566 5611 LECTIONES.

591 5681 646 5722 "
678 5683 786 5763 qui
815 5681 1062 5746 abbates
1086 5685 1232 5764 sint,
1264 5686 1358 5747 vel
1382 5685 1837 5765 prolopapades.
