4160 6212
254 347 282 409 1
294 346 417 412 069

1588 331 2302 402 GRIECO-ROMANUM.

3483 332 3642 397 1070

253 480 419 544 πάθος
475 476 748 558 ἠπείγετο,
838 476 910 533 Τὸ
983 470 1038 530 δὲ
1090 470 1424 552 ἐπιγονάτιον
1479 471 1552 533 εἰς
1613 468 1773 526 τόπον
1830 471 1944 525 τοῦ.

2008 464 2205 558 debat.
2238 463 2686 558 §upergenuale
2716 473 2939 558 autem,
2961 466 3148 558 ﬁgura
3171 473 3262 531 est
3287 467 3644 555 lintei,quod

258 568 461 625 λεντίου
493 557 658 641 ἐστὶν,
705 568 734 622 ὃ
785 566 813 621 ὁ
874 564 1056 643 Κύριος
1114 559 1415 633 ἐνεδύσατο,
1461 560 1549 616 καὶ
1591 559 1709 624 τοὺς
1753 557 1918 623 πόδας

260 663 370 714 τῶν
398 660 657 732 μαθητῶν
716 653 920 730 ἔνιψεν.
970 642 1188 730 υΩσπερ
1218 650 1306 708 οὖν
1339 653 1400 708 οὔ
1430 646 1600 715 δοθείη
1646 647 1921 722 ἐπισκόπῳ

259 747 463 803 τινὶτὰ
518 758 638 809 τοῖς
697 744 1053 823 πατριάρχαις
1104 738 1514 821 φιλοτιμηθέντα
1557 735 1641 794 διὰ
1698 736 1918 813 ἐνδυμε-

259 838 375 901 νίας
420 834 750 916 χαρίσματα,
825 832 1021 893 σάκκος
1078 829 1322 898 δηλονότι
1394 828 1482 884 καὶ
1537 824 1917 905 πολυσταύριον

264 913 510 1005 (τούτους
569 925 670 1003 γὰρ
737 913 839 979 ὕπὸ
892 921 1093 978 τούτων
1149 915 1474 975 κυδαίνεσθαι
1533 913 1791 993 δέδοκται,
1843 916 1916 978 ὡς

263 1004 353 1071 καὶ
400 1011 819 1093 ἀναφερομένους
879 1010 953 1074 εἷς
1010 1013 1110 1075 τῆς
1166 1005 1477 1083 οἰκουμένης
1547 1006 1613 1060 τὰ
1667 1004 1866 1084 πέρατα
1899 1020 1912 1035 ·

261 1101 427 1168 οὕτως
458 1100 573 1160 οὒδέ
601 1102 668 1158 τὰ
708 1113 824 1164 τοῖς
855 1097 1171 1161 ἐπισκόποις
1200 1093 1602 1171 ἀπονεμηθέντα
1653 1093 1916 1173 προνόμια

264 1204 383 1256 τοϊς
416 1195 603 1271 ἱερεῦσι
635 1188 909 1261 δοθήσεται
951 1208 963 1223 ⁸
1017 1186 1110 1244 ἵνα
1170 1187 1247 1264 μὴ
1301 1192 1409 1242 τῶν
1464 1182 1917 1251 ἐκκλησιαστικῶν

272 1281 571 1361 προνομίων
602 1280 857 1360 σύγχυσις
912 1276 1151 1357 γένηται,
1213 1275 1301 1332 καὶ
1340 1278 1419 1347 τῷ
1460 1272 1724 1329 Πλάσαντι
1782 1271 1915 1347 εἴη(⁸

266 1373 331 1427 τὸ
358 1369 579 1446 πλάσμα
616 1387 628 1401 ·
672 1366 976 1443 Ἐξισοῢμαί
1017 1389 1126 1425 σοι.

349 1457 540 1539 Ἐρώτ.
608 1446 723 1525 λη’.
797 1455 933 1513 Ἀπὸ
1014 1453 1241 1535 ἀρχαίας
1327 1451 1594 1532 ἐγχωρίου
1643 1448 1915 1539 συνηθείας

265 1538 550 1605 θάπτονται
608 1544 833 1621 λείψανα
890 1541 1171 1624 ὀρθοδόξων
1226 1543 1298 1605 εἷς
1354 1542 1448 1605 τὰς
1521 1541 1657 1597 κατὰ
1738 1538 1921 1619 χώραν

269 1636 554 1705 ἐκκλησίας
613 1637 793 1712 ἡμῶν,
868 1639 1023 1701 Ζητῶ
1082 1631 1171 1690 οὖν
1227 1633 1416 1707 μαθεῖν
1477 1631 1521 1686 εἰ
1591 1627 1701 1685 ἔστι
1769 1638 1923 1687 τοῦτο

264 1726 732 1806 ἂποκριμάτιστον,

346 1812 541 1873 Ἀπόκ.
583 1813 817 1893 Διαφορᾶ
860 1809 1071 1890 μεγάλη
1128 1809 1268 1866 ἐστὶν
1312 1807 1610 1876 ἐκκλησιῶν
1652 1829 1916 1887 κασιερω-

263 1904 451 1960 θεισῶν
536 1901 622 1959 διὰ
698 1901 975 1980 ἐγκαινίων
1071 1896 1306 1963 ἀνοιξίων
1388 1898 1477 1953 καὶ
1560 1897 1914 1976 ἐνθρονισμοῦ,

269 1992 567 2072 χρίσματός
608 2013 667 2048 τε
728 1991 876 2069 ἁγίου
922 1989 1109 2068 μόρου,
1153 1989 1241 2044 καὶ
1294 1985 1596 2050 ἀποθέσεως
1655 1985 1921 2061 λειψάνων

270 2080 434 2160 ἁγίων
493 2085 852 2160 μαρτυρικῶν,
910 2079 1000 2134 καὶ
1044 2079 1148 2134 τῶν
1200 2075 1277 2151 μὴ
1327 2073 1492 2140 οὕτως
1550 2076 1918 2154 ἁγιασθεισῶν,

268 2171 358 2226 καὶ
386 2170 658 2249 εὖκτηρίου
700 2168 863 2226 τόπον
915 2166 1251 2246 ἐπεχουσῶν.
1312 2166 1406 2220 Διὸ
1438 2163 1516 2247 ,ἐν
1551 2162 1769 2227 ἐκείναις
1824 2162 1922 2234 μὲν

270 2257 325 2314 ἐν
393 2262 482 2323 αἶς
538 2257 782 2326 δηλονότι
841 2255 1133 2336 μαρτυρικὰ
1216 2252 1441 2331 λείψανα
1495 2252 1917 2331 τεθησαύρισται,

269 2352 358 2409 καὶ
438 2352 587 2430 ἁγίου
643 2351 806 2428 μύρου
875 2343 1238 2425 ἐμεσολάϐησε
1310 2346 1535 2427 χρίσμα,
1600 2344 1923 2430 ἆνθρῴπινον

267 2440 517 2518 λείψανον
546 2422 918 2507 οἱονδηποτοῦν
949 2439 1010 2494 οὔ
1037 2422 1365 2514 ταφήσεταιῄ
1394 2422 1552 2514 (κατᾶ
1604 2435 1667 2489 τὸ
1697 2422 1773 2509 β’
1823 2454 1921 2489 κε-

268 2517 493 2610 φάλαιον
550 2539 642 2589 τοῦ
671 2518 727 2585 α’
754 2526 930 2584 τίτλου
958 2532 1052 2582 τοῦ
1097 2517 1145 2581 ε’
1194 2521 1396 2602 βιϐλίου
1454 2530 1558 2580 τῶν
1603 2520 1917 2599 βασιλικῶν,

269 2620 331 2675 τὸ
359 2617 516 2697 λέγον
551 2637 565 2651 ⁶
621 2615 826 2685 Μηδείς
868 2614 923 2673 ἐν
981 2614 1201 2689 ελλησίᾳ
1255 2616 1498 2669 θαπτέτω
1556 2611 1761 2689 νεκρόν,
1824 2611 1923 2697 Καὶ

268 2708 406 2766 κατὰ
439 2696 547 2763 τὸν
595 2705 781 2772 ἔξωθεν
855 2704 1012 2761 αὒτοῦ
1066 2704 1306 2780 κείμενον
1369 2700 1618 2776 παλαιὸν,
1679 2701 1770 2756 τὸν
1825 2696 1922 2754 λέ-

269 2817 431 2876 γοντα
467 2816 480 2831 ο
554 2795 662 2853 Οὐκ
713 2793 878 2860 ἔξεστι
931 2794 1147 2855 θάπτειν
1196 2791 1315 2849 τινὰ
1368 2790 1422 2846 ἐν
1479 2788 1758 2868 ἐκκλησίᾳ,
1804 2785 1924 2876 ἔνθα

272 2874 509 2943 δολονότι
567 2883 825 2963 μάρτυρος
884 2882 1059 2940 ἐκεῖσε
1117 2885 1273 2958 σῶμα
1321 2878 1625 2958 ἀπόκειται)
1660 2898 1672 2911 ·
1736 2878 1809 2941 εἰς
1868 2874 1922 2931 δὲ

270 2976 394 3039 τοὺς
475 2973 553 3050 μὴ
623 2972 761 3029 οὕτω
826 2970 1257 3052 καθιερωθέντας,
1357 2970 1533 3048 ἁγίους
1619 2967 1922 3044 εὖκτηρίους

275 3061 824 3142 κατονομαζομένους,
987 3057 1270 3122 ἀκινδύνως

275 3152 526 3229 λείψανα.

354 3240 544 3320 Ἐρώτ.
596 3229 699 3300 λθ’.
782 3239 1031 3298 Κάτοικοί
1110 3260 1268 3294 τινων
1342 3236 1578 3317 ἐνοριῶν,
1636 3236 1734 3303 τὴς
1818 3237 1923 3291 τῶν

268 3331 474 3388 οἰκείων
518 3328 811 3410 ἀρχιερέων
871 3326 1202 3409 χειροτονίας
1244 3326 1675 3406 παραιτούμενοι,
1734 3324 1923 3403 ἐτέρων

268 3420 486 3499 ἐνοριῶν
516 3418 826 3481 ἐπισκόποις
851 3416 1235 3496 προσέρχονται
1257 3416 1343 3471 καὶ
1360 3414 1725 3494 χειροτονιῶν,
1751 3413 1923 3476 καθὼς

268 3509 493 3572 ἕκαστος
519 3507 638 3589 ’έχει
666 3506 989 3582 θελήματος,
1025 3507 1083 3563 Εἰ
1097 3511 1222 3584 γοῦν
1246 3503 1492 3585 ἀσφαλῶς
1520 3508 1702 3567 αὐτοῖς
1722 3501 1920 3581 γίνεται

272 3608 454 3677 τοῦτο,
484 3598 632 3669 ζητῶ
661 3600 875 3674 μαθεῖν.

354 3684 547 3749 Ἀπόκ.
619 3687 752 3749 Τοὺς
810 3683 907 3761 μὲν
977 3683 1315 3762 ἀναγνώστας
1384 3682 1506 3745 τοὺς
1564 3679 1922 3750 ἂθετήσαντας

270 3777 366 3841 τὰς
396 3776 727 3856 χειροτονίας
753 3781 860 3831 τῶν
917 3772 1227 3830 ἐπισκόπων
1282 3775 1475 3846 αὐτῶν,
1521 3770 1609 3826 καὶ
1638 3770 1711 3833 εἰς
1741 3768 1921 3847 ἐτέρας

270 3866 473 3945 ἐνορίας
527 3865 761 3941 μείζονος
848 3859 1155 3928 ἐξιωθέντας
1225 3861 1427 3938 βαθμοῦ
1498 3857 1590 3914 διὰ
1671 3861 1922 3938 χειροθε-

272 3956 388 4019 σίας
439 3954 817 4027 ἐπισκοπικῆς,
865 3949 1254 4017 ἀκοινωνησίας
1308 3947 1570 4024 ἐπιτιμίῳ
1618 3948 1665 4003 οἱ
1708 3946 1922 4012 κανόνες

269 4040 731 4102 καθυποϐάλλουσι
760 4058 776 4074 ·
844 4042 933 4097 καὶ
1012 4041 1072 4097 οὗ
1146 4038 1309 4115 μόνον
1379 4037 1584 4112 αὐτοὺς,
1644 4034 1781 4092 ἀλλὰ
1835 4042 1924 4098 καὶ

267 4134 392 4198 τοὺς
490 4131 978 4213 χειροτονήσαντας
1079 4121 1316 4204 τούτους,
1400 4126 1573 4188 καθὼς
1657 4125 1723 4182 τὰ
1805 4126 1923 4203 περὶ

269 4224 457 4279 τούτου
495 4208 834 4301 ⁷παρίσταται.
903 4218 1010 4275 ἀπὸ
1077 4224 1170 4274 τοῦ
1257 4208 1333 4272 νϐ’
1413 4214 1630 4279 κανόνος
1685 4218 1785 4281 τῆς
1867 4213 1922 4269 ἐν

272 4309 582 4392 Καρθαγένῃ
656 4306 894 4387 συνόδου,
953 4313 1119 4363 ταῦτα
1188 4306 1324 4362 κατὰ
1403 4304 1550 4392 ῥῆμα
1616 4300 1919 4379 διαλαμϐά-

2002 553 2198 616 induit
2245 555 2556 637 Dominus,
2590 574 2725 617 cum
2775 555 3205 638 discipulorum
3255 553 3645 638 pedes’l'avit.

2001 644 2512 716 Quemadmodum
2542 645 2723 724 igitur
2747 665 2879 726 quas
2922 646 3275 727 patriarchis
3314 671 3421 732 per
3464 652 3645 718 indu-

1980 740 2204 811 menta
2231 733 2433 812 gratim
2462 733 2698 797 tributa;
2726 748 2866 798 sunt
2892 737 2940 810 ι,
2973 735 3081 798 ulli
3131 737 3233 801 alii
3280 759 3397 803 non
3431 742 3646 807 dantur

2005 821 2314 903 episcopo,
2351 839 2558 886 saccus
2582 823 2857 885 videlicet
2877 833 2934 886 et
2956 827 3421 910 cruxmultiplex
3456 844 3488 874 ιι
3518 833 3643 911 (eos

2003 910 2162 972 enim
2191 911 2354 973 hisce
2384 912 2651 975 decorari
2684 913 2922 994 placuit,
2940 924 3140 994 utpote
3167 917 3354 981 relato
3383 921 3455 983 ad
3485 934 3515 963 ν
3536 923 3643 986 ha-

2002 998 2289 1090 bitabilis,
2312 1000 2474 1090 orbis
2523 1001 2851 1084 extrema):
2888 1003 2977 1066 sic
3016 1022 3132 1068 nec
3165 1007 3461 1090 episcopis
3490 1031 3639 1074 con-

2001 1107 2171 1183 cessa
2206 1088 2513 1183 privilegia
2539 1091 3010 1183 sacerdotalibus
3041 1088 3474 1177 «labuntur,_ne
3512 1102 3641 1183 pri-

1999 1177 2347 1256 vilegiorum
2398 1179 2785 1241 ecclesiarum
2828 1182 3103 1246 confusio
3132 1185 3253 1262 ﬁat,
3290 1196 3349 1250 et
3377 1177 3643 1254 Creatori

1998 1267 2156 1329 dicat
2176 1274 2465 1345 creatura,
2499 1267 2793 1350 Exaequor
2824 1269 2956 1334 tibi.

2082 1444 2307 1507 Interr.
2332 1447 2433 1509 38.
2460 1448 2677 1509 Vetere
2708 1448 3030 1529 provinciae
3057 1456 3488 1521 consuetudine
3507 1460 3648 1522 reli-

2005 1534 2157 1616 quiae
2181 1546 2218 1624 ,κ
2251 1536 2712 1599 orthodoxorum
2745 1538 2805 1600 in
2838 1549 3055 1605 nostrae
3080 1544 3342 1624 regionis
3374 1551 3645 1613 ecclesiis

2006 1623 2398 1705 sepeliuntur.
2457 1628 2668 1698 Quzero
2724 1627 2903 1708 igitur
2954 1623 3214 1709 discere,
3245 1653 3319 1697 an
3354 1637 3467 1701 hoc
3496 1639 3645 1703 citra

1938 1720 1979 1769 Β
2002 1714 2415 1795 praejudicium
2447 1715 2568 1779 ﬁat.

2081 1804 2256 1884 Resp.
2294 1806 2505 1884 Magna
2531 1804 2866 1870 diﬂ‘erentia
2895 1821 2986 1872 est
3017 1810 3175 1874 inter
3203 1814 3487 1879 ecclesias
3501 1837 3639 1881 con-

2003 1902 2263 1954 secratas
2321 1912 2428 1974 per
2482 1894 2836 1960 initiatorias
2894 1899 3323 1975 dedicationes,
3358 1914 3417 1967 et
3446 1908 3644 1970 throni

2001 1981 2510 2074 inaugurationem
2541 1985 2849 2074 sanctique
2878 1989 3160 2067 unguenti
3189 1993 3554 2074 unctionem,
3585 2008 3646 2060 et

2004 2080 2340 2132 sanctarum
2370 2072 2755 2165 reliquiarum
2787 2085 3116 2156 martyrum
3138 2072 3641 2165 indigitationem;

2006 2167 2064 2221 et
2092 2178 2355 2258 easque;
2386 2161 2471 2222 sic
2501 2163 2884 2258 sanctiﬁcata;
2916 2184 3032 2228 nan
3061 2178 3221 2246 sunt,
3255 2161 3646 2258 obtineutque

2005 2248 2766 2347 oratoriinlocudeeoq-ue
2796 2253 2855 2316 in
2889 2255 3103 2335 quibus
3132 2258 3407 2325 videlicet
3424 2248 3643 2347 marty~

2005 2337 2145 2437 rice
2172 2337 2441 2437 reliquiae
2478 2339 2801 2437 recondita)
2843 2352 2999 2415 sunt,
3036 2354 3093 2407 et
3123 2349 3311 2411 sancti
3357 2337 3643 2432 unguenti

2004 2427 2336 2520 intervenit
2355 2428 2919 2520 unctio,humanum
2952 2435 3381 2520 qualecunque
3398 2427 3649 2506 cadaver

2005 2534 2124 2576 non
2155 2516 2499 2615 supelietur,
2524 2518 2691 2615 juxta
2720 2525 2983 2615 caput,
3026 2531 3045 2584 ι
3083 2527 3199 2607 tit.,
3237 2516 3644 2595 5_lib.Basili-

2006 2621 2235 2702 cornm‘r
2267 2606 2544 2702 inquiens
2587 2625 2600 2670 :
2637 2609 2849 2672 Nullus
2904 2611 2964 2673 in
3013 2606 3267 2679 ecclesia
3322 2622 3650 2702 sepeliatur

2006 2692 2245 2791 transigit
2271 2695 2602 2791 secundum
2634 2706 2892 2761 veterem
2926 2714 2974 2777 Υ,
3012 2712 3175 2766 extra
3201 2724 3333 2769 eum
3364 2692 3642 2791 positum:

2006 2781 2133 2884 Non
2167 2783 2306 2845 licet
2337 2786 2595 2884 sepelire
2625 2807 2980 2884 quemquam
3012 2795 3076 2855 in
3090 2781 3473 2876 ecclesia-ubi
3490 2802 3649 2865 scili-

2005 2877 2384 2972 cetuiartyris
2397 2892 2609 2972 corpus
2632 2877 2962 2959 depositum
2990 2882 3177 2945 est.ln
3207 2889 3429 2951 sanctis
3446 2898 3647 2953 autem

2006 2962 2278 3057 oratoriis
2330 2963 2826 3057 appellatis,_quze
2849 2968 2929 3030 ita
2960 2983 3306 3038 consecrata
3337 2996 3456 3041 non
3482 2987 3644 3057 sunt,

1420 3057 1921 3139 ἐνταφιασθήσονται
1941 3099 1981 3150 C
2005 3048 2274 3130 reliquiae
2303 3051 2434 3114 siue
2456 3052 2722 3133 periculo
2754 3058 3145 3137 sepelientur.

2085 3228 2902 3323 1nterr.39.‘Quarumdam
2958 3243 3354 3317 parmciarum
3413 3245 3648 3323 incolae,

2008 3336 2257 3419 suorum.
2285 3319 2625 3419 pontiﬁcum
2657 3323 3066 3419 ordinationes
3094 3342 3470 3411 respuentes,
3494 3319 3645 3397 alia;

2005 3424 2138 3467 rum
2200 3407 2545 3503 dioecesium
2573 3418 2629 3470 et
2659 3410 3100 3503 ordinationum
3131 3407 3463 3503 episcopos
3496 3425 3643 3488 ade-

2003 3504 2112 3558 unt
2140 3504 2312 3575 prout
2341 3497 2591 3578 quisque
2623 3498 2778 3562 vult:
2806 3517 2883 3561 an
2917 3509 3039 3566 tuto
3070 3497 3307 3587 faciant,
3338 3497 3543 3593 quaero
3562 3514 3650 3577 di-

2004 3603 2197 3649 scere.

2083 3674 2546 3774 licspLLectores
2571 3675 2946 3761 quidem,qui
2962 3699 3202 3747 suorum
3226 3687 3645 3772 episcoporum

2006 3763 2412 3864 ordinationes
2442 3775 2795 3864 spreverunt
2822 3785 2835 3831 :
2872 3770 3011 3832 etin
3028 3773 3159 3836 aliis
3182 3763 3502 3857 provinciis
3524 3802 3649 3847 ma-

1997 3853 2193 3934 jorem
2209 3852 2457 3949 gradum
2470 3872 2581 3933 per
2602 3855 2956 3938 episcopalis
2971 3852 3280 3927 manus-im
3288 3870 3646 3949 positionem

2003 3945 2486 4043 consecuti-sunt,
2516 3950 3145 4043 excommunicationis
3167 3945 3358 4036 poenae
3387 3978 3648 4025 canones

2004 4030 2467 4111 subjiciunt,nec
2495 4050 2597 4126 eos
2631 4035 2832 4111 modo,
2857 4038 2961 4100 sed
2986 4052 3047 4102 et
3068 4030 3192 4118 eos,
3219 4046 3318 4126 qui
3342 4049 3650 4115 ordinave-

2002 4122 2635 4221 runt_.quemamodu_m
2672 4126 3024 4221 exprimitur
3054 4122 3283 4198 canone
3327 4138 3404 4200 54
3443 4141 3653 4221 synodi

2005 4211 2503 4290 Cartliaginensis,
2554 4213 2679 4275 haec
2736 4217 3169 4298 complectente
3228 4225 3301 4287 ad
3347 4211 3647 4293 verbum:

2011 4302 2273 4394 Clericos
2377 4303 2631 4394 ecclesia
2652 4314 2988 4394 agentes,ut
3009 4310 3134 4390 jam
3159 4312 3651 4394 deﬁniimus,non

268 4390 451 4465 νοντος
484 4418 497 4433 °
575 4397 907 4485 Klnpmobch
960 4398 1033 4462 εἰς
1117 4394 1401 4462 ἐκκλησίαν
1464 4390 1764 4485 τελοῦντας,
1835 4394 1944 4459 ὡς]

2008 4390 2180 4467 ricere
2205 4390 2483 4485 ordinare
2513 4391 2577 4452 in
2606 4392 2760 4455 alius
2790 4395 3041 4459 civitatis
3072 4400 3350 4485 ecclesia,
3379 4406 3487 4467 sed
3509 4390 3652 4469 con-

269 4486 375 4556 ἤδη
417 4487 702 4566 ὡρίσαμεν,
737 4485 817 4563 μὴ
860 4483 1059 4550 ἐξεῖναι
1092 4485 1165 4548 εἷς
1196 4482 1365 4551 ἄλλης
1409 4479 1615 4545 πόλεως
1644 4481 1923 4537 τάττεσθαι

273 4575 578 4651 ἐκκλησίαν,
639 4573 775 4632 ἀλλὰ
830 4574 1069 4655 στέργειν
1126 4573 1332 4640 ἐκείνην
1393 4574 1449 4627 ἐν
1503 4572 1540 4647 ᾗ
1594 4568 1926 4650 λειτουργεῖν

273 4667 327 4734 ἐξ
383 4666 559 4746 ἀρχῆς
600 4662 904 4733 ἠξιώθησαν
937 4682 955 4699 ⁸
1000 4663 1150 4728 ἐκτὸς
1208 4662 1420 4719 ἐκείνων
1464 4659 1667 4724 οἵτινες
1723 4658 1924 4715 ἀπελέ-

271 4745 461 4819 σαντες
482 4745 595 4818 τὰς
649 4751 779 4816 ἰδίας
836 4750 1107 4833 πατρίδας,
1171 4753 1274 4808 ὑπὸ
1325 4751 1563 4830 ἀνάγκης
1600 4746 1692 4813 Tale
1752 4745 1921 4816 ἄλλην

271 4844 555 4912 ἐκκλησίαν
615 4842 898 4919 μετῆλθον.
958 4844 1016 4900 Εἰ
1070 4839 1126 4898 δέ
1178 4864 1266 4906 τις
1324 4840 1636 4912 ἐπίσκοπος,
1668 4838 1802 4914 μετὰ
1830 4840 1920 4893 τὸν

271 4934 393 5017 ὅρον
444 4942 651 5012 τοῦτον,
736 4930 885 5005 ἄλλῳ
956 4929 1238 5006 ἐπισκόπῳ
1313 4930 1649 5008 προσήκοντα
1702 4923 1921 5017 δέξηται

269 5012 556 5104 κληρικὺν,
604 5018 774 5087 ἔδοξεν
816 5020 1177 5088 ἀκοινώνητον
1224 5019 1374 5077 εἶναι
1420 5018 1511 5073 καὶ
1549 5018 1642 5072 τὸν
1697 5012 1915 5094 δεχθέν-

267 5136 335 5171 τα
362 5102 570 5170 καὶτὸν
627 5108 905 5188 δεξάμενον
938 5129 953 5145 ·
997 5110 1100 5175 ἕως
1150 5108 1212 5167 ἂν
1269 5110 1297 5166 ὁ
1355 5102 1920 5185 μεταστὰςικληρικος

270 5206 343 5269 εἷς
411 5203 510 5270 τὴν
577 5198 708 5257 ἰδίαν
777 5198 1038 5277 ἐπανέλθῃ
1097 5197 1439 5265 Ἐκκλησίαν.
1521 5195 1642 5275 Περὶ
1699 5192 1753 5249 δὲ
1814 5200 1919 5252 τῶν

267 5291 474 5350 λα’ίκῶν
557 5291 887 5361 συνεζητήθη
962 5289 1090 5347 ποτὲ
1170 5289 1313 5367 παρὰ
1398 5285 1567 5360 ταύτῃ
1649 5287 1717 5359 τῇ
1800 5283 1921 5360 ἁγίᾳ

268 5378 469 5456 συνόδῳ
515 5383 613 5447 τῆς
670 5378 778 5436 τῶν
861 5375 1498 5437 Κωνσταντινουπολιτῶν
1572 5370 1916 5446 Ἐκκλησίας,

266 5469 746 5551 πατριαρχεύοντος
802 5477 896 5527 τοῦ
952 5468 1257 5548 ἁγιωτάτου
1313 5465 1367 5522 ἐν
1422 5462 1788 5544 πατριάρχαις
1831 5462 1919 5517 καὶ

2010 4490 2206 4544 tentos
2232 4499 2362 4543 esse
2384 4482 2571 4560 illa,in
2605 4503 2719 4564 qua
2740 4484 2813 4547 ab
2841 4486 3009 4549 initio
3024 4482 3364 4556 ministrare
3405 4516 3649 4561 merue-

2006 4580 2188 4669 runt:
2225 4570 2612 4670 iisexceptis.
2647 4575 2754 4670 qui
2788 4576 3006 4670 amissa
3034 4596 3141 4641 sua
3188 4583 3396 4662 patria,
3434 4604 3504 4647 ex
3535 4606 3648 4651 ne-

2006 4661 2277 4724 cessitate
2308 4661 2368 4720 in
2405 4661 2580 4721 aliam
2633 4663 2948 4725 ecclesiam
3002 4661 3351 4745 migrarunt.
3389 4672 3554 4745 Quod
3599 4677 3652 4740 si

2004 4751 2136 4830 quis
2166 4748 2486 4830 episcopus
2520 4758 2652 4830 post
2680 4751 2832 4814 hanc
2889 4754 3325 4836 deﬁnitionem,
3361 4762 3652 4831 clericum

2004 4840 2335 4940 susceperit
2363 4839 2434 4899 ad
2470 4838 2653 4940 alium
2688 4839 3031 4923 episcopum
3064 4848 3492 4930 pertinentem,
3519 4856 3651 4936 pla-

2003 4930 2127 4990 cuit
2150 4930 2734 5026 .ercommunicatum
2759 4949 2912 5026 esse,
2949 4942 3063 4996 tam
3099 4930 3651 5026 susceptum,quam

2003 5018 2455 5115 suscipientem,
2489 5018 2680 5080 donec
2710 5022 2809 5098 qui
2828 5022 3100 5115 migravit
3127 5018 3405 5105 clericus,
3428 5018 3655 5114 adpro-

2004 5106 2196 5185 priam
2227 5106 2548 5167 ecclesiam
2579 5117 2928 5173 revertatur.
2952 5111 3037 5175 De
3060 5114 3228 5177 laicis
3248 5126 3443 5180 autem
3476 5106 3652 5185 simul

2004 5194 2316 5287 quaesitum
2350 5203 2439 5255 est
2487 5196 2560 5287 in
2603 5206 2807 5287 sancta
2856 5202 3652 5287 Constantinopolitanorum

2004 5281 2289 5383 Ecclesiae
2319 5283 3041 5383 synodo-,patriarchatum
3063 5281 3369 5358 obtine—nte
3401 5301 3656 5363 sanctis-

2004 5373 2155 5462 simo
2200 5373 2356 5462 inter
2404 5373 2772 5453 patriarchas
2821 5391 2881 5440 et
2935 5381 3375 5462 sapientissimo
3409 5389 3653 5452 domino

2002 5460 2293 5524 Michaele
2321 5462 2699 5545 Anchialo,et
2730 5485 2931 5531 mense
2960 5460 3303 5552 Novembri,
3328 5472 3656 5544 indictione

1589 5579 1853 5647 VARIE
1901 5580 2216 5648 LEGTION
2224 5578 2330 5645 ES.

353 5697 370 5736 ι
394 5713 501 5780 per
526 5692 953 5780 supellectilem
981 5696 1268 5780 beneﬁcia
1298 5691 1527 5757 tributa
1556 5695 1717 5756 sunt.
1748 5688 2256 5772 'polystaur-ium.
2287 5696 2310 5727 ν
2338 5694 2854 5770 quorumnomina
2876 5697 3225 5776 referentur
3240 5703 3301 5762 in
3330 5705 3516 5765 sacris
3546 5705 3650 5768 ad.

268 5775 648 5850 οιιὰὰυοτοζν
677 5775 934 5858 scilicet,
968 5775 1377 5858 interpretem.
