4160 6212
291 365 446 444 10⁸13
1627 366 2306 437 ΕΒΔΞΟΟ-ΒΟΜΑΝΗΜ
3520 365 3675 432 1074

363 507 554 589 Ἐρώτ.
646 497 765 584 μ.βέ
851 518 978 571 τοῖς
1085 507 1567 585 παλλακευομένοις
1651 519 1927 588 συγχωρηι

2106 504 2332 568 Interr.
2361 507 2463 568 42.
2497 503 2563 567 In
2593 503 2989 567 concubinatu
3044 505 3359 585 agentibus
3407 506 3663 588 permit-

280 599 373 656 τὲα
430 599 568 655 ἐστὶν
626 597 661 665 ἡ
724 603 831 653 τῶν
897 597 1050 654 θείων
1121 597 1464 676 ἁγιασμάτων
1533 597 1862 678 μετάληψις,
1906 599 1927 654 -ἲ

2029 591 2206 655 tendo
2235 601 2324 656 est
2347 592 2678 656 divinarum
2700 593 3230 657 sanctiﬁcationum
3262 595 3663 677 participatio,

279 687 402 768 aii;

2025 698 2218 744 necne
2241 685 2272 745 ’ἰ

363 767 557 838 Ἀπόκ.
621 767 680 834 Ὀ
724 773 891 853 μέγας
936 774 991 831 ἐν
1022 773 1318 855 ἀρχιερεῦσι
1349 775 1611 852 βασίλειος
1655 776 1709 832 ἐν
1748 775 1927 857 διαφό-

2103 772 2279 852 Resp.
2322 772 2568 850 Magnus
2609 772 2670 834 in
2714 773 3030 836 anstitibus
3073 772 3350 848 Basilius,
3384 772 3445 835 in
3494 774 3673 835 variis

282 888 392 947 ροις
447 864 662 923 κανόσιν
721 865 878 922 αὑτοῦ
928 865 987 920 οὔ
1039 861 1244 920 δίδωσιν
1305 861 1480 921 ἄδειαν
1533 879 1650 930 τοῖς
1710 866 1927 944 πορνεύ-

2023 859 2351 922 canonibus
2382 861 2505 922 suis
2536 880 2652 922 non
2671 861 3178 926 datscortantibus
3198 861 3498 924 licentiam
3523 862 3673 925 divi-

282 979 396 1016 ουσι
446 962 552 1012 τῶν
611 954 762 1010 θείων
825 953 1167 1032 ἁγιασμάτων
1226 952 1670 1030 μεταλαμϐάνειν.
1734 953 1824 1011 Ἐν
1879 953 1927 1010 δὲ

2016 964 2123 1009 nas
2155 949 2657 1012 sanctiﬁcationes
2687 951 3133 1015 assumendi.ln
3159 949 3236 1015 80
3264 958 3459 1014 autem
3481 969 3667 1013 cauo-

282 1053 360 1121 τῷ
415 1036 477 1102 π’
529 1044 708 1100 κανόνι
780 1043 936 1098 αὖτοῦ
1005 1039 1297 1120 διορίζεται,
1384 1043 1484 1111 τήν
1559 1043 1927 1121 πορνεύουσαν,

2014 1054 2090 1098 ne
2133 1037 2362 1110 definit,
2397 1043 2827 1122 scortatricem,
2863 1059 2992 1122 quae
3041 1040 3397 1103 scortatione
3426 1040 3624 1102 disces
3646 1075 3675 1087 -

283 1136 590 1192 ἁποττᾶσαν
617 1139 716 1200 τῆς
759 1132 1026 1211 πορνείας,
1071 1129 1150 1206 μὴ
1210 1129 1539 1204 ἆτιεντεῦθεν,
1602 1131 1740 1190 ἀλλὰ
1797 1134 1927 1209 μετὰ

2012 1125 2108 1198 sit,
2145 1145 2264 1188 non
2308 1128 2546 1210 etinde,
2597 1129 2704 1191 sed
2754 1137 2885 1210 post
2939 1129 3289 1204 triennium,-
3327 1129 3664 1192 divinarum

281 1224 506 1305 τριετίαν
530 1229 636 1280 τῶν
676 1223 827 1280 θείων
859 1219 1204 1300 ἁγιασμάτων
1235 1219 1684 1295 μεταλαμϐάνειν.

2015 1216 2556 1305 sanctiﬁcationum
2588 1218 2932 1300 participem
2967 1218 3123 1281 ﬁeri.

365 1313 559 1395 Ἐρώτ.
592 1302 706 1391 μγ’,
757 1303 819 1368 Ἠ
873 1308 1218 1386 συμπενθερία
1273 1315 1378 1365 τῶν
1416 1309 1707 1368 συντέχνων
1765 1311 1927 1392 μέχρι

2092 1305 2316 1368 Interr.
2337 1304 2884 1371 43.Consoceratus
2911 1315 3278 1389 compatrum
3313 1307 3386 1370 ad
3418 1315 3662 1389 quotum

281 1403 450 1461 πόσου
477 1404 678 1480 βαθμοῦ
705 1399 963 1480 κωλύεται
999 1417 1014 1478 ς

2016 1411 2208 1475 usque
2228 1395 2477 1474 gradum
2502 1396 2850 1476 prohibetur
2871 1396 2902 1457 ‘l

364 1477 500 1550 Ἀπό
547 1477 604 1550 Ὀ
658 1490 754 1567 μὲν
813 1477 898 1566 νγ’
947 1477 1121 1544 κανὼν
1171 1495 1268 1557 τῆς
1313 1488 1366 1543 ἐν
1408 1495 1483 1563 τῷ
1537 1487 1784 1568 Τρούλλνρ
1839 1497 1927 1548 τοῦ

2098 1483 2276 1563 Resp.
2331 1484 2532 1547 Canon
2572 1485 2811 1566 quidem
2860 1486 3386 1568 quinquagesimus
3428 1495 3670 1568 quartus

284 1581 516 1662 μεγάλου
588 1579 842 1637 παὶατίου
893 1577 1157 1644 συστάσης
1216 1577 1365 1657 ἁγίας
1423 1577 1511 1634 καὶ
1567 1579 1927 1655 οἷκουμενικῆςΙ

2019 1581 2239 1662 sanctae
2266 1581 2321 1634 et
2347 1575 2730 1637 mcumenicaa
2759 1574 2985 1656 synodi,
3023 1575 3086 1636 in
3117 1575 3322 1637 Trullo
3353 1575 3664 1656 magnipa-

283 1660 496 1729 συνόδου
538 1668 748 1741 κολάζει
804 1669 924 1731 τοὺς
984 1665 1278 1748 ἀναδόχους
1351 1668 1694 1725 συνάπτεσθαι
1763 1692 1927 1748 γαμι-

2017 1660 2142 1722 latii
2160 1670 2400 1739 coactae,
2427 1673 2580 1727 vetat
2608 1673 2984 1747 susceptores
3015 1664 3313 1728 connubio
3335 1665 3508 1746 jungi
3531 1684 3664 1728 cum

282 1769 390 1824 κῶς
445 1773 569 1823 ταῖς
627 1758 858 1837 μητράσι
920 1763 1023 1814 τῶν
1092 1757 1150 1814 ἐκ
1216 1763 1310 1814 τοῦ
1364 1757 1514 1836 ἁγίου
1569 1757 1927 1834 βαπτίσματος

2017 1750 2305 1813 matribus
2335 1752 2649 1814 infantium
2683 1773 2714 1815 e
2744 1763 2948 1818 sancto
2971 1755 3200 1816 lavacro
3227 1761 3665 1834 susceptorum,

281 1849 674 1930 ἀναδεχθέντων
755 1845 976 1907 παίδων.
1065 1847 1162 1904 Καὶ
1247 1845 1382 1922 μετᾶ
1463 1845 1756 1904 ἀπόστασιν
1842 1854 1927 1905 τοῦ

2024 1847 2083 1902 et
2112 1849 2242 1920 post
2267 1841 2698 1930 discessionem
2728 1863 2762 1906 a
2790 1845 2965 1919 malo,
2999 1843 3240 1924 subjicit
3285 1843 3671 1905 scortantium

280 1929 479 2020 κακου,
541 1934 928 1996 καθυποϐάλλει
998 1935 1354 2020 πορνευόντων
1411 1934 1699 2020 ἐπιτιμίῳ..
1751 1938 1823 1995 Τὸ
1883 1931 1927 1992 δὲ

2028 1948 2236 2020 poenae.
2271 1929 2524 2020 Ultimus
2552 1941 2744 1994 autem
2780 1931 3104 1995 versiculus
3141 1935 3212 1994 10
3243 1951 3296 1996 c.
3331 1935 3388 2007 5,
3442 1933 3533 1996 tit.
3565 1933 3667 2006 28,

281 2015 585 2089 τελευταῖον
628 2027 888 2102 θέσπισμα
923 2033 1015 2084 τοῦ
1069 2016 1110 2081 ι’
1161 2024 1446 2105 κεφαλαίου
1503 2032 1594 2083 τοῦ
1650 2015 1699 2082 ε’
1765 2025 1927 2086 τίτλοι

2027 2017 2179 2080 libro
2205 2019 2517 2096 Basilica»,
2544 2021 2793 2084 alterius
2825 2022 3222 2103 puntitionem
3248 2021 3532 2084 extendit.
3553 2021 3670 2085 Sed

283 2130 375 2180 τοῦ
419 2109 512 2188 κη’
554 2115 761 2175 Βιϐλίου
815 2117 920 2172 τῶν
974 2113 1262 2192 βασιλικῶν
1319 2114 1404 2172 ἐπὶ
1447 2114 1610 2172 πλέον
1653 2113 1927 2173 ἑπεκτείνε

2028 2108 2308 2188 quoniam
2343 2117 2400 2171 et
2429 2109 2759 2174 declaratus
2789 2131 3001 2187 canon,
3037 2121 3094 2173 et
3125 2130 3304 2192 supra
3333 2111 3554 2192 scripta
3578 2110 3669 2172 lex

284 2213 382 2280 τὴν
405 2208 648 2268 κόλασιν.
685 2195 815 2264 ιὈτι
845 2201 899 2260 δὲ
928 2205 1015 2260 καὶ
1045 2205 1073 2260 ὁ
1101 2201 1354 2272 δηλωθεὶς
1410 2205 1585 2260 κανὼν
1627 2205 1713 2261 καὶ
1744 2207 1771 2261 ὁ
1815 2202 1927 2261 δια-

2019 2195 2391 2276 spiritualcm
2424 2200 2839 2279 cognationem
2862 2201 3070 2263 dicunt
3096 2201 3381 2282 majorem
3413 2201 3668 2281 conjun-

285 2301 500 2382 ληιρθεὶς
529 2299 692 2372 νόμος
753 2294 967 2370 μείζονα
1014 2293 1113 2360 τὴν
1169 2293 1304 2349 κατὰ
1370 2300 1577 2370 πνεῦμα
1631 2293 1927 2372 συγγένειαν

2019 2285 2218 2347 ctione
2249 2288 2543 2382 corporali
2566 2307 2590 2382 ε,
2606 2288 2755 2351 facta
2771 2289 2878 2351 fuit
2907 2290 3193 2371 synodica
3223 2288 3664 2382 subnotatione,

285 2379 496 2468 λέγουσι
524 2392 625 2454 τῆς
682 2387 997 2459 σωματικῆς
1060 2383 1360 2462 συναφείας,
1406 2381 1593 2461 γέγονε
1649 2384 1927 2458 σημείωμα

2020 2384 2290 2468 tempore
2322 2379 3472 2464 sanctissimiilliuspatriarchaz,domini
3489 2380 3672 2442 Nico-

285 2465 552 2537 συνοδικὸν
610 2475 694 2531 ἐπὶ
748 2482 842 2532 τοῦ
923 2472 1240 2551 άγιωτάτου.
1319 2471 1551 2530 Ἐκείνου
1603 2472 1927 2554 πατριάρχου

2027 2465 2130 2546 lai,
2182 2485 2387 2530 mense
2415 2469 2586 2545 Maio,
2617 2470 3053 2554 decimaquinta
3081 2470 3428 2547 indictione,
3466 2470 3539 2531 ad
3573 2471 3668 2530 in-

285 2569 460 2647 κυρίου
492 2563 776 2637 Νικολάου,
809 2562 947 2619 κατᾶ
1002 2566 1146 2635 μῆνα
1203 2560 1377 2616 Μάῒον
1407 2565 1506 2629 τῆς
1565 2551 1633 2617 ιε’
1673 2551 1927 2636 ἐπινεμή-

2027 2558 2482 2647 terrogationem
2516 2578 2796 2640 perquam
2852 2551 3190 2623 honorandi
3238 2560 3398 2622 illius
3446 2558 3673 2622 domini

287 2644 447 2733 σεως,
481 2655 565 2712 ἐπὶ
607 2653 860 2732 ἐρωτήσει
892 2656 983 2707 τοῦ
1011 2649 1295 2729 ὑπερτίμου
1350 2649 1547 2706 ἐκείνου
1575 2650 1749 2730 κυρίου
1797 2656 1927 2730 Γρη-

2027 2644 2298 2725 Gregorii
2321 2647 2484 2723 Xeri,
2520 2649 2814 2712 definiens
2845 2650 3058 2712 iisdem
3107 2650 3431 2728 constringi
3461 2657 3522 2711 et
3562 2668 3668 2711 ex-

288 2747 467 2827 γορίου
495 2749 587 2800 τοῦ
619 2746 822 2819 Ξηροῦ,
848 2737 1201 2817 διοριζόμενον
1219 2749 1335 2802 τοῖς
1356 2741 1534 2804 αὐτοῖς
1557 2736 1698 2818 ὅροις
1730 2739 1920 2820 συσφίγ

2030 2735 2236 2827 plicari
2269 2738 2538 2800 terminis
2566 2751 2598 2795 b
2627 2739 3155 2822 spiritualem,quze
3196 2758 3304 2821 per
3331 2746 3675 2817 compater-

288 2824 470 2916 γεσθαι
499 2835 585 2890 καὶ
603 2830 970 2912 ὖοαπλοῦαθαι
999 2829 1096 2896 την
1124 2826 1208 2886 διὰ
1235 2832 1332 2895 τῆς
1355 2830 1654 2894 συντεκνίας
1678 2837 1927 2887 συστᾶσαη

2025 2824 2270 2916 nitatem
2299 2827 2688 2904 contrahitur,
2722 2830 3174 2910 cognationem;
3206 2827 3420 2909 quibus
3451 2846 3668 2909 corpo-

287 2914 680 3001 πνευμνατικτὶν
723 2919 1047 3000 συγγένειαν,
1081 2922 1167 2982 οἷς
1196 2919 1285 2975 καὶ
1312 2920 1364 2974 αἱ
1418 2921 1715 2995 σωματικαὶ
1744 2919 1927 2999 συγγέ-

2022 2914 2178 2976 rales
2200 2917 2580 2995 cognationes
2611 2918 3204 2982 circumscribuntur.

287 3037 446 3090 νειαι,
478 3011 863 3090 περιορίζονται
875 3058 889 3072 ,

2103 3003 2330 3068 Interr.
2361 3006 2462 3069 44.
2497 3006 3034 3072 Alexandrinorum
3063 3008 3226 3088 regio
3258 3006 3461 3070 multis
3480 3024 3670 3087 gene-

369 3077 563 3184 ’Epo'rr:
622 3077 734 3178 μδῐ,
810 3090 872 3156 Ἠ
943 3096 1100 3177 χώρα
1172 3101 1279 3152 τῶν
1350 3094 1731 3175 Ἀλεξανδρέων
1805 3099 1927 3158 πολε

2021 3091 2714 3184 rationummyriadibus
2743 3098 3028 3178 populosa
3069 3077 3163 3159 est
3197 3105 3255 3160 et
3284 3077 3664 3177 amplificata,

287 3182 444 3260 λαϊς
496 3191 706 3272 μυριάσι
789 3185 1269 3268 γενεαλογωμένη,
1371 3188 1458 3243 καὶ
1538 3186 1927 3266 πληθυνομὲνη,

2021 3182 2377 3246 Christianis
2401 3192 2600 3246 autem
2631 3185 2972 3248 orthodoxis
3008 3193 3407 3263 coangustata.
3440 3183 3669 3257 Quaeri-

284 3281 567 3365 ὄρθοδόξων
668 3283 1125 3358 Χριστιανῶν.....
1209 3281 1468 3365 ζητοῦμεν
1553 3277 1639 3334 οὗν
1725 3283 1927 3352 μαθεῖν1

2023 3289 2155 3332 mus
2177 3289 2315 3352 ergo
2347 3272 2600 3348 discere,
2630 3292 2704 3334 an
2740 3275 3096 3354 permissum
3135 3275 3216 3337 sit
3255 3282 3315 3335 et
3345 3275 3498 3335 intra
3526 3291 3666 3334 sex-

285 3354 328 3432 ei
381 3373 587 3453 ἐφεῖται
655 3354 744 3426 καὶ
812 3367 960 3429 ἐντὸς
1015 3375 1110 3425 τοῦ
1174 3354 1257 3440 ς’
1323 3365 1525 3442 βαθμοῦ
1597 3367 1927 3447 συνάλλαγμα

2024 3363 2422 3453 tum‘gradum
2454 3362 2689 3443 nuptias
2718 3363 3095 3438 contrahere,
3130 3371 3372 3444 propter
3425 3361 3515 3424 rei
3564 3378 3667 3424 ne-

283 3448 513 3542 γίνεσθαι
583 3459 832 3539 γαμικὸν,
900 3453 986 3512 διὰ
1055 3455 1156 3523 τὴν
1228 3453 1465 3534 ἀνάγκην
1523 3465 1614 3516 τοῦ
1683 3457 1927 3537 πράγμα.

2022 3448 2387 3511 cessitatem.

285 3574 375 3615 τος
386 3599 400 3613 .

369 3639 563 3697 Ἀπόκ.
599 3641 659 3697 Oi
685 3641 821 3695 θεῖοι
851 3637 938 3693 καὶ
992 3635 1119 3714 ἱεροὶ
1159 3632 1376 3697 κανόνες
1433 3633 1519 3689 καὶ
1562 3633 1714 3708 νόμοι
1779 3635 1927 3714 χάρικ

2101 3625 2283 3708 Resp.
2318 3627 2509 3690 Divini
2539 3637 2596 3691 et
2625 3629 2776 3691 sacri
2821 3636 3175 3706 canones,et
3203 3629 3392 3710 leges,
3422 3629 3662 3709 nuptia-

291 3729 398 3786 τῶν
449 3733 692 3806 γαμικῶν
748 3723 1202 3803 συναλλαγμάτων
1287 3720 1341 3777 ἐν
1410 3728 1570 3778 πᾶσιν
1640 3725 1927 3804 ὁμοφρονή-

2020 3715 2165 3777 lium
2188 3725 2594 3779 contractuum
2609 3736 2783 3780 causa
2804 3718 2864 3780 in
2897 3717 3174 3781 omnibus
3196 3717 3664 3794 consentientes,

290 3839 502 3882 σαντες,
560 3817 648 3872 καὶ
726 3814 1020 3894 θεαρὲστοις
1092 3811 1434 3891 σχοινίσμασι
1511 3811 1598 3866 καὶ
1654 3807 1927 3889 διδάγμασι

2021 3813 2079 3865 et
2123 3808 2244 3868 Deo
2288 3806 2476 3886 gratis
2523 3806 2850 3870 intervallis
2897 3815 2956 3870 et
3003 3807 3312 3889 praeceptis
3370 3806 3666 3888 nuptiales

285 3907 352 3963 τὰ
393 3906 597 3984 γαμικὰ
649 3905 1038 3982 περιορίσαντες
1109 3898 1540 3976 συναλλάγματα,
1605 3897 1657 3965 ἐξ
1721 3899 1927 3984 οἱουδήέ

2016 3901 2352 3984 contractus
2376 3895 2956 3970 circumscribentes,
2991 3897 3152 3959 nullo
3184 3895 3360 3958 modo
3383 3894 3670 3975 eaegredi

285 3981 426 4059 τινος
470 3995 667 4075 τρόπου
708 3981 936 4059 ἐξελθεῖν
1005 4000 1168 4050 ταῦτα
1210 3989 1307 4044 οὐκ
1362 3986 1701 4068 ἐξεγώρησαν
1733 4008 1748 4023 ο
1813 3982 1927 4047 ἀλλ’

2017 3981 2282 4043 siverunt
2325 3987 2472 4046 :sed
2518 3983 2673 4045 inter
2725 3986 3118 4048 ascendentes
3165 3985 3406 4067 quidem
3439 3993 3495 4048 et
3524 3984 3670 4047 des-

282 4085 368 4142 ἐπὶ
411 4071 514 4160 μὲν·
575 4090 682 4140 τῶν
754 4082 1007 4140 ἀνιόντων
1055 4083 1143 4135 καὶ
1199 4077 1486 4134 κατιόντων
1557 4078 1654 4145 τὴν
1697 4081 1927 4157 γαμικὴν

2018 4071 2340 4133 cendentes
2395 4073 2722 4154 nuptialem
2784 4075 3057 4156 copulam
3117 4074 3473 4156 prohibitam
3533 4093 3664 4136 esse

278 4176 560 4256 συνάφειαν
616 4169 996 4247 κεκωλυμένην
1041 4171 1184 4226 εἶναι
1240 4165 1515 4232 παντελῶς
1572 4165 1879 4248 διωρίσαντο
1914 4187 1926 4201 ⁸

276 4271 384 4321 τῶν
441 4264 501 4320 ἐκ
541 4261 768 4341 πλαγίου
810 4259 865 4317 δὲ
929 4263 1027 4327 την
1096 4257 1402 4336 συγγένειαν
1457 4255 1650 4335 μέχρις
1707 4257 1933 4335 ἑϐδόμου

277 4355 479 4430 βαθμοῦ
533 4351 748 4417 δικαίως
801 4349 1264 4429 ὲστενοχώρησαν.
1349 4345 1460 4412 Τὴν
1526 4343 1581 4401 δὲ
1635 4343 1688 4412 ἐξ
1758 4347 1928 4427 ἀγχι-

277 4443 474 4508 στείας,
548 4440 668 4510 ἤτοι
739 4438 1142 4516 συμπενθερίας,
1219 4434 1549 4514 συγγένειαν,
1634 4435 1769 4494 κατὰ
1836 4439 1930 4493 τὸν

275 4530 425 4586 ἕκτον
456 4532 656 4607 βαθμὸν
704 4528 993 4590 ἀπέλυσαν,
1044 4516 1335 4606 Ὀφείλουσι
1377 4530 1502 4602 γοῦν
1531 4524 1621 4580 καὶ
1661 4527 1707 4581 οἱ
1740 4523 1927 4592 Ἀλεξ-

277 4617 483 4698 ανδρεϊς
540 4618 677 4675 οὕτω
717 4625 961 4697 γαμικῶς
1033 4613 1426 4687 συναλλάττειν,
1497 4613 1585 4669 καὶ
1639 4613 1738 4681 τὴν
1801 4635 1928 4670 στε-

275 4709 540 4789 νοχωρίαν
593 4715 700 4765 τῶν
781 4705 1064 4787 ὀρθοδόξων
1147 4710 1476 4785 Χριστιανῶν
1537 4704 1609 4767 εἷς
1668 4704 1925 4783 ἁμαρτίας

271 4795 534 4873 δικαίωμα
578 4797 655 4873 μὴ
699 4795 1110 4876 προϐάλλεσθαι,
1175 4793 1638 4864 Διασπασθήσεται
1707 4792 1807 4870 γὰρ
1863 4795 1925 4849 τὸ

269 4888 412 4967 παρὰ
465 4896 628 4946 ταῦτα
679 4886 1037 4966 γενησόμενον
1065 4882 1387 4941 συνοικέσιον
1421 4896 1436 4911 ⁶
1496 4883 1586 4938 καὶ
1629 4882 1924 4960 μοιχετόν-

267 4999 375 5032 των
416 4975 702 5050 ἐπιτιμίοις
776 4978 822 5032 οἱ
879 4976 940 5031 τὸ
1007 4972 1254 5050 ἀθέμιτον
1310 4969 1724 5037 συναλλάξαντες
1794 4974 1927 5026 καθ-

267 5063 751 5134 υποϐληθήσονται.
812 5062 960 5122 Ἐπεὶ
1027 5061 1082 5120 δὲ
1150 5063 1239 5119 καὶ
1302 5059 1408 5117 άπὸ
1465 5066 1556 5116 τοῦ
1609 5059 1778 5134 τόμου
1837 5066 1928 5115 τοῦ

267 5154 564 5232 ἆγιωτάτου
620 5153 954 5233 πατριάρχου
1007 5152 1204 5209 ἐκείνου
1266 5150 1443 5230 κυρίου
1500 5149 1760 5205 Σισιννίου
1837 5145 1926 5233 δύο

267 5244 463 5322 πρῶτοι
532 5232 800 5324 ἐξάδελφοι
855 5232 944 5298 δύο
1000 5239 1225 5321 ἀδελφὰς
1287 5240 1346 5296 0-3
1415 5235 1772 5314 λαμϐάνουσι,
1843 5232 1930 5324 καὶ

267 5338 453 5406 ταῦτα,
497 5337 594 5388 τοῦ
636 5323 1074 5408 συναλλάγματος
1131 5329 1461 5408 ἀναγομένου
1537 5327 1610 5389 εἰς
1663 5325 1820 5383 ἕκτον
1875 5323 1926 5391 ἐξ

266 5421 576 5501 ἀγχιστείας
631 5421 854 5497 βαθμὸν,
903 5418 994 5477 ἔσο
1051 5421 1135 5476 καὶ
1180 5420 1247 5478 τὰ
1309 5419 1427 5497 περὶ
1477 5417 1663 5474 τούτου
1727 5412 1877 5481 εἰδώς
1908 5433 1923 5448 ο

265 5510 359 5567 ’ίνα
388 5511 467 5586 μὴ
509 5510 650 5577 κατὴ
692 5507 862 5580 λήθην
889 5513 967 5585 τῷ
1010 5513 1108 5576 τῆς
1140 5506 1461 5576 Ἐκκλησίας
1507 5505 1611 5563 ἔθει
1643 5502 1927 5585 ψυχοϐλα-

270 5595 376 5665 ϐῶξ
404 5599 746 5676 ἐναντιωθης.

2016 4160 2625 4224 deﬁnierunt.Eorum
2655 4171 2878 4239 autem,
2899 4165 3000 4246 qui
3029 4172 3167 4226 sunt
3195 4183 3263 4226 ex
3294 4171 3664 4236 transverso,

2015 4250 2429 4330 cognationem
2482 4250 2556 4312 ad
2617 4253 2938 4333 septimum
2991 4272 3180 4335 usque
3235 4253 3479 4333 gradum
3528 4254 3666 4332 jure

2015 4348 2476 4420 coangustarunt
2509 4361 2522 4401 :
2559 4343 2968 4421 cognationem
3001 4361 3304 4424 vero,quae
3330 4361 3438 4422 per
3465 4341 3666 4402 afﬁni-

2014 4437 2214 4503 tatem,
2248 4429 2335 4491 vel
2362 4439 2812 4492 consoceratum
2864 4431 3237 4511 conciliatur,
3272 4438 3405 4512 post
3433 4437 3663 4489 sextum

2011 4519 2256 4598 gradum
2287 4518 2699 4582 obsoluerunt.
2719 4519 2951 4582 Debent
2980 4521 3158 4600 igitur
3185 4528 3243 4582 et
3272 4517 3667 4582 Alexandrini

2011 4609 2244 4688 nuptias
2268 4607 2329 4668 in
2360 4609 2516 4670 hunc
2553 4609 2795 4670 modum
2819 4611 3195 4688 contrahere,
3220 4618 3278 4670 et
3302 4606 3657 4690 paucitatem

2011 4697 2471 4760 orthodoxorum
2503 4697 2979 4759 Christianorum
3011 4698 3083 4759 ad
3115 4697 3342 4779 peccati
3361 4696 3660 4777 justiﬁca—

2011 4786 2229 4848 tionem
2288 4805 2404 4847 non
2465 4803 2818 4866 proponere.
2875 4786 3230 4848 Distrahitur
3288 4803 3454 4866 ergo,
3498 4784 3660 4867 quod

2015 4884 2226 4956 praeter
2255 4875 2380 4936 hac
2410 4874 2626 4936 factum
2651 4874 2849 4951 fuerit,
2883 4876 3247 4957 conjugium;
3273 4883 3332 4939 et
3357 4876 3661 4937 mazchan-

2012 4964 2156 5026 tium
2189 4965 2400 5044 poenis,
2433 4963 2533 5044 qui
2563 4963 2834 5025 illicitum
2865 4965 3288 5037 contraxerint,
3323 4962 3655 5045 subjicien-

2012 5062 2127 5115 tur.
2155 5051 2301 5124 Quia
2315 5059 2507 5112 autem
2527 5051 2886 5114 sanctissimi
2905 5053 3082 5115 etiam
3101 5053 3452 5133 patriarchae
3471 5052 3651 5130 illius,

2010 5139 2238 5203 domini
2268 5139 2517 5203 Sisinnii
2563 5139 2892 5217 decisione,
2933 5142 3052 5203 duo
3083 5143 3388 5222 patrueles
3411 5160 3476 5203 se
3505 5160 3654 5204 con-

2011 5227 2260 5302 sobrini,
2294 5245 2528 5290 sorores
2557 5228 2707 5290 duas
2739 5249 2857 5291 non
2879 5231 3200 5310 accipiunt,
3235 5239 3293 5294 et
3323 5232 3471 5308 haac,
3505 5249 3654 5293 con-

2012 5325 2202 5382 tractu
2231 5316 2483 5380 deducto
2513 5317 2586 5378 ad
2619 5326 2846 5382 sextum
2880 5319 3182 5382 afﬁnitatis
3213 5319 3659 5401 gradum,disce

2008 5427 2139 5491 quae
2169 5405 2230 5467 in
2265 5425 2333 5468 ea
2365 5407 2743 5470 continentur
2770 5429 2786 5470 :
2813 5428 2911 5486 ne,
2936 5427 3044 5492 per
3070 5409 3396 5488 oblionem,
3442 5409 3655 5472 Eccle-

2005 5503 2108 5562 siae
2137 5497 2555 5560 consuetudini
2584 5516 2719 5561 cum
2769 5499 2986 5562 anima:
3033 5498 3390 5562 detrimento
3438 5499 3650 5562 adver-

2006 5586 2178 5652 seris.

1605 5696 1865 5767 VARIE
1909 5688 2349 5764 LECTIONES.

338 5809 367 5853 δ
399 5810 646 5879 επιεΜί
670 5810 920 5897 ﬁnibus.
