4160 6212
499 342 652 409 1075

494 567 720 649 captiva
751 566 1103 646 Christiana,
1139 570 1475 652 pariterque
1501 572 1846 649 orthodoxa,
1868 573 1998 637 sine
2028 593 2137 655 pe-

490 656 681 719 riculo
710 665 775 720 ut
802 676 1029 720 servam
1061 677 1190 722 eam
1221 660 1494 723 vendet?

571 834 750 917 Resp.
787 839 1136 899 Potestatem
1188 837 1366 900 habet
1420 839 1702 904 dominus
1731 859 1765 903 a
1793 859 1856 907 se
1888 850 2135 906 constu-

493 933 716 1006 pratam
747 925 1020 988 ancillam
1053 945 1218 989 suam
1254 927 1569 1005 vendendi,
1607 930 1856 1012 ejusque
1887 931 2137 1011 pretium

491 1013 923 1078 lucrifaciendi.
957 1015 1124 1077 Tunc
1178 1015 1338 1078 enim
1383 1016 1721 1080 libertatem
1771 1030 2144 1100 promeretur

490 1104 727 1192 ancilla,
775 1123 907 1186 qua
953 1125 1087 1168 cum
1146 1107 1389 1169 domino
1438 1108 1613 1170 simul
1651 1119 1925 1192 corrupta
1968 1120 2137 1179 estd,

492 1191 726 1273 quando
753 1193 827 1255 ad
849 1201 1174 1257 extremum
1208 1214 1394 1276 usque
1424 1196 1723 1277 Spiritum,
1758 1191 1984 1261 nullum
2012 1198 2142 1280 ejus

492 1282 886 1348 divendendaa
914 1285 1158 1347 rraebuit
1185 1295 1620 1371 argumentum.
1645 1288 1741 1349 Ait
1765 1288 1920 1350 enim
1950 1290 1985 1352 2
2004 1308 2137 1371 cap.

494 1371 685 1433 19ιὶι.
734 1374 812 1437 48
854 1372 959 1437 lib.
1012 1377 1139 1437 haec
1190 1366 1536 1437 nominatim
1574 1398 1587 1437 :
1618 1374 1680 1439 Si
1711 1377 1844 1457 quis
1875 1396 1993 1438 non
2029 1366 2138 1440 hac

493 1457 641 1521 bens
672 1480 937 1539 uxorem,
972 1462 1034 1523 in
1063 1481 1170 1524 suo
1223 1462 1539 1525 concubitu
1591 1464 1864 1526 aucillam
1897 1465 2135 1541 babeat,

495 1556 556 1611 et
584 1569 718 1611 cum
750 1569 819 1612 ea
848 1551 921 1613 ad
978 1560 1229 1613 mortem
1277 1569 1466 1633 usque
1518 1560 1778 1628 maneat,
1818 1553 1940 1616 sive
1970 1573 2040 1616 ex
2070 1573 2140 1616 ea

494 1639 842 1720 susceperit,
877 1641 1001 1703 sive
1049 1661 1168 1703 non
1202 1650 1259 1703 et
1303 1639 1376 1702 de
1407 1660 1476 1703 ea
1508 1641 1657 1704 nihil
1689 1642 1749 1705 in
1783 1650 2137 1705 testamento

494 1744 603 1789 suo
635 1728 854 1791 dixerit
880 1747 895 1792 :
924 1730 1002 1793 sit
1026 1731 1127 1793 illa
1155 1730 1366 1794 libera.

571 1907 806 1972 Interr.
838 1910 941 1973 47.
975 1908 1035 1973 Si
1067 1910 1424 1973 orthodoxus
1455 1919 1744 1974 scortatus
1766 1910 1843 1975 sit
1874 1929 2009 1973 cum
2030 1912 2134 1975 Ju-

494 1994 641 2074 data,
675 2003 776 2058 aut
802 1997 1072 2078 Agarena
1099 1999 1373 2077 muliere,
1416 2018 1666 2063 censura
1697 1998 2130 2076 emendabitur,

492 2104 571 2148 an
600 2085 1057 2169 rebaptizabitur
1074 2087 1106 2148 ‘2

574 2179 756 2263 Resp.
790 2181 1289 2264 Quadragesimus
1333 2184 1622 2265 septimus
1673 2181 1910 2265 quidem
1946 2201 2135 2245 canon

494 2278 833 2334 sanctorum
865 2280 924 2335 et
951 2273 1112 2335 omni
1144 2274 1320 2337 laude
1355 2272 1681 2336 celebrium
1729 2272 2132 2353 apostolorum

494 2359 620 2422 haec
651 2362 733 2423 ait
765 2379 778 2424 :
814 2361 1164 2444 Episcopus,
1216 2363 1308 2424 vel
1368 2362 1690 2443 presbyter,
1741 2362 1792 2422 si
1838 2379 2000 2433 eum,
2036 2362 2137 2441 qui

494 2467 635 2513 vere
665 2449 847 2513 habet
897 2451 1281 2533 baptismum,
1330 2452 1404 2514 de
1450 2452 1682 2530 integro
1728 2449 2132 2532 baptizavcrit,

496 2539 585 2600 vel
616 2540 668 2602 si
697 2559 858 2617 eum,
884 2546 981 2622 qui
1012 2541 1083 2603 ab
1106 2542 1308 2624 impiis
1357 2542 1616 2623 pollutus
1648 2550 1756 2618 est,
1804 2560 1922 2603 non
1944 2540 2140 2623 bapti-

497 2629 742 2709 zaverit,
774 2629 1126 2711 deponatur,
1155 2642 1220 2693 ut
1245 2631 1343 2712 qui
1375 2631 1617 2692 irrideat
1649 2637 1898 2692 mortem
1926 2638 2141 2692 etcru-

500 2735 628 2778 cem
661 2718 921 2799 Domgni,
945 2727 1149 2781 etnon
1180 2719 1480 2782 discernat
1520 2719 1864 2780 sacerdotes
1905 2738 1938 2781 a
1980 2719 2144 2782 falsis

500 2806 934 2871 sacerdotibus.
962 2807 1185 2870 Forsan
1217 2808 1394 2887 igitur
1423 2808 1638 2872 dixerit
1687 2808 2005 2890 quispiam,
2041 2828 2138 2871 or-

502 2894 848 2972 tbodoxum,
870 2896 972 2977 qui
1001 2915 1137 2957 cum
1168 2897 1350 2977 impia
1380 2907 1672 2959 scorlalus
1705 2906 1814 2973 est,
1852 2898 2139 2978 pollutum

502 3000 657 3065 esse,
694 2994 754 3047 et
782 2984 1132 3066 rebaptizari
1162 2985 1401 3049 debere.
1433 2985 1598 3059 Quod
1632 3004 1836 3049 verum
1869 3005 1988 3047 non
2021 2994 2138 3050 est:

1876 350 1908 415 «Ι
1915 354 2008 416 US
2047 352 2196 417 CAN
2200 351 2302 419 ON
2306 348 2489 417 ICUM

573 476 803 544 Interr.
820 480 921 545 46.
947 478 1145 562 Siquis
1167 487 1458 544 scortatus
1485 482 1627 545 furit
1654 521 1681 552 ο
1710 502 1844 546 cum
1876 484 2128 547 muliere
2148 494 2191 543 Α
2294 485 2486 562 Ἐρώτ.

3714 336 3876 406 10⁸16

2294 485 2486 566 Ἐρώτ.
2594 476 2738 564 pg".
2846 484 2971 546 Ἐὰν
3077 506 3157 547 τις
3240 491 3501 564 πορνικῶς
3585 481 3873 566 συμφθαρῇ

2222 565 2365 651 μετᾶ
2439 578 2686 655 γυναικὸς
2771 573 3122 656 αἰχμαλώτου
3190 572 3534 652 Χριστιανῆς,
3601 565 3875 656 καὶκατὰ

2218 668 2406 723 ταύτὸν
2488 664 2781 747 ὀρθοδόξου,
2846 662 3130 728 ἀκινδύνως
3199 666 3274 728 ὡς
3351 661 3541 730 δούλην
3625 655 3875 726 πωλήσει

2476 891 2489 906 .
2556 835 2777 904 ’Ἀδειαν
2827 846 2855 901 ὁ
2909 841 3170 910 δεσπότης
3212 842 3326 914 ἥξει
3366 842 3465 910 τὴν
3523 840 3624 896 ὑπὸ
3680 835 3871 892 τούτου

2219 935 2605 1014 πορνευομένην
2677 932 2870 1001 δούλην
2938 934 3094 991 αὐτοῦ
3174 930 3403 1012 πωλεῖν,
3487 930 3575 987 καὶ
3628 926 3870 1000 ἀποκερ-

2222 1021 2413 1081 δαίνειν
2481 1026 2542 1080 τὸ
2627 1024 2825 1091 ταύτης
2880 1023 3112 1099 τίμημα,
3188 1019 3509 1100 Ἐλευθερίας
3580 1017 3682 1096 γὰρ
3750 1023 3872 1068 τοτε

2223 1111 2453 1179 ἀξιοῦται
2522 1115 2557 1181 ἡ
2612 1110 2772 1179 δούλη
2844 1111 2979 1187 μετὰ
3044 1116 3137 1167 τοῦ
3219 1108 3474 1167 δεσπότου
3547 1107 3870 1186 σλιπ-φθειρο-

2224 1200 2379 1277 μένη,
2442 1200 2531 1258 ὅτε
2589 1200 2749 1281 μέχρι
2813 1199 3112 1263 τελευταίας
3157 1200 3340 1257 τούτου
3390 1198 3655 1262 ἀναπνοῆς
3722 1189 3870 1248 οὖδέν

2222 1313 2272 1347 τι
2329 1294 2446 1371 περὶ
2488 1289 2848 1371 νδιαπράσεως
2906 1290 3104 1371 ταύτης
3157 1289 3339 1370 φθάσει
3408 1286 3667 1371 γενέσθαι.
3727 1282 3873 1371 ιξ’·ησὶ

2221 1381 2321 1460 γὰρ
2350 1365 2411 1437 te;
2440 1370 2496 1458 β’
2547 1365 2832 1461 κεφαλαιον
2888 1386 2982 1436 τοῦ
3036 1369 3106 1436 ιθ’
3158 1365 3332 1436 τίτλου
3383 1365 3477 1437 τοῦ
3520 1365 3618 1454 μη’
3665 1369 3872 1451 βιϐλίου

2219 1476 2385 1526 ταῦτα
2425 1472 2599 1548 ῥητῶς
2635 1486 2649 1501 ⁸
2711 1467 2837 1528 Ἐάν
2877 1489 2956 1534 τις
2998 1466 3189 1536 δούλην
3397 1467 3450 1524 ἐν
3493 1472 3561 1543 τῇ
3606 1462 3710 1537 ἰδία
3741 1485 3870 1519 συν·-

2222 1560 2398 1639 αφεία,
2468 1561 2546 1636 μὴ
2616 1558 2762 1640 ἔχων
2820 1559 3082 1637 γαμετὴν,
3148 1558 3236 1614 καὶ
3299 1557 3449 1633 μείνᾳ
3504 1553 3619 1632 μετ’
3704 1554 3873 1617 auri:

2221 1639 2384 1730 μέχρι
2428 1639 2703 1729 τελευτῆς,
2751 1646 2863 1704 εἴτε
2893 1646 3038 1728 ἔχων
3080 1644 3276 1711 παῖδας
3306 1644 3358 1712 ἐξ
3390 1648 3578 1720 αὐτῆς,
3603 1643 3720 1700 εἴτε
3746 1643 3830 1717 μή
3852 1655 3867 1668 ⁸

2218 1740 2306 1795 καὶ
2335 1737 2501 1815 μηδὲν
2533 1736 2667 1815 εἴπῃ
2696 1739 2813 1814 περὶ
2864 1736 3028 1804 αὐτῆς
3073 1735 3126 1792 ἐν
3182 1733 3283 1810 ἰδίᾳ
3337 1733 3561 1811 διαθήκῃ
3596 1750 3610 1764 ·
3670 1731 3877 1811 γίνεται

2156 1822 2195 1871 Β
2219 1828 2392 1896 ἐκείνη
2438 1825 2700 1905 ἐλευθέρα.

2300 1917 2489 1997 Ἐρώτ.
2522 1906 2636 1992 μζ’.
2671 1915 2795 1973 Ἐὰν
2827 1913 3095 1996 ὀρθόδοξος
3120 1918 3398 1996 συμφθαρῇ
3441 1918 3702 1993 πορνικῶς
3735 1910 3877 1987 μετᾶ

2220 2005 2471 2070 Ἰουδαίας
2514 2006 2551 2074 ἢ
2585 2004 2888 2085 Ἀγαρηνῆς
2931 2005 3204 2083 γυναικὸς,
3261 2002 3327 2060 δι’
3358 2002 3621 2079 ἐπιτιμίου
3648 1998 3877 2078 διορθω-

2217 2096 2354 2176 θείη,
2388 2096 2424 2164 ἢ
2455 2092 2966 2176 ἀναϐαπτισθήσεται
2995 2115 3012 2175 ς

2298 2173 2489 2243 ’Ᾰπόκ.
2527 2175 2584 2242 Ὀ
2629 2184 2726 2260 μὲν
2757 2173 2847 2260 μζ’
2886 2173 3060 2240 κανὼν
3114 2189 3221 2240 τῶν
3270 2183 3432 2260 ἁγίων
3462 2181 3548 2237 καὶ
3589 2178 3873 2256 nave-J97:-

2218 2297 2333 2352 μων
2375 2272 2686 2331 ἀποστόλων
2758 2274 2921 2329 ταῦτά
2991 2293 3151 2354 φησιν
3183 2290 3198 2306 ·
3260 2271 3580 2331 Ἐπίσκοπος
3644 2267 3681 2334 ἢ
3741 2285 3877 2354 πρε-

2218 2362 2461 2442 σϐύτερος
2518 2363 2609 2419 τὸν
2664 2362 2799 2418 κατὰ
2867 2353 3118 2432 ἀλήθειαν
3199 2359 3398 2440 ’έχοντα
3452 2359 3725 2435 βάπτισμα
3780 2353 3874 2409 ἐὰν

2218 2452 2412 2510 ἄνωθεν
2495 2454 2727 2530 βαπτίσῃ
2809 2450 2845 2518 ἢ
2901 2451 2991 2506 τὸν
3057 2448 3459 2527 μεμολυσμένον
3540 2446 3681 2525 παρὰ
3764 2450 3874 2500 τῶν

2224 2540 2427 2599 ἀσεϐῶν
2483 2542 2561 2618 μὴ
2620 2540 2876 2618 βαπτίσῃ,
2959 2539 3325 2618 καθαιρείσθω,
3397 2539 3471 2600 ὡς
3541 2534 3712 2615 γελῶν
3780 2535 3873 2588 τὸν

2224 2631 2442 2708 σταυρὸν
2492 2630 2579 2685 καὶ
2620 2630 2709 2684 τὸν
2767 2634 2859 2684 τοῦ
2932 2626 3118 2706 Κυρίου
3182 2626 3428 2702 θάνατον,
3488 2626 3577 2682 καὶ
3639 2624 3719 2699 μὴ
3762 2620 3877 2677 διας

2223 2706 2412 2798 κρίνων
2480 2718 2647 2798 ἱερέας
2718 2713 3092 2796 ψευδοίερέων.
3169 2706 3335 2778 "loco;
3420 2714 3507 2771 οὖν
3588 2713 3737 2769 εἴποι
3790 2733 3873 2773 τις

2224 2807 2450 2888 ὀφείλειν
2518 2808 2607 2864 καὶ
2672 2808 2765 2864 τὸν
2812 2806 3167 2886 πορνεύσαντα
3222 2803 3487 2886 όρθόδοξον
3569 2803 3702 2880 μετὰ
3774 2806 3874 2867 τῆς

2224 2895 2442 2960 ἀσεϐοῦς
2515 2894 2859 2972 μολυνθῆναι,
2934 2894 3022 2951 καὶ
3091 2892 3536 2962 ἆναϐαπτισθῆναι
3617 2889 3873 2973 ὀφείλειν,

2227 2989 2334 3044 Ούιι
2386 2986 2498 3042 ἔστι
2539 2984 2593 3041 δὲ
2646 2992 2800 3041 τοῦτο
2868 2983 3083 3051 ἀληθές,
3135 2982 3374 3049 Ἐκεῖνος
3438 2985 3537 3062 γὰρ
3593 2980 3877 3057 μολύνεται

498 3070 551 3133 is
620 3072 779 3171 enim
819 3073 924 3171 -ab
976 3075 1054 3137 iis
1109 3075 1411 3156 polluitur,
1441 3075 1542 3171 qui
1599 3085 1806 3171 sponte
1834 3075 2140 3171 abluendo

2232 3076 2367 3156 παρᾶ
2423 3081 2527 3132 τῶν
2583 3072 2809 3150 ἀσεϐῶν,
2889 3075 2946 3138 ὃς
3004 3074 3175 3131 ἑκοντὶ
3244 3074 3340 3150 μὲν
3400 3074 3743 3131 ἄπονίπτεται
3814 3072 3877 3125 τὸ

502 3163 663 3224 exuit
717 3163 980 3225 divinum
1027 3174 1414 3247 sanctumque
1472 3166 1763 3247 baptisma
1830 3166 2140 3247 induitque

2232 3169 2370 3223 θεῖον
2413 3166 2500 3222 καὶ
2539 3165 2690 3243 ἅγιον
2731 3163 3025 3240 βάπτισμα,
3073 3161 3300 3219 ἐνδύεται
3343 3162 3398 3219 δὲ
3441 3163 3684 3241 βάπισμα
3740 3160 3876 3216 ἀσε-

501 3252 800 3333 baptisma
828 3253 1172 3336 impiorum.
1221 3254 1456 3319 Judicio
1516 3273 1656 3334 ergo
1688 3256 2007 3337 episcopali
2040 3274 2140 3337 per

2232 3252 2356 3314 ϐῶν.
2409 3252 2489 3311 Δι’
2538 3253 2803 3329 ἐπιτιμίου
2857 3259 2981 3330 γοῦν
3050 3250 3391 3333 σφοδροτέρου
3468 3251 3584 3308 κατ’
3645 3251 3877 3308 ἐπισκο-

500 3342 828 3421 graviorem
866 3362 1097 3424 poenam
1127 3345 1562 3426 emendabitur,
1586 3354 1644 3407 et
1674 3354 1741 3408 ut
1770 3353 2140 3417 scortator,et

2232 3344 2390 3412 πικὴν
2444 3341 2697 3423 διάκρισιν
2754 3339 3077 3421 διορθωθείη,
3132 3344 3221 3398 καὶ
3261 3343 3335 3404 ὡς
3382 3343 3599 3421 πόρνος,
3656 3341 3748 3397 καὶ
3804 3342 3878 3405 ὡς

501 3437 569 3493 ut
589 3433 863 3496 satanicae
892 3434 1326 3497 communionis
1357 3454 1492 3497 cum
1511 3434 1694 3516 impio
1722 3434 1911 3497 factus
1957 3435 2139 3516 parti»

2232 3435 2553 3504 κοινωνήσας
2582 3432 2717 3508 μεαὰ
2741 3427 2955 3496 ἀσεϐους
2983 3432 3259 3495 κοινωνίας
3288 3436 3576 3499 σατανικῆς
3612 3451 3628 3466 ο
3664 3428 3786 3486 ἀλλ’
3816 3432 3879 3487 οὗ

498 3539 639 3603 ceps
671 3540 685 3586 :
721 3542 927 3586 verum
959 3544 1077 3588 non
1108 3523 1525 3607 baptizabitur.

576 3612 811 3677 Interr.
844 3614 941 3678 48.
977 3614 1128 3689 Quot
1174 3633 1466 3677 annorum
1499 3633 1625 3677 mas
1655 3621 1757 3677 aut
1783 3613 2006 3676 femina
2035 3614 2141 3675 ad-

497 3702 763 3767 mittatur
791 3704 865 3766 ad
894 3704 1331 3769 confessionem
1355 3709 1382 3764 ‘1

577 3793 762 3874 Resp.
786 3796 971 3873 Leges
993 3793 1233 3874 quidem
1258 3793 1494 3856 delictis
1518 3792 1895 3873 impuberum
1912 3792 2140 3855 condo-

499 3882 762 3945 nandum
791 3900 922 3944 esse
946 3881 1532 3962 dicuntJmpuberes
1561 3888 1757 3944 autem
1781 3890 1922 3943 sunt
1954 3899 2145 3943 mares

498 3970 765 4052 quidem,
806 3971 907 4052 qui
956 3971 1259 4034 decimum
1299 3979 1569 4051 quartum
1600 3988 1819 4031 annum
1852 3970 2144 4050 impleve-

499 4067 638 4121 runt
671 4078 683 4122 :
719 4059 956 4121 feminae
985 4078 1145 4134 vero,
1177 4059 1492 4121 duodecim
1535 4077 1850 4122 annorum.
1884 4058 2139 4121 Forsan-

498 4147 681 4226 igitur
703 4148 918 4211 dixerit
937 4148 1149 4230 aliquis
1171 4157 1304 4230 post
1326 4148 1746 4211 duodecimum
1772 4156 1828 4210 et
1845 4148 2142 4211 decimum

500 4245 771 4315 quartum
807 4237 992 4300 aetatis
1013 4257 1234 4301 annum
1269 4257 1370 4301 eos
1400 4237 1620 4301 debere
1653 4246 1894 4319 peccata
1910 4256 2012 4299 sua
2044 4238 2145 4299 de-

500 4327 1007 4406 clarare;utpote
1050 4328 1401 4391 delictorum
1445 4327 1736 4410 judicium
1796 4325 2141 4401 subeuntes,

2223 3523 2661 3599 βαπτισθήσεται.

2306 3609 2493 3689 Ἐρώτ,
2542 3600 2661 3686 μη’.
2722 3611 2994 3675 Ποσαετῆς
3050 3610 3184 3690 ἀνὴρ
3244 3609 3281 3678 ἢ
3336 3609 3469 3689 γυνὴ
3527 3606 3744 3689 δεχθείη
3804 3610 3876 3672 εἷς

2224 3700 2522 3781 ἐξαγορείαν
2556 3720 2571 3781 ;

2307 3788 2497 3849 Ἀπόκ.
2546 3792 2604 3848 Οἱ
2648 3791 2745 3864 μὲν
2793 3790 2944 3867 νόμοι
3003 3789 3354 3869 συγχωρητέα
3396 3790 3459 3845 τὰ
3513 3794 3617 3845 τῶν
3662 3788 3764 3857 ἇνή
3780 3786 3878 3843 ἴον

2226 3881 2584 3959 ἁμαρτήματα
2640 3877 2879 3958 λέγουσιν
2958 3879 3120 3941 εἶναι,
3201 3869 3435 3946 ’Ἂνηϐοι
3490 3876 3545 3933 δὲ
3601 3879 3730 3933 εἰσιν
3792 3876 3880 3932 ἐπὶ

2225 3968 2323 4045 μὲν
2351 3973 2457 4024 τῶν
2500 3966 2748 4048 ἆρῥένων,
2808 3970 2855 4024 οἱ
2906 3969 2987 4023 τὸν
3043 3965 3608 4047 τεσσαρεσκαιδέκατον
3677 3964 3879 4046 χρόνον

2224 4056 2598 4136 πληρώσαντες
2634 4073 2648 4088 ⁸
2707 4056 2793 4113 ἐπὶ
2850 4054 2904 4112 δὲ
2933 4062 3039 4112 τῶν
3109 4056 3357 4136 θηλειῶν,
3405 4059 3455 4111 αἱ
3500 4052 3876 4117 δωδεκαετεῖς.

2231 4135 2396 4210 "Iam;
2449 4146 2536 4204 οὖν
2581 4144 2713 4223 εἴπῃ
2742 4168 2844 4220 τις,
2893 4147 3026 4221 μετὰ
3049 4149 3138 4203 τὸν
3167 4144 3457 4202 δωδέκατον
3508 4146 3597 4201 καὶ
3623 4147 3715 4200 τὸν
3744 4166 3877 4201 τεσ-

2228 4236 2694 4319 σαρεσκαιδέκατον
2750 4238 2944 4319 χρόνον
3006 4244 3104 4306 τῆς
3160 4236 3368 4307 ἡλικίας
3436 4241 3607 4298 αὐτῶν
3642 4236 3878 4315 ὀφείλειν

2228 4328 2438 4393 τούτους
2482 4325 2824 4407 ἐξαγορεύειν,
2889 4330 2962 4391 ὡς
3023 4330 3109 4384 καὶ
3167 4327 3217 4393 ἐξ
3275 4326 3673 4407 ἁμαρτημάτων
3722 4328 3873 4386 εύθν

500 4426 559 4481 et
589 4435 841 4497 capaces
870 4417 1271 4494 scortationis,
1305 4406 1679 4498 aliorumque
1734 4415 2140 4497 quorumpiam

2232 4416 2496 4492 νομένους,
2529 4406 2937 4495 καίνγεγονότας
2995 4416 3236 4496 πορνείας
3278 4418 3367 4472 καὶ
3391 4406 3582 4472 ἄλλων
3634 4416 3854 4495 ἁμαρττ,

500 4515 877 4588 peccatorum
908 4507 1176 4570 effectos.
1202 4510 1321 4569 Nos
1349 4516 1546 4570 autem
1577 4506 1649 4569 ab
1684 4506 1809 4585 ipsa
1839 4504 2151 4585 experien-

500 4596 601 4672 tia,
636 4596 740 4659 sed
771 4596 844 4659 ab
875 4596 970 4673 iis,
1006 4616 1139 4678 quae
1170 4597 1373 4658 talium
1405 4594 1800 4677 quorumdam
1835 4612 2013 4655 causa
2044 4611 2151 4675 per

498 4685 660 4748 varia
689 4693 955 4767 tempora
974 4679 1265 4768 synodice’
1287 4685 1512 4767 prolata
1542 4691 1703 4758 sunt,
1740 4681 2146 4758 consulimus;

500 4785 565 4837 ut
592 4782 789 4857 potest
819 4793 1022 4837 sexum
1047 4794 1269 4837 annum
1305 4793 1500 4836 mares
1523 4782 1581 4835 et
1600 4772 1836 4834 feminae
1862 4790 1969 4853 per
1996 4790 2146 4833 con-

498 4864 794 4928 fessiones
821 4863 1130 4927 emendari
1160 4872 1217 4925 et
1247 4863 1601 4925 sanctiﬁcari
1638 4858 2069 4932 debeantQuia
2094 4867 2151 4921 et

498 4953 754 5017 clericus
792 4953 1031 5035 quidam
1066 4971 1174 5033 per
1201 4950 1553 5030 obligatoria
1583 4949 1822 5031 scripta,
1856 4948 2152 5026 deSponsa

501 5061 685 5106 uxore
742 5042 1042 5124 septenni,
1091 5051 1149 5103 et
1196 5050 1331 5122 post
1378 5041 1506 5121 ejus
1553 5046 1804 5101 mortem
1854 5036 1954 5099 alii
1997 5056 2144 5099 con-

493 5133 741 5214 junctus
773 5132 1029 5208 mulieri,
1064 5129 1344 5211 synodice
1397 5148 1514 5191 non
1561 5126 1917 5210 impetravit,
1951 5135 2010 5187 ut
2041 5144 2144 5188 ea-

499 5220 774 5284 nonicam
846 5228 1316 5302 consequeretur
1394 5216 1828 5280 ordinationem
1864 5265 1882 5299 ,
1940 5223 2145 5295 utpote

500 5309 795 5390 bigamus.
852 5311 953 5375 Ait
1007 5309 1165 5372 enim
1220 5316 1425 5373 sancta
1496 5303 2148 5387 Constantinopolitana

501 5399 784 5482 synodus,
818 5407 1165 5483 septennem
1214 5397 1497 5460 feminam
1551 5396 1771 5459 amoris
1803 5414 1933 5459 esse
1964 5412 2141 5476 capa-

2232 4507 2414 4582 μάτων
2442 4512 2598 4561 τινῶν
2628 4503 2918 4570 δεκτικούς.
2979 4498 3142 4580 Ἠμϊν
3192 4504 3248 4562 δὲ
3303 4506 3409 4562 ἀπὸ
3467 4505 3649 4584 πείρας
3681 4509 3877 4579 αὐτῆς,

2229 4594 2365 4653 ἀλλὰ
2394 4595 2502 4671 μὴν
2543 4596 2630 4650 καὶ
2685 4593 2790 4651 ἀπὸ
2848 4593 3182 4662 λαληθέντων
3235 4592 3523 4658 συνοδικώς
3578 4595 3715 4651 κατὰ
3764 4594 3887 4652 δια-

2228 4684 2417 4764 φόρους
2465 4683 2701 4763 καιροὺς,
2749 4683 2908 4762 χάριν
2952 4685 3201 4741 τοιούτων
3257 4689 3437 4757 τινῶν,
3510 4681 3882 4762 γνωμοδοτεῗ-

2226 4795 2313 4829 ται
2348 4788 2362 4802 ⁸
2411 4773 2545 4849 μετὰ
2574 4774 2662 4829 τὸν
2694 4771 2841 4829 ἕκτον
2885 4772 3118 4829 ἐνιαυτὸν
3175 4770 3403 4853 ὀφείλειν
3446 4773 3535 4828 καὶ
3600 4774 3719 4838 τοὺς
3775 4773 3882 4853 ἄῤ-

2228 4862 2377 4939 ῥενας
2447 4862 2536 4917 καὶ
2617 4861 2711 4926 τὰς
2762 4859 2978 4928 θηλείας
3049 4859 3116 4917 δι’
3186 4859 3483 4939 ἐξαγορείας
3553 4859 3881 4936 διορθοῦσθαι

2227 4952 2316 5007 καὶ
2344 4950 2675 5029 ἀγιάζεσθαι.
2740 4940 2870 5008 (Ὀτι
2926 4951 3015 5007 καὶ
3070 4948 3324 5020 κληρικός
3368 4971 3449 5013 τις
3492 4946 3576 5005 διὰ
3605 4948 3884 5026 δεσμωτι-

2228 5044 2337 5095 κῶν
2394 5037 2668 5119 ἐγγράφων
2739 5039 3234 5117 κατεγγυησάμενος
3317 5051 3546 5116 γυνα⁴’κα
3616 5037 3879 5108 ἑπταετῆ.

2227 5128 2314 5184 καὶ
2359 5128 2494 5203 μετὰ
2551 5128 2773 5183 θάνατον
2815 5130 3012 5195 ταύτης
3070 5127 3219 5207 ἑτέρᾳ
3289 5128 3587 5205 συζευχθεὶς
3643 5132 3884 5207 γυναικὶ,

2226 5218 2286 5273 ού
2368 5218 2731 5297 παρεχωρήθη
2828 5215 3112 5282 συνοδικῶς
3211 5218 3492 5283 κανονικῆς
3594 5215 3887 5284 ἀξιωθῆναι

2227 5304 2575 5386 χειροτονίας,
2636 5308 2708 5369 ὡς
2765 5304 3009 5385 δίγαμος.
3072 5307 3211 5364 Eine
3267 5307 3366 5385 γὰρ
3422 5306 3457 5373 ἡ
3497 5304 3551 5363 ἓν
3598 5316 3892 5366 Κωνσταν·

2226 5391 2526 5451 τινουπόλει
2569 5394 2691 5473 ἁγία
2734 5393 2944 5459 σύνοδος
3002 5395 3101 5464 τὴν
3145 5394 3376 5462 ἑπταετῆ
3417 5408 3640 5472 γυνατνα
3697 5394 3888 5455 δεκτι-

1822 5562 2081 5631 VARIIE
2122 5560 2556 5627 LECTIONES.

577 5710 600 5742 ε
626 5700 829 5781 stupri
853 5698 1350 5763 consuetudinem
1379 5693 1677 5758 habuerit.
1711 5710 1737 5752 (ι
1764 5698 1968 5777 stupri
1995 5698 2485 5764 consuetudinem
2508 5695 2710 5761 habet.
