  <div class='ocr_page' id='page_1' title='image "/cluster/home/n/w/nwhite01/storage/ocr_20150623/119/hvd.32044073502494/547.png"; bbox 0 0 4160 6212; ppageno 0'>
   <div class='ocr_carea' id='block_1_1' title="bbox 468 312 2112 387">
    <p class='ocr_par' dir='ltr' id='par_1_1' title="bbox 468 312 2112 383">
     <span class='ocr_line' id='line_1_1' title="bbox 468 312 2112 383; baseline 0.002 -7"><span class='ocrx_word' id='word_1_1' title='bbox 468 312 623 376; x_wconf 84' lang='grc'>1079</span> <span class='ocrx_word' id='word_1_2' title='bbox 908 380 909 383; x_wconf 33' lang='grc' dir='ltr'><strong>η</strong></span> <span class='ocrx_word' id='word_1_3' title='bbox 1831 314 1964 379; x_wconf 81' lang='lat' dir='ltr'><strong>JUS</strong></span> <span class='ocrx_word' id='word_1_4' title='bbox 2010 314 2112 379; x_wconf 51' lang='lat' dir='ltr'><strong>GK</strong></span> 
     </span>
    </p>
   </div>
   <div class='ocr_carea' id='block_1_2' title="bbox 2200 312 3846 387">
    <p class='ocr_par' dir='ltr' id='par_1_2' title="bbox 2200 316 3846 387">
     <span class='ocr_line' id='line_1_2' title="bbox 2200 316 3846 387; baseline 0.007 -12"><span class='ocrx_word' id='word_1_5' title='bbox 2200 316 2455 383; x_wconf 76' lang='lat' dir='ltr'><strong>lNIGUM</strong></span> <span class='ocrx_word' id='word_1_6' title='bbox 3687 321 3846 387; x_wconf 81' lang='grc'>1080</span> 
     </span>
    </p>
   </div>
   <div class='ocr_carea' id='block_1_3' title="bbox 459 426 2112 531">
    <p class='ocr_par' dir='ltr' id='par_1_3' title="bbox 459 446 2112 528">
     <span class='ocr_line' id='line_1_3' title="bbox 459 446 2112 528; baseline 0.001 -19"><span class='ocrx_word' id='word_1_7' title='bbox 459 463 590 511; x_wconf 86' lang='lat' dir='ltr'><strong>rem</strong></span> <span class='ocrx_word' id='word_1_8' title='bbox 623 455 1009 511; x_wconf 77' lang='lat' dir='ltr'><strong>consecratus</strong></span> <span class='ocrx_word' id='word_1_9' title='bbox 1059 446 1158 527; x_wconf 87' lang='lat' dir='ltr'><strong>sit,</strong></span> <span class='ocrx_word' id='word_1_10' title='bbox 1210 465 1320 509; x_wconf 84' lang='lat' dir='ltr'><strong>nos</strong></span> <span class='ocrx_word' id='word_1_11' title='bbox 1351 447 1603 510; x_wconf 86' lang='lat' dir='ltr'><strong>aliorum</strong></span> <span class='ocrx_word' id='word_1_12' title='bbox 1660 448 1733 511; x_wconf 89' lang='lat' dir='ltr'><strong>ad</strong></span> <span class='ocrx_word' id='word_1_13' title='bbox 1781 465 1959 528; x_wconf 81' lang='lat' dir='ltr'><strong>opera</strong></span> <span class='ocrx_word' id='word_1_14' title='bbox 2006 466 2112 510; x_wconf 92' lang='lat' dir='ltr'><strong>usu</strong></span> 
     </span>
    </p>
   </div>
   <div class='ocr_carea' id='block_1_4' title="bbox 2200 426 3845 531">
    <p class='ocr_par' dir='ltr' id='par_1_4' title="bbox 2200 426 3845 531">
     <span class='ocr_line' id='line_1_4' title="bbox 2200 426 3845 531; baseline 0.005 -25"><span class='ocrx_word' id='word_1_15' title='bbox 2200 449 2461 531; x_wconf 70' lang='grc' dir='ltr'>ἀτιμίαςς</span> <span class='ocrx_word' id='word_1_16' title='bbox 2532 426 2588 508; x_wconf 56' lang='grc' dir='ltr'><strong>’ᾖ</strong></span> <span class='ocrx_word' id='word_1_17' title='bbox 2660 452 2774 517; x_wconf 80' lang='grc' dir='ltr'><strong>πῶς</strong></span> <span class='ocrx_word' id='word_1_18' title='bbox 2838 455 2899 510; x_wconf 76' lang='grc' dir='ltr'><strong>ού</strong></span> <span class='ocrx_word' id='word_1_19' title='bbox 2978 452 3250 521; x_wconf 80' lang='grc' dir='ltr'><strong>παντελῶς</strong></span> <span class='ocrx_word' id='word_1_20' title='bbox 3306 454 3636 525; x_wconf 73' lang='grc' dir='ltr'>ἀσυνείδητον</span> <span class='ocrx_word' id='word_1_21' title='bbox 3706 459 3845 514; x_wconf 70' lang='grc' dir='ltr'>ἑπτὰ</span> 
     </span>
    </p>
   </div>
   <div class='ocr_carea' id='block_1_5' title="bbox 458 535 2112 623">
    <p class='ocr_par' dir='ltr' id='par_1_5' title="bbox 458 535 2110 616">
     <span class='ocr_line' id='line_1_5' title="bbox 458 535 2110 616; baseline -0.001 -16"><span class='ocrx_word' id='word_1_22' title='bbox 458 542 778 600; x_wconf 86' lang='lat' dir='ltr'><strong>contentos</strong></span> <span class='ocrx_word' id='word_1_23' title='bbox 810 555 929 599; x_wconf 89' lang='lat' dir='ltr'><strong>non</strong></span> <span class='ocrx_word' id='word_1_24' title='bbox 956 553 1109 610; x_wconf 85' lang='lat' dir='ltr'><strong>esse,</strong></span> <span class='ocrx_word' id='word_1_25' title='bbox 1136 552 1332 616; x_wconf 91' lang='lat' dir='ltr'><strong>neque</strong></span> <span class='ocrx_word' id='word_1_26' title='bbox 1352 535 1520 598; x_wconf 92' lang='lat' dir='ltr'><strong>illum</strong></span> <span class='ocrx_word' id='word_1_27' title='bbox 1543 536 1796 599; x_wconf 91' lang='lat' dir='ltr'><strong>Domino</strong></span> <span class='ocrx_word' id='word_1_28' title='bbox 1829 535 2110 598; x_wconf 80' lang='lat' dir='ltr'><strong>eximium</strong></span> 
     </span>
    </p>
   </div>
   <div class='ocr_carea' id='block_1_6' title="bbox 2200 535 3842 623">
    <p class='ocr_par' dir='ltr' id='par_1_6' title="bbox 2200 540 3842 623">
     <span class='ocr_line' id='line_1_6' title="bbox 2200 540 3842 623; baseline 0.004 -27"><span class='ocrx_word' id='word_1_29' title='bbox 2200 540 2405 620; x_wconf 66' lang='grc' dir='ltr'>ἡμερῶν</span> <span class='ocrx_word' id='word_1_30' title='bbox 2434 541 2627 622; x_wconf 80' lang='grc' dir='ltr'>οὒσῶν,</span> <span class='ocrx_word' id='word_1_31' title='bbox 2667 544 2742 598; x_wconf 84' lang='grc' dir='ltr'>ὧν</span> <span class='ocrx_word' id='word_1_32' title='bbox 2808 542 2901 618; x_wconf 88' lang='grc' dir='ltr'><strong>μία</strong></span> <span class='ocrx_word' id='word_1_33' title='bbox 2955 544 3025 609; x_wconf 82' lang='grc' dir='ltr'><strong>είς</strong></span> <span class='ocrx_word' id='word_1_34' title='bbox 3085 545 3415 613; x_wconf 76' lang='grc' dir='ltr'>Δεσποτικὴν</span> <span class='ocrx_word' id='word_1_35' title='bbox 3480 548 3644 623; x_wconf 81' lang='grc' dir='ltr'>τιμὴν</span> <span class='ocrx_word' id='word_1_36' title='bbox 3683 547 3842 603; x_wconf 82' lang='grc' dir='ltr'>ἀνετ-</span> 
     </span>
    </p>
   </div>
   <div class='ocr_carea' id='block_1_7' title="bbox 460 625 2112 716">
    <p class='ocr_par' dir='ltr' id='par_1_7' title="bbox 460 625 2112 707">
     <span class='ocr_line' id='line_1_7' title="bbox 460 625 2112 707; baseline 0 -19"><span class='ocrx_word' id='word_1_37' title='bbox 460 634 519 688; x_wconf 90' lang='lat' dir='ltr'><strong>et</strong></span> <span class='ocrx_word' id='word_1_38' title='bbox 547 625 897 688; x_wconf 86' lang='lat' dir='ltr'><strong>inviolatum</strong></span> <span class='ocrx_word' id='word_1_39' title='bbox 929 640 1285 688; x_wconf 80' lang='lat' dir='ltr'><strong>conservare</strong></span> <span class='ocrx_word' id='word_1_40' title='bbox 1312 646 1325 689; x_wconf 77' lang='grc' dir='ltr'><strong>ε</strong></span> <span class='ocrx_word' id='word_1_41' title='bbox 1357 627 1463 689; x_wconf 91' lang='lat' dir='ltr'><strong>sed</strong></span> <span class='ocrx_word' id='word_1_42' title='bbox 1494 625 1688 707; x_wconf 90' lang='lat' dir='ltr'><strong>ipsum</strong></span> <span class='ocrx_word' id='word_1_43' title='bbox 1715 625 1890 688; x_wconf 87' lang='lat' dir='ltr'><strong>etiam</strong></span> <span class='ocrx_word' id='word_1_44' title='bbox 1919 625 2112 706; x_wconf 89' lang='lat' dir='ltr'><strong>vulga-</strong></span> 
     </span>
    </p>
   </div>
   <div class='ocr_carea' id='block_1_8' title="bbox 2200 625 3844 716">
    <p class='ocr_par' dir='ltr' id='par_1_8' title="bbox 2200 629 3844 716">
     <span class='ocr_line' id='line_1_8' title="bbox 2200 629 3844 716; baseline 0.004 -32"><span class='ocrx_word' id='word_1_45' title='bbox 2200 649 2302 709; x_wconf 83' lang='grc' dir='ltr'>ται,</span> <span class='ocrx_word' id='word_1_46' title='bbox 2364 631 2442 705; x_wconf 78' lang='grc' dir='ltr'>μὴ</span> <span class='ocrx_word' id='word_1_47' title='bbox 2525 629 2800 710; x_wconf 80' lang='grc' dir='ltr'>ἀρκεῖσθαι</span> <span class='ocrx_word' id='word_1_48' title='bbox 2864 633 3009 706; x_wconf 81' lang='grc' dir='ltr'>ἡμᾶς</span> <span class='ocrx_word' id='word_1_49' title='bbox 3064 645 3188 699; x_wconf 77' lang='grc' dir='ltr'>ταῖς</span> <span class='ocrx_word' id='word_1_50' title='bbox 3245 633 3296 699; x_wconf 78' lang='grc' dir='ltr'>ἐξ</span> <span class='ocrx_word' id='word_1_51' title='bbox 3366 634 3844 716; x_wconf 80' lang='grc' dir='ltr'>ἀποκεχρημένους</span> 
     </span>
    </p>
   </div>
   <div class='ocr_carea' id='block_1_9' title="bbox 456 713 2112 801">
    <p class='ocr_par' dir='ltr' id='par_1_9' title="bbox 456 713 2112 795">
     <span class='ocr_line' id='line_1_9' title="bbox 456 713 2112 795; baseline 0.001 -19"><span class='ocrx_word' id='word_1_52' title='bbox 456 731 585 779; x_wconf 90' lang='lat' dir='ltr'><strong>rem</strong></span> <span class='ocrx_word' id='word_1_53' title='bbox 616 714 833 791; x_wconf 89' lang='lat' dir='ltr'><strong>facere,</strong></span> <span class='ocrx_word' id='word_1_54' title='bbox 875 713 1219 795; x_wconf 80' lang='lat' dir='ltr'><strong>nostrisque</strong></span> <span class='ocrx_word' id='word_1_55' title='bbox 1253 714 1534 794; x_wconf 87' lang='lat' dir='ltr'><strong>operibus</strong></span> <span class='ocrx_word' id='word_1_56' title='bbox 1561 714 1978 795; x_wconf 90' lang='lat' dir='ltr'><strong>applicandum</strong></span> <span class='ocrx_word' id='word_1_57' title='bbox 2003 735 2112 795; x_wconf 91' lang='lat' dir='ltr'><strong>pu-</strong></span> 
     </span>
    </p>
   </div>
   <div class='ocr_carea' id='block_1_10' title="bbox 2200 713 3842 801">
    <p class='ocr_par' dir='ltr' id='par_1_10' title="bbox 2200 713 3842 801">
     <span class='ocr_line' id='line_1_10' title="bbox 2200 713 3842 801; baseline 0.004 -28"><span class='ocrx_word' id='word_1_58' title='bbox 2200 718 2268 781; x_wconf 71' lang='grc' dir='ltr'>εἶς</span> <span class='ocrx_word' id='word_1_59' title='bbox 2351 717 2525 798; x_wconf 76' lang='grc' dir='ltr'>ἔργον,</span> <span class='ocrx_word' id='word_1_60' title='bbox 2609 720 2698 776; x_wconf 83' lang='grc' dir='ltr'><strong>καὶ</strong></span> <span class='ocrx_word' id='word_1_61' title='bbox 2780 720 3127 801; x_wconf 72' lang='grc' dir='ltr'><strong>ἀναφαίρετον</strong></span> <span class='ocrx_word' id='word_1_62' title='bbox 3207 729 3285 797; x_wconf 83' lang='grc' dir='ltr'>τῷ</span> <span class='ocrx_word' id='word_1_63' title='bbox 3343 713 3591 801; x_wconf 65' lang='grc' dir='ltr'>Δεσπότη</span> <span class='ocrx_word' id='word_1_64' title='bbox 3634 724 3842 790; x_wconf 78' lang='grc' dir='ltr'>ἐκείνην</span> 
     </span>
    </p>
   </div>
   <div class='ocr_carea' id='block_1_11' title="bbox 452 803 2112 886">
    <p class='ocr_par' dir='ltr' id='par_1_11' title="bbox 452 803 2111 885">
     <span class='ocr_line' id='line_1_11' title="bbox 452 803 2111 885; baseline 0 -19"><span class='ocrx_word' id='word_1_65' title='bbox 452 816 608 881; x_wconf 78' lang='lat' dir='ltr'><strong>tare,</strong></span> <span class='ocrx_word' id='word_1_66' title='bbox 639 803 954 885; x_wconf 76' lang='lat' dir='ltr'><strong>religionis</strong></span> <span class='ocrx_word' id='word_1_67' title='bbox 984 821 1102 865; x_wconf 90' lang='lat' dir='ltr'><strong>non</strong></span> <span class='ocrx_word' id='word_1_68' title='bbox 1134 809 1224 865; x_wconf 90' lang='lat' dir='ltr'><strong>est</strong></span> <span class='ocrx_word' id='word_1_69' title='bbox 1253 821 1496 883; x_wconf 84' lang='lat' dir='ltr'><strong>prorsus</strong></span> <span class='ocrx_word' id='word_1_70' title='bbox 1513 803 2111 885; x_wconf 64' lang='lat' dir='ltr'><strong>dissolutwmuapru-</strong></span> 
     </span>
    </p>
   </div>
   <div class='ocr_carea' id='block_1_12' title="bbox 2200 803 3841 886">
    <p class='ocr_par' dir='ltr' id='par_1_12' title="bbox 2200 807 3841 886">
     <span class='ocr_line' id='line_1_12' title="bbox 2200 807 3841 886; baseline 0.004 -23"><span class='ocrx_word' id='word_1_71' title='bbox 2200 821 2381 886; x_wconf 80' lang='grc' dir='ltr'>τηρεῖν</span> <span class='ocrx_word' id='word_1_72' title='bbox 2413 824 2429 840; x_wconf 89' lang='grc'><strong>·</strong></span> <span class='ocrx_word' id='word_1_73' title='bbox 2490 807 2627 865; x_wconf 80' lang='grc' dir='ltr'><strong>ἀλλά</strong></span> <span class='ocrx_word' id='word_1_74' title='bbox 2697 810 2785 866; x_wconf 82' lang='grc' dir='ltr'><strong>καὶ</strong></span> <span class='ocrx_word' id='word_1_75' title='bbox 2836 810 3032 877; x_wconf 87' lang='grc' dir='ltr'>ταύτην</span> <span class='ocrx_word' id='word_1_76' title='bbox 3088 816 3527 886; x_wconf 82' lang='grc' dir='ltr'>κοινοποιετσθαι,</span> <span class='ocrx_word' id='word_1_77' title='bbox 3597 815 3685 870; x_wconf 82' lang='grc' dir='ltr'><strong>καὶ</strong></span> <span class='ocrx_word' id='word_1_78' title='bbox 3737 821 3841 870; x_wconf 81' lang='grc' dir='ltr'><strong>τῶν</strong></span> 
     </span>
    </p>
   </div>
   <div class='ocr_carea' id='block_1_13' title="bbox 457 891 2112 983">
    <p class='ocr_par' dir='ltr' id='par_1_13' title="bbox 457 891 2108 983">
     <span class='ocr_line' id='line_1_13' title="bbox 457 891 2108 983; baseline -0.001 -28"><span class='ocrx_word' id='word_1_79' title='bbox 457 900 590 983; x_wconf 88' lang='lat' dir='ltr'><strong>pter</strong></span> <span class='ocrx_word' id='word_1_80' title='bbox 610 891 866 983; x_wconf 86' lang='lat' dir='ltr'><strong>dicimus</strong></span> <span class='ocrx_word' id='word_1_81' title='bbox 893 900 953 955; x_wconf 84' lang='lat' dir='ltr'><strong>et</strong></span> <span class='ocrx_word' id='word_1_82' title='bbox 982 911 1119 965; x_wconf 86' lang='lat' dir='ltr'><strong>nos,</strong></span> <span class='ocrx_word' id='word_1_83' title='bbox 1141 892 1306 954; x_wconf 88' lang='lat' dir='ltr'><strong>omni</strong></span> <span class='ocrx_word' id='word_1_84' title='bbox 1337 893 1685 973; x_wconf 83' lang='lat' dir='ltr'><strong>operatione</strong></span> <span class='ocrx_word' id='word_1_85' title='bbox 1708 892 2108 983; x_wconf 34' lang='lat' dir='ltr'><strong>(quemadmo;</strong></span> 
     </span>
    </p>
   </div>
   <div class='ocr_carea' id='block_1_14' title="bbox 2200 891 3845 983">
    <p class='ocr_par' dir='ltr' id='par_1_14' title="bbox 2200 896 3845 983">
     <span class='ocr_line' id='line_1_14' title="bbox 2200 896 3845 983; baseline 0.006 -31"><span class='ocrx_word' id='word_1_86' title='bbox 2200 896 2467 976; x_wconf 71' lang='grc' dir='ltr'>ἡμετέρων</span> <span class='ocrx_word' id='word_1_87' title='bbox 2552 897 2719 977; x_wconf 79' lang='grc' dir='ltr'>ἔργων</span> <span class='ocrx_word' id='word_1_88' title='bbox 2788 900 3016 975; x_wconf 83' lang='grc' dir='ltr'>νομίζειν</span> <span class='ocrx_word' id='word_1_89' title='bbox 3082 901 3313 981; x_wconf 81' lang='grc' dir='ltr'>καιρόν;</span> <span class='ocrx_word' id='word_1_90' title='bbox 3379 903 3473 959; x_wconf 80' lang='grc' dir='ltr'>Διό</span> <span class='ocrx_word' id='word_1_91' title='bbox 3529 925 3699 983; x_wconf 76' lang='grc' dir='ltr'>φαμεν</span> <span class='ocrx_word' id='word_1_92' title='bbox 3758 910 3845 963; x_wconf 80' lang='grc' dir='ltr'><strong>καὶ</strong></span> 
     </span>
    </p>
   </div>
   <div class='ocr_carea' id='block_1_15' title="bbox 457 974 2112 1070">
    <p class='ocr_par' dir='ltr' id='par_1_15' title="bbox 457 974 2112 1064">
     <span class='ocr_line' id='line_1_15' title="bbox 457 974 2112 1064; baseline 0.001 -20"><span class='ocrx_word' id='word_1_93' title='bbox 457 974 597 1044; x_wconf 83' lang='lat' dir='ltr'><strong>dum</strong></span> <span class='ocrx_word' id='word_1_94' title='bbox 650 982 874 1045; x_wconf 92' lang='lat' dir='ltr'><strong>dictum</strong></span> <span class='ocrx_word' id='word_1_95' title='bbox 928 987 1041 1057; x_wconf 90' lang='lat' dir='ltr'><strong>est)</strong></span> <span class='ocrx_word' id='word_1_96' title='bbox 1086 988 1359 1045; x_wconf 84' lang='lat' dir='ltr'><strong>cessante</strong></span> <span class='ocrx_word' id='word_1_97' title='bbox 1380 1004 1437 1057; x_wconf 65' lang='grc' dir='ltr'>ιι,</span> <span class='ocrx_word' id='word_1_98' title='bbox 1465 1000 1598 1046; x_wconf 86' lang='lat' dir='ltr'><strong>cum</strong></span> <span class='ocrx_word' id='word_1_99' title='bbox 1641 990 1698 1045; x_wconf 92' lang='lat' dir='ltr'><strong>et</strong></span> <span class='ocrx_word' id='word_1_100' title='bbox 1740 983 1855 1064; x_wconf 89' lang='lat' dir='ltr'><strong>ipsi</strong></span> <span class='ocrx_word' id='word_1_101' title='bbox 1902 974 2112 1045; x_wconf 82' lang='lat' dir='ltr'><strong>rustici</strong></span> 
     </span>
    </p>
   </div>
   <div class='ocr_carea' id='block_1_16' title="bbox 2200 974 3845 1070">
    <p class='ocr_par' dir='ltr' id='par_1_16' title="bbox 2200 974 3845 1070">
     <span class='ocr_line' id='line_1_16' title="bbox 2200 974 3845 1070; baseline 0.004 -28"><span class='ocrx_word' id='word_1_102' title='bbox 2200 974 2383 1062; x_wconf 68' lang='grc' dir='ltr'>ἡμεῖς,</span> <span class='ocrx_word' id='word_1_103' title='bbox 2449 974 2633 1056; x_wconf 31' lang='grc' dir='ltr'>πάσης.</span> <span class='ocrx_word' id='word_1_104' title='bbox 2693 974 2954 1069; x_wconf 78' lang='grc' dir='ltr'>ἐνεργείας</span> <span class='ocrx_word' id='word_1_105' title='bbox 3011 974 3473 1070; x_wconf 76' lang='grc' dir='ltr'>ἐμπορευομένων,</span> <span class='ocrx_word' id='word_1_106' title='bbox 3673 997 3845 1052; x_wconf 61' lang='lat' dir='ltr'><strong>air.ch</strong></span> 
     </span>
    </p>
   </div>
   <div class='ocr_carea' id='block_1_17' title="bbox 454 1070 2112 1163">
    <p class='ocr_par' dir='ltr' id='par_1_17' title="bbox 454 1070 2112 1163">
     <span class='ocr_line' id='line_1_17' title="bbox 454 1070 2112 1163; baseline 0 -29"><span class='ocrx_word' id='word_1_107' title='bbox 454 1070 855 1151; x_wconf 78' lang='lat' dir='ltr'><strong>negotiantur,</strong></span> <span class='ocrx_word' id='word_1_108' title='bbox 889 1079 950 1134; x_wconf 89' lang='lat' dir='ltr'><strong>et</strong></span> <span class='ocrx_word' id='word_1_109' title='bbox 977 1070 1288 1163; x_wconf 82' lang='lat' dir='ltr'><strong>omnibus_</strong></span> <span class='ocrx_word' id='word_1_110' title='bbox 1302 1071 1522 1133; x_wconf 85' lang='lat' dir='ltr'><strong>coactis</strong></span> <span class='ocrx_word' id='word_1_111' title='bbox 1574 1072 1798 1136; x_wconf 88' lang='lat' dir='ltr'><strong>versari</strong></span> <span class='ocrx_word' id='word_1_112' title='bbox 1832 1072 1891 1133; x_wconf 88' lang='lat' dir='ltr'><strong>in</strong></span> <span class='ocrx_word' id='word_1_113' title='bbox 1925 1072 2112 1163; x_wconf 84' lang='lat' dir='ltr'><strong>eccle-</strong></span> 
     </span>
    </p>
   </div>
   <div class='ocr_carea' id='block_1_18' title="bbox 2200 1070 3847 1163">
    <p class='ocr_par' dir='ltr' id='par_1_18' title="bbox 2200 1073 3847 1163">
     <span class='ocr_line' id='line_1_18' title="bbox 2200 1073 3847 1163; baseline 0.005 -32"><span class='ocrx_word' id='word_1_114' title='bbox 2200 1073 2262 1144; x_wconf 80' lang='grc' dir='ltr'><strong>δὴ</strong></span> <span class='ocrx_word' id='word_1_115' title='bbox 2317 1083 2422 1133; x_wconf 83' lang='grc' dir='ltr'>τῶν</span> <span class='ocrx_word' id='word_1_116' title='bbox 2482 1083 2758 1158; x_wconf 82' lang='grc' dir='ltr'>γεωργῶν,</span> <span class='ocrx_word' id='word_1_117' title='bbox 2818 1077 3259 1159; x_wconf 80' lang='grc' dir='ltr'>ἀπρακτησάσης,</span> <span class='ocrx_word' id='word_1_118' title='bbox 3317 1084 3391 1147; x_wconf 83' lang='grc' dir='ltr'>ὡς</span> <span class='ocrx_word' id='word_1_119' title='bbox 3449 1081 3687 1163; x_wconf 80' lang='grc' dir='ltr'>εἴρηται,</span> <span class='ocrx_word' id='word_1_120' title='bbox 3756 1085 3847 1140; x_wconf 81' lang='grc' dir='ltr'><strong>καὶ</strong></span> 
     </span>
    </p>
   </div>
   <div class='ocr_carea' id='block_1_19' title="bbox 458 1158 2112 1252">
    <p class='ocr_par' dir='ltr' id='par_1_19' title="bbox 458 1158 2112 1252">
     <span class='ocr_line' id='line_1_19' title="bbox 458 1158 2112 1252; baseline 0 -29"><span class='ocrx_word' id='word_1_121' title='bbox 458 1160 653 1252; x_wconf 73' lang='lat' dir='ltr'><strong>siis,et</strong></span> <span class='ocrx_word' id='word_1_122' title='bbox 674 1159 1007 1252; x_wconf 84' lang='lat' dir='ltr'><strong>gloriﬁcare</strong></span> <span class='ocrx_word' id='word_1_123' title='bbox 1034 1159 1232 1252; x_wconf 78' lang='lat' dir='ltr'><strong>potius</strong></span> <span class='ocrx_word' id='word_1_124' title='bbox 1253 1158 1573 1252; x_wconf 81' lang='lat' dir='ltr'><strong>Deumdie</strong></span> <span class='ocrx_word' id='word_1_125' title='bbox 1602 1158 2112 1252; x_wconf 71' lang='lat' dir='ltr'><strong>Domi_nico,lquod</strong></span> 
     </span>
    </p>
   </div>
   <div class='ocr_carea' id='block_1_20' title="bbox 2200 1158 3848 1252">
    <p class='ocr_par' dir='ltr' id='par_1_20' title="bbox 2200 1158 3848 1252">
     <span class='ocr_line' id='line_1_20' title="bbox 2200 1158 3848 1252; baseline 0.004 -32"><span class='ocrx_word' id='word_1_126' title='bbox 2200 1165 2407 1221; x_wconf 83' lang='grc' dir='ltr'>πάντων</span> <span class='ocrx_word' id='word_1_127' title='bbox 2456 1158 2901 1245; x_wconf 70' lang='grc' dir='ltr'>ἀναγκαζομένων</span> <span class='ocrx_word' id='word_1_128' title='bbox 2967 1183 3089 1235; x_wconf 71' lang='grc' dir='ltr'>ταῖς</span> <span class='ocrx_word' id='word_1_129' title='bbox 3162 1168 3471 1238; x_wconf 79' lang='grc' dir='ltr'>ἐκκλησίαις</span> <span class='ocrx_word' id='word_1_130' title='bbox 3507 1158 3848 1252; x_wconf 45' lang='grc' dir='ltr'>”ἐνασχολε·ῑ-</span> 
     </span>
    </p>
   </div>
   <div class='ocr_carea' id='block_1_21' title="bbox 457 1248 2112 1335">
    <p class='ocr_par' dir='ltr' id='par_1_21' title="bbox 457 1248 2111 1331">
     <span class='ocr_line' id='line_1_21' title="bbox 457 1248 2111 1331; baseline -0.001 -19"><span class='ocrx_word' id='word_1_131' title='bbox 457 1248 671 1312; x_wconf 80' lang='lat' dir='ltr'><strong>ﬁdeles</strong></span> <span class='ocrx_word' id='word_1_132' title='bbox 698 1248 801 1331; x_wconf 83' lang='lat' dir='ltr'><strong>qui</strong></span> <span class='ocrx_word' id='word_1_133' title='bbox 830 1266 1058 1329; x_wconf 87' lang='lat' dir='ltr'><strong>sumus,</strong></span> <span class='ocrx_word' id='word_1_134' title='bbox 1087 1249 1151 1310; x_wconf 91' lang='lat' dir='ltr'><strong>in</strong></span> <span class='ocrx_word' id='word_1_135' title='bbox 1182 1267 1253 1311; x_wconf 92' lang='lat' dir='ltr'><strong>ea</strong></span> <span class='ocrx_word' id='word_1_136' title='bbox 1278 1249 1607 1312; x_wconf 85' lang='lat' dir='ltr'><strong>viderimus</strong></span> <span class='ocrx_word' id='word_1_137' title='bbox 1638 1250 1886 1329; x_wconf 65' lang='lat' dir='ltr'><strong>justitia:</strong></span> <span class='ocrx_word' id='word_1_138' title='bbox 1910 1251 2111 1313; x_wconf 90' lang='lat' dir='ltr'><strong>Solem</strong></span> 
     </span>
    </p>
   </div>
   <div class='ocr_carea' id='block_1_22' title="bbox 2200 1248 3849 1335">
    <p class='ocr_par' dir='ltr' id='par_1_22' title="bbox 2200 1248 3849 1335">
     <span class='ocr_line' id='line_1_22' title="bbox 2200 1248 3849 1335; baseline 0.002 -24"><span class='ocrx_word' id='word_1_139' title='bbox 2200 1257 2332 1334; x_wconf 78' lang='grc' dir='ltr'>σθαι,</span> <span class='ocrx_word' id='word_1_140' title='bbox 2366 1256 2453 1311; x_wconf 88' lang='grc' dir='ltr'><strong>καὶ</strong></span> <span class='ocrx_word' id='word_1_141' title='bbox 2502 1253 2802 1335; x_wconf 80' lang='grc' dir='ltr'>δοξολογετν</span> <span class='ocrx_word' id='word_1_142' title='bbox 2859 1262 2967 1313; x_wconf 84' lang='grc' dir='ltr'>τῶν</span> <span class='ocrx_word' id='word_1_143' title='bbox 3027 1260 3155 1316; x_wconf 84' lang='grc' dir='ltr'>Θεὸν</span> <span class='ocrx_word' id='word_1_144' title='bbox 3212 1257 3418 1335; x_wconf 81' lang='grc' dir='ltr'>μᾶλλον</span> <span class='ocrx_word' id='word_1_145' title='bbox 3465 1261 3603 1318; x_wconf 86' lang='grc' dir='ltr'><strong>κατά</strong></span> <span class='ocrx_word' id='word_1_146' title='bbox 3642 1248 3849 1327; x_wconf 75' lang='grc' dir='ltr'>ταύτην</span> 
     </span>
    </p>
   </div>
   <div class='ocr_carea' id='block_1_23' title="bbox 454 1337 2112 1425">
    <p class='ocr_par' dir='ltr' id='par_1_23' title="bbox 454 1337 2108 1421">
     <span class='ocr_line' id='line_1_23' title="bbox 454 1337 2108 1421; baseline -0.001 -19"><span class='ocrx_word' id='word_1_147' title='bbox 454 1338 902 1420; x_wconf 86' lang='lat' dir='ltr'><strong>resplenduisse</strong></span> <span class='ocrx_word' id='word_1_148' title='bbox 924 1350 966 1400; x_wconf 76' lang='grc' dir='ltr'>ί.</span> <span class='ocrx_word' id='word_1_149' title='bbox 986 1337 1192 1419; x_wconf 89' lang='lat' dir='ltr'><strong>Neque</strong></span> <span class='ocrx_word' id='word_1_150' title='bbox 1222 1338 1405 1417; x_wconf 83' lang='lat' dir='ltr'><strong>igitur</strong></span> <span class='ocrx_word' id='word_1_151' title='bbox 1434 1340 1538 1420; x_wconf 89' lang='lat' dir='ltr'><strong>qui</strong></span> <span class='ocrx_word' id='word_1_152' title='bbox 1564 1338 1916 1402; x_wconf 88' lang='lat' dir='ltr'><strong>balneorum</strong></span> <span class='ocrx_word' id='word_1_153' title='bbox 1954 1359 2108 1421; x_wconf 61' lang='lat' dir='ltr'><strong>prae-</strong></span> 
     </span>
    </p>
   </div>
   <div class='ocr_carea' id='block_1_24' title="bbox 2200 1337 3850 1425">
    <p class='ocr_par' dir='ltr' id='par_1_24' title="bbox 2200 1343 3850 1425">
     <span class='ocr_line' id='line_1_24' title="bbox 2200 1343 3850 1425; baseline 0.004 -25"><span class='ocrx_word' id='word_1_154' title='bbox 2200 1343 2289 1411; x_wconf 81' lang='grc' dir='ltr'><strong>τὴν</strong></span> <span class='ocrx_word' id='word_1_155' title='bbox 2332 1344 2678 1423; x_wconf 85' lang='grc' dir='ltr'>κυριώνυμον,</span> <span class='ocrx_word' id='word_1_156' title='bbox 2752 1343 2836 1401; x_wconf 82' lang='grc' dir='ltr'><strong>διὰ</strong></span> <span class='ocrx_word' id='word_1_157' title='bbox 2888 1348 2950 1403; x_wconf 81' lang='grc' dir='ltr'>τὸ</span> <span class='ocrx_word' id='word_1_158' title='bbox 3004 1346 3059 1403; x_wconf 77' lang='grc' dir='ltr'>ἐν</span> <span class='ocrx_word' id='word_1_159' title='bbox 3111 1347 3248 1425; x_wconf 73' lang='grc' dir='ltr'>αὐτῇ</span> <span class='ocrx_word' id='word_1_160' title='bbox 3319 1346 3453 1406; x_wconf 77' lang='grc' dir='ltr'>ἰδεῖν</span> <span class='ocrx_word' id='word_1_161' title='bbox 3509 1351 3655 1425; x_wconf 82' lang='grc' dir='ltr'>ἡμᾶς</span> <span class='ocrx_word' id='word_1_162' title='bbox 3722 1350 3850 1412; x_wconf 76' lang='grc' dir='ltr'>τοὺς</span> 
     </span>
    </p>
   </div>
   <div class='ocr_carea' id='block_1_25' title="bbox 454 1426 2112 1515">
    <p class='ocr_par' dir='ltr' id='par_1_25' title="bbox 454 1426 2107 1509">
     <span class='ocr_line' id='line_1_25' title="bbox 454 1426 2107 1509; baseline 0 -18"><span class='ocrx_word' id='word_1_163' title='bbox 454 1426 730 1492; x_wconf 89' lang='lat' dir='ltr'><strong>censoria</strong></span> <span class='ocrx_word' id='word_1_164' title='bbox 758 1427 1108 1509; x_wconf 84' lang='lat' dir='ltr'><strong>lavacraque</strong></span> <span class='ocrx_word' id='word_1_165' title='bbox 1131 1434 1187 1489; x_wconf 92' lang='lat' dir='ltr'><strong>et</strong></span> <span class='ocrx_word' id='word_1_166' title='bbox 1200 1427 1429 1508; x_wconf 90' lang='lat' dir='ltr'><strong>reliqua</strong></span> <span class='ocrx_word' id='word_1_167' title='bbox 1442 1428 1787 1505; x_wconf 88' lang='lat' dir='ltr'><strong>faciunt,his</strong></span> <span class='ocrx_word' id='word_1_168' title='bbox 1812 1429 2107 1491; x_wconf 89' lang='lat' dir='ltr'><strong>ministra-</strong></span> 
     </span>
    </p>
   </div>
   <div class='ocr_carea' id='block_1_26' title="bbox 2200 1426 3849 1515">
    <p class='ocr_par' dir='ltr' id='par_1_26' title="bbox 2200 1432 3849 1515">
     <span class='ocr_line' id='line_1_26' title="bbox 2200 1432 3849 1515; baseline 0.003 -27"><span class='ocrx_word' id='word_1_169' title='bbox 2200 1433 2402 1498; x_wconf 76' lang='grc' dir='ltr'>πιστοὺς</span> <span class='ocrx_word' id='word_1_170' title='bbox 2433 1434 2525 1492; x_wconf 80' lang='grc' dir='ltr'><strong>τὸν</strong></span> <span class='ocrx_word' id='word_1_171' title='bbox 2554 1438 2653 1501; x_wconf 78' lang='grc' dir='ltr'>τῆς</span> <span class='ocrx_word' id='word_1_172' title='bbox 2694 1432 3027 1503; x_wconf 81' lang='grc' dir='ltr'>δικαιοσύνης</span> <span class='ocrx_word' id='word_1_173' title='bbox 3106 1441 3268 1495; x_wconf 83' lang='grc' dir='ltr'>Ηλιον</span> <span class='ocrx_word' id='word_1_174' title='bbox 3325 1435 3613 1515; x_wconf 78' lang='grc' dir='ltr'>λάμψαντα</span> <span class='ocrx_word' id='word_1_175' title='bbox 3650 1457 3663 1469; x_wconf 91' lang='grc'>·</span> <span class='ocrx_word' id='word_1_176' title='bbox 3726 1436 3849 1495; x_wconf 76' lang='grc' dir='ltr'>οὔτε</span> 
     </span>
    </p>
   </div>
   <div class='ocr_carea' id='block_1_27' title="bbox 453 1516 2112 1606">
    <p class='ocr_par' dir='ltr' id='par_1_27' title="bbox 453 1516 2105 1606">
     <span class='ocr_line' id='line_1_27' title="bbox 453 1516 2105 1606; baseline -0.001 -26"><span class='ocrx_word' id='word_1_177' title='bbox 453 1517 623 1606; x_wconf 88' lang='lat' dir='ltr'><strong>bunt,</strong></span> <span class='ocrx_word' id='word_1_178' title='bbox 656 1534 851 1606; x_wconf 87' lang='lat' dir='ltr'><strong>neque</strong></span> <span class='ocrx_word' id='word_1_179' title='bbox 882 1516 1078 1606; x_wconf 80' lang='lat' dir='ltr'><strong>ﬁdelis</strong></span> <span class='ocrx_word' id='word_1_180' title='bbox 1103 1516 1260 1579; x_wconf 92' lang='lat' dir='ltr'><strong>ullus</strong></span> <span class='ocrx_word' id='word_1_181' title='bbox 1288 1516 1523 1579; x_wconf 87' lang='lat' dir='ltr'><strong>veniam</strong></span> <span class='ocrx_word' id='word_1_182' title='bbox 1551 1516 2010 1599; x_wconf 90' lang='lat' dir='ltr'><strong>merebitur,qui</strong></span> <span class='ocrx_word' id='word_1_183' title='bbox 2032 1516 2105 1579; x_wconf 92' lang='lat' dir='ltr'><strong>ab</strong></span> 
     </span>
    </p>
   </div>
   <div class='ocr_carea' id='block_1_28' title="bbox 2200 1516 3847 1606">
    <p class='ocr_par' dir='ltr' id='par_1_28' title="bbox 2200 1520 3847 1606">
     <span class='ocr_line' id='line_1_28' title="bbox 2200 1520 3847 1606; baseline 0.004 -30"><span class='ocrx_word' id='word_1_184' title='bbox 2200 1520 2276 1576; x_wconf 66' lang='grc' dir='ltr'>οὖν</span> <span class='ocrx_word' id='word_1_185' title='bbox 2306 1524 2351 1577; x_wconf 84' lang='grc' dir='ltr'>οἱ</span> <span class='ocrx_word' id='word_1_186' title='bbox 2383 1522 2447 1578; x_wconf 77' lang='grc' dir='ltr'><strong>τὰ</strong></span> <span class='ocrx_word' id='word_1_187' title='bbox 2480 1526 2585 1579; x_wconf 79' lang='grc' dir='ltr'><strong>τῶν</strong></span> <span class='ocrx_word' id='word_1_188' title='bbox 2641 1521 2931 1599; x_wconf 76' lang='grc' dir='ltr'>βαλανείων</span> <span class='ocrx_word' id='word_1_189' title='bbox 2986 1527 3402 1605; x_wconf 80' lang='grc' dir='ltr'>προκαυστήρια,</span> <span class='ocrx_word' id='word_1_190' title='bbox 3451 1525 3705 1606; x_wconf 74' lang='grc' dir='ltr'>λουτήριά</span> <span class='ocrx_word' id='word_1_191' title='bbox 3757 1548 3847 1604; x_wconf 86' lang='grc' dir='ltr'><strong>τε,</strong></span> 
     </span>
    </p>
   </div>
   <div class='ocr_carea' id='block_1_29' title="bbox 455 1604 2112 1694">
    <p class='ocr_par' dir='ltr' id='par_1_29' title="bbox 455 1604 2103 1686">
     <span class='ocr_line' id='line_1_29' title="bbox 455 1604 2103 1686; baseline -0.001 -16"><span class='ocrx_word' id='word_1_192' title='bbox 455 1605 723 1670; x_wconf 88' lang='lat' dir='ltr'><strong>oratione</strong></span> <span class='ocrx_word' id='word_1_193' title='bbox 752 1604 1082 1681; x_wconf 85' lang='lat' dir='ltr'><strong>abstinens,</strong></span> <span class='ocrx_word' id='word_1_194' title='bbox 1114 1613 1172 1668; x_wconf 90' lang='lat' dir='ltr'><strong>et</strong></span> <span class='ocrx_word' id='word_1_195' title='bbox 1200 1625 1235 1668; x_wconf 94' lang='lat' dir='ltr'><strong>a</strong></span> <span class='ocrx_word' id='word_1_196' title='bbox 1264 1606 1519 1668; x_wconf 90' lang='lat' dir='ltr'><strong>multum</strong></span> <span class='ocrx_word' id='word_1_197' title='bbox 1560 1606 1934 1669; x_wconf 86' lang='lat' dir='ltr'><strong>celebrandis</strong></span> <span class='ocrx_word' id='word_1_198' title='bbox 1973 1606 2103 1686; x_wconf 86' lang='lat' dir='ltr'><strong>glo-</strong></span> 
     </span>
    </p>
   </div>
   <div class='ocr_carea' id='block_1_30' title="bbox 2200 1604 3851 1694">
    <p class='ocr_par' dir='ltr' id='par_1_30' title="bbox 2200 1604 3851 1694">
     <span class='ocr_line' id='line_1_30' title="bbox 2200 1604 3851 1694; baseline 0.004 -30"><span class='ocrx_word' id='word_1_199' title='bbox 2200 1610 2276 1665; x_wconf 63' lang='grc' dir='ltr'><strong>καὶ</strong></span> <span class='ocrx_word' id='word_1_200' title='bbox 2324 1607 2484 1667; x_wconf 78' lang='grc' dir='ltr'>λοιπὰ</span> <span class='ocrx_word' id='word_1_201' title='bbox 2542 1611 2872 1690; x_wconf 80' lang='grc' dir='ltr'>ἐνεργοῦντες</span> <span class='ocrx_word' id='word_1_202' title='bbox 2958 1614 3160 1678; x_wconf 84' lang='grc' dir='ltr'>τούτοις</span> <span class='ocrx_word' id='word_1_203' title='bbox 3217 1604 3661 1694; x_wconf 73' lang='grc' dir='ltr'>ὑπηρετήσωσιν,</span> <span class='ocrx_word' id='word_1_204' title='bbox 3724 1614 3851 1673; x_wconf 69' lang='grc' dir='ltr'>οὔτε</span> 
     </span>
    </p>
   </div>
   <div class='ocr_carea' id='block_1_31' title="bbox 455 1694 2112 1784">
    <p class='ocr_par' dir='ltr' id='par_1_31' title="bbox 455 1694 2104 1779">
     <span class='ocr_line' id='line_1_31' title="bbox 455 1694 2104 1779; baseline -0.001 -20"><span class='ocrx_word' id='word_1_205' title='bbox 455 1694 886 1759; x_wconf 84' lang='lat' dir='ltr'><strong>rificationibus</strong></span> <span class='ocrx_word' id='word_1_206' title='bbox 954 1695 1571 1779; x_wconf 58' lang='lat' dir='ltr'><strong>praeceptionibusque</strong></span> <span class='ocrx_word' id='word_1_207' title='bbox 1630 1694 1751 1758; x_wconf 91' lang='lat' dir='ltr'><strong>diei</strong></span> <span class='ocrx_word' id='word_1_208' title='bbox 1810 1695 2104 1759; x_wconf 88' lang='lat' dir='ltr'><strong>Dominici</strong></span> 
     </span>
    </p>
   </div>
   <div class='ocr_carea' id='block_1_32' title="bbox 2200 1694 3852 1784">
    <p class='ocr_par' dir='ltr' id='par_1_32' title="bbox 2200 1700 3852 1784">
     <span class='ocr_line' id='line_1_32' title="bbox 2200 1700 3852 1784; baseline 0.009 -31"><span class='ocrx_word' id='word_1_209' title='bbox 2200 1706 2266 1762; x_wconf 75' lang='grc' dir='ltr'><strong>τις</strong></span> <span class='ocrx_word' id='word_1_210' title='bbox 2309 1701 2494 1765; x_wconf 83' lang='grc' dir='ltr'>πιστὸς</span> <span class='ocrx_word' id='word_1_211' title='bbox 2540 1700 2861 1779; x_wconf 81' lang='grc' dir='ltr'>συγγνώμης</span> <span class='ocrx_word' id='word_1_212' title='bbox 2892 1700 3135 1770; x_wconf 77' lang='grc' dir='ltr'>ἀξιωθείη</span> <span class='ocrx_word' id='word_1_213' title='bbox 3174 1718 3189 1734; x_wconf 89' lang='lat'><strong>&#39;</strong></span> <span class='ocrx_word' id='word_1_214' title='bbox 3239 1708 3338 1771; x_wconf 78' lang='grc' dir='ltr'>τῆς</span> <span class='ocrx_word' id='word_1_215' title='bbox 3398 1704 3497 1779; x_wconf 80' lang='grc' dir='ltr'>μὲν</span> <span class='ocrx_word' id='word_1_216' title='bbox 3529 1709 3852 1784; x_wconf 71' lang='grc' dir='ltr'>προσευχῆς</span> 
     </span>
    </p>
   </div>
   <div class='ocr_carea' id='block_1_33' title="bbox 452 1783 2112 1871">
    <p class='ocr_par' dir='ltr' id='par_1_33' title="bbox 452 1783 2109 1866">
     <span class='ocr_line' id='line_1_33' title="bbox 452 1783 2109 1866; baseline -0.001 -18"><span class='ocrx_word' id='word_1_217' title='bbox 452 1784 769 1862; x_wconf 89' lang='lat' dir='ltr'><strong>recedens,</strong></span> <span class='ocrx_word' id='word_1_218' title='bbox 794 1787 962 1866; x_wconf 90' lang='lat' dir='ltr'><strong>aquis</strong></span> <span class='ocrx_word' id='word_1_219' title='bbox 1000 1783 1207 1848; x_wconf 87' lang='lat' dir='ltr'><strong>calidis</strong></span> <span class='ocrx_word' id='word_1_220' title='bbox 1246 1784 1512 1848; x_wconf 57' lang='lat' dir='ltr'><strong>adhaeret</strong></span> <span class='ocrx_word' id='word_1_221' title='bbox 1540 1792 1597 1847; x_wconf 92' lang='lat' dir='ltr'><strong>et</strong></span> <span class='ocrx_word' id='word_1_222' title='bbox 1618 1792 1975 1865; x_wconf 84' lang='lat' dir='ltr'><strong>occupatur:</strong></span> <span class='ocrx_word' id='word_1_223' title='bbox 2005 1784 2109 1847; x_wconf 90' lang='lat' dir='ltr'><strong>sed</strong></span> 
     </span>
    </p>
   </div>
   <div class='ocr_carea' id='block_1_34' title="bbox 2200 1783 3852 1871">
    <p class='ocr_par' dir='ltr' id='par_1_34' title="bbox 2200 1783 3852 1871">
     <span class='ocr_line' id='line_1_34' title="bbox 2200 1783 3852 1871; baseline 0.002 -29"><span class='ocrx_word' id='word_1_224' title='bbox 2200 1786 2568 1868; x_wconf 79' lang='grc' dir='ltr'>ἀποσχόμενος</span> <span class='ocrx_word' id='word_1_225' title='bbox 2624 1790 2710 1846; x_wconf 84' lang='grc' dir='ltr'>καὶ</span> <span class='ocrx_word' id='word_1_226' title='bbox 2764 1796 2870 1846; x_wconf 84' lang='grc' dir='ltr'><strong>τῶν</strong></span> <span class='ocrx_word' id='word_1_227' title='bbox 2942 1789 3325 1867; x_wconf 76' lang='grc' dir='ltr'>πολυΰμνήτων</span> <span class='ocrx_word' id='word_1_228' title='bbox 3379 1790 3695 1871; x_wconf 77' lang='grc' dir='ltr'>δοξολογιῶν</span> <span class='ocrx_word' id='word_1_229' title='bbox 3754 1783 3852 1847; x_wconf 81' lang='grc' dir='ltr'><strong>καὶ</strong></span> 
     </span>
    </p>
   </div>
   <div class='ocr_carea' id='block_1_35' title="bbox 459 1873 2112 1961">
    <p class='ocr_par' dir='ltr' id='par_1_35' title="bbox 459 1874 1959 1957">
     <span class='ocr_line' id='line_1_35' title="bbox 459 1874 1959 1957; baseline -0.001 -18"><span class='ocrx_word' id='word_1_230' title='bbox 459 1875 783 1957; x_wconf 85' lang='lat' dir='ltr'><strong>episcopali</strong></span> <span class='ocrx_word' id='word_1_231' title='bbox 799 1874 1028 1955; x_wconf 89' lang='lat' dir='ltr'><strong>judicio</strong></span> <span class='ocrx_word' id='word_1_232' title='bbox 1056 1874 1576 1938; x_wconf 84' lang='lat' dir='ltr'><strong>emendationibus</strong></span> <span class='ocrx_word' id='word_1_233' title='bbox 1606 1874 1959 1954; x_wconf 86' lang='lat' dir='ltr'><strong>corrigetur.</strong></span> 
     </span>
    </p>
   </div>
   <div class='ocr_carea' id='block_1_36' title="bbox 2200 1873 3853 1961">
    <p class='ocr_par' dir='ltr' id='par_1_36' title="bbox 2200 1873 3853 1961">
     <span class='ocr_line' id='line_1_36' title="bbox 2200 1873 3853 1961; baseline 0.003 -30"><span class='ocrx_word' id='word_1_234' title='bbox 2200 1873 2537 1933; x_wconf 68' lang='grc' dir='ltr'>διδασκαλιῶν</span> <span class='ocrx_word' id='word_1_235' title='bbox 2591 1883 2691 1945; x_wconf 78' lang='grc' dir='ltr'><strong>τῆς</strong></span> <span class='ocrx_word' id='word_1_236' title='bbox 2761 1880 3085 1959; x_wconf 87' lang='grc' dir='ltr'>κυριωνύμου</span> <span class='ocrx_word' id='word_1_237' title='bbox 3143 1880 3522 1961; x_wconf 77' lang='grc' dir='ltr'>ἀφιστάμενος,</span> <span class='ocrx_word' id='word_1_238' title='bbox 3581 1882 3668 1936; x_wconf 81' lang='grc' dir='ltr'><strong>καὶ</strong></span> <span class='ocrx_word' id='word_1_239' title='bbox 3727 1883 3853 1959; x_wconf 77' lang='grc' dir='ltr'>θερ-</span> 
     </span>
    </p>
   </div>
   <div class='ocr_carea' id='block_1_37' title="bbox 458 1962 3846 2051">
    <p class='ocr_par' dir='ltr' id='par_1_37' title="bbox 458 1962 3846 2051">
     <span class='ocr_line' id='line_1_37' title="bbox 458 1962 3846 2051; baseline 0.001 -28"><span class='ocrx_word' id='word_1_240' title='bbox 458 1980 583 2042; x_wconf 79' lang='grc' dir='ltr'>μοῖς</span> <span class='ocrx_word' id='word_1_241' title='bbox 638 1963 785 2023; x_wconf 78' lang='grc' dir='ltr'>ὕδασι</span> <span class='ocrx_word' id='word_1_242' title='bbox 861 1965 1210 2046; x_wconf 80' lang='grc' dir='ltr'>προσανὲχων</span> <span class='ocrx_word' id='word_1_243' title='bbox 1269 1968 1356 2022; x_wconf 85' lang='grc' dir='ltr'>καὶ</span> <span class='ocrx_word' id='word_1_244' title='bbox 1412 1964 1806 2046; x_wconf 79' lang='grc' dir='ltr'>ἀσχολούμενος</span> <span class='ocrx_word' id='word_1_245' title='bbox 1854 1983 1868 1998; x_wconf 85' lang='grc'>⁶</span> <span class='ocrx_word' id='word_1_246' title='bbox 1932 1964 2068 2023; x_wconf 85' lang='grc' dir='ltr'><strong>ἀλλά</strong></span> <span class='ocrx_word' id='word_1_247' title='bbox 2141 1962 2225 2024; x_wconf 80' lang='grc' dir='ltr'><strong>διὰ</strong></span> <span class='ocrx_word' id='word_1_248' title='bbox 2309 1966 2627 2047; x_wconf 58' lang='grc' dir='ltr'><strong>ἐει-τιτιμίωνξξἱ</strong></span> <span class='ocrx_word' id='word_1_249' title='bbox 2657 1969 2793 2025; x_wconf 80' lang='grc' dir='ltr'>κατὰ</span> <span class='ocrx_word' id='word_1_250' title='bbox 2866 1970 2964 2037; x_wconf 76' lang='grc' dir='ltr'><strong>τὴν</strong></span> <span class='ocrx_word' id='word_1_251' title='bbox 3026 1968 3376 2038; x_wconf 78' lang='grc' dir='ltr'>ἒπισκοπικήν</span> <span class='ocrx_word' id='word_1_252' title='bbox 3445 1968 3701 2051; x_wconf 79' lang='grc' dir='ltr'>διάκρισιν</span> <span class='ocrx_word' id='word_1_253' title='bbox 3757 1967 3846 2026; x_wconf 82' lang='grc' dir='ltr'>δι-</span> 
     </span>
    </p>
   </div>
   <div class='ocr_carea' id='block_1_38' title="bbox 461 2055 836 2134">
    <p class='ocr_par' dir='ltr' id='par_1_38' title="bbox 461 2055 836 2134">
     <span class='ocr_line' id='line_1_38' title="bbox 461 2055 836 2134; baseline 0.003 -21"><span class='ocrx_word' id='word_1_254' title='bbox 461 2055 663 2134; x_wconf 79' lang='grc' dir='ltr'>ορθωθή</span> <span class='ocrx_word' id='word_1_255' title='bbox 670 2076 813 2111; x_wconf 86' lang='grc' dir='ltr'>σεται</span> <span class='ocrx_word' id='word_1_256' title='bbox 825 2101 836 2114; x_wconf 95' lang='grc'><em>.</em></span> 
     </span>
    </p>
   </div>
   <div class='ocr_carea' id='block_1_39' title="bbox 538 2140 2113 2223">
    <p class='ocr_par' dir='ltr' id='par_1_39' title="bbox 538 2140 2113 2223">
     <span class='ocr_line' id='line_1_39' title="bbox 538 2140 2113 2223; baseline -0.001 -19"><span class='ocrx_word' id='word_1_257' title='bbox 538 2142 764 2208; x_wconf 82' lang='lat' dir='ltr'><strong>Interr.</strong></span> <span class='ocrx_word' id='word_1_258' title='bbox 796 2141 898 2205; x_wconf 69' lang='lat'><strong>52.</strong></span> <span class='ocrx_word' id='word_1_259' title='bbox 928 2140 1230 2223; x_wconf 84' lang='lat' dir='ltr'><strong>Jejunium</strong></span> <span class='ocrx_word' id='word_1_260' title='bbox 1257 2143 1493 2205; x_wconf 90' lang='lat' dir='ltr'><strong>solvens</strong></span> <span class='ocrx_word' id='word_1_261' title='bbox 1522 2142 1826 2219; x_wconf 89' lang='lat' dir='ltr'><strong>carnibus,</strong></span> <span class='ocrx_word' id='word_1_262' title='bbox 1861 2160 2030 2206; x_wconf 90' lang='lat' dir='ltr'><strong>caseo</strong></span> <span class='ocrx_word' id='word_1_263' title='bbox 2053 2149 2113 2204; x_wconf 89' lang='lat' dir='ltr'><strong>et</strong></span> 
     </span>
    </p>
   </div>
   <div class='ocr_carea' id='block_1_40' title="bbox 460 2230 2112 2313">
    <p class='ocr_par' dir='ltr' id='par_1_40' title="bbox 460 2230 2112 2313">
     <span class='ocr_line' id='line_1_40' title="bbox 460 2230 2112 2313; baseline -0.002 -17"><span class='ocrx_word' id='word_1_264' title='bbox 460 2251 592 2313; x_wconf 89' lang='lat' dir='ltr'><strong>ovo,</strong></span> <span class='ocrx_word' id='word_1_265' title='bbox 622 2230 833 2294; x_wconf 92' lang='lat' dir='ltr'><strong>diebus</strong></span> <span class='ocrx_word' id='word_1_266' title='bbox 863 2230 1148 2295; x_wconf 86' lang='lat' dir='ltr'><strong>Mercurii</strong></span> <span class='ocrx_word' id='word_1_267' title='bbox 1180 2237 1239 2293; x_wconf 93' lang='lat' dir='ltr'><strong>et</strong></span> <span class='ocrx_word' id='word_1_268' title='bbox 1258 2232 1512 2295; x_wconf 90' lang='lat' dir='ltr'><strong>Veneris</strong></span> <span class='ocrx_word' id='word_1_269' title='bbox 1536 2232 1720 2295; x_wconf 87' lang='lat' dir='ltr'><strong>totius</strong></span> <span class='ocrx_word' id='word_1_270' title='bbox 1744 2232 1909 2309; x_wconf 87' lang='lat' dir='ltr'><strong>anni,</strong></span> <span class='ocrx_word' id='word_1_271' title='bbox 1940 2230 2112 2294; x_wconf 88' lang='lat' dir='ltr'><strong>venia</strong></span> 
     </span>
    </p>
   </div>
   <div class='ocr_carea' id='block_1_41' title="bbox 460 2320 978 2403">
    <p class='ocr_par' dir='ltr' id='par_1_41' title="bbox 460 2320 978 2403">
     <span class='ocr_line' id='line_1_41' title="bbox 460 2320 978 2403; baseline -0.006 -19"><span class='ocrx_word' id='word_1_272' title='bbox 460 2322 695 2403; x_wconf 84' lang='lat' dir='ltr'><strong>dignus,</strong></span> <span class='ocrx_word' id='word_1_273' title='bbox 730 2320 978 2383; x_wconf 82' lang='lat' dir='ltr'><strong>annon?</strong></span> 
     </span>
    </p>
   </div>
   <div class='ocr_carea' id='block_1_42' title="bbox 538 2409 2110 2492">
    <p class='ocr_par' dir='ltr' id='par_1_42' title="bbox 538 2409 2110 2492">
     <span class='ocr_line' id='line_1_42' title="bbox 538 2409 2110 2492; baseline -0.001 -19"><span class='ocrx_word' id='word_1_274' title='bbox 538 2410 721 2492; x_wconf 81' lang='lat' dir='ltr'><strong>Resp.</strong></span> <span class='ocrx_word' id='word_1_275' title='bbox 748 2409 1166 2489; x_wconf 80' lang='lat' dir='ltr'><strong>Sexagesimus</strong></span> <span class='ocrx_word' id='word_1_276' title='bbox 1188 2428 1380 2472; x_wconf 90' lang='lat' dir='ltr'><strong>nonus</strong></span> <span class='ocrx_word' id='word_1_277' title='bbox 1402 2429 1595 2474; x_wconf 89' lang='lat' dir='ltr'><strong>canon</strong></span> <span class='ocrx_word' id='word_1_278' title='bbox 1620 2417 2110 2491; x_wconf 86' lang='lat' dir='ltr'><strong>sanctorumapo-</strong></span> 
     </span>
    </p>
   </div>
   <div class='ocr_carea' id='block_1_43' title="bbox 459 2496 2106 2580">
    <p class='ocr_par' dir='ltr' id='par_1_43' title="bbox 459 2496 2106 2580">
     <span class='ocr_line' id='line_1_43' title="bbox 459 2496 2106 2580; baseline -0.001 -19"><span class='ocrx_word' id='word_1_279' title='bbox 459 2498 754 2563; x_wconf 84' lang='lat' dir='ltr'><strong>stolorum</strong></span> <span class='ocrx_word' id='word_1_280' title='bbox 775 2500 893 2562; x_wconf 87' lang='lat' dir='ltr'><strong>ait:</strong></span> <span class='ocrx_word' id='word_1_281' title='bbox 921 2497 982 2562; x_wconf 91' lang='lat' dir='ltr'><strong>Si</strong></span> <span class='ocrx_word' id='word_1_282' title='bbox 1012 2499 1144 2580; x_wconf 89' lang='lat' dir='ltr'><strong>quis</strong></span> <span class='ocrx_word' id='word_1_283' title='bbox 1166 2498 1511 2580; x_wconf 88' lang='lat' dir='ltr'><strong>episcopus,</strong></span> <span class='ocrx_word' id='word_1_284' title='bbox 1545 2500 1635 2562; x_wconf 89' lang='lat' dir='ltr'><strong>vel</strong></span> <span class='ocrx_word' id='word_1_285' title='bbox 1661 2498 1989 2580; x_wconf 83' lang='lat' dir='ltr'><strong>presbyter,</strong></span> <span class='ocrx_word' id='word_1_286' title='bbox 2019 2496 2106 2559; x_wconf 92' lang='lat' dir='ltr'><strong>vel</strong></span> 
     </span>
    </p>
   </div>
   <div class='ocr_carea' id='block_1_44' title="bbox 457 2586 2109 2665">
    <p class='ocr_par' dir='ltr' id='par_1_44' title="bbox 457 2586 2109 2665">
     <span class='ocr_line' id='line_1_44' title="bbox 457 2586 2109 2665; baseline -0.001 -15"><span class='ocrx_word' id='word_1_287' title='bbox 457 2586 764 2664; x_wconf 88' lang='lat' dir='ltr'><strong>diaconus,</strong></span> <span class='ocrx_word' id='word_1_288' title='bbox 795 2588 888 2650; x_wconf 89' lang='lat' dir='ltr'><strong>vel</strong></span> <span class='ocrx_word' id='word_1_289' title='bbox 918 2588 1125 2662; x_wconf 90' lang='lat' dir='ltr'><strong>lector,</strong></span> <span class='ocrx_word' id='word_1_290' title='bbox 1164 2588 1254 2651; x_wconf 89' lang='lat' dir='ltr'><strong>vel</strong></span> <span class='ocrx_word' id='word_1_291' title='bbox 1287 2597 1515 2665; x_wconf 87' lang='lat' dir='ltr'><strong>cantor,</strong></span> <span class='ocrx_word' id='word_1_292' title='bbox 1566 2596 1828 2650; x_wconf 88' lang='lat' dir='ltr'><strong>sanctam</strong></span> <span class='ocrx_word' id='word_1_293' title='bbox 1867 2587 2109 2650; x_wconf 74' lang='lat' dir='ltr'><strong>Pascbze</strong></span> 
     </span>
    </p>
   </div>
   <div class='ocr_carea' id='block_1_45' title="bbox 465 2676 2107 2760">
    <p class='ocr_par' dir='ltr' id='par_1_45' title="bbox 465 2676 2107 2760">
     <span class='ocr_line' id='line_1_45' title="bbox 465 2676 2107 2760; baseline -0.001 -21"><span class='ocrx_word' id='word_1_294' title='bbox 465 2677 990 2757; x_wconf 87' lang='lat' dir='ltr'><strong>Quadragesimam</strong></span> <span class='ocrx_word' id='word_1_295' title='bbox 1016 2695 1131 2741; x_wconf 92' lang='lat' dir='ltr'><strong>non</strong></span> <span class='ocrx_word' id='word_1_296' title='bbox 1160 2678 1515 2760; x_wconf 87' lang='lat' dir='ltr'><strong>jejunat,vel</strong></span> <span class='ocrx_word' id='word_1_297' title='bbox 1531 2686 1799 2760; x_wconf 86' lang='lat' dir='ltr'><strong>quartum</strong></span> <span class='ocrx_word' id='word_1_298' title='bbox 1827 2676 2107 2753; x_wconf 86' lang='lat' dir='ltr'><strong>diem,vel</strong></span> 
     </span>
    </p>
   </div>
   <div class='ocr_carea' id='block_1_46' title="bbox 462 2766 2104 2849">
    <p class='ocr_par' dir='ltr' id='par_1_46' title="bbox 462 2766 2104 2849">
     <span class='ocr_line' id='line_1_46' title="bbox 462 2766 2104 2849; baseline -0.002 -20"><span class='ocrx_word' id='word_1_299' title='bbox 462 2767 1078 2848; x_wconf 83' lang='lat' dir='ltr'><strong>Parasceven,praeter</strong></span> <span class='ocrx_word' id='word_1_300' title='bbox 1099 2786 1276 2849; x_wconf 88' lang='lat' dir='ltr'><strong>quam</strong></span> <span class='ocrx_word' id='word_1_301' title='bbox 1302 2768 1351 2830; x_wconf 92' lang='lat' dir='ltr'><strong>si</strong></span> <span class='ocrx_word' id='word_1_302' title='bbox 1378 2775 1617 2849; x_wconf 88' lang='lat' dir='ltr'><strong>propter</strong></span> <span class='ocrx_word' id='word_1_303' title='bbox 1636 2766 2104 2829; x_wconf 86' lang='lat' dir='ltr'><strong>imbecillitatem</strong></span> 
     </span>
    </p>
   </div>
   <div class='ocr_carea' id='block_1_47' title="bbox 458 2855 2101 2938">
    <p class='ocr_par' dir='ltr' id='par_1_47' title="bbox 458 2855 2101 2938">
     <span class='ocr_line' id='line_1_47' title="bbox 458 2855 2101 2938; baseline -0.001 -20"><span class='ocrx_word' id='word_1_304' title='bbox 458 2856 833 2937; x_wconf 88' lang='lat' dir='ltr'><strong>corporalem</strong></span> <span class='ocrx_word' id='word_1_305' title='bbox 884 2855 1264 2937; x_wconf 87' lang='lat' dir='ltr'><strong>impediatur,</strong></span> <span class='ocrx_word' id='word_1_306' title='bbox 1310 2856 1676 2938; x_wconf 88' lang='lat' dir='ltr'><strong>deponatur:</strong></span> <span class='ocrx_word' id='word_1_307' title='bbox 1702 2857 1751 2918; x_wconf 91' lang='lat' dir='ltr'><strong>si</strong></span> <span class='ocrx_word' id='word_1_308' title='bbox 1791 2856 1867 2918; x_wconf 88' lang='lat' dir='ltr'><strong>sit</strong></span> <span class='ocrx_word' id='word_1_309' title='bbox 1904 2864 2101 2918; x_wconf 87' lang='lat' dir='ltr'><strong>autem</strong></span> 
     </span>
    </p>
   </div>
   <div class='ocr_carea' id='block_1_48' title="bbox 458 2944 2106 3027">
    <p class='ocr_par' dir='ltr' id='par_1_48' title="bbox 458 2944 2106 3027">
     <span class='ocr_line' id='line_1_48' title="bbox 458 2944 2106 3027; baseline -0.001 -20"><span class='ocrx_word' id='word_1_310' title='bbox 458 2944 667 3021; x_wconf 90' lang='lat' dir='ltr'><strong>laicus,</strong></span> <span class='ocrx_word' id='word_1_311' title='bbox 701 2952 1068 3025; x_wconf 87' lang='lat' dir='ltr'><strong>segregetur.</strong></span> <span class='ocrx_word' id='word_1_312' title='bbox 1095 2945 1206 3019; x_wconf 89' lang='lat' dir='ltr'><strong>Qui</strong></span> <span class='ocrx_word' id='word_1_313' title='bbox 1234 2946 1414 3026; x_wconf 85' lang='lat' dir='ltr'><strong>igitur</strong></span> <span class='ocrx_word' id='word_1_314' title='bbox 1444 2946 1574 3008; x_wconf 89' lang='lat' dir='ltr'><strong>sine</strong></span> <span class='ocrx_word' id='word_1_315' title='bbox 1605 2946 1902 3027; x_wconf 89' lang='lat' dir='ltr'><strong>corporali</strong></span> <span class='ocrx_word' id='word_1_316' title='bbox 1938 2945 2106 3006; x_wconf 86' lang='lat' dir='ltr'><strong>inﬁr-</strong></span> 
     </span>
    </p>
   </div>
   <div class='ocr_carea' id='block_1_49' title="bbox 459 3034 2109 3115">
    <p class='ocr_par' dir='ltr' id='par_1_49' title="bbox 459 3034 2109 3115">
     <span class='ocr_line' id='line_1_49' title="bbox 459 3034 2109 3115; baseline -0.001 -19"><span class='ocrx_word' id='word_1_317' title='bbox 459 3034 662 3097; x_wconf 89' lang='lat' dir='ltr'><strong>mitate</strong></span> <span class='ocrx_word' id='word_1_318' title='bbox 690 3034 957 3098; x_wconf 89' lang='lat' dir='ltr'><strong>dissolvit</strong></span> <span class='ocrx_word' id='word_1_319' title='bbox 987 3034 1006 3096; x_wconf 94' lang='lat' dir='ltr'><strong>i</strong></span> <span class='ocrx_word' id='word_1_320' title='bbox 1034 3034 1163 3098; x_wconf 91' lang='lat' dir='ltr'><strong>dies</strong></span> <span class='ocrx_word' id='word_1_321' title='bbox 1192 3035 1470 3098; x_wconf 88' lang='lat' dir='ltr'><strong>Mercurii</strong></span> <span class='ocrx_word' id='word_1_322' title='bbox 1495 3043 1556 3097; x_wconf 85' lang='lat' dir='ltr'><strong>et</strong></span> <span class='ocrx_word' id='word_1_323' title='bbox 1584 3034 2109 3115; x_wconf 84' lang='lat' dir='ltr'><strong>Veneris,punitur</strong></span> 
     </span>
    </p>
   </div>
   <div class='ocr_carea' id='block_1_50' title="bbox 2272 2135 3844 2229">
    <p class='ocr_par' dir='ltr' id='par_1_50' title="bbox 2272 2135 3844 2229">
     <span class='ocr_line' id='line_1_50' title="bbox 2272 2135 3844 2229; baseline 0.031 -28"><span class='ocrx_word' id='word_1_324' title='bbox 2272 2143 2464 2224; x_wconf 84' lang='grc' dir='ltr'>Ἐρώτ.</span> <span class='ocrx_word' id='word_1_325' title='bbox 2509 2135 2615 2223; x_wconf 61' lang='grc' dir='ltr'>νβ’.</span> <span class='ocrx_word' id='word_1_326' title='bbox 2652 2137 2709 2206; x_wconf 61' lang='grc' dir='ltr'>Ὀ</span> <span class='ocrx_word' id='word_1_327' title='bbox 2734 2145 3011 2206; x_wconf 79' lang='grc' dir='ltr'>καταλύων</span> <span class='ocrx_word' id='word_1_328' title='bbox 3036 2144 3119 2203; x_wconf 81' lang='grc' dir='ltr'>διὰ</span> <span class='ocrx_word' id='word_1_329' title='bbox 3146 2146 3388 2227; x_wconf 67' lang='grc' dir='ltr'>κράατος»</span> <span class='ocrx_word' id='word_1_330' title='bbox 3420 2155 3574 2229; x_wconf 64' lang='grc' dir='ltr'>τυροῦ</span> <span class='ocrx_word' id='word_1_331' title='bbox 3600 2148 3844 2229; x_wconf 48' lang='lat'><strong>“1606’</strong></span> 
     </span>
    </p>
   </div>
   <div class='ocr_carea' id='block_1_51' title="bbox 2191 2233 3840 2318">
    <p class='ocr_par' dir='ltr' id='par_1_51' title="bbox 2191 2233 3840 2318">
     <span class='ocr_line' id='line_1_51' title="bbox 2191 2233 3840 2318; baseline 0.002 -27"><span class='ocrx_word' id='word_1_332' title='bbox 2191 2234 2283 2300; x_wconf 79' lang='grc' dir='ltr'><strong>τὰς</strong></span> <span class='ocrx_word' id='word_1_333' title='bbox 2325 2233 2572 2315; x_wconf 84' lang='grc' dir='ltr'>τετράδας</span> <span class='ocrx_word' id='word_1_334' title='bbox 2613 2237 2700 2293; x_wconf 83' lang='grc' dir='ltr'><strong>καὶ</strong></span> <span class='ocrx_word' id='word_1_335' title='bbox 2741 2236 2836 2302; x_wconf 79' lang='grc' dir='ltr'><strong>τὰς</strong></span> <span class='ocrx_word' id='word_1_336' title='bbox 2879 2237 3215 2315; x_wconf 81' lang='grc' dir='ltr'>παρασκευὰς</span> <span class='ocrx_word' id='word_1_337' title='bbox 3275 2244 3366 2295; x_wconf 79' lang='grc' dir='ltr'>τοῦ</span> <span class='ocrx_word' id='word_1_338' title='bbox 3422 2236 3548 2295; x_wconf 80' lang='grc' dir='ltr'>ὅλου</span> <span class='ocrx_word' id='word_1_339' title='bbox 3613 2238 3840 2318; x_wconf 65' lang='grc' dir='ltr'>χρόνον),</span> 
     </span>
    </p>
   </div>
   <div class='ocr_carea' id='block_1_52' title="bbox 2190 2324 2965 2408">
    <p class='ocr_par' dir='ltr' id='par_1_52' title="bbox 2190 2324 2965 2408">
     <span class='ocr_line' id='line_1_52' title="bbox 2190 2324 2965 2408; baseline -0.001 -25"><span class='ocrx_word' id='word_1_340' title='bbox 2190 2324 2553 2403; x_wconf 85' lang='grc' dir='ltr'>συγγνωστέος</span> <span class='ocrx_word' id='word_1_341' title='bbox 2598 2325 2761 2402; x_wconf 76' lang='grc' dir='ltr'>ἐστὶν,</span> <span class='ocrx_word' id='word_1_342' title='bbox 2791 2326 2826 2394; x_wconf 74' lang='grc' dir='ltr'><strong>ἢ</strong></span> <span class='ocrx_word' id='word_1_343' title='bbox 2856 2325 2917 2382; x_wconf 73' lang='grc' dir='ltr'>οὔ</span> <span class='ocrx_word' id='word_1_344' title='bbox 2948 2346 2965 2408; x_wconf 67' lang='grc' dir='ltr'>ς</span> 
     </span>
    </p>
   </div>
   <div class='ocr_carea' id='block_1_53' title="bbox 2272 2404 3836 2497">
    <p class='ocr_par' dir='ltr' id='par_1_53' title="bbox 2272 2404 3836 2497">
     <span class='ocr_line' id='line_1_53' title="bbox 2272 2404 3836 2497; baseline 0.001 -27"><span class='ocrx_word' id='word_1_345' title='bbox 2272 2412 2464 2476; x_wconf 81' lang='grc' dir='ltr'>Ἀπόκ.</span> <span class='ocrx_word' id='word_1_346' title='bbox 2530 2406 2586 2473; x_wconf 65' lang='grc' dir='ltr'>Ὀ</span> <span class='ocrx_word' id='word_1_347' title='bbox 2631 2404 2707 2481; x_wconf 73' lang='grc' dir='ltr'><strong>ξθ’</strong></span> <span class='ocrx_word' id='word_1_348' title='bbox 2748 2415 2921 2473; x_wconf 85' lang='grc' dir='ltr'>κανὼν</span> <span class='ocrx_word' id='word_1_349' title='bbox 2949 2404 3077 2472; x_wconf 23' lang='grc' dir='ltr'>*τῶν</span> <span class='ocrx_word' id='word_1_350' title='bbox 3104 2414 3269 2495; x_wconf 81' lang='grc' dir='ltr'>ἁγίων</span> <span class='ocrx_word' id='word_1_351' title='bbox 3297 2414 3609 2473; x_wconf 84' lang='grc' dir='ltr'>ἀποστόλων</span> <span class='ocrx_word' id='word_1_352' title='bbox 3650 2419 3836 2497; x_wconf 72' lang='grc' dir='ltr'>φησίν·</span> 
     </span>
    </p>
   </div>
   <div class='ocr_carea' id='block_1_54' title="bbox 2191 2502 3836 2584">
    <p class='ocr_par' dir='ltr' id='par_1_54' title="bbox 2191 2502 3836 2584">
     <span class='ocr_line' id='line_1_54' title="bbox 2191 2502 3836 2584; baseline 0.001 -24"><span class='ocrx_word' id='word_1_353' title='bbox 2191 2502 2260 2560; x_wconf 70' lang='grc' dir='ltr'>Εἴ</span> <span class='ocrx_word' id='word_1_354' title='bbox 2289 2525 2369 2567; x_wconf 88' lang='grc' dir='ltr'><strong>τις</strong></span> <span class='ocrx_word' id='word_1_355' title='bbox 2413 2502 2721 2579; x_wconf 82' lang='grc' dir='ltr'>ἐπίσκοπος,</span> <span class='ocrx_word' id='word_1_356' title='bbox 2768 2504 2804 2573; x_wconf 77' lang='grc' dir='ltr'><strong>ἢ</strong></span> <span class='ocrx_word' id='word_1_357' title='bbox 2832 2502 3201 2584; x_wconf 84' lang='grc' dir='ltr'>πρεσϐύτερος,</span> <span class='ocrx_word' id='word_1_358' title='bbox 3245 2504 3282 2573; x_wconf 84' lang='grc' dir='ltr'><strong>ἢ</strong></span> <span class='ocrx_word' id='word_1_359' title='bbox 3326 2503 3587 2579; x_wconf 83' lang='grc' dir='ltr'>διάκονος,</span> <span class='ocrx_word' id='word_1_360' title='bbox 3631 2504 3667 2573; x_wconf 74' lang='grc' dir='ltr'>ἢ</span> <span class='ocrx_word' id='word_1_361' title='bbox 3698 2506 3836 2562; x_wconf 85' lang='grc' dir='ltr'>ἀνα-</span> 
     </span>
    </p>
   </div>
   <div class='ocr_carea' id='block_1_55' title="bbox 2188 2591 3842 2674">
    <p class='ocr_par' dir='ltr' id='par_1_55' title="bbox 2188 2591 3842 2674">
     <span class='ocr_line' id='line_1_55' title="bbox 2188 2591 3842 2674; baseline 0.002 -26"><span class='ocrx_word' id='word_1_362' title='bbox 2188 2591 2455 2669; x_wconf 86' lang='grc' dir='ltr'>γνώστης,</span> <span class='ocrx_word' id='word_1_363' title='bbox 2504 2592 2540 2661; x_wconf 69' lang='grc' dir='ltr'><strong>ἢ</strong></span> <span class='ocrx_word' id='word_1_364' title='bbox 2605 2592 2839 2674; x_wconf 83' lang='grc' dir='ltr'>ψάλτης,</span> <span class='ocrx_word' id='word_1_365' title='bbox 2898 2594 2998 2661; x_wconf 75' lang='grc' dir='ltr'><strong>τὴν</strong></span> <span class='ocrx_word' id='word_1_366' title='bbox 3053 2594 3205 2672; x_wconf 80' lang='grc' dir='ltr'>ἁγίαν</span> <span class='ocrx_word' id='word_1_367' title='bbox 3263 2594 3701 2674; x_wconf 79' lang='grc' dir='ltr'>Τεσσαρακοστὴν</span> <span class='ocrx_word' id='word_1_368' title='bbox 3744 2601 3842 2652; x_wconf 79' lang='grc' dir='ltr'>τοῦ</span> 
     </span>
    </p>
   </div>
   <div class='ocr_carea' id='block_1_56' title="bbox 2191 2680 3840 2763">
    <p class='ocr_par' dir='ltr' id='par_1_56' title="bbox 2191 2680 3840 2763">
     <span class='ocr_line' id='line_1_56' title="bbox 2191 2680 3840 2763; baseline 0.003 -27"><span class='ocrx_word' id='word_1_369' title='bbox 2191 2682 2385 2762; x_wconf 79' lang='grc' dir='ltr'>Πάσχα</span> <span class='ocrx_word' id='word_1_370' title='bbox 2426 2685 2487 2741; x_wconf 76' lang='grc' dir='ltr'><strong>ού</strong></span> <span class='ocrx_word' id='word_1_371' title='bbox 2535 2683 2797 2759; x_wconf 79' lang='grc' dir='ltr'>νηστεύει,</span> <span class='ocrx_word' id='word_1_372' title='bbox 2854 2681 2890 2752; x_wconf 73' lang='grc' dir='ltr'><strong>ἢ</strong></span> <span class='ocrx_word' id='word_1_373' title='bbox 2932 2680 3174 2762; x_wconf 82' lang='grc' dir='ltr'>τετράδα,</span> <span class='ocrx_word' id='word_1_374' title='bbox 3230 2682 3266 2751; x_wconf 76' lang='grc' dir='ltr'><strong>ἢ</strong></span> <span class='ocrx_word' id='word_1_375' title='bbox 3322 2683 3679 2763; x_wconf 79' lang='grc' dir='ltr'>παρασκευὴν,</span> <span class='ocrx_word' id='word_1_376' title='bbox 3713 2687 3840 2741; x_wconf 83' lang='grc' dir='ltr'>καθ-</span> 
     </span>
    </p>
   </div>
   <div class='ocr_carea' id='block_1_57' title="bbox 2187 2769 3837 2849">
    <p class='ocr_par' dir='ltr' id='par_1_57' title="bbox 2187 2769 3837 2849">
     <span class='ocr_line' id='line_1_57' title="bbox 2187 2769 3837 2849; baseline 0.002 -23"><span class='ocrx_word' id='word_1_377' title='bbox 2187 2771 2428 2849; x_wconf 85' lang='grc' dir='ltr'>αιρείσθω</span> <span class='ocrx_word' id='word_1_378' title='bbox 2458 2790 2472 2806; x_wconf 92' lang='grc'><strong>·</strong></span> <span class='ocrx_word' id='word_1_379' title='bbox 2527 2773 2571 2827; x_wconf 81' lang='grc' dir='ltr'><strong>εἰ</strong></span> <span class='ocrx_word' id='word_1_380' title='bbox 2641 2772 2717 2847; x_wconf 54' lang='grc' dir='ltr'><strong>μὴ</strong></span> <span class='ocrx_word' id='word_1_381' title='bbox 2788 2769 2853 2828; x_wconf 83' lang='grc' dir='ltr'><strong>δι’</strong></span> <span class='ocrx_word' id='word_1_382' title='bbox 2912 2771 3180 2829; x_wconf 65' lang='grc' dir='ltr'>ἀσθένεικν</span> <span class='ocrx_word' id='word_1_383' title='bbox 3237 2770 3589 2848; x_wconf 65' lang='grc' dir='ltr'>ἐμποδίζοιτο.</span> <span class='ocrx_word' id='word_1_384' title='bbox 3649 2774 3708 2830; x_wconf 79' lang='grc' dir='ltr'>Εἰ</span> <span class='ocrx_word' id='word_1_385' title='bbox 3780 2771 3837 2829; x_wconf 77' lang='grc' dir='ltr'>δὲ</span> 
     </span>
    </p>
   </div>
   <div class='ocr_carea' id='block_1_58' title="bbox 2187 2852 3837 2941">
    <p class='ocr_par' dir='ltr' id='par_1_58' title="bbox 2187 2852 3837 2941">
     <span class='ocr_line' id='line_1_58' title="bbox 2187 2852 3837 2941; baseline 0.002 -27"><span class='ocrx_word' id='word_1_386' title='bbox 2187 2856 2377 2923; x_wconf 74' lang='grc' dir='ltr'>λα’ίκὸς</span> <span class='ocrx_word' id='word_1_387' title='bbox 2407 2857 2523 2934; x_wconf 74' lang='grc' dir='ltr'>εἴη,</span> <span class='ocrx_word' id='word_1_388' title='bbox 2556 2859 2898 2941; x_wconf 72' lang='grc' dir='ltr'>ἀφοριζέσθω.</span> <span class='ocrx_word' id='word_1_389' title='bbox 2949 2852 3006 2919; x_wconf 65' lang='grc' dir='ltr'><strong>ιΟ</strong></span> <span class='ocrx_word' id='word_1_390' title='bbox 3061 2871 3185 2940; x_wconf 80' lang='grc' dir='ltr'>γοῦν</span> <span class='ocrx_word' id='word_1_391' title='bbox 3240 2859 3519 2918; x_wconf 73' lang='grc' dir='ltr'>καταλύων</span> <span class='ocrx_word' id='word_1_392' title='bbox 3566 2859 3688 2916; x_wconf 75' lang='grc' dir='ltr'>ἄνευ</span> <span class='ocrx_word' id='word_1_393' title='bbox 3731 2883 3837 2917; x_wconf 85' lang='grc' dir='ltr'>σω-</span> 
     </span>
    </p>
   </div>
   <div class='ocr_carea' id='block_1_59' title="bbox 2189 2949 3837 3031">
    <p class='ocr_par' dir='ltr' id='par_1_59' title="bbox 2189 2949 3837 3031">
     <span class='ocr_line' id='line_1_59' title="bbox 2189 2949 3837 3031; baseline 0.002 -27"><span class='ocrx_word' id='word_1_394' title='bbox 2189 2953 2420 3024; x_wconf 69' lang='grc' dir='ltr'>ματικῆς</span> <span class='ocrx_word' id='word_1_395' title='bbox 2504 2949 2770 3014; x_wconf 85' lang='grc' dir='ltr'>ἀσθενείας</span> <span class='ocrx_word' id='word_1_396' title='bbox 2840 2950 2937 3016; x_wconf 78' lang='grc' dir='ltr'><strong>τὰς</strong></span> <span class='ocrx_word' id='word_1_397' title='bbox 3002 2949 3249 3031; x_wconf 74' lang='grc' dir='ltr'>τετράδας</span> <span class='ocrx_word' id='word_1_398' title='bbox 3318 2951 3406 3007; x_wconf 80' lang='grc' dir='ltr'><strong>καὶ</strong></span> <span class='ocrx_word' id='word_1_399' title='bbox 3482 2949 3573 3015; x_wconf 73' lang='grc' dir='ltr'><strong>τὰς</strong></span> <span class='ocrx_word' id='word_1_400' title='bbox 3657 2972 3837 3029; x_wconf 70' lang='grc' dir='ltr'>παρα-</span> 
     </span>
    </p>
   </div>
   <div class='ocr_carea' id='block_1_60' title="bbox 2189 3038 3835 3114">
    <p class='ocr_par' dir='ltr' id='par_1_60' title="bbox 2189 3038 3835 3114">
     <span class='ocr_line' id='line_1_60' title="bbox 2189 3038 3835 3114; baseline 0.001 -21"><span class='ocrx_word' id='word_1_401' title='bbox 2189 3038 2400 3114; x_wconf 72' lang='grc' dir='ltr'>σκευὰς,</span> <span class='ocrx_word' id='word_1_402' title='bbox 2478 3038 2754 3111; x_wconf 81' lang='grc' dir='ltr'>κολάζεται</span> <span class='ocrx_word' id='word_1_403' title='bbox 2817 3040 2953 3096; x_wconf 87' lang='grc' dir='ltr'><strong>κατά</strong></span> <span class='ocrx_word' id='word_1_404' title='bbox 2980 3104 2985 3107; x_wconf 90' lang='lat'><em>_</em></span> <span class='ocrx_word' id='word_1_405' title='bbox 3009 3040 3107 3108; x_wconf 75' lang='grc' dir='ltr'><strong>τὴν</strong></span> <span class='ocrx_word' id='word_1_406' title='bbox 3149 3045 3240 3096; x_wconf 83' lang='grc' dir='ltr'>τοῦ</span> <span class='ocrx_word' id='word_1_407' title='bbox 3309 3039 3546 3097; x_wconf 88' lang='grc' dir='ltr'>τοιούτου</span> <span class='ocrx_word' id='word_1_408' title='bbox 3614 3039 3835 3104; x_wconf 82' lang='grc' dir='ltr'>κανόνος</span> 
     </span>
    </p>
   </div>
   <div class='ocr_carea' id='block_1_61' title="bbox 454 3118 2112 3207">
    <p class='ocr_par' dir='ltr' id='par_1_61' title="bbox 454 3124 2108 3206">
     <span class='ocr_line' id='line_1_61' title="bbox 454 3124 2108 3206; baseline -0.002 -20"><span class='ocrx_word' id='word_1_409' title='bbox 454 3124 619 3206; x_wconf 81' lang='lat' dir='ltr'><strong>juxta</strong></span> <span class='ocrx_word' id='word_1_410' title='bbox 638 3125 889 3188; x_wconf 89' lang='lat' dir='ltr'><strong>canonis</strong></span> <span class='ocrx_word' id='word_1_411' title='bbox 908 3125 1086 3206; x_wconf 87' lang='lat' dir='ltr'><strong>hujus</strong></span> <span class='ocrx_word' id='word_1_412' title='bbox 1112 3133 1406 3189; x_wconf 90' lang='lat' dir='ltr'><strong>tenorem.</strong></span> <span class='ocrx_word' id='word_1_413' title='bbox 1428 3124 1675 3199; x_wconf 89' lang='lat' dir='ltr'><strong>Quando</strong></span> <span class='ocrx_word' id='word_1_414' title='bbox 1706 3142 1843 3187; x_wconf 91' lang='lat' dir='ltr'><strong>vero</strong></span> <span class='ocrx_word' id='word_1_415' title='bbox 1867 3130 2108 3205; x_wconf 67' lang='lat' dir='ltr'><strong>propter</strong></span> 
     </span>
    </p>
   </div>
   <div class='ocr_carea' id='block_1_62' title="bbox 2200 3118 3838 3207">
    <p class='ocr_par' dir='ltr' id='par_1_62' title="bbox 2200 3118 3838 3207">
     <span class='ocr_line' id='line_1_62' title="bbox 2200 3118 3838 3207; baseline 0.001 -24"><span class='ocrx_word' id='word_1_416' title='bbox 2200 3126 2495 3204; x_wconf 77' lang='grc' dir='ltr'>περίληψιν.</span> <span class='ocrx_word' id='word_1_417' title='bbox 2560 3118 2697 3187; x_wconf 66' lang='lat' dir='ltr'><strong>UOtt-2</strong></span> <span class='ocrx_word' id='word_1_418' title='bbox 2776 3127 2830 3184; x_wconf 78' lang='grc' dir='ltr'>δὲ</span> <span class='ocrx_word' id='word_1_419' title='bbox 2893 3125 2960 3185; x_wconf 78' lang='grc' dir='ltr'><strong>δι’</strong></span> <span class='ocrx_word' id='word_1_420' title='bbox 3018 3128 3287 3185; x_wconf 74' lang='grc' dir='ltr'>ἀσθένειαν</span> <span class='ocrx_word' id='word_1_421' title='bbox 3329 3128 3682 3207; x_wconf 77' lang='grc' dir='ltr'>ἀναγκασθείη</span> <span class='ocrx_word' id='word_1_422' title='bbox 3754 3150 3838 3193; x_wconf 91' lang='grc' dir='ltr'><strong>τις</strong></span> 
     </span>
    </p>
   </div>
   <div class='ocr_carea' id='block_1_63' title="bbox 454 3212 2108 3295">
    <p class='ocr_par' dir='ltr' id='par_1_63' title="bbox 454 3212 2108 3295">
     <span class='ocr_line' id='line_1_63' title="bbox 454 3212 2108 3295; baseline -0.001 -19"><span class='ocrx_word' id='word_1_423' title='bbox 454 3212 929 3277; x_wconf 88' lang='lat' dir='ltr'><strong>imbecillitatem</strong></span> <span class='ocrx_word' id='word_1_424' title='bbox 960 3224 1201 3277; x_wconf 88' lang='lat' dir='ltr'><strong>coactus</strong></span> <span class='ocrx_word' id='word_1_425' title='bbox 1248 3215 1430 3277; x_wconf 85' lang='lat' dir='ltr'><strong>fuerit</strong></span> <span class='ocrx_word' id='word_1_426' title='bbox 1461 3214 1811 3295; x_wconf 83' lang='lat' dir='ltr'><strong>dissolvere,</strong></span> <span class='ocrx_word' id='word_1_427' title='bbox 1847 3212 2108 3295; x_wconf 87' lang='lat' dir='ltr'><strong>piscibus</strong></span> 
     </span>
    </p>
   </div>
   <div class='ocr_carea' id='block_1_64' title="bbox 454 3301 2108 3385">
    <p class='ocr_par' dir='ltr' id='par_1_64' title="bbox 454 3301 2108 3385">
     <span class='ocr_line' id='line_1_64' title="bbox 454 3301 2108 3385; baseline -0.001 -20"><span class='ocrx_word' id='word_1_428' title='bbox 454 3303 690 3367; x_wconf 90' lang='lat' dir='ltr'><strong>veloleo</strong></span> <span class='ocrx_word' id='word_1_429' title='bbox 716 3303 1123 3367; x_wconf 88' lang='lat' dir='ltr'><strong>moderabitur</strong></span> <span class='ocrx_word' id='word_1_430' title='bbox 1138 3304 1539 3385; x_wconf 53' lang='lat' dir='ltr'><strong>aegrotationis</strong></span> <span class='ocrx_word' id='word_1_431' title='bbox 1551 3301 2108 3366; x_wconf 85' lang='lat' dir='ltr'><strong>afﬂictionem.Car-</strong></span> 
     </span>
    </p>
   </div>
   <div class='ocr_carea' id='block_1_65' title="bbox 459 3391 2112 3477">
    <p class='ocr_par' dir='ltr' id='par_1_65' title="bbox 459 3391 2112 3477">
     <span class='ocr_line' id='line_1_65' title="bbox 459 3391 2112 3477; baseline -0.002 -21"><span class='ocrx_word' id='word_1_432' title='bbox 459 3412 568 3457; x_wconf 90' lang='lat' dir='ltr'><strong>nes</strong></span> <span class='ocrx_word' id='word_1_433' title='bbox 585 3393 745 3457; x_wconf 88' lang='lat' dir='ltr'><strong>enim</strong></span> <span class='ocrx_word' id='word_1_434' title='bbox 769 3393 860 3457; x_wconf 90' lang='lat' dir='ltr'><strong>vel</strong></span> <span class='ocrx_word' id='word_1_435' title='bbox 882 3412 1148 3477; x_wconf 88' lang='lat' dir='ltr'><strong>caseum,</strong></span> <span class='ocrx_word' id='word_1_436' title='bbox 1173 3402 1272 3456; x_wconf 91' lang='lat' dir='ltr'><strong>aut</strong></span> <span class='ocrx_word' id='word_1_437' title='bbox 1298 3410 1472 3457; x_wconf 86' lang='lat' dir='ltr'><strong>ovum</strong></span> <span class='ocrx_word' id='word_1_438' title='bbox 1492 3395 1780 3474; x_wconf 87' lang='lat' dir='ltr'><strong>attingere</strong></span> <span class='ocrx_word' id='word_1_439' title='bbox 1797 3412 1915 3455; x_wconf 89' lang='lat' dir='ltr'><strong>non</strong></span> <span class='ocrx_word' id='word_1_440' title='bbox 1939 3391 2112 3455; x_wconf 89' lang='lat' dir='ltr'><strong>fuerit</strong></span> 
     </span>
    </p>
   </div>
   <div class='ocr_carea' id='block_1_66' title="bbox 456 3481 2108 3563">
    <p class='ocr_par' dir='ltr' id='par_1_66' title="bbox 456 3481 2108 3563">
     <span class='ocr_line' id='line_1_66' title="bbox 456 3481 2108 3563; baseline -0.003 -16"><span class='ocrx_word' id='word_1_441' title='bbox 456 3482 979 3561; x_wconf 87' lang='lat' dir='ltr'><strong>concessum,licet</strong></span> <span class='ocrx_word' id='word_1_442' title='bbox 1008 3491 1333 3547; x_wconf 88' lang='lat' dir='ltr'><strong>extremam</strong></span> <span class='ocrx_word' id='word_1_443' title='bbox 1354 3483 1515 3546; x_wconf 82' lang='lat' dir='ltr'><strong>efflet</strong></span> <span class='ocrx_word' id='word_1_444' title='bbox 1543 3484 2025 3563; x_wconf 89' lang='lat' dir='ltr'><strong>animam,neque</strong></span> <span class='ocrx_word' id='word_1_445' title='bbox 2046 3481 2108 3542; x_wconf 89' lang='lat' dir='ltr'><strong>in</strong></span> 
     </span>
    </p>
   </div>
   <div class='ocr_carea' id='block_1_67' title="bbox 460 3570 2111 3657">
    <p class='ocr_par' dir='ltr' id='par_1_67' title="bbox 460 3570 2111 3657">
     <span class='ocr_line' id='line_1_67' title="bbox 460 3570 2111 3657; baseline -0.003 -20"><span class='ocrx_word' id='word_1_446' title='bbox 460 3592 674 3654; x_wconf 90' lang='lat' dir='ltr'><strong>magna</strong></span> <span class='ocrx_word' id='word_1_447' title='bbox 695 3573 1312 3657; x_wconf 85' lang='lat' dir='ltr'><strong>Quadragena,neque</strong></span> <span class='ocrx_word' id='word_1_448' title='bbox 1334 3575 1394 3636; x_wconf 91' lang='lat' dir='ltr'><strong>in</strong></span> <span class='ocrx_word' id='word_1_449' title='bbox 1417 3573 1815 3655; x_wconf 90' lang='lat' dir='ltr'><strong>qualicunque</strong></span> <span class='ocrx_word' id='word_1_450' title='bbox 1832 3570 2111 3636; x_wconf 86' lang='lat' dir='ltr'><strong>Mercurii</strong></span> 
     </span>
    </p>
   </div>
   <div class='ocr_carea' id='block_1_68' title="bbox 456 3660 2112 3743">
    <p class='ocr_par' dir='ltr' id='par_1_68' title="bbox 456 3660 2112 3743">
     <span class='ocr_line' id='line_1_68' title="bbox 456 3660 2112 3743; baseline -0.003 -17"><span class='ocrx_word' id='word_1_451' title='bbox 456 3662 548 3726; x_wconf 85' lang='lat' dir='ltr'><strong>vel</strong></span> <span class='ocrx_word' id='word_1_452' title='bbox 574 3661 827 3726; x_wconf 86' lang='lat' dir='ltr'><strong>Veneris</strong></span> <span class='ocrx_word' id='word_1_453' title='bbox 854 3663 1212 3728; x_wconf 81' lang='lat' dir='ltr'><strong>die.Sufﬁcit</strong></span> <span class='ocrx_word' id='word_1_454' title='bbox 1235 3664 1393 3727; x_wconf 90' lang='lat' dir='ltr'><strong>enim</strong></span> <span class='ocrx_word' id='word_1_455' title='bbox 1430 3663 1619 3743; x_wconf 89' lang='lat' dir='ltr'><strong>ei,qui</strong></span> <span class='ocrx_word' id='word_1_456' title='bbox 1644 3660 1982 3724; x_wconf 88' lang='lat' dir='ltr'><strong>necessario</strong></span> <span class='ocrx_word' id='word_1_457' title='bbox 2007 3678 2112 3741; x_wconf 87' lang='lat' dir='ltr'><strong>per</strong></span> 
     </span>
    </p>
   </div>
   <div class='ocr_carea' id='block_1_69' title="bbox 458 3750 2112 3833">
    <p class='ocr_par' dir='ltr' id='par_1_69' title="bbox 458 3750 2112 3833">
     <span class='ocr_line' id='line_1_69' title="bbox 458 3750 2112 3833; baseline -0.002 -18"><span class='ocrx_word' id='word_1_458' title='bbox 458 3750 760 3815; x_wconf 85' lang='lat' dir='ltr'><strong>aridorum</strong></span> <span class='ocrx_word' id='word_1_459' title='bbox 784 3770 950 3814; x_wconf 89' lang='lat' dir='ltr'><strong>esum</strong></span> <span class='ocrx_word' id='word_1_460' title='bbox 979 3754 1361 3833; x_wconf 84' lang='lat' dir='ltr'><strong>magniﬁcare</strong></span> <span class='ocrx_word' id='word_1_461' title='bbox 1391 3751 1569 3815; x_wconf 88' lang='lat' dir='ltr'><strong>debet</strong></span> <span class='ocrx_word' id='word_1_462' title='bbox 1591 3753 1721 3814; x_wconf 89' lang='lat' dir='ltr'><strong>dies</strong></span> <span class='ocrx_word' id='word_1_463' title='bbox 1751 3750 2031 3813; x_wconf 86' lang='lat' dir='ltr'><strong>Mercurii</strong></span> <span class='ocrx_word' id='word_1_464' title='bbox 2055 3756 2112 3811; x_wconf 90' lang='lat' dir='ltr'><strong>et</strong></span> 
     </span>
    </p>
   </div>
   <div class='ocr_carea' id='block_1_70' title="bbox 457 3839 2109 3925">
    <p class='ocr_par' dir='ltr' id='par_1_70' title="bbox 457 3839 2109 3925">
     <span class='ocr_line' id='line_1_70' title="bbox 457 3839 2109 3925; baseline -0.004 -20"><span class='ocrx_word' id='word_1_465' title='bbox 457 3841 734 3917; x_wconf 82' lang='lat' dir='ltr'><strong>Veneris,</strong></span> <span class='ocrx_word' id='word_1_466' title='bbox 770 3859 876 3922; x_wconf 90' lang='lat' dir='ltr'><strong>per</strong></span> <span class='ocrx_word' id='word_1_467' title='bbox 924 3842 1123 3906; x_wconf 90' lang='lat' dir='ltr'><strong>oleum</strong></span> <span class='ocrx_word' id='word_1_468' title='bbox 1156 3852 1213 3904; x_wconf 93' lang='lat' dir='ltr'><strong>et</strong></span> <span class='ocrx_word' id='word_1_469' title='bbox 1245 3843 1440 3925; x_wconf 90' lang='lat' dir='ltr'><strong>pisces</strong></span> <span class='ocrx_word' id='word_1_470' title='bbox 1482 3840 1675 3903; x_wconf 90' lang='lat' dir='ltr'><strong>morbi</strong></span> <span class='ocrx_word' id='word_1_471' title='bbox 1723 3839 2109 3902; x_wconf 87' lang='lat' dir='ltr'><strong>acerbitatem</strong></span> 
     </span>
    </p>
   </div>
   <div class='ocr_carea' id='block_1_71' title="bbox 461 3928 2107 4011">
    <p class='ocr_par' dir='ltr' id='par_1_71' title="bbox 461 3928 2107 4011">
     <span class='ocr_line' id='line_1_71' title="bbox 461 3928 2107 4011; baseline -0.001 -20"><span class='ocrx_word' id='word_1_472' title='bbox 461 3928 751 4007; x_wconf 86' lang='lat' dir='ltr'><strong>mitigare.</strong></span> <span class='ocrx_word' id='word_1_473' title='bbox 800 3929 1023 4011; x_wconf 84' lang='lat' dir='ltr'><strong>Excipe</strong></span> <span class='ocrx_word' id='word_1_474' title='bbox 1064 3929 1213 3993; x_wconf 91' lang='lat' dir='ltr'><strong>mihi</strong></span> <span class='ocrx_word' id='word_1_475' title='bbox 1262 3932 1391 3994; x_wconf 91' lang='lat' dir='ltr'><strong>dies</strong></span> <span class='ocrx_word' id='word_1_476' title='bbox 1439 3930 1721 3997; x_wconf 87' lang='lat' dir='ltr'><strong>Mercurii</strong></span> <span class='ocrx_word' id='word_1_477' title='bbox 1754 3938 1812 3991; x_wconf 90' lang='lat' dir='ltr'><strong>et</strong></span> <span class='ocrx_word' id='word_1_478' title='bbox 1834 3928 2107 4001; x_wconf 87' lang='lat' dir='ltr'><strong>Veneris,</strong></span> 
     </span>
    </p>
   </div>
   <div class='ocr_carea' id='block_1_72' title="bbox 461 4017 2113 4099">
    <p class='ocr_par' dir='ltr' id='par_1_72' title="bbox 461 4017 2113 4099">
     <span class='ocr_line' id='line_1_72' title="bbox 461 4017 2113 4099; baseline -0.001 -19"><span class='ocrx_word' id='word_1_479' title='bbox 461 4017 856 4098; x_wconf 86' lang='lat' dir='ltr'><strong>carnisprivii,</strong></span> <span class='ocrx_word' id='word_1_480' title='bbox 877 4020 1355 4099; x_wconf 59' lang='lat' dir='ltr'><strong>septuagesima,</strong></span> <span class='ocrx_word' id='word_1_481' title='bbox 1374 4019 1778 4085; x_wconf 86' lang='lat' dir='ltr'><strong>renovationis</strong></span> <span class='ocrx_word' id='word_1_482' title='bbox 1800 4026 1858 4080; x_wconf 89' lang='lat' dir='ltr'><strong>et</strong></span> <span class='ocrx_word' id='word_1_483' title='bbox 1881 4017 2113 4080; x_wconf 88' lang='lat' dir='ltr'><strong>duode-</strong></span> 
     </span>
    </p>
   </div>
   <div class='ocr_carea' id='block_1_73' title="bbox 461 4105 2116 4192">
    <p class='ocr_par' dir='ltr' id='par_1_73' title="bbox 461 4105 2116 4192">
     <span class='ocr_line' id='line_1_73' title="bbox 461 4105 2116 4192; baseline -0.001 -23"><span class='ocrx_word' id='word_1_484' title='bbox 461 4105 579 4169; x_wconf 91' lang='lat' dir='ltr'><strong>cim</strong></span> <span class='ocrx_word' id='word_1_485' title='bbox 613 4105 872 4169; x_wconf 90' lang='lat' dir='ltr'><strong>dierum.</strong></span> <span class='ocrx_word' id='word_1_486' title='bbox 906 4106 973 4169; x_wconf 90' lang='lat' dir='ltr'><strong>In</strong></span> <span class='ocrx_word' id='word_1_487' title='bbox 997 4108 1090 4170; x_wconf 91' lang='lat' dir='ltr'><strong>his</strong></span> <span class='ocrx_word' id='word_1_488' title='bbox 1126 4107 1287 4170; x_wconf 91' lang='lat' dir='ltr'><strong>enim</strong></span> <span class='ocrx_word' id='word_1_489' title='bbox 1321 4129 1429 4192; x_wconf 93' lang='lat' dir='ltr'><strong>per</strong></span> <span class='ocrx_word' id='word_1_490' title='bbox 1469 4127 1679 4173; x_wconf 89' lang='lat' dir='ltr'><strong>carnes</strong></span> <span class='ocrx_word' id='word_1_491' title='bbox 1732 4107 1933 4180; x_wconf 80' lang='lat' dir='ltr'><strong>etiam,</strong></span> <span class='ocrx_word' id='word_1_492' title='bbox 1968 4107 2116 4168; x_wconf 90' lang='lat' dir='ltr'><strong>citra</strong></span> 
     </span>
    </p>
   </div>
   <div class='ocr_carea' id='block_1_74' title="bbox 461 4194 2115 4281">
    <p class='ocr_par' dir='ltr' id='par_1_74' title="bbox 461 4194 2115 4281">
     <span class='ocr_line' id='line_1_74' title="bbox 461 4194 2115 4281; baseline -0.001 -23"><span class='ocrx_word' id='word_1_493' title='bbox 461 4194 794 4276; x_wconf 81' lang='lat' dir='ltr'><strong>periculum</strong></span> <span class='ocrx_word' id='word_1_494' title='bbox 822 4197 1054 4278; x_wconf 89' lang='lat' dir='ltr'><strong>jejunia</strong></span> <span class='ocrx_word' id='word_1_495' title='bbox 1085 4196 1413 4277; x_wconf 80' lang='lat' dir='ltr'><strong>frangimus</strong></span> <span class='ocrx_word' id='word_1_496' title='bbox 1439 4217 1452 4263; x_wconf 91' lang='lat'><strong>:</strong></span> <span class='ocrx_word' id='word_1_497' title='bbox 1483 4199 1622 4281; x_wconf 91' lang='lat' dir='ltr'><strong>quia</strong></span> <span class='ocrx_word' id='word_1_498' title='bbox 1653 4198 1812 4261; x_wconf 91' lang='lat' dir='ltr'><strong>circa</strong></span> <span class='ocrx_word' id='word_1_499' title='bbox 1854 4196 2115 4259; x_wconf 83' lang='lat' dir='ltr'><strong>dodeca-</strong></span> 
     </span>
    </p>
   </div>
   <div class='ocr_carea' id='block_1_75' title="bbox 459 4283 2119 4371">
    <p class='ocr_par' dir='ltr' id='par_1_75' title="bbox 459 4283 2119 4371">
     <span class='ocr_line' id='line_1_75' title="bbox 459 4283 2119 4371; baseline 0 -24"><span class='ocrx_word' id='word_1_500' title='bbox 459 4283 773 4347; x_wconf 90' lang='lat' dir='ltr'><strong>bemerum</strong></span> <span class='ocrx_word' id='word_1_501' title='bbox 792 4286 1352 4366; x_wconf 85' lang='lat' dir='ltr'><strong>jejunantArmenii</strong></span> <span class='ocrx_word' id='word_1_502' title='bbox 1374 4286 2119 4371; x_wconf 77' lang='lat' dir='ltr'><strong>propterArtziburium,in</strong></span> 
     </span>
    </p>
   </div>
   <div class='ocr_carea' id='block_1_76' title="bbox 460 4373 2119 4460">
    <p class='ocr_par' dir='ltr' id='par_1_76' title="bbox 460 4373 2119 4460">
     <span class='ocr_line' id='line_1_76' title="bbox 460 4373 2119 4460; baseline 0.002 -25"><span class='ocrx_word' id='word_1_503' title='bbox 460 4373 838 4437; x_wconf 88' lang='lat' dir='ltr'><strong>hebdomade</strong></span> <span class='ocrx_word' id='word_1_504' title='bbox 860 4375 1053 4456; x_wconf 90' lang='lat' dir='ltr'><strong>prima</strong></span> <span class='ocrx_word' id='word_1_505' title='bbox 1080 4376 1479 4460; x_wconf 86' lang='lat' dir='ltr'><strong>carnisprivii,</strong></span> <span class='ocrx_word' id='word_1_506' title='bbox 1516 4385 1755 4460; x_wconf 81' lang='lat' dir='ltr'><strong>prOpter</strong></span> <span class='ocrx_word' id='word_1_507' title='bbox 1783 4374 2072 4442; x_wconf 88' lang='lat' dir='ltr'><strong>Ninivitas</strong></span> <span class='ocrx_word' id='word_1_508' title='bbox 2105 4393 2119 4438; x_wconf 88' lang='lat'>:</span> 
     </span>
    </p>
   </div>
   <div class='ocr_carea' id='block_1_77' title="bbox 2188 3215 3839 3299">
    <p class='ocr_par' dir='ltr' id='par_1_77' title="bbox 2188 3215 3839 3299">
     <span class='ocr_line' id='line_1_77' title="bbox 2188 3215 3839 3299; baseline -0.001 -27"><span class='ocrx_word' id='word_1_509' title='bbox 2188 3215 2503 3298; x_wconf 73' lang='grc' dir='ltr'>καταλῦσαι,</span> <span class='ocrx_word' id='word_1_510' title='bbox 2549 3215 2633 3274; x_wconf 78' lang='grc' dir='ltr'><strong>διὰ</strong></span> <span class='ocrx_word' id='word_1_511' title='bbox 2678 3218 2876 3299; x_wconf 86' lang='grc' dir='ltr'>ἰχθύων</span> <span class='ocrx_word' id='word_1_512' title='bbox 2930 3216 2966 3287; x_wconf 72' lang='grc' dir='ltr'><strong>ἢ</strong></span> <span class='ocrx_word' id='word_1_513' title='bbox 3025 3216 3201 3275; x_wconf 76' lang='grc' dir='ltr'>ἐλαίου</span> <span class='ocrx_word' id='word_1_514' title='bbox 3263 3217 3535 3297; x_wconf 75' lang='grc' dir='ltr'>μετριάσει</span> <span class='ocrx_word' id='word_1_515' title='bbox 3591 3218 3685 3272; x_wconf 75' lang='grc' dir='ltr'><strong>τοῦ</strong></span> <span class='ocrx_word' id='word_1_516' title='bbox 3733 3215 3839 3294; x_wconf 66' lang='grc' dir='ltr'><strong>ἀβ-</strong></span> 
     </span>
    </p>
   </div>
   <div class='ocr_carea' id='block_1_78' title="bbox 2189 3305 3841 3386">
    <p class='ocr_par' dir='ltr' id='par_1_78' title="bbox 2189 3305 3841 3386">
     <span class='ocr_line' id='line_1_78' title="bbox 2189 3305 3841 3386; baseline 0 -24"><span class='ocrx_word' id='word_1_517' title='bbox 2189 3306 2536 3384; x_wconf 81' lang='grc' dir='ltr'>ρωστήματος</span> <span class='ocrx_word' id='word_1_518' title='bbox 2590 3307 2688 3375; x_wconf 81' lang='grc' dir='ltr'>τὴν</span> <span class='ocrx_word' id='word_1_519' title='bbox 2746 3306 3042 3374; x_wconf 73' lang='grc' dir='ltr'>κακότητα.</span> <span class='ocrx_word' id='word_1_520' title='bbox 3118 3305 3349 3386; x_wconf 81' lang='grc' dir='ltr'>Κρέατος</span> <span class='ocrx_word' id='word_1_521' title='bbox 3434 3306 3534 3386; x_wconf 80' lang='grc' dir='ltr'><strong>γὰρ</strong></span> <span class='ocrx_word' id='word_1_522' title='bbox 3588 3305 3623 3374; x_wconf 74' lang='grc' dir='ltr'><strong>ἢ</strong></span> <span class='ocrx_word' id='word_1_523' title='bbox 3684 3313 3841 3384; x_wconf 81' lang='grc' dir='ltr'>τυροῦ</span> 
     </span>
    </p>
   </div>
   <div class='ocr_carea' id='block_1_79' title="bbox 2190 3392 3840 3477">
    <p class='ocr_par' dir='ltr' id='par_1_79' title="bbox 2190 3392 3840 3477">
     <span class='ocr_line' id='line_1_79' title="bbox 2190 3392 3840 3477; baseline -0.001 -25"><span class='ocrx_word' id='word_1_524' title='bbox 2190 3393 2227 3463; x_wconf 69' lang='grc' dir='ltr'>ἢ</span> <span class='ocrx_word' id='word_1_525' title='bbox 2258 3396 2364 3452; x_wconf 81' lang='grc' dir='ltr'><strong>ὠοῦ</strong></span> <span class='ocrx_word' id='word_1_526' title='bbox 2393 3396 2624 3470; x_wconf 73' lang='grc' dir='ltr'>ἅψασθαι</span> <span class='ocrx_word' id='word_1_527' title='bbox 2671 3396 2730 3453; x_wconf 72' lang='grc' dir='ltr'>οὗ</span> <span class='ocrx_word' id='word_1_528' title='bbox 2785 3396 3182 3477; x_wconf 79' lang='grc' dir='ltr'>συγχωρηθείη,</span> <span class='ocrx_word' id='word_1_529' title='bbox 3243 3394 3342 3452; x_wconf 74' lang='grc' dir='ltr'><strong>κᾶν</strong></span> <span class='ocrx_word' id='word_1_530' title='bbox 3394 3394 3531 3472; x_wconf 73' lang='grc' dir='ltr'>πνέῃ</span> <span class='ocrx_word' id='word_1_531' title='bbox 3586 3395 3653 3450; x_wconf 72' lang='grc' dir='ltr'><strong>τὰ</strong></span> <span class='ocrx_word' id='word_1_532' title='bbox 3717 3392 3840 3451; x_wconf 82' lang='grc' dir='ltr'>λοί-</span> 
     </span>
    </p>
   </div>
   <div class='ocr_carea' id='block_1_80' title="bbox 2191 3482 3841 3564">
    <p class='ocr_par' dir='ltr' id='par_1_80' title="bbox 2191 3482 3841 3564">
     <span class='ocr_line' id='line_1_80' title="bbox 2191 3482 3841 3564; baseline 0 -25"><span class='ocrx_word' id='word_1_533' title='bbox 2191 3487 2330 3557; x_wconf 82' lang='grc' dir='ltr'>σθια,</span> <span class='ocrx_word' id='word_1_534' title='bbox 2387 3482 2501 3541; x_wconf 69' lang='grc' dir='ltr'>οὔτε</span> <span class='ocrx_word' id='word_1_535' title='bbox 2547 3483 2601 3540; x_wconf 81' lang='grc' dir='ltr'>ἐν</span> <span class='ocrx_word' id='word_1_536' title='bbox 2673 3490 2742 3563; x_wconf 75' lang='grc' dir='ltr'><strong>τῇ</strong></span> <span class='ocrx_word' id='word_1_537' title='bbox 2806 3484 3018 3564; x_wconf 74' lang='grc' dir='ltr'>μεγάλῃ</span> <span class='ocrx_word' id='word_1_538' title='bbox 3087 3490 3523 3564; x_wconf 76' lang='grc' dir='ltr'>Τεσσαρακοστῇ,</span> <span class='ocrx_word' id='word_1_539' title='bbox 3582 3484 3701 3540; x_wconf 77' lang='grc' dir='ltr'>οὔτε</span> <span class='ocrx_word' id='word_1_540' title='bbox 3785 3482 3841 3540; x_wconf 75' lang='grc' dir='ltr'>ἐν</span> 
     </span>
    </p>
   </div>
   <div class='ocr_carea' id='block_1_81' title="bbox 2192 3571 3844 3654">
    <p class='ocr_par' dir='ltr' id='par_1_81' title="bbox 2192 3571 3844 3654">
     <span class='ocr_line' id='line_1_81' title="bbox 2192 3571 3844 3654; baseline 0 -26"><span class='ocrx_word' id='word_1_541' title='bbox 2192 3571 2445 3645; x_wconf 75' lang='grc' dir='ltr'>οἱᾳδήτινι</span> <span class='ocrx_word' id='word_1_542' title='bbox 2488 3571 2690 3653; x_wconf 78' lang='grc' dir='ltr'>τετράδι</span> <span class='ocrx_word' id='word_1_543' title='bbox 2733 3575 2821 3631; x_wconf 82' lang='grc' dir='ltr'>καὶ</span> <span class='ocrx_word' id='word_1_544' title='bbox 2876 3579 3180 3654; x_wconf 84' lang='grc' dir='ltr'>παρασκευῇ</span> <span class='ocrx_word' id='word_1_545' title='bbox 3213 3588 3228 3603; x_wconf 83' lang='grc'><strong><em>⁸</em></strong></span> <span class='ocrx_word' id='word_1_546' title='bbox 3290 3572 3445 3652; x_wconf 75' lang='grc' dir='ltr'>ἀρκεῖ</span> <span class='ocrx_word' id='word_1_547' title='bbox 3487 3573 3585 3651; x_wconf 76' lang='grc' dir='ltr'><strong>γὰρ</strong></span> <span class='ocrx_word' id='word_1_548' title='bbox 3640 3578 3719 3647; x_wconf 81' lang='grc' dir='ltr'><strong>τῷ</strong></span> <span class='ocrx_word' id='word_1_549' title='bbox 3790 3571 3844 3638; x_wconf 79' lang='grc' dir='ltr'><strong>ἐξ</strong></span> 
     </span>
    </p>
   </div>
   <div class='ocr_carea' id='block_1_82' title="bbox 2193 3659 3843 3742">
    <p class='ocr_par' dir='ltr' id='par_1_82' title="bbox 2193 3659 3843 3742">
     <span class='ocr_line' id='line_1_82' title="bbox 2193 3659 3843 3742; baseline 0.001 -26"><span class='ocrx_word' id='word_1_550' title='bbox 2193 3661 2428 3741; x_wconf 76' lang='grc' dir='ltr'>ἀνάγκης</span> <span class='ocrx_word' id='word_1_551' title='bbox 2513 3660 2597 3718; x_wconf 77' lang='grc' dir='ltr'>διὰ</span> <span class='ocrx_word' id='word_1_552' title='bbox 2666 3660 2989 3742; x_wconf 72' lang='grc' dir='ltr'>ξηροφαγίας</span> <span class='ocrx_word' id='word_1_553' title='bbox 3059 3659 3367 3741; x_wconf 81' lang='grc' dir='ltr'>μεγαλύνειν</span> <span class='ocrx_word' id='word_1_554' title='bbox 3422 3659 3683 3742; x_wconf 77' lang='grc' dir='ltr'>ὀφείλοντι</span> <span class='ocrx_word' id='word_1_555' title='bbox 3744 3662 3843 3726; x_wconf 79' lang='grc' dir='ltr'><strong>τὰς</strong></span> 
     </span>
    </p>
   </div>
   <div class='ocr_carea' id='block_1_83' title="bbox 2192 3747 3845 3831">
    <p class='ocr_par' dir='ltr' id='par_1_83' title="bbox 2192 3747 3845 3831">
     <span class='ocr_line' id='line_1_83' title="bbox 2192 3747 3845 3831; baseline 0 -24"><span class='ocrx_word' id='word_1_556' title='bbox 2192 3750 2439 3829; x_wconf 79' lang='grc' dir='ltr'>τετράδας</span> <span class='ocrx_word' id='word_1_557' title='bbox 2470 3752 2554 3808; x_wconf 57' lang='grc' dir='ltr'>καὶ</span> <span class='ocrx_word' id='word_1_558' title='bbox 2610 3751 2704 3816; x_wconf 74' lang='grc' dir='ltr'><strong>τὰς</strong></span> <span class='ocrx_word' id='word_1_559' title='bbox 2752 3752 3108 3831; x_wconf 80' lang='grc' dir='ltr'>παρασκευὰς,</span> <span class='ocrx_word' id='word_1_560' title='bbox 3167 3749 3251 3806; x_wconf 76' lang='grc' dir='ltr'><strong>διὰ</strong></span> <span class='ocrx_word' id='word_1_561' title='bbox 3294 3747 3470 3806; x_wconf 73' lang='grc' dir='ltr'>ἐλαίου</span> <span class='ocrx_word' id='word_1_562' title='bbox 3512 3750 3600 3805; x_wconf 86' lang='grc' dir='ltr'><strong>καὶ</strong></span> <span class='ocrx_word' id='word_1_563' title='bbox 3640 3750 3845 3830; x_wconf 75' lang='grc' dir='ltr'>ἰχθύων</span> 
     </span>
    </p>
   </div>
   <div class='ocr_carea' id='block_1_84' title="bbox 2194 3831 3840 3917">
    <p class='ocr_par' dir='ltr' id='par_1_84' title="bbox 2194 3831 3840 3917">
     <span class='ocr_line' id='line_1_84' title="bbox 2194 3831 3840 3917; baseline -0.002 -21"><span class='ocrx_word' id='word_1_564' title='bbox 2194 3839 2511 3900; x_wconf 82' lang='grc' dir='ltr'>ἐπιεικεῦσαι</span> <span class='ocrx_word' id='word_1_565' title='bbox 2562 3841 2625 3896; x_wconf 82' lang='grc' dir='ltr'>τὸ</span> <span class='ocrx_word' id='word_1_566' title='bbox 2681 3839 2913 3915; x_wconf 84' lang='grc' dir='ltr'>νόσημα.</span> <span class='ocrx_word' id='word_1_567' title='bbox 2964 3831 3208 3906; x_wconf 65' lang='grc' dir='ltr'><strong>’Υπέξελὲ</strong></span> <span class='ocrx_word' id='word_1_568' title='bbox 3266 3862 3355 3916; x_wconf 90' lang='grc' dir='ltr'><strong>μοι</strong></span> <span class='ocrx_word' id='word_1_569' title='bbox 3413 3839 3507 3902; x_wconf 81' lang='grc' dir='ltr'><strong>τὰς</strong></span> <span class='ocrx_word' id='word_1_570' title='bbox 3564 3835 3840 3917; x_wconf 80' lang='grc' dir='ltr'>τετράδας,</span> 
     </span>
    </p>
   </div>
   <div class='ocr_carea' id='block_1_85' title="bbox 2193 3927 3848 4009">
    <p class='ocr_par' dir='ltr' id='par_1_85' title="bbox 2193 3927 3848 4009">
     <span class='ocr_line' id='line_1_85' title="bbox 2193 3927 3848 4009; baseline -0.002 -23"><span class='ocrx_word' id='word_1_571' title='bbox 2193 3932 2279 3986; x_wconf 81' lang='grc' dir='ltr'><strong>καὶ</strong></span> <span class='ocrx_word' id='word_1_572' title='bbox 2336 3930 2429 3994; x_wconf 79' lang='grc' dir='ltr'>τὰς</span> <span class='ocrx_word' id='word_1_573' title='bbox 2487 3928 2820 4009; x_wconf 75' lang='grc' dir='ltr'>παρασκευὰς</span> <span class='ocrx_word' id='word_1_574' title='bbox 2877 3930 2976 3996; x_wconf 78' lang='grc' dir='ltr'>τῆς</span> <span class='ocrx_word' id='word_1_575' title='bbox 3043 3928 3312 4008; x_wconf 82' lang='grc' dir='ltr'>ἀπόκρεω,</span> <span class='ocrx_word' id='word_1_576' title='bbox 3390 3932 3491 3994; x_wconf 72' lang='grc' dir='ltr'>τῆς</span> <span class='ocrx_word' id='word_1_577' title='bbox 3547 3927 3848 4007; x_wconf 71' lang='grc' dir='ltr'>τυροφάγου</span> 
     </span>
    </p>
   </div>
   <div class='ocr_carea' id='block_1_86' title="bbox 2194 4013 3848 4096">
    <p class='ocr_par' dir='ltr' id='par_1_86' title="bbox 2194 4013 3848 4096">
     <span class='ocr_line' id='line_1_86' title="bbox 2194 4013 3848 4096; baseline -0.004 -20"><span class='ocrx_word' id='word_1_578' title='bbox 2194 4026 2293 4087; x_wconf 77' lang='grc' dir='ltr'>τῆς</span> <span class='ocrx_word' id='word_1_579' title='bbox 2351 4017 2722 4094; x_wconf 86' lang='grc' dir='ltr'>κιακινησίμου</span> <span class='ocrx_word' id='word_1_580' title='bbox 2746 4016 2830 4093; x_wconf 72' lang='grc'><strong>49,</strong></span> <span class='ocrx_word' id='word_1_581' title='bbox 2902 4019 2991 4074; x_wconf 78' lang='grc' dir='ltr'><strong>καὶ</strong></span> <span class='ocrx_word' id='word_1_582' title='bbox 3075 4026 3168 4076; x_wconf 78' lang='grc' dir='ltr'>τοῦ</span> <span class='ocrx_word' id='word_1_583' title='bbox 3237 4014 3661 4096; x_wconf 76' lang='grc' dir='ltr'>δωδεκαημέρου.</span> <span class='ocrx_word' id='word_1_584' title='bbox 3751 4013 3848 4072; x_wconf 86' lang='grc' dir='ltr'>Ἐν</span> 
     </span>
    </p>
   </div>
   <div class='ocr_carea' id='block_1_87' title="bbox 2196 4102 3847 4188">
    <p class='ocr_par' dir='ltr' id='par_1_87' title="bbox 2196 4102 3847 4188">
     <span class='ocr_line' id='line_1_87' title="bbox 2196 4102 3847 4188; baseline -0.005 -22"><span class='ocrx_word' id='word_1_585' title='bbox 2196 4109 2409 4174; x_wconf 88' lang='grc' dir='ltr'>ταύταις</span> <span class='ocrx_word' id='word_1_586' title='bbox 2482 4110 2581 4188; x_wconf 81' lang='grc' dir='ltr'><strong>γὰρ</strong></span> <span class='ocrx_word' id='word_1_587' title='bbox 2648 4109 2736 4165; x_wconf 86' lang='grc' dir='ltr'><strong>καὶ</strong></span> <span class='ocrx_word' id='word_1_588' title='bbox 2792 4104 2877 4163; x_wconf 75' lang='grc' dir='ltr'><strong>διὰ</strong></span> <span class='ocrx_word' id='word_1_589' title='bbox 2943 4104 3160 4186; x_wconf 78' lang='grc' dir='ltr'>κρέατος</span> <span class='ocrx_word' id='word_1_590' title='bbox 3229 4103 3509 4167; x_wconf 85' lang='grc' dir='ltr'>ἀκινδύνως</span> <span class='ocrx_word' id='word_1_591' title='bbox 3579 4102 3847 4161; x_wconf 80' lang='grc' dir='ltr'>καταλύο·</span> 
     </span>
    </p>
   </div>
   <div class='ocr_carea' id='block_1_88' title="bbox 2200 4192 3849 4274">
    <p class='ocr_par' dir='ltr' id='par_1_88' title="bbox 2200 4192 3849 4274">
     <span class='ocr_line' id='line_1_88' title="bbox 2200 4192 3849 4274; baseline -0.003 -20"><span class='ocrx_word' id='word_1_592' title='bbox 2200 4220 2296 4271; x_wconf 89' lang='grc' dir='ltr'><strong>μεν</strong></span> <span class='ocrx_word' id='word_1_593' title='bbox 2326 4218 2340 4233; x_wconf 80' lang='grc'><strong><em>⁸</em></strong></span> <span class='ocrx_word' id='word_1_594' title='bbox 2416 4196 2497 4254; x_wconf 80' lang='grc' dir='ltr'><strong>ὅτι</strong></span> <span class='ocrx_word' id='word_1_595' title='bbox 2565 4196 2702 4253; x_wconf 85' lang='grc' dir='ltr'><strong>κατά</strong></span> <span class='ocrx_word' id='word_1_596' title='bbox 2780 4196 2841 4251; x_wconf 81' lang='grc' dir='ltr'>τὸ</span> <span class='ocrx_word' id='word_1_597' title='bbox 2919 4192 3320 4274; x_wconf 78' lang='grc' dir='ltr'>δωδεκαήμερον</span> <span class='ocrx_word' id='word_1_598' title='bbox 3388 4194 3726 4261; x_wconf 84' lang='grc' dir='ltr'>νηστεύουσιν</span> <span class='ocrx_word' id='word_1_599' title='bbox 3796 4196 3849 4249; x_wconf 73' lang='grc' dir='ltr'>οἱ</span> 
     </span>
    </p>
   </div>
   <div class='ocr_carea' id='block_1_89' title="bbox 2201 4277 3853 4367">
    <p class='ocr_par' dir='ltr' id='par_1_89' title="bbox 2201 4277 3853 4367">
     <span class='ocr_line' id='line_1_89' title="bbox 2201 4277 3853 4367; baseline -0.004 -24"><span class='ocrx_word' id='word_1_600' title='bbox 2201 4286 2447 4367; x_wconf 68' lang='grc' dir='ltr'>Ἀρμὲνοι</span> <span class='ocrx_word' id='word_1_601' title='bbox 2531 4283 2615 4341; x_wconf 74' lang='grc' dir='ltr'><strong>διὰ</strong></span> <span class='ocrx_word' id='word_1_602' title='bbox 2694 4285 2786 4342; x_wconf 78' lang='grc' dir='ltr'><strong>τὸν</strong></span> <span class='ocrx_word' id='word_1_603' title='bbox 2843 4280 3225 4362; x_wconf 74' lang='grc' dir='ltr'>Ἀρτζιϐούριον</span> <span class='ocrx_word' id='word_1_604' title='bbox 3261 4301 3275 4316; x_wconf 87' lang='lat'><strong>&#39;</strong></span> <span class='ocrx_word' id='word_1_605' title='bbox 3344 4284 3484 4339; x_wconf 88' lang='grc' dir='ltr'><strong>κατά</strong></span> <span class='ocrx_word' id='word_1_606' title='bbox 3537 4282 3633 4349; x_wconf 70' lang='grc' dir='ltr'><strong>τὴν</strong></span> <span class='ocrx_word' id='word_1_607' title='bbox 3702 4277 3853 4338; x_wconf 75' lang='grc' dir='ltr'>ἐϐδο-</span> 
     </span>
    </p>
   </div>
   <div class='ocr_carea' id='block_1_90' title="bbox 2208 4369 3852 4454">
    <p class='ocr_par' dir='ltr' id='par_1_90' title="bbox 2208 4369 3852 4454">
     <span class='ocr_line' id='line_1_90' title="bbox 2208 4369 3852 4454; baseline -0.005 -20"><span class='ocrx_word' id='word_1_608' title='bbox 2208 4376 2346 4454; x_wconf 87' lang='grc' dir='ltr'>μάδα</span> <span class='ocrx_word' id='word_1_609' title='bbox 2388 4380 2488 4443; x_wconf 77' lang='grc' dir='ltr'>τῆς</span> <span class='ocrx_word' id='word_1_610' title='bbox 2517 4374 2734 4454; x_wconf 83' lang='grc' dir='ltr'>πρώτης</span> <span class='ocrx_word' id='word_1_611' title='bbox 2765 4371 3031 4451; x_wconf 81' lang='grc' dir='ltr'>ἀπόκρεω,</span> <span class='ocrx_word' id='word_1_612' title='bbox 3089 4369 3175 4426; x_wconf 77' lang='grc' dir='ltr'>διὰ</span> <span class='ocrx_word' id='word_1_613' title='bbox 3223 4370 3346 4436; x_wconf 73' lang='grc' dir='ltr'>τοὺς</span> <span class='ocrx_word' id='word_1_614' title='bbox 3379 4372 3654 4435; x_wconf 80' lang='grc' dir='ltr'>Νινευίτας</span> <span class='ocrx_word' id='word_1_615' title='bbox 3689 4387 3706 4404; x_wconf 75' lang='grc'>⁸</span> <span class='ocrx_word' id='word_1_616' title='bbox 3752 4371 3852 4426; x_wconf 82' lang='grc' dir='ltr'><strong>καὶ</strong></span> 
     </span>
    </p>
   </div>
   <div class='ocr_carea' id='block_1_91' title="bbox 463 4458 2112 4548">
    <p class='ocr_par' dir='ltr' id='par_1_91' title="bbox 463 4458 2112 4548">
     <span class='ocr_line' id='line_1_91' title="bbox 463 4458 2112 4548; baseline -0.001 -21"><span class='ocrx_word' id='word_1_617' title='bbox 463 4470 526 4527; x_wconf 86' lang='lat' dir='ltr'><strong>et</strong></span> <span class='ocrx_word' id='word_1_618' title='bbox 551 4466 613 4526; x_wconf 91' lang='lat' dir='ltr'><strong>in</strong></span> <span class='ocrx_word' id='word_1_619' title='bbox 640 4463 1022 4528; x_wconf 88' lang='lat' dir='ltr'><strong>hebdomade</strong></span> <span class='ocrx_word' id='word_1_620' title='bbox 1039 4458 1342 4548; x_wconf 76' lang='lat' dir='ltr'><strong>tyropbagi</strong></span> <span class='ocrx_word' id='word_1_621' title='bbox 1359 4458 1676 4531; x_wconf 74' lang='lat' dir='ltr'><strong>Tetradilee</strong></span> <span class='ocrx_word' id='word_1_622' title='bbox 1699 4465 2112 4546; x_wconf 67' lang='lat' dir='ltr'><strong>bmreticijeju-</strong></span> 
     </span>
    </p>
   </div>
   <div class='ocr_carea' id='block_1_92' title="bbox 2200 4458 3852 4548">
    <p class='ocr_par' dir='ltr' id='par_1_92' title="bbox 2201 4458 3852 4548">
     <span class='ocr_line' id='line_1_92' title="bbox 2201 4458 3852 4548; baseline -0.005 -27"><span class='ocrx_word' id='word_1_623' title='bbox 2201 4487 2336 4523; x_wconf 85' lang='grc' dir='ltr'>κατα</span> <span class='ocrx_word' id='word_1_624' title='bbox 2404 4463 2503 4531; x_wconf 76' lang='grc' dir='ltr'><strong>τὴν</strong></span> <span class='ocrx_word' id='word_1_625' title='bbox 2560 4458 2819 4537; x_wconf 60' lang='grc' dir='ltr'>ἑϐδομάδα</span> <span class='ocrx_word' id='word_1_626' title='bbox 2876 4460 2972 4527; x_wconf 75' lang='grc' dir='ltr'><strong>τῆς</strong></span> <span class='ocrx_word' id='word_1_627' title='bbox 3040 4459 3334 4539; x_wconf 73' lang='grc' dir='ltr'>τυροφάγου</span> <span class='ocrx_word' id='word_1_628' title='bbox 3390 4458 3728 4548; x_wconf 64' lang='grc' dir='ltr'>νηστεύουσιν</span> <span class='ocrx_word' id='word_1_629' title='bbox 3796 4464 3852 4518; x_wconf 82' lang='grc' dir='ltr'>οἱ</span> 
     </span>
    </p>
   </div>
   <div class='ocr_carea' id='block_1_93' title="bbox 463 4553 2121 4637">
    <p class='ocr_par' dir='ltr' id='par_1_93' title="bbox 463 4553 2121 4637">
     <span class='ocr_line' id='line_1_93' title="bbox 463 4553 2121 4637; baseline 0 -22"><span class='ocrx_word' id='word_1_630' title='bbox 463 4553 633 4615; x_wconf 90' lang='lat' dir='ltr'><strong>nium</strong></span> <span class='ocrx_word' id='word_1_631' title='bbox 662 4573 945 4635; x_wconf 83' lang='lat' dir='ltr'><strong>magnum</strong></span> <span class='ocrx_word' id='word_1_632' title='bbox 979 4554 1318 4621; x_wconf 87' lang='lat' dir='ltr'><strong>observant.</strong></span> <span class='ocrx_word' id='word_1_633' title='bbox 1351 4555 1473 4620; x_wconf 87' lang='lat' dir='ltr'><strong>Nos</strong></span> <span class='ocrx_word' id='word_1_634' title='bbox 1503 4557 1682 4637; x_wconf 86' lang='lat' dir='ltr'><strong>igitur</strong></span> <span class='ocrx_word' id='word_1_635' title='bbox 1714 4554 2015 4619; x_wconf 91' lang='lat' dir='ltr'><strong>contraria</strong></span> <span class='ocrx_word' id='word_1_636' title='bbox 2044 4554 2121 4615; x_wconf 90' lang='lat' dir='ltr'><strong>iis</strong></span> 
     </span>
    </p>
   </div>
   <div class='ocr_carea' id='block_1_94' title="bbox 465 4640 2120 4724">
    <p class='ocr_par' dir='ltr' id='par_1_94' title="bbox 465 4640 2120 4724">
     <span class='ocr_line' id='line_1_94' title="bbox 465 4640 2120 4724; baseline 0.001 -21"><span class='ocrx_word' id='word_1_637' title='bbox 465 4640 791 4724; x_wconf 80' lang='lat' dir='ltr'><strong>facientes,</strong></span> <span class='ocrx_word' id='word_1_638' title='bbox 845 4642 1175 4721; x_wconf 85' lang='lat' dir='ltr'><strong>frangimus</strong></span> <span class='ocrx_word' id='word_1_639' title='bbox 1195 4651 1248 4721; x_wconf 72' lang='grc' dir='ltr'><strong>ις,</strong></span> <span class='ocrx_word' id='word_1_640' title='bbox 1274 4663 1351 4709; x_wconf 90' lang='lat' dir='ltr'><strong>ne</strong></span> <span class='ocrx_word' id='word_1_641' title='bbox 1382 4646 1689 4709; x_wconf 89' lang='lat' dir='ltr'><strong>videamur</strong></span> <span class='ocrx_word' id='word_1_642' title='bbox 1712 4664 1844 4707; x_wconf 90' lang='lat' dir='ltr'><strong>cum</strong></span> <span class='ocrx_word' id='word_1_643' title='bbox 1886 4644 1960 4705; x_wconf 91' lang='lat' dir='ltr'><strong>iis</strong></span> <span class='ocrx_word' id='word_1_644' title='bbox 1975 4662 2120 4705; x_wconf 89' lang='lat' dir='ltr'><strong>con-</strong></span> 
     </span>
    </p>
   </div>
   <div class='ocr_carea' id='block_1_95' title="bbox 464 4731 2125 4814">
    <p class='ocr_par' dir='ltr' id='par_1_95' title="bbox 464 4731 2125 4814">
     <span class='ocr_line' id='line_1_95' title="bbox 464 4731 2125 4814; baseline 0.001 -22"><span class='ocrx_word' id='word_1_645' title='bbox 464 4731 715 4812; x_wconf 90' lang='lat' dir='ltr'><strong>sentire,</strong></span> <span class='ocrx_word' id='word_1_646' title='bbox 751 4749 845 4807; x_wconf 90' lang='lat' dir='ltr'><strong>eo,</strong></span> <span class='ocrx_word' id='word_1_647' title='bbox 873 4740 1151 4814; x_wconf 84' lang='lat' dir='ltr'><strong>excepto,</strong></span> <span class='ocrx_word' id='word_1_648' title='bbox 1176 4734 1334 4814; x_wconf 90' lang='lat' dir='ltr'><strong>quod</strong></span> <span class='ocrx_word' id='word_1_649' title='bbox 1377 4735 1522 4797; x_wconf 92' lang='lat' dir='ltr'><strong>illud</strong></span> <span class='ocrx_word' id='word_1_650' title='bbox 1570 4736 1694 4807; x_wconf 81' lang='lat' dir='ltr'><strong>fiet,</strong></span> <span class='ocrx_word' id='word_1_651' title='bbox 1735 4737 1781 4795; x_wconf 88' lang='lat' dir='ltr'><strong>si</strong></span> <span class='ocrx_word' id='word_1_652' title='bbox 1832 4733 1964 4814; x_wconf 90' lang='lat' dir='ltr'><strong>quis</strong></span> <span class='ocrx_word' id='word_1_653' title='bbox 1992 4750 2125 4793; x_wconf 90' lang='lat' dir='ltr'><strong>cum</strong></span> 
     </span>
    </p>
   </div>
   <div class='ocr_carea' id='block_1_96' title="bbox 463 4817 2125 4903">
    <p class='ocr_par' dir='ltr' id='par_1_96' title="bbox 463 4817 2125 4903">
     <span class='ocr_line' id='line_1_96' title="bbox 463 4817 2125 4903; baseline -0.001 -22"><span class='ocrx_word' id='word_1_654' title='bbox 463 4817 798 4883; x_wconf 88' lang='lat' dir='ltr'><strong>Tetraditis</strong></span> <span class='ocrx_word' id='word_1_655' title='bbox 835 4828 938 4884; x_wconf 91' lang='lat' dir='ltr'><strong>aut</strong></span> <span class='ocrx_word' id='word_1_656' title='bbox 967 4822 1269 4884; x_wconf 87' lang='lat' dir='ltr'><strong>Armeniis</strong></span> <span class='ocrx_word' id='word_1_657' title='bbox 1306 4823 1557 4886; x_wconf 89' lang='lat' dir='ltr'><strong>habitet.</strong></span> <span class='ocrx_word' id='word_1_658' title='bbox 1592 4822 1828 4903; x_wconf 86' lang='lat' dir='ltr'><strong>Alioqui</strong></span> <span class='ocrx_word' id='word_1_659' title='bbox 1855 4820 2037 4897; x_wconf 89' lang='lat' dir='ltr'><strong>enim,</strong></span> <span class='ocrx_word' id='word_1_660' title='bbox 2072 4819 2125 4881; x_wconf 90' lang='lat' dir='ltr'><strong>si</strong></span> 
     </span>
    </p>
   </div>
   <div class='ocr_carea' id='block_1_97' title="bbox 460 4906 2125 4994">
    <p class='ocr_par' dir='ltr' id='par_1_97' title="bbox 460 4906 2125 4994">
     <span class='ocr_line' id='line_1_97' title="bbox 460 4906 2125 4994; baseline 0.001 -25"><span class='ocrx_word' id='word_1_661' title='bbox 460 4906 523 4970; x_wconf 91' lang='lat' dir='ltr'><strong>in</strong></span> <span class='ocrx_word' id='word_1_662' title='bbox 552 4908 801 4989; x_wconf 86' lang='lat' dir='ltr'><strong>regione</strong></span> <span class='ocrx_word' id='word_1_663' title='bbox 829 4910 1024 4991; x_wconf 85' lang='lat' dir='ltr'><strong>degat,</strong></span> <span class='ocrx_word' id='word_1_664' title='bbox 1053 4909 1156 4973; x_wconf 91' lang='lat' dir='ltr'><strong>ubi</strong></span> <span class='ocrx_word' id='word_1_665' title='bbox 1191 4912 1391 4975; x_wconf 91' lang='lat' dir='ltr'><strong>nullus</strong></span> <span class='ocrx_word' id='word_1_666' title='bbox 1420 4921 1509 4976; x_wconf 92' lang='lat' dir='ltr'><strong>est</strong></span> <span class='ocrx_word' id='word_1_667' title='bbox 1537 4910 1924 4994; x_wconf 81' lang='lat' dir='ltr'><strong>ejuscemodi,</strong></span> <span class='ocrx_word' id='word_1_668' title='bbox 1944 4910 2125 4989; x_wconf 90' lang='lat' dir='ltr'><strong>degu-</strong></span> 
     </span>
    </p>
   </div>
   <div class='ocr_carea' id='block_1_98' title="bbox 463 4996 2121 5084">
    <p class='ocr_par' dir='ltr' id='par_1_98' title="bbox 463 4996 2121 5084">
     <span class='ocr_line' id='line_1_98' title="bbox 463 4996 2121 5084; baseline 0 -25"><span class='ocrx_word' id='word_1_669' title='bbox 463 4996 647 5060; x_wconf 85' lang='lat' dir='ltr'><strong>stabit</strong></span> <span class='ocrx_word' id='word_1_670' title='bbox 677 5006 904 5062; x_wconf 87' lang='lat' dir='ltr'><strong>tantum</strong></span> <span class='ocrx_word' id='word_1_671' title='bbox 940 5001 999 5064; x_wconf 90' lang='lat' dir='ltr'><strong>in</strong></span> <span class='ocrx_word' id='word_1_672' title='bbox 1035 5000 1339 5084; x_wconf 88' lang='lat' dir='ltr'><strong>carnibus,</strong></span> <span class='ocrx_word' id='word_1_673' title='bbox 1380 5002 1471 5065; x_wconf 87' lang='lat' dir='ltr'><strong>vel</strong></span> <span class='ocrx_word' id='word_1_674' title='bbox 1503 5020 1701 5078; x_wconf 90' lang='lat' dir='ltr'><strong>caseo,</strong></span> <span class='ocrx_word' id='word_1_675' title='bbox 1736 5007 1795 5063; x_wconf 92' lang='lat' dir='ltr'><strong>et</strong></span> <span class='ocrx_word' id='word_1_676' title='bbox 1824 4997 2121 5080; x_wconf 89' lang='lat' dir='ltr'><strong>suspicio-</strong></span> 
     </span>
    </p>
   </div>
   <div class='ocr_carea' id='block_1_99' title="bbox 463 5087 2119 5173">
    <p class='ocr_par' dir='ltr' id='par_1_99' title="bbox 463 5087 2119 5173">
     <span class='ocr_line' id='line_1_99' title="bbox 463 5087 2119 5173; baseline -0.001 -23"><span class='ocrx_word' id='word_1_677' title='bbox 463 5105 603 5151; x_wconf 89' lang='lat' dir='ltr'><strong>nem</strong></span> <span class='ocrx_word' id='word_1_678' title='bbox 634 5088 968 5154; x_wconf 87' lang='lat' dir='ltr'><strong>attenuabit</strong></span> <span class='ocrx_word' id='word_1_679' title='bbox 1000 5108 1109 5172; x_wconf 91' lang='lat' dir='ltr'><strong>per</strong></span> <span class='ocrx_word' id='word_1_680' title='bbox 1137 5090 1595 5170; x_wconf 87' lang='lat' dir='ltr'><strong>continentiam,</strong></span> <span class='ocrx_word' id='word_1_681' title='bbox 1630 5109 1748 5153; x_wconf 90' lang='lat' dir='ltr'><strong>non</strong></span> <span class='ocrx_word' id='word_1_682' title='bbox 1782 5107 1889 5173; x_wconf 90' lang='lat' dir='ltr'><strong>per</strong></span> <span class='ocrx_word' id='word_1_683' title='bbox 1916 5087 2119 5166; x_wconf 88' lang='lat' dir='ltr'><strong>inglu-</strong></span> 
     </span>
    </p>
   </div>
   <div class='ocr_carea' id='block_1_100' title="bbox 2204 4538 3851 4633">
    <p class='ocr_par' dir='ltr' id='par_1_100' title="bbox 2204 4538 3851 4633">
     <span class='ocr_line' id='line_1_100' title="bbox 2204 4538 3851 4633; baseline -0.005 -23"><span class='ocrx_word' id='word_1_684' title='bbox 2204 4550 2512 4633; x_wconf 82' lang='grc' dir='ltr'>Τετραδϊται</span> <span class='ocrx_word' id='word_1_685' title='bbox 2575 4554 2621 4608; x_wconf 75' lang='grc' dir='ltr'>οἱ</span> <span class='ocrx_word' id='word_1_686' title='bbox 2692 4550 2939 4629; x_wconf 79' lang='grc' dir='ltr'>αἱρετικοὶ</span> <span class='ocrx_word' id='word_1_687' title='bbox 3008 4538 3253 4616; x_wconf 78' lang='grc' dir='ltr'>νηστείαν</span> <span class='ocrx_word' id='word_1_688' title='bbox 3324 4547 3588 4627; x_wconf 87' lang='grc' dir='ltr'>μεγάλην.</span> <span class='ocrx_word' id='word_1_689' title='bbox 3650 4538 3851 4621; x_wconf 71' lang='grc' dir='ltr'>Ἠμεΐς</span> 
     </span>
    </p>
   </div>
   <div class='ocr_carea' id='block_1_101' title="bbox 2205 4635 3849 4721">
    <p class='ocr_par' dir='ltr' id='par_1_101' title="bbox 2205 4635 3849 4721">
     <span class='ocr_line' id='line_1_101' title="bbox 2205 4635 3849 4721; baseline -0.007 -21"><span class='ocrx_word' id='word_1_690' title='bbox 2205 4643 2293 4700; x_wconf 78' lang='grc' dir='ltr'><strong>οὗν</strong></span> <span class='ocrx_word' id='word_1_691' title='bbox 2353 4640 2813 4721; x_wconf 85' lang='grc' dir='ltr'>ἀντιπράττοντες,</span> <span class='ocrx_word' id='word_1_692' title='bbox 2885 4638 3112 4711; x_wconf 86' lang='grc' dir='ltr'>τούτοις,</span> <span class='ocrx_word' id='word_1_693' title='bbox 3199 4636 3551 4716; x_wconf 86' lang='grc' dir='ltr'>καταλύομεν,</span> <span class='ocrx_word' id='word_1_694' title='bbox 3606 4635 3699 4692; x_wconf 73' lang='grc' dir='ltr'><strong>ἵνα</strong></span> <span class='ocrx_word' id='word_1_695' title='bbox 3766 4635 3849 4709; x_wconf 70' lang='grc' dir='ltr'>μὴ</span> 
     </span>
    </p>
   </div>
   <div class='ocr_carea' id='block_1_102' title="bbox 2209 4725 3849 4811">
    <p class='ocr_par' dir='ltr' id='par_1_102' title="bbox 2209 4725 3849 4811">
     <span class='ocr_line' id='line_1_102' title="bbox 2209 4725 3849 4811; baseline -0.007 -21"><span class='ocrx_word' id='word_1_696' title='bbox 2209 4731 2437 4808; x_wconf 79' lang='grc' dir='ltr'>δόξωμεν</span> <span class='ocrx_word' id='word_1_697' title='bbox 2465 4733 2780 4811; x_wconf 74' lang='grc' dir='ltr'>ὁμοφρονεϊν</span> <span class='ocrx_word' id='word_1_698' title='bbox 2837 4732 3040 4791; x_wconf 68' lang='grc' dir='ltr'>αὺτοῖς.</span> <span class='ocrx_word' id='word_1_699' title='bbox 3102 4725 3250 4794; x_wconf 72' lang='grc' dir='ltr'>Πλὴν</span> <span class='ocrx_word' id='word_1_700' title='bbox 3304 4729 3391 4785; x_wconf 86' lang='grc' dir='ltr'>καὶ</span> <span class='ocrx_word' id='word_1_701' title='bbox 3471 4736 3625 4785; x_wconf 74' lang='grc' dir='ltr'>τοῦτο</span> <span class='ocrx_word' id='word_1_702' title='bbox 3679 4727 3849 4804; x_wconf 79' lang='grc' dir='ltr'>γενή-</span> 
     </span>
    </p>
   </div>
   <div class='ocr_carea' id='block_1_103' title="bbox 2205 4812 3847 4895">
    <p class='ocr_par' dir='ltr' id='par_1_103' title="bbox 2205 4812 3847 4895">
     <span class='ocr_line' id='line_1_103' title="bbox 2205 4812 3847 4895; baseline -0.012 -17"><span class='ocrx_word' id='word_1_703' title='bbox 2205 4843 2373 4895; x_wconf 88' lang='grc' dir='ltr'>σεται,</span> <span class='ocrx_word' id='word_1_704' title='bbox 2421 4820 2547 4876; x_wconf 81' lang='grc' dir='ltr'>ὅταν</span> <span class='ocrx_word' id='word_1_705' title='bbox 2583 4840 2664 4881; x_wconf 88' lang='grc' dir='ltr'><strong>τις</strong></span> <span class='ocrx_word' id='word_1_706' title='bbox 2724 4818 2857 4893; x_wconf 86' lang='grc' dir='ltr'><strong>μετά</strong></span> <span class='ocrx_word' id='word_1_707' title='bbox 2910 4812 3231 4895; x_wconf 84' lang='grc' dir='ltr'>Τετραδιτῶν</span> <span class='ocrx_word' id='word_1_708' title='bbox 3274 4815 3310 4884; x_wconf 75' lang='grc' dir='ltr'>ἢ</span> <span class='ocrx_word' id='word_1_709' title='bbox 3366 4815 3653 4894; x_wconf 84' lang='grc' dir='ltr'>Ἀρμενίων</span> <span class='ocrx_word' id='word_1_710' title='bbox 3721 4836 3847 4870; x_wconf 81' lang='grc' dir='ltr'>συν-</span> 
     </span>
    </p>
   </div>
   <div class='ocr_carea' id='block_1_104' title="bbox 2205 4903 3851 4987">
    <p class='ocr_par' dir='ltr' id='par_1_104' title="bbox 2205 4903 3851 4987">
     <span class='ocr_line' id='line_1_104' title="bbox 2205 4903 3851 4987; baseline -0.005 -20"><span class='ocrx_word' id='word_1_711' title='bbox 2205 4908 2500 4981; x_wconf 82' lang='grc' dir='ltr'>αυλίζηται,</span> <span class='ocrx_word' id='word_1_712' title='bbox 2559 4910 2616 4966; x_wconf 79' lang='grc' dir='ltr'><strong>Εἰ</strong></span> <span class='ocrx_word' id='word_1_713' title='bbox 2657 4908 2757 4987; x_wconf 81' lang='grc' dir='ltr'>γὰρ</span> <span class='ocrx_word' id='word_1_714' title='bbox 2820 4908 2892 4970; x_wconf 83' lang='grc' dir='ltr'><strong>είς</strong></span> <span class='ocrx_word' id='word_1_715' title='bbox 2954 4905 3140 4986; x_wconf 82' lang='grc' dir='ltr'>χώραν</span> <span class='ocrx_word' id='word_1_716' title='bbox 3191 4903 3356 4982; x_wconf 87' lang='grc' dir='ltr'>διάγει</span> <span class='ocrx_word' id='word_1_717' title='bbox 3412 4903 3532 4961; x_wconf 77' lang='grc' dir='ltr'>ἔνθα</span> <span class='ocrx_word' id='word_1_718' title='bbox 3587 4905 3682 4960; x_wconf 70' lang='grc' dir='ltr'><strong>οὐκ</strong></span> <span class='ocrx_word' id='word_1_719' title='bbox 3737 4903 3851 4960; x_wconf 75' lang='grc' dir='ltr'>ἔστι</span> 
     </span>
    </p>
   </div>
   <div class='ocr_carea' id='block_1_105' title="bbox 2204 4990 3852 5075">
    <p class='ocr_par' dir='ltr' id='par_1_105' title="bbox 2204 4990 3852 5075">
     <span class='ocr_line' id='line_1_105' title="bbox 2204 4990 3852 5075; baseline -0.005 -20"><span class='ocrx_word' id='word_1_720' title='bbox 2204 5005 2463 5070; x_wconf 76' lang='grc' dir='ltr'>τοιοῦτος,</span> <span class='ocrx_word' id='word_1_721' title='bbox 2537 4997 2881 5075; x_wconf 86' lang='grc' dir='ltr'>ἀπογεύσεται</span> <span class='ocrx_word' id='word_1_722' title='bbox 2939 4994 3098 5068; x_wconf 87' lang='grc' dir='ltr'>μόνον</span> <span class='ocrx_word' id='word_1_723' title='bbox 3156 4990 3375 5071; x_wconf 82' lang='grc' dir='ltr'>κρέατος</span> <span class='ocrx_word' id='word_1_724' title='bbox 3433 4992 3470 5061; x_wconf 72' lang='grc' dir='ltr'><strong>ἢ</strong></span> <span class='ocrx_word' id='word_1_725' title='bbox 3526 4998 3701 5071; x_wconf 82' lang='grc' dir='ltr'>τυροῦ,</span> <span class='ocrx_word' id='word_1_726' title='bbox 3762 4994 3852 5047; x_wconf 77' lang='grc' dir='ltr'><strong>καὶ</strong></span> 
     </span>
    </p>
   </div>
   <div class='ocr_carea' id='block_1_106' title="bbox 2203 5078 3855 5168">
    <p class='ocr_par' dir='ltr' id='par_1_106' title="bbox 2203 5078 3855 5168">
     <span class='ocr_line' id='line_1_106' title="bbox 2203 5078 3855 5168; baseline -0.005 -23"><span class='ocrx_word' id='word_1_727' title='bbox 2203 5088 2507 5168; x_wconf 84' lang='grc' dir='ltr'>μετεωρίσει</span> <span class='ocrx_word' id='word_1_728' title='bbox 2550 5088 2649 5157; x_wconf 75' lang='grc' dir='ltr'><strong>τήν</strong></span> <span class='ocrx_word' id='word_1_729' title='bbox 2691 5084 2920 5161; x_wconf 77' lang='grc' dir='ltr'>ὑποψίαν</span> <span class='ocrx_word' id='word_1_730' title='bbox 2977 5081 3044 5140; x_wconf 82' lang='grc' dir='ltr'><strong>δι’</strong></span> <span class='ocrx_word' id='word_1_731' title='bbox 3102 5082 3436 5163; x_wconf 76' lang='grc' dir='ltr'>ἐγκρατείας,</span> <span class='ocrx_word' id='word_1_732' title='bbox 3497 5081 3558 5138; x_wconf 70' lang='grc' dir='ltr'>οὗ</span> <span class='ocrx_word' id='word_1_733' title='bbox 3614 5081 3725 5157; x_wconf 75' lang='grc' dir='ltr'>μὴν</span> <span class='ocrx_word' id='word_1_734' title='bbox 3767 5078 3855 5137; x_wconf 76' lang='grc' dir='ltr'><strong>διὰ</strong></span> 
     </span>
    </p>
   </div>
   <div class='ocr_carea' id='block_1_107' title="bbox 1798 5252 2526 5321">
    <p class='ocr_par' dir='ltr' id='par_1_107' title="bbox 1798 5252 2526 5321">
     <span class='ocr_line' id='line_1_107' title="bbox 1798 5252 2526 5321; baseline -0.007 0"><span class='ocrx_word' id='word_1_735' title='bbox 1798 5256 2053 5321; x_wconf 77' lang='lat' dir='ltr'><strong>VARLE</strong></span> <span class='ocrx_word' id='word_1_736' title='bbox 2096 5252 2526 5320; x_wconf 84' lang='lat' dir='ltr'><strong>LECTIONES.</strong></span> 
     </span>
    </p>
   </div>
   <div class='ocr_carea' id='block_1_108' title="bbox 543 5351 1066 5434">
    <p class='ocr_par' dir='ltr' id='par_1_108' title="bbox 543 5351 1066 5434">
     <span class='ocr_line' id='line_1_108' title="bbox 543 5351 1066 5434; baseline 0.017 -24"><span class='ocrx_word' id='word_1_737' title='bbox 543 5351 609 5403; x_wconf 73' lang='grc'><strong>49</strong></span> <span class='ocrx_word' id='word_1_738' title='bbox 638 5351 1066 5434; x_wconf 74' lang='grc' dir='ltr'>διακαινησίμου.</span> 
     </span>
    </p>
   </div>
   <div class='ocr_carea' id='block_1_109' title="bbox 540 5461 3859 5557">
    <p class='ocr_par' dir='ltr' id='par_1_109' title="bbox 540 5461 3859 5557">
     <span class='ocr_line' id='line_1_109' title="bbox 540 5461 3859 5557; baseline -0.004 -21"><span class='ocrx_word' id='word_1_739' title='bbox 540 5493 569 5536; x_wconf 77' lang='grc' dir='ltr'>ιι</span> <span class='ocrx_word' id='word_1_740' title='bbox 598 5490 736 5557; x_wconf 63' lang='lat' dir='ltr'><strong>cum</strong></span> <span class='ocrx_word' id='word_1_741' title='bbox 765 5492 944 5539; x_wconf 78' lang='lat' dir='ltr'><strong>omne</strong></span> <span class='ocrx_word' id='word_1_742' title='bbox 971 5492 1122 5557; x_wconf 82' lang='lat' dir='ltr'><strong>opus</strong></span> <span class='ocrx_word' id='word_1_743' title='bbox 1149 5479 1619 5557; x_wconf 78' lang='lat' dir='ltr'><strong>negotiatorum,</strong></span> <span class='ocrx_word' id='word_1_744' title='bbox 1649 5480 1706 5537; x_wconf 86' lang='lat' dir='ltr'><strong>et</strong></span> <span class='ocrx_word' id='word_1_745' title='bbox 1735 5474 2005 5557; x_wconf 59' lang='lat' dir='ltr'><strong>ipsorum</strong></span> <span class='ocrx_word' id='word_1_746' title='bbox 2033 5486 2262 5552; x_wconf 82' lang='lat' dir='ltr'><strong>quoque</strong></span> <span class='ocrx_word' id='word_1_747' title='bbox 2317 5467 2728 5557; x_wconf 63' lang='lat' dir='ltr'><strong>agricolarum</strong></span> <span class='ocrx_word' id='word_1_748' title='bbox 2779 5471 2985 5557; x_wconf 71' lang='lat' dir='ltr'><strong>cesset,</strong></span> <span class='ocrx_word' id='word_1_749' title='bbox 3017 5468 3099 5557; x_wconf 37' lang='grc' dir='ltr'>,ιιι</span> <span class='ocrx_word' id='word_1_750' title='bbox 3127 5461 3359 5557; x_wconf 68' lang='lat' dir='ltr'><strong>dictum</strong></span> <span class='ocrx_word' id='word_1_751' title='bbox 3386 5467 3499 5536; x_wconf 79' lang='lat' dir='ltr'><strong>est,</strong></span> <span class='ocrx_word' id='word_1_752' title='bbox 3530 5477 3859 5557; x_wconf 62' lang='lat' dir='ltr'><strong>cautesque</strong></span> 
     </span>
    </p>
   </div>
   <div class='ocr_carea' id='block_1_110' title="bbox 456 5540 3855 5637">
    <p class='ocr_par' dir='ltr' id='par_1_110' title="bbox 456 5540 3855 5637">
     <span class='ocr_line' id='line_1_110' title="bbox 456 5540 3855 5637; baseline -0.003 -23"><span class='ocrx_word' id='word_1_753' title='bbox 456 5552 525 5615; x_wconf 82' lang='lat' dir='ltr'><strong>in</strong></span> <span class='ocrx_word' id='word_1_754' title='bbox 554 5540 1114 5637; x_wconf 65' lang='lat' dir='ltr'><strong>ecclesiisverséﬁ.</strong></span> <span class='ocrx_word' id='word_1_755' title='bbox 1146 5570 1160 5614; x_wconf 90' lang='lat' dir='ltr'><strong>t</strong></span> <span class='ocrx_word' id='word_1_756' title='bbox 1187 5540 1669 5637; x_wconf 64' lang='lat' dir='ltr'><strong>résplenduisse:</strong></span> <span class='ocrx_word' id='word_1_757' title='bbox 1704 5540 1782 5637; x_wconf 57' lang='lat' dir='ltr'><strong>ne</strong></span> <span class='ocrx_word' id='word_1_758' title='bbox 1811 5540 2203 5637; x_wconf 60' lang='lat' dir='ltr'><strong>quidem&#39;eos,</strong></span> <span class='ocrx_word' id='word_1_759' title='bbox 2239 5540 2730 5637; x_wconf 59' lang='lat' dir='ltr'><strong>qai&#39;balnearum</strong></span> <span class='ocrx_word' id='word_1_760' title='bbox 2781 5546 3067 5610; x_wconf 65' lang='lat' dir='ltr'><strong>(actuaria</strong></span> <span class='ocrx_word' id='word_1_761' title='bbox 3111 5550 3166 5606; x_wconf 80' lang='lat' dir='ltr'><strong>et</strong></span> <span class='ocrx_word' id='word_1_762' title='bbox 3216 5542 3495 5624; x_wconf 85' lang='lat' dir='ltr'><strong>lavacra,</strong></span> <span class='ocrx_word' id='word_1_763' title='bbox 3527 5548 3583 5605; x_wconf 79' lang='lat' dir='ltr'><strong>et</strong></span> <span class='ocrx_word' id='word_1_764' title='bbox 3612 5540 3855 5622; x_wconf 79' lang='lat' dir='ltr'><strong>reliqua</strong></span> 
     </span>
    </p>
   </div>
   <div class='ocr_carea' id='block_1_111' title="bbox 456 5627 2441 5719">
    <p class='ocr_par' dir='ltr' id='par_1_111' title="bbox 456 5627 2441 5719">
     <span class='ocr_line' id='line_1_111' title="bbox 456 5627 2441 5719; baseline -0.003 -22"><span class='ocrx_word' id='word_1_765' title='bbox 456 5636 744 5714; x_wconf 77' lang='lat' dir='ltr'><strong>tractant,</strong></span> <span class='ocrx_word' id='word_1_766' title='bbox 779 5635 875 5700; x_wconf 81' lang='lat' dir='ltr'><strong>his</strong></span> <span class='ocrx_word' id='word_1_767' title='bbox 905 5653 1123 5719; x_wconf 78' lang='lat' dir='ltr'><strong>operas</strong></span> <span class='ocrx_word' id='word_1_768' title='bbox 1150 5627 1298 5701; x_wconf 71' lang='lat' dir='ltr'><strong>suas</strong></span> <span class='ocrx_word' id='word_1_769' title='bbox 1316 5639 1626 5717; x_wconf 71' lang='lat' dir='ltr'><strong>[actumst</strong></span> <span class='ocrx_word' id='word_1_770' title='bbox 1660 5627 1865 5700; x_wconf 71' lang='lat' dir='ltr'><strong>violat.</strong></span> <span class='ocrx_word' id='word_1_771' title='bbox 1900 5634 1926 5675; x_wconf 72' lang='grc' dir='ltr'><strong><em>κ</em></strong></span> <span class='ocrx_word' id='word_1_772' title='bbox 1953 5627 2266 5697; x_wconf 71' lang='lat' dir='ltr'><strong>violemus</strong></span> <span class='ocrx_word' id='word_1_773' title='bbox 2295 5627 2441 5693; x_wconf 68' lang='lat' dir='ltr'><strong>hara.</strong></span> 
     </span>
    </p>
   </div>
  </div>
