4160 6212
347 373 491 436 1081

1670 368 2390 437 GRECO-ROMANUM.

3563 372 3724 440 1082

330 503 681 584 ἀδδηφαγίας.
761 503 908 562 Κατὰ
949 500 1003 558 δ“;
1072 503 1170 570 τὴν
1230 501 1492 580 ἑϐδομάδα
1552 509 1650 572 τῆς
1697 501 1968 572 διακινησίε

2079 505 2256 566 viem.
2292 503 2677 566 Hebdomade
2707 512 2902 567 autem
2953 504 3376 586 antipaschalis
3407 507 3536 570 sine
3563 511 3725 590 peri-

327 616 430 669 μου
457 591 521 643 50
573 589 859 656 ἀκινδύνως
919 593 1394 672 κρεωφαγήσομεν,

325 681 568 762 τετράδα,
628 683 718 740 καὶ
779 684 1142 763 παρασκευήν,

325 774 654 854 κυριώνυμος
696 773 758 854 τδ
802 774 1144 852 ἱπταήμερον
1171 782 1327 832 τοῦτο
1356 771 1646 848 διάστημα.

409 860 601 943 Ἐρώτ.
670 851 776 941 νγ’.
841 865 904 919 Αἱ
962 851 1205 930 νηστεται
1261 862 1358 931 τῆς
1416 862 1602 941 ἑορτῆς
1644 863 1750 918 τῶν
1823 863 1986 940 ἁγίων

1481 593 1617 650 κατὰ
1673 591 1774 660 τὴν
1830 592 1968 661 αὕτη.

2074 591 2207 655 culo
2241 593 2522 656 carnibus
2576 612 2890 657 vescamur
2947 595 3008 656 in
3041 596 3173 676 ejus
3223 597 3501 660 Mercurii
3535 597 3633 661 die
3667 610 3725 662 et

1245 673 1337 749 Ὠς
1407 685 1500 758 μία
1577 683 1676 762 γὰρ
1729 680 1968 763 λογίζετα

2071 681 2348 748 Veneris.
2383 682 2528 746 Nam
2563 702 2670 766 pro
2699 703 2818 745 uno
2845 682 2942 746 die
2974 673 3284 750 Dominico
3328 677 3581 751 habetur
3611 691 3724 754 hoc

2070 781 2298 853 septem
2332 772 2569 835 dierum
2597 772 2993 837 intervallum.

2149 862 2374 927 Interr.
2398 862 2474 928 53
2491 862 2729 944 Jejunia
2750 862 2866 924 diei
2889 863 3020 925 festi
3044 862 3394 926 Sanctorum
3416 863 3724 946 Apostolo-

328 951 663 1027 ἀποστόλων,
721 950 816 1009 καῖ
888 957 987 1019 τῆς
1062 953 1289 1032 Χριστοῦ
1363 954 1688 1032 γεννήσεως,
1744 951 1832 1008 καὶ
1886 959 1968 1021 τῆι

2067 968 2224 1027 rum,
2260 961 2317 1014 et
2344 951 2568 1014 Natalis
2626 951 2868 1026 Christi,
2902 961 2960 1014 et
3004 951 3480 1016 Obdormitionis
3509 964 3724 1020 sancta;

327 1043 635 1114 κοιμήσεως
691 1047 789 1108 τῆν
845 1041 997 1120 ἁγίας
1057 1042 1338 1117 Θεοτόκου,
1397 1043 1486 1100 καὶ
1559 1048 1650 1100 τοῦ
1705 1046 1978 1125 Σωτῆρος,

327 1129 676 1210 ἁπαραίτητοί
704 1132 855 1207 εἰσιν,
887 1131 923 1199 ἢ
956 1130 1330 1210 συγχωρητέαι
1375 1131 1462 1188 καὶ
1488 1129 1756 1210 ἀδιάφοροι
1788 1149 1804 1210 ;

406 1218 599 1284 Ἀπόκ,
704 1210 766 1275 Ἠ
859 1220 956 1295 μὲν
1036 1218 1090 1275 ἐν
1205 1217 1754 1279 Κωνσταντινουπόλει
1858 1220 1978 1298 ἁγία

321 1307 532 1374 σύνοδος
607 1307 692 1365 ἐπὶ
771 1313 877 1366 τῶν
987 1310 1200 1388 ἡμερῶν
1286 1311 1380 1368 τοῦ
1432 1309 1726 1388 ἁγιωτάτου
1782 1308 1978 1366 ἐκείνου

316 1398 836 1478 πατριάρχου.......
892 1396 1224 1477 ἐρωτηθεῖσα
1271 1399 1316 1455 εὶ
1364 1398 1475 1478 χρὴ
1518 1397 1620 1464 τὴν
1669 1396 1723 1452 ἐν
1752 1404 1828 1472 τῷ
1874 1399 1980 1455 Αύ-

315 1487 523 1565 γούστῳ
595 1487 838 1555 νηστείαν
897 1485 1185 1561 ἐπιτελεῖν,
1271 1485 1648 1566 ἀπελογήσατο
1717 1487 1789 1551 ὡς
1845 1486 1978 1554 αὕτη

315 1578 350 1644 ἡ
383 1576 598 1642 νηστεία
679 1575 954 1652 μετετέθη,
1017 1575 1101 1632 διὰ
1150 1579 1212 1633 τὸ
1283 1577 1360 1652 μὴ
1444 1577 1775 1654 περιπίπτειν
1856 1589 1978 1641 ταῖς

320 1666 459 1723 κατὰ
489 1667 580 1722 τὸν
633 1667 813 1744 καιρὸν
884 1675 1068 1725 τοῦτον
1117 1665 1419 1744 γινομέναις
1476 1663 1707 1728 ἐθνικαῖς
1761 1669 1976 1732 νηστεί-

317 1776 424 1818 αις.
476 1753 624 1822 Πλὴν
666 1755 755 1811 καὶ
786 1753 860 1810 ἔτι
892 1752 1081 1811 πολλοὶ
1135 1757 1242 1811 τῶν
1298 1754 1586 1834 ἀνθρώπων
1642 1755 1838 1822 ταύτην
1881 1757 1978 1822 τὴν

317 1842 564 1909 νηστείαν
633 1843 996 1909 νηστεύουσιν.
1085 1833 1277 1918 Ἠμεϊς
1356 1833 1433 1921 δέ,
1494 1843 1856 1912 σκοπήσαντες
1913 1843 1978 1899 τὰ

315 1931 441 2010 περὶ
514 1932 720 2008 τούτου,
780 1930 1202 2013 ἀπολογούμεθα,
1275 1932 1356 1988 ὅτι
1433 1931 1484 1998 ἐξ
1541 1931 1778 2010 ἀνάγκης
1850 1955 1976 2012 προ-

315 2028 567 2099 ηγοῦνται
599 2034 842 2088 νηστεῒαι
892 2023 994 2101 πρὸ
1035 2028 1140 2078 τῶν
1184 2021 1452 2102 τεσσάρων
1501 2022 1698 2078 τούτων
1727 2021 1919 2100 ἑορτῶν
1954 2042 1970 2058 ⁸

314 2107 477 2186 ἣγουν
507 2109 607 2186 πρὸ
637 2109 732 2177 τῆς
792 2109 978 2187 ἑορτῆς
1041 2115 1147 2166 τῶν
1203 2101 1395 2189 Ἃγίων
1451 2106 1816 2190 Ἀποστόλων,
1876 2111 1971 2180 τῆς

315 2197 614 2267 Γεννήσεως
683 2205 776 2255 τοῦ
850 2205 1097 2278 Χριστοῦ,
1171 2205 1273 2267 τῆς
1357 2199 1838 2280 Μεταμορφώσεως
1879 2207 1972 2258 τοῦ

315 2285 539 2365 Χριστοῦ
594 2287 681 2344 καὶ
738 2295 870 2344 Θεου
936 2290 1116 2364 ἡμῶν,
1194 2289 1283 2345 καὶ
1339 2289 1439 2355 τῆς
1510 2289 1827 2366 Κοιμήσεως
1868 2294 1968 2357 τῆς

314 2375 465 2454 ἁγίας
532 2376 760 2433 Θετόκου
791 2396 804 2410 ·
864 2375 1004 2444 πλὴν
1090 2379 1441 2458 ἑπταήμεροι,
1500 2379 1605 2434 Μία
1691 2378 1792 2458 γὰρ
1849 2400 1972 2434 τεσ-

316 2467 776 2546 σαρακονθήμερος
834 2467 1050 2534 νηστεία
1105 2466 1266 2542 ἐστὶν,
1314 2469 1348 2537 ἡ
1406 2469 1496 2524 τοῦ
1552 2467 1704 2546 ἁγίου
1745 2467 1832 2523 καὶ
1867 2490 1972 2543 με-

313 2551 480 2632 γάλου
524 2555 739 2636 Πάσχα.
788 2557 846 2613 Εἰ
903 2553 958 2612 δέ
985 2578 1067 2621 τις
1122 2557 1210 2613 καὶ
1259 2556 1420 2614 πλέον
1479 2563 1584 2613 τῶν
1641 2555 1776 2613 ἐπτὰ
1843 2559 1975 2632 ἡμε-

311 2649 416 2722 ρῶν
444 2644 579 2701 κατὰ
621 2647 718 2714 την
747 2646 932 2725 ἑορτὴν
960 2647 1066 2703 τῶν
1099 2636 1660 2725 ἈγίωνηἊποστόλων
1708 2645 1804 2702 καί
1837 2647 1971 2704 κατὰ

312 2733 413 2800 τὴν
483 2733 671 2812 ἑορτὴν
741 2739 839 2801 τῆς
895 2735 1212 2806 Γηννήσεως
1268 2746 1360 2796 τοῦ
1417 2743 1642 2816 Χριστοῦ
1703 2736 1966 2816 νηστεύει,

309 2821 346 2890 ἢ
391 2821 583 2899 ἑκοντὶ,
647 2821 683 2887 ἢ
743 2823 848 2880 ἁπὸ
889 2832 1210 2903 κτητορικοῦ
1276 2831 1497 2883 τυπικοῦ
1554 2823 1966 2901 συνωθούμενος,

309 2911 368 2968 ού
422 2914 958 2992 καταισχυνθήσεται.
1028 2905 1226 2978 υΟπως
1285 2909 1340 2970 δὲ
1397 2914 1486 2970 καὶ
1529 2911 1668 2969 διατί
1695 2915 1796 2993 πρὸ
1840 2913 1966 2970 ἐκά-

309 3022 441 3068 στης
518 3001 720 3058 τούτων
815 3010 922 3059 τῶν
1003 3004 1270 3082 τεσσάρων
1355 3003 1551 3082 ἑορτῶν
1630 3003 1964 3081 ἑπταήμερον

2068 1040 2336 1122 Deiparaa
2367 1049 2428 1104 et
2459 1041 2809 1116 Servatoris,
2847 1041 3274 1105 inexcusabilia
3294 1054 3456 1124 sunt,
3487 1063 3561 1106 an
3591 1063 3720 1127 per-

2068 1129 2356 1192 mittenda
2387 1139 2445 1193 et
2467 1129 2870 1193 indiﬂ'erentia
2894 1135 2919 1190 ?

2145 1221 2318 1300 Resp.
2339 1219 2986 1302 ConstantinOpolitana
2999 1219 3238 1300 quidem
3255 1225 3720 1304 sanctasynodus

2064 1307 2121 1368 in
2150 1307 2363 1370 diebus
2393 1309 2757 1371 sanctissimi
2790 1309 2950 1371 illius
2983 1308 3435 1390 patriarchae...
3473 1311 3719 1376 interro-

2061 1405 2210 1475 gata,
2247 1416 2320 1459 an
2358 1406 2629 1478 oporteat
2661 1399 2906 1478 Augusti
2964 1398 3186 1461 mensis
3211 1399 3508 1479 jejunium
3537 1403 3717 1482 perti-
3777 1449 3790 1456 ν

2061 1505 2197 1547 cere
2227 1488 2246 1530 ί
2282 1487 2656 1568 :respondit,
2697 1488 3070 1569 irljejunium
3122 1498 3410 1550 mutatum
3455 1509 3608 1562 esse,
3643 1513 3717 1556 ne

2061 1594 2192 1636 cum
2227 1575 2466 1656 paganis
2489 1577 2742 1657 jejuniis
2798 1597 2928 1658 quae.
2983 1580 3195 1640 eodem
3241 1587 3509 1659 tempore
3543 1581 3713 1657 fiunt,

2059 1673 2391 1727 concurrat.
2429 1666 2594 1728 Multi
2615 1674 2812 1728 tamen
2831 1667 3103 1728 homines
3127 1665 3184 1728 id
3204 1667 3499 1747 jejunium
3525 1669 3716 1732 adhuc

2061 1751 2400 1816 observant.
2436 1753 2553 1816 Nos
2587 1764 2780 1817 autem
2815 1774 2950 1817 eum
2987 1775 3074 1817 ea.
3111 1775 3242 1837 quae
3271 1756 3344 1817 ad
3380 1757 3492 1818 hoc
3525 1758 3712 1839 perti-

2063 1852 2223 1918 nent,
2251 1843 2850 1919 consideraverimus,
2875 1844 3253 1906 defendimus
3261 1845 3490 1925 jejunia
3513 1865 3712 1910 neces-

2056 1932 2214 1993 sario
2239 1933 2577 2013 praecedere
2590 1935 2714 1995 haec
2737 1942 2990 2015 quatuor
3011 1934 3175 1995 festa:
3194 1933 3474 1996 nimirum
3494 1935 3705 1998 festum

2054 2021 2403 2084 Sanctorum
2455 2023 2895 2103 Apostolorum,
2953 2022 3172 2084 Natalis
3220 2023 3456 2095 Christi,
3492 2024 3713 2088 Trans-

2051 2107 2422 2172 formationis
2455 2109 2674 2174 Christi
2701 2119 2756 2173 et
2782 2111 2888 2173 Dei
2923 2111 3131 2185 nostri,
3168 2121 3226 2173 et
3247 2110 3715 2176 Obdormitionis

2051 2207 2270 2260 sanctae
2291 2198 2395 2261 Dei
2404 2218 2585 2281 paras,
2611 2200 2715 2262 sed
2737 2207 2960 2262 tantum
2980 2209 3208 2281 septem
3227 2200 3489 2266 dierum.
3515 2201 3710 2265 Unum

2049 2288 2209 2350 enim
2229 2301 2318 2351 est
2342 2289 2726 2371 quadraginta
2750 2291 2979 2352 dierum
2997 2290 3295 2371 jejunium
3313 2292 3570 2355 sanctict
3595 2311 3709 2355 ma-

2053 2377 2156 2458 gni
2189 2379 2511 2443 Paschatis.
2547 2379 2712 2453 Quod
2738 2381 2787 2440 si
2811 2379 2944 2462 quis
2992 2380 3302 2461 plusquam
3326 2389 3551 2463 septem
3575 2383 3706 2445 die-

2056 2465 2168 2528 bus
2197 2467 2356 2530 circa
2374 2469 2586 2530 festum
2606 2468 2953 2532 Sanctorum
2981 2468 3398 2550 Apostolorum
3422 2471 3706 2534 etfestum

2058 2555 2268 2617 natalis
2293 2557 2511 2619 Christi
2542 2557 2799 2638 jejunet,
2832 2575 2936 2618 seu
2971 2566 3202 2636 sponte,
3237 2577 3342 2620 seu
3372 2577 3405 2620 a
3433 2559 3707 2623 fundato-

2057 2643 2145 2707 ria
2173 2647 2376 2726 regula
2399 2661 2439 2690 ιη
2465 2645 2773 2729 impulsus.
2823 2665 2940 2708 non
2972 2647 3418 2728 vituperabitur.
3452 2648 3706 2721 Quomo-

2051 2735 2125 2797 do
2139 2745 2426 2807 autem,et
2445 2748 2687 2820 propter
2704 2739 2843 2820 quid
2860 2747 2994 2800 ante
3018 2740 3479 2821 unumquodque
3493 2741 3703 2804 horum

2049 2835 2302 2906 quatuor
2327 2827 2611 2889 festorum
2639 2828 2918 2908 jejunare
2949 2826 3298 2902 debeamus,
3340 2828 3700 2893 declaratum

2049 2914 2108 2974 in
2140 2915 2405 2996 synodali
2437 2915 2764 2991 decisione,
2831 2916 2905 2978 de
2965 2935 3034 2978 eo
3091 2935 3124 2978 a
3155 2915 3326 2978 nobis
3359 2917 3536 2982 facta.
3589 2919 3703 2993 Qni

2047 3002 2223 3081 igitur
2253 3005 2659 3086 nonjejunant
2680 3013 2818 3067 ante
2844 3004 3312 3086 unumquodque
3336 3006 3547 3068 horum
3565 3027 3701 3088 qua-

311 3090 565 3157 νηστείαν
614 3088 666 3157 ἐξ
721 3091 959 3171 ἀνάγκης
1016 3093 1283 3161 νηστεύειν
1353 3090 1654 3173 ὀφείλομεν,
1723 3089 1962 3159 ἐδηλώθη

2073 3111 2178 3154 uor
2199 3093 2636 3171 festorumjsine
2659 3093 2780 3156 ulla
2801 3094 3045 3156 omnino
3069 3094 3453 3158 excusatione
3473 3098 3699 3178 magnis

308 3177 390 3237 ἐν,
430 3186 508 3254 τῷ
561 3179 802 3260 γεγονότι
859 3178 984 3261 παρ’
1038 3184 1194 3258 ἡμῶν
1249 3181 1406 3262 χάριν
1477 3181 1660 3238 τούτου
1716 3178 1969 3256 συνοδικῷ

2052 3182 2528 3244 emendabuntur
2557 3183 2780 3264 poenis.

308 3269 480 3344 τόμῳ.
516 3272 575 3327 Οἱ
619 3277 743 3349 γοῦν
791 3271 869 3346 μὴ
920 3272 1260 3339 νηστεύοντες
1328 3272 1430 3350 πρὸ
1500 3271 1726 3337 ἑκάστης
1794 3271 1992 3327 τούτων
2033 3279 2140 3328 τῶν
2200 3273 2461 3351 τεσσάρων
2520 3275 2716 3352 ἑορτῶν
2771 3274 2904 3329 κατὰ
2961 3275 3020 3330 τὸ
3071 3273 3245 3340 πάντη
3299 3271 3686 3354 ἀπαραίτητον,

311 3356 380 3416 δι’
412 3359 690 3437 ἐπιτιμίων
721 3359 968 3439 μεγάλων
998 3359 1456 3440 διορθωθήσονται.

391 3447 582 3529 Ἐρών.
629 3448 703 3505 νδ’
760 3453 820 3508 Οἱ
875 3450 1013 3506 κατὰ
1068 3450 1260 3515 ταύτας
1328 3451 1422 3513 τὰς
1481 3447 1724 3516 νηστείας
1777 3446 1963 3527 ἐγκρα-

307 3538 602 3614 τευόμενοι,
663 3540 794 3617 πρὸς
851 3537 906 3594 δὲ
1013 3541 1101 3596 καὶ
1185 3542 1232 3594 οἱ
1329 3538 1466 3595 κατὰ
1548 3540 1641 3602 τὰς
1709 3535 1960 3616 τετράδας

306 3628 392 3682 καὶ
440 3629 774 3706 παρασκευὰς
847 3625 1287 3708 ξηροφαγοῦντες,
1347 3628 1820 3708 ἐκχωρηθήσονται
1879 3624 1961 3682 διὰ

309 3713 550 3793 δευτέρας
633 3717 897 3796 τραπέζης
981 3720 1293 3795 θεραπεῦσαι
1376 3718 1477 3785 τὴν
1559 3725 1653 3776 τοῦ
1712 3717 1958 3793 σώματος

306 3803 529 3885 ἔνδειαν,
560 3805 596 3874 ἢ
627 3807 685 3863 οὔ
717 3825 733 3887 ς

387 3892 581 3958 Ἀπόκ,
629 3895 812 3974 Κυρίος
843 3898 877 3965 ἡ
911 3894 1210 3976 ἐγκράτεια,
1286 3895 1502 3964 νηστεία
1544 3893 1682 3952 ἐστίν
1717 3911 1730 3926 ⁸
1764 3892 1844 3950 ὅτι
1874 3893 1961 3950 καὶ

307 3984 655 4059 παθοκτόνος,
731 3987 824 4042 οὒκ
892 3985 1321 4065 ἀνθρωποκτόνος
1383 3983 1651 4042 καλεῖται.
1729 3985 1786 4042 Εἰ
1839 3989 1962 4062 γοῦν

306 4073 352 4127 οἱ
417 4070 875 4153 ἐγκρατευόμενοι,
936 4072 1020 4130 διὰ
1089 4075 1336 4132 συστάσιν
1407 4081 1498 4131 τοῦ
1555 4073 1804 4150 σώματος
1876 4065 1962 4128 καὶ

303 4159 541 4240 δευτέρας
618 4161 884 4241 τραπέζης
968 4162 1248 4239 δεηθῶσιν,
1363 4168 1423 4222 0-3
1519 4161 1965 4242 προκριματισθή·

2128 3450 2349 3512 lnlerr.
2385 3449 2482 3513 54.
2519 3448 2629 3522 Qui
2663 3449 2755 3511 his
2798 3449 3050 3531 jejuniis
3080 3450 3459 3513 continenter
3487 3460 3692 3533 agunt,

2047 3537 2252 3600 adhazc
2275 3547 2331 3600 et
2351 3537 2567 3600 diebus
2591 3539 2868 3600 Mercurii
2894 3546 2952 3600 et
2971 3539 3221 3602 Veneris
3243 3539 3427 3601 aridis
3449 3559 3694 3603 vescun-

2045 3633 2160 3700 tur,
2193 3627 2464 3688 sinentur
2488 3645 2592 3706 per
2613 3628 3024 3689 secundariam
3051 3646 3314 3690 mensam
3339 3647 3546 3692 curare
3566 3647 3695 3701 cor-

2044 3715 2208 3796 poris
2235 3715 2645 3796 indigentiam,
2677 3735 2872 3778 annon
2894 3717 2925 3777 ἱ)

2127 3895 2299 3975 Resp.
2350 3893 2599 3974 Proprie
2628 3894 3014 3968 continentia,
3045 3895 3343 3975 jejunium
3396 3904 3524 3974 est;
3560 3898 3696 3981 quia

2045 3991 2103 4046 et
2133 3983 2487 4059 aﬂ‘ecticida,
2525 4003 2640 4045 non
2673 3983 2970 4046 homicida
2998 3993 3257 4061 vocatur,
3297 3984 3357 4048 Si
3399 4005 3563 4065 ergo,
3595 3988 3696 4070 qui

2050 4073 2424 4134 continenter
2478 4071 2724 4149 vivunt,‘
2755 4073 2826 4134 ad
2891 4072 3156 4155 corporis
3205 4078 3694 4140 sustrntatiouem

2045 4161 2395 4224 secundaria
2448 4181 2650 4222 mensa
2710 4161 3034 4242 indigeant,
3105 4164 3514 4245 prmjudicium
3576 4186 3695 4229 non

302 4272 500 4308 σονται,
568 4252 784 4316 Πάντως
844 4253 942 4331 γὰρ
999 4254 1086 4310 καὶ
1143 4254 1286 4312 αὑτοὶ
1343 4253 1440 4320 τὴν
1499 4252 1795 4330 ὁλοήμερον
1867 4253 1962 4309 οὒκ

2066 4251 2364 4313 iatientur.
2389 4250 2535 4312 Nam
2564 4269 2668 4311 nec
2696 4251 2754 4312 hi
2781 4260 2899 4311 tota
2944 4250 3042 4316 die
3075 4253 3504 4315 continentiam
3538 4255 3692 4317 infa-

299 4339 642 4414 ἆτιμάσουσιν
732 4341 1060 4420 ἐγκράτειαν,
1133 4341 1221 4400 διὰ
1319 4341 1597 4418 ἐσπερινῆς
1682 4339 1954 4420 ἁκρασίκς.

303 4435 473 4485 Τοῦτο
505 4427 568 4485 δα
592 4431 936 4506 ποιήσαντες,
978 4430 1476 4506 ἐπιτιμηθήσονται.

392 4512 583 4595 Ἐρώτ.
645 4509 744 4581 νε’,
822 4520 967 4577 Κατὰ
1037 4520 1135 4586 τὴν
1205 4519 1520 4599 παραμονὴν
1578 4523 1676 4586 τῆς
1759 4517 1817 4574 ἐκ
1872 4539 1961 4573 νε-

307 4609 446 4683 κρῶν
491 4605 744 4685 ἐγέρσεως
802 4616 895 4664 τοῦ
964 4606 1162 4664 δικαίου
1220 4610 1482 4690 Λαζάρου,
1540 4610 1628 4664 καὶ
1685 4608 1821 4664 κατὰ
1863 4607 1963 4674 τὴν

308 4691 494 4771 ἑορτὴν
539 4701 645 4750 τῶν
714 4696 888 4774 Αγίων
943 4696 1370 4776 Τεσσαράκοντα,
1425 4695 1706 4760 ἀκινδύνως
1757 4693 1962 4751 τελειαν

307 4780 594 4861 ἱερουργίαν
687 4786 1014 4864 ἱερουργήσει
1095 4807 1202 4864 τις,
1259 4784 1295 4854 ἢ
1354 4784 1462 4868 οὕ;
1550 4776 1819 4848 Ὡσαύτως
1877 4785 1964 4839 καὶ

303 4871 440 4927 κατὰ
481 4873 581 4938 τὴν
639 4871 772 4939 ὃλην
827 4875 978 4951 ἁγίαν
1039 4876 1476 4954 Τεσσαρακοστὴν
1535 4873 1702 4940 ἔξεστι
1766 4873 1959 4949 βαπτί-

300 4966 430 5032 ζειν,
511 4960 548 5028 ἢ
633 4959 925 5040 ἱερολογίας
997 4962 1186 5041 γάμων
1253 4966 1339 5021 καὶ
1397 4969 1696 5041 μνηστειῶν
1756 4975 1954 5035 ποιεῖν,

301 5046 479 5128 ﬁcii;

385 5127 576 5198 Ἀπόκ.
614 5127 705 5196 ’Πν
745 5128 756 5147 ’
781 5139 955 5196 κανὼν
980 5145 1078 5209 τῆς
1122 5142 1174 5200 ἐν
1205 5149 1281 5218 τῷ
1311 5141 1555 5219 Τρούλλῳ
1591 5141 1684 5200 τοῦ
1713 5135 1948 5218 μεγάλου

2045 4339 2286 4401 mabunt
2313 4359 2418 4420 per
2448 4339 2937 4402 incontinentiam
2974 4350 3318 4403 nocturnam
3350 4354 3397 4404 ιι.
3435 4343 3495 4404 Id
3529 4344 3689 4404 enim

2049 4429 2099 4489 si
2130 4429 2403 4501 fecerint,
2440 4429 2895 4490 cocrccbuntur.

2124 4517 2355 4580 lnierr.
2401 4519 2497 4581 55.
2566 4521 2627 4581 In
2687 4521 3096 4598 expertat‘one
3153 4518 3612 4580 resurrectionis
3659 4539 3692 4582 a

2051 4607 2300 4668 mortuis
2325 4607 2470 4688 justi
2503 4606 2726 4670 Lazari.
2761 4616 2818 4668 et
2867 4608 2925 4668 in
2970 4608 3116 4668 festo
3149 4606 3499 4669 Sanctorum
3527 4607 3687 4680 Qua-

2045 4694 2338 4775 draginta,
2375 4696 2500 4757 sine
2529 4695 2791 4775 periculo
2812 4695 3168 4756 sacriﬁcium
3193 4694 3480 4776 quispiam
3503 4697 3693 4777 perfe-

2049 4792 2206 4844 ctum
2243 4783 2590 4858 celebraLit,
2650 4785 2898 4845 annon?
2932 4785 3158 4847 l‘ariter
3218 4795 3272 4846 et
3327 4793 3442 4845 lota
3491 4795 3692 4850 santta

2051 4872 2437 4951 Quadragena
2498 4873 2633 4934 licet
2708 4871 3024 4954 baptizare,
3089 4882 3186 4936 aut
3245 4874 3692 4940 benedictiones

2044 4960 2378 5042 nuptiarum.
2415 4960 2962 5044 sponsaliorumque
2991 4963 3209 5041 facere,
3242 4981 3437 5025 annon
3464 4965 3489 5026 ’ί

2113 5137 2289 5220 Resp.
2320 5137 2858 5220 Quinquagesimus
2871 5140 3169 5203 secundus
3184 5160 3369 5204 canon
3387 5151 3602 5207 sanctae
3631 5152 3690 5207 et

1626 5303 1884 5372 VARIE
1927 5303 2364 5371 LECTIONES.

386 5435 450 5489 50
475 5436 901 5516 διακαινησίμου.

387 5571 409 5669 μ
444 5571 728 5669 Αμθιιειο.
744 5585 973 5669 imae,
1001 5577 1307 5669 jejunium
1325 5582 1595 5669 servaret
1619 5597 1636 5638 :
1660 5588 1698 5618 ιι
1719 5594 1828 5640 seu
1849 5594 1886 5640 a
1909 5577 2269 5669 municipali
2287 5577 2824 5669 quodamdecreto.
2862 5592 2890 5622 η
2913 5579 3175 5669 Gemino
3196 5588 3392 5644 tamen
3427 5597 3537 5645 nec
3566 5583 3684 5669 ipsi

306 5656 436 5716 tota
463 5653 566 5716 die
591 5655 1020 5720 continuatam.
1037 5653 1531 5741 temperantiam,
1556 5674 1668 5740 per
1693 5661 2103 5740 vespertinam
2134 5653 2675 5741 intemperantiam
2701 5658 3152 5741 deformabunt,
