4160 6212
449 249 602 318 1083

1802 255 1933 320 JUS
1977 248 2427 317 CANONICUM

3677 248 3831 315 1084

439 383 830 447 mcumenicaa
877 385 1110 467 synodi,
1143 387 1202 448 in
1243 386 1444 450 Trullo
1478 387 1684 465 magni
1718 385 1914 466 palatii
1935 403 2112 449 con-.

2199 386 2428 447 ταλατίου
2508 387 2770 454 συστάσης
2828 387 2979 466 ἁγίας
3040 387 3124 443 καὶ
3177 387 3550 462 οίκουμενιχῆς
3583 382 3831 463 συνόδου,

443 479 729 554 gregatae,
783 474 910 536 haec
950 474 1072 538 ait:
1102 473 1168 536 In
1199 474 1476 537 omnibus
1507 483 1730 538 sanctae
1753 475 2098 557 Quadrage-

453 563 619 626 simae
669 563 885 644 jejunii
934 563 1169 638 diebus,
1232 572 1448 645 praeter
1501 583 1676 646 quam
1729 563 2008 641 Sabbato,
2041 572 2102 628 et

458 652 796 732 Dominico,
821 661 878 714 et
894 661 1096 715 sancto
1121 653 1602 716 Annuntiationis
1623 653 2102 729 die,ﬁatsacrum

459 742 1078 822 priesanctiﬁcatorum
1121 742 1578 805 'ministerium.
1640 743 1712 805 Et
1767 744 1842 807 49
1913 761 2103 806 canon

455 831 802 894 Laodicenaa
827 832 1034 914 synodi
1062 833 1188 894 haec
1207 834 1473 896 enuntiat
1503 851 1516 896 :
1551 832 1718 906 Quod
1734 852 1850 894 non
1873 840 2104 914 oportet

454 920 515 982 in
547 920 1010 1001 Quadragesima
1053 941 1266 1002 panem
1317 924 1551 997 oﬁ‘erre,
1585 922 1703 984 nisi
1733 921 2012 1003 Sabbato,
2047 930 2106 983 et

453 1009 597 1070 solis
651 1008 1001 1076 Dominicis.
1066 1019 1125 1072 et
1180 1013 1244 1075 51
1312 1031 1504 1073 canon
1567 1010 1835 1091 ejusdem
1894 1010 2102 1092 synodi

455 1098 683 1180 inquit:
725 1098 892 1172 Quod
955 1119 1074 1161 non
1105 1109 1334 1182 oportet
1363 1103 1422 1161 in
1456 1101 1917 1181 Quadragesima
1949 1119 2103 1162 mar-

459 1196 647 1268 tyrum
680 1189 906 1251 natales
939 1207 1247 1270 peragere,
1281 1189 1384 1252 sed
1411 1198 1752 1251 sanctorum
1783 1196 2103 1270 martyrum

457 1276 654 1338 facere
683 1277 1360 1340 commemorationesin
1383 1278 1653 1341 Sabbatis
1675 1288 1731 1339 et
1756 1278 2104 1353 Dominicis,

458 1364 530 1427 Et
553 1364 630 1425 52
650 1365 765 1427 ait:
804 1365 969 1438 Quod
994 1385 1112 1428 non
1145 1375 1380 1447 oportet
1409 1367 1469 1428 in
1513 1367 1974 1446 Quadragesima
2003 1387 2104 1428 nu-

461 1455 636 1535 ptias,
667 1455 756 1516 vel
789 1455 1052 1516 natalitia
1098 1456 1428 1519 celebrare.
1479 1456 1757 1536 Ejusdem
1791 1457 1997 1536 synodi
2035 1457 2113 1520 45

463 1546 878 1626 complectitur
911 1564 924 1606 :
952 1546 1117 1619 Quod
1154 1567 1270 1609 non
1294 1557 1526 1628 oportet
1554 1557 1682 1627 post
1712 1549 1856 1609 duas
1876 1547 2108 1609 hebdo-

466 1635 668 1696 madas
699 1635 1172 1713 Quadragesimze
1225 1636 1295 1697 ad
1331 1637 1821 1699 illuminationem
1853 1636 2108 1700 admitti.

2182 476 2346 534 ταῦτά
2387 498 2548 556 φησιν
2583 495 2596 510 ·
2653 475 2743 534 Ἐν
2784 476 2980 540 πάσαις
3011 475 3135 542 ταῖς
3177 480 3277 544 τῆς
3349 474 3500 553 ἁγίας
3557 483 3834 553 Τέσσαρα-

2181 567 2380 632 κοστῆς
2435 572 2542 622 τῶν
2593 570 2851 632 νηστειῶν
2905 564 3153 646 ἡμέραις,
3211 562 3373 644 παρὲξ
3416 559 3690 620 Σαϐϐάτου
3747 563 3836 619 καὶ

2188 654 2475 736 Κυριακῆς,
2522 655 2610 710 καὶ
2654 660 2753 723 τῆς
2795 654 2948 733 ἁγίας
3004 661 3096 712 τοῦ
3150 651 3549 732 Εὖαγγελισμοῦ
3603 651 3833 730 ἡμέρας,

2184 747 2219 814 ἡ
2289 745 2394 800 τῶν
2468 745 2915 823 προηγιασμένων
2995 746 3146 822 ἱερῶν
3232 742 3527 822 λειτουργία
3581 740 3831 820 γινέσθω.

2189 835 2284 892 Καὶ
2328 837 2356 890 ὁ
2387 822 2477 910 μθ’
2502 822 2600 900 τῆς
2631 822 2635 823 ν
2661 834 2714 890 ἐν
2772 831 3049 907 Λαοδικείᾳ
3106 831 3319 891 συνόδου
3375 839 3540 890 ταῦτα
3569 829 3836 908 διέξεισιν,

2184 921 2264 979 ὅτι
2297 922 2369 982 Οὔ
2420 921 2504 980 δεῖ
2574 930 2642 1000 τῇ
2695 929 3106 1002 Τεσσαρακοστῇ
3163 921 3320 1001 ἄρτον
3388 919 3725 1002 προσφέρειν,
3796 921 3841 974 εἰ

2185 1013 2262 1088 μὴ
2333 1011 2385 1068 ἐν
2431 997 2688 1086 Σαϐϐάτῳ
2741 1015 2828 1070 καὶ
2871 997 3117 1090 κυριακῇ
3147 997 3334 1088 μόνον,
3398 997 3494 1069 Κῖαὶ
3541 997 3839 1066 δναἋια-

2185 1103 2286 1159 νὼν
2317 1103 2415 1169 τῆς
2446 1102 2606 1170 αὒτῆς
2636 1099 2848 1159 συνόδου
2873 1103 3053 1182 φησὶν,
3087 1101 3167 1157 ὅτι
3197 1100 3270 1158 Οὒ
3315 1099 3398 1156 δεῖ
3440 1107 3508 1176 τῇ
3561 1108 3838 1175 Τεσσαραο

2185 1197 2354 1268 κοστῇ
2426 1193 2698 1271 μαρτύρων
2773 1189 3009 1270 γένέθλία
3080 1189 3287 1264 τελεῖν,
3364 1187 3501 1245 ἀλλὰ
3562 1189 3655 1252 τὰς
3729 1194 3839 1244 τῶν

2188 1281 2350 1359 ἁγίων
2421 1281 2694 1360 μαρτύρων
2764 1282 2978 1358 μνήμας
3035 1280 3214 1360 ποιεῖν
3293 1279 3346 1336 ἐν
3417 1291 3534 1341 τοῖς
3603 1275 3842 1334 Σάόὄασι

2191 1358 2280 1426 καὶ
2306 1384 2428 1433 ταῖς
2466 1358 2779 1450 Κυρι-ακαῖς.
2815 1371 2912 1428 Καὶ
2955 1373 2983 1427 ὁ
3012 1358 3096 1446 νβ’
3121 1367 3292 1447 λέγει,
3345 1367 3426 1425 ὅτι
3455 1371 3528 1426 Ob
3555 1365 3649 1450 δεῖ⁸
3681 1366 3734 1424 ἒν

2193 1444 2598 1536 Τεσσαρακοστῇ
2645 1459 2844 1537 γάμους
2891 1457 2927 1527 ἢ
2971 1444 3209 1537 γενέθλια
3280 1455 3567 1518 ἐπιτελεῖν.
3636 1447 3695 1514 ι0
3753 1444 3850 1531 με’

2192 1551 2290 1614 τῆς
2322 1547 2483 1615 αὐτῆς
2526 1546 2740 1604 συνόδου
2799 1545 3143 1622 διαλαμϐάνει
3201 1546 3280 1604 ὅτι
3325 1549 3384 1604 οὒ
3439 1542 3522 1602 δεῖ
3567 1546 3702 1620 μετὰ
3755 1544 3850 1600 δύο

2197 1633 2482 1712 ἑϐδομάδας
2541 1641 2636 1704 τῆς
2707 1642 3140 1716 Τεσσαρακοστῆς
3205 1635 3449 1716 δέχεσθαι
3504 1635 3577 1698 είς
3632 1637 3695 1690 τὸ
3723 1635 3849 1715 φώ-

465 1722 578 1796 Qui
611 1724 790 1803 igitur
840 1733 1045 1786 contra
1104 1727 1312 1787 horum
1367 1735 1633 1788 tenorem
1667 1727 1885 1787 faciunt
1919 1725 2109 1807 bapti-

2199 1748 2379 1802 τισμα.
2414 1728 2474 1784 Οἱ
2515 1735 2640 1806 γοῦν
2694 1737 2965 1791 ποιοῦντες
3022 1727 3165 1805 παρὰ
3213 1726 3311 1793 τὴν
3365 1724 3565 1781 τούτων
3621 1723 3814 1802 περίλη

466 1822 674 1886 smata,
709 1814 797 1876 vel
832 1813 1123 1895 nuptiales
1181 1815 1627 1876 benedictiones
1679 1817 1737 1876 in
1767 1824 1884 1876 tota
1911 1824 2112 1878 sancta

470 1921 680 1982 magna
711 1902 1113 1983 Quadragena,
1172 1905 1260 1965 vel
1314 1904 1598 1985 perfectas
1629 1905 1852 1966 hostias
1883 1905 2113 1967 sacriﬁ-

467 1999 693 2068 cantes,
717 2002 964 2074 excepto
1017 1994 1144 2054 solo
1166 1992 1445 2074 Sabbato,
1486 2007 1540 2055 et
1568 1993 1663 2055 die
1694 1993 2024 2070 Dominico,
2057 2001 2115 2055 et

469 2082 966 2161 cvangelizatione
998 2083 1270 2165 P,injuste
1284 2083 1823 2164 agunt,etgravibus
1837 2085 2116 2145 emenda-

471 2169 692 2232 buntur
723 2173 938 2252 ptenis,
975 2174 1131 2254 quod
1164 2192 1232 2234 ea
1261 2172 1690 2244 commiserint,
1725 2191 1852 2253 quae
1885 2174 2111 2234 veniam

469 2279 588 2321 non
622 2271 953 2326 merentur.
988 2261 1326 2325 Canonibus
1373 2280 1516 2323 sane
1569 2262 1874 2324 deﬁnitum
1909 2270 2021 2334 est,
2054 2263 2114 2324 in

471 2368 687 2426 magno
741 2351 991 2414 Sabbato
1054 2351 1407 2431 baptismata
1459 2351 1587 2414 ﬁeri
1664 2351 1829 2424 Quod
1881 2352 1929 2413 si
1983 2353 2116 2414 vitae

470 2440 660 2502 exitus
718 2450 924 2522 urgeat
1000 2442 1183 2503 divini
1257 2441 1626 2523 baptismatis
1700 2442 2112 2518 initiationem,

473 2527 768 2590 lavacrum
795 2529 1194 2605 exhibebitur,
1219 2531 1396 2593 etiam
1424 2531 1540 2593 alio
1563 2531 1658 2593 die
1689 2531 2114 2611 Quadragenae.

470 2615 614 2678 Nam
647 2627 702 2679 et
733 2618 829 2692 iis,
851 2619 950 2700 qui
981 2620 1052 2681 ad
1082 2629 1409 2682 extremum
1439 2629 1791 2682 coercentur
1819 2633 1866 2695 αι,
1903 2635 1960 2682 et
1983 2640 2119 2704 per-

474 2713 649 2785 petua
701 2710 1317 2771 excommunicatione
1375 2711 1633 2770 damnati
1692 2719 1853 2790 sunt,
1917 2713 2122 2773 mortis

475 2794 790 2857 auxiliatur
817 2797 1194 2874 mysterium,
1229 2798 1299 2859 ad
1333 2807 1670 2860 sanctorum
1706 2799 2116 2880 mysteriorum

477 2882 986 2965 participationem
999 2934 1012 2946 .

553 2972 774 3037 Interr.
810 2975 907 3036 56.
944 2975 1086 3036 Sine
1107 2975 1368 3056 periculo
1394 2976 1538 3038 ﬁunt
1560 2976 1964 3038 ordinationes
1982 2977 2113 3040 sub-

475 3059 883 3137 diaconorum,
915 3052 1322 3140 diaconorum,
1357 3066 1754 3140 sacerdotum,
1791 3075 1847 3126 et
1879 3052 2178 3147 pontiﬁ-C

476 3169 609 3211 cum
645 3153 704 3213 in
731 3161 932 3215 sancta
963 3161 1024 3217 et
1055 3173 1262 3236 magna
1295 3156 1702 3238 Quadragena,
1729 3175 1924 3218 annon
1950 3156 1982 3217 ?

557 3330 732 3413 Resp.
759 3335 1096 3397 Canonibus
1125 3342 1404 3397 statutum
1431 3343 1519 3398 est
1559 3335 1646 3417 (ut
1669 3336 1942 3416 superius
1963 3335 2121 3397 dixi-

2197 1821 2290 1892 ψιν
2319 1817 2680 1897 βαπτίσματα,
2737 1816 2774 1885 ἢ
2830 1815 3121 1895 ἱερολογίας
3166 1815 3422 1894 γαμικὰς,
3483 1811 3552 1869 δι’
3580 1812 3712 1880 ὅλης
3743 1819 3848 1880 τῆς

2194 1905 2346 1984 ἁγίας
2432 1903 2671 1984 μεγάλης
2759 1910 3218 1984 Τεσσαρακοστῆς,
3291 1903 3326 1972 ἢ
3409 1901 3611 1966 τελείας
3665 1903 3849 1964 θυσίας

2193 1999 2598 2076 ἱερουργοῦντες,
2661 1993 2782 2052 ἄνευ
2855 1995 3017 2071 μόνου
3074 2001 3166 2051 τοῦ
3237 1989 3510 2048 Σαϐϐάτου
3590 1992 3678 2048 καὶ
3748 1995 3851 2057 τῆς

2198 2085 2456 2162 Κυριακῆς
2487 2097 2586 2142 καῖ
2610 2091 2704 2141 τοῦ
2731 2082 3149 2163 Εὖαγγελισμοῦ,
3202 2086 3588 2160 παρανομοῦσι,
3647 2079 3736 2135 καῖ
3771 2079 3842 2136 δι’

2197 2173 2474 2250 ἐπιτιμίων
2547 2173 2794 2252 μεγάλων
2854 2172 3316 2254 διορθωθησονται,
3373 2171 3446 2236 ὡς
3502 2170 3852 2248 ἀσύγγνωστα

2197 2261 2690 2339 πλεμμελήσαντες.
2776 2263 2922 2322 Κατὰ
2991 2261 3170 2338 μέντοι
3245 2261 3305 2316 τὸ
3381 2259 3520 2338 μέγα
3575 2257 3852 2314 Σάϐϐατω

2196 2354 2558 2410 κεκανόνισται
2631 2353 2695 2408 τὰ
2763 2353 3100 2428 βαπτίσματα
3171 2349 3421 2429 γίνεσθαι.
3481 2350 3539 2405 Ei
3597 2346 3651 2404 δὲ
3709 2369 3853 2403 κατ-

2199 2443 2392 2522 επείγει
2450 2445 2547 2510 τὴν
2599 2449 2692 2499 τοῦ
2745 2443 2879 2498 θείου
2949 2441 3312 2517 βαπτίσματος
3389 2435 3610 2504 τελετὴν
3662 2438 3699 2505 ἡ
3758 2448 3855 2496 τοῦ

2199 2531 2312 2608 βίου
2344 2532 2685 2606 μετάστασις,
2728 2531 3006 2609 γενήσεται
3075 2529 3348 2605 βάπτισμα
3404 2529 3492 2583 καὶ
3562 2524 3676 2583 καθ’
3722 2527 3848 2584 ἑτέ-

2202 2643 2293 2700 ραν
2337 2621 2537 2701 ἡμέραν
2565 2625 2663 2690 τῆς
2719 2623 3154 2698 Τεσσαρακοστῆς
3191 2637 3206 2651 ·
3255 2616 3334 2672 ὅτι
3391 2617 3479 2672 καὶ
3534 2629 3652 2678 τοῖς
3680 2614 3855 2696 ἐσχά-

2203 2733 2305 2776 τως
2342 2710 2703 2786 ἐπιτιμηθεῖσι
2772 2711 2860 2765 καὶ
2912 2706 3265 2779 ἁκοινωνησίᾳ
3311 2709 3670 2784 κατακριθεῖσι
3715 2727 3853 2760 παν-

2203 2811 2351 2856 τελεῖ
2391 2802 2452 2855 τὸ
2481 2807 2572 2856 τοῦ
2599 2799 2818 2856 θανάτου
2849 2799 3132 2876 μυστήριον
3187 2797 3378 2873 βοηθεῖ
3414 2796 3543 2873 πρὸς
3596 2797 3694 2862 τὴν
3740 2803 3852 2852 τῶν

2202 2888 2364 2967 ἁγίων
2388 2889 2684 2967 μυστηρίων
2716 2887 3039 2963 μετάληψιν,

2281 2975 2474 3057 Ἐρώτ,
2560 2967 2693 3051 vg“.
2783 2973 3088 3040 Ἀκινδύνως
3207 2974 3435 3053 γίνονται
3527 2974 3854 3053 χειροτονίαι

2204 3071 2337 3125 κατὰ
2383 3069 2481 3136 τὴν
2527 3067 2678 3146 ἁγίαν
2757 3068 2841 3122 καὶ
2931 3062 3172 3143 μεγάλην
3243 3063 3682 3143 Τεσσαρακοστήν
3742 3070 3851 3118 τῶν

2201 3155 2584 3231 ῦποδιακόνων,
2642 3162 2747 3213 τῶν
2818 3153 3099 3228 διακόνων,
3187 3160 3292 3210 τῶν
3379 3152 3562 3232 ἱερέων
3616 3153 3852 3208 καὶτῶν

2202 3247 2520 3326 ἁρχιεράων,
2552 3246 2587 3314 ἣ
2618 3247 2676 3302 οὔ
2703 3263 2718 3317 ;

2285 3334 2474 3400 Ἀπόκ,
2537 3335 2910 3393 Κεκανόνισται
2965 3335 3156 3406 (καθὼς
3211 3331 3404 3388 ἄνωθεν
3477 3327 3711 3409 εἴρηται)
3777 3331 3856 3406 μὴ

477 3424 638 3492 mus)
663 3441 739 3485 ne
788 3425 1044 3504 perfecta
1099 3423 1451 3486 sacriﬁcatio
1498 3425 1598 3486 ﬁat
1631 3434 1752 3487 t~to
1783 3425 1861 3489 40
1891 3423 2112 3486 dierum

2203 3425 2431 3504 γίνεσθαι
2500 3423 2702 3481 τελείαν
2759 3421 3132 3502 ἱεροτελεστίαν
3191 3419 3258 3478 δι’
3314 3418 3446 3487 ὃλης
3502 3424 3600 3487 τῆς
3652 3441 3856 3475 τεσσα-

466 3509 727 3590 jejunio,
762 3515 1025 3594 exceptis
1075 3513 1218 3574 solis
1275 3512 1566 3588 Sabbatis,
1604 3523 1659 3574 et
1691 3513 2035 3588 Dominicis,
2065 3521 2112 3576 et

2209 3513 2598 3595 ρακονθημέρου
2653 3512 2918 3592 νηστείας,
2977 3509 3098 3568 ἄνευ
3170 3511 3344 3588 μόνων
3403 3515 3508 3566 τῶν
3567 3505 3860 3564 Σαϐϐάτων

475 3599 623 3661 fasto
655 3600 1200 3680 Evangelizationis.
1251 3602 1359 3666 His
1388 3604 1588 3682 itaque
1619 3601 1848 3673 diebus,
1885 3602 2112 3684 quando

2202 3607 2420 3661 καὶτῶν
2461 3603 2750 3681 Κυριακῶν,
2785 3601 2874 3657 καὶ
2915 3606 3014 3668 τῆς
3057 3601 3246 3680 ἑορτῆς
3294 3605 3386 3655 τοῦ
3431 3595 3856 3676 Εῦαγγελισμοῦ.

480 3689 1092 3770 πιγειίοαλοοηεθεηιίε
1111 3691 1344 3753 victima
1369 3691 1692 3773 perﬁcitur,
1717 3691 2112 3753 ordinationes

2209 3695 2302 3750 Διὸ
2330 3694 2465 3749 κατὰ
2523 3691 2618 3767 μὲν
2675 3691 2770 3754 τὰς
2812 3689 3017 3769 ἡμέρας
3085 3689 3302 3760 ταύτας,
3349 3686 3437 3743 ὅτε
3480 3687 3568 3742 καὶ
3625 3686 3859 3761 μυστικῆ

479 3777 627 3839 citra
659 3778 843 3840 ullum
877 3781 1106 3843 crimen
1139 3781 1285 3842 ﬁunt
1315 3801 1328 3839 :
1364 3780 1591 3842 caeteris
1612 3791 1810 3844 autem
1830 3781 2112 3862 jejunato

2205 3784 2590 3861 τετελειωμένη
2640 3784 2787 3840 θυσία
2843 3779 3108 3855 τελεῖται,
3171 3780 3486 3857 γεκήσονται
3539 3777 3863 3856 χειροτονίαι

477 3865 584 3926 riis
614 3866 850 3944 diebus,
885 3869 1123 3949 quando
1175 3869 1437 3949 perfecta
1487 3871 1837 3932 sacriﬁcatio
1889 3889 2006 3931 non
2037 3871 2112 3943 fit.

2206 3877 2342 3933 κατὰ
2368 3875 2429 3931 τὸ
2487 3873 2660 3938 πάντη
2718 3871 3100 3950 ἁκρεμάτιστον
3135 3888 3152 3907 ⁶
3226 3867 3281 3923 ἐν
3335 3865 3390 3923 δὲ
3442 3879 3565 3931 ταῖς
3634 3864 3859 3930 λοιπαῖς

479 3971 594 4017 nec
622 3955 916 4017 ordinatio
938 3957 1116 4020 ullius
1152 3975 1384 4031 eorum,
1437 3957 1536 4037 qui
1565 3958 1734 4019 altari
1766 3958 2112 4037 ministrant,

2209 3962 2485 4038 νηστίμοις
2553 3959 2797 4038 ἡμέραις,
2871 3957 2958 4015 ὅτε
3005 3957 3179 4014 τελεία
3222 3954 3570 4035 ἱεροτελεστία
3619 3955 3681 4010 οῦ
3707 3953 3860 4031 γίνε-

483 4043 785 4124 multoque
806 4044 1000 4106 minus
1019 4045 1372 4127 episcopalis
1396 4045 1758 4126 perﬁcietur.
1786 4045 2090 4110 Ordinatio

2211 4075 2320 4121 ται,
2381 4049 2494 4108 οῦδὲ
2525 4049 2826 4129 χειροτονία
2866 4050 3009 4112 τινὸς
3060 4053 3164 4105 τῶν
3216 4053 3307 4103 τοῦ
3357 4046 3621 4122 βήματος,
3671 4041 3863 4117 πολλῷ

483 4131 643 4193 enim
675 4141 765 4194 est
794 4133 1014 4214 publici
1065 4143 1387 4197 conventus
1438 4142 1690 4215 tempus,
1745 4144 1804 4197 et
1833 4135 2112 4215 gloriﬁca-

2211 4139 2265 4196 δὲ
2295 4139 2457 4197 πλέον
2515 4138 2836 4205 ἐπισκοπικὴ
2899 4136 3295 4206 τελεσθήσεται.
3349 4135 3449 4193 Καὶ
3487 4135 3522 4201 ἡ
3555 4132 3861 4212 χειροτονία

481 4220 661 4283 tionis
721 4224 848 4302 Dei,
923 4223 1117 4304 dignis
1196 4223 1488 4303 elargiens
1570 4224 1866 4306 spiritales
1939 4225 2112 4306 digni-

2211 4230 2310 4308 γὰρ
2373 4225 2715 4306 πανηγύρεως
2774 4230 2888 4283 ἔστι
2942 4227 3144 4306 καιρὸς,
3199 4225 3287 4280 καὶ
3341 4221 3638 4300 δοξολογίας
3698 4229 3858 4296 Θεοῦ,

485 4317 632 4373 tates
2153 4363 2192 4397 η
2211 4331 2327 4382 τοῖς
2359 4317 2518 4384 ἀξίοις
2562 4315 2890 4397 χαριζομένη
2919 4314 3248 4390 πνευματικὰ
3276 4310 3574 4388 ἀξιώματα.

564 4401 799 4466 Interr.
831 4405 930 4466 57.
964 4403 1182 4477 Qumin
1217 4401 1441 4466 sanctis
1473 4403 1574 4464 Dei
1607 4403 1884 4466 Ecclesiis
1915 4403 1986 4466 ab
2015 4402 2112 4465 ali-

2291 4405 2483 4486 Ἐρώτ.
2537 4395 2649 4482 ’
2689 4407 2764 4464 Τὰ
2821 4404 2876 4461 ἐν
2935 4404 3062 4468 ταῖς
3118 4403 3294 4481 ἁγίαις
3335 4408 3428 4458 τοῦ
3507 4406 3638 4456 Θεοῦ
3720 4395 3863 4456 Ἐκ-

482 4489 695 4570 quibus
752 4493 1081 4555 offeruntur
1136 4513 1234 4557 res
1285 4492 1752 4574 qualescunque,
1809 4494 1900 4556 vel
1950 4491 2112 4553 etiam

2209 4493 2454 4562 χλησῖαις
2527 4497 2668 4576 παρά
2723 4516 2878 4551 τινων
2934 4490 3329 4573 προσφερόμενα
3373 4486 3642 4558 οίαδήτινα
3712 4489 3861 4565 πρά-

482 4579 702 4654 edulia,
744 4581 817 4642 ad
876 4583 995 4643 ullo
1048 4583 1418 4664 accipientur
1460 4593 1501 4658 ⁸,
1532 4592 1590 4644 et
1633 4602 1839 4644 eorum
1894 4581 2112 4642 tribue-

2209 4605 2410 4662 γματα,
2443 4582 2478 4652 ἢ
2525 4586 2611 4642 καὶ
2657 4583 2888 4664 τρωκτὰ,
2961 4581 3101 4659 παρὰ
3157 4579 3295 4644 τίνος
3352 4576 3704 4657 δέχθήσονται
3761 4578 3862 4632 καὶ

486 4676 580 4729 tur
607 4669 896 4732 licentia?
943 4671 1084 4734 Item
1118 4663 1270 4754 quae,
1325 4683 1382 4734 et
1427 4673 1622 4756 qualia
1653 4681 1790 4734 sunt
1820 4669 2112 4733 canonica.

2210 4671 2744 4752 ἒξουσιασθήσοντσις
2820 4672 2916 4729 Καὶ
2958 4669 3095 4743 τίνα,
3141 4669 3229 4725 καὶ
3282 4667 3416 4723 ποῖά
3471 4666 3570 4722 εἶσι
3612 4665 3678 4720 τὰ
3721 4663 3863 4730 ἐτη-

483 4776 619 4835 quae
647 4759 1054 4823 sacerdotibus
1103 4771 1160 4824 et
1191 4755 1568 4844 pontiﬁcibus
1608 4760 1927 4844 quotannis
1978 4760 2112 4822 dan-

2214 4761 2338 4825 σίιυς
2369 4759 2611 4838 διδόμενα
2664 4775 2780 4826 τοῖς
2845 4763 3059 4840 ἱερεῦσι,
3117 4759 3206 4814 καὶ
3273 4755 3574 4836 ἀρχιερεῦσι
3632 4775 3860 4810 κανονι-

488 4853 582 4907 tur
604 4851 632 4906 ?
2213 4849 2279 4906 κά
2310 4869 2328 4930 ς

567 4937 741 5018 Resp.
800 4942 992 5002 Aurea
1053 4940 1295 5022 quidem
1353 4950 1410 5004 et
1459 4951 1760 5021 argentea,
1823 4959 1956 5021 qua:
2009 4941 2112 5002 Det

2293 4939 2488 5001 Ἀπόκ.
2521 4940 2597 4999 Τὰ
2627 4939 2723 5017 μὲν
2750 4947 2828 5014 τῷ
2856 4947 2971 5016 Θεῷ
3023 4937 3395 5018 προσαγόμενα
3424 4938 3596 5022 χρυσᾶ
3635 4934 3726 5022 διαὶ
3759 4933 3870 5012 ἀρ-

485 5026 839 5102 offeruntur,
898 5048 1033 5091 vasa
1072 5018 1168 5092 vet
1223 5018 1636 5112 supellcctilia,
1699 5018 2112 5092 sine—domini

2216 5034 2347 5107 γυρᾶ
2376 5029 2539 5096 σκεύη
2584 5030 2673 5084 καὶ
2723 5027 2944 5104 ἔπιπλα,
3001 5026 3262 5084 ἀδέσποτά
3331 5026 3452 5104 είσι,
3496 5020 3594 5077 κᾶν
3643 5018 3727 5076 διὰ
3757 5028 3870 5078 τῶν

485 5120 662 5179 sunt‘
702 5164 719 5191 ,
756 5123 815 5179 et
846 5135 952 5199 per
986 5107 1449 5201 episcopos‘Deo
1480 5107 1929 5182 consecrantur.
1956 5117 2109 5179 Escu

2218 5117 2522 5174 ἐπισκόπων
2603 5118 2992 5198 προτφέρωνται
3076 5121 3154 5190 τῷ
3195 5119 3310 5186 Θεῷ
3342 5128 3358 5145 ⁸
3417 5112 3484 5168 τὰ
3550 5107 3611 5201 δὲ,
3655 5112 3872 5188 τρωκτὰ

487 5207 646 5269 lenta
703 5215 924 5289 autem,
984 5199 1043 5270 et
1092 5199 1414 5291 potulenta,
1479 5229 1610 5292 qua:
1652 5210 1821 5291 juxta
1882 5226 2104 5272 morem

2219 5209 2304 5267 καὶ
2330 5209 2468 5264 ποτὰ
2516 5208 2750 5278 συνήθως
2806 5207 2860 5264 ἐν
2890 5207 3126 5285 μνήμαις
3169 5204 3335 5285 ἁγίων
3387 5202 3472 5258 καὶ
3528 5199 3659 5279 ὑπὲρ
3703 5221 3861 5276 μνη-

1797 5376 2058 5443 VARUE
2101 5373 2418 5444 LEGTION
2430 5373 2541 5440 ES.

568 5544 593 5574 °
622 5535 705 5600 ad
723 5535 1118 5621 baptismum.
1145 5545 1232 5602 ret
1249 5539 1780 5621 Annuntiationis.
1805 5562 1831 5604 ει
1845 5542 1952 5621 qui
1972 5547 2242 5604 extreme
2260 5543 2672 5621 puniuntur.)
2689 5553 2836 5601 nam
2863 5543 2920 5600 et
2939 5533 3274 5621 ordinatio.
3293 5529 3879 5621 pytbticiconverttus

489 5626 576 5681 est
600 5614 851 5693 occasio,
885 5627 940 5682 et
968 5619 1386 5684 celebrationis
1422 5619 1554 5684 Dei.
1585 5640 1606 5669 ο
1633 5614 1894 5704 quonam
1923 5614 2308 5704 accipiuntur
2336 5628 2397 5686 et
2425 5618 2854 5686 retinebantur
2871 5621 2906 5681 ν
2931 5628 2952 5668 ι
2976 5617 3042 5681 in
3060 5614 3584 5681 nullius‘dominio
3609 5618 3778 5676 sunt.
