4160 6212
332 353 489 420 1085

1654 346 2371 425 GRIECO-ROMANUM.

3542 360 3695 427 1086

329 485 572 574 μοσύνων
642 486 1055 574 κατοιχομένων,
1092 488 1497 565 είσκομιζόμενα
1557 496 1634 564 τῷ
1701 498 1833 567 ναῷ,
1891 493 1978 548 καὶ

2071 499 2394 554 sanctorum
2431 492 2759 569 memoriis,
2795 501 2854 556 et
2887 511 2992 574 pro
3049 501 3418 556 mortuorum
3447 512 3707 557 comme-

329 573 395 631 τὰ
464 575 592 655 δπὲρ
650 579 900 657 ψυχικῶν
951 572 1235 633 διαδόσεων
1288 590 1410 643 ταῖς
1494 576 1801 646 ἐκκλησίαις
1841 581 1984 659 παρά

328 685 485 721 τινων
530 664 956 745 προσφερόμενα,
1013 678 1133 732 τοῖς
1191 664 1501 734 ἐπισκόποις
1557 665 1784 727 δίδοσθαι
1814 691 1981 727 κεκα-

331 752 587 829 νόνισται,
651 753 745 811 καί
786 755 929 833 παρὰ
989 755 1187 812 τούτων
1247 755 1377 836 πρός
1431 778 1491 813 τε
1531 758 1654 822 τοὺς
1696 758 1981 836 κληρικοὺς

334 843 423 900 καὶ
450 845 571 909 τοὺς
641 841 997 920 ξενιζομένους
1055 845 1142 904 καὶ
1184 842 1359 911 ἄλλως
1402 848 1785 915 πενητεύοντας
1834 846 1983 905 ἁδελ-

335 934 463 1013 φοὺς
504 932 905 1017 διαμερίζεσθαι,
940 935 1077 994 κατὰ
1124 938 1223 1003 τὴν
1266 935 1463 993 τούτων
1533 934 1810 1017 διάκρισιν,
1844 939 1985 1006 Φησὶ

335 1011 436 1100 γὰρ
464 1024 493 1079 ὁ
521 1011 577 1101 γ’
602 1011 776 1080 κανὼν
818 1028 924 1080 τῶν
966 1025 1130 1104 ἁγίων
1200 1021 1511 1082 ἀποστόλων
1538 1011 1703 1083 ταῦτα
1756 1027 1929 1105 ῥητῶς
1964 1042 1978 1057 ⁸

336 1110 406 1168 Εἴ
448 1133 527 1177 τις
580 1111 863 1179 ἐπίσκοπος
920 1113 956 1182 ἢ
1006 1110 1354 1195 πρεσϐύτερος
1410 1114 1553 1187 παρὰ
1593 1115 1693 1183 τὴν
1750 1122 1842 1173 τοῦ
1884 1126 1986 1174 Κυ-

338 1200 447 1280 ρίου
502 1199 730 1267 διάταξιν
782 1204 881 1272 τὴν
929 1204 1017 1260 ἐπὶ
1090 1209 1160 1281 τῇ
1226 1203 1373 1277 θυσίᾳ
1452 1204 1779 1284 προσενέγκῃ
1835 1204 1987 1285 ἕτερὰ

337 1312 455 1347 τινα
498 1289 584 1347 ἐπὶ
610 1292 672 1347 τὸ
740 1294 1131 1375 θυσιαστήριον,
1191 1295 1228 1362 ἢ
1299 1291 1443 1369 μέλι,
1502 1294 1538 1364 ἢ
1592 1293 1755 1376 γάλα,
1808 1296 1845 1364 ἢ
1873 1295 1987 1352 ἀντὶ

338 1377 487 1437 οἴνου
534 1385 713 1459 σίκερα
766 1380 1099 1458 ἐπιτηδευτᾶ,
1152 1381 1189 1451 ἢ
1237 1380 1399 1464 ὅρνις,
1495 1383 1531 1452 ἢ
1587 1383 1699 1456 ζῶά
1748 1406 1892 1458 τινα,
1949 1383 1984 1453 ἢ

338 1468 554 1550 ὄσπρια,
616 1472 758 1551 παρᾶ
837 1473 934 1541 τὴν
1018 1471 1267 1542 διάταξιν,
1379 1473 1722 1554 καθαιρείσθω
1754 1489 1770 1506 ⁸
1846 1472 1984 1541 πλὴν

337 1557 470 1615 νέων
512 1558 733 1640 χίδρων,
764 1568 843 1637 κῷ
884 1569 1049 1642 καιρῷ
1078 1565 1154 1637 τῷ
1223 1559 1410 1620 δέοντι.
1474 1563 1563 1631 Μὴ
1620 1561 1733 1629 ἐξὸν
1766 1561 1820 1618 δέ
1847 1561 1985 1619 ἔστω

336 1646 513 1728 ἕτερόν
557 1671 607 1706 τι
660 1651 1010 1730 προσάγεσθαι
1056 1653 1128 1717 εἰς
1185 1652 1246 1708 τὸ
1301 1652 1692 1732 θυσιαστήριον,
1742 1652 1777 1721 ἢ
1820 1654 1983 1728 μόνον

2069 578 2496 643 morationibus
2526 580 2866 644 inferuntur
2900 581 2960 643 in
2994 582 3305 665 templum,
3328 590 3541 665 etquae
3565 600 3709 664 pro-

2065 668 2423 733 animalibus
2452 669 2906 752 trajectionibus
2959 670 3232 734 ecclesiis
3258 684 3288 715 π
3314 670 3387 734 ab
3416 670 3715 754 aliquibus

2066 758 2414 834 offeruntur,
2470 759 2771 842 episcopis
2809 759 2937 823 dari
2967 763 3253 824 canonite
3282 768 3563 824 statutum
3595 771 3709 836 est,

2067 855 2127 909 et
2154 846 2228 909 ab
2253 847 2347 911 bis
2390 848 2667 911 distribui
2706 848 2767 911 in
2795 849 3047 913 clrricos
3079 850 3426 931 peregrinos
3456 848 3713 932 hospitio

2066 946 2367 1018 exceptos,
2394 947 2450 1000 et
2478 937 2741 1019 alioquin
2767 937 2965 1021 inopia
3012 958 3253 1021 pressos
3275 940 3508 1016 fratres,
3542 946 3717 1021 prout

2067 1025 2180 1107 ipsi
2205 1026 2624 1108 jndicaverint.
2651 1028 2915 1089 Citenim
2941 1028 3351 1091 tertiuscanon
3371 1036 3711 1091 sanctorum

2065 1117 2468 1197 apostolorum
2508 1119 2633 1181 haec
2664 1117 2991 1199 expressim
3044 1138 3058 1179 :
3116 1118 3180 1181 Si
3208 1119 3340 1201 quis
3370 1118 3708 1201 episcopus,

2064 1206 2156 1268 vel
2185 1207 2514 1288 presbyter,
2547 1218 2764 1286 praeter
2783 1207 3019 1273 Domini
3041 1207 3116 1271 de
3143 1207 3433 1270 sacriﬁcio
3464 1207 3710 1271 ordina-

2067 1295 2321 1376 tionem,
2353 1295 2467 1358 alia
2509 1295 2778 1375 quaedam
2812 1296 2883 1357 ad
2915 1296 3100 1359 altare
3130 1297 3415 1379 attulerit,
3449 1296 3589 1375 mel,
3618 1296 3706 1359 vel

2068 1383 2181 1465 lac,
2213 1384 2304 1446 vel
2328 1403 2432 1467 pro
2456 1385 2588 1447 vino
2614 1390 2866 1448 siceram
2901 1396 2949 1458 ',
2978 1386 3071 1448 vel
3101 1387 3391 1462 confecta,
3424 1387 3516 1449 vel
3547 1404 3708 1463 aves,

2064 1473 2154 1536 vel
2185 1473 2381 1556 aliqua
2407 1476 2707 1546 animalia,
2741 1476 2831 1538 vel
2867 1476 3183 1556 legumina,
3219 1483 3433 1557 praeter
3461 1475 3709 1537 ordina-

2066 1562 2315 1641 tionem,
2348 1563 2683 1646 deponatur
2720 1584 2734 1629 :
2771 1574 3163 1647 praeterquam
3194 1582 3344 1626 nova
3389 1563 3708 1645 legumina,

2065 1658 2337 1734 tempore
2360 1662 2713 1734 opportuno.
2746 1652 2833 1717 Ne
2860 1654 3036 1718 liceat
3066 1661 3265 1716 autem
3299 1653 3519 1735 aliquid
3552 1651 3711 1714 aliud

336 1737 512 1828 ἐλαιον
543 1741 616 1805 εἷς
672 1741 769 1808 τὴν
827 1738 1072 1822 λυχνίαν,
1127 1742 1215 1799 καὶ
1264 1741 1501 1818 θυμίαμα
1553 1748 1630 1817 τῷ
1679 1749 1847 1823 καιρῷ
1888 1748 1985 1811 τῆς

2071 1740 2139 1802 ad
2173 1742 2360 1804 altare
2409 1743 2646 1819 otl‘erre,
2706 1762 2883 1825 quam
2938 1745 3133 1806 oleum
3183 1743 3256 1804 ad
3301 1742 3618 1816 luminare,
3652 1748 3712 1803 et

334 1827 486 1907 ἁγίας
545 1835 846 1910 προσφορᾶς
881 1847 896 1861 ⁶
956 1832 991 1900 ἡ
1034 1829 1174 1900 ἄλλη
1217 1830 1273 1889 δὲ
1323 1837 1468 1889 πᾶσα
1511 1831 1694 1912 οπρώα
1724 1833 1796 1897 εἷς
1829 1832 1984 1890 οἶκον

2071 1830 2406 1912 incensum,
2475 1839 2741 1913 tempore
2812 1839 3031 1895 sanctae
3103 1830 3463 1894 oblationis.
3507 1828 3714 1894 Omnis

335 1916 765 1998 ἀποστελλέσθω,
822 1918 1046 2001 ἀπαρχὴ
1099 1927 1177 1996 τῷ
1232 1920 1508 1995 ἐπισκόπῳ
1559 1923 1648 1978 καὶ
1706 1933 1821 1987 τοῖς
1863 1943 1987 2001 πρε-

2071 1929 2265 1981 autem
2319 1920 2468 1982 alius
2522 1920 2749 1983 fructus
2808 1920 3052 1983 domum
3128 1918 3415 1995 mittatur,
3483 1924 3546 1978 ut
3594 1915 3716 1977 sint

340 2004 628 2088 σϐυτέροις,
679 2007 817 2067 ἀλλὰ
866 2008 944 2085 μὴ
1000 2010 1131 2089 πρὸς
1185 2011 1248 2068 τὸ
1292 2012 1679 2091 θυσιαστήριον.
1730 2009 1904 2079 Δῆλον
1933 2009 1988 2067 δὲ

2071 2006 2346 2088 primitiae
2390 2011 2694 2094 episcopo,
2728 2018 2787 2074 et
2834 2008 3215 2092 presbyteris.
3247 2007 3483 2069 Clarum
3509 2012 3712 2094 autem

340 2098 415 2161 ὡς
447 2099 475 2154 ὁ
517 2097 803 2164 ἐπίσκοπος
856 2100 945 2157 καὶ
985 2104 1033 2157 0i
1087 2098 1425 2182 πρεσϐύτεροι
1469 2100 1825 2180 ἐπιμερίσουσι
1863 2115 1985 2183 τοῖς

2071 2106 2179 2174 est,
2217 2098 2560 2181 episcopum
2595 2093 2653 2164 et
2677 2099 3052 2183 presbyteros
3073 2098 3362 2173 diaconis,
3391 2104 3449 2158 et
3469 2093 3714 2176 reliquis

342 2183 604 2271 διακόνοις
658 2189 748 2246 καὶ
801 2202 918 2254 τοῖς
988 2178 1203 2256 λοιποῖς
1259 2178 1564 2271 κληρικοῒς.
1625 2178 1724 2249 Καὶ
1764 2192 1794 2248 ὁ
1822 2178 1874 2261 ζ’
1898 2192 1986 2247 καὶ

2071 2178 2307 2250 clericis
2336 2178 2776 2252 distributuros.
2817 2178 2888 2252 Et
2920 2190 2952 2251 7
2983 2197 3044 2251 et
3072 2188 3111 2251 8
3159 2206 3349 2250 canon
3389 2184 3714 2262 Gangrenze

344 2278 373 2332 ὁ
415 2264 475 2342 η’
514 2277 688 2334 κανὼν
718 2283 815 2346 τῆς
843 2280 898 2335 ἐν
929 2278 1140 2359 Γάγγρᾳ
1184 2264 1398 2338 συνόδου
1440 2286 1603 2337 ταῦτα
1631 2278 1987 2359 παρακελεύε-

2071 2277 2427 2358 synodihzec
2452 2278 2749 2360 praecipit:
2784 2277 2846 2341 Si
2888 2278 3019 2360 quis
3044 2277 3164 2339 vult
3193 2278 3416 2339 fructus
3447 2272 3716 2336 ecclesiae.

342 2386 428 2421 ται
458 2384 471 2397 °
511 2366 578 2423 Εἴ
619 2389 698 2430 τις
756 2368 1112 2450 καρποφορίας
1162 2367 1326 2427 ἐθέλει
1368 2367 1681 2448 λαμϐάνειν,
1727 2369 1762 2439 ἢ
1793 2367 1988 2426 διδόναι

2071 2365 2302 2429 oblatos
2323 2367 2619 2450 accipere,
2653 2368 2744 2429 vel
2773 2369 2919 2431 dare
2950 2376 3112 2430 extra
3142 2364 3484 2438 eccleeiam,
3505 2368 3717 2444 praeter

345 2451 444 2519 ἔξω
497 2460 599 2523 τῆς
653 2454 957 2531 ἐκκλησίας,
1034 2458 1177 2538 παρὰ
1255 2458 1476 2538 γνώμην
1522 2466 1615 2517 τοῦ
1673 2457 1984 2531 ἐπισκόπου,

2075 2456 2341 2538 episcopi
2389 2457 2771 2533 sententiam,
2831 2455 2923 2519 vel
2982 2458 3134 2538 ejus,
3164 2455 3261 2519 cui
3312 2471 3455 2517 cura
3509 2468 3715 2513 eorum

342 2545 380 2614 ἥ
421 2551 515 2602 τοῦ
544 2544 1010 2626 ἐγκεχειρισμένου
1037 2549 1103 2603 τὰ
1156 2556 1395 2623 τοιαῦτα,
1442 2550 1531 2606 καὶ
1574 2550 1652 2626 μὴ
1694 2549 1829 2627 μετὰ
1855 2547 1988 2626 γνώ-

2074 2544 2286 2607 tradita
2342 2553 2453 2621 est,
2513 2555 2571 2608 et
2625 2566 2742 2608 non
2796 2566 2928 2608 cum
2980 2547 3108 2628 ejus
3153 2543 3450 2609 sententia
3478 2558 3550 2603 ea
3578 2539 3719 2628 velit

343 2657 454 2717 p.11;
513 2633 669 2694 αὐτοῦ
723 2634 887 2692 ἐθέλει
955 2637 1224 2717 πράττειν.
1283 2638 1517 2716 ἀνάθεμα
1587 2636 1746 2696 ἔστω.
1819 2636 1918 2698 Καὶ
1962 2639 1988 2694 ὁ

2071 2651 2273 2712 agere,
2304 2638 2382 2696 sit
2428 2636 2767 2698 anathema.
2792 2635 2863 2697 Et
2892 2637 2964 2697 7'2
2987 2626 3344 2717 apostolicus
3374 2626 3721 2717 canonihaac

345 2714 430 2801 οβ’
455 2724 809 2789 ἀποστολικὸς
840 2714 1011 2784 κανὼν
1040 2729 1203 2787 ταῦτά
1245 2750 1404 2811 φησιν
1437 2714 1452 2759 έ
1480 2726 1549 2787 Ei'
1597 2752 1677 2795 τις
1706 2728 1985 2808 κληρικὸς,

2071 2722 2151 2784 ait
2180 2740 2199 2784 :
2225 2721 2283 2786 Si
2306 2723 2441 2806 quis
2483 2724 2758 2800 clericus,
2812 2724 2900 2787 vel
2932 2714 3144 2801 laicus,
3172 2744 3206 2786 a
3235 2729 3438 2786 sancta
3468 2715 3724 2782 ecclesia

343 2812 381 2882 ἢ
410 2812 625 2891 λαϊκὸς,
659 2813 765 2870 ἀπὸ
805 2819 902 2882 τῆς
955 2816 1105 2895 ἁγίας
1160 2816 1444 2900 ἐκκλησίας
1500 2817 1793 2900 ἀφέλληται
1823 2819 1988 2897 κηρὸν

2071 2830 2269 2874 ceram
2298 2813 2389 2875 vel
2418 2813 2611 2877 oleum
2633 2815 2882 2889 auferat,
2922 2821 3286 2894 segregetur.
3310 2811 3384 2875 Et
3418 2810 3496 2875 73
3531 2824 3720 2869 canon

344 2902 381 2972 ἢ
410 2901 587 2960 ἔλαιον
633 2903 975 2985 ἀφοριζέσθω.
1036 2908 1135 2966 Καὶ
1190 2910 1218 2965 ὁ
1263 2898 1719 2988 ογ’κανὼν-λέγει
1752 2924 1766 2939 ⁶
1793 2915 1987 2970 Σκεῦος

2071 2902 2196 2964 ait:
2231 2901 2348 2964 Vas
2377 2921 2651 2978 aureum,
2682 2904 2770 2967 vel
2798 2913 3163 2983 argenteum.
3202 2904 3293 2966 vel
3315 2900 3510 2965 velum
3539 2913 3717 2960 sauc-

352 2999 581 3072 χρυσοῦν
652 2994 689 3063 ἢ
760 2994 1013 3075 ἀργυροῦν
1031 2997 1299 3077 ἁγιασθὶν,
1351 2998 1389 3068 ἢ
1435 2999 1645 3074 ὀθόνην,
1683 2995 1870 3075 μηδεὶς
1916 2998 1988 3061 εἷς

2074 2990 2386 3067 tiﬁcatum,
2424 3011 2598 3055 nemo
2629 2994 2884 3076 amplius
2903 2993 2964 3055 in
2983 3012 3156 3056 suum
3183 3010 3351 3055 usum
3376 2994 3715 3077 convertat:

341 3082 535 3139 οἰκείαν
590 3073 803 3164 χρῆσιν
842 3073 1219 3164 σφετεριζέσθω
1250 3073 1294 3117 ’⁷
1357 3073 1858 3168 παράνομονίγάρη
1932 3092 1988 3147 Ei

2078 3081 2191 3142 hoc
2221 3081 2379 3143 enim
2409 3083 2473 3143 ﬁt
2520 3073 2745 3164 praeter
2774 3083 2896 3164 jus,
2930 3091 2990 3146 et
3043 3091 3249 3145 contra
3280 3081 3461 3161 leges.
3496 3078 3560 3143 Si
3587 3073 3719 3159 quis

345 3169 400 3228 δέ
430 3193 510 3236 τις
540 3163 827 3253 φωραθείη,
870 3163 1197 3256 ἐπιτιμάσθω
1251 3163 1530 3256 ἀφορισμῷ
1568 3163 1572 3164 ν
1615 3166 1672 3234 Ὀ
1717 3163 1859 3232 δέ”ι’
1883 3198 1987 3232 κα-

2073 3178 2267 3232 autem
2299 3163 2705 3253 deprehensus
2735 3163 2932 3249 fuerit,
2962 3172 3263 3235 multetur.
3299 3171 3498 3235 Canon
3520 3176 3716 3230 autem

345 3261 450 3318 νὼν
479 3264 576 3331 τῆς
607 3262 661 3319 ἐν
702 3268 780 3337 τῷ
810 3271 920 3339 ναῷ
951 3269 1055 3321 τῶν
1106 3255 1310 3344 Ἀγίωνί
1340 3255 1681 3323 Ἀποστόλων
1723 3265 1988 3333 συστάσης

2074 3260 2343 3322 decimus
2371 3261 2756 3325 (ecumenicaz
2777 3270 2995 3324 sanctae
3011 3261 3242 3343 synodi,
3261 3264 3628 3340 congregatae
3658 3257 3716 3318 in

345 3351 715 3428 οἰκουμενικῆς
745 3353 897 3433 ἁγίας
956 3352 1194 3429 συνόδου,
1255 3356 1374 3420 τοὺς
1428 3356 1526 3432 μὲν
1561 3361 1988 3417 κοινοποιοῦντας

2074 3353 2296 3433 templo
2346 3352 2699 3417 Sanctorum
2766 3353 3212 3434 Apostolorum,
3273 3369 3376 3414 eos
3449 3348 3717 3430 quidem,

345 3441 410 3495 τὰ
463 3448 555 3497 τοῦ
634 3441 877 3518 βήματος
974 3443 1088 3523 ἱερὰ
1156 3440 1471 3523 ¹καθαιρέσει
1548 3440 1936 3501 καθυποϐἆλλει
1970 3458 1984 3473 ⁸

2074 3439 2173 3520 qui
2207 3440 2406 3502 altaris
2426 3459 2593 3503 sacra
2611 3441 3040 3517 contaminant,
3070 3437 3429 3521 depositioni
3453 3435 3713 3517 subjicit:

345 3530 467 3593 τοὺς
497 3529 551 3586 δὲ
578 3530 646 3587 τὰ
675 3529 859 3596 ἔξωθεν
914 3541 1008 3591 τοῦ
1061 3532 1302 3610 βήματος
1343 3532 1469 3590 ὂντα
1537 3533 1651 3613 ἱερὰ
1714 3532 1875 3599 σκεύη
1919 3532 1988 3594 εἷς

2075 3546 2179 3590 eos
2214 3538 2433 3605 autem,
2459 3530 2562 3612 qui
2591 3537 2756 3593 extra
2783 3531 2968 3592 altare
3010 3528 3358 3592 exsistentia
3387 3543 3556 3588 sacra
3584 3542 3719 3586 vasa

346 3619 548 3698 ἀνίερον
647 3624 846 3703 χρῆσιν
923 3630 1363 3697 μετακοιοῦντας,
1422 3623 1652 3704 ἀφορίζει
1686 3637 1701 3653 '
1762 3623 1881 3685 τοὺς
1939 3618 1988 3677 δὲ

2075 3618 2135 3679 in
2167 3619 2478 3700 profanum
2537 3639 2707 3682 usum
2764 3627 3137 3699 convertunt,
3191 3614 3714 3682 excommunicat:

348 3708 698 3790 ἁρπάζοντας,
740 3712 813 3774 ὡς
870 3709 1165 3791 ἱεροσύλους
1220 3703 1541 3792 κατακρίνει,
1590 3703 1647 3769 ι0
1705 3708 1759 3766 δὲ
1829 3709 1988 3788 μέγκς

2078 3726 2181 3770 eos
2206 3725 2365 3781 vero,
2390 3710 2491 3790 qui
2539 3709 2850 3790 diripiunt,
2884 3718 2943 3772 ut
2985 3708 3306 3788 sacrilegos
3335 3706 3717 3769 condemnat.

351 3796 606 3879 ῐξύριλλος
637 3799 689 3856 ἐν
732 3806 800 3877 τῇ
840 3802 969 3878 πρὸς
1031 3802 1237 3877 Δόμνον
1288 3801 1544 3878 ἐπιστολῇ
1582 3801 1747 3861 ταῦτά
1786 3822 1945 3879 φησιν
1977 3815 1988 3831 ·

2081 3797 2265 3859 Porro
2297 3813 2543 3876 magnus
2597 3796 2847 3877 Cyrillus
2902 3797 2964 3859 in
3019 3796 3267 3877 epistola
3312 3796 3387 3858 ad
3420 3794 3716 3857 Damnum

352 3876 625 3954 ’Ἕκαστος
676 3876 831 3965 ἡμῶν
880 3876 985 3948 τῶν
1042 3876 1183 3948 ἰδίων
1251 3895 1447 3973 καιρῶν
1490 3876 1645 3949 δωσει
1679 3876 1866 3970 λόγους
1914 3893 1988 3965 τῷ

2072 3885 2315 3966 scripta,
2347 3886 2470 3948 hzec
2485 3885 2588 3948 ait:
2614 3884 3032 3967 Unusquisque
3051 3876 3313 3947 nostrum
3340 3883 3716 3973 propriorum

347 3980 561 4037 πάντων
634 3988 819 4061 Κριτῇ.
884 3980 1172 4059 Κειμήλιον
1243 3971 1353 4059 μὲν
1422 3984 1543 4063 γὰρ,
1633 3983 1719 4039 καὶ
1773 3982 1988 4051 κτήσεις

2075 3981 2406 4055 temporum
2460 3974 2722 4037 rationes
2776 3975 2986 4038 reddet
3039 3974 3236 4039 Judici
3278 3971 3719 4063 omnium_._Ya-

344 4070 625 4140 ἀκινήτους
717 4070 1041 4139 ἀνεκποίητα
1118 4085 1240 4136 ταῖς
1334 4071 1641 4140 ἐκκλησίαις
1737 4071 1990 4143 σώζεσθαι

344 4160 480 4239 χρὴ,
523 4163 826 4240 θαρσετσθαι
871 4159 926 4218 δὲ
982 4174 1098 4228 τοῖς
1155 4162 1291 4219 κατά
1345 4164 1528 4242 καιρὸν
1580 4163 1679 4229 τὴν
1736 4161 1876 4218 θείαν
1906 4157 1988 4215 δι-

344 4250 558 4307 έπουσιν
608 4250 917 4329 ἱερωσύνην,
981 4257 1085 4307 τῶν
1141 4251 1588 4330 παραπιπτόντων
1630 4250 1993 4326 ἀναλωμάτων

2072 4081 2273 4124 sorum
2303 4063 2461 4125 enim
2486 4064 2813 4139 thesauros,
2845 4072 2902 4126 et
2924 4064 3332 4146 possessiones
3357 4059 3716 4140 immobiles,

2075 4151 2488 4215 inalienabiles
2555 4153 2827 4219 ecclesiis
2898 4153 3234 4215 conservari
3287 4159 3522 4234 (portet
3575 4166 3589 4213 :
3648 4150 3721 4210 iis

2076 4255 2296 4317 autem,
2323 4242 2421 4324 qui
2453 4262 2558 4324 per
2580 4251 2814 4324 tempus
2837 4240 3039 4305 divino
3084 4244 3404 4323 funguntur
3431 4238 3718 4305 sacerdo-

345 4340 445 4406 τὴν
496 4328 817 4423 οἰκονομίαν.
875 4341 1029 4410 Ζήτει
1072 4342 1162 4397 καὶ
1216 4328 1419 4418 βιϐλίου
1465 4330 1543 4396 νδ’
1577 4340 1750 4398 τίτλον
1786 4329 1860 4419 γ’,
1896 4361 1988 4396 κε-

2079 4330 2181 4406 tio,
2242 4330 2816 4396 administrationem
2887 4341 3226 4413 sumptuum
3286 4328 3716 4423 erogandorum

348 4427 573 4507 φίλαιον
601 4417 657 4505 β’
698 4428 859 4509 Χάριν
912 4427 966 4485 δὲ
1021 4435 1116 4497 τῆς
1171 4417 1479 4508 ὁγειλούσης
1531 4427 1754 4487 δίδοσθαι
1801 4417 1993 4486 *ποσό-

348 4539 511 4585 τητος
563 4517 692 4598 ὺπέρ
758 4526 1036 4576 κανονικού
1076 4519 1219 4597 παρὰ
1273 4517 1648 4598 κοινολαῖτῶν,
1707 4520 1754 4574 οἱ
1780 4517 1995 4583 κανόνες

352 4609 449 4683 μὲν
480 4605 622 4665 οὐδέν
651 4631 701 4666 τι
759 4606 1089 4688 διορίζονται,
1148 4608 1466 4688 πρόσταγμα
1534 4605 1589 4664 δέ
1643 4613 1735 4664 τοῦ
1760 4605 1995 4682 ἀοιδίμου

347 4695 611 4775 βασιλέως
685 4696 882 4755 ἐκείνου
963 4698 1139 4777 κυρίου
1213 4696 1472 4755 Ἰσαακίου
1566 4705 1658 4755 τοῦ
1717 4701 1996 4771 Κομνηνοΰ

347 4786 611 4843 ὑποτυποῖ
648 4784 821 4846 πολὶά
874 4809 993 4844 τινα
1046 4785 1270 4845 δίδοσθαι
1339 4798 1454 4850 τοῖς
1498 4784 1805 4848 ἐπισκόποις
1851 4784 1993 4864 παρα

345 4882 452 4933 τῶν
485 4875 540 4932 ἐν
570 4889 691 4939 ταῖς
749 4875 968 4954 ἐνορίαις
1028 4875 1197 4933 αὗτῶν
1256 4872 1707 4955 προσκαθημένων
1764 4871 1992 4931 λαϊκίυν.

347 4963 498 5023 Ἐπεὶ
562 4964 617 5021 δὲ
673 4966 710 5034 ἡ
764 4970 872 5021 τῶν
954 4965 1278 5044 πραγμάτων
1360 4962 1635 5039 ἀνωμαλία
1688 4963 1774 5019 καὶ
1830 4961 1996 5018 ἔνδεια

346 5054 444 5121 τὴν
500 5053 700 5110 τούτων
777 5051 1037 5128 ἐκάλυψεν
1115 5052 1451 5110 ὑποτύπωσιν
1511 5049 1994 5132 (πολλοστημόριον

346 5141 445 5221 γάρ
473 5163 553 5205 τις
583 5145 755 5200 αὐτῶν
810 5145 868 5201 οὗ
911 5139 1085 5198 δίδωσι
1141 5142 1272 5219 πρὸς
1330 5140 1660 5217 ἐπίσκοπον),
1696 5139 1992 5220 ἀρκούμεθα

268 5225 274 5231 ’
346 5235 415 5307 τῇ
442 5230 684 5304 συνηθείᾳ
711 5232 800 5287 καὶ
828 5230 1127 5311 προαιρέσει
1158 5237 1264 5288 τῶν
1292 5228 1563 5291 διδόντων.

2080 4420 2296 4482 tiducia
2343 4421 2646 4501 praeditam
2694 4439 2827 4483 esse
2866 4432 2910 4481 ι.
2934 4420 3143 4494 Ουωτε
3165 4429 3222 4483 et
3244 4419 3382 4481 libri
3402 4419 3505 4494 54,
3531 4416 3620 4479 tit.
3653 4416 3715 4490 3,

2079 4530 2185 4592 cap
2242 4511 2301 4574 2.
2335 4512 2418 4574 De
2450 4512 2771 4594 quantitate
2801 4519 3024 4591 autem,
3059 4529 3189 4592 quae
3234 4528 3337 4589 pro
3396 4505 3717 4569 cannnario

2078 4600 2270 4662 danda
2301 4608 2387 4662 est
2414 4622 2445 4662 a
2475 4601 2687 4682 plebiis
2723 4612 2770 4682 1,
2823 4620 3082 4662 canones
3109 4599 3347 4680 quidem
3382 4597 3527 4659 nihil
3561 4594 3719 4657 deﬁ-

2081 4689 2299 4752 niunt:
2346 4709 2547 4752 verum
2600 4693 2786 4770 jussio
2843 4690 3043 4771 inclyti
3099 4686 3474 4768 imperatoris
3534 4685 3713 4759 illius,

2083 4778 2306 4840 domini
2322 4775 3718 4856 IsaaciiComneniJormamdesignatmultorum

2082 4869 2496 4957 quorumdam,
2548 4889 2679 4951 quae
2729 4866 3296 4957 episcopispdantur
3338 4885 3372 4927 a
3401 4863 3719 4957 Inicisxqui

2080 4953 2256 5019 sedes
2278 4956 2339 5019 in
2356 4976 2561 5019 eorum
2583 4957 2939 5021 dimcesibns
2955 4955 3330 5019 stabilierunt
3369 4965 3410 5017 ι.
3432 4953 3719 5026 Quoniam

2076 5054 2272 5108 autem
2298 5064 2498 5108 rerum
2530 5046 2930 5127 irregularitas
2978 5054 3035 5108 et
3063 5043 3429 5123 indulgentia
3463 5053 3487 5084 ³
3508 5042 3719 5104 horum

2075 5137 2391 5199 occultavit
2413 5136 3312 5219 descriptionem(multesimam
3331 5135 3490 5196 enim
3510 5152 3720 5196 eorum

2075 5238 2301 5308 partem
2345 5230 2626 5308 episcopo
2653 5225 2753 5289 dat
2782 5229 3011 5305 nemo),
3044 5224 3304 5288 contenti
3334 5242 3540 5287 sumus
3569 5241 3719 5286 eun-

2072 5316 2411 5399 suetudine,
2444 5315 2789 5380 etdantium
2823 5315 3203 5379 liberalitate.

1669 5484 1930 5553 VARUS
1960 5484 2395 5553 LECTIONES.

424 5665 452 5697 η
481 5666 617 5744 qya;
644 5651 887 5744 nomine
906 5648 1403 5744 distributionum
1423 5646 1842 5744 spiritualium
1852 5652 2143 5723 ecclesiis.
2163 5649 2784 5744 {sicer‘lmzchgitiam
2797 5650 2920 5744 ,eel
2937 5644 3222 5744 gallinas.
3237 5662 3262 5695 ι
3279 5643 3726 5744 culpandorum

340 5745 477 5791 cum

341 5808 461 5873 riis
487 5808 818 5878 domicilia.
844 5822 871 5857 ⁸
897 5818 954 5878 et
982 5808 1230 5895 inopini.

596 5731 1083 5816 ueig‘committi.
1117 5745 1302 5816 {quae
1329 5726 1609 5797 canonici
1633 5731 1877 5796 nomine
1891 5733 2246 5816 praestanda
2274 5736 2360 5795 est
2388 5747 2428 5793 a
2457 5726 2656 5793 (eicis.
2687 5741 2709 5774 ι
2737 5726 2844 5813 qui
2871 5726 3099 5794 habens
3144 5730 3213 5792 in
3240 5726 3449 5792 eorum
3475 5726 3725 5792 turile-
