4160 6212
516 321 668 390 1087

588 461 816 528 Interr.
843 464 941 529 58.
963 462 1338 529 Ortbodoxus
1356 462 1595 546 quidam
1618 462 1694 526 ab
1706 463 1993 544 Agarenis
2015 484 2150 545 cap-
2170 473 2213 524 Αι

1925 324 2056 390 JUS
2093 315 2536 387 GANONIGUM

3720 327 3855 394 1088

2312 457 2504 538 Ἐρώτ.
2617 449 2707 526 νη’
2830 456 3126 538 Ὀρθόδοξός
3237 484 3316 526 τις
3435 463 3854 544 αἰχμαλωτισθεὶς

510 556 625 626 tus,
660 560 720 616 et
775 569 885 633 per
941 553 1058 615 vim
1115 545 1498 615 orthodoiam
1556 552 1733 617 ﬁdem
1766 553 2047 634 ejtiratus,
2081 573 2146 619 ac

2233 547 2376 629 παρὰ
2416 545 2748 628 Ἀγαρηνῶν,
2823 549 2912 606 καὶ
2969 549 3105 611 κατὰ
3155 550 3272 628 βίαν
3327 555 3426 620 τήν
3469 551 3731 631 όρθόδοξον
3777 556 3856 611 πί-

508 639 920 717 circumcisus,
968 641 1192 723 absque
1221 638 1663 705 intermissione
1692 642 1822 705 fere
1847 643 2151 706 immund-

508 728 649 790 tiem
697 729 902 805 deﬂet,
959 737 1018 793 et
1063 732 1214 794 clam
1270 750 1403 793 cum
1454 730 1796 794 orthodoxis
1850 733 2151 816 convenit,

507 817 858 896 invocatque
879 820 1153 884 salutem.
1188 819 1335 894 Quia
1359 833 1559 882 autem
1591 821 1711 882 vult
1741 831 2149 886 sacramento-

504 923 636 967 rum
667 907 795 969 ﬁeri
826 908 1142 992 particeps,
1197 909 1535 992 quaerimus,
1589 910 1730 992 quid
1790 911 1865 975 sit
1918 912 2149 976 facien-

505 994 668 1060 dum.

587 1085 761 1168 Resp.
793 1084 1158 1150 Certantium
1209 1097 1345 1152 sunt
1386 1109 1641 1166 coronae,
1677 1099 1734 1154 et
1761 1091 2049 1155 Dominus
2077 1113 2148 1157 ac

499 1171 658 1236 Deus
687 1184 888 1237 noster
909 1175 1082 1239 Jesus
1111 1176 1384 1242 Christus
1417 1201 1430 1243 :
1465 1181 1526 1243 Si
1561 1181 1694 1262 quis
1724 1200 1820 1243 me
1860 1183 2145 1246 Conﬁtea-

502 1269 619 1344 tur,
651 1263 864 1347 inquit,
899 1272 1099 1329 coram
1159 1268 1523 1352 hominibus,
1584 1279 1644 1334 et
1677 1290 1784 1351 ego
1815 1271 2147 1336 conﬁtebor

499 1370 636 1414 eum
667 1372 868 1416 coram
905 1358 1070 1417 Patre
1104 1375 1258 1432 meo,
1310 1359 1410 1439 qui
1459 1358 1520 1421 in
1543 1358 1710 1423 caelis
1727 1371 1838 1424 est.
1872 1359 2145 1424 Immun-

497 1440 638 1502 dum
672 1461 811 1522 ergo
871 1463 989 1512 vas.
1052 1445 1124 1506 ad
1177 1447 1616 1528 susceptionem
1665 1450 1970 1528 unguenti,
2033 1471 2147 1530 qua

501 1532 714 1593 mentis
743 1531 1104 1597 alienatione
1151 1535 1494 1599 admittetur
1513 1538 1544 1598 ?
1573 1537 1968 1611 Quamobrem
1995 1560 2144 1601 con-

497 1619 850 1683 solationem
882 1623 1121 1704 quidem
1155 1626 1576 1706 episcopicam,
1604 1637 1661 1690 et
1690 1629 1846 1689 aliud
1883 1629 2146 1708 spiritale

496 1709 856 1791 colloquium
891 1712 992 1774 ille
1043 1714 1128 1776 sic
1187 1715 1501 1796 paenitens,
1550 1725 1608 1777 et
1637 1716 1791 1778 bona
1825 1717 2146 1778 mutatione

2233 659 2347 694 στιν
2407 636 2816 719 ἐξομοσάμενος,
2865 640 2953 695 καὶ
3031 641 3395 723 περιτμηθεὶς,
3455 636 3629 700 διόλου
3684 641 3856 723 σχεδὸν

2233 727 2334 795 τὴν
2395 725 2711 805 ἀκαθαρσίαν
2753 719 3118 805 ἀποκλαίεται,
3191 719 3281 787 καί
3347 730 3482 807 μετὰ
3535 736 3640 788 τῶν
3677 719 3860 809 ὀρθοδό-

2237 812 2336 880 ξων
2392 812 2649 890 λαθραίως
2705 815 3040 898 συνέρχεται,
3097 818 3185 875 καὶ
3241 819 3342 887 τὴν
3384 819 3646 900 σωτηρίαν
3676 820 3859 877 ἀνακα-

2229 900 2427 964 λεῖται.
2481 902 2630 962 Ἐπεὶ
2673 901 2727 960 δὲ
2786 903 2949 962 ἐθέλει
3005 907 3094 963 καὶ
3149 909 3256 964 τῶν
3311 909 3655 988 ἁγιασμάτων
3704 931 3859 985 μετα-

2230 990 2541 1074 λαμϐάνειν,
2571 999 2830 1070 ζητοῦμεν
2872 995 2934 1050 τὸ
2964 995 3218 1062 ποιητέον
3261 1000 3473 1072 μαθεῖν,

2310 1080 2502 1144 Ἀπόκ.
2576 1089 2692 1140 Τῶν
2749 1082 3150 1162 ἀγωνιζομένων
3205 1086 3333 1142 εἰσὶν
3391 1088 3440 1144 οἱ
3487 1085 3755 1166 στέφανοι,
3782 1089 3860 1144 καὶ

2228 1172 2255 1228 6
2288 1170 2473 1250 Κύριος
2503 1172 2591 1229 καὶ
2659 1173 2789 1238 Θεὸς
2853 1174 3009 1248 ἡμῶν
3063 1171 3265 1241 Ἰησοῦς
3295 1174 3542 1254 Χριστός.
3573 1173 3643 1233 Εἴ
3683 1196 3762 1240 τις
3798 1197 3858 1251 με

2226 1258 2574 1339 ὅμολογήσει,
2638 1263 2819 1342 φησὶν,
2873 1260 3160 1343 ἔμπροσθεν
3219 1269 3324 1321 τῶν
3382 1264 3691 1344 ἀνθρώπων,
3722 1264 3858 1342 κάγὼ

2228 1349 2572 1428 ὁμολογήσω,
2624 1352 2803 1425 αὐτὸν,
2864 1349 3154 1431 ἔμπροσθεν
3196 1358 3291 1410 τοῦ
3343 1353 3546 1432 Πατρός
3569 1375 3672 1411 που
3700 1360 3788 1410 τοῦ
3813 1353 3857 1410 ἐν

2229 1441 2494 1518 οὗρανο⁴ς,
2558 1439 2877 1519 Ἀκάθαρτον
2929 1448 3054 1518 γοῦν
3135 1441 3356 1521 ἀγγεῖον
3428 1443 3558 1521 πρὸς
3606 1440 3860 1522 ὑποδοχὴν

2228 1529 2390 1608 μύρου
2446 1535 2562 1592 πῶς
2630 1531 3101 1610 παραφρονούντως
3153 1528 3515 1611 δεχθήσεται;
3589 1532 3683 1587 Διὸ
3738 1540 3861 1611 παρ·

2226 1619 2445 1697 ηγορίας
2508 1618 2605 1694 μὲν
2661 1618 3010 1687 ἐπισκοπικῆς
3083 1621 3171 1676 καὶ
3256 1619 3426 1687 ἄλλης
3509 1627 3857 1696 πνευματικῆς

2228 1706 2461 1782 ὁμιλίας,
2535 1710 2564 1764 6
2635 1708 2774 1766 οὕτω
2841 1710 3138 1785 μετανοῶν,
3181 1711 3270 1766 καὶ
3325 1709 3425 1776 τὴν
3483 1707 3655 1776 καλὴν
3706 1708 3856 1766 θέλων

497 1800 708 1860 mutari
743 1801 969 1876 volens,
1032 1795 1505 1882 prom’erebitur;
1565 1806 1669 1866 sed
1703 1806 1922 1868 sanctis
1954 1825 2144 1868 sacra-

2230 1795 2581 1864 ἀλλοιωθῆναι
2627 1796 2930 1873 ἀλλοίωσιν,
2990 1796 3386 1869 ἀξιωθήσεται·
3420 1805 3527 1855 τῶν
3599 1796 3656 1854 δὲ
3710 1799 3858 1876 ἁγίων

495 1889 714 1951 mentis
730 1891 943 1970 dignus
959 1911 1074 1953 non
1097 1892 1428 1955 habebitur.
1447 1892 1805 1957 Debetcnim
1822 1895 2145 1976 impietatis

491 1977 697 2041 sordes
725 1979 990 2056 abluere,
1027 1989 1084 2044 et
1115 1982 1194 2043 ita
1221 1982 1452 2043 admitti
1478 2003 1493 2044 :
1521 1990 1579 2044 et
1603 1992 1731 2064 post
1754 1984 2142 2064 praestitutum

490 2075 725 2149 tempus
754 2079 971 2133 sancta;
1001 2071 1180 2133 etiam
1213 2072 1770 2134 communicationis
1801 2075 1904 2137 ﬁet
1951 2074 2139 2156 parti-

491 2174 656 2237 ceps.

569 2246 790 2309 Interr.
826 2248 927 2312 59.
992 2249 1345 2312 Vicanorum
1388 2248 1574 2313 turbre
1624 2269 1784 2326 eum,
1837 2250 1938 2332 qui
1996 2251 2141 2332 ipsis

489 2335 721 2398 videtur
749 2355 882 2400 esse
914 2337 1127 2418 dignus
1157 2339 1500 2422 episcopali,
1547 2340 1635 2402 vel
1666 2341 2014 2402 sacerdotali
2042 2341 2138 2403 di-

489 2423 738 2503 gnitate,
774 2427 918 2488 mihi
950 2428 1276 2504 exhibent;
1309 2439 1630 2510 petuntque
1663 2429 1874 2492 utsine
1904 2430 2142 2510 repulsa

490 2514 866 2576 renuntietur
921 2516 1352 2599 ordineturque
1391 2513 1670 2598 pontifex,
1705 2531 1802 2580 aut
1835 2538 1914 2580 sat
1937 2518 2136 2592 erdos,

487 2601 578 2663 vel
634 2602 942 2668 diaconus.
999 2605 1210 2678 Quaero
1282 2607 1481 2684 igitur,
1554 2625 1630 2668 an
1679 2608 2142 2671 acclamationes

489 2691 687 2771 populi
722 2693 891 2773 sequi
923 2695 1247 2776 compellar
1273 2695 1328 2758 ι).

567 2780 718 2860 Resp
761 2780 916 2844 Olim
934 2782 1251 2864 aliquando
1271 2784 1674 2847 ordinationes
1691 2785 2136 2866 episcoporum,

487 2873 546 2929 et
575 2868 945 2951 reliquorum
975 2872 1159 2935 sacris
1189 2873 1554 2936 initiatorum
1582 2874 1895 2936 ordinibus
1923 2875 2142 2938 ﬁebant

483 2975 593 3046 per
619 2958 972 3023 electionem
1009 2961 1429 3046 multitudinis,
1452 2981 1798 3044 eorumque,
1832 2965 1934 3045 qui
1960 2951 2139 3026 simul

2228 1890 2527 1967 μυστηρίων
2586 1893 2681 1948 οὒκ
2735 1889 3102 1960 ἀξιωθήσεται.
3191 1890 3461 1968 Πρότηρον
3515 1890 3615 1970 γὰρ
3674 1888 3859 1970 ὀφείλει

2224 1979 2324 2044 τῆς
2354 1975 2593 2041 ἀσεϐείας
2645 1979 2742 2045 τὴν
2799 1976 3097 2054 βεϐήλωσιν
3155 1979 3532 2054 ἀπονίψασθαι,
3576 1980 3666 2036 καὶ
3710 1977 3859 2042 οὕτως

2224 2063 2477 2146 δεχθῆναι
2513 2085 2530 2102 ⁶
2562 2069 2650 2124 καὶ
2697 2068 2832 2142 μετὰ
2861 2069 2952 2124 τὸν
3006 2067 3383 2143 νενομισμένον
3439 2068 3620 2147 καιρὸν
3662 2069 3860 2134 καὶτῆς

2223 2156 2374 2234 ἁγίας
2406 2154 2760 2237 μεταλήψεως
2805 2157 3083 2234 γενήσεται
3114 2155 3372 2237 μέτοχος.

2303 2242 2498 2324 Ἐρώτ,
2554 2234 2631 2302 νθ⁶
2690 2244 2874 2315 Πλήθη
2936 2267 3025 2326 χω
3040 2246 3215 2325 ριτικα
3252 2234 3361 2301 τὸν
3433 2242 3686 2304 δοκοῦντα
3741 2245 3856 2301 τούς

2221 2355 2330 2398 τοις
2387 2331 2527 2398 ἄξιον
2584 2334 2725 2390 εἶναι
2798 2335 2928 2413 πρὸς
2986 2333 3188 2410 ἀξίωμα
3245 2333 3591 2392 ἐπισκοπικὸν
3620 2333 3657 2402 ἢ
3726 2336 3858 2412 ἱερα-

2221 2423 2367 2478 τικὸν
2422 2424 2713 2503 παριστῶσί
2752 2445 2842 2499 μοι
2877 2441 2893 2458 ⁸
2937 2424 3025 2480 καὶ
3082 2430 3295 2495 ζητοῦσι
3349 2424 3485 2479 κατᾶ
3539 2425 3619 2508 τὸ.
3657 2422 3862 2500 ἀπαραί-

2222 2533 2384 2578 τητον
2453 2511 2877 2592 ἐπικηρυχθῆναι
2932 2514 3018 2569 καὶ
3093 2515 3537 2592 χειροτονηθῆναι
3593 2511 3857 2592 ἀρχιερέα,

2222 2600 2259 2668 ἢ
2287 2598 2549 2661 διάκονον.
2583 2609 2738 2669 Ζητῶ
2779 2601 2951 2658 τοίνυν
3008 2605 3197 2678 μαθεῖν
3255 2603 3299 2658 εί
3351 2615 3474 2665 ταῖς
3519 2611 3726 2683 φωναῖς
3769 2607 3864 2657 τῶν

2224 2687 2406 2770 ὄχλων
2436 2690 2835 2769 ἀναγκαζόμεθα
2878 2689 3286 2749 κατακολουθεῖν
3298 2735 3311 2750 .
3619 2768 3624 2772 _

2301 2775 2428 2840 Ἀπ.
2464 2779 2634 2837 Πάλαι
2657 2787 2784 2837 ποτὲ
2833 2783 2885 2836 αἱ
2932 2780 3252 2861 χειροτονίαι
3308 2784 3412 2837 τῶν
3442 2778 3745 2836 ἐπισκόπων
3785 2778 3865 2833 καὶ

2221 2873 2326 2924 τῶν
2382 2866 2583 2926 λοιπῶν
2655 2869 2952 2948 ἱερωμένων
2996 2868 3063 2925 δι’
3115 2868 3372 2948 ἐπιλογὴς
3429 2875 3526 2948 τοῦ,
3562 2861 3734 2948 ὄχλου
3787 2877 3864 2930 καὶ

2223 2962 2328 3014 τῶν
2370 2947 2926 3036 παραδυναστευόντων
2957 2958 3186 3039 ἐγίνοντο
3208 2977 3236 3039 _'
3294 2953 3407 3015 ὅδὲ
3451 2947 3528 3036 ιγ’
3554 2960 3730 3015 κανὼν
3773 2959 3862 3024 τῆς

480 3037 876 3128 imperabant.
906 3049 1184 3114 Decimus
1217 3037 1428 3116 tertius
1474 3037 1891 3116 autem-canon
1925 3054 2140 3118 Laodi'

2230 3045 2278 3101 ἐν
2309 3045 2582 3121 Λαοδικείᾳ
2613 3046 2847 3147 συνόδου,
2921 3037 3009 3105 καί
3063 3051 3091 3104 6
3160 3037 3217 3127 γ’
3269 3048 3444 3106 κανὼν
3473 3052 3571 3114 τῆς
3600 3046 3756 3126 ἁγίας
3787 3046 3864 3102 καὶ

480 3153 648 3197 cena
677 3138 912 3218 synodi,
972 3152 1032 3202 et
1067 3145 1104 3202 3
1133 3159 1322 3204 canon
1371 3153 1588 3205 sanctae
1643 3150 1703 3203 et
1749 3144 2136 3206 aecumenicaz

2230 3137 2584 3212 οἰκουμενικῆς
2655 3136 2704 3209 ζ’
2762 3136 2996 3211 συνόδου,
3074 3138 3170 3201 τὰς
3237 3137 3484 3200 τοιαύτας
3543 3137 3865 3216 χειροτονίας

483 3224 514 3284 7
549 3226 780 3327 synodi,
816 3229 1159 3310 hujusmodi
1190 3231 1597 3296 ordinationes
1625 3232 1697 3294 ab
1732 3233 2135 3296 ecclesiastico

2230 3224 2324 3281 Ξιπὸ
2392 3225 2488 3294 τῆς
2544 3225 2998 3294 ἐκκλησιαστικῆς
3068 3225 3402 3291 ἀπεξένωσαν
3458 3226 3852 3287 καταστάσεως.

2230 3303 2274 3331 tn
2364 3313 2374 3330 Ι
2489 3315 2500 3331 Ι
2867 3317 2878 3331 e
2990 3321 3014 3331 ο
3111 3315 3124 3331 1
3213 3313 3237 3331 II
3279 3313 3300 3331 κ
3451 3312 3466 3331 ἳ
3610 3313 3620 3331 1
3812 3315 3823 3328 I

479 3314 694 3394 rejecit
723 3324 898 3378 statu.
932 3317 1040 3382 Ille
1089 3322 1249 3382 enim
1309 3321 1410 3398 ait,
1447 3322 1634 3404 turbis
1682 3342 1798 3384 non
1831 3341 1963 3385 esse
1995 3342 2136 3404 per-

2230 3312 2280 3371 ⁸0
2309 3313 2407 3390 μέν
2436 3315 2535 3393 γάρ
2590 3337 2721 3396 φησι
2766 3317 2884 3395 περὶ
2923 3321 3017 3372 τοῦ
3061 3315 3140 3392 μὴ
3203 3313 3391 3395 ὄχλοις
3447 3312 3748 3398 ἐπιτρέπειν
3774 3315 3860 3376 τὰς

481 3405 832 3468 mittendum
867 3425 1098 3485 eorum,
1151 3411 1251 3493 qui
1296 3421 1433 3475 sunt
1464 3412 1523 3474 in
1554 3401 1886 3476 sacerdotio
1911 3401 2137 3476 consti-

2230 3401 2445 3483 ἐκλογὰς
2494 3408 2764 3462 ποιεῖσθαι
2850 3410 2956 3461 τῶν
3047 3403 3349 3480 μελλόντων
3408 3405 3747 3460 καθίστασθαι
3802 3404 3867 3464 είς

475 3493 704 3596 ipendi,
740 3494 1091 3596 electionem
1124 3491 1342 3564 facere.
1376 3500 1484 3563 Hic
1523 3510 1717 3596 autem
1753 3502 2095 3596 pronuntiat
2121 3521 2137 3568 :

2230 3493 2484 3570 ἱερατεῖον
2518 3508 2532 3523 ⁶
2561 3495 2590 3549 6
2639 3491 2694 3549 δὲ
2747 3503 2910 3553 ταῦτα
2965 3491 3194 3566 διέξεισι,
3255 3499 3436 3551 Πᾶσαν
3487 3497 3669 3571 ψῆφον
3717 3513 3867 3596 γινο-

473 3580 725 3684 Omnem
758 3584 1143 3687 electionem,
1194 3609 1327 3687 qua).
1349 3591 1413 3687 ﬁt
1441 3610 1474 3652 a
1506 3577 1966 3687 magistratibus,
2003 3591 2133 3670 epi-

2230 3581 2386 3649 αένην
2414 3583 2554 3659 παρᾶ
2621 3588 2729 3638 τῶν
2785 3582 3083 3664 ἀρχόντων,
3141 3581 3454 3656 ἐπισκόπου,
3496 3582 3531 3651 ἢ
3573 3577 3863 3661 πρεσϐυτέ-

2365 3671 2389 3687 .ι
2429 3669 2453 3687 ε.
2561 3672 2570 3687 .
2725 3670 2750 3687 ,ι
3015 3670 3024 3686 ο
3325 3671 3338 3687 .
3440 3672 3454 3687 ς
3671 3669 3684 3687 ,
3815 3672 3826 3687 ι

473 3671 660 3753 scopi,
700 3673 787 3736 vel
808 3676 1170 3756 presbyteri,
1194 3669 1286 3740 vel
1313 3679 1571 3753 diaconi,
1593 3669 1817 3740 irritam
1847 3669 2090 3742 manere
2114 3693 2129 3734 ε

2230 3692 2326 3744 ›ου,
2359 3671 2394 3740 ἢ
2424 3669 2686 3748 διακόνου,
2718 3670 2903 3751 ἄκυρον
2959 3670 3158 3748 μένειν,
3215 3671 3350 3728 κατᾶ
3404 3672 3496 3728 τὸν
3550 3669 3753 3728 κανόνα
3779 3672 3864 3727 τὸν

2230 3771 2232 3776 ι
2259 3759 2268 3774 1
2493 3759 2558 3776 ...Ἰ
2714 3759 2728 3776 9
2785 3763 2795 3776 Ι
3286 3773 3304 3776 ᾼ
3369 3757 3396 3776 Π
3805 3759 3816 3776 9

474 3777 542 3820 ex
576 3779 803 3824 canone
849 3762 1110 3827 dicente.
1141 3764 1200 3828 Si
1236 3767 1369 3848 quis
1401 3767 1715 3848 episcopus
1745 3769 2130 3832 saecularibus

2230 3759 2456 3838 ίέγοντα,
2488 3759 2558 3838 Ἐἴ
2586 3783 2666 3824 τις
2710 3759 2994 3825 ἐπίσκοπος
3051 3773 3331 3836 κοσμικαῖς
3363 3757 3589 3840 ἄρχουσι
3631 3759 3853 3840 χρησᾶ-

473 3849 920 3948 magistratibus
945 3872 1109 3928 usus,
1146 3847 1383 3934 pcr’eos
1414 3847 1724 3918 ecclesiam
1768 3857 2123 3936 obtinuerit,

2230 3870 2392 3929 ιενος,
2424 3847 2489 3905 δι’
2522 3854 2695 3910 αὑτῶν
2736 3850 2998 3929 ἐγκρατὴς
3046 3847 3333 3916 ἐκκλησίας
3375 3849 3617 3928 γένηται,
3664 3849 3852 3905 καθαι-

473 3935 828 4028 deponatur,
889 3948 947 4002 et
983 3950 1366 4028 segregetur,
1402 3955 1461 4007 et
1517 3964 1725 4008 omnes
1755 3946 1853 4028 qui
1887 3966 2020 4009 cum
2055 3965 2124 4009 eo

2230 3939 2391 3994 μείσθω
2439 3940 2526 3995 καὶ
2581 3939 2956 4028 ἀφοριζέσθωμ
2983 3940 3088 4028 ,καὶ
3159 3940 3206 3996 οἱ
3275 3938 3645 4028 κοινωνοῦντες
3715 3942 3852 4028 αὐτῷ

467 4027 934 4120 communicant.
960 4027 1206 4112 Oportet
1235 4035 1392 4095 enirn
1445 4051 1603 4110 eum,
1631 4035 1729 4115 qui
1759 4025 1848 4097 est
1875 4054 2120 4116 promo-

2230 4026 2428 4091 πάντες,
2471 4036 2567 4084 Δεῖ
2595 4029 2694 4107 γὰρ
2743 4031 2833 4084 τὸν
2876 4027 3139 4104 μέλλοτνα
3181 4025 3582 4106 προϐιὸάζεσθαι
3638 4028 3717 4091 είς
3745 4027 3853 4120 Erre-

465 4114 696 4204 vendus
724 4116 797 4177 ad
820 4117 1247 4201 episcopatum,
1279 4122 1351 4184 ab
1385 4114 1685 4203 episcOpi’s
1716 4114 2119 4204 eligi,_quem-

2230 4115 2430 4191 κοπὴν,
2521 4118 2622 4173 ὑπὸ
2697 4117 3000 4174 ἐπισκόπων
3085 4119 3398 4199 ψηφίζεσθαι
3433 4118 3447 4147 ⁵
3495 4117 3670 4181 καθὼς
3766 4118 3852 4172 καὶ

463 4201 785 4266 admodum
816 4224 850 4268 a
885 4208 1107 4270 sanctis
1138 4201 1640 4274 Panibus—Nicias
1667 4201 1972 4274 decretum
2006 4221 2115 4290 est,

2230 4206 2343 4283 παρὰ
2387 4211 2492 4262 τῶν
2541 4206 2707 4285 ἀγίων
2777 4205 3025 4286 Πατέρων
3078 4213 3184 4263 τῶν
3249 4205 3302 4262 ἐν
3356 4205 3547 4278 Νικαίᾳ
3603 4204 3846 4285 ὥρισται,

462 4290 524 4352 in
553 4310 785 4382 canone
813 4296 912 4377 qui
958 4297 1147 4363 dicit:
1193 4299 1546 4382 Episcopum
1602 4311 1834 4382 oportet
1864 4301 2119 4363 maxime

2230 4315 2256 4347 ν
2312 4300 2390 4368 τῷ
2444 4295 2623 4352 κανόνι
2667 4302 2742 4371 τῷ
2785 4293 3017 4375 λέγοντι.
3068 4293 3387 4354 Ἐπίσκοπον
3429 4296 3690 4374 προσήκει
3735 4296 3844 4371 μά-

462 4381 702 4472 quidem
728 4383 801 4446 ab
833 4386 1132 4464 omnibus,
1165 4381 1266 4472 qui
1290 4381 1505 4452 suntin
1541 4381 1863 4471 provincia,
1888 4389 2146 4470 coniti-1

2235 4405 2352 4439 ιστα
2383 4384 2479 4472 μὲν
2510 4385 2610 4472 ὑπὸ
2669 4386 2881 4442 πάντων
2935 4392 3041 4442 τῶν
3097 4385 3152 4442 ἐν
3205 4393 3273 4463 τῇ
3332 4384 3564 4464 ἐπαρχίᾳ
3589 4385 3847 4440 καθίστα-

464 4470 594 4534 tui:
659 4475 709 4536 si
767 4483 965 4538 autem
1024 4479 1135 4540 hoc
1184 4470 1433 4543 difﬁcile
1477 4470 1676 4556 fuerit,
1729 4479 1818 4541 vel
1873 4488 2116 4560 propter

2230 4475 2313 4528 θαι
2347 4490 2359 4504 ·
2388 4473 2430 4529 εἷ
2459 4471 2514 4529 δὲ
2543 4471 2794 4554 δυσχερὲς
2850 4473 2941 4542 εἴη
2971 4481 3147 4550 τοῦτο,
3194 4475 3229 4543 ἢ
3286 4473 3370 4531 διὰ
3426 4474 3844 4552 κατεπείγουσαν

458 4570 764 4649 urgentem
821 4566 1276 4643 necessitatem,
1307 4569 1399 4630 vel
1447 4577 1688 4649 propter
1712 4569 1819 4630 vim
1848 4567 2110 4647 longitu-

2232 4561 2457 4640 νάγκην,
2500 4562 2536 4632 ἢ
2565 4560 2649 4622 διὰ
2690 4568 2862 4639 μῆκος
2889 4562 3028 4640 ὁδοῦ,
3095 4564 3146 4630 ἐξ
3203 4564 3433 4627 ἅπαντος
3485 4574 3630 4642 τρεῖς
3663 4561 3756 4619 ἐπὶ
3785 4565 3844 4618 τὸ

457 4648 682 4738 dinem,
706 4659 826 4714 tres
839 4655 1080 4718 omnino
1100 4657 1308 4719 eodem
1332 4648 2106 4738 convenientes,iisquoque

2230 4653 2316 4709 ὒτὸ
2369 4652 2773 4734 συναγομένους,
2859 4655 3158 4734 συμψήφων
3228 4652 3518 4732 γινομένων
3589 4653 3680 4708 καὶ
3734 4659 3841 4709 τῶν

455 4736 557 4826 qui
589 4737 826 4819 absunt,
854 4743 1030 4805 simul
1052 4745 1394 4826 suffragium
1425 4744 1780 4820 ferentibus,
1818 4736 2102 4808 classeii-

2230 4738 2449 4821 πόντων,
2505 4743 2592 4798 καί
2675 4742 3048 4819 συντιθεμένων
3133 4741 3217 4799 διὰ
3257 4743 3611 4822 γραμμάτων,
3671 4741 3831 4797 τόντε

457 4825 744 4914 tientibus
801 4849 912 4912 per
963 4832 1214 4910 litteras,
1249 4825 1418 4898 tunc
1473 4835 1670 4897 facere
1719 4833 2099 4899 electionem.

2230 4840 2279 4900 ἣν
2307 4833 2633 4913 χειροτονίαν
2663 4837 2951 4895 ποιεῖσθαι.
2998 4837 3069 4894 Τὸ
3137 4835 3192 4890 δὲ
3235 4842 3390 4914 κῦρος
3446 4841 3552 4891 τῶν
3605 4833 3836 4913 γινομέ-

451 4913 666 5005 Eorum
698 4927 922 4998 autem,
979 4941 1111 5003 quae
1147 4942 1180 4985 a
1237 4943 1302 4986 se
1357 4926 1528 5005 ﬁunt,
1586 4923 2101 4986 conﬁrmationem

2230 4944 2286 4976 uv
2368 4919 2594 4980 δίδοσθαι
2646 4921 2763 4980 καθ’
2822 4924 3050 4992 ἑκάστην
3115 4913 3378 5005 ὲπαρχίαν
3429 4946 3506 4998 τῳ
3547 4944 3833 5003 μητροπο-

450 5003 593 5110 dare
625 5003 1522 5110 unicuiquemetropolitano:6
1683 5101 1718 5110 __
2056 5102 2070 5110 _
2181 5009 2361 5110 λίτξῑὶο,
2491 5089 2537 5110 ,.

529 5095 760 5185 Interr.
788 5099 890 5162 60.
915 5099 1112 5164 Liberi
1132 5120 1202 5164 ex
1222 5102 1506 5166 secundis
1531 5101 1753 5185 nuptiis
1775 5102 2098 5185 procreati,

2262 5099 2454 5181 Ἐὠρτ.
2488 5095 2556 5168 ξ’.
2618 5104 2678 5161 Oi
2731 5109 2826 5160 τοῦ
2875 5101 3112 5184 δευτέρου
3169 5125 3344 5183 γαμου
3398 5099 3614 5179 παῖδες,
3645 5103 3738 5160 καὶ
3781 5105 3831 5160 οἱ

449 5190 508 5275 et
537 5184 750 5275 quiiex
777 5188 1032 5267 ancillis,
1067 5208 1132 5252 ac
1163 5191 1536 5270 concubinis,
1571 5184 1901 5256 sacerdotio
1933 5191 2098 5273 digni

2230 5191 2285 5247 τὸ
2315 5188 2561 5248 δουλίδων
2589 5193 2677 5250 καὶ
2739 5190 3028 5251 παλλακῶν
3083 5191 3390 5275 τεχθέντες,
3445 5191 3826 5264 άξιωθήσονται

448 5271 898 5362 judicabuntur,
929 5279 1172 5345 annon?
2004 5271 2020 5273 θ

2230 5279 2492 5361 Ρωσύνηςι
2523 5279 2558 5349 ἢ
2589 5280 2648 5339 οὔ
2680 5299 2696 5362 ἶ

523 5361 704 5451 Resp.
720 5364 1126 5432 Secundarum
1143 5369 1482 5452 nuptiarum
1498 5370 1671 5437 liberi
1684 5368 1846 5436 nulla
1865 5369 2096 5434 ratione

2258 5368 2448 5430 ⁹Λπόκ.
2481 5373 2541 5430 Οἱ
2574 5377 2666 5429 τοῦ
2682 5361 2928 5453 δευτέρου
2955 5374 3129 5455 γάμου
3182 5369 3370 5438 παῖδες
3401 5369 3454 5440 ὶξ
3482 5369 3686 5437 οὐδενὸς
3717 5371 3818 5430 λόο

1767 5537 2026 5606 νΑῐιυΕ
2056 5524 2494 5606 LECTIONES.

573 5687 655 5738 an
683 5687 854 5738 voces
870 5679 1199 5759 populares
1224 5677 1398 5759 sequi
1423 5692 1735 5760 cogamur.
