4160 6212
349 325 506 399 1089
1682 325 1971 401 ΘΚΒθῦ

2059 329 2396 401 ῧεΜΑΝῐΞΜ.
3571 328 3728 401 ίθθο

337 488 438 543 γου
508 465 804 539 κωλύονται
846 471 1104 548 ἱερᾶσθαι.
1162 460 1222 528 Ὀ
1281 471 1380 550 γὰρ
1438 469 1524 528 ἐπὶ
1572 481 1665 530 τοῦ
1720 477 1971 553 Ποριρυρο⁴

2082 475 2353 546 vetantur
2385 467 2574 531 sacris
2614 465 2924 530 ordinibus
2953 465 3204 531 initiari.
3235 465 3530 548 Synodiea
3555 468 3715 530 enim

335 557 590 632 γεννήτου
661 559 749 614 καὶ
803 557 1064 622 ϐασιλέως
1146 559 1322 638 κυρίου
1414 560 1806 620 Κωνσταντίνου
1889 581 1971 640 γε-

2071 557 2320 631 decisio,
2354 557 2504 619 facta
2536 567 2803 638 templ-re
2859 554 3240 636 imperatoris
3288 554 3512 617 domini
3556 555 3717 618 Con-

334 645 506 721 γονὼς
535 645 702 722 τόμος
732 645 1000 722 συνοδικὸς
1049 651 1127 724 τῷ
1167 647 1362 727 πρώτῳ
1413 649 1570 725 γάμῳ
1605 650 1697 705 τὸν
1750 647 1971 729 δεύτεροι

2069 645 2309 708 stantini
2340 646 2530 727 Porph
2542 667 2561 726 ι
2578 653 2936 726 rogennetm,
2958 644 3167 727 primis
3191 644 3414 730 nuptiis
3428 644 3720 707 secundas

1682 324 2396 404 GMGO-RGMANUM.

335 737 422 795 ἐπὶ
488 745 664 795 πᾶσαν
733 739 946 805 ἐξίσωσε
1007 744 1101 798 Διὸ
1150 743 1238 799 καὶ
1314 739 1602 807 ὅπεξούσιοι
1661 741 1984 822 κληρονόμοι

334 833 427 883 τοῦ
467 827 664 908 πατρός
697 830 850 900 εἰσιν,
881 828 1050 887 Ἀλλὰ
1089 830 1187 888 καῖ
1222 833 1269 887 οἱ
1337 829 1442 887 ἀπὸ
1485 828 1731 887 δουλίδων
1759 832 1984 911 τεχθέν-

333 937 444 991 τες,
494 918 583 974 καὶ
665 917 953 999 ἐλευθερίας
1009 918 1337 1000 ἀξιωθέντες,
1383 921 1634 992 ὡσαύτως
1702 923 1788 978 καὶ
1849 924 1895 977 οἱ
1925 921 1984 977 ἐκ

333 1005 621 1065 παλλακῶν
679 1008 1040 1086 γεννηθέντες,
1126 1011 1186 1067 οὗ
1253 1007 1650 1080 κωλυθήσονται
1706 1010 1982 1088 ίερωθῆναι

334 1098 396 1156 Αἱ
425 1096 524 1175 γὰρ
579 1097 804 1173 μητέρες
861 1099 1032 1170 αὐτῶν
1070 1097 1354 1174 ἐπιτιμίοις
1397 1098 1754 1178 πορνευόντων
1791 1099 1985 1155 ὑπέπε-

333 1206 449 1264 σον,
495 1186 640 1242 αὐτοὶ
681 1184 736 1242 δὲ
780 1184 926 1245 0an
956 1185 1215 1266 ἥμαρτον,
1265 1188 1353 1243 καὶ
1408 1185 1492 1242 διὰ
1532 1195 1687 1244 τοῦτο
1715 1185 1830 1244 οὐδὲ
1859 1187 1982 1244 ἐπι-

329 1274 524 1349 τιμίοις
580 1274 904 1339 ὑπόκεινται,
952 1277 1099 1334 Κατὰ
1153 1283 1281 1355 γοῦν
1334 1278 1454 1340 τοὺς
1513 1275 1730 1342 λοιποὺς
1776 1277 1981 1356 ἀνθρώ-

330 1385 462 1427 πους
512 1367 635 1427 τοὺς
680 1363 844 1440 μηδὲν
900 1365 1306 1445 ἡμαρτηκότας,
1363 1367 1450 1422 καὶ
1505 1365 1652 1424 αὐτοὶ
1710 1370 1868 1442 τιμῆς
1911 1369 1982 1422 ἱε-

331 1452 550 1530 ρατίκῆς
581 1454 716 1509 κατὰ
735 1453 961 1518 κανόνας
1004 1452 1409 1524 ἀξιωθήσονται.

411 1535 602 1618 Ἐρώτ.
712 1530 817 1606 ξα’.
933 1541 1309 1619 Ἀναγνώστης
1419 1543 1562 1622 παρᾶ
1687 1542 1983 1623 ἡγουμένου

329 1625 634 1708 ὖπιτραπεὶς
725 1627 924 1686 διέπειν
993 1632 1242 1706 κτήματα
1338 1633 1758 1711 μοναστηριακά,
1843 1631 1980 1689 θέλει

326 1721 684 1796 προκαθῆσθαι
738 1724 846 1774 τῶν
902 1718 1078 1776 ἐκεῖσε
1136 1719 1300 1777 ὄντων
1363 1720 1563 1801 ἱερέων,
1627 1723 1716 1779 καὶ
1777 1720 1979 1779 λοιπῶν

324 1804 618 1886 κληρικῶν,
684 1809 772 1864 καὶ
830 1807 883 1864 ἐν
926 1821 1050 1872 ταῖς
1107 1811 1274 1890 ἱεραῖς
1345 1810 1632 1888 ἁγιστείαις
1691 1812 1826 1888 μετᾶ
1888 1812 1978 1867 τὸν

323 1897 619 1974 ἡγούμενον
675 1899 1118 1973 μνημονεύεσθαι.
1200 1895 1416 1977 Ἐρωτῶ
1488 1902 1658 1958 τοίνυν
1715 1905 1904 1977 μαθεῖν
1934 1902 1978 1957 εί

323 1991 500 2048 καλῶς
530 1987 648 2063 περὶ
688 1986 872 2043 τούτου
901 1985 1226 2067 φιλονεικεῖ.

406 2073 421 2096 ’
531 2077 540 2096 Ι
980 2074 990 2092 Ι
1183 2076 1197 2093 \
1289 2077 1303 2098 9
1685 2079 1698 2095 \
1816 2081 1828 2100 ρ

426 2083 599 2137 Αποκ.
661 2073 815 2140 Τάξις
872 2097 1089 2156 συνεχει
1145 2097 1211 2132 τα
1253 2077 1464 2156 ουράνια
1514 2079 1605 2135 καὶ
1645 2101 1712 2135 τα
1742 2079 1971 2160 ἐπίγεια.

328 2165 421 2219 Διὸ
450 2164 541 2220 καὶ
597 2165 625 2219 6
669 2164 854 2241 Κύριος
909 2165 1069 2240 ἡμῶν
1128 2162 1332 2233 Ἰησοῦς
1379 2169 1626 2246 Χριστὸς,
1685 2173 1782 2235 τῆς
1813 2191 1971 2226 κενο-

321 2249 490 2317 δοξίας
565 2250 898 2308 ἀναστέλλων
953 2253 1051 2321 τὴν
1107 2256 1466 2331 ματαιότητα,
1532 2247 1710 2314 υΟταν
1766 2257 1972 2336 κληθῇς

323 2343 396 2404 εἷς
453 2342 624 2419 γάμον
674 2342 774 2398 ὑπό
823 2363 985 2419 τινος,
1045 2341 1262 2422 ἔφησεν,
1322 2346 1395 2409 εἷς
1452 2345 1839 2426 πρωτοκλισίας
1869 2350 1970 2404 τά-

321 2452 497 2498 πητας
541 2430 618 2505 μὴ
662 2429 972 2512 ἀνακλιθῇς,
1002 2430 1122 2488 ἀλλ’
1181 2434 1252 2496 είς
1299 2432 1528 2514 ἔσχατον
1573 2437 1738 2492 τόπον
1781 2436 1977 2494 ἀνάπε-

321 2542 413 2576 σον
459 2535 474 2550 ⁹
514 2519 608 2576 ἴνα
665 2520 896 2596 ἀκούσης
973 2522 1116 2600 παρὰ
1165 2529 1258 2578 τοῦ
1313 2523 1643 2591 κεκληκότος
1671 2547 1732 2581 σε
1767 2543 1782 2564 ο
1817 2526 1966 2609 Φίλε,

319 2606 702 2689 προσανάϐηθι,
805 2611 903 2666 Καὶ
956 2610 1123 2675 οὕτως
1182 2609 1325 2668 ἔσται
1396 2635 1477 2670 σοι
1563 2612 1684 2680 δόξα
1764 2606 1968 2687 πολλήξ

324 2689 382 2756 Ὀ
442 2704 569 2776 γοῦν
619 2703 792 2767 ζητῶν
861 2697 1203 2776 ἀναγνώστης
1271 2701 1371 2779 πρὸ
1454 2701 1561 2758 τῶν
1602 2702 1783 2765 ἱερέων
1836 2709 1969 2762 καθ-

320 2786 496 2860 ῆσθαι,
529 2787 616 2842 καὶ
659 2788 794 2861 μετά
850 2788 942 2842 τὸν
1011 2789 1304 2865 ἡγούμενον
1377 2793 1818 2868 μνημονεύεσθαι,
1852 2808 1970 2858 τοῖς

2067 733 2128 796 in
2159 735 2436 797 omnibus
2470 734 2815 816 cxaaquavit.
2866 733 3126 816 Ideoque
3185 742 3244 795 et
3299 733 3392 795 sui
3449 732 3718 795 haeredes

2067 833 2206 885 sunt
2235 825 2406 906 patri.
2462 824 2580 888 Sed
2627 833 2687 886 et
2729 825 2830 904 qui
2887 842 2956 886 ex
2987 823 3218 886 ancillis
3248 824 3389 898 nati,
3423 831 3485 885 et
3513 822 3717 884 donati

2065 911 2362 991 libertate,
2396 914 2638 996 parique
2669 913 2874 988 modo,
2897 913 2998 994 qui
3023 931 3092 974 ex
3135 911 3488 998 concubinis
3505 911 3712 992 geniti,

2067 1020 2185 1063 non
2218 1012 2488 1066 vetantur
2529 1003 2771 1065 sacrari.
2825 1002 3042 1065 Matres
3095 1002 3249 1064 enim
3285 1019 3491 1063 eorum
3523 1000 3716 1082 pmnis

2066 1093 2451 1155 scortantium
2499 1093 2886 1154 succiderunt
2914 1103 2964 1166 ο,
2997 1091 3110 1172 ipsi
3152 1098 3349 1153 autem
3381 1090 3528 1153 nihil
3559 1091 3714 1152 deli-

2065 1192 2322 1262 querunt
2357 1180 2788 1264 :quamobrem
2819 1200 2930 1243 nec
2965 1181 3155 1262 poenis
3189 1179 3609 1260 subjiciuntur.
3638 1182 3716 1244 Ut

2064 1270 2279 1352 reliqui
2308 1271 2487 1350 igitur
2516 1270 2811 1346 homines,
2845 1269 2949 1349 qui
2979 1269 3126 1331 nihil
3153 1277 3493 1350 peccaram,
3528 1271 3714 1332 hono-

2063 1376 2189 1421 rem
2209 1360 2638 1422 sacerdotalem
2651 1359 2982 1422 secundum
3001 1377 3260 1422 canones
3271 1369 3714 1442 consequentur

2067 1456 2126 1510 et
2155 1447 2291 1529 ipsi.

2143 1539 2366 1601 Interr.
2401 1539 2500 1602 ﬁt.
2537 1541 2750 1601 Lector
2777 1544 3068 1620 potestate
3089 1557 3123 1599 a
3155 1537 3352 1619 priore
3379 1536 3412 1582 ει
3442 1546 3707 1620 accepta,

2063 1627 2520 1688 administrandi
2581 1627 2990 1707 possessiones
3060 1625 3531 1700 monasteriales,
3593 1628 3713 1688 vult

2001 1693 2040 1742 Β
2063 1717 2406 1796 praecedere
2434 1693 2796 1792 sacerdotes,
2849 1726 2907 1778 et
2936 1716 3083 1777 alios
3112 1715 3366 1780 clericos
3393 1715 3515 1777 illic
3548 1716 3711 1778 ειθὶφ

2060 1813 2304 1879 stantes,
2340 1813 2398 1868 et
2421 1805 2480 1865 in
2503 1807 2724 1867 sanctis
2739 1804 3047 1867 sacriﬁciis
3069 1812 3199 1886 post
3223 1804 3569 1885 praefectum
3602 1823 3709 1866 seu

2061 1893 2322 1974 priorem
2345 1907 2392 1974 ο,
2423 1897 3051 1957 commemorationem
3083 1893 3175 1955 sui
3207 1892 3360 1956 fieri.
3394 1891 3604 1966 Quaero
3633 1912 3709 1955 an

2057 1993 2219 2044 recte
2257 1984 2331 2045 de
2361 2003 2431 2045 eo
2463 1984 2806 2046 contendat.

2138 2071 2317 2152 Resp.
2378 2069 2537 2135 Ordo
2594 2071 2857 2133 coelestia
2913 2079 2974 2134 et
3032 2071 3337 2135 terrestria
3417 2071 3704 2134 continet.

2054 2159 2315 2242 Ideoque
2373 2160 2660 2222 Dominus
2720 2169 2924 2224 noster
2976 2161 3153 2223 Jesus
3211 2159 3481 2222 Christus
3509 2158 3706 2221 inanis

2053 2248 2255 2328 gloriae
2283 2249 2594 2311 vanitatem
2626 2248 2982 2330 reprimens,
3037 2250 3182 2312 Cum
3226 2258 3464 2310 vocatus
3494 2249 3701 2323 fueris,

2055 2337 2268 2418 inquit,
2302 2339 2374 2400 ad
2433 2337 2667 2418 nuptias
2722 2339 2796 2400 ab
2851 2337 3077 2418 aliquo,
3136 2357 3214 2399 ne
3258 2337 3600 2405 disc-ambas
3629 2338 3700 2399 ad

2056 2428 2238 2508 primi
2264 2426 2567 2508 accubitus
2618 2435 2865 2508 tapetes,
2927 2427 3033 2490 sed
3082 2426 3365 2489 recumbe
3395 2427 3454 2488 in
3492 2426 3700 2487 ultimo

2055 2517 2222 2578 loco:
2259 2525 2321 2578 ut
2350 2517 2555 2578 audias
2599 2515 2672 2578 ab
2724 2533 2796 2580 eo
2846 2516 2950 2598 qui
3006 2524 3063 2578 te
3113 2515 3423 2580 invitavit:
3466 2515 3698 2589 Amice,

2053 2605 2308 2669 ascende
2359 2605 2657 2686 superius.
2719 2604 2788 2667 Et
2843 2608 2924 2666 ita
2981 2606 3096 2667 erit
3135 2605 3243 2666 tibi
3272 2604 3458 2685 gloria
3491 2604 3696 2667 multa.

2053 2696 2271 2757 Lector
2323 2694 2501 2774 igitur
2553 2694 2758 2759 volens
2814 2704 2952 2756 ante
2996 2695 3343 2757 sacerdotes
3372 2693 3608 2774 sedere,
3641 2701 3701 2756 et

2053 2791 2178 2864 post
2213 2785 2555 2864 praefectum
2577 2783 3096 2861 ‘commemorari,
3134 2782 3458 2846 Dominicis
3495 2785 3700 2845 adver-

322 2885 606 2955 Κυριακοτς
676 2876 1064 2955 ἐναντιοφρονετ
1116 2877 1580 2956 παραγγέλμασιν,
1642 2883 1701 2938 Εἰ
1736 2880 1792 2938 δὲ
1834 2886 1971 2941 κατὰ

2059 2879 2212 2936 satur
2233 2873 2567 2954 praeceptis.
2617 2872 2784 2946 Quod
2813 2873 2886 2948 si,
2920 2874 3422 2954 quemadmodum
3466 2890 3693 2948 narras,

318 2965 417 3029 τήν
448 2963 695 3044 διήγησιν
751 2987 844 3021 σου
891 2967 920 3021 6
962 2963 1306 3044 ἀναγνώστης
1363 2970 1434 3034 εἰς
1463 2970 1648 3050 χώραν
1689 2969 1964 3050 ἐπιδημεῖ,

2059 2959 2329 3042 ιθοιοεξὶη
2377 2962 2621 3042 regione
2671 2961 3104 3042 peregrinatur,
3153 2962 3413 3044 praefecti
3448 2962 3701 3024 locums

317 3054 712 3132 καθηγουμένου
766 3053 928 3110 τόπον
1013 3053 1360 3134 ἀναπληρῶν,
1421 3057 1703 3124 ἀκινδύνως
1763 3059 1965 3135 μᾶλλον

2059 3050 2327 3134 implens,
2363 3053 2494 3114 sine
2525 3052 2811 3134 periculo,
2839 3053 2928 3114 vel
2957 3053 3158 3134 potius
3182 3052 3416 3125 merito,
3445 3060 3697 3117 conten-

317 3139 372 3197 δὲ
442 3142 596 3208 ἀξίως
651 3141 946 3223 φιλονεικεῖ
1000 3144 1101 3222 πρὸ
1157 3149 1264 3202 τῶν
1314 3146 1495 3226 ἱερέων
1550 3150 1830 3216 καθῆσθαι,
1880 3152 1966 3206 καὶ

2059 3142 2130 3204 dit
2161 3151 2299 3206 ante
2330 3145 2672 3208 sacerdotes
2694 3144 2907 3206 sedere
2939 3153 2996 3206 et
3015 3143 3497 3220 commemorari,
3523 3143 3702 3212 veluti

316 3233 757 3309 μνημονεύεσθαι,
790 3234 864 3298 ὡς
915 3233 1080 3289 τόπων
1139 3232 1354 3316 ἐπέχων
1437 3242 1529 3292 τοῦ
1585 3237 1964 3316 ἐπιτρέψαντος

2059 3234 2242 3294 locum
2300 3233 2609 3295 obstinens
2665 3235 2820 3315 ejus,
2871 3233 2973 3314 qui
3032 3233 3326 3295 mandavit
3367 3233 3422 3295 ei
3457 3252 3694 3296 munus.

315 3325 483 3405 «Bap
529 3325 591 3378 τὸ
648 3320 1032 3402 λειτουργημα.
1110 3325 1208 3380 Καὶ
1273 3326 1586 3405 παρίσταται
1654 3335 1809 3385 τοῦτο
1857 3330 1964 3386 ἀπὸ

2059 3321 2232 3401 ldque
2261 3321 2593 3383 ostenditur
2621 3340 2654 3384 e
2684 3341 2908 3384 canone
2939 3321 3192 3401 septimo
3219 3329 3442 3383 sancta:
3459 3329 3517 3382 et
3537 3339 3695 3382 mcu-

313 3418 405 3467 τοῦ
432 3401 484 3483 ζ’
523 3413 745 3477 κανόνος
796 3401 895 3478 τῆς
978 3411 1032 3469 ὲν
1087 3401 1363 3488 Τρούλλῳ“
1387 3424 1480 3474 τοῦ
1536 3415 1770 3495 μεγάλου
1797 3416 1970 3475 παλα·

2059 3409 2299 3471 manicae
2329 3417 2508 3472 sextae
2535 3411 2765 3492 synodi,
2791 3417 3162 3489 congregatae
3181 3410 3242 3470 in
3271 3409 3473 3472 Trullo
3499 3409 3698 3488 magni

315 3499 424 3560 νίου
479 3501 745 3569 συστάσης
803 3500 958 3579 ἁγίας
1014 3501 1104 3558 καὶ
1160 3503 1532 3578 οἰκουμενικῆς
1602 3495 1686 3578 ς’
1752 3504 1968 3563 συνόδου

316 3587 370 3644 ἐν
441 3588 586 3669 μέρει
654 3600 819 3650 ταῦτα
883 3588 1182 3656 διεξιόντος.
1286 3596 1682 3670 Μεμαθιςκαμεν
1738 3594 1792 3652 ’έν
1861 3618 1968 3652 τισι

314 3683 420 3735 τῶν
477 3676 811 3746 Ἐκκλησιῶν
857 3677 1124 3744 διακόνους
1179 3681 1324 3746 τινὰς
1380 3680 1621 3756 αὐθαδείᾳ
1675 3686 1763 3742 καὶ
1807 3689 1967 3745 αύτο-

316 3767 472 3843 νομίᾳ
529 3767 919 3848 κεχρημένους,
991 3775 1192 3846 τολμᾷν
1260 3772 1363 3850 πρὸ
1435 3777 1540 3828 τῶν
1609 3772 1968 3854 πρεσϐυτέρων

313 3857 1958 3938 καθέζεσθαι,..⁶.........

312 3945 463 4011 ἐκτὸς
493 3948 540 4003 εἰ
597 3947 676 4023 μὴ
734 3949 795 4004 τὸ
864 3949 1147 4024 πρόσωπον
1190 3949 1407 4031 ἐπέχων
1455 3962 1549 4012 τοῦ
1603 3954 1791 4012 οἰκείου
1847 3978 1960 4012 πα-

310 4038 588 4127 τριάρχου,
649 4037 686 4107 ἢ
743 4038 1154 4127 μητροπολίτου,
1186 4040 1240 4097 ἐν
1309 4042 1461 4125 ἑτέρᾳ
1513 4043 1667 4102 πόλει
1725 4049 1956 4127 παραγί-

311 4148 492 4208 νηται,
525 4125 610 4184 ἐπί
636 4149 738 4184 τινι
767 4126 1059 4209 κεφαλαίῳ.
1120 4131 1251 4190 Τότε
1291 4133 1414 4212 γὰρ,
1474 4136 1546 4200 ὡς
1614 4136 1706 4192 τὸν
1761 4125 1958 4194 ἐκείνου

310 4215 474 4273 τόπον
523 4216 864 4297 ἀναπληρῶν,
913 4221 1282 4301 τιμηθήσιτρι.

2053 3498 2275 3580 palatii,
2309 3500 2434 3561 haac
2465 3499 2524 3574 in
2587 3508 2752 3580 parte
2797 3499 3211 3580 persequentis
3245 3516 3259 3561 :
3294 3497 3360 3560 In
3393 3499 3698 3560 nonnullis

2049 3587 2335 3651 Ecclesiis
2392 3589 2675 3650 diacones
2747 3588 2941 3650 ofﬁcia
3011 3586 3418 3650 ecclesiastica
3473 3587 3698 3650 habere

2052 3678 2406 3742 didicimus:
2441 3688 2500 3740 et
2525 3697 2595 3740 ex
2625 3678 2738 3741 hoc
2770 3677 3085 3739 nonnullos
3109 3695 3336 3759 eorum,
3363 3679 3698 3757 arrogantia

2051 3777 2110 3832 et
2140 3767 2379 3830 licentia
2405 3768 2588 3830 fretos
2609 3775 2745 3830 ante
2769 3766 3145 3848 presbyteros
3185 3766 3398 3828 sedere
3425 3787 3438 3828 :
3481 3767 3695 3828 statui-

2048 3875 2200 3937 mus,
2227 3865 2290 3918 ut
2319 3856 2626 3937 diaconus,
2665 3855 2897 3921 etiamsi
2927 3856 2988 3916 in
3037 3854 3344 3934 dignitate,
3397 3853 3457 3914 id
3489 3865 3598 3932 est,
3635 3856 3694 3919 in

2044 3947 2249 4028 quovis
2279 3946 2356 4008 sit
2411 3945 2606 4008 officio
2637 3945 3057 4021 ecclesiastica,
3112 3951 3251 4006 ante
3281 3942 3693 4025 presbyterum

2041 4055 2117 4099 ne
2139 4035 2342 4100 sedeat
2373 4057 2386 4098 :
2418 4051 2831 4118 praeterquam,
2851 4036 2926 4098 sit
2948 4034 3173 4116 proprii
3193 4033 3563 4116 patriarchae,
3601 4042 3698 4104 vel

2041 4127 2488 4209 metropolitani
2534 4127 2721 4190 vicem
2753 4145 2992 4207 gerens,
3023 4124 3178 4185 adsit
3206 4124 3268 4187 in
3300 4125 3415 4187 alia
3452 4124 3692 4186 civitate

2041 4234 2224 4298 super
2277 4216 2475 4298 aliquo
2528 4217 2740 4298 capite.
2803 4215 2971 4279 Tunc
3022 4213 3185 4275 enim
3213 4223 3275 4275 ut
3305 4215 3499 4277 locum
3531 4214 3693 4276 illius

2045 4304 2324 4386 implens,
2358 4307 2779 4370 honorabitur.

392 4394 586 4476 Ἐρώτ.
657 4384 762 4472 ξβ’.
849 4394 1260 4478 Ἀγροικώτερος
1355 4401 1519 4480 ἱερεὺς
1603 4403 1694 4458 ἑὰν
1787 4404 1960 4484 τρίτου

2122 4384 2344 4460 Ῐηιενν.
2379 4398 2480 4461 6'2.
2503 4395 2808 4478 Agrestior
2831 4396 3116 4459 sacerdos
3137 4395 3186 4458 si
3205 4395 3362 4484 tertii
3385 4391 3690 4484 matrimo-

310 4485 486 4564 γάμου
563 4484 858 4565 ¹ἱερολογίιιν
939 4490 1166 4567 ποιήσῃ,
1265 4489 1366 4558 τὴν
1445 4491 1785 4571 τριτογαμίαν
1880 4495 1960 4550 εἰ·

313 4571 440 4655 δὼς,
498 4574 809 4650 κολασθειη,
867 4576 903 4645 ἧ
961 4579 1034 4643 ὡς
1078 4587 1342 4660 χωρίτης,
1416 4581 1735 4660 συγγνώμης
1796 4579 1960 4648 ἀξιω-

309 4666 525 4735 θήσεται
552 4683 570 4746 ς

391 4743 584 4817 Ἀπόκ,
640 4743 698 4812 ’0
778 4753 876 4830 μὲν
946 4757 1146 4837 φάκτον
1201 4755 1492 4837 ἀγνοήσας,
1570 4764 1685 4828 οἷος
1754 4757 1818 4816 ἃν
1870 4763 1959 4818 καὶ

306 4841 470 4918 ἔστιν,
526 4841 757 4910 ἀξιοῦται
813 4846 958 4902 κατὰ,
1006 4846 1196 4922 νόμους
1249 4849 1557 4928 συγγνώμες
1605 4869 1620 4884 ·
1669 4853 1697 4908 6
1750 4848 1806 4908 δὲ
1861 4851 1958 4908 νό-

305 4956 410 5009 μον
475 4933 768 5013 ἀγνοήσας,
837 4936 1271 5014 συγγινώσκεται.
1331 4932 1482 4996 Ἐπεὶ
1560 4937 1615 4995 δέ
1685 4939 1790 4997 ἀπὸ
1859 4941 1958 5010 τῆς

308 5028 510 5102 Νεαρᾶς
560 5022 865 5098 νομοθεσίας
948 5035 1040 5086 τοῦ
1134 5025 1373 5103 ἀοιδίμου
1446 5028 1707 5106 βασιλέως
1736 5031 1962 5111 ικυρίου

2046 4487 2130 4564 nii
2160 4505 2388 4550 sacram
2413 4486 2892 4550 benedictionem
2911 4485 3110 4548 sciens
3126 4483 3357 4560 fecerit,
3383 4481 3691 4564 punietur,

2043 4593 2142 4651 an,
2178 4589 2242 4636 ut
2267 4573 2552 4651 rustIcus,
2585 4574 2816 4638 veniam
2848 4572 3179 4636 merebitur
3205 4572 3230 4634 ’ἐ

2121 4753 2298 4833 Resp.
2314 4752 2426 4826 Qui
2445 4752 2901 4832 factumignorat
2914 4749 3341 4834 qualiscunque
3354 4746 3692 4828 sit,legibus

2041 4851 2356 4907 excusatur
2385 4864 2400 4904 :
2435 4842 2537 4925 qni
2585 4850 2782 4905 autem
2815 4841 3006 4921 legem
3027 4839 3275 4922 ignorat,
3313 4837 3540 4900 veniam
3575 4857 3693 4899 non

2043 4933 2446 5015 consequitur.
2471 4933 2766 5006 Quoniam
2790 4941 2987 4993 autem
3012 4928 3252 4992 Novella
3272 4926 3693 4990 constitutione

2046 5022 2249 5104 inclyti
2278 5021 2678 5104 imperatoris,
2698 5020 2926 5082 domini
2959 5017 3336 5083 Constantini
3366 5018 3692 5099 Porpher-

309 5113 702 5199 Κωνσταντίνου
783 5120 878 5170 τοῦ
946 5119 1438 5196 Πορφυρογεννήτου
1521 5121 1550 5175 6
1621 5121 1790 5199 τρίτος
1852 5107 1962 5199 γά-

2059 5119 2342 5198 gennetae,
2375 5111 2561 5174 tertiae
2610 5109 2832 5191 nuptiae
2864 5108 3074 5199 partim
3105 5114 3243 5199 sunt
3271 5107 3441 5199 venia
3473 5107 3688 5199 dignae,

309 5221 410 5289 μος
452 5204 531 5267 πῆ
568 5198 672 5289 μὲν
728 5195 1092 5280 συγγνωστέος
1128 5195 1284 5288 ἐστὶ,
1343 5212 1420 5275 πῆ
1477 5205 1532 5263 δὲ
1589 5195 1962 5289 ἀσύγγνωστος

2059 5202 2259 5286 partim
2314 5195 2561 5263 minime
2609 5203 2768 5289 (nam
2827 5197 2928 5280 qui
2959 5216 3028 5260 ex
3060 5195 3273 5289 primo,
3303 5196 3394 5289 vel
3425 5195 3688 5289 secundo

304 5288 380 5368 (oi
412 5289 512 5369 γὰρ
567 5287 785 5370 ἔχοντες
830 5290 1028 5360 παῖδας
1086 5293 1147 5352 ἐκ
1213 5283 1424 5377 πρώτου
1472 5296 1509 5366 ἢ
1566 5283 1804 5379 δευτέρου
1857 5299 1959 5380 γά-

2059 5283 2422 5356 matrimonio
2446 5289 2666 5353 habent
2696 5286 2941 5370 liberos,
2963 5295 3022 5351 et
3038 5286 3138 5368 qui
3169 5283 3688 5368 quadragesimum

1652 5474 1880 5552 vitam
1926 5472 2349 5556 LECTIONES.

387 5627 409 5660 c
438 5596 706 5662 obnowia
731 5599 1010 5680 fuerunt.
1054 5595 1083 5639 ‘
1109 5601 1186 5666 ab
1212 5601 1452 5670 abbate.
1483 5611 1508 5641 °
1525 5612 1663 5686 post
1684 5605 1987 5684 abbatem.
2019 5608 2041 5656 ί
2064 5606 2362 5690 abbatem.
2394 5611 2423 5657 ε
2445 5600 2679 5664 abbatis
2705 5601 2904 5664 vicena
2929 5616 3162 5681 gerens.
