4160 6212
503 255 644 324 1091
1869 254 2003 320 JUS
2043 255 2146 319 ΕΑ]

2217 248 2491 319 )NICUM
3719 246 3860 314 1099.

487 391 680 456 aetatis
711 410 938 456 annum
967 399 1370 473 excesserunt,
1401 390 1606 454 tertias
1637 391 1992 455 contrahere
2023 409 2130 453 non

2227 410 2348 464 μου,
2381 389 2469 444 καὶ
2497 389 2545 443 οἱ
2573 386 2991 466 τεσσαρακοστὸν
3021 385 3217 467 χρόνον
3286 388 3384 454 τῆς
3441 382 3646 452 ἦλικίας
3704 389 3863 444 αὐτῶν

489 490 755 564 possunt)
786 501 800 545 :
825 482 1082 546 dicimus
1109 472 1504 555 sacerdotem,
1525 480 1980 564 quihujusmodi
1997 480 2132 544 veti-

2224 473 2669 556 ὑπεραναϐάντες,
2756 475 2927 554 τρίτον
3011 474 3380 532 συνολλάττειν
3466 477 3522 532 οὗ
3575 472 3859 547 δύνανταιΓ

490 563 687 634 tarum
721 571 1057 651 nuptiarum
1080 563 1562 633 benedictionem
1588 570 1819 644 fecerit,
1840 569 2133 652 deponen-

2225 565 2398 647 φαμὲν
2452 563 2532 621 ὅτι
2576 567 2604 621 6
2640 566 2876 620 τοιούτου
2934 564 3302 640 κεκωλυμένου
3358 564 3531 642 τρίτου
3571 565 3742 642 γάμου
3767 567 3861 619 ἱέσ-

489 660 630 723 dum
665 678 797 723 esse
833 680 847 724 :
882 661 1015 741 ejus
1044 660 1204 723 enim
1265 679 1464 722 crassa
1489 668 1577 722 est
1607 659 1754 740 legis
1785 659 2132 739 ignorantia.

2226 652 2469 734 ρολογίαν
2539 655 2850 721 πεποιηκώς
2914 655 3100 735 ἱερεὺς,
3147 655 3479 735 καθαιρετέος
3526 656 3661 712 εστίν
3694 674 3709 688 ⁶
3761 678 3861 710 πα-

492 747 718 812 Rustici
741 757 938 812 autem
971 750 1021 812 si
1049 748 1432 813 subtilitatem
1462 749 1610 830 legis
1632 749 1925 830 ignorent,
1962 751 2135 812 inter-

2227 745 2435 823 χύτητα
2465 743 2564 822 γὰρ
2611 744 2775 820 νόμου
2826 745 3112 824 ἠγνόησεν.
3173 747 3233 802 Οἱ
3290 743 3344 800 δὲ
3389 759 3642 825 χωρῖται,
3677 743 3865 801 λεπτό-

492 838 634 900 dum
666 845 1045 918 excusantur,
1080 858 1198 902 non
1251 847 1469 916 tamen,
1505 838 1555 900 si
1583 838 1859 901 omnibus
1889 838 2135 901 manife-

2226 855 2361 900 τητα
2396 832 2558 908 νόμου
2587 833 2915 912 ἠγνοηκότες
2955 834 3117 891 ἐνίοτε
3161 835 3636 913 συγγινώσκονται,
3683 835 3743 891 οὔ
3771 835 3865 910 μὴν

494 936 584 992 sta
605 930 765 1010 jura.

2226 924 2290 978 τα
2317 928 2446 995 πᾷσι
2477 920 2611 991 δῆλα
2643 923 2865 1010 νόμιμα,

573 1002 814 1082 Intern
831 1018 929 1082 63.
948 1017 1162 1082 Mulier
1173 1018 1440 1099 quaedam
1457 1037 1490 1081 a
1510 1018 1751 1100 proprio
1769 1027 1932 1098 patre
1945 1024 2144 1079 coacta

2309 1010 2499 1091 Ἐρώτ.
2573 1002 2674 1090 ξγ’.
2739 1015 2876 1083 Γυνή
2937 1035 3016 1076 τις
3102 1013 3504 1092 ἆναγκαζομένη
3588 1013 3732 1091 παρὰ
3785 1019 3866 1070 τοῦ

492 1106 754 1188 legitime
785 1107 1064 1188 conjungi
1098 1107 1245 1184 viro,
1281 1116 1340 1170 et
1369 1109 1574 1171 videns
1605 1107 1973 1185 obligatoriis
2001 1106 2135 1168 scri-

2226 1102 2418 1158 οἰκείου
2488 1103 2684 1180 πατρὸς
2787 1103 3026 1179 νομίμως
3131 1105 3481 1182 συζευχθῆναι
3555 1101 3716 1182 ἀνδρὶ,
3789 1104 3865 1158 καὶ

494 1198 608 1279 ptis
632 1197 974 1278 conjugium
1008 1215 1043 1258 a
1075 1204 1239 1278 patre
1270 1197 1592 1278 munitum,
1651 1196 1952 1277 indicavit,
1986 1195 2137 1277 quod

2225 1190 2490 1268 βλέπουσα
2547 1189 2615 1246 δι’
2698 1191 2974 1271 ἐγγράφων
3045 1191 3384 1269 δεσμωτικῶν
3461 1192 3559 1260 τὴν
3635 1193 3866 1270 συζυγίαν

491 1294 654 1350 recte
682 1286 899 1350 factum
961 1295 1112 1362 erat,
1172 1286 1410 1349 cuidam
1468 1285 1752 1348 amatorie
1784 1304 1923 1366 erga
1953 1285 2134 1367 ipsam

2225 1282 2324 1336 ὑπὸ
2372 1290 2464 1339 τοῦ
2518 1282 2715 1361 πατρὸς
2770 1280 3218 1364 ἀσφαλιζομένην,
3279 1283 3496 1359 μήνυμα
3541 1281 3686 1338 ἔθετο
3746 1281 3864 1352 πρός

493 1377 730 1439 affecto.
759 1374 868 1437 Hic
888 1383 1114 1458 autem,
1139 1383 1203 1437 ut
1225 1376 1456 1457 perdite
1473 1393 1701 1456 amans,
1726 1375 1872 1436 nihil
1894 1366 2136 1437 cuncta-

2223 1391 2342 1426 τινα
2397 1366 2722 1443 διακείμενον
2776 1369 3040 1449 ἐρωτικῶς
3092 1373 3220 1451 πρὸς
3288 1371 3452 1439 αὒτὴν
3507 1378 3600 1428 τοῦ
3651 1370 3861 1449 γινομέ-

491 1474 608 1546 tus,
639 1483 774 1527 cum
805 1452 1111 1526 nonnullis
1165 1452 1252 1526 rei
1308 1465 1531 1543 ignaris
1585 1452 1982 1526 familiaribus
2016 1463 2134 1524 suis

2225 1481 2316 1515 νου
2344 1457 2529 1519 καλου.
2569 1452 2623 1517 ιΟ
2675 1457 2755 1531 δὲ,
2812 1457 2977 1536 μηδὲν
3037 1459 3332 1540 μελλήσας,
3389 1461 3460 1523 ὡς
3492 1460 3859 1538 ἐρωτομανῶν,

491 1562 663 1616 nocte
684 1555 933 1634 quadam
962 1553 1023 1614 in
1050 1553 1314 1616 mulieris
1337 1553 1704 1616 domicilium
1727 1553 1962 1634 irrupit,
1987 1571 2134 1615 cam-

2225 1548 2360 1624 μετά
2415 1570 2572 1604 τινων
2643 1546 2972 1606 ἀπαιδεύτων
3041 1551 3276 1620 συνήθων
3359 1551 3502 1624 αὐτῷ
3571 1549 3628 1605 ἐν
3681 1549 3863 1624 ἑσπερᾷ

489 1661 606 1725 que
633 1629 924 1705 volentem
983 1642 1199 1724 rapuit,
1253 1641 1621 1724 abduxitque
1677 1629 1916 1704 domum
1946 1659 2132 1715 suam,

2225 1643 2322 1713 μιᾷ
2349 1638 2446 1704 τὴν
2491 1639 2585 1706 τῆς
2616 1639 2860 1716 γυναικὸς
2910 1640 3179 1695 κατοικίαν
3236 1636 3492 1695 κατέλαϐε
3527 1655 3542 1668 ⁶
3595 1639 3683 1694 καὶ
3740 1639 3859 1694 ταύ-

490 1733 645 1794 intra
692 1731 842 1792 ﬁnes
894 1731 1044 1793 alius
1104 1731 1389 1795 territorii
1446 1732 1617 1795 sitam
1671 1729 1902 1808 Quaero,
1937 1749 2010 1792 an
2041 1730 2133 1812 qui

2224 1727 2321 1794 τὴν
2359 1725 2557 1807 ἥρπασε
2606 1727 2882 1808 θέλουσαν,
2943 1729 3031 1783 καὶ
3073 1727 3348 1806 ἀπήγαγεν
3393 1729 3464 1791 εἷς
3521 1728 3621 1795 τὴν
3684 1749 3861 1784 κατοι-

494 1821 670 1882 talem
690 1828 924 1901 raptum
950 1820 1140 1882 moliti
1165 1831 1324 1899 sunt,
1353 1820 1579 1903 possint
1603 1838 1708 1902 per
1724 1837 1948 1883 sacram
1964 1818 2137 1881 bene-

2223 1819 2340 1874 κίαν
2405 1819 2584 1892 ανῦτοῦ,
2644 1817 2982 1895 διακειμένην
3053 1820 3124 1882 εἷς
3182 1819 3359 1899 ἐτέρου
3447 1821 3650 1899 χωρίου
3720 1842 3863 1898 περι-

492 1909 816 1972 dictionem
841 1910 1127 1972 canonice
1147 1909 1450 1990 conjungi:
1477 1909 1753 1987 maxime,
1779 1928 1912 1972 cum
1932 1907 2135 1990 puellm

2225 1908 2390 1987 οχήν.
2429 1905 2644 1988 Ἐρωτῶ
2713 1907 2800 1964 οὖν
2857 1911 3047 1984 μαθεῖν
3104 1909 3147 1964 εί
3205 1906 3443 1965 δύνανται
3470 1909 3554 1967 διὰ
3581 1908 3861 1989 ἱερολογίας

494 2006 770 2080 parentes
799 1997 948 2061 illud
983 1999 1160 2062 modo
1193 1998 1325 2063 ﬁeri
1353 1999 1557 2063 velint.

2231 2003 2522 2061 κανονικῶς
2553 2001 2872 2078 συναφθῆναι
2930 1999 2977 2052 oi
3007 1996 3144 2054 οὕτω
3198 1999 3297 2064 τὴν
3352 1999 3597 2065 τοιαύτην
3628 1999 3863 2077 ἁρπαγήν

2233 2087 2666 2152 συσκευάσαντες,
2730 2088 2829 2144 Καὶ
2883 2089 2930 2144 οἱ
2989 2099 3169 2165 γονεῖς
3226 2088 3326 2167 γὰρ
3368 2091 3466 2154 τῆς
3512 2091 3765 2168 γυναικὸς
3794 2088 3865 2143 θέ-

2229 2173 2407 2233 λουσιν
2435 2177 2624 2257 ἀρτίως
2665 2178 2820 2257 τοῦτο
2847 2175 3108 2255 γενέσθαι,

573 2264 1036 2347 Resp.Tertium
1060 2273 1239 2348 caput
1254 2266 1331 2330 58
1351 2265 1436 2328 tit.
1467 2265 1548 2328 lib
1572 2266 1650 2330 60
1675 2264 1989 2343 Basilicon,
2014 2266 2142 2329 haec

2307 2253 2500 2326 Ἀπόκ.
2535 2267 2606 2324 Τὸ
2630 2255 2686 2346 γ’
2729 2253 3016 2346 κεφάλαιον
3071 2270 3164 2322 τοῦ
3193 2253 3286 2331 νη’
3331 2263 3506 2322 τίτλου
3576 2274 3670 2325 τοῦ
3726 2263 3768 2330 ξ’
3796 2266 3866 2340 βι-

489 2355 570 2416 ait
602 2354 973 2417 nominatim.
1009 2353 1095 2416 Ne
1126 2355 1308 2417 nubat
1355 2364 1522 2438 rapta
1575 2355 1827 2437 raptori.
1859 2355 1978 2418 Sed
2005 2362 2065 2417 et
2087 2354 2132 2418 si

2221 2351 2367 2411 ϐλιου
2397 2361 2502 2412 τῶν
2537 2355 2831 2412 Βασιλικῶν
2885 2354 3049 2411 ταῦτά
3078 2375 3206 2434 φησι
3264 2354 3439 2432 ῥητῶς
3475 2374 3490 2390 ο
3555 2354 3648 2421 Μὴ
3680 2355 3862 2432 γαμεί-

489 2443 587 2505 tali
617 2443 890 2524 conjugio
915 2453 1192 2525 parentes
1219 2446 1350 2525 ejus
1380 2445 1775 2526 consentiant,
1801 2445 2007 2507 exsilio
2025 2445 2132 2508 cir-

2221 2446 2327 2501 σθω
2400 2446 2435 2513 ἡ
2494 2445 2797 2525 ἁρπαγεῖσα
2852 2451 2928 2520 τῷ
2984 2445 3276 2522 ἁρπάσαντι
3320 2445 3483 2513 αὖττξν
3529 2460 3545 2476 ·
3606 2443 3747 2500 ἀλλὰ
3789 2465 3859 2500 κα

488 2532 988 2595 cumscribuntur.
1017 2532 1089 2597 Et
1103 2533 1186 2594 27
1213 2553 1402 2596 canon
1426 2541 1644 2596 sanctae
1668 2542 1728 2596 et
1751 2533 2131 2597 mcumenicm

2218 2533 2262 2588 εἰ
2333 2534 2687 2591 συναινέσουσι
2757 2540 2834 2608 τῷ
2917 2533 3140 2608 τοιούτῳ
3223 2533 3533 2608 συνοικεσίῳ
3574 2536 3623 2588 οἱ
3684 2546 3861 2613 γονεῖς

488 2629 710 2701 quartae
737 2621 944 2701 synodi
969 2622 1094 2684 haec
1117 2623 1347 2704 inquit:
1375 2641 1502 2704 eos,
1521 2624 1624 2703 qui
1641 2623 1882 2684 nomine
1913 2624 2131 2704 conju-

2215 2623 2404 2696 αὐτῆς,
2456 2624 2856 2704 περιορίζονται.
2934 2623 3030 2681 Καὶ
3099 2624 3127 2678 6
3192 2611 3276 2694 κζ’
3319 2623 3491 2678 κανὼν
3549 2625 3648 2690 τῆς
3703 2611 3855 2701 ήᾶγίας

487 2707 568 2786 gii
599 2708 880 2771 mulieres
921 2710 1179 2790 rapiunt,
1200 2702 1310 2772 _vel
1342 2702 1515 2792 apem
1545 2702 1744 2773 ferunt
1773 2729 1841 2773 ac
1870 2702 2130 2772 consen-

2214 2713 2301 2768 καὶ
2343 2714 2710 2789 οἷκουμενικῆς
2774 2702 2822 2768 δ’
2888 2710 3102 2770 συνόδου
3144 2721 3307 2770 ταῦτα
3363 2734 3491 2792 φησι
3525 2727 3540 2742 ⁸
3603 2713 3739 2776 Τοὺς
3767 2713 3857 2791 ἆρ-

489 2798 640 2859 tiunt
670 2797 766 2873 iis,
787 2797 889 2878 qui
937 2798 1208 2878 rapiunt;
1251 2799 1758 2880 statuitsynodus,
1780 2799 1830 2861 si
1851 2800 1970 2861 sint
1995 2799 2132 2881 qui-

2223 2801 2474 2872 πάζοντας
2557 2802 2815 2880 γυναῖκας
2919 2800 3004 2858 ἐπ’
3089 2801 3307 2876 ὀνόματι
3393 2803 3750 2882 συνοικεσίου,
3834 2799 3866 2866 ἦ

487 2886 624 2948 dem
675 2885 900 2967 clerici,
961 2887 1204 2968 proprio
1235 2887 1425 2966 gradu
1457 2887 1733 2950 excidere
1768 2910 1782 2947 :
1815 2890 1905 2950 sin
1935 2897 2130 2951 autem

2214 2891 2668 2968 συμπράττοντας,
2728 2891 2764 2959 ἢ
2820 2889 3220 2970 συναιρομένους
3301 2903 3420 2955 τοῖς
3510 2891 3852 2970 ἁρπάζουσιν,

488 2974 650 3057 laici,
672 2975 1179 3040 anathematizari.
1205 2975 1605 3048 Quamobrem
1627 2985 1683 3038 et
1706 2996 1814 3039 nos
1837 2979 1962 3040 haec
1984 2977 2128 3057 legi-

2214 2979 2402 3060 ὥρισεν
2438 2982 2472 3049 ἡ
2506 2978 2627 3060 ἅγία
2683 2979 2918 3062 σύνοδος,
2964 2982 3006 3036 εἰ
3049 2979 3145 3056 μὲν
3213 2979 3455 3060 κληρικοὶ
3513 2980 3654 3057 εἷεν,
3706 2981 3853 3036 ἐκπί-

489 3061 632 3124 time
661 3063 1066 3145 canoniceque
1098 3065 1422 3129 constituta
1453 3072 1794 3147 sequentes,
1828 3065 2084 3130 dicimus
2119 3086 2132 3128 :

2221 3091 2370 3126 πτειν
2426 3077 2516 3128 τοῦ
2570 3072 2773 3148 βαθμοῦ
2804 3087 2820 3104 ⁶
2905 3061 2950 3126 εἰ
3005 3068 3059 3126 δὲ
3140 3069 3319 3128 λα’ίκοὶ
3375 3070 3863 3146 ἀναθεματίζεσθαι.

491 3152 541 3214 si
571 3171 691 3228 res,
748 3159 812 3214 ut
867 3153 1332 3234 interrogatione
1391 3163 1490 3217 tua
1543 3154 1929 3238 proposuisti,
1962 3156 2044 3220 ita
2074 3175 2134 3220 se

2228 3160 2322 3215 Διὸ
2349 3161 2436 3216 καὶ
2491 3161 2654 3237 ἡμεῖς
2740 3174 2858 3224 τοῖς
2907 3160 3046 3218 οὕτω
3089 3156 3514 3239 διατεταγμένοις
3548 3163 3790 3237 νομίμως
3817 3181 3867 3216 τε

489 3241 671 3303 habet
699 3261 715 3317 ;
745 3259 940 3324 neque
970 3244 1206 3324 nuptias
1235 3244 1462 3307 futuras
1492 3243 1648 3307 inter
1688 3253 1917 3325 raptam
1948 3253 2003 3309 et
2035 3265 2132 3308 ra-

2224 3251 2314 3305 καὶ
2396 3257 2687 3314 κανονικῶς
2778 3249 3255 3330 ἀκολουθήσαντες,
3341 3248 3568 3329 λέγομεν
3661 3253 3738 3317 ὡς
3829 3252 3865 3305 εἰ

490 3339 743 3412 ptorcm,
793 3339 851 3392 et
881 3332 931 3393 si
981 3341 1151 3413 pater
1199 3332 1360 3395 illius
1415 3352 1544 3395 rem
1575 3333 1909 3414 approbet:
1943 3353 2133 3418 neque

2227 3337 2395 3402 οὕτως
2444 3337 2631 3419 ἔχουσι
2674 3340 2741 3400 τὰ
2781 3341 2875 3396 τοῦ
2914 3340 3225 3420 πράγματος
3283 3340 3456 3401 καθὼς
3515 3341 3550 3408 ἡ
3608 3337 3863 3419 ἐρώτησις

486 3429 692 3501 raptus
722 3439 928 3502 poenas
959 3422 1323 3502 eﬂugituros,
1357 3423 1458 3504 qui
1481 3423 1609 3504 ejus
1643 3422 1864 3486 fuerint
1891 3425 2129 3502 conscii,

2225 3427 2591 3507 περιέστησεν,
2665 3429 2782 3485 οὔτε
2837 3433 3010 3508 γάμος
3055 3430 3335 3508 γενήσεται
3391 3427 3584 3503 μεταξὺ
3650 3429 3748 3497 τῆς
3779 3430 3868 3507 ἀρ-

489 3509 595 3571 sed
628 3509 806 3572 etiam
837 3510 1046 3573 ultimo
1078 3511 1318 3574 affectos
1343 3512 1418 3574 iri
1449 3511 1765 3593 supplicio.

2224 3518 2480 3596 παγείσης
2508 3519 2713 3575 καὶτοῦ
2795 3518 3150 3599 ἁρπάσαντος,
3195 3518 3291 3578 κᾶν
3356 3520 3384 3573 6
3438 3518 3616 3598 πατὴρ
3675 3520 3867 3589 tam;

489 3599 800 3671 ἀσπάζηται
830 3602 890 3656 τὸ
921 3602 1222 3682 γινόμενον,
1253 3601 1368 3660 οὔτε
1395 3625 1462 3659 τα
1488 3605 1587 3670 τῆς
1619 3603 1866 3682 ἁρπαγῆς
1899 3602 2136 3680 ἐπιτίμια
2161 3603 2526 3686 διαδράσουσιν
2554 3609 2601 3664 οἱ
2628 3608 2826 3676 ταύτης
2899 3607 3218 3688 συνίστορες,
3275 3605 3412 3666 ἀλλὰ
3479 3609 3568 3663 καὶ
3623 3607 3867 3689 ἐσχάτως

485 3690 970 3768 τιμωρηθήσονται.

570 3776 791 3840 Interr.
807 3777 907 3867 64.
926 3777 1136 3867 Mulier
1155 3779 1420 3859 quaedam
1436 3779 1595 3858 gravi
1612 3779 1818 3843 morbo
1837 3780 2133 3860 laborans,

2300 3783 2492 3864 Ἐρώτ,
2592 3777 2689 3852 ξς’.
2778 3788 2915 3856 Γυνή
2993 3808 3074 3850 τις
3158 3783 3417 3863 ἀῤῥωστίᾳ
3514 3799 3867 3867 περιπεσοῦσα

490 3874 666 3928 nocte
705 3866 857 3955 mali
907 3866 1286 3955 amictionem
1326 3869 1468 3945 ulta,
1500 3869 1756 3950 seipsam
1790 3871 1851 3932 in
1884 3880 2133 3934 mortem

2224 3870 2387 3955 δεινῇ,
2454 3875 2508 3931 ἐν
2564 3875 2676 3955 ὥρᾳ
2750 3883 3049 3955 νυκτερινῇ,
3128 3875 3220 3931 τοῦ
3291 3866 3593 3952 νοσήματος
3666 3877 3867 3954 ἀμυνο-

491 3953 764 4045 projecit,
802 3962 859 4015 et
885 3954 1092 4017 mortis
1129 3957 1322 4019 hausit
1351 3958 1653 4040 poculum.
1688 3957 1790 4021 Vir
1818 3959 1970 4041 ejus,
1999 3979 2134 4024 cum

2226 3963 2354 4039 μένη
2412 3962 2562 4037 δῆθεν
2633 3966 2733 4033 τὴν
2788 3966 3043 4040 κάκωσιν,
3125 3965 3316 4032 ἑαυτὴν
3388 3966 3460 4028 εἰς
3517 3965 3742 4024 θάνατον
3797 3966 3869 4045 ἒῤ-

488 4042 677 4104 lector
728 4049 869 4105 tunc
927 4054 1108 4136 esset,
1156 4045 1472 4136 hodieque
1527 4048 1626 4129 sit,
1687 4049 1920 4129 quaerit,
1951 4068 2028 4112 an
2060 4049 2131 4111 ob

2226 4053 2366 4133 ριψε,
2425 4055 2512 4110 καὶ
2563 4055 2625 4110 τὸ
2679 4055 2772 4111 τοῦ
2825 4055 3048 4111 θανάτου
3111 4055 3366 4133 ποτήριον
3434 4053 3602 4114 ἔπιεν.
3664 4055 3869 4136 Ἰιὶρωτᾷ

489 4149 620 4193 eam
639 4149 778 4224 rem
841 4131 1272 4196 sacerdotalem
1306 4135 1653 4217 dignitatem
1705 4139 1990 4219 consequi
2020 4158 2132 4201 non

2223 4141 2312 4198 οὖν
2367 4144 2396 4198 6
2451 4144 2648 4211 ταύτης
2704 4143 2856 4224 ἁνὴρ,
2909 4141 3280 4222 ἀναγνώστης,
3339 4144 3413 4199 ὢν
3469 4145 3556 4200 καὶ
3597 4145 3721 4201 τότε
3775 4148 3859 4202 καὶ

492 4219 702 4302 possit.
2222 4231 2476 4310 σήμερον,
2538 4234 2583 4288 εί
2666 4219 2898 4292 ἐντεῦθεν
2988 4219 3269 4288 κωλύεται
3331 4245 3521 4311 τυχεῖν
3608 4236 3870 4314 ἱερατικοῦ

2222 4318 2542 4397 ἀξιώματος,

568 4399 743 4480 Resp.
761 4399 849 4482 Si,
873 4400 1373 4490 quemadmodum
1390 4421 1619 4482 narras,
1636 4404 1716 4466 ita
1737 4407 1919 4486 sejres
1931 4405 2136 4482 habet,
2165 4487 2194 4490 _

2305 4405 2497 4472 Ἀπόκ.
2557 4412 2616 4467 Εἰ
2685 4411 2820 4467 κατὰ
2884 4413 2981 4478 τὴν
3051 4408 3297 4490 διήγησίν
3353 4433 3446 4468 σου
3489 4411 3775 4470 συνέπεσον
3805 4412 3866 4468 τὰ

488 4489 678 4552 lector
706 4489 836 4552 sine
878 4489 1310 4572 impedimento
1335 4493 1686 4556 sacrabitur.
1720 4493 1794 4558 Ut
1821 4495 1980 4557 enim
2011 4496 2131 4558 dili-

2225 4503 2319 4552 τοῦ
2395 4499 2725 4579 πράγματος,
2834 4487 3305 4577 ἀπαρεμποδίστως
3395 4501 3424 4556 6
3527 4501 3868 4579 ἀναγνώστης

491 4588 732 4658 gentem
747 4579 988 4661 pigritia
1006 4600 1122 4642 non
1148 4581 1309 4646 laedit
1327 4583 1781 4663 negligentis,ex
1800 4585 2134 4647 divinorum

2227 4589 2590 4668 ἱερωθήσεται,
2683 4580 2774 4654 Ὠς
2869 4591 2969 4669 γὰρ
3023 4589 3081 4646 οὗ
3179 4589 3402 4667 βλάπτει
3461 4591 3553 4646 τὸν
3581 4590 3867 4648 σπουδαῖον

487 4685 788 4732 canonum
821 4669 1118 4732 sententia
1149 4690 1162 4731 :
1202 4671 1289 4733 sic
1321 4672 1529 4734 lectori
1586 4673 1995 4753 pmjudicium
2021 4693 2130 4736 non

2224 4678 2258 4744 ἡ
2315 4679 2535 4755 ῥᾳθυμία
2603 4686 2696 4736 τοῦ
2764 4677 3017 4755 ἂμελοῡς,
3079 4681 3211 4736 κατὰ
3265 4679 3365 4747 τὴν
3419 4681 3525 4734 τῶν
3580 4681 3734 4737 θείων
3782 4681 3865 4736 νό-

487 4757 896 4849 facietuxoris
953 4761 1081 4849 ejus
1139 4773 1472 4841 peccatum.
1523 4759 1945 4843 Unusquisque
1977 4763 2130 4826 enim

2224 4789 2335 4842 μων
2390 4765 2698 4847 περίληψιν,
2775 4766 2889 4825 οὐδὲ
2958 4769 3051 4824 τὸν
3119 4767 3486 4849 ἀναγνώστην
3522 4769 3867 4849 προκριματί-

489 4847 744 4929 propriis
855 4846 1080 4911 catenis
1158 4849 1252 4930 (ut
1337 4850 1507 4931 vulgo
1584 4850 1794 4932 fertur)
1881 4870 2131 4916 coerce-

2220 4876 2296 4912 σει
2326 4861 2425 4924 τῆς
2468 4859 2713 4935 γυναικὸς
2774 4861 2932 4917 αὐτοῦ
3003 4858 3066 4912 τὸ
3103 4846 3385 4933 ὀλίσθημα.
3451 4846 3725 4923 ’Ἕκαστος
3769 4859 3863 4936 γὰρ

491 4945 587 4998 tur
607 4937 662 4999 δ.
2218 4958 2339 5009 ταῖς
2425 4947 2639 5012 οἰκείαις
2694 4959 2920 5027 σειραῖς,
2978 4945 3115 5004 κατὰ
3204 4949 3295 5003 τὸν
3350 4947 3588 5021 εἰπόντα,
3649 4949 3838 5026 συσφίγ

2218 5055 2366 5112 γεται
2375 5081 2390 5096 .

649 5112 1001 5181 OFFICIUM
1043 5115 1141 5179 ET
1187 5115 1565 5180 DEFINITIO
1614 5116 1974 5182 EPISCOPI.

2339 5132 2423 5181 ΤΟ
2455 5130 2776 5184 ΚΑΘΗΚΟΝ
2824 5133 2934 5183 ΚΑΙ
2965 5131 3133 5183 ΟΡΟΣ
3163 5132 3290 5182 ΤΟΥ
3319 5131 3735 5187 ΕΠΙΣΚΟΠΟΥ.

489 5202 594 5267 Ea:
616 5203 771 5267 libro
793 5206 866 5269 de
884 5209 1050 5304 iure,
1084 5211 1190 5304 qui
1227 5213 1330 5304 est
1354 5205 1604 5287 Basilii,
1663 5209 2052 5272 Constantini
2079 5217 2132 5273 et

2226 5240 2250 5277 α
2315 5217 2626 5304 “11:01:00
2712 5223 2934 5304 νομίμου
3026 5219 3226 5304 βιϐλίου
3321 5221 3617 5304 Βασιλείου,
3709 5232 3857 5304 Κων-

914 5297 1156 5379 Leonis,
1188 5295 1368 5359 titulo
1396 5310 1456 5372 V,
1491 5313 1626 5378 cap.
1659 5312 1703 5362 Ι.
2299 5302 2557 5394 σταντίνοι

2299 5302 2570 5394 σταντίνου
2625 5304 2714 5359 καὶ
2773 5293 3044 5380 λέοντος,
3145 5302 3252 5359 ἀπὸ
3323 5313 3418 5362 τοῦ
3517 5293 3566 5358 ε’
3603 5293 3616 5304 ’
3658 5303 3850 5377 τίτλου,

2297 5403 2590 5462 κεφ.α.ι

568 5471 898 5556 Episcopus
927 5480 1018 5538 est
1045 5473 1352 5560 inspector
1391 5483 1451 5540 et
1496 5483 1736 5540 curator
1763 5477 2028 5542 omnium
2059 5480 2133 5543 ad

2299 5477 2620 5547 Ἐπίσκοπος
2704 5481 2844 5540 ἐστιν
2933 5481 3264 5564 ἐπιτηρητὴς
3361 5484 3448 5540 καὶ
3529 5481 3852 5562 ἐπιμελητὴς

1815 5610 2070 5676 VARUE
2112 5607 2541 5676 LECTIONES.

567 5710 596 5754 ⁸³
625 5717 1090 5800 constringitur.
