  <div class='ocr_page' id='page_1' title='image "/cluster/home/n/w/nwhite01/storage/ocr_20150623/119/hvd.32044073502494/557.png"; bbox 0 0 4160 6212; ppageno 0'>
   <div class='ocr_carea' id='block_1_1' title="bbox 589 284 744 354">
    <p class='ocr_par' dir='ltr' id='par_1_1' title="bbox 589 284 744 354">
     <span class='ocr_line' id='line_1_1' title="bbox 589 284 744 354; baseline 0.013 -2"><span class='ocrx_word' id='word_1_1' title='bbox 589 284 744 354; x_wconf 83' lang='grc'><strong>1099</strong></span> 
     </span>
    </p>
   </div>
   <div class='ocr_carea' id='block_1_2' title="bbox 584 504 2227 589">
    <p class='ocr_par' dir='ltr' id='par_1_2' title="bbox 584 504 2227 589">
     <span class='ocr_line' id='line_1_2' title="bbox 584 504 2227 589; baseline -0.005 -17"><span class='ocrx_word' id='word_1_2' title='bbox 584 510 859 574; x_wconf 89' lang='lat' dir='ltr'><strong>Nicolaus</strong></span> <span class='ocrx_word' id='word_1_3' title='bbox 887 510 1178 573; x_wconf 74' lang='lat' dir='ltr'><strong>Plotinam</strong></span> <span class='ocrx_word' id='word_1_4' title='bbox 1212 516 1504 589; x_wconf 75' lang='lat' dir='ltr'><strong>procreat.</strong></span> <span class='ocrx_word' id='word_1_5' title='bbox 1530 507 1619 568; x_wconf 83' lang='lat' dir='ltr'><strong>An</strong></span> <span class='ocrx_word' id='word_1_6' title='bbox 1651 504 2042 567; x_wconf 86' lang='lat' dir='ltr'><strong>consobrinos</strong></span> <span class='ocrx_word' id='word_1_7' title='bbox 2071 505 2227 565; x_wconf 90' lang='lat' dir='ltr'><strong>inter</strong></span> 
     </span>
    </p>
   </div>
   <div class='ocr_carea' id='block_1_3' title="bbox 585 595 2222 678">
    <p class='ocr_par' dir='ltr' id='par_1_3' title="bbox 585 595 2222 678">
     <span class='ocr_line' id='line_1_3' title="bbox 585 595 2222 678; baseline -0.005 -17"><span class='ocrx_word' id='word_1_8' title='bbox 585 619 648 661; x_wconf 88' lang='lat' dir='ltr'><strong>se</strong></span> <span class='ocrx_word' id='word_1_9' title='bbox 671 599 697 660; x_wconf 69' lang='grc' dir='ltr'><strong>Υ</strong></span> <span class='ocrx_word' id='word_1_10' title='bbox 724 604 814 662; x_wconf 83' lang='lat' dir='ltr'><strong>An</strong></span> <span class='ocrx_word' id='word_1_11' title='bbox 848 601 1043 678; x_wconf 94' lang='lat' dir='ltr'><strong>potius</strong></span> <span class='ocrx_word' id='word_1_12' title='bbox 1093 597 1367 659; x_wconf 88' lang='lat' dir='ltr'><strong>sobrinos</strong></span> <span class='ocrx_word' id='word_1_13' title='bbox 1395 595 1426 655; x_wconf 82' lang='lat'><strong>?</strong></span> <span class='ocrx_word' id='word_1_14' title='bbox 1469 595 1648 676; x_wconf 86' lang='lat' dir='ltr'><strong>Atqui</strong></span> <span class='ocrx_word' id='word_1_15' title='bbox 1681 602 1961 674; x_wconf 88' lang='lat' dir='ltr'><strong>parentes</strong></span> <span class='ocrx_word' id='word_1_16' title='bbox 1992 612 2222 667; x_wconf 89' lang='lat' dir='ltr'><strong>eorum,</strong></span> 
     </span>
    </p>
   </div>
   <div class='ocr_carea' id='block_1_4' title="bbox 589 681 2227 769">
    <p class='ocr_par' dir='ltr' id='par_1_4' title="bbox 589 681 2227 769">
     <span class='ocr_line' id='line_1_4' title="bbox 589 681 2227 769; baseline -0.004 -20"><span class='ocrx_word' id='word_1_17' title='bbox 589 689 1380 769; x_wconf 87' lang='lat' dir='ltr'><strong>nequefratressunt,neque</strong></span> <span class='ocrx_word' id='word_1_18' title='bbox 1411 683 1776 746; x_wconf 84' lang='lat' dir='ltr'><strong>consobrini.</strong></span> <span class='ocrx_word' id='word_1_19' title='bbox 1805 681 1956 743; x_wconf 86' lang='lat' dir='ltr'><strong>Num</strong></span> <span class='ocrx_word' id='word_1_20' title='bbox 1978 683 2227 745; x_wconf 89' lang='lat' dir='ltr'><strong>alterum</strong></span> 
     </span>
    </p>
   </div>
   <div class='ocr_carea' id='block_1_5' title="bbox 588 770 2229 858">
    <p class='ocr_par' dir='ltr' id='par_1_5' title="bbox 588 770 2229 858">
     <span class='ocr_line' id='line_1_5' title="bbox 588 770 2229 858; baseline -0.005 -20"><span class='ocrx_word' id='word_1_21' title='bbox 588 785 888 858; x_wconf 84' lang='lat' dir='ltr'><strong>patruum,</strong></span> <span class='ocrx_word' id='word_1_22' title='bbox 921 775 1170 836; x_wconf 90' lang='lat' dir='ltr'><strong>alterum</strong></span> <span class='ocrx_word' id='word_1_23' title='bbox 1200 774 1396 836; x_wconf 83' lang='lat' dir='ltr'><strong>fratris</strong></span> <span class='ocrx_word' id='word_1_24' title='bbox 1455 773 1636 835; x_wconf 83' lang='lat' dir='ltr'><strong>filium</strong></span> <span class='ocrx_word' id='word_1_25' title='bbox 1669 770 1699 830; x_wconf 84' lang='lat'><strong>?</strong></span> <span class='ocrx_word' id='word_1_26' title='bbox 1757 771 2071 832; x_wconf 84' lang='lat' dir='ltr'><strong>Enimvero</strong></span> <span class='ocrx_word' id='word_1_27' title='bbox 2103 771 2229 832; x_wconf 83' lang='lat' dir='ltr'><strong>ﬁeri</strong></span> 
     </span>
    </p>
   </div>
   <div class='ocr_carea' id='block_1_6' title="bbox 584 859 2228 945">
    <p class='ocr_par' dir='ltr' id='par_1_6' title="bbox 584 859 2228 945">
     <span class='ocr_line' id='line_1_6' title="bbox 584 859 2228 945; baseline -0.004 -19"><span class='ocrx_word' id='word_1_28' title='bbox 584 865 816 945; x_wconf 87' lang='lat' dir='ltr'><strong>nequit,</strong></span> <span class='ocrx_word' id='word_1_29' title='bbox 851 873 914 926; x_wconf 93' lang='lat' dir='ltr'><strong>ut</strong></span> <span class='ocrx_word' id='word_1_30' title='bbox 943 865 1236 945; x_wconf 83' lang='lat' dir='ltr'><strong>quispiam</strong></span> <span class='ocrx_word' id='word_1_31' title='bbox 1267 861 1634 942; x_wconf 75' lang='lat' dir='ltr'><strong>cognationis</strong></span> <span class='ocrx_word' id='word_1_32' title='bbox 1654 861 2110 941; x_wconf 85' lang='lat' dir='ltr'><strong>appellationem</strong></span> <span class='ocrx_word' id='word_1_33' title='bbox 2143 859 2228 920; x_wconf 93' lang='lat' dir='ltr'><strong>eis</strong></span> 
     </span>
    </p>
   </div>
   <div class='ocr_carea' id='block_1_7' title="bbox 585 948 2230 1034">
    <p class='ocr_par' dir='ltr' id='par_1_7' title="bbox 585 948 2230 1034">
     <span class='ocr_line' id='line_1_7' title="bbox 585 948 2230 1034; baseline -0.005 -18"><span class='ocrx_word' id='word_1_34' title='bbox 585 955 765 1034; x_wconf 78' lang='lat' dir='ltr'><strong>fingat</strong></span> <span class='ocrx_word' id='word_1_35' title='bbox 792 954 888 1015; x_wconf 83' lang='lat' dir='ltr'><strong>vel</strong></span> <span class='ocrx_word' id='word_1_36' title='bbox 919 953 1325 1015; x_wconf 89' lang='lat' dir='ltr'><strong>accommodet</strong></span> <span class='ocrx_word' id='word_1_37' title='bbox 1354 950 1672 1029; x_wconf 83' lang='lat' dir='ltr'><strong>nequidem</strong></span> <span class='ocrx_word' id='word_1_38' title='bbox 1707 950 1754 1009; x_wconf 90' lang='lat' dir='ltr'><strong>si</strong></span> <span class='ocrx_word' id='word_1_39' title='bbox 1789 948 2230 1029; x_wconf 89' lang='lat' dir='ltr'><strong>portentuosior</strong></span> 
     </span>
    </p>
   </div>
   <div class='ocr_carea' id='block_1_8' title="bbox 583 1036 2227 1123">
    <p class='ocr_par' dir='ltr' id='par_1_8' title="bbox 583 1036 2227 1123">
     <span class='ocr_line' id='line_1_8' title="bbox 583 1036 2227 1123; baseline -0.005 -18"><span class='ocrx_word' id='word_1_40' title='bbox 583 1043 657 1105; x_wconf 89' lang='lat' dir='ltr'><strong>sit</strong></span> <span class='ocrx_word' id='word_1_41' title='bbox 674 1043 768 1122; x_wconf 88' lang='lat' dir='ltr'><strong>iis,</strong></span> <span class='ocrx_word' id='word_1_42' title='bbox 784 1042 1254 1123; x_wconf 90' lang='lat' dir='ltr'><strong>quiScindapsos</strong></span> <span class='ocrx_word' id='word_1_43' title='bbox 1278 1039 1867 1118; x_wconf 71' lang='lat' dir='ltr'><strong>etTragelaphos(42)</strong></span> <span class='ocrx_word' id='word_1_44' title='bbox 1909 1036 2227 1098; x_wconf 87' lang='lat' dir='ltr'><strong>commini-</strong></span> 
     </span>
    </p>
   </div>
   <div class='ocr_carea' id='block_1_9' title="bbox 583 1127 2226 1209">
    <p class='ocr_par' dir='ltr' id='par_1_9' title="bbox 583 1127 2226 1209">
     <span class='ocr_line' id='line_1_9' title="bbox 583 1127 2226 1209; baseline -0.005 -15"><span class='ocrx_word' id='word_1_45' title='bbox 583 1141 850 1194; x_wconf 89' lang='lat' dir='ltr'><strong>scuntur.</strong></span> <span class='ocrx_word' id='word_1_46' title='bbox 874 1130 1137 1204; x_wconf 89' lang='lat' dir='ltr'><strong>Quorum</strong></span> <span class='ocrx_word' id='word_1_47' title='bbox 1166 1149 1303 1192; x_wconf 90' lang='lat' dir='ltr'><strong>vero</strong></span> <span class='ocrx_word' id='word_1_48' title='bbox 1336 1129 1745 1209; x_wconf 89' lang='lat' dir='ltr'><strong>propinquatis</strong></span> <span class='ocrx_word' id='word_1_49' title='bbox 1770 1127 2226 1207; x_wconf 84' lang='lat' dir='ltr'><strong>appellationem</strong></span> 
     </span>
    </p>
   </div>
   <div class='ocr_carea' id='block_1_10' title="bbox 585 1215 2226 1302">
    <p class='ocr_par' dir='ltr' id='par_1_10' title="bbox 585 1215 2226 1302">
     <span class='ocr_line' id='line_1_10' title="bbox 585 1215 2226 1302; baseline -0.004 -20"><span class='ocrx_word' id='word_1_50' title='bbox 585 1231 793 1284; x_wconf 90' lang='lat' dir='ltr'><strong>natura</strong></span> <span class='ocrx_word' id='word_1_51' title='bbox 824 1239 1064 1302; x_wconf 84' lang='lat' dir='ltr'><strong>prorsus</strong></span> <span class='ocrx_word' id='word_1_52' title='bbox 1095 1220 1350 1299; x_wconf 83' lang='lat' dir='ltr'><strong>ignorat,</strong></span> <span class='ocrx_word' id='word_1_53' title='bbox 1393 1217 1478 1279; x_wconf 82' lang='lat' dir='ltr'><strong>ita</strong></span> <span class='ocrx_word' id='word_1_54' title='bbox 1506 1225 1569 1279; x_wconf 85' lang='lat' dir='ltr'><strong>ut</strong></span> <span class='ocrx_word' id='word_1_55' title='bbox 1601 1236 1674 1278; x_wconf 91' lang='lat' dir='ltr'><strong>ne</strong></span> <span class='ocrx_word' id='word_1_56' title='bbox 1736 1216 1955 1278; x_wconf 86' lang='lat' dir='ltr'><strong>nudum</strong></span> <span class='ocrx_word' id='word_1_57' title='bbox 1989 1215 2226 1296; x_wconf 90' lang='lat' dir='ltr'><strong>quidem</strong></span> 
     </span>
    </p>
   </div>
   <div class='ocr_carea' id='block_1_11' title="bbox 582 1305 2226 1386">
    <p class='ocr_par' dir='ltr' id='par_1_11' title="bbox 582 1305 2226 1386">
     <span class='ocr_line' id='line_1_11' title="bbox 582 1305 2226 1386; baseline -0.006 -12"><span class='ocrx_word' id='word_1_58' title='bbox 582 1330 807 1374; x_wconf 89' lang='lat' dir='ltr'><strong>nomen</strong></span> <span class='ocrx_word' id='word_1_59' title='bbox 821 1311 962 1372; x_wconf 89' lang='lat' dir='ltr'><strong>hinc</strong></span> <span class='ocrx_word' id='word_1_60' title='bbox 983 1310 1070 1371; x_wconf 92' lang='lat' dir='ltr'><strong>eis</strong></span> <span class='ocrx_word' id='word_1_61' title='bbox 1094 1308 1404 1382; x_wconf 82' lang='lat' dir='ltr'><strong>indiderit;</strong></span> <span class='ocrx_word' id='word_1_62' title='bbox 1423 1326 1523 1368; x_wconf 92' lang='lat' dir='ltr'><strong>eos</strong></span> <span class='ocrx_word' id='word_1_63' title='bbox 1548 1317 1678 1386; x_wconf 91' lang='lat' dir='ltr'><strong>post</strong></span> <span class='ocrx_word' id='word_1_64' title='bbox 1695 1314 2034 1385; x_wconf 88' lang='lat' dir='ltr'><strong>procreatos</strong></span> <span class='ocrx_word' id='word_1_65' title='bbox 2053 1305 2226 1366; x_wconf 89' lang='lat' dir='ltr'><strong>etiam</strong></span> 
     </span>
    </p>
   </div>
   <div class='ocr_carea' id='block_1_12' title="bbox 582 1394 2228 1474">
    <p class='ocr_par' dir='ltr' id='par_1_12' title="bbox 582 1394 2228 1474">
     <span class='ocr_line' id='line_1_12' title="bbox 582 1394 2228 1474; baseline -0.006 -12"><span class='ocrx_word' id='word_1_66' title='bbox 582 1401 804 1462; x_wconf 92' lang='lat' dir='ltr'><strong>liberos</strong></span> <span class='ocrx_word' id='word_1_67' title='bbox 835 1418 870 1462; x_wconf 93' lang='lat' dir='ltr'><strong>a</strong></span> <span class='ocrx_word' id='word_1_68' title='bbox 900 1419 964 1461; x_wconf 85' lang='lat' dir='ltr'><strong>se</strong></span> <span class='ocrx_word' id='word_1_69' title='bbox 992 1399 1247 1460; x_wconf 85' lang='lat' dir='ltr'><strong>invicem</strong></span> <span class='ocrx_word' id='word_1_70' title='bbox 1281 1396 1565 1459; x_wconf 88' lang='lat' dir='ltr'><strong>dirimere</strong></span> <span class='ocrx_word' id='word_1_71' title='bbox 1599 1394 1768 1474; x_wconf 87' lang='lat' dir='ltr'><strong>velle,</strong></span> <span class='ocrx_word' id='word_1_72' title='bbox 1801 1413 1869 1455; x_wconf 93' lang='lat' dir='ltr'><strong>ac</strong></span> <span class='ocrx_word' id='word_1_73' title='bbox 1916 1394 2228 1455; x_wconf 89' lang='lat' dir='ltr'><strong>matrimo-</strong></span> 
     </span>
    </p>
   </div>
   <div class='ocr_carea' id='block_1_13' title="bbox 584 1483 2230 1565">
    <p class='ocr_par' dir='ltr' id='par_1_13' title="bbox 584 1483 2230 1565">
     <span class='ocr_line' id='line_1_13' title="bbox 584 1483 2230 1565; baseline -0.004 -15"><span class='ocrx_word' id='word_1_74' title='bbox 584 1490 751 1551; x_wconf 91' lang='lat' dir='ltr'><strong>nium</strong></span> <span class='ocrx_word' id='word_1_75' title='bbox 785 1506 991 1550; x_wconf 90' lang='lat' dir='ltr'><strong>eorum</strong></span> <span class='ocrx_word' id='word_1_76' title='bbox 1025 1488 1256 1550; x_wconf 91' lang='lat' dir='ltr'><strong>solvere</strong></span> <span class='ocrx_word' id='word_1_77' title='bbox 1287 1505 1398 1548; x_wconf 90' lang='lat' dir='ltr'><strong>ceu</strong></span> <span class='ocrx_word' id='word_1_78' title='bbox 1461 1485 1853 1565; x_wconf 87' lang='lat' dir='ltr'><strong>prohibitum,</strong></span> <span class='ocrx_word' id='word_1_79' title='bbox 1909 1503 2024 1544; x_wconf 90' lang='lat' dir='ltr'><strong>non</strong></span> <span class='ocrx_word' id='word_1_80' title='bbox 2058 1483 2230 1544; x_wconf 91' lang='lat' dir='ltr'><strong>modo</strong></span> 
     </span>
    </p>
   </div>
   <div class='ocr_carea' id='block_1_14' title="bbox 580 1572 2232 1658">
    <p class='ocr_par' dir='ltr' id='par_1_14' title="bbox 580 1572 2232 1658">
     <span class='ocr_line' id='line_1_14' title="bbox 580 1572 2232 1658; baseline -0.004 -19"><span class='ocrx_word' id='word_1_81' title='bbox 580 1596 690 1640; x_wconf 87' lang='lat' dir='ltr'><strong>nos</strong></span> <span class='ocrx_word' id='word_1_82' title='bbox 711 1596 815 1658; x_wconf 90' lang='lat' dir='ltr'><strong>pro</strong></span> <span class='ocrx_word' id='word_1_83' title='bbox 837 1576 1160 1638; x_wconf 90' lang='lat' dir='ltr'><strong>abolitione</strong></span> <span class='ocrx_word' id='word_1_84' title='bbox 1187 1576 1384 1654; x_wconf 88' lang='lat' dir='ltr'><strong>legum</strong></span> <span class='ocrx_word' id='word_1_85' title='bbox 1409 1582 1470 1636; x_wconf 91' lang='lat' dir='ltr'><strong>et</strong></span> <span class='ocrx_word' id='word_1_86' title='bbox 1490 1592 1809 1645; x_wconf 90' lang='lat' dir='ltr'><strong>canonum,</strong></span> <span class='ocrx_word' id='word_1_87' title='bbox 1833 1591 2034 1633; x_wconf 91' lang='lat' dir='ltr'><strong>verum</strong></span> <span class='ocrx_word' id='word_1_88' title='bbox 2056 1572 2232 1633; x_wconf 89' lang='lat' dir='ltr'><strong>etiam</strong></span> 
     </span>
    </p>
   </div>
   <div class='ocr_carea' id='block_1_15' title="bbox 1960 272 2576 346">
    <p class='ocr_par' dir='ltr' id='par_1_15' title="bbox 1960 272 2576 346">
     <span class='ocr_line' id='line_1_15' title="bbox 1960 272 2576 346; baseline -0.011 0"><span class='ocrx_word' id='word_1_89' title='bbox 1960 283 2091 346; x_wconf 88' lang='lat' dir='ltr'><strong>JUS</strong></span> <span class='ocrx_word' id='word_1_90' title='bbox 2131 272 2576 346; x_wconf 82' lang='lat' dir='ltr'><strong>GANONICUM</strong></span> 
     </span>
    </p>
   </div>
   <div class='ocr_carea' id='block_1_16' title="bbox 583 412 2227 504">
    <p class='ocr_par' dir='ltr' id='par_1_16' title="bbox 583 415 2224 504">
     <span class='ocr_line' id='line_1_16' title="bbox 583 415 2224 504; baseline -0.006 -18"><span class='ocrx_word' id='word_1_91' title='bbox 583 442 655 486; x_wconf 82' lang='lat' dir='ltr'><strong>ex</strong></span> <span class='ocrx_word' id='word_1_92' title='bbox 683 423 779 485; x_wconf 91' lang='lat' dir='ltr'><strong>his</strong></span> <span class='ocrx_word' id='word_1_93' title='bbox 791 428 1109 504; x_wconf 82' lang='lat' dir='ltr'><strong>prognatos</strong></span> <span class='ocrx_word' id='word_1_94' title='bbox 1129 420 1160 480; x_wconf 84' lang='lat'><strong>?</strong></span> <span class='ocrx_word' id='word_1_95' title='bbox 1189 421 1337 484; x_wconf 87' lang='lat' dir='ltr'><strong>Nam</strong></span> <span class='ocrx_word' id='word_1_96' title='bbox 1351 417 1688 481; x_wconf 84' lang='lat' dir='ltr'><strong>Demetrius</strong></span> <span class='ocrx_word' id='word_1_97' title='bbox 1700 417 1938 497; x_wconf 91' lang='lat' dir='ltr'><strong>quidem</strong></span> <span class='ocrx_word' id='word_1_98' title='bbox 1953 415 2224 496; x_wconf 85' lang='lat' dir='ltr'><strong>Mariam,</strong></span> 
     </span>
    </p>
   </div>
   <div class='ocr_carea' id='block_1_17' title="bbox 2311 412 3769 504">
    <p class='ocr_par' dir='ltr' id='par_1_17' title="bbox 2311 412 3769 504">
     <span class='ocr_line' id='line_1_17' title="bbox 2311 412 3769 504; baseline 0.001 -34"><span class='ocrx_word' id='word_1_99' title='bbox 2311 415 2480 504; x_wconf 63' lang='lat' dir='ltr'><strong>atth</strong></span> <span class='ocrx_word' id='word_1_100' title='bbox 2525 412 2710 504; x_wconf 63' lang='grc' dir='ltr'><strong>(τίκτει⁵</strong></span> <span class='ocrx_word' id='word_1_101' title='bbox 2763 414 2862 492; x_wconf 81' lang='grc' dir='ltr'>γὰρ</span> <span class='ocrx_word' id='word_1_102' title='bbox 2919 417 2948 470; x_wconf 99' lang='lat'><strong>6</strong></span> <span class='ocrx_word' id='word_1_103' title='bbox 2991 415 3089 490; x_wconf 82' lang='grc' dir='ltr'>μὲν</span> <span class='ocrx_word' id='word_1_104' title='bbox 3147 415 3472 504; x_wconf 57' lang='grc' dir='ltr'>ᾼημήτριος,</span> <span class='ocrx_word' id='word_1_105' title='bbox 3518 415 3723 504; x_wconf 15' lang='grc' dir='ltr'>Μαρίαν,</span> <span class='ocrx_word' id='word_1_106' title='bbox 3755 431 3769 447; x_wconf 89' lang='grc'>⁶</span> 
     </span>
    </p>
   </div>
   <div class='ocr_carea' id='block_1_18' title="bbox 3782 271 3914 341">
    <p class='ocr_par' dir='ltr' id='par_1_18' title="bbox 3782 271 3914 341">
     <span class='ocr_line' id='line_1_18' title="bbox 3782 271 3914 341; baseline 0.015 -2"><span class='ocrx_word' id='word_1_107' title='bbox 3782 271 3914 341; x_wconf 75' lang='grc'><strong>1100</strong></span> 
     </span>
    </p>
   </div>
   <div class='ocr_carea' id='block_1_19' title="bbox 3825 411 3916 476">
    <p class='ocr_par' dir='ltr' id='par_1_19' title="bbox 3825 411 3916 476">
     <span class='ocr_line' id='line_1_19' title="bbox 3825 411 3916 476; baseline 0.066 -6"><span class='ocrx_word' id='word_1_108' title='bbox 3825 411 3916 476; x_wconf 56' lang='lat' dir='ltr'><strong>to“:</strong></span> 
     </span>
    </p>
   </div>
   <div class='ocr_carea' id='block_1_20' title="bbox 2309 501 3920 584">
    <p class='ocr_par' dir='ltr' id='par_1_20' title="bbox 2309 501 3920 584">
     <span class='ocr_line' id='line_1_20' title="bbox 2309 501 3920 584; baseline -0.001 -24"><span class='ocrx_word' id='word_1_109' title='bbox 2309 501 2588 582; x_wconf 82' lang='grc' dir='ltr'>Νικόλαος,</span> <span class='ocrx_word' id='word_1_110' title='bbox 2642 501 2960 583; x_wconf 86' lang='grc' dir='ltr'>Πλωτῖνον),</span> <span class='ocrx_word' id='word_1_111' title='bbox 3006 505 3119 570; x_wconf 77' lang='grc' dir='ltr'>πῶς</span> <span class='ocrx_word' id='word_1_112' title='bbox 3150 501 3210 561; x_wconf 73' lang='grc' dir='ltr'>ἄν</span> <span class='ocrx_word' id='word_1_113' title='bbox 3266 527 3345 568; x_wconf 84' lang='grc' dir='ltr'><strong>τις</strong></span> <span class='ocrx_word' id='word_1_114' title='bbox 3392 503 3650 584; x_wconf 70' lang='grc' dir='ltr'>καλέσαις</span> <span class='ocrx_word' id='word_1_115' title='bbox 3713 502 3920 569; x_wconf 74' lang='grc' dir='ltr'>Ἐξαδέιι-</span> 
     </span>
    </p>
   </div>
   <div class='ocr_carea' id='block_1_21' title="bbox 2309 590 3920 674">
    <p class='ocr_par' dir='ltr' id='par_1_21' title="bbox 2309 590 3920 674">
     <span class='ocr_line' id='line_1_21' title="bbox 2309 590 3920 674; baseline -0.001 -26"><span class='ocrx_word' id='word_1_116' title='bbox 2309 615 2432 672; x_wconf 74' lang='grc' dir='ltr'>φους</span> <span class='ocrx_word' id='word_1_117' title='bbox 2490 592 2729 670; x_wconf 82' lang='grc' dir='ltr'><strong>πρώτους</strong></span> <span class='ocrx_word' id='word_1_118' title='bbox 2784 590 3078 662; x_wconf 76' lang='grc' dir='ltr'>ἀλλήλωνε</span> <span class='ocrx_word' id='word_1_119' title='bbox 3154 593 3291 652; x_wconf 77' lang='grc' dir='ltr'>ἀλλὰ</span> <span class='ocrx_word' id='word_1_120' title='bbox 3341 592 3768 674; x_wconf 69' lang='grc' dir='ltr'>δισεξαδέλιρουςς</span> <span class='ocrx_word' id='word_1_121' title='bbox 3840 594 3920 649; x_wconf 76' lang='grc' dir='ltr'>Καὶ</span> 
     </span>
    </p>
   </div>
   <div class='ocr_carea' id='block_1_22' title="bbox 2311 679 3921 764">
    <p class='ocr_par' dir='ltr' id='par_1_22' title="bbox 2311 679 3921 764">
     <span class='ocr_line' id='line_1_22' title="bbox 2311 679 3921 764; baseline 0 -28"><span class='ocrx_word' id='word_1_122' title='bbox 2311 681 2418 757; x_wconf 68' lang='grc' dir='ltr'><strong>μὴν</strong></span> <span class='ocrx_word' id='word_1_123' title='bbox 2449 684 2495 737; x_wconf 83' lang='grc' dir='ltr'><strong>οἱ</strong></span> <span class='ocrx_word' id='word_1_124' title='bbox 2539 681 2803 757; x_wconf 88' lang='grc' dir='ltr'>τεκόντες,</span> <span class='ocrx_word' id='word_1_125' title='bbox 2838 681 2955 738; x_wconf 72' lang='grc' dir='ltr'>οὔτε</span> <span class='ocrx_word' id='word_1_126' title='bbox 3003 680 3240 764; x_wconf 71' lang='grc' dir='ltr'>ἀδελφοί,</span> <span class='ocrx_word' id='word_1_127' title='bbox 3297 682 3412 739; x_wconf 63' lang='grc' dir='ltr'>οὔτε</span> <span class='ocrx_word' id='word_1_128' title='bbox 3469 681 3753 763; x_wconf 71' lang='grc' dir='ltr'>ἐξάδελφοι,</span> <span class='ocrx_word' id='word_1_129' title='bbox 3783 679 3921 738; x_wconf 73' lang='grc' dir='ltr'>Ἀλλὰ</span> 
     </span>
    </p>
   </div>
   <div class='ocr_carea' id='block_1_23' title="bbox 2310 769 3919 853">
    <p class='ocr_par' dir='ltr' id='par_1_23' title="bbox 2310 769 3919 853">
     <span class='ocr_line' id='line_1_23' title="bbox 2310 769 3919 853; baseline 0.002 -29"><span class='ocrx_word' id='word_1_130' title='bbox 2310 772 2398 825; x_wconf 84' lang='grc' dir='ltr'>τὸν</span> <span class='ocrx_word' id='word_1_131' title='bbox 2431 771 2549 845; x_wconf 71' lang='grc' dir='ltr'>μὲν,</span> <span class='ocrx_word' id='word_1_132' title='bbox 2594 774 2739 827; x_wconf 85' lang='grc' dir='ltr'>θεῖον</span> <span class='ocrx_word' id='word_1_133' title='bbox 2775 787 2786 800; x_wconf 92' lang='grc'><strong>·</strong></span> <span class='ocrx_word' id='word_1_134' title='bbox 2840 773 2931 827; x_wconf 84' lang='grc' dir='ltr'>τὸν</span> <span class='ocrx_word' id='word_1_135' title='bbox 2974 769 3052 847; x_wconf 82' lang='grc' dir='ltr'>δὲ,</span> <span class='ocrx_word' id='word_1_136' title='bbox 3085 773 3302 848; x_wconf 73' lang='grc' dir='ltr'>ἀνεψιόν</span> <span class='ocrx_word' id='word_1_137' title='bbox 3334 793 3350 853; x_wconf 70' lang='grc' dir='ltr'><strong>ς</strong></span> <span class='ocrx_word' id='word_1_138' title='bbox 3382 770 3529 829; x_wconf 77' lang='grc' dir='ltr'>Ἀλλ’</span> <span class='ocrx_word' id='word_1_139' title='bbox 3572 772 3666 829; x_wconf 73' lang='grc' dir='ltr'>οὒκ</span> <span class='ocrx_word' id='word_1_140' title='bbox 3716 771 3771 828; x_wconf 76' lang='grc' dir='ltr'>ἃν</span> <span class='ocrx_word' id='word_1_141' title='bbox 3823 769 3919 849; x_wconf 70' lang='grc' dir='ltr'>ἔχοι</span> 
     </span>
    </p>
   </div>
   <div class='ocr_carea' id='block_1_24' title="bbox 2310 857 3922 940">
    <p class='ocr_par' dir='ltr' id='par_1_24' title="bbox 2310 857 3922 940">
     <span class='ocr_line' id='line_1_24' title="bbox 2310 857 3922 940; baseline 0.002 -27"><span class='ocrx_word' id='word_1_142' title='bbox 2310 880 2388 924; x_wconf 88' lang='grc' dir='ltr'>τις</span> <span class='ocrx_word' id='word_1_143' title='bbox 2445 857 2635 926; x_wconf 78' lang='grc' dir='ltr'>κλῆσιν</span> <span class='ocrx_word' id='word_1_144' title='bbox 2685 861 2802 916; x_wconf 76' lang='grc' dir='ltr'>τινὰ</span> <span class='ocrx_word' id='word_1_145' title='bbox 2859 862 3161 940; x_wconf 87' lang='grc' dir='ltr'>συγγενείας</span> <span class='ocrx_word' id='word_1_146' title='bbox 3236 867 3418 926; x_wconf 70' lang='grc' dir='ltr'>αὐτοῖς</span> <span class='ocrx_word' id='word_1_147' title='bbox 3473 862 3852 919; x_wconf 69' lang='grc' dir='ltr'>ἀναπλάσασθαι</span> <span class='ocrx_word' id='word_1_148' title='bbox 3893 860 3922 926; x_wconf 72' lang='grc' dir='ltr'><strong>ἢ</strong></span> 
     </span>
    </p>
   </div>
   <div class='ocr_carea' id='block_1_25' title="bbox 2311 946 3922 1028">
    <p class='ocr_par' dir='ltr' id='par_1_25' title="bbox 2311 946 3922 1028">
     <span class='ocr_line' id='line_1_25' title="bbox 2311 946 3922 1028; baseline 0.001 -25"><span class='ocrx_word' id='word_1_149' title='bbox 2311 947 2628 1027; x_wconf 73' lang='grc' dir='ltr'><strong>ἐφαρμόσαι,</strong></span> <span class='ocrx_word' id='word_1_150' title='bbox 2675 946 2783 1008; x_wconf 72' lang='grc' dir='ltr'>οὐδ’</span> <span class='ocrx_word' id='word_1_151' title='bbox 2811 948 2936 1025; x_wconf 75' lang='grc' dir='ltr'>ἂνῇ</span> <span class='ocrx_word' id='word_1_152' title='bbox 2992 956 3096 1008; x_wconf 82' lang='grc' dir='ltr'><strong>τῶν</strong></span> <span class='ocrx_word' id='word_1_153' title='bbox 3169 950 3484 1028; x_wconf 78' lang='grc' dir='ltr'><strong>σκινδαψοὺς</strong></span> <span class='ocrx_word' id='word_1_154' title='bbox 3515 952 3550 1018; x_wconf 74' lang='grc' dir='ltr'>ἢ</span> <span class='ocrx_word' id='word_1_155' title='bbox 3607 953 3727 1013; x_wconf 74' lang='grc' dir='ltr'>τοὺς</span> <span class='ocrx_word' id='word_1_156' title='bbox 3782 972 3922 1027; x_wconf 79' lang='grc' dir='ltr'>τραγ-</span> 
     </span>
    </p>
   </div>
   <div class='ocr_carea' id='block_1_26' title="bbox 2311 1036 3924 1121">
    <p class='ocr_par' dir='ltr' id='par_1_26' title="bbox 2311 1036 3924 1121">
     <span class='ocr_line' id='line_1_26' title="bbox 2311 1036 3924 1121; baseline 0.006 -29"><span class='ocrx_word' id='word_1_157' title='bbox 2311 1037 2532 1117; x_wconf 81' lang='grc' dir='ltr'>ελάφους</span> <span class='ocrx_word' id='word_1_158' title='bbox 2589 1037 2928 1097; x_wconf 77' lang='grc' dir='ltr'><strong>πλαττόντων</strong></span> <span class='ocrx_word' id='word_1_159' title='bbox 2972 1038 3439 1121; x_wconf 88' lang='grc' dir='ltr'>τερατωδέστερος.</span> <span class='ocrx_word' id='word_1_160' title='bbox 3473 1036 3566 1107; x_wconf 65' lang='grc' dir='ltr'>Ὧν</span> <span class='ocrx_word' id='word_1_161' title='bbox 3619 1039 3672 1096; x_wconf 80' lang='grc' dir='ltr'>δὲ</span> <span class='ocrx_word' id='word_1_162' title='bbox 3714 1043 3747 1108; x_wconf 79' lang='grc' dir='ltr'>ἡ</span> <span class='ocrx_word' id='word_1_163' title='bbox 3799 1041 3924 1118; x_wconf 67' lang='grc' dir='ltr'>φύσις</span> 
     </span>
    </p>
   </div>
   <div class='ocr_carea' id='block_1_27' title="bbox 2309 1127 3926 1211">
    <p class='ocr_par' dir='ltr' id='par_1_27' title="bbox 2309 1127 3926 1211">
     <span class='ocr_line' id='line_1_27' title="bbox 2309 1127 3926 1211; baseline -0.001 -27"><span class='ocrx_word' id='word_1_164' title='bbox 2309 1129 2406 1196; x_wconf 75' lang='grc' dir='ltr'><strong>τὴν</strong></span> <span class='ocrx_word' id='word_1_165' title='bbox 2437 1127 2497 1183; x_wconf 79' lang='grc' dir='ltr'>ἐκ</span> <span class='ocrx_word' id='word_1_166' title='bbox 2575 1132 2876 1208; x_wconf 80' lang='grc' dir='ltr'><strong>συγγενείας</strong></span> <span class='ocrx_word' id='word_1_167' title='bbox 2948 1130 3138 1199; x_wconf 75' lang='grc' dir='ltr'>κλῆσιν</span> <span class='ocrx_word' id='word_1_168' title='bbox 3210 1131 3348 1195; x_wconf 80' lang='grc' dir='ltr'>ὅλως</span> <span class='ocrx_word' id='word_1_169' title='bbox 3403 1133 3658 1211; x_wconf 78' lang='grc' dir='ltr'>ἠγνόησε,</span> <span class='ocrx_word' id='word_1_170' title='bbox 3701 1133 3784 1187; x_wconf 87' lang='grc' dir='ltr'><strong>καὶ</strong></span> <span class='ocrx_word' id='word_1_171' title='bbox 3834 1128 3926 1185; x_wconf 69' lang='grc' dir='ltr'>οὐδὲ</span> 
     </span>
    </p>
   </div>
   <div class='ocr_carea' id='block_1_28' title="bbox 2312 1217 3926 1301">
    <p class='ocr_par' dir='ltr' id='par_1_28' title="bbox 2312 1217 3926 1301">
     <span class='ocr_line' id='line_1_28' title="bbox 2312 1217 3926 1301; baseline 0 -28"><span class='ocrx_word' id='word_1_172' title='bbox 2312 1217 2467 1293; x_wconf 73' lang='grc' dir='ltr'>ψιλόν</span> <span class='ocrx_word' id='word_1_173' title='bbox 2524 1221 2704 1282; x_wconf 75' lang='grc' dir='ltr'>αὐτοῖς</span> <span class='ocrx_word' id='word_1_174' title='bbox 2780 1220 3011 1276; x_wconf 81' lang='grc' dir='ltr'>ἐντεῦθεν</span> <span class='ocrx_word' id='word_1_175' title='bbox 3099 1221 3410 1301; x_wconf 77' lang='grc' dir='ltr'>περιέθηκεν</span> <span class='ocrx_word' id='word_1_176' title='bbox 3467 1220 3658 1298; x_wconf 81' lang='grc' dir='ltr'>ὄνομα,</span> <span class='ocrx_word' id='word_1_177' title='bbox 3743 1220 3926 1279; x_wconf 71' lang='grc' dir='ltr'>τούτους</span> 
     </span>
    </p>
   </div>
   <div class='ocr_carea' id='block_1_29' title="bbox 2311 1305 3925 1390">
    <p class='ocr_par' dir='ltr' id='par_1_29' title="bbox 2311 1305 3925 1390">
     <span class='ocr_line' id='line_1_29' title="bbox 2311 1305 3925 1390; baseline 0.001 -28"><span class='ocrx_word' id='word_1_178' title='bbox 2311 1309 2440 1363; x_wconf 83' lang='grc' dir='ltr'>κετὰ</span> <span class='ocrx_word' id='word_1_179' title='bbox 2496 1305 2826 1364; x_wconf 80' lang='grc' dir='ltr'>παιδοποιίαν</span> <span class='ocrx_word' id='word_1_180' title='bbox 2883 1307 3133 1379; x_wconf 77' lang='grc' dir='ltr'>ἀλλήλων</span> <span class='ocrx_word' id='word_1_181' title='bbox 3233 1314 3504 1390; x_wconf 78' lang='grc' dir='ltr'>πειρᾶσθαι</span> <span class='ocrx_word' id='word_1_182' title='bbox 3575 1309 3795 1388; x_wconf 82' lang='grc' dir='ltr'>διιστᾷν,</span> <span class='ocrx_word' id='word_1_183' title='bbox 3857 1309 3925 1363; x_wconf 77' lang='grc' dir='ltr'><strong>καὶ</strong></span> 
     </span>
    </p>
   </div>
   <div class='ocr_carea' id='block_1_30' title="bbox 2313 1395 3925 1474">
    <p class='ocr_par' dir='ltr' id='par_1_30' title="bbox 2313 1395 3925 1474">
     <span class='ocr_line' id='line_1_30' title="bbox 2313 1395 3925 1474; baseline -0.001 -23"><span class='ocrx_word' id='word_1_184' title='bbox 2313 1395 2452 1452; x_wconf 83' lang='grc' dir='ltr'>λύειν</span> <span class='ocrx_word' id='word_1_185' title='bbox 2495 1399 2568 1460; x_wconf 84' lang='grc' dir='ltr'>ὡς</span> <span class='ocrx_word' id='word_1_186' title='bbox 2611 1396 2974 1472; x_wconf 78' lang='grc' dir='ltr'><strong>κεκωλυμένον</strong></span> <span class='ocrx_word' id='word_1_187' title='bbox 3041 1401 3101 1454; x_wconf 85' lang='grc' dir='ltr'><strong>τὸ</strong></span> <span class='ocrx_word' id='word_1_188' title='bbox 3146 1400 3489 1474; x_wconf 69' lang='grc' dir='ltr'>συνοικείσιον,</span> <span class='ocrx_word' id='word_1_189' title='bbox 3522 1402 3617 1456; x_wconf 78' lang='grc' dir='ltr'>οὒκ</span> <span class='ocrx_word' id='word_1_190' title='bbox 3663 1399 3925 1467; x_wconf 72' lang='grc' dir='ltr'>ἀθετήσεως</span> 
     </span>
    </p>
   </div>
   <div class='ocr_carea' id='block_1_31' title="bbox 2315 1485 3926 1568">
    <p class='ocr_par' dir='ltr' id='par_1_31' title="bbox 2315 1485 3926 1568">
     <span class='ocr_line' id='line_1_31' title="bbox 2315 1485 3926 1568; baseline -0.001 -28"><span class='ocrx_word' id='word_1_191' title='bbox 2315 1486 2491 1560; x_wconf 89' lang='grc' dir='ltr'>νόμων</span> <span class='ocrx_word' id='word_1_192' title='bbox 2548 1508 2602 1541; x_wconf 89' lang='grc' dir='ltr'>τε</span> <span class='ocrx_word' id='word_1_193' title='bbox 2647 1488 2732 1542; x_wconf 88' lang='grc' dir='ltr'><strong>καὶ</strong></span> <span class='ocrx_word' id='word_1_194' title='bbox 2789 1487 3022 1542; x_wconf 88' lang='grc' dir='ltr'>κανόνων</span> <span class='ocrx_word' id='word_1_195' title='bbox 3093 1491 3237 1548; x_wconf 64' lang='grc' dir='ltr'>αὐτοὶ</span> <span class='ocrx_word' id='word_1_196' title='bbox 3293 1490 3535 1564; x_wconf 83' lang='grc' dir='ltr'>τιθέμεθα</span> <span class='ocrx_word' id='word_1_197' title='bbox 3592 1489 3775 1568; x_wconf 90' lang='grc' dir='ltr'>μόνον,</span> <span class='ocrx_word' id='word_1_198' title='bbox 3817 1485 3926 1542; x_wconf 74' lang='grc' dir='ltr'>ἀλλὰ</span> 
     </span>
    </p>
   </div>
   <div class='ocr_carea' id='block_1_32' title="bbox 2316 1571 3926 1657">
    <p class='ocr_par' dir='ltr' id='par_1_32' title="bbox 2316 1571 3926 1657">
     <span class='ocr_line' id='line_1_32' title="bbox 2316 1571 3926 1657; baseline -0.002 -27"><span class='ocrx_word' id='word_1_199' title='bbox 2316 1576 2406 1630; x_wconf 86' lang='grc' dir='ltr'><strong>καὶ</strong></span> <span class='ocrx_word' id='word_1_200' title='bbox 2461 1575 2576 1650; x_wconf 81' lang='grc' dir='ltr'>βίας</span> <span class='ocrx_word' id='word_1_201' title='bbox 2648 1574 2914 1653; x_wconf 76' lang='grc' dir='ltr'><strong>μεγάλης,</strong></span> <span class='ocrx_word' id='word_1_202' title='bbox 2987 1580 3074 1633; x_wconf 84' lang='grc' dir='ltr'><strong>καὶ</strong></span> <span class='ocrx_word' id='word_1_203' title='bbox 3140 1575 3461 1657; x_wconf 82' lang='grc' dir='ltr'>τυραννίδος,</span> <span class='ocrx_word' id='word_1_204' title='bbox 3534 1577 3844 1656; x_wconf 85' lang='grc' dir='ltr'>Θερμότερος</span> <span class='ocrx_word' id='word_1_205' title='bbox 3891 1571 3926 1627; x_wconf 80' lang='grc' dir='ltr'>δ’</span> 
     </span>
    </p>
   </div>
   <div class='ocr_carea' id='block_1_33' title="bbox 581 1659 2227 1755">
    <p class='ocr_par' dir='ltr' id='par_1_33' title="bbox 581 1659 2227 1747">
     <span class='ocr_line' id='line_1_33' title="bbox 581 1659 2227 1747; baseline -0.003 -20"><span class='ocrx_word' id='word_1_206' title='bbox 581 1685 687 1747; x_wconf 90' lang='lat' dir='ltr'><strong>pro</strong></span> <span class='ocrx_word' id='word_1_207' title='bbox 719 1683 930 1743; x_wconf 87' lang='lat' dir='ltr'><strong>magna</strong></span> <span class='ocrx_word' id='word_1_208' title='bbox 958 1665 1012 1724; x_wconf 90' lang='lat' dir='ltr'><strong>vi</strong></span> <span class='ocrx_word' id='word_1_209' title='bbox 1041 1684 1109 1726; x_wconf 92' lang='lat' dir='ltr'><strong>ac</strong></span> <span class='ocrx_word' id='word_1_210' title='bbox 1140 1663 1446 1744; x_wconf 83' lang='lat' dir='ltr'><strong>tyrannide</strong></span> <span class='ocrx_word' id='word_1_211' title='bbox 1497 1661 1790 1722; x_wconf 89' lang='lat' dir='ltr'><strong>ducimus.</strong></span> <span class='ocrx_word' id='word_1_212' title='bbox 1826 1660 1988 1732; x_wconf 80' lang='lat' dir='ltr'><strong>Quod</strong></span> <span class='ocrx_word' id='word_1_213' title='bbox 2023 1659 2073 1721; x_wconf 90' lang='lat' dir='ltr'><strong>si</strong></span> <span class='ocrx_word' id='word_1_214' title='bbox 2099 1659 2227 1740; x_wconf 90' lang='lat' dir='ltr'><strong>quis</strong></span> 
     </span>
    </p>
   </div>
   <div class='ocr_carea' id='block_1_34' title="bbox 2311 1659 3925 1755">
    <p class='ocr_par' dir='ltr' id='par_1_34' title="bbox 2316 1663 3925 1746">
     <span class='ocr_line' id='line_1_34' title="bbox 2316 1663 3925 1746; baseline 0 -28"><span class='ocrx_word' id='word_1_215' title='bbox 2316 1663 2375 1719; x_wconf 78' lang='grc' dir='ltr'>ἄν</span> <span class='ocrx_word' id='word_1_216' title='bbox 2419 1687 2496 1728; x_wconf 87' lang='grc' dir='ltr'><strong>τις</strong></span> <span class='ocrx_word' id='word_1_217' title='bbox 2553 1664 2699 1737; x_wconf 72' lang='grc' dir='ltr'>εἷπε,</span> <span class='ocrx_word' id='word_1_218' title='bbox 2758 1666 2845 1720; x_wconf 82' lang='grc' dir='ltr'><strong>καὶ</strong></span> <span class='ocrx_word' id='word_1_219' title='bbox 2913 1670 3011 1732; x_wconf 78' lang='grc' dir='ltr'>τῆς</span> <span class='ocrx_word' id='word_1_220' title='bbox 3070 1668 3380 1746; x_wconf 75' lang='grc' dir='ltr'>Μανιχαίων</span> <span class='ocrx_word' id='word_1_221' title='bbox 3448 1671 3760 1745; x_wconf 79' lang='grc' dir='ltr'>παραψαῦον</span> <span class='ocrx_word' id='word_1_222' title='bbox 3808 1663 3925 1740; x_wconf 78' lang='grc' dir='ltr'>αἰρέ-</span> 
     </span>
    </p>
   </div>
   <div class='ocr_carea' id='block_1_35' title="bbox 580 1749 2227 1826">
    <p class='ocr_par' dir='ltr' id='par_1_35' title="bbox 580 1749 2227 1826">
     <span class='ocr_line' id='line_1_35' title="bbox 580 1749 2227 1826; baseline -0.004 -12"><span class='ocrx_word' id='word_1_223' title='bbox 580 1755 731 1815; x_wconf 90' lang='lat' dir='ltr'><strong>forte</strong></span> <span class='ocrx_word' id='word_1_224' title='bbox 747 1753 1075 1816; x_wconf 83' lang='lat' dir='ltr'><strong>ferventior</strong></span> <span class='ocrx_word' id='word_1_225' title='bbox 1095 1753 1192 1826; x_wconf 89' lang='lat' dir='ltr'><strong>sit,</strong></span> <span class='ocrx_word' id='word_1_226' title='bbox 1209 1751 1424 1813; x_wconf 85' lang='lat' dir='ltr'><strong>dixerit</strong></span> <span class='ocrx_word' id='word_1_227' title='bbox 1441 1752 1553 1812; x_wconf 92' lang='lat' dir='ltr'><strong>hoc</strong></span> <span class='ocrx_word' id='word_1_228' title='bbox 1572 1749 1750 1812; x_wconf 90' lang='lat' dir='ltr'><strong>etiam</strong></span> <span class='ocrx_word' id='word_1_229' title='bbox 1771 1749 2227 1810; x_wconf 77' lang='lat' dir='ltr'><strong>Manichaeorum</strong></span> 
     </span>
    </p>
   </div>
   <div class='ocr_carea' id='block_1_36' title="bbox 579 1837 2226 1922">
    <p class='ocr_par' dir='ltr' id='par_1_36' title="bbox 579 1837 2226 1922">
     <span class='ocr_line' id='line_1_36' title="bbox 579 1837 2226 1922; baseline -0.004 -18"><span class='ocrx_word' id='word_1_230' title='bbox 579 1842 796 1904; x_wconf 69' lang='lat' dir='ltr'><strong>haeresi</strong></span> <span class='ocrx_word' id='word_1_231' title='bbox 826 1861 957 1904; x_wconf 90' lang='lat' dir='ltr'><strong>esse</strong></span> <span class='ocrx_word' id='word_1_232' title='bbox 980 1843 1176 1918; x_wconf 72' lang='lat' dir='ltr'><strong>aliine,</strong></span> <span class='ocrx_word' id='word_1_233' title='bbox 1208 1841 1308 1922; x_wconf 90' lang='lat' dir='ltr'><strong>qui</strong></span> <span class='ocrx_word' id='word_1_234' title='bbox 1330 1840 1627 1920; x_wconf 89' lang='lat' dir='ltr'><strong>legitimas</strong></span> <span class='ocrx_word' id='word_1_235' title='bbox 1650 1839 1886 1918; x_wconf 89' lang='lat' dir='ltr'><strong>nuptias</strong></span> <span class='ocrx_word' id='word_1_236' title='bbox 1907 1838 2123 1916; x_wconf 90' lang='lat' dir='ltr'><strong>injuste</strong></span> <span class='ocrx_word' id='word_1_237' title='bbox 2144 1837 2226 1897; x_wconf 90' lang='lat' dir='ltr'><strong>di-</strong></span> 
     </span>
    </p>
   </div>
   <div class='ocr_carea' id='block_1_37' title="bbox 580 1927 2228 2012">
    <p class='ocr_par' dir='ltr' id='par_1_37' title="bbox 580 1927 2228 2012">
     <span class='ocr_line' id='line_1_37' title="bbox 580 1927 2228 2012; baseline -0.004 -20"><span class='ocrx_word' id='word_1_238' title='bbox 580 1933 828 2012; x_wconf 87' lang='lat' dir='ltr'><strong>rimunt,</strong></span> <span class='ocrx_word' id='word_1_239' title='bbox 863 1932 1021 1993; x_wconf 89' lang='lat' dir='ltr'><strong>velut</strong></span> <span class='ocrx_word' id='word_1_240' title='bbox 1052 1950 1150 1992; x_wconf 91' lang='lat' dir='ltr'><strong>eas</strong></span> <span class='ocrx_word' id='word_1_241' title='bbox 1180 1929 1614 1990; x_wconf 89' lang='lat' dir='ltr'><strong>abominantes.</strong></span> <span class='ocrx_word' id='word_1_242' title='bbox 1650 1927 1878 2007; x_wconf 85' lang='lat' dir='ltr'><strong>Quippe</strong></span> <span class='ocrx_word' id='word_1_243' title='bbox 1901 1935 2035 1988; x_wconf 91' lang='lat' dir='ltr'><strong>sunt</strong></span> <span class='ocrx_word' id='word_1_244' title='bbox 2065 1927 2228 2005; x_wconf 92' lang='lat' dir='ltr'><strong>ejus-</strong></span> 
     </span>
    </p>
   </div>
   <div class='ocr_carea' id='block_1_38' title="bbox 581 2015 2228 2097">
    <p class='ocr_par' dir='ltr' id='par_1_38' title="bbox 581 2015 2228 2097">
     <span class='ocr_line' id='line_1_38' title="bbox 581 2015 2228 2097; baseline -0.005 -13"><span class='ocrx_word' id='word_1_245' title='bbox 581 2020 719 2084; x_wconf 92' lang='lat' dir='ltr'><strong>dem</strong></span> <span class='ocrx_word' id='word_1_246' title='bbox 750 2020 1132 2083; x_wconf 73' lang='lat' dir='ltr'><strong>absurditatis</strong></span> <span class='ocrx_word' id='word_1_247' title='bbox 1161 2017 1360 2092; x_wconf 92' lang='lat' dir='ltr'><strong>ambo,</strong></span> <span class='ocrx_word' id='word_1_248' title='bbox 1390 2015 1718 2097; x_wconf 71' lang='lat' dir='ltr'><strong>prohibitos</strong></span> <span class='ocrx_word' id='word_1_249' title='bbox 1751 2015 2095 2095; x_wconf 86' lang='lat' dir='ltr'><strong>permittere</strong></span> <span class='ocrx_word' id='word_1_250' title='bbox 2125 2033 2228 2076; x_wconf 88' lang='lat' dir='ltr'><strong>nu-</strong></span> 
     </span>
    </p>
   </div>
   <div class='ocr_carea' id='block_1_39' title="bbox 581 2103 2227 2191">
    <p class='ocr_par' dir='ltr' id='par_1_39' title="bbox 581 2103 2227 2191">
     <span class='ocr_line' id='line_1_39' title="bbox 581 2103 2227 2191; baseline -0.005 -19"><span class='ocrx_word' id='word_1_251' title='bbox 581 2112 755 2191; x_wconf 90' lang='lat' dir='ltr'><strong>ptias,</strong></span> <span class='ocrx_word' id='word_1_252' title='bbox 791 2117 851 2172; x_wconf 89' lang='lat' dir='ltr'><strong>et</strong></span> <span class='ocrx_word' id='word_1_253' title='bbox 881 2128 1001 2170; x_wconf 91' lang='lat' dir='ltr'><strong>non</strong></span> <span class='ocrx_word' id='word_1_254' title='bbox 1023 2107 1352 2187; x_wconf 90' lang='lat' dir='ltr'><strong>prohibitas</strong></span> <span class='ocrx_word' id='word_1_255' title='bbox 1374 2105 1604 2166; x_wconf 91' lang='lat' dir='ltr'><strong>solvere</strong></span> <span class='ocrx_word' id='word_1_256' title='bbox 1633 2127 1644 2162; x_wconf 91' lang='lat'>:</span> <span class='ocrx_word' id='word_1_257' title='bbox 1673 2103 1828 2183; x_wconf 85' lang='lat' dir='ltr'><strong>quod</strong></span> <span class='ocrx_word' id='word_1_258' title='bbox 1852 2122 1994 2164; x_wconf 87' lang='lat' dir='ltr'><strong>sane</strong></span> <span class='ocrx_word' id='word_1_259' title='bbox 2021 2122 2227 2183; x_wconf 91' lang='lat' dir='ltr'><strong>parum</strong></span> 
     </span>
    </p>
   </div>
   <div class='ocr_carea' id='block_1_40' title="bbox 580 2192 2231 2279">
    <p class='ocr_par' dir='ltr' id='par_1_40' title="bbox 580 2192 2231 2279">
     <span class='ocr_line' id='line_1_40' title="bbox 580 2192 2231 2279; baseline -0.005 -19"><span class='ocrx_word' id='word_1_260' title='bbox 580 2199 784 2273; x_wconf 86' lang='lat' dir='ltr'><strong>abfuit,</strong></span> <span class='ocrx_word' id='word_1_261' title='bbox 821 2198 1139 2279; x_wconf 88' lang='lat' dir='ltr'><strong>quominus</strong></span> <span class='ocrx_word' id='word_1_262' title='bbox 1173 2206 1230 2257; x_wconf 91' lang='lat' dir='ltr'><strong>et</strong></span> <span class='ocrx_word' id='word_1_263' title='bbox 1261 2194 1435 2256; x_wconf 93' lang='lat' dir='ltr'><strong>modo</strong></span> <span class='ocrx_word' id='word_1_264' title='bbox 1467 2193 1681 2255; x_wconf 87' lang='lat' dir='ltr'><strong>factum</strong></span> <span class='ocrx_word' id='word_1_265' title='bbox 1717 2192 1982 2254; x_wconf 89' lang='lat' dir='ltr'><strong>fueritab</strong></span> <span class='ocrx_word' id='word_1_266' title='bbox 2007 2193 2102 2266; x_wconf 92' lang='lat' dir='ltr'><strong>iis,</strong></span> <span class='ocrx_word' id='word_1_267' title='bbox 2129 2192 2231 2272; x_wconf 92' lang='lat' dir='ltr'><strong>qui</strong></span> 
     </span>
    </p>
   </div>
   <div class='ocr_carea' id='block_1_41' title="bbox 579 2282 2229 2370">
    <p class='ocr_par' dir='ltr' id='par_1_41' title="bbox 579 2282 2229 2370">
     <span class='ocr_line' id='line_1_41' title="bbox 579 2282 2229 2370; baseline -0.004 -20"><span class='ocrx_word' id='word_1_268' title='bbox 579 2287 869 2370; x_wconf 91' lang='lat' dir='ltr'><strong>quidquid</strong></span> <span class='ocrx_word' id='word_1_269' title='bbox 899 2287 1044 2368; x_wconf 92' lang='lat' dir='ltr'><strong>ipsis</strong></span> <span class='ocrx_word' id='word_1_270' title='bbox 1075 2294 1164 2348; x_wconf 89' lang='lat' dir='ltr'><strong>est</strong></span> <span class='ocrx_word' id='word_1_271' title='bbox 1193 2284 1410 2358; x_wconf 89' lang='lat' dir='ltr'><strong>visum,</strong></span> <span class='ocrx_word' id='word_1_272' title='bbox 1447 2292 1568 2345; x_wconf 87' lang='lat' dir='ltr'><strong>tum</strong></span> <span class='ocrx_word' id='word_1_273' title='bbox 1616 2282 1835 2356; x_wconf 86' lang='lat' dir='ltr'><strong>facere,</strong></span> <span class='ocrx_word' id='word_1_274' title='bbox 1866 2290 1990 2343; x_wconf 88' lang='lat' dir='ltr'><strong>tum</strong></span> <span class='ocrx_word' id='word_1_275' title='bbox 2025 2282 2229 2344; x_wconf 90' lang='lat' dir='ltr'><strong>dicere</strong></span> 
     </span>
    </p>
   </div>
   <div class='ocr_carea' id='block_1_42' title="bbox 578 2371 2226 2451">
    <p class='ocr_par' dir='ltr' id='par_1_42' title="bbox 578 2371 2226 2451">
     <span class='ocr_line' id='line_1_42' title="bbox 578 2371 2226 2451; baseline -0.005 -12"><span class='ocrx_word' id='word_1_276' title='bbox 578 2378 937 2439; x_wconf 89' lang='lat' dir='ltr'><strong>moliuntur:</strong></span> <span class='ocrx_word' id='word_1_277' title='bbox 970 2373 1420 2451; x_wconf 90' lang='lat' dir='ltr'><strong>nisisingularis</strong></span> <span class='ocrx_word' id='word_1_278' title='bbox 1442 2373 1542 2433; x_wconf 88' lang='lat' dir='ltr'><strong>illa</strong></span> <span class='ocrx_word' id='word_1_279' title='bbox 1563 2371 1759 2434; x_wconf 91' lang='lat' dir='ltr'><strong>cautio</strong></span> <span class='ocrx_word' id='word_1_280' title='bbox 1793 2371 2226 2451; x_wconf 89' lang='lat' dir='ltr'><strong>prudentiaque</strong></span> 
     </span>
    </p>
   </div>
   <div class='ocr_carea' id='block_1_43' title="bbox 580 2461 2220 2548">
    <p class='ocr_par' dir='ltr' id='par_1_43' title="bbox 580 2461 2220 2548">
     <span class='ocr_line' id='line_1_43' title="bbox 580 2461 2220 2548; baseline -0.005 -19"><span class='ocrx_word' id='word_1_281' title='bbox 580 2463 1079 2548; x_wconf 86' lang='lat' dir='ltr'><strong>perspicacissimi</strong></span> <span class='ocrx_word' id='word_1_282' title='bbox 1137 2463 1322 2524; x_wconf 88' lang='lat' dir='ltr'><strong>Patris</strong></span> <span class='ocrx_word' id='word_1_283' title='bbox 1383 2462 1594 2540; x_wconf 91' lang='lat' dir='ltr'><strong>nostri,</strong></span> <span class='ocrx_word' id='word_1_284' title='bbox 1627 2461 2078 2542; x_wconf 79' lang='lat' dir='ltr'><strong>communisque</strong></span> <span class='ocrx_word' id='word_1_285' title='bbox 2109 2461 2220 2521; x_wconf 88' lang='lat' dir='ltr'><strong>do-</strong></span> 
     </span>
    </p>
   </div>
   <div class='ocr_carea' id='block_1_44' title="bbox 582 2549 2226 2635">
    <p class='ocr_par' dir='ltr' id='par_1_44' title="bbox 582 2549 2226 2635">
     <span class='ocr_line' id='line_1_44' title="bbox 582 2549 2226 2635; baseline -0.004 -20"><span class='ocrx_word' id='word_1_286' title='bbox 582 2555 751 2635; x_wconf 85' lang='lat' dir='ltr'><strong>mini,</strong></span> <span class='ocrx_word' id='word_1_287' title='bbox 784 2571 960 2634; x_wconf 86' lang='lat' dir='ltr'><strong>quem</strong></span> <span class='ocrx_word' id='word_1_288' title='bbox 989 2551 1221 2614; x_wconf 85' lang='lat' dir='ltr'><strong>divinus</strong></span> <span class='ocrx_word' id='word_1_289' title='bbox 1253 2551 1426 2632; x_wconf 86' lang='lat' dir='ltr'><strong>plane</strong></span> <span class='ocrx_word' id='word_1_290' title='bbox 1455 2550 1716 2611; x_wconf 87' lang='lat' dir='ltr'><strong>calculus</strong></span> <span class='ocrx_word' id='word_1_291' title='bbox 1747 2549 2034 2611; x_wconf 90' lang='lat' dir='ltr'><strong>Ecclesiis</strong></span> <span class='ocrx_word' id='word_1_292' title='bbox 2065 2549 2226 2610; x_wconf 93' lang='lat' dir='ltr'><strong>orbis</strong></span> 
     </span>
    </p>
   </div>
   <div class='ocr_carea' id='block_1_45' title="bbox 578 2637 2225 2718">
    <p class='ocr_par' dir='ltr' id='par_1_45' title="bbox 578 2637 2225 2718">
     <span class='ocr_line' id='line_1_45' title="bbox 578 2637 2225 2718; baseline -0.002 -14"><span class='ocrx_word' id='word_1_293' title='bbox 578 2651 869 2706; x_wconf 90' lang='lat' dir='ltr'><strong>terrarum</strong></span> <span class='ocrx_word' id='word_1_294' title='bbox 891 2643 962 2705; x_wconf 89' lang='lat' dir='ltr'><strong>ad</strong></span> <span class='ocrx_word' id='word_1_295' title='bbox 985 2640 1474 2703; x_wconf 86' lang='lat' dir='ltr'><strong>instaurationem</strong></span> <span class='ocrx_word' id='word_1_296' title='bbox 1499 2637 2008 2714; x_wconf 86' lang='lat' dir='ltr'><strong>sacrarumlegum</strong></span> <span class='ocrx_word' id='word_1_297' title='bbox 2049 2645 2225 2718; x_wconf 90' lang='lat' dir='ltr'><strong>atque</strong></span> 
     </span>
    </p>
   </div>
   <div class='ocr_carea' id='block_1_46' title="bbox 2314 1753 3924 1833">
    <p class='ocr_par' dir='ltr' id='par_1_46' title="bbox 2314 1753 3924 1833">
     <span class='ocr_line' id='line_1_46' title="bbox 2314 1753 3924 1833; baseline 0.003 -26"><span class='ocrx_word' id='word_1_298' title='bbox 2314 1774 2447 1817; x_wconf 91' lang='grc' dir='ltr'>σεως</span> <span class='ocrx_word' id='word_1_299' title='bbox 2483 1772 2496 1786; x_wconf 83' lang='grc'><strong><em>⁸</em></strong></span> <span class='ocrx_word' id='word_1_300' title='bbox 2532 1755 2583 1809; x_wconf 80' lang='grc' dir='ltr'><strong>οἳ</strong></span> <span class='ocrx_word' id='word_1_301' title='bbox 2616 1754 2737 1816; x_wconf 87' lang='grc' dir='ltr'>τοὺς</span> <span class='ocrx_word' id='word_1_302' title='bbox 2783 1755 3034 1830; x_wconf 78' lang='grc' dir='ltr'>νομίμους</span> <span class='ocrx_word' id='word_1_303' title='bbox 3075 1755 3285 1829; x_wconf 87' lang='grc' dir='ltr'>ἀνόμως</span> <span class='ocrx_word' id='word_1_304' title='bbox 3342 1753 3599 1811; x_wconf 83' lang='grc' dir='ltr'>διασπῶσι</span> <span class='ocrx_word' id='word_1_305' title='bbox 3631 1756 3841 1833; x_wconf 77' lang='grc' dir='ltr'>γάμους,</span> <span class='ocrx_word' id='word_1_306' title='bbox 3869 1754 3924 1812; x_wconf 76' lang='grc' dir='ltr'>ὡς</span> 
     </span>
    </p>
   </div>
   <div class='ocr_carea' id='block_1_47' title="bbox 2311 1839 3926 1919">
    <p class='ocr_par' dir='ltr' id='par_1_47' title="bbox 2311 1839 3926 1919">
     <span class='ocr_line' id='line_1_47' title="bbox 2311 1839 3926 1919; baseline -0.001 -22"><span class='ocrx_word' id='word_1_307' title='bbox 2311 1839 2739 1918; x_wconf 85' lang='grc' dir='ltr'>βδελυσσόμενοι.</span> <span class='ocrx_word' id='word_1_308' title='bbox 2775 1839 2919 1898; x_wconf 84' lang='grc' dir='ltr'>Ἐπεὶ</span> <span class='ocrx_word' id='word_1_309' title='bbox 2974 1845 3061 1899; x_wconf 84' lang='grc' dir='ltr'><strong>καὶ</strong></span> <span class='ocrx_word' id='word_1_310' title='bbox 3130 1850 3228 1910; x_wconf 78' lang='grc' dir='ltr'><strong>τῆς</strong></span> <span class='ocrx_word' id='word_1_311' title='bbox 3290 1844 3453 1911; x_wconf 68' lang='grc' dir='ltr'>αὐτῆς</span> <span class='ocrx_word' id='word_1_312' title='bbox 3511 1845 3731 1907; x_wconf 76' lang='grc' dir='ltr'>ἀτοπίας</span> <span class='ocrx_word' id='word_1_313' title='bbox 3774 1841 3926 1919; x_wconf 68' lang='grc' dir='ltr'>ἀμφό-</span> 
     </span>
    </p>
   </div>
   <div class='ocr_carea' id='block_1_48' title="bbox 2309 1929 3925 2014">
    <p class='ocr_par' dir='ltr' id='par_1_48' title="bbox 2309 1929 3925 2014">
     <span class='ocr_line' id='line_1_48' title="bbox 2309 1929 3925 2014; baseline -0.001 -27"><span class='ocrx_word' id='word_1_314' title='bbox 2309 1952 2456 2008; x_wconf 88' lang='grc' dir='ltr'>τερα,</span> <span class='ocrx_word' id='word_1_315' title='bbox 2488 1943 2791 2010; x_wconf 78' lang='grc' dir='ltr'>συγχωρεῖν</span> <span class='ocrx_word' id='word_1_316' title='bbox 2853 1953 2913 2014; x_wconf 72' lang='grc' dir='ltr'><strong>τε</strong></span> <span class='ocrx_word' id='word_1_317' title='bbox 2944 1933 3145 2009; x_wconf 80' lang='grc' dir='ltr'>γάμους</span> <span class='ocrx_word' id='word_1_318' title='bbox 3198 1932 3618 2014; x_wconf 88' lang='grc' dir='ltr'>κεκωλυμένους,</span> <span class='ocrx_word' id='word_1_319' title='bbox 3675 1955 3761 1989; x_wconf 84' lang='grc' dir='ltr'><strong>και</strong></span> <span class='ocrx_word' id='word_1_320' title='bbox 3811 1929 3925 1985; x_wconf 76' lang='grc' dir='ltr'>λύειν</span> 
     </span>
    </p>
   </div>
   <div class='ocr_carea' id='block_1_49' title="bbox 2310 2009 3925 2100">
    <p class='ocr_par' dir='ltr' id='par_1_49' title="bbox 2310 2009 3925 2100">
     <span class='ocr_line' id='line_1_49' title="bbox 2310 2009 3925 2100; baseline -0.001 -26"><span class='ocrx_word' id='word_1_321' title='bbox 2310 2022 2430 2082; x_wconf 82' lang='grc' dir='ltr'>τοὺς</span> <span class='ocrx_word' id='word_1_322' title='bbox 2475 2018 2802 2094; x_wconf 69' lang='grc' dir='ltr'>ἀκωλότους.</span> <span class='ocrx_word' id='word_1_323' title='bbox 2852 2009 3029 2100; x_wconf 62' lang='grc' dir='ltr'><strong>ιὈπερ</strong></span> <span class='ocrx_word' id='word_1_324' title='bbox 3073 2019 3134 2078; x_wconf 81' lang='grc' dir='ltr'>ἂν</span> <span class='ocrx_word' id='word_1_325' title='bbox 3189 2024 3275 2078; x_wconf 85' lang='grc' dir='ltr'><strong>καὶ</strong></span> <span class='ocrx_word' id='word_1_326' title='bbox 3319 2032 3404 2081; x_wconf 82' lang='grc' dir='ltr'>νῦν</span> <span class='ocrx_word' id='word_1_327' title='bbox 3475 2009 3760 2100; x_wconf 81' lang='grc' dir='ltr'>παρολίγον</span> <span class='ocrx_word' id='word_1_328' title='bbox 3788 2020 3925 2097; x_wconf 80' lang='grc' dir='ltr'>ἐπρά-</span> 
     </span>
    </p>
   </div>
   <div class='ocr_carea' id='block_1_50' title="bbox 2311 2106 3927 2187">
    <p class='ocr_par' dir='ltr' id='par_1_50' title="bbox 2311 2106 3927 2187">
     <span class='ocr_line' id='line_1_50' title="bbox 2311 2106 3927 2187; baseline -0.002 -23"><span class='ocrx_word' id='word_1_329' title='bbox 2311 2111 2420 2187; x_wconf 86' lang='grc' dir='ltr'><strong>χθη</strong></span> <span class='ocrx_word' id='word_1_330' title='bbox 2445 2109 2531 2164; x_wconf 88' lang='grc' dir='ltr'>καὶ</span> <span class='ocrx_word' id='word_1_331' title='bbox 2573 2106 2821 2176; x_wconf 78' lang='grc' dir='ltr'>διηνύσθη</span> <span class='ocrx_word' id='word_1_332' title='bbox 2866 2123 2983 2172; x_wconf 80' lang='grc' dir='ltr'>τοῖς</span> <span class='ocrx_word' id='word_1_333' title='bbox 3032 2116 3134 2166; x_wconf 81' lang='grc' dir='ltr'>πᾶν</span> <span class='ocrx_word' id='word_1_334' title='bbox 3167 2112 3226 2166; x_wconf 85' lang='grc' dir='ltr'><strong>τὸ</strong></span> <span class='ocrx_word' id='word_1_335' title='bbox 3285 2109 3466 2170; x_wconf 79' lang='grc' dir='ltr'>δοκοῦν</span> <span class='ocrx_word' id='word_1_336' title='bbox 3523 2113 3613 2167; x_wconf 86' lang='grc' dir='ltr'>καὶ</span> <span class='ocrx_word' id='word_1_337' title='bbox 3657 2122 3823 2166; x_wconf 76' lang='grc' dir='ltr'>ποιεῖν</span> <span class='ocrx_word' id='word_1_338' title='bbox 3859 2108 3927 2163; x_wconf 76' lang='grc' dir='ltr'><strong>καὶ</strong></span> 
     </span>
    </p>
   </div>
   <div class='ocr_carea' id='block_1_51' title="bbox 2311 2194 3926 2278">
    <p class='ocr_par' dir='ltr' id='par_1_51' title="bbox 2311 2194 3926 2278">
     <span class='ocr_line' id='line_1_51' title="bbox 2311 2194 3926 2278; baseline 0.003 -27"><span class='ocrx_word' id='word_1_339' title='bbox 2311 2194 2485 2275; x_wconf 84' lang='grc' dir='ltr'>λέγειν</span> <span class='ocrx_word' id='word_1_340' title='bbox 2529 2197 2945 2277; x_wconf 82' lang='grc' dir='ltr'>μηχανωμένοις</span> <span class='ocrx_word' id='word_1_341' title='bbox 2982 2218 2997 2235; x_wconf 78' lang='grc' dir='ltr'><strong><em>ο</em></strong></span> <span class='ocrx_word' id='word_1_342' title='bbox 3031 2199 3177 2273; x_wconf 84' lang='grc' dir='ltr'>εἰμὴ</span> <span class='ocrx_word' id='word_1_343' title='bbox 3244 2201 3303 2254; x_wconf 84' lang='grc' dir='ltr'>τὸ</span> <span class='ocrx_word' id='word_1_344' title='bbox 3367 2196 3498 2278; x_wconf 74' lang='grc' dir='ltr'>ἄγαν</span> <span class='ocrx_word' id='word_1_345' title='bbox 3556 2195 3926 2278; x_wconf 69' lang='grc' dir='ltr'>πεφυλαγμένον</span> 
     </span>
    </p>
   </div>
   <div class='ocr_carea' id='block_1_52' title="bbox 2310 2285 3925 2368">
    <p class='ocr_par' dir='ltr' id='par_1_52' title="bbox 2310 2285 3925 2368">
     <span class='ocr_line' id='line_1_52' title="bbox 2310 2285 3925 2368; baseline 0 -28"><span class='ocrx_word' id='word_1_346' title='bbox 2310 2305 2366 2340; x_wconf 84' lang='grc' dir='ltr'><strong>τε</strong></span> <span class='ocrx_word' id='word_1_347' title='bbox 2396 2286 2482 2341; x_wconf 88' lang='grc' dir='ltr'><strong>καὶ</strong></span> <span class='ocrx_word' id='word_1_348' title='bbox 2540 2286 2792 2366; x_wconf 81' lang='grc' dir='ltr'>ἀγχίνουν</span> <span class='ocrx_word' id='word_1_349' title='bbox 2863 2293 2956 2343; x_wconf 82' lang='grc' dir='ltr'>τοῦ</span> <span class='ocrx_word' id='word_1_350' title='bbox 3011 2285 3447 2366; x_wconf 84' lang='grc' dir='ltr'>διορατικωτάτου</span> <span class='ocrx_word' id='word_1_351' title='bbox 3503 2290 3739 2368; x_wconf 80' lang='grc' dir='ltr'>Πατρρος</span> <span class='ocrx_word' id='word_1_352' title='bbox 3799 2289 3925 2361; x_wconf 72' lang='grc' dir='ltr'>ἡμῶν</span> 
     </span>
    </p>
   </div>
   <div class='ocr_carea' id='block_1_53' title="bbox 2308 2373 3925 2458">
    <p class='ocr_par' dir='ltr' id='par_1_53' title="bbox 2308 2373 3925 2458">
     <span class='ocr_line' id='line_1_53' title="bbox 2308 2373 3925 2458; baseline 0 -29"><span class='ocrx_word' id='word_1_353' title='bbox 2308 2375 2395 2430; x_wconf 84' lang='grc' dir='ltr'><strong>καὶ</strong></span> <span class='ocrx_word' id='word_1_354' title='bbox 2424 2374 2601 2430; x_wconf 72' lang='grc' dir='ltr'>κοινοῦ</span> <span class='ocrx_word' id='word_1_355' title='bbox 2643 2373 2920 2451; x_wconf 73' lang='grc' dir='ltr'>δεσπότου,</span> <span class='ocrx_word' id='word_1_356' title='bbox 2989 2377 3046 2432; x_wconf 82' lang='grc' dir='ltr'>ὃν</span> <span class='ocrx_word' id='word_1_357' title='bbox 3104 2381 3282 2457; x_wconf 71' lang='grc' dir='ltr'>ψῆφος</span> <span class='ocrx_word' id='word_1_358' title='bbox 3355 2378 3601 2458; x_wconf 75' lang='grc' dir='ltr'>ἐμφανῶς</span> <span class='ocrx_word' id='word_1_359' title='bbox 3673 2378 3779 2433; x_wconf 81' lang='grc' dir='ltr'>θεία</span> <span class='ocrx_word' id='word_1_360' title='bbox 3825 2387 3925 2436; x_wconf 74' lang='grc' dir='ltr'>ταῖς</span> 
     </span>
    </p>
   </div>
   <div class='ocr_carea' id='block_1_54' title="bbox 2307 2461 3925 2538">
    <p class='ocr_par' dir='ltr' id='par_1_54' title="bbox 2307 2461 3925 2538">
     <span class='ocr_line' id='line_1_54' title="bbox 2307 2461 3925 2538; baseline -0.001 -21"><span class='ocrx_word' id='word_1_361' title='bbox 2307 2465 2406 2530; x_wconf 78' lang='grc' dir='ltr'><strong>τῆς</strong></span> <span class='ocrx_word' id='word_1_362' title='bbox 2472 2462 2783 2538; x_wconf 78' lang='grc' dir='ltr'>οἰκουμένης</span> <span class='ocrx_word' id='word_1_363' title='bbox 2841 2461 3183 2531; x_wconf 85' lang='grc' dir='ltr'>Ἐκκλησίαις</span> <span class='ocrx_word' id='word_1_364' title='bbox 3249 2465 3333 2522; x_wconf 78' lang='grc' dir='ltr'><strong>ἐπ’</strong></span> <span class='ocrx_word' id='word_1_365' title='bbox 3394 2466 3678 2522; x_wconf 80' lang='grc' dir='ltr'>ἀνανεώσει</span> <span class='ocrx_word' id='word_1_366' title='bbox 3725 2470 3822 2520; x_wconf 82' lang='grc' dir='ltr'>τῶν</span> <span class='ocrx_word' id='word_1_367' title='bbox 3870 2467 3925 2517; x_wconf 71' lang='grc' dir='ltr'><strong>ἱε-</strong></span> 
     </span>
    </p>
   </div>
   <div class='ocr_carea' id='block_1_55' title="bbox 2307 2551 3925 2636">
    <p class='ocr_par' dir='ltr' id='par_1_55' title="bbox 2307 2551 3925 2636">
     <span class='ocr_line' id='line_1_55' title="bbox 2307 2551 3925 2636; baseline -0.001 -29"><span class='ocrx_word' id='word_1_368' title='bbox 2307 2558 2410 2630; x_wconf 85' lang='grc' dir='ltr'><strong>ρῶν</strong></span> <span class='ocrx_word' id='word_1_369' title='bbox 2440 2553 2646 2628; x_wconf 81' lang='grc' dir='ltr'>θεσμῶν</span> <span class='ocrx_word' id='word_1_370' title='bbox 2705 2555 2792 2610; x_wconf 87' lang='grc' dir='ltr'>καὶ</span> <span class='ocrx_word' id='word_1_371' title='bbox 2847 2554 3080 2612; x_wconf 88' lang='grc' dir='ltr'>κανόνων</span> <span class='ocrx_word' id='word_1_372' title='bbox 3140 2555 3420 2636; x_wconf 68' lang='grc' dir='ltr'>ἐπέστησε,</span> <span class='ocrx_word' id='word_1_373' title='bbox 3481 2554 3729 2632; x_wconf 78' lang='grc' dir='ltr'>συνοδικῇ</span> <span class='ocrx_word' id='word_1_374' title='bbox 3771 2551 3925 2608; x_wconf 73' lang='grc' dir='ltr'>δεασκέ</span> 
     </span>
    </p>
   </div>
   <div class='ocr_carea' id='block_1_56' title="bbox 2306 2642 3023 2722">
    <p class='ocr_par' dir='ltr' id='par_1_56' title="bbox 2306 2642 3023 2722">
     <span class='ocr_line' id='line_1_56' title="bbox 2306 2642 3023 2722; baseline 0.006 -26"><span class='ocrx_word' id='word_1_375' title='bbox 2306 2646 2395 2716; x_wconf 81' lang='grc' dir='ltr'><strong>ψει</strong></span> <span class='ocrx_word' id='word_1_376' title='bbox 2425 2643 2486 2697; x_wconf 86' lang='grc' dir='ltr'>τὸ</span> <span class='ocrx_word' id='word_1_377' title='bbox 2529 2648 2749 2722; x_wconf 82' lang='grc' dir='ltr'>πρᾶγμα</span> <span class='ocrx_word' id='word_1_378' title='bbox 2791 2642 3023 2706; x_wconf 84' lang='grc' dir='ltr'>ἀνέθετο.</span> 
     </span>
    </p>
   </div>
   <div class='ocr_carea' id='block_1_57' title="bbox 579 2726 2890 2812">
    <p class='ocr_par' dir='ltr' id='par_1_57' title="bbox 579 2726 2890 2812">
     <span class='ocr_line' id='line_1_57' title="bbox 579 2726 2890 2812; baseline -0.001 -18"><span class='ocrx_word' id='word_1_379' title='bbox 579 2749 872 2796; x_wconf 88' lang='lat' dir='ltr'><strong>canonum</strong></span> <span class='ocrx_word' id='word_1_380' title='bbox 907 2731 1193 2812; x_wconf 82' lang='lat' dir='ltr'><strong>praefecit,</strong></span> <span class='ocrx_word' id='word_1_381' title='bbox 1227 2729 1301 2791; x_wconf 89' lang='lat' dir='ltr'><strong>ad</strong></span> <span class='ocrx_word' id='word_1_382' title='bbox 1336 2727 1682 2808; x_wconf 81' lang='lat' dir='ltr'><strong>synodicam</strong></span> <span class='ocrx_word' id='word_1_383' title='bbox 1717 2726 2206 2790; x_wconf 87' lang='lat' dir='ltr'><strong>deliberationem</strong></span> <span class='ocrx_word' id='word_1_384' title='bbox 2241 2729 2537 2808; x_wconf 86' lang='lat' dir='ltr'><strong>negotium</strong></span> <span class='ocrx_word' id='word_1_385' title='bbox 2569 2729 2890 2793; x_wconf 87' lang='lat' dir='ltr'><strong>retulisset.</strong></span> 
     </span>
    </p>
   </div>
   <div class='ocr_carea' id='block_1_58' title="bbox 661 2816 2221 2899">
    <p class='ocr_par' dir='ltr' id='par_1_58' title="bbox 661 2816 2221 2899">
     <span class='ocr_line' id='line_1_58' title="bbox 661 2816 2221 2899; baseline -0.004 -15"><span class='ocrx_word' id='word_1_386' title='bbox 661 2821 928 2892; x_wconf 89' lang='lat' dir='ltr'><strong>Atenim,</strong></span> <span class='ocrx_word' id='word_1_387' title='bbox 976 2818 1167 2899; x_wconf 91' lang='lat' dir='ltr'><strong>inquit</strong></span> <span class='ocrx_word' id='word_1_388' title='bbox 1187 2816 1576 2880; x_wconf 89' lang='lat' dir='ltr'><strong>adversarius.</strong></span> <span class='ocrx_word' id='word_1_389' title='bbox 1606 2816 1702 2877; x_wconf 92' lang='lat' dir='ltr'><strong>hic</strong></span> <span class='ocrx_word' id='word_1_390' title='bbox 1727 2817 2048 2878; x_wconf 89' lang='lat' dir='ltr'><strong>avunculus</strong></span> <span class='ocrx_word' id='word_1_391' title='bbox 2069 2818 2221 2878; x_wconf 90' lang='lat' dir='ltr'><strong>ami-</strong></span> 
     </span>
    </p>
   </div>
   <div class='ocr_carea' id='block_1_59' title="bbox 579 2903 2225 2988">
    <p class='ocr_par' dir='ltr' id='par_1_59' title="bbox 579 2903 2225 2988">
     <span class='ocr_line' id='line_1_59' title="bbox 579 2903 2225 2988; baseline -0.004 -17"><span class='ocrx_word' id='word_1_392' title='bbox 579 2919 696 2972; x_wconf 89' lang='lat' dir='ltr'><strong>tam</strong></span> <span class='ocrx_word' id='word_1_393' title='bbox 721 2909 941 2971; x_wconf 90' lang='lat' dir='ltr'><strong>ducere</strong></span> <span class='ocrx_word' id='word_1_394' title='bbox 962 2906 1430 2988; x_wconf 88' lang='lat' dir='ltr'><strong>deprehenditur</strong></span> <span class='ocrx_word' id='word_1_395' title='bbox 1455 2926 1469 2984; x_wconf 88' lang='lat'><strong>;</strong></span> <span class='ocrx_word' id='word_1_396' title='bbox 1519 2913 1575 2965; x_wconf 91' lang='lat' dir='ltr'><strong>et</strong></span> <span class='ocrx_word' id='word_1_397' title='bbox 1597 2903 1794 2965; x_wconf 85' lang='lat' dir='ltr'><strong>fratris</strong></span> <span class='ocrx_word' id='word_1_398' title='bbox 1814 2904 1990 2976; x_wconf 78' lang='lat' dir='ltr'><strong>filius,</strong></span> <span class='ocrx_word' id='word_1_399' title='bbox 2031 2904 2225 2965; x_wconf 85' lang='lat' dir='ltr'><strong>fratris</strong></span> 
     </span>
    </p>
   </div>
   <div class='ocr_carea' id='block_1_60' title="bbox 2386 2818 3924 2901">
    <p class='ocr_par' dir='ltr' id='par_1_60' title="bbox 2386 2818 3924 2901">
     <span class='ocr_line' id='line_1_60' title="bbox 2386 2818 3924 2901; baseline 0.001 -24"><span class='ocrx_word' id='word_1_400' title='bbox 2386 2818 2551 2878; x_wconf 80' lang='grc' dir='ltr'>Ἀλλὰ</span> <span class='ocrx_word' id='word_1_401' title='bbox 2604 2824 2770 2896; x_wconf 75' lang='grc' dir='ltr'>θεῖος,</span> <span class='ocrx_word' id='word_1_402' title='bbox 2829 2823 3008 2901; x_wconf 81' lang='grc' dir='ltr'>φησὶν,</span> <span class='ocrx_word' id='word_1_403' title='bbox 3069 2821 3286 2880; x_wconf 80' lang='grc' dir='ltr'>ἐνταῦθα</span> <span class='ocrx_word' id='word_1_404' title='bbox 3337 2824 3476 2880; x_wconf 89' lang='grc' dir='ltr'>θείαν</span> <span class='ocrx_word' id='word_1_405' title='bbox 3533 2822 3814 2900; x_wconf 81' lang='grc' dir='ltr'>λαμϐάνων</span> <span class='ocrx_word' id='word_1_406' title='bbox 3852 2825 3924 2879; x_wconf 74' lang='grc' dir='ltr'>εὖ·</span> 
     </span>
    </p>
   </div>
   <div class='ocr_carea' id='block_1_61' title="bbox 2306 2910 3925 2992">
    <p class='ocr_par' dir='ltr' id='par_1_61' title="bbox 2306 2910 3925 2992">
     <span class='ocr_line' id='line_1_61' title="bbox 2306 2910 3925 2992; baseline 0 -27"><span class='ocrx_word' id='word_1_407' title='bbox 2306 2910 2558 2989; x_wconf 87' lang='grc' dir='ltr'>ρίσκεται,</span> <span class='ocrx_word' id='word_1_408' title='bbox 2631 2913 2718 2967; x_wconf 87' lang='grc' dir='ltr'><strong>καὶ</strong></span> <span class='ocrx_word' id='word_1_409' title='bbox 2775 2910 2991 2987; x_wconf 82' lang='grc' dir='ltr'>ἀνεψιὸς</span> <span class='ocrx_word' id='word_1_410' title='bbox 3071 2911 3315 2988; x_wconf 76' lang='grc' dir='ltr'>ἀνεψιάν.</span> <span class='ocrx_word' id='word_1_411' title='bbox 3396 2912 3668 2972; x_wconf 76' lang='grc' dir='ltr'>Ἐντεῦθεν</span> <span class='ocrx_word' id='word_1_412' title='bbox 3720 2915 3812 2992; x_wconf 72' lang='grc' dir='ltr'>γὰρ</span> <span class='ocrx_word' id='word_1_413' title='bbox 3861 2911 3925 2965; x_wconf 78' lang='grc' dir='ltr'><strong>καὶ</strong></span> 
     </span>
    </p>
   </div>
   <div class='ocr_carea' id='block_1_62' title="bbox 579 2993 2227 3081">
    <p class='ocr_par' dir='ltr' id='par_1_62' title="bbox 579 2993 2226 3074">
     <span class='ocr_line' id='line_1_62' title="bbox 579 2993 2226 3074; baseline -0.002 -14"><span class='ocrx_word' id='word_1_414' title='bbox 579 2999 784 3060; x_wconf 88' lang='lat' dir='ltr'><strong>ﬁliam.</strong></span> <span class='ocrx_word' id='word_1_415' title='bbox 816 2996 960 3059; x_wconf 89' lang='lat' dir='ltr'><strong>Nam</strong></span> <span class='ocrx_word' id='word_1_416' title='bbox 994 2996 1088 3058; x_wconf 89' lang='lat' dir='ltr'><strong>his</strong></span> <span class='ocrx_word' id='word_1_417' title='bbox 1121 2994 1315 3056; x_wconf 92' lang='lat' dir='ltr'><strong>verbis</strong></span> <span class='ocrx_word' id='word_1_418' title='bbox 1372 2993 1693 3067; x_wconf 89' lang='lat' dir='ltr'><strong>auditores,</strong></span> <span class='ocrx_word' id='word_1_419' title='bbox 1749 3001 1848 3054; x_wconf 88' lang='lat' dir='ltr'><strong>aut</strong></span> <span class='ocrx_word' id='word_1_420' title='bbox 1871 2993 2126 3074; x_wconf 89' lang='lat' dir='ltr'><strong>judices,</strong></span> <span class='ocrx_word' id='word_1_421' title='bbox 2161 3013 2226 3056; x_wconf 91' lang='lat' dir='ltr'><strong>se</strong></span> 
     </span>
    </p>
   </div>
   <div class='ocr_carea' id='block_1_63' title="bbox 2311 2993 3924 3081">
    <p class='ocr_par' dir='ltr' id='par_1_63' title="bbox 2311 2997 3924 3081">
     <span class='ocr_line' id='line_1_63' title="bbox 2311 2997 3924 3081; baseline 0.001 -26"><span class='ocrx_word' id='word_1_422' title='bbox 2311 2997 2744 3079; x_wconf 71' lang='grc' dir='ltr'>παραλογίζεσθαι</span> <span class='ocrx_word' id='word_1_423' title='bbox 2800 3002 2920 3065; x_wconf 85' lang='grc' dir='ltr'>τοὺς</span> <span class='ocrx_word' id='word_1_424' title='bbox 2990 3001 3253 3081; x_wconf 76' lang='grc' dir='ltr'>ἀκροατὰς</span> <span class='ocrx_word' id='word_1_425' title='bbox 3310 3003 3346 3071; x_wconf 74' lang='grc' dir='ltr'><strong>ἢ</strong></span> <span class='ocrx_word' id='word_1_426' title='bbox 3417 3001 3670 3068; x_wconf 80' lang='grc' dir='ltr'>δικαστὰς</span> <span class='ocrx_word' id='word_1_427' title='bbox 3727 3002 3924 3073; x_wconf 74' lang='grc' dir='ltr'>οἴονται,</span> 
     </span>
    </p>
   </div>
   <div class='ocr_carea' id='block_1_64' title="bbox 582 3077 2227 3173">
    <p class='ocr_par' dir='ltr' id='par_1_64' title="bbox 582 3082 2224 3167">
     <span class='ocr_line' id='line_1_64' title="bbox 582 3082 2224 3167; baseline -0.004 -16"><span class='ocrx_word' id='word_1_428' title='bbox 582 3087 1134 3167; x_wconf 83' lang='lat' dir='ltr'><strong>circumscripturos</strong></span> <span class='ocrx_word' id='word_1_429' title='bbox 1166 3091 1370 3165; x_wconf 88' lang='lat' dir='ltr'><strong>putant</strong></span> <span class='ocrx_word' id='word_1_430' title='bbox 1404 3105 1417 3143; x_wconf 87' lang='lat'><strong>:</strong></span> <span class='ocrx_word' id='word_1_431' title='bbox 1479 3082 1578 3164; x_wconf 89' lang='lat' dir='ltr'><strong>qui</strong></span> <span class='ocrx_word' id='word_1_432' title='bbox 1621 3102 1693 3144; x_wconf 91' lang='lat' dir='ltr'><strong>an</strong></span> <span class='ocrx_word' id='word_1_433' title='bbox 1721 3082 2060 3144; x_wconf 89' lang='lat' dir='ltr'><strong>dialecticas</strong></span> <span class='ocrx_word' id='word_1_434' title='bbox 2094 3102 2224 3144; x_wconf 89' lang='lat' dir='ltr'><strong>me-</strong></span> 
     </span>
    </p>
   </div>
   <div class='ocr_carea' id='block_1_65' title="bbox 2311 3077 3924 3173">
    <p class='ocr_par' dir='ltr' id='par_1_65' title="bbox 2311 3086 3924 3173">
     <span class='ocr_line' id='line_1_65' title="bbox 2311 3086 3924 3173; baseline 0 -29"><span class='ocrx_word' id='word_1_435' title='bbox 2311 3090 2353 3144; x_wconf 89' lang='grc' dir='ltr'><strong>εἰ</strong></span> <span class='ocrx_word' id='word_1_436' title='bbox 2412 3089 2508 3164; x_wconf 79' lang='grc' dir='ltr'><strong>μὲν</strong></span> <span class='ocrx_word' id='word_1_437' title='bbox 2563 3091 2651 3144; x_wconf 81' lang='grc' dir='ltr'>καὶ</span> <span class='ocrx_word' id='word_1_438' title='bbox 2733 3086 3073 3147; x_wconf 82' lang='grc' dir='ltr'>διαλεκτικῶν</span> <span class='ocrx_word' id='word_1_439' title='bbox 3133 3088 3386 3167; x_wconf 78' lang='grc' dir='ltr'>μεθόδων,</span> <span class='ocrx_word' id='word_1_440' title='bbox 3452 3093 3538 3151; x_wconf 85' lang='grc' dir='ltr'><strong>καί</strong></span> <span class='ocrx_word' id='word_1_441' title='bbox 3588 3092 3924 3173; x_wconf 70' lang='grc' dir='ltr'>σοφισμάτων,</span> 
     </span>
    </p>
   </div>
   <div class='ocr_carea' id='block_1_66' title="bbox 574 3171 2226 3258">
    <p class='ocr_par' dir='ltr' id='par_1_66' title="bbox 574 3171 2226 3258">
     <span class='ocr_line' id='line_1_66' title="bbox 574 3171 2226 3258; baseline -0.003 -19"><span class='ocrx_word' id='word_1_442' title='bbox 574 3178 800 3247; x_wconf 80' lang='lat' dir='ltr'><strong>_t_hodos</strong></span> <span class='ocrx_word' id='word_1_443' title='bbox 830 3185 1004 3258; x_wconf 91' lang='lat' dir='ltr'><strong>atque</strong></span> <span class='ocrx_word' id='word_1_444' title='bbox 1026 3173 1410 3255; x_wconf 87' lang='lat' dir='ltr'><strong>sophismata,</strong></span> <span class='ocrx_word' id='word_1_445' title='bbox 1438 3173 1530 3234; x_wconf 91' lang='lat' dir='ltr'><strong>vel</strong></span> <span class='ocrx_word' id='word_1_446' title='bbox 1550 3171 1898 3252; x_wconf 90' lang='lat' dir='ltr'><strong>simpliciter</strong></span> <span class='ocrx_word' id='word_1_447' title='bbox 1924 3172 2084 3253; x_wconf 92' lang='lat' dir='ltr'><strong>ipsas</strong></span> <span class='ocrx_word' id='word_1_448' title='bbox 2115 3173 2226 3234; x_wconf 88' lang='lat' dir='ltr'><strong>de-</strong></span> 
     </span>
    </p>
   </div>
   <div class='ocr_carea' id='block_1_67' title="bbox 580 3263 2230 3345">
    <p class='ocr_par' dir='ltr' id='par_1_67' title="bbox 580 3263 2230 3345">
     <span class='ocr_line' id='line_1_67' title="bbox 580 3263 2230 3345; baseline -0.005 -15"><span class='ocrx_word' id='word_1_449' title='bbox 580 3266 903 3340; x_wconf 85' lang='lat' dir='ltr'><strong>ﬁnitiones,</strong></span> <span class='ocrx_word' id='word_1_450' title='bbox 937 3272 996 3326; x_wconf 88' lang='lat' dir='ltr'><strong>et</strong></span> <span class='ocrx_word' id='word_1_451' title='bbox 1057 3263 1516 3345; x_wconf 84' lang='lat' dir='ltr'><strong>propositiones,</strong></span> <span class='ocrx_word' id='word_1_452' title='bbox 1579 3270 1638 3323; x_wconf 92' lang='lat' dir='ltr'><strong>et</strong></span> <span class='ocrx_word' id='word_1_453' title='bbox 1678 3280 1806 3341; x_wconf 59' lang='lat' dir='ltr'><strong>qua</strong></span> <span class='ocrx_word' id='word_1_454' title='bbox 1838 3263 2230 3325; x_wconf 87' lang='lat' dir='ltr'><strong>conﬁciuntur</strong></span> 
     </span>
    </p>
   </div>
   <div class='ocr_carea' id='block_1_68' title="bbox 577 3351 2228 3434">
    <p class='ocr_par' dir='ltr' id='par_1_68' title="bbox 577 3351 2228 3434">
     <span class='ocr_line' id='line_1_68' title="bbox 577 3351 2228 3434; baseline -0.004 -15"><span class='ocrx_word' id='word_1_455' title='bbox 577 3357 718 3419; x_wconf 90' lang='lat' dir='ltr'><strong>inde</strong></span> <span class='ocrx_word' id='word_1_456' title='bbox 732 3354 1167 3434; x_wconf 86' lang='lat' dir='ltr'><strong>conclusiones,</strong></span> <span class='ocrx_word' id='word_1_457' title='bbox 1186 3351 1664 3424; x_wconf 69' lang='lat' dir='ltr'><strong>calleantgdicere</strong></span> <span class='ocrx_word' id='word_1_458' title='bbox 1683 3370 1797 3412; x_wconf 92' lang='lat' dir='ltr'><strong>non</strong></span> <span class='ocrx_word' id='word_1_459' title='bbox 1818 3351 2228 3430; x_wconf 89' lang='lat' dir='ltr'><strong>possumus.In</strong></span> 
     </span>
    </p>
   </div>
   <div class='ocr_carea' id='block_1_69' title="bbox 583 3439 2226 3526">
    <p class='ocr_par' dir='ltr' id='par_1_69' title="bbox 583 3439 2226 3526">
     <span class='ocr_line' id='line_1_69' title="bbox 583 3439 2226 3526; baseline -0.005 -18"><span class='ocrx_word' id='word_1_460' title='bbox 583 3465 649 3509; x_wconf 92' lang='lat' dir='ltr'><strong>re</strong></span> <span class='ocrx_word' id='word_1_461' title='bbox 675 3445 915 3526; x_wconf 91' lang='lat' dir='ltr'><strong>qnidem</strong></span> <span class='ocrx_word' id='word_1_462' title='bbox 949 3442 1228 3524; x_wconf 75' lang='lat' dir='ltr'><strong>praesenti</strong></span> <span class='ocrx_word' id='word_1_463' title='bbox 1277 3442 1663 3502; x_wconf 84' lang='lat' dir='ltr'><strong>vehementer</strong></span> <span class='ocrx_word' id='word_1_464' title='bbox 1707 3439 2086 3519; x_wconf 90' lang='lat' dir='ltr'><strong>sophismatis</strong></span> <span class='ocrx_word' id='word_1_465' title='bbox 2119 3459 2226 3500; x_wconf 90' lang='lat' dir='ltr'><strong>nos</strong></span> 
     </span>
    </p>
   </div>
   <div class='ocr_carea' id='block_1_70' title="bbox 582 3527 2230 3608">
    <p class='ocr_par' dir='ltr' id='par_1_70' title="bbox 582 3527 2230 3608">
     <span class='ocr_line' id='line_1_70' title="bbox 582 3527 2230 3608; baseline -0.006 -10"><span class='ocrx_word' id='word_1_466' title='bbox 582 3533 1011 3598; x_wconf 89' lang='lat' dir='ltr'><strong>circumvenire</strong></span> <span class='ocrx_word' id='word_1_467' title='bbox 1041 3531 1331 3593; x_wconf 90' lang='lat' dir='ltr'><strong>nituntur.</strong></span> <span class='ocrx_word' id='word_1_468' title='bbox 1368 3530 1729 3608; x_wconf 83' lang='lat' dir='ltr'><strong>Avunculus,</strong></span> <span class='ocrx_word' id='word_1_469' title='bbox 1756 3529 2049 3608; x_wconf 90' lang='lat' dir='ltr'><strong>inquiunt,</strong></span> <span class='ocrx_word' id='word_1_470' title='bbox 2084 3527 2230 3588; x_wconf 87' lang='lat' dir='ltr'><strong>ami-</strong></span> 
     </span>
    </p>
   </div>
   <div class='ocr_carea' id='block_1_71' title="bbox 586 3617 2230 3702">
    <p class='ocr_par' dir='ltr' id='par_1_71' title="bbox 586 3617 2230 3702">
     <span class='ocr_line' id='line_1_71' title="bbox 586 3617 2230 3702; baseline -0.006 -15"><span class='ocrx_word' id='word_1_471' title='bbox 586 3635 702 3688; x_wconf 89' lang='lat' dir='ltr'><strong>tam</strong></span> <span class='ocrx_word' id='word_1_472' title='bbox 738 3623 925 3702; x_wconf 82' lang='lat' dir='ltr'><strong>duxit,</strong></span> <span class='ocrx_word' id='word_1_473' title='bbox 978 3623 1234 3684; x_wconf 88' lang='lat' dir='ltr'><strong>Joannes</strong></span> <span class='ocrx_word' id='word_1_474' title='bbox 1292 3619 1520 3681; x_wconf 89' lang='lat' dir='ltr'><strong>scilicet</strong></span> <span class='ocrx_word' id='word_1_475' title='bbox 1575 3617 1838 3688; x_wconf 89' lang='lat' dir='ltr'><strong>Mariam,</strong></span> <span class='ocrx_word' id='word_1_476' title='bbox 1893 3637 2022 3698; x_wconf 63' lang='lat' dir='ltr'><strong>qua)</strong></span> <span class='ocrx_word' id='word_1_477' title='bbox 2053 3618 2230 3678; x_wconf 91' lang='lat' dir='ltr'><strong>amita</strong></span> 
     </span>
    </p>
   </div>
   <div class='ocr_carea' id='block_1_72' title="bbox 591 3707 2228 3795">
    <p class='ocr_par' dir='ltr' id='par_1_72' title="bbox 591 3707 2228 3795">
     <span class='ocr_line' id='line_1_72' title="bbox 591 3707 2228 3795; baseline -0.005 -20"><span class='ocrx_word' id='word_1_478' title='bbox 591 3714 834 3795; x_wconf 91' lang='lat' dir='ltr'><strong>proprie</strong></span> <span class='ocrx_word' id='word_1_479' title='bbox 851 3711 1065 3776; x_wconf 88' lang='lat' dir='ltr'><strong>Plotini</strong></span> <span class='ocrx_word' id='word_1_480' title='bbox 1087 3721 1196 3786; x_wconf 87' lang='lat' dir='ltr'><strong>est,</strong></span> <span class='ocrx_word' id='word_1_481' title='bbox 1225 3718 1503 3790; x_wconf 90' lang='lat' dir='ltr'><strong>tanquam</strong></span> <span class='ocrx_word' id='word_1_482' title='bbox 1529 3709 1634 3769; x_wconf 82' lang='lat' dir='ltr'><strong>filii</strong></span> <span class='ocrx_word' id='word_1_483' title='bbox 1658 3708 1856 3769; x_wconf 88' lang='lat' dir='ltr'><strong>fratris</strong></span> <span class='ocrx_word' id='word_1_484' title='bbox 1881 3710 2035 3787; x_wconf 85' lang='lat' dir='ltr'><strong>ejus.</strong></span> <span class='ocrx_word' id='word_1_485' title='bbox 2063 3707 2228 3780; x_wconf 90' lang='lat' dir='ltr'><strong>Quod</strong></span> 
     </span>
    </p>
   </div>
   <div class='ocr_carea' id='block_1_73' title="bbox 584 3797 2228 3884">
    <p class='ocr_par' dir='ltr' id='par_1_73' title="bbox 584 3797 2228 3884">
     <span class='ocr_line' id='line_1_73' title="bbox 584 3797 2228 3884; baseline -0.002 -20"><span class='ocrx_word' id='word_1_486' title='bbox 584 3805 781 3884; x_wconf 85' lang='lat' dir='ltr'><strong>ipsum</strong></span> <span class='ocrx_word' id='word_1_487' title='bbox 813 3802 1093 3863; x_wconf 91' lang='lat' dir='ltr'><strong>continuo</strong></span> <span class='ocrx_word' id='word_1_488' title='bbox 1143 3799 1296 3879; x_wconf 89' lang='lat' dir='ltr'><strong>apud</strong></span> <span class='ocrx_word' id='word_1_489' title='bbox 1348 3817 1456 3860; x_wconf 93' lang='lat' dir='ltr'><strong>nos</strong></span> <span class='ocrx_word' id='word_1_490' title='bbox 1486 3797 1663 3859; x_wconf 86' lang='lat' dir='ltr'><strong>etiam</strong></span> <span class='ocrx_word' id='word_1_491' title='bbox 1724 3805 1810 3858; x_wconf 90' lang='lat' dir='ltr'><strong>est</strong></span> <span class='ocrx_word' id='word_1_492' title='bbox 1869 3797 2228 3860; x_wconf 78' lang='lat' dir='ltr'><strong>excusabile.</strong></span> 
     </span>
    </p>
   </div>
   <div class='ocr_carea' id='block_1_74' title="bbox 591 3885 2234 3961">
    <p class='ocr_par' dir='ltr' id='par_1_74' title="bbox 591 3885 2234 3961">
     <span class='ocr_line' id='line_1_74' title="bbox 591 3885 2234 3961; baseline -0.005 -8"><span class='ocrx_word' id='word_1_493' title='bbox 591 3889 707 3954; x_wconf 91' lang='lat' dir='ltr'><strong>Sed</strong></span> <span class='ocrx_word' id='word_1_494' title='bbox 742 3900 801 3952; x_wconf 92' lang='lat' dir='ltr'><strong>et</strong></span> <span class='ocrx_word' id='word_1_495' title='bbox 830 3889 1026 3950; x_wconf 90' lang='lat' dir='ltr'><strong>fratris</strong></span> <span class='ocrx_word' id='word_1_496' title='bbox 1056 3887 1233 3961; x_wconf 87' lang='lat' dir='ltr'><strong>ﬁlius,</strong></span> <span class='ocrx_word' id='word_1_497' title='bbox 1276 3887 1470 3947; x_wconf 89' lang='lat' dir='ltr'><strong>fratris</strong></span> <span class='ocrx_word' id='word_1_498' title='bbox 1522 3886 1686 3946; x_wconf 86' lang='lat' dir='ltr'><strong>duxit</strong></span> <span class='ocrx_word' id='word_1_499' title='bbox 1734 3885 1914 3946; x_wconf 79' lang='lat' dir='ltr'><strong>tiliam</strong></span> <span class='ocrx_word' id='word_1_500' title='bbox 1959 3907 1970 3946; x_wconf 92' lang='lat'><strong>:</strong></span> <span class='ocrx_word' id='word_1_501' title='bbox 2032 3886 2234 3949; x_wconf 64' lang='lat' dir='ltr'><strong>Mariae</strong></span> 
     </span>
    </p>
   </div>
   <div class='ocr_carea' id='block_1_75' title="bbox 593 3974 2235 4054">
    <p class='ocr_par' dir='ltr' id='par_1_75' title="bbox 593 3974 2235 4054">
     <span class='ocr_line' id='line_1_75' title="bbox 593 3974 2235 4054; baseline -0.005 -12"><span class='ocrx_word' id='word_1_502' title='bbox 593 3979 820 4042; x_wconf 88' lang='lat' dir='ltr'><strong>scilicet</strong></span> <span class='ocrx_word' id='word_1_503' title='bbox 850 3976 1046 4038; x_wconf 88' lang='lat' dir='ltr'><strong>fratris</strong></span> <span class='ocrx_word' id='word_1_504' title='bbox 1102 3974 1281 4048; x_wconf 82' lang='lat' dir='ltr'><strong>filius,</strong></span> <span class='ocrx_word' id='word_1_505' title='bbox 1343 3975 1658 4036; x_wconf 86' lang='lat' dir='ltr'><strong>Plotinus:</strong></span> <span class='ocrx_word' id='word_1_506' title='bbox 1723 3983 1780 4034; x_wconf 92' lang='lat' dir='ltr'><strong>at</strong></span> <span class='ocrx_word' id='word_1_507' title='bbox 1838 3976 2008 4054; x_wconf 85' lang='lat' dir='ltr'><strong>cujus</strong></span> <span class='ocrx_word' id='word_1_508' title='bbox 2039 3976 2235 4036; x_wconf 87' lang='lat' dir='ltr'><strong>fratris</strong></span> 
     </span>
    </p>
   </div>
   <div class='ocr_carea' id='block_1_76' title="bbox 589 4063 2236 4144">
    <p class='ocr_par' dir='ltr' id='par_1_76' title="bbox 589 4063 2236 4144">
     <span class='ocr_line' id='line_1_76' title="bbox 589 4063 2236 4144; baseline -0.002 -15"><span class='ocrx_word' id='word_1_509' title='bbox 589 4068 769 4129; x_wconf 86' lang='lat' dir='ltr'><strong>ﬁliam</strong></span> <span class='ocrx_word' id='word_1_510' title='bbox 790 4064 815 4128; x_wconf 81' lang='lat'><strong>?</strong></span> <span class='ocrx_word' id='word_1_511' title='bbox 836 4065 886 4126; x_wconf 91' lang='lat' dir='ltr'><strong>si</strong></span> <span class='ocrx_word' id='word_1_512' title='bbox 906 4063 1143 4144; x_wconf 90' lang='lat' dir='ltr'><strong>quidem</strong></span> <span class='ocrx_word' id='word_1_513' title='bbox 1172 4063 1444 4142; x_wconf 90' lang='lat' dir='ltr'><strong>ejusdem</strong></span> <span class='ocrx_word' id='word_1_514' title='bbox 1468 4063 1683 4144; x_wconf 64' lang='lat' dir='ltr'><strong>Mariae,</strong></span> <span class='ocrx_word' id='word_1_515' title='bbox 1707 4063 1883 4125; x_wconf 87' lang='lat' dir='ltr'><strong>fuerit</strong></span> <span class='ocrx_word' id='word_1_516' title='bbox 1910 4066 2020 4125; x_wconf 88' lang='lat' dir='ltr'><strong>hoc</strong></span> <span class='ocrx_word' id='word_1_517' title='bbox 2043 4077 2236 4125; x_wconf 87' lang='lat' dir='ltr'><strong>extre-</strong></span> 
     </span>
    </p>
   </div>
   <div class='ocr_carea' id='block_1_77' title="bbox 589 4151 2228 4234">
    <p class='ocr_par' dir='ltr' id='par_1_77' title="bbox 589 4151 2228 4234">
     <span class='ocr_line' id='line_1_77' title="bbox 589 4151 2228 4234; baseline -0.002 -16"><span class='ocrx_word' id='word_1_518' title='bbox 589 4175 684 4218; x_wconf 89' lang='lat' dir='ltr'><strong>me</strong></span> <span class='ocrx_word' id='word_1_519' title='bbox 733 4154 1085 4227; x_wconf 90' lang='lat' dir='ltr'><strong>absurdum,</strong></span> <span class='ocrx_word' id='word_1_520' title='bbox 1157 4160 1214 4213; x_wconf 92' lang='lat' dir='ltr'><strong>et</strong></span> <span class='ocrx_word' id='word_1_521' title='bbox 1284 4151 1529 4213; x_wconf 91' lang='lat' dir='ltr'><strong>canibus</strong></span> <span class='ocrx_word' id='word_1_522' title='bbox 1608 4152 1790 4214; x_wconf 81' lang='lat' dir='ltr'><strong>sacris</strong></span> <span class='ocrx_word' id='word_1_523' title='bbox 1843 4152 2228 4234; x_wconf 87' lang='lat' dir='ltr'><strong>prohibitum.</strong></span> 
     </span>
    </p>
   </div>
   <div class='ocr_carea' id='block_1_78' title="bbox 2309 3175 3926 3261">
    <p class='ocr_par' dir='ltr' id='par_1_78' title="bbox 2309 3175 3926 3261">
     <span class='ocr_line' id='line_1_78' title="bbox 2309 3175 3926 3261; baseline 0.001 -29"><span class='ocrx_word' id='word_1_524' title='bbox 2309 3177 2344 3244; x_wconf 68' lang='grc' dir='ltr'><strong>ἢ</strong></span> <span class='ocrx_word' id='word_1_525' title='bbox 2373 3184 2478 3233; x_wconf 81' lang='grc' dir='ltr'>τῶν</span> <span class='ocrx_word' id='word_1_526' title='bbox 2508 3175 2688 3244; x_wconf 85' lang='grc' dir='ltr'>ἀπλῶς</span> <span class='ocrx_word' id='word_1_527' title='bbox 2747 3177 2881 3257; x_wconf 83' lang='grc' dir='ltr'>ὅρων</span> <span class='ocrx_word' id='word_1_528' title='bbox 2936 3200 3018 3259; x_wconf 85' lang='grc' dir='ltr'><strong>τε,</strong></span> <span class='ocrx_word' id='word_1_529' title='bbox 3077 3181 3164 3236; x_wconf 87' lang='grc' dir='ltr'>καὶ</span> <span class='ocrx_word' id='word_1_530' title='bbox 3223 3182 3556 3261; x_wconf 78' lang='grc' dir='ltr'>προτάσεων,</span> <span class='ocrx_word' id='word_1_531' title='bbox 3613 3184 3703 3239; x_wconf 84' lang='grc' dir='ltr'>καὶ</span> <span class='ocrx_word' id='word_1_532' title='bbox 3768 3181 3860 3238; x_wconf 80' lang='grc' dir='ltr'>τῶν</span> <span class='ocrx_word' id='word_1_533' title='bbox 3883 3177 3926 3232; x_wconf 75' lang='grc' dir='ltr'><strong>ἐκ</strong></span> 
     </span>
    </p>
   </div>
   <div class='ocr_carea' id='block_1_79' title="bbox 2309 3267 3924 3347">
    <p class='ocr_par' dir='ltr' id='par_1_79' title="bbox 2309 3267 3924 3347">
     <span class='ocr_line' id='line_1_79' title="bbox 2309 3267 3924 3347; baseline 0 -25"><span class='ocrx_word' id='word_1_534' title='bbox 2309 3267 2504 3322; x_wconf 80' lang='grc' dir='ltr'>τούτων</span> <span class='ocrx_word' id='word_1_535' title='bbox 2600 3269 3058 3346; x_wconf 81' lang='grc' dir='ltr'>συμπερασμάτων</span> <span class='ocrx_word' id='word_1_536' title='bbox 3160 3267 3308 3335; x_wconf 76' lang='grc' dir='ltr'>ὄντες</span> <span class='ocrx_word' id='word_1_537' title='bbox 3403 3269 3702 3347; x_wconf 78' lang='grc' dir='ltr'>εἰδήμονες,</span> <span class='ocrx_word' id='word_1_538' title='bbox 3785 3270 3924 3346; x_wconf 77' lang='grc' dir='ltr'>λέγειν</span> 
     </span>
    </p>
   </div>
   <div class='ocr_carea' id='block_1_80' title="bbox 2312 3355 3927 3438">
    <p class='ocr_par' dir='ltr' id='par_1_80' title="bbox 2312 3355 3927 3438">
     <span class='ocr_line' id='line_1_80' title="bbox 2312 3355 3927 3438; baseline -0.001 -26"><span class='ocrx_word' id='word_1_539' title='bbox 2312 3356 2404 3412; x_wconf 74' lang='grc' dir='ltr'><strong>οὒκ</strong></span> <span class='ocrx_word' id='word_1_540' title='bbox 2448 3355 2604 3431; x_wconf 71' lang='grc' dir='ltr'>ἰίσμεν</span> <span class='ocrx_word' id='word_1_541' title='bbox 2652 3373 2665 3386; x_wconf 84' lang='grc'><strong><em>⁸</em></strong></span> <span class='ocrx_word' id='word_1_542' title='bbox 2715 3357 2799 3414; x_wconf 84' lang='grc' dir='ltr'>ἐπὶ</span> <span class='ocrx_word' id='word_1_543' title='bbox 2828 3358 2919 3414; x_wconf 70' lang='grc' dir='ltr'><strong>τοῦ</strong></span> <span class='ocrx_word' id='word_1_544' title='bbox 2947 3359 3204 3436; x_wconf 85' lang='grc' dir='ltr'>παρόντος</span> <span class='ocrx_word' id='word_1_545' title='bbox 3255 3366 3381 3438; x_wconf 84' lang='grc' dir='ltr'>γοῦν</span> <span class='ocrx_word' id='word_1_546' title='bbox 3425 3360 3572 3437; x_wconf 83' lang='grc' dir='ltr'>ὅμως</span> <span class='ocrx_word' id='word_1_547' title='bbox 3617 3364 3710 3419; x_wconf 84' lang='grc' dir='ltr'><strong>καὶ</strong></span> <span class='ocrx_word' id='word_1_548' title='bbox 3766 3357 3927 3438; x_wconf 71' lang='grc' dir='ltr'>σφόδρα</span> 
     </span>
    </p>
   </div>
   <div class='ocr_carea' id='block_1_81' title="bbox 2311 3445 3928 3532">
    <p class='ocr_par' dir='ltr' id='par_1_81' title="bbox 2311 3445 3928 3532">
     <span class='ocr_line' id='line_1_81' title="bbox 2311 3445 3928 3532; baseline 0 -30"><span class='ocrx_word' id='word_1_549' title='bbox 2311 3446 2739 3525; x_wconf 76' lang='grc' dir='ltr'>κατασοφίζεσθαι</span> <span class='ocrx_word' id='word_1_550' title='bbox 2785 3445 3119 3513; x_wconf 82' lang='grc' dir='ltr'>σπεύδοντες.</span> <span class='ocrx_word' id='word_1_551' title='bbox 3172 3457 3329 3514; x_wconf 81' lang='grc' dir='ltr'>Θεϊος</span> <span class='ocrx_word' id='word_1_552' title='bbox 3375 3450 3474 3529; x_wconf 78' lang='grc' dir='ltr'>γὰρ</span> <span class='ocrx_word' id='word_1_553' title='bbox 3529 3449 3738 3532; x_wconf 70' lang='grc' dir='ltr'>εἰλήφει</span> <span class='ocrx_word' id='word_1_554' title='bbox 3793 3451 3928 3517; x_wconf 72' lang='grc' dir='ltr'>θείαν,</span> 
     </span>
    </p>
   </div>
   <div class='ocr_carea' id='block_1_82' title="bbox 2311 3533 3926 3620">
    <p class='ocr_par' dir='ltr' id='par_1_82' title="bbox 2311 3533 3926 3620">
     <span class='ocr_line' id='line_1_82' title="bbox 2311 3533 3926 3620; baseline 0.004 -30"><span class='ocrx_word' id='word_1_555' title='bbox 2311 3537 2469 3616; x_wconf 68' lang='grc' dir='ltr'>φησὶν</span> <span class='ocrx_word' id='word_1_556' title='bbox 2509 3555 2522 3571; x_wconf 82' lang='lat'><strong><em>&#39;</em></strong></span> <span class='ocrx_word' id='word_1_557' title='bbox 2559 3539 2586 3592; x_wconf 87' lang='lat'><strong>6</strong></span> <span class='ocrx_word' id='word_1_558' title='bbox 2619 3533 2868 3604; x_wconf 84' lang='grc' dir='ltr'>Ἰωάννης</span> <span class='ocrx_word' id='word_1_559' title='bbox 2919 3535 3122 3605; x_wconf 79' lang='grc' dir='ltr'>δηλαδὴ</span> <span class='ocrx_word' id='word_1_560' title='bbox 3165 3540 3264 3606; x_wconf 79' lang='grc' dir='ltr'>τὴν</span> <span class='ocrx_word' id='word_1_561' title='bbox 3339 3540 3562 3620; x_wconf 83' lang='grc' dir='ltr'>Μαρίαν,</span> <span class='ocrx_word' id='word_1_562' title='bbox 3605 3542 3722 3620; x_wconf 32' lang='grc' dir='ltr'>ῌτὴν</span> <span class='ocrx_word' id='word_1_563' title='bbox 3773 3539 3926 3618; x_wconf 78' lang='grc' dir='ltr'>κυρίως</span> 
     </span>
    </p>
   </div>
   <div class='ocr_carea' id='block_1_83' title="bbox 2311 3616 3927 3707">
    <p class='ocr_par' dir='ltr' id='par_1_83' title="bbox 2311 3616 3927 3707">
     <span class='ocr_line' id='line_1_83' title="bbox 2311 3616 3927 3707; baseline 0.001 -28"><span class='ocrx_word' id='word_1_564' title='bbox 2311 3631 2402 3680; x_wconf 80' lang='grc' dir='ltr'><strong>τοῦ</strong></span> <span class='ocrx_word' id='word_1_565' title='bbox 2457 3623 2723 3682; x_wconf 88' lang='grc' dir='ltr'>Πλωτίνου</span> <span class='ocrx_word' id='word_1_566' title='bbox 2779 3628 2915 3684; x_wconf 81' lang='grc' dir='ltr'>θείαν</span> <span class='ocrx_word' id='word_1_567' title='bbox 2973 3628 3047 3690; x_wconf 81' lang='grc' dir='ltr'>ὡς</span> <span class='ocrx_word' id='word_1_568' title='bbox 3131 3616 3526 3707; x_wconf 77' lang='grc' dir='ltr'>ἐδελφόπαιδος,</span> <span class='ocrx_word' id='word_1_569' title='bbox 3603 3616 3672 3688; x_wconf 54' lang='grc' dir='ltr'><strong>νὈ</strong></span> <span class='ocrx_word' id='word_1_570' title='bbox 3733 3616 3927 3700; x_wconf 62' lang='lat' dir='ltr'><strong>uir-.19</strong></span> 
     </span>
    </p>
   </div>
   <div class='ocr_carea' id='block_1_84' title="bbox 2312 3713 3925 3793">
    <p class='ocr_par' dir='ltr' id='par_1_84' title="bbox 2312 3713 3925 3793">
     <span class='ocr_line' id='line_1_84' title="bbox 2312 3713 3925 3793; baseline 0.002 -27"><span class='ocrx_word' id='word_1_571' title='bbox 2312 3714 2446 3787; x_wconf 73' lang='grc' dir='ltr'>ἡμῖν</span> <span class='ocrx_word' id='word_1_572' title='bbox 2493 3715 2700 3770; x_wconf 66' lang='grc' dir='ltr'>αδτόθεν</span> <span class='ocrx_word' id='word_1_573' title='bbox 2755 3713 3106 3792; x_wconf 77' lang='grc' dir='ltr'>ἀνέγκλητον,</span> <span class='ocrx_word' id='word_1_574' title='bbox 3179 3715 3348 3773; x_wconf 76' lang='grc' dir='ltr'>Ἀλλὰ</span> <span class='ocrx_word' id='word_1_575' title='bbox 3403 3719 3490 3773; x_wconf 85' lang='grc' dir='ltr'>καὶ</span> <span class='ocrx_word' id='word_1_576' title='bbox 3537 3717 3783 3793; x_wconf 70' lang='grc' dir='ltr'>ἀνεψιὸς,</span> <span class='ocrx_word' id='word_1_577' title='bbox 3835 3716 3925 3770; x_wconf 79' lang='grc' dir='ltr'>ἀνε-</span> 
     </span>
    </p>
   </div>
   <div class='ocr_carea' id='block_1_85' title="bbox 2315 3801 3925 3881">
    <p class='ocr_par' dir='ltr' id='par_1_85' title="bbox 2315 3801 3925 3881">
     <span class='ocr_line' id='line_1_85' title="bbox 2315 3801 3925 3881; baseline 0.007 -26"><span class='ocrx_word' id='word_1_578' title='bbox 2315 3801 2442 3875; x_wconf 80' lang='grc' dir='ltr'>ψιάν</span> <span class='ocrx_word' id='word_1_579' title='bbox 2477 3817 2490 3830; x_wconf 89' lang='grc'><strong><em>⁸</em></strong></span> <span class='ocrx_word' id='word_1_580' title='bbox 2520 3804 2547 3858; x_wconf 89' lang='lat'><strong>6</strong></span> <span class='ocrx_word' id='word_1_581' title='bbox 2597 3802 2694 3869; x_wconf 76' lang='grc' dir='ltr'>τῆς</span> <span class='ocrx_word' id='word_1_582' title='bbox 2767 3805 2966 3881; x_wconf 82' lang='grc' dir='ltr'>Μαρίας</span> <span class='ocrx_word' id='word_1_583' title='bbox 3017 3804 3231 3879; x_wconf 76' lang='grc' dir='ltr'>ἀνεψιὸς</span> <span class='ocrx_word' id='word_1_584' title='bbox 3303 3803 3571 3879; x_wconf 88' lang='grc' dir='ltr'>δηλονότι,</span> <span class='ocrx_word' id='word_1_585' title='bbox 3636 3806 3888 3866; x_wconf 73' lang='grc' dir='ltr'>Πλωτῖνος</span> <span class='ocrx_word' id='word_1_586' title='bbox 3915 3823 3925 3835; x_wconf 84' lang='grc'>⁸</span> 
     </span>
    </p>
   </div>
   <div class='ocr_carea' id='block_1_86' title="bbox 2316 3889 3928 3974">
    <p class='ocr_par' dir='ltr' id='par_1_86' title="bbox 2316 3889 3928 3974">
     <span class='ocr_line' id='line_1_86' title="bbox 2316 3889 3928 3974; baseline 0.005 -29"><span class='ocrx_word' id='word_1_587' title='bbox 2316 3890 2535 3966; x_wconf 78' lang='grc' dir='ltr'>ἀνεψιὰν</span> <span class='ocrx_word' id='word_1_588' title='bbox 2571 3889 2627 3946; x_wconf 77' lang='grc' dir='ltr'><strong>δὲ</strong></span> <span class='ocrx_word' id='word_1_589' title='bbox 2654 3894 2834 3972; x_wconf 67' lang='grc' dir='ltr'>τινὸςς</span> <span class='ocrx_word' id='word_1_590' title='bbox 2883 3895 2941 3949; x_wconf 86' lang='grc' dir='ltr'>Εἰ</span> <span class='ocrx_word' id='word_1_591' title='bbox 2983 3893 3078 3969; x_wconf 75' lang='grc' dir='ltr'>μὲν</span> <span class='ocrx_word' id='word_1_592' title='bbox 3135 3898 3234 3962; x_wconf 80' lang='grc' dir='ltr'><strong>τῆς</strong></span> <span class='ocrx_word' id='word_1_593' title='bbox 3265 3895 3425 3963; x_wconf 67' lang='grc' dir='ltr'>αὐτῆς</span> <span class='ocrx_word' id='word_1_594' title='bbox 3453 3899 3684 3974; x_wconf 81' lang='grc' dir='ltr'>Μαρίας,</span> <span class='ocrx_word' id='word_1_595' title='bbox 3720 3895 3928 3974; x_wconf 76' lang='grc' dir='ltr'>ἐσχάτως</span> 
     </span>
    </p>
   </div>
   <div class='ocr_carea' id='block_1_87' title="bbox 2316 3978 3930 4060">
    <p class='ocr_par' dir='ltr' id='par_1_87' title="bbox 2316 3978 3930 4060">
     <span class='ocr_line' id='line_1_87' title="bbox 2316 3978 3930 4060; baseline 0.002 -25"><span class='ocrx_word' id='word_1_596' title='bbox 2316 3978 2535 4055; x_wconf 80' lang='grc' dir='ltr'>ἄτοπον,</span> <span class='ocrx_word' id='word_1_597' title='bbox 2594 3983 2680 4036; x_wconf 88' lang='grc' dir='ltr'><strong>καὶ</strong></span> <span class='ocrx_word' id='word_1_598' title='bbox 2734 3982 2916 4038; x_wconf 86' lang='grc' dir='ltr'>κανόσι</span> <span class='ocrx_word' id='word_1_599' title='bbox 2999 3983 3159 4047; x_wconf 88' lang='grc' dir='ltr'>θείοις</span> <span class='ocrx_word' id='word_1_600' title='bbox 3235 3983 3624 4060; x_wconf 85' lang='grc' dir='ltr'>κεκωλυμένον,</span> <span class='ocrx_word' id='word_1_601' title='bbox 3703 3987 3808 4052; x_wconf 77' lang='grc' dir='ltr'><strong>Τὴν</strong></span> <span class='ocrx_word' id='word_1_602' title='bbox 3856 3983 3930 4059; x_wconf 67' lang='grc' dir='ltr'>γὰρ</span> 
     </span>
    </p>
   </div>
   <div class='ocr_carea' id='block_1_88' title="bbox 2315 4065 3930 4149">
    <p class='ocr_par' dir='ltr' id='par_1_88' title="bbox 2315 4065 3930 4149">
     <span class='ocr_line' id='line_1_88' title="bbox 2315 4065 3930 4149; baseline -0.001 -26"><span class='ocrx_word' id='word_1_603' title='bbox 2315 4065 2443 4123; x_wconf 89' lang='grc' dir='ltr'>ἰδίαν</span> <span class='ocrx_word' id='word_1_604' title='bbox 2495 4067 2785 4148; x_wconf 79' lang='grc' dir='ltr'>ἐλαδέλφην</span> <span class='ocrx_word' id='word_1_605' title='bbox 2842 4069 3150 4146; x_wconf 75' lang='grc' dir='ltr'>λαμϐάνειν,</span> <span class='ocrx_word' id='word_1_606' title='bbox 3220 4074 3306 4128; x_wconf 87' lang='grc' dir='ltr'><strong>καὶ</strong></span> <span class='ocrx_word' id='word_1_607' title='bbox 3361 4074 3496 4148; x_wconf 76' lang='grc' dir='ltr'>ἡμῖν</span> <span class='ocrx_word' id='word_1_608' title='bbox 3553 4073 3745 4149; x_wconf 85' lang='grc' dir='ltr'>πολλῷ</span> <span class='ocrx_word' id='word_1_609' title='bbox 3803 4071 3930 4127; x_wconf 75' lang='grc' dir='ltr'>πλέον</span> 
     </span>
    </p>
   </div>
   <div class='ocr_carea' id='block_1_89' title="bbox 2317 4155 3931 4236">
    <p class='ocr_par' dir='ltr' id='par_1_89' title="bbox 2317 4155 3931 4236">
     <span class='ocr_line' id='line_1_89' title="bbox 2317 4155 3931 4236; baseline 0.003 -25"><span class='ocrx_word' id='word_1_610' title='bbox 2317 4155 2584 4234; x_wconf 79' lang='grc' dir='ltr'>ἐξάγιστον</span> <span class='ocrx_word' id='word_1_611' title='bbox 2625 4160 2712 4214; x_wconf 81' lang='grc' dir='ltr'><strong>καὶ</strong></span> <span class='ocrx_word' id='word_1_612' title='bbox 2755 4157 3078 4236; x_wconf 80' lang='grc' dir='ltr'>ἀπόϐλητον,</span> <span class='ocrx_word' id='word_1_613' title='bbox 3126 4163 3212 4216; x_wconf 86' lang='grc' dir='ltr'><strong>καὶ</strong></span> <span class='ocrx_word' id='word_1_614' title='bbox 3259 4162 3436 4229; x_wconf 82' lang='grc' dir='ltr'>πάσης</span> <span class='ocrx_word' id='word_1_615' title='bbox 3487 4161 3756 4226; x_wconf 80' lang='grc' dir='ltr'>κολάσεως</span> <span class='ocrx_word' id='word_1_616' title='bbox 3796 4160 3931 4226; x_wconf 72' lang='grc' dir='ltr'>ἄξιον.</span> 
     </span>
    </p>
   </div>
   <div class='ocr_carea' id='block_1_90' title="bbox 591 4241 2227 4331">
    <p class='ocr_par' dir='ltr' id='par_1_90' title="bbox 591 4241 2227 4331">
     <span class='ocr_line' id='line_1_90' title="bbox 591 4241 2227 4331; baseline -0.002 -24"><span class='ocrx_word' id='word_1_617' title='bbox 591 4244 822 4326; x_wconf 90' lang='lat' dir='ltr'><strong>Quippe</strong></span> <span class='ocrx_word' id='word_1_618' title='bbox 834 4261 999 4305; x_wconf 89' lang='lat' dir='ltr'><strong>suam</strong></span> <span class='ocrx_word' id='word_1_619' title='bbox 1021 4241 1435 4331; x_wconf 88' lang='lat' dir='ltr'><strong>consobrinam</strong></span> <span class='ocrx_word' id='word_1_620' title='bbox 1455 4241 1696 4319; x_wconf 89' lang='lat' dir='ltr'><strong>ducere,</strong></span> <span class='ocrx_word' id='word_1_621' title='bbox 1716 4241 1885 4303; x_wconf 90' lang='lat' dir='ltr'><strong>nobis</strong></span> <span class='ocrx_word' id='word_1_622' title='bbox 1899 4243 2072 4303; x_wconf 86' lang='lat' dir='ltr'><strong>etiam</strong></span> <span class='ocrx_word' id='word_1_623' title='bbox 2088 4243 2227 4303; x_wconf 91' lang='lat' dir='ltr'><strong>mul-</strong></span> 
     </span>
    </p>
   </div>
   <div class='ocr_carea' id='block_1_91' title="bbox 2311 4241 3932 4331">
    <p class='ocr_par' dir='ltr' id='par_1_91' title="bbox 2318 4244 3932 4331">
     <span class='ocr_line' id='line_1_91' title="bbox 2318 4244 3932 4331; baseline 0.004 -29"><span class='ocrx_word' id='word_1_624' title='bbox 2318 4248 2374 4302; x_wconf 87' lang='grc' dir='ltr'>Εἰ</span> <span class='ocrx_word' id='word_1_625' title='bbox 2404 4244 2458 4302; x_wconf 74' lang='grc' dir='ltr'>δὲ</span> <span class='ocrx_word' id='word_1_626' title='bbox 2501 4253 2592 4303; x_wconf 86' lang='grc' dir='ltr'><strong>τοῦ</strong></span> <span class='ocrx_word' id='word_1_627' title='bbox 2635 4246 2878 4309; x_wconf 74' lang='grc' dir='ltr'>Ἰωάννου</span> <span class='ocrx_word' id='word_1_628' title='bbox 2932 4257 3026 4306; x_wconf 82' lang='grc' dir='ltr'><strong>τοῦ</strong></span> <span class='ocrx_word' id='word_1_629' title='bbox 3217 4251 3386 4328; x_wconf 70' lang='grc' dir='ltr'>Μαρίᾳ</span> <span class='ocrx_word' id='word_1_630' title='bbox 3443 4253 3838 4331; x_wconf 72' lang='grc' dir='ltr'>συζευχθέντος,</span> <span class='ocrx_word' id='word_1_631' title='bbox 3874 4248 3932 4308; x_wconf 77' lang='grc' dir='ltr'>τίς</span> 
     </span>
    </p>
   </div>
   <div class='ocr_carea' id='block_1_92' title="bbox 587 4319 2227 4420">
    <p class='ocr_par' dir='ltr' id='par_1_92' title="bbox 587 4319 2227 4420">
     <span class='ocr_line' id='line_1_92' title="bbox 587 4319 2227 4420; baseline -0.004 -23"><span class='ocrx_word' id='word_1_632' title='bbox 587 4341 649 4399; x_wconf 87' lang='lat' dir='ltr'><strong>to</strong></span> <span class='ocrx_word' id='word_1_633' title='bbox 683 4319 870 4413; x_wconf 80' lang='lat' dir='ltr'><strong>magis</strong></span> <span class='ocrx_word' id='word_1_634' title='bbox 900 4329 1263 4420; x_wconf 83' lang='lat' dir='ltr'><strong>exsecrabile</strong></span> <span class='ocrx_word' id='word_1_635' title='bbox 1295 4330 1812 4420; x_wconf 86' lang='lat' dir='ltr'><strong>damnandumque</strong></span> <span class='ocrx_word' id='word_1_636' title='bbox 1863 4331 2113 4411; x_wconf 86' lang='lat' dir='ltr'><strong>videtur,</strong></span> <span class='ocrx_word' id='word_1_637' title='bbox 2175 4339 2227 4392; x_wconf 89' lang='lat' dir='ltr'><strong>et</strong></span> 
     </span>
    </p>
   </div>
   <div class='ocr_carea' id='block_1_93' title="bbox 2311 4319 3934 4420">
    <p class='ocr_par' dir='ltr' id='par_1_93' title="bbox 2317 4335 3934 4420">
     <span class='ocr_line' id='line_1_93' title="bbox 2317 4335 3934 4420; baseline 0.003 -31"><span class='ocrx_word' id='word_1_638' title='bbox 2317 4336 2343 4389; x_wconf 89' lang='lat'><strong>6</strong></span> <span class='ocrx_word' id='word_1_639' title='bbox 2373 4343 2528 4391; x_wconf 75' lang='grc' dir='ltr'>τοῦτο</span> <span class='ocrx_word' id='word_1_640' title='bbox 2568 4335 2790 4392; x_wconf 82' lang='grc' dir='ltr'>κωλύων</span> <span class='ocrx_word' id='word_1_641' title='bbox 2818 4339 3014 4417; x_wconf 86' lang='grc' dir='ltr'>κανὼν,</span> <span class='ocrx_word' id='word_1_642' title='bbox 3065 4341 3101 4407; x_wconf 71' lang='grc' dir='ltr'><strong>ἢ</strong></span> <span class='ocrx_word' id='word_1_643' title='bbox 3159 4340 3344 4420; x_wconf 84' lang='grc' dir='ltr'>νόμος,</span> <span class='ocrx_word' id='word_1_644' title='bbox 3376 4341 3411 4409; x_wconf 73' lang='grc' dir='ltr'><strong>ἢ</strong></span> <span class='ocrx_word' id='word_1_645' title='bbox 3454 4339 3614 4415; x_wconf 86' lang='grc' dir='ltr'>τόμος</span> <span class='ocrx_word' id='word_1_646' title='bbox 3649 4338 3934 4414; x_wconf 72' lang='grc' dir='ltr'>συνοδικόςς</span> 
     </span>
    </p>
   </div>
   <div class='ocr_carea' id='block_1_94' title="bbox 591 4419 2227 4512">
    <p class='ocr_par' dir='ltr' id='par_1_94' title="bbox 591 4419 2227 4512">
     <span class='ocr_line' id='line_1_94' title="bbox 591 4419 2227 4512; baseline -0.002 -27"><span class='ocrx_word' id='word_1_647' title='bbox 591 4425 753 4486; x_wconf 93' lang='lat' dir='ltr'><strong>omni</strong></span> <span class='ocrx_word' id='word_1_648' title='bbox 783 4423 1024 4512; x_wconf 76' lang='lat' dir='ltr'><strong>dignum</strong></span> <span class='ocrx_word' id='word_1_649' title='bbox 1057 4419 1369 4512; x_wconf 65' lang='lat' dir='ltr'><strong>supplicio.</strong></span> <span class='ocrx_word' id='word_1_650' title='bbox 1406 4419 1508 4482; x_wconf 91' lang='lat' dir='ltr'><strong>Sin</strong></span> <span class='ocrx_word' id='word_1_651' title='bbox 1542 4420 1708 4512; x_wconf 76' lang='lat' dir='ltr'><strong>duxit</strong></span> <span class='ocrx_word' id='word_1_652' title='bbox 1765 4439 1922 4512; x_wconf 76' lang='lat' dir='ltr'><strong>eam,</strong></span> <span class='ocrx_word' id='word_1_653' title='bbox 1957 4439 2088 4500; x_wconf 81' lang='lat' dir='ltr'><strong>quae</strong></span> <span class='ocrx_word' id='word_1_654' title='bbox 2121 4422 2227 4512; x_wconf 61' lang='lat' dir='ltr'><strong>hla-</strong></span> 
     </span>
    </p>
   </div>
   <div class='ocr_carea' id='block_1_95' title="bbox 2311 4419 3938 4512">
    <p class='ocr_par' dir='ltr' id='par_1_95' title="bbox 2317 4419 3938 4512">
     <span class='ocr_line' id='line_1_95' title="bbox 2317 4419 3938 4512; baseline 0.006 -34"><span class='ocrx_word' id='word_1_655' title='bbox 2317 4422 2464 4479; x_wconf 78' lang='grc' dir='ltr'>’Λλλ’</span> <span class='ocrx_word' id='word_1_656' title='bbox 2548 4425 2766 4481; x_wconf 75' lang='grc' dir='ltr'>ἐνταῦθα</span> <span class='ocrx_word' id='word_1_657' title='bbox 2820 4425 3010 4484; x_wconf 70' lang='grc' dir='ltr'>λοιπὸν</span> <span class='ocrx_word' id='word_1_658' title='bbox 3067 4433 3250 4493; x_wconf 75' lang='grc' dir='ltr'>αὐτοῖς</span> <span class='ocrx_word' id='word_1_659' title='bbox 3293 4419 3380 4486; x_wconf 84' lang='grc' dir='ltr'><strong>καὶ</strong></span> <span class='ocrx_word' id='word_1_660' title='bbox 3438 4432 3502 4487; x_wconf 80' lang='grc' dir='ltr'><strong>τὸ</strong></span> <span class='ocrx_word' id='word_1_661' title='bbox 3557 4431 3815 4512; x_wconf 70' lang='grc' dir='ltr'>σόφισμα,</span> <span class='ocrx_word' id='word_1_662' title='bbox 3869 4427 3938 4482; x_wconf 70' lang='grc' dir='ltr'>ιιιῖ</span> 
     </span>
    </p>
   </div>
   <div class='ocr_carea' id='block_1_96' title="bbox 587 4508 2227 4598">
    <p class='ocr_par' dir='ltr' id='par_1_96' title="bbox 587 4508 2227 4598">
     <span class='ocr_line' id='line_1_96' title="bbox 587 4508 2227 4598; baseline -0.004 -23"><span class='ocrx_word' id='word_1_663' title='bbox 587 4513 692 4575; x_wconf 74' lang='lat' dir='ltr'><strong>riae</strong></span> <span class='ocrx_word' id='word_1_664' title='bbox 721 4517 929 4573; x_wconf 81' lang='lat' dir='ltr'><strong>marito</strong></span> <span class='ocrx_word' id='word_1_665' title='bbox 944 4509 1159 4574; x_wconf 87' lang='lat' dir='ltr'><strong>Joanni</strong></span> <span class='ocrx_word' id='word_1_666' title='bbox 1208 4509 1404 4570; x_wconf 86' lang='lat' dir='ltr'><strong>fratris</strong></span> <span class='ocrx_word' id='word_1_667' title='bbox 1435 4518 1523 4571; x_wconf 91' lang='lat' dir='ltr'><strong>est</strong></span> <span class='ocrx_word' id='word_1_668' title='bbox 1548 4509 1688 4584; x_wconf 83' lang='lat' dir='ltr'><strong>ﬁlia,</strong></span> <span class='ocrx_word' id='word_1_669' title='bbox 1724 4509 1854 4589; x_wconf 90' lang='lat' dir='ltr'><strong>quis</strong></span> <span class='ocrx_word' id='word_1_670' title='bbox 1894 4509 2005 4598; x_wconf 89' lang='lat' dir='ltr'><strong>hoc</strong></span> <span class='ocrx_word' id='word_1_671' title='bbox 2039 4508 2227 4598; x_wconf 88' lang='lat' dir='ltr'><strong>prohi-</strong></span> 
     </span>
    </p>
   </div>
   <div class='ocr_carea' id='block_1_97' title="bbox 2311 4508 3940 4598">
    <p class='ocr_par' dir='ltr' id='par_1_97' title="bbox 2312 4508 3940 4598">
     <span class='ocr_line' id='line_1_97' title="bbox 2312 4508 3940 4598; baseline 0.004 -30"><span class='ocrx_word' id='word_1_672' title='bbox 2312 4513 2378 4568; x_wconf 80' lang='grc' dir='ltr'>τὰ</span> <span class='ocrx_word' id='word_1_673' title='bbox 2405 4520 2508 4570; x_wconf 82' lang='grc' dir='ltr'>τῶν</span> <span class='ocrx_word' id='word_1_674' title='bbox 2548 4513 2965 4595; x_wconf 82' lang='grc' dir='ltr'>ἀσυλλογιστῶν,</span> <span class='ocrx_word' id='word_1_675' title='bbox 3020 4516 3408 4596; x_wconf 82' lang='grc' dir='ltr'>συλλογισμῶν,</span> <span class='ocrx_word' id='word_1_676' title='bbox 3473 4521 3560 4576; x_wconf 84' lang='grc' dir='ltr'><strong>καὶ</strong></span> <span class='ocrx_word' id='word_1_677' title='bbox 3589 4523 3617 4576; x_wconf 90' lang='lat'><strong>6</strong></span> <span class='ocrx_word' id='word_1_678' title='bbox 3637 4508 3647 4512; x_wconf 30' lang='grc'>⁷</span> <span class='ocrx_word' id='word_1_679' title='bbox 3665 4522 3830 4598; x_wconf 86' lang='grc' dir='ltr'>μέγας</span> <span class='ocrx_word' id='word_1_680' title='bbox 3858 4525 3940 4574; x_wconf 74' lang='grc' dir='ltr'><strong>Βι-</strong></span> 
     </span>
    </p>
   </div>
   <div class='ocr_carea' id='block_1_98' title="bbox 590 4597 2227 4689">
    <p class='ocr_par' dir='ltr' id='par_1_98' title="bbox 590 4597 2227 4689">
     <span class='ocr_line' id='line_1_98' title="bbox 590 4597 2227 4689; baseline -0.005 -24"><span class='ocrx_word' id='word_1_681' title='bbox 590 4603 693 4665; x_wconf 92' lang='lat' dir='ltr'><strong>bet</strong></span> <span class='ocrx_word' id='word_1_682' title='bbox 719 4620 932 4673; x_wconf 88' lang='lat' dir='ltr'><strong>canon,</strong></span> <span class='ocrx_word' id='word_1_683' title='bbox 963 4610 1064 4662; x_wconf 89' lang='lat' dir='ltr'><strong>aut</strong></span> <span class='ocrx_word' id='word_1_684' title='bbox 1094 4600 1208 4674; x_wconf 86' lang='lat' dir='ltr'><strong>lex,</strong></span> <span class='ocrx_word' id='word_1_685' title='bbox 1260 4605 1365 4689; x_wconf 84' lang='lat' dir='ltr'><strong>aut</strong></span> <span class='ocrx_word' id='word_1_686' title='bbox 1405 4606 1602 4689; x_wconf 88' lang='lat' dir='ltr'><strong>tomus</strong></span> <span class='ocrx_word' id='word_1_687' title='bbox 1647 4597 1944 4689; x_wconf 81' lang='lat' dir='ltr'><strong>synodalis</strong></span> <span class='ocrx_word' id='word_1_688' title='bbox 1971 4599 1996 4656; x_wconf 85' lang='lat'><strong>?</strong></span> <span class='ocrx_word' id='word_1_689' title='bbox 2026 4597 2227 4658; x_wconf 85' lang='lat' dir='ltr'><strong>Enim-</strong></span> 
     </span>
    </p>
   </div>
   <div class='ocr_carea' id='block_1_99' title="bbox 2311 4597 3804 4689">
    <p class='ocr_par' dir='ltr' id='par_1_99' title="bbox 2314 4597 3804 4689">
     <span class='ocr_line' id='line_1_99' title="bbox 2314 4597 3804 4689; baseline 0.006 -33"><span class='ocrx_word' id='word_1_690' title='bbox 2314 4600 2506 4665; x_wconf 61' lang='grc' dir='ltr'>σΟιειος</span> <span class='ocrx_word' id='word_1_691' title='bbox 2538 4604 2611 4666; x_wconf 88' lang='grc' dir='ltr'><strong>εἰς</strong></span> <span class='ocrx_word' id='word_1_692' title='bbox 2670 4603 2830 4678; x_wconf 86' lang='grc' dir='ltr'>μέσον</span> <span class='ocrx_word' id='word_1_693' title='bbox 2889 4605 3170 4683; x_wconf 87' lang='grc' dir='ltr'>ἀγόμενος,</span> <span class='ocrx_word' id='word_1_694' title='bbox 3229 4609 3317 4664; x_wconf 84' lang='grc' dir='ltr'><strong>καί</strong></span> <span class='ocrx_word' id='word_1_695' title='bbox 3373 4597 3804 4689; x_wconf 76' lang='grc' dir='ltr'>περιφερόμενος,</span> 
     </span>
    </p>
   </div>
   <div class='ocr_carea' id='block_1_100' title="bbox 588 4686 2227 4778">
    <p class='ocr_par' dir='ltr' id='par_1_100' title="bbox 588 4686 2227 4770">
     <span class='ocr_line' id='line_1_100' title="bbox 588 4686 2227 4770; baseline -0.004 -18"><span class='ocrx_word' id='word_1_696' title='bbox 588 4710 726 4754; x_wconf 87' lang='lat' dir='ltr'><strong>vero</strong></span> <span class='ocrx_word' id='word_1_697' title='bbox 749 4689 854 4752; x_wconf 89' lang='lat' dir='ltr'><strong>hic</strong></span> <span class='ocrx_word' id='word_1_698' title='bbox 874 4689 1172 4770; x_wconf 89' lang='lat' dir='ltr'><strong>reliquum</strong></span> <span class='ocrx_word' id='word_1_699' title='bbox 1206 4695 1294 4748; x_wconf 92' lang='lat' dir='ltr'><strong>est</strong></span> <span class='ocrx_word' id='word_1_700' title='bbox 1317 4687 1405 4749; x_wconf 90' lang='lat' dir='ltr'><strong>eis</strong></span> <span class='ocrx_word' id='word_1_701' title='bbox 1423 4688 1748 4767; x_wconf 89' lang='lat' dir='ltr'><strong>sophisma,</strong></span> <span class='ocrx_word' id='word_1_702' title='bbox 1767 4686 2087 4766; x_wconf 91' lang='lat' dir='ltr'><strong>vitiumque</strong></span> <span class='ocrx_word' id='word_1_703' title='bbox 2115 4705 2227 4747; x_wconf 94' lang='lat' dir='ltr'><strong>non</strong></span> 
     </span>
    </p>
   </div>
   <div class='ocr_carea' id='block_1_101' title="bbox 2311 4686 3940 4778">
    <p class='ocr_par' dir='ltr' id='par_1_101' title="bbox 2314 4686 3940 4778">
     <span class='ocr_line' id='line_1_101' title="bbox 2314 4686 3940 4778; baseline 0.004 -33"><span class='ocrx_word' id='word_1_704' title='bbox 2314 4690 2529 4765; x_wconf 80' lang='grc' dir='ltr'>ἀμαθῶς</span> <span class='ocrx_word' id='word_1_705' title='bbox 2607 4693 3132 4772; x_wconf 87' lang='grc' dir='ltr'>παρερμηνευόμενος</span> <span class='ocrx_word' id='word_1_706' title='bbox 3165 4716 3180 4732; x_wconf 78' lang='grc' dir='ltr'><strong>ο</strong></span> <span class='ocrx_word' id='word_1_707' title='bbox 3267 4698 3331 4752; x_wconf 77' lang='grc' dir='ltr'>τὰ</span> <span class='ocrx_word' id='word_1_708' title='bbox 3440 4686 3569 4777; x_wconf 25' lang='grc' dir='ltr'><strong>ἐφῇ*</strong></span> <span class='ocrx_word' id='word_1_709' title='bbox 3622 4699 3798 4778; x_wconf 77' lang='grc' dir='ltr'>ἑτέρον</span> <span class='ocrx_word' id='word_1_710' title='bbox 3869 4691 3940 4751; x_wconf 51' lang='grc' dir='ltr'><strong>π’</strong></span> 
     </span>
    </p>
   </div>
   <div class='ocr_carea' id='block_1_102' title="bbox 591 4761 2227 4866">
    <p class='ocr_par' dir='ltr' id='par_1_102' title="bbox 591 4761 2227 4866">
     <span class='ocr_line' id='line_1_102' title="bbox 591 4761 2227 4866; baseline -0.003 -25"><span class='ocrx_word' id='word_1_711' title='bbox 591 4761 1026 4841; x_wconf 66' lang='grc' dir='ltr'>οοιιωνοηιίυῐῐῖ</span> <span class='ocrx_word' id='word_1_712' title='bbox 1070 4761 1571 4857; x_wconf 83' lang='lat' dir='ltr'><strong>syllogismorum,</strong></span> <span class='ocrx_word' id='word_1_713' title='bbox 1620 4783 1678 4836; x_wconf 89' lang='lat' dir='ltr'><strong>et</strong></span> <span class='ocrx_word' id='word_1_714' title='bbox 1728 4794 1971 4855; x_wconf 90' lang='lat' dir='ltr'><strong>magnus</strong></span> <span class='ocrx_word' id='word_1_715' title='bbox 1991 4761 2227 4855; x_wconf 76' lang='lat' dir='ltr'><strong>quoque</strong></span> 
     </span>
    </p>
   </div>
   <div class='ocr_carea' id='block_1_103' title="bbox 2311 4761 3943 4866">
    <p class='ocr_par' dir='ltr' id='par_1_103' title="bbox 2317 4761 3943 4866">
     <span class='ocr_line' id='line_1_103' title="bbox 2317 4761 3943 4866; baseline 0.004 -31"><span class='ocrx_word' id='word_1_716' title='bbox 2317 4761 2512 4836; x_wconf 76' lang='grc' dir='ltr'>ἐκείνου</span> <span class='ocrx_word' id='word_1_717' title='bbox 2569 4761 2714 4856; x_wconf 73' lang='grc' dir='ltr'>μάλα</span> <span class='ocrx_word' id='word_1_718' title='bbox 2743 4761 3087 4863; x_wconf 51' lang='grc' dir='ltr'>’προσφόρως</span> <span class='ocrx_word' id='word_1_719' title='bbox 3174 4761 3542 4864; x_wconf 72' lang='grc' dir='ltr'>ἐκφωνηθέντα</span> <span class='ocrx_word' id='word_1_720' title='bbox 3625 4761 3785 4866; x_wconf 70' lang='grc' dir='ltr'>ῥητὰ,</span> <span class='ocrx_word' id='word_1_721' title='bbox 3838 4785 3943 4865; x_wconf 72' lang='grc' dir='ltr'>σφό-</span> 
     </span>
    </p>
   </div>
   <div class='ocr_carea' id='block_1_104' title="bbox 592 4865 2227 4957">
    <p class='ocr_par' dir='ltr' id='par_1_104' title="bbox 592 4865 2227 4946">
     <span class='ocr_line' id='line_1_104' title="bbox 592 4865 2227 4946; baseline -0.004 -15"><span class='ocrx_word' id='word_1_722' title='bbox 592 4868 845 4931; x_wconf 87' lang='lat' dir='ltr'><strong>Basilius</strong></span> <span class='ocrx_word' id='word_1_723' title='bbox 876 4867 937 4928; x_wconf 91' lang='lat' dir='ltr'><strong>in</strong></span> <span class='ocrx_word' id='word_1_724' title='bbox 970 4865 1231 4928; x_wconf 89' lang='lat' dir='ltr'><strong>medium</strong></span> <span class='ocrx_word' id='word_1_725' title='bbox 1261 4865 1603 4946; x_wconf 88' lang='lat' dir='ltr'><strong>productus,</strong></span> <span class='ocrx_word' id='word_1_726' title='bbox 1640 4865 1980 4945; x_wconf 89' lang='lat' dir='ltr'><strong>passimque</strong></span> <span class='ocrx_word' id='word_1_727' title='bbox 1999 4866 2227 4944; x_wconf 69' lang='lat' dir='ltr'><strong>citatus,</strong></span> 
     </span>
    </p>
   </div>
   <div class='ocr_carea' id='block_1_105' title="bbox 2311 4865 3938 4957">
    <p class='ocr_par' dir='ltr' id='par_1_105' title="bbox 2319 4865 3938 4957">
     <span class='ocr_line' id='line_1_105' title="bbox 2319 4865 3938 4957; baseline 0.005 -33"><span class='ocrx_word' id='word_1_728' title='bbox 2319 4868 2411 4944; x_wconf 69' lang='grc' dir='ltr'><strong>δρα</strong></span> <span class='ocrx_word' id='word_1_729' title='bbox 2435 4871 2633 4957; x_wconf 70' lang='grc' dir='ltr'>τούτων</span> <span class='ocrx_word' id='word_1_730' title='bbox 2691 4871 2774 4928; x_wconf 78' lang='grc' dir='ltr'>ἐπὶ</span> <span class='ocrx_word' id='word_1_731' title='bbox 2815 4873 2880 4928; x_wconf 79' lang='grc' dir='ltr'>τὰ</span> <span class='ocrx_word' id='word_1_732' title='bbox 2923 4872 3173 4957; x_wconf 76' lang='grc' dir='ltr'>εἰρημένα</span> <span class='ocrx_word' id='word_1_733' title='bbox 3229 4873 3590 4934; x_wconf 84' lang='grc' dir='ltr'>καθελκόντων</span> <span class='ocrx_word' id='word_1_734' title='bbox 3628 4865 3888 4957; x_wconf 76' lang='grc' dir='ltr'>πρόσωπα</span> <span class='ocrx_word' id='word_1_735' title='bbox 3925 4892 3938 4907; x_wconf 89' lang='grc'><strong>·</strong></span> 
     </span>
    </p>
   </div>
   <div class='ocr_carea' id='block_1_106' title="bbox 589 4948 2227 5045">
    <p class='ocr_par' dir='ltr' id='par_1_106' title="bbox 589 4953 2227 5038">
     <span class='ocr_line' id='line_1_106' title="bbox 589 4953 2227 5038; baseline -0.004 -18"><span class='ocrx_word' id='word_1_736' title='bbox 589 4977 656 5020; x_wconf 90' lang='lat' dir='ltr'><strong>ac</strong></span> <span class='ocrx_word' id='word_1_737' title='bbox 685 4956 958 5038; x_wconf 90' lang='lat' dir='ltr'><strong>imperita</strong></span> <span class='ocrx_word' id='word_1_738' title='bbox 987 4954 1476 5036; x_wconf 88' lang='lat' dir='ltr'><strong>interpretatione</strong></span> <span class='ocrx_word' id='word_1_739' title='bbox 1525 4962 1882 5034; x_wconf 90' lang='lat' dir='ltr'><strong>corruptus:</strong></span> <span class='ocrx_word' id='word_1_740' title='bbox 1941 4953 2079 5015; x_wconf 91' lang='lat' dir='ltr'><strong>dum</strong></span> <span class='ocrx_word' id='word_1_741' title='bbox 2109 4972 2227 5035; x_wconf 74' lang='lat' dir='ltr'><strong>qua</strong></span> 
     </span>
    </p>
   </div>
   <div class='ocr_carea' id='block_1_107' title="bbox 2311 4948 3938 5045">
    <p class='ocr_par' dir='ltr' id='par_1_107' title="bbox 2320 4948 3938 5045">
     <span class='ocr_line' id='line_1_107' title="bbox 2435 4948 3694 4982; baseline 0.006 -5"><span class='ocrx_word' id='word_1_742' title='bbox 2435 4948 2448 4970; x_wconf 78' lang='grc'><strong><em>⁷</em></strong></span> <span class='ocrx_word' id='word_1_743' title='bbox 2492 4960 2514 4979; x_wconf 69' lang='grc' dir='ltr'>σι</span> <span class='ocrx_word' id='word_1_744' title='bbox 2629 4961 2642 4980; x_wconf 65' lang='grc' dir='ltr'>ι</span> <span class='ocrx_word' id='word_1_745' title='bbox 2679 4958 2701 4978; x_wconf 57' lang='grc' dir='ltr'>ις</span> <span class='ocrx_word' id='word_1_746' title='bbox 2731 4962 2743 4978; x_wconf 62' lang='grc' dir='ltr'><em>κ</em></span> <span class='ocrx_word' id='word_1_747' title='bbox 2861 4968 2885 4977; x_wconf 61' lang='grc' dir='ltr'>ε</span> <span class='ocrx_word' id='word_1_748' title='bbox 2960 4950 2995 4971; x_wconf 79' lang='grc'>’⁷</span> <span class='ocrx_word' id='word_1_749' title='bbox 3017 4969 3033 4982; x_wconf 64' lang='grc' dir='ltr'><strong>η</strong></span> <span class='ocrx_word' id='word_1_750' title='bbox 3683 4948 3694 4957; x_wconf 81' lang='grc'><em>’</em></span> 
     </span>
     <span class='ocr_line' id='line_1_108' title="bbox 2320 4961 3938 5045; baseline 0.005 -31"><span class='ocrx_word' id='word_1_751' title='bbox 2320 4980 2425 5037; x_wconf 81' lang='grc' dir='ltr'><strong>παρ</strong></span> <span class='ocrx_word' id='word_1_752' title='bbox 2489 4983 2517 5014; x_wconf 93' lang='lat' dir='ltr'><strong>o</strong></span> <span class='ocrx_word' id='word_1_753' title='bbox 2559 4982 2646 5015; x_wconf 86' lang='grc' dir='ltr'><strong>και</strong></span> <span class='ocrx_word' id='word_1_754' title='bbox 2673 4979 2756 5015; x_wconf 89' lang='grc' dir='ltr'><strong>οια</strong></span> <span class='ocrx_word' id='word_1_755' title='bbox 2797 4983 2912 5035; x_wconf 88' lang='grc' dir='ltr'>του,</span> <span class='ocrx_word' id='word_1_756' title='bbox 2997 4971 3217 5018; x_wconf 62' lang='grc' dir='ltr'>Εσονται</span> <span class='ocrx_word' id='word_1_757' title='bbox 3256 4966 3301 5018; x_wconf 82' lang='grc' dir='ltr'>οἱ</span> <span class='ocrx_word' id='word_1_758' title='bbox 3344 4961 3430 5020; x_wconf 80' lang='grc' dir='ltr'><strong>δύο</strong></span> <span class='ocrx_word' id='word_1_759' title='bbox 3487 4967 3560 5030; x_wconf 89' lang='grc' dir='ltr'><strong>εἰς</strong></span> <span class='ocrx_word' id='word_1_760' title='bbox 3616 4967 3784 5045; x_wconf 83' lang='grc' dir='ltr'>σάρκα</span> <span class='ocrx_word' id='word_1_761' title='bbox 3814 4967 3938 5041; x_wconf 72' lang='grc' dir='ltr'>μίαν,</span> 
     </span>
    </p>
   </div>
   <div class='ocr_carea' id='block_1_108' title="bbox 591 5045 2227 5131">
    <p class='ocr_par' dir='ltr' id='par_1_108' title="bbox 591 5045 2227 5131">
     <span class='ocr_line' id='line_1_109' title="bbox 591 5045 2227 5131; baseline -0.004 -19"><span class='ocrx_word' id='word_1_762' title='bbox 591 5050 665 5112; x_wconf 89' lang='lat' dir='ltr'><strong>ab</strong></span> <span class='ocrx_word' id='word_1_763' title='bbox 698 5050 826 5131; x_wconf 89' lang='lat' dir='ltr'><strong>ipso</strong></span> <span class='ocrx_word' id='word_1_764' title='bbox 847 5049 920 5111; x_wconf 94' lang='lat' dir='ltr'><strong>de</strong></span> <span class='ocrx_word' id='word_1_765' title='bbox 940 5047 1076 5110; x_wconf 90' lang='lat' dir='ltr'><strong>aliis</strong></span> <span class='ocrx_word' id='word_1_766' title='bbox 1099 5047 1416 5108; x_wconf 89' lang='lat' dir='ltr'><strong>admodum</strong></span> <span class='ocrx_word' id='word_1_767' title='bbox 1435 5046 1881 5108; x_wconf 88' lang='lat' dir='ltr'><strong>accommodale</strong></span> <span class='ocrx_word' id='word_1_768' title='bbox 1903 5045 2062 5107; x_wconf 90' lang='lat' dir='ltr'><strong>dicta</strong></span> <span class='ocrx_word' id='word_1_769' title='bbox 2077 5055 2227 5119; x_wconf 77' lang='lat' dir='ltr'><strong>sunt,</strong></span> 
     </span>
    </p>
   </div>
   <div class='ocr_carea' id='block_1_109' title="bbox 2311 5045 3632 5131">
    <p class='ocr_par' dir='ltr' id='par_1_109' title="bbox 2321 5048 3632 5128">
     <span class='ocr_line' id='line_1_110' title="bbox 2321 5048 3632 5128; baseline 0.005 -24"><span class='ocrx_word' id='word_1_770' title='bbox 2321 5051 2434 5104; x_wconf 78' lang='grc' dir='ltr'>θεῖν</span> <span class='ocrx_word' id='word_1_771' title='bbox 2503 5048 2915 5128; x_wconf 78' lang='grc' dir='ltr'>ἠναγκασμένως</span> <span class='ocrx_word' id='word_1_772' title='bbox 2974 5061 3066 5110; x_wconf 79' lang='grc' dir='ltr'>τοῦ</span> <span class='ocrx_word' id='word_1_773' title='bbox 3177 5050 3446 5110; x_wconf 87' lang='grc' dir='ltr'>Πλωτινου</span> <span class='ocrx_word' id='word_1_774' title='bbox 3540 5056 3632 5111; x_wconf 84' lang='grc' dir='ltr'>τὸν</span> 
     </span>
    </p>
   </div>
   <div class='ocr_carea' id='block_1_110' title="bbox 591 5135 2227 5222">
    <p class='ocr_par' dir='ltr' id='par_1_110' title="bbox 591 5137 2227 5218">
     <span class='ocr_line' id='line_1_111' title="bbox 591 5137 2227 5218; baseline -0.003 -17"><span class='ocrx_word' id='word_1_775' title='bbox 591 5141 741 5201; x_wconf 89' lang='lat' dir='ltr'><strong>hiad</strong></span> <span class='ocrx_word' id='word_1_776' title='bbox 769 5139 1060 5201; x_wconf 88' lang='lat' dir='ltr'><strong>iudicatas</strong></span> <span class='ocrx_word' id='word_1_777' title='bbox 1075 5155 1356 5218; x_wconf 83' lang='lat' dir='ltr'><strong>personas</strong></span> <span class='ocrx_word' id='word_1_778' title='bbox 1374 5137 1608 5197; x_wconf 84' lang='lat' dir='ltr'><strong>trahere</strong></span> <span class='ocrx_word' id='word_1_779' title='bbox 1633 5143 1921 5214; x_wconf 88' lang='lat' dir='ltr'><strong>satagunt.</strong></span> <span class='ocrx_word' id='word_1_780' title='bbox 1947 5138 2227 5198; x_wconf 58' lang='lat' dir='ltr'><strong>Praeterea</strong></span> 
     </span>
    </p>
   </div>
   <div class='ocr_carea' id='block_1_111' title="bbox 2311 5135 3941 5222">
    <p class='ocr_par' dir='ltr' id='par_1_111' title="bbox 2324 5135 3941 5222">
     <span class='ocr_line' id='line_1_112' title="bbox 2324 5135 3941 5222; baseline 0.003 -30"><span class='ocrx_word' id='word_1_781' title='bbox 2324 5135 2680 5214; x_wconf 82' lang='grc' dir='ltr'>κυριολεκτεῖν</span> <span class='ocrx_word' id='word_1_782' title='bbox 2750 5141 2888 5195; x_wconf 83' lang='grc' dir='ltr'>οὗτοι</span> <span class='ocrx_word' id='word_1_783' title='bbox 2945 5140 3410 5222; x_wconf 83' lang='grc' dir='ltr'>ἀποθρασύνονται,</span> <span class='ocrx_word' id='word_1_784' title='bbox 3484 5144 3540 5200; x_wconf 85' lang='grc' dir='ltr'>ὃν</span> <span class='ocrx_word' id='word_1_785' title='bbox 3629 5145 3690 5201; x_wconf 86' lang='grc' dir='ltr'>ἐκ</span> <span class='ocrx_word' id='word_1_786' title='bbox 3745 5144 3941 5221; x_wconf 75' lang='grc' dir='ltr'>πλαγίου</span> 
     </span>
    </p>
   </div>
   <div class='ocr_carea' id='block_1_112' title="bbox 594 5223 2227 5311">
    <p class='ocr_par' dir='ltr' id='par_1_112' title="bbox 594 5223 2227 5310">
     <span class='ocr_line' id='line_1_113' title="bbox 594 5223 2227 5310; baseline -0.003 -20"><span class='ocrx_word' id='word_1_787' title='bbox 594 5247 700 5310; x_wconf 93' lang='lat' dir='ltr'><strong>per</strong></span> <span class='ocrx_word' id='word_1_788' title='bbox 721 5229 866 5292; x_wconf 90' lang='lat' dir='ltr'><strong>illud</strong></span> <span class='ocrx_word' id='word_1_789' title='bbox 884 5229 1059 5289; x_wconf 91' lang='lat' dir='ltr'><strong>etiam</strong></span> <span class='ocrx_word' id='word_1_790' title='bbox 1076 5226 1322 5301; x_wconf 90' lang='lat' dir='ltr'><strong>dictum,</strong></span> <span class='ocrx_word' id='word_1_791' title='bbox 1345 5225 1536 5287; x_wconf 90' lang='lat' dir='ltr'><strong>Erunt</strong></span> <span class='ocrx_word' id='word_1_792' title='bbox 1558 5223 1673 5286; x_wconf 90' lang='lat' dir='ltr'><strong>duo</strong></span> <span class='ocrx_word' id='word_1_793' title='bbox 1697 5224 1756 5284; x_wconf 92' lang='lat' dir='ltr'><strong>in</strong></span> <span class='ocrx_word' id='word_1_794' title='bbox 1775 5243 2016 5287; x_wconf 89' lang='lat' dir='ltr'><strong>carnem</strong></span> <span class='ocrx_word' id='word_1_795' title='bbox 2037 5243 2227 5298; x_wconf 80' lang='lat' dir='ltr'><strong>unam;</strong></span> 
     </span>
    </p>
   </div>
   <div class='ocr_carea' id='block_1_113' title="bbox 2311 5223 3938 5311">
    <p class='ocr_par' dir='ltr' id='par_1_113' title="bbox 2321 5225 3938 5311">
     <span class='ocr_line' id='line_1_114' title="bbox 2321 5225 3938 5311; baseline 0.003 -30"><span class='ocrx_word' id='word_1_796' title='bbox 2321 5225 2631 5306; x_wconf 76' lang='grc' dir='ltr'>ἀγχιστείας</span> <span class='ocrx_word' id='word_1_797' title='bbox 2689 5229 2866 5304; x_wconf 84' lang='grc' dir='ltr'>τρόπῳ</span> <span class='ocrx_word' id='word_1_798' title='bbox 2921 5236 2999 5303; x_wconf 81' lang='grc' dir='ltr'>τῷ</span> <span class='ocrx_word' id='word_1_799' title='bbox 3054 5236 3148 5286; x_wconf 80' lang='grc' dir='ltr'>τοῦ</span> <span class='ocrx_word' id='word_1_800' title='bbox 3231 5229 3498 5291; x_wconf 87' lang='grc' dir='ltr'>Πλωτίνου</span> <span class='ocrx_word' id='word_1_801' title='bbox 3571 5233 3709 5311; x_wconf 83' lang='grc' dir='ltr'>γένει</span> <span class='ocrx_word' id='word_1_802' title='bbox 3764 5236 3938 5290; x_wconf 70' lang='grc' dir='ltr'>οἰκειω-</span> 
     </span>
    </p>
   </div>
   <div class='ocr_carea' id='block_1_114' title="bbox 593 5314 2227 5398">
    <p class='ocr_par' dir='ltr' id='par_1_114' title="bbox 593 5314 2227 5398">
     <span class='ocr_line' id='line_1_115' title="bbox 593 5314 2227 5398; baseline -0.004 -17"><span class='ocrx_word' id='word_1_803' title='bbox 593 5318 814 5382; x_wconf 87' lang='lat' dir='ltr'><strong>audent</strong></span> <span class='ocrx_word' id='word_1_804' title='bbox 833 5317 1133 5398; x_wconf 88' lang='lat' dir='ltr'><strong>jactitare,</strong></span> <span class='ocrx_word' id='word_1_805' title='bbox 1176 5314 1464 5378; x_wconf 83' lang='lat' dir='ltr'><strong>Joannem</strong></span> <span class='ocrx_word' id='word_1_806' title='bbox 1524 5333 1588 5377; x_wconf 93' lang='lat' dir='ltr'><strong>se</strong></span> <span class='ocrx_word' id='word_1_807' title='bbox 1647 5314 1988 5377; x_wconf 87' lang='lat' dir='ltr'><strong>necessario</strong></span> <span class='ocrx_word' id='word_1_808' title='bbox 2021 5314 2227 5378; x_wconf 72' lang='lat' dir='ltr'><strong>Plotini</strong></span> 
     </span>
    </p>
   </div>
   <div class='ocr_carea' id='block_1_115' title="bbox 2311 5314 3940 5398">
    <p class='ocr_par' dir='ltr' id='par_1_115' title="bbox 2319 5314 3940 5397">
     <span class='ocr_line' id='line_1_116' title="bbox 2319 5314 3940 5397; baseline 0.005 -27"><span class='ocrx_word' id='word_1_809' title='bbox 2319 5315 2494 5396; x_wconf 83' lang='grc' dir='ltr'>θέντα,</span> <span class='ocrx_word' id='word_1_810' title='bbox 2561 5314 2722 5379; x_wconf 76' lang='grc' dir='ltr'>οὐδεὶς</span> <span class='ocrx_word' id='word_1_811' title='bbox 2779 5315 2985 5374; x_wconf 71' lang='grc' dir='ltr'>οὒδέπω</span> <span class='ocrx_word' id='word_1_812' title='bbox 3055 5318 3216 5394; x_wconf 89' lang='grc' dir='ltr'>νόμος</span> <span class='ocrx_word' id='word_1_813' title='bbox 3273 5322 3416 5377; x_wconf 76' lang='grc' dir='ltr'>θετον</span> <span class='ocrx_word' id='word_1_814' title='bbox 3485 5321 3638 5382; x_wconf 71' lang='grc' dir='ltr'>αὐτοῦ</span> <span class='ocrx_word' id='word_1_815' title='bbox 3696 5325 3940 5397; x_wconf 77' lang='grc' dir='ltr'>ὀνομάζων</span> 
     </span>
    </p>
   </div>
   <div class='ocr_carea' id='block_1_116' title="bbox 2163 5473 2386 5554">
    <p class='ocr_par' dir='ltr' id='par_1_116' title="bbox 2163 5473 2386 5554">
     <span class='ocr_line' id='line_1_117' title="bbox 2163 5473 2386 5554; baseline -0.009 -16"><span class='ocrx_word' id='word_1_816' title='bbox 2163 5473 2386 5554; x_wconf 71' lang='lat' dir='ltr'><strong>Now</strong></span> 
     </span>
    </p>
   </div>
   <div class='ocr_carea' id='block_1_117' title="bbox 685 5605 2592 5693">
    <p class='ocr_par' dir='ltr' id='par_1_117' title="bbox 685 5605 2592 5693">
     <span class='ocr_line' id='line_1_118' title="bbox 685 5605 2592 5693; baseline 0.002 -22"><span class='ocrx_word' id='word_1_817' title='bbox 685 5611 804 5693; x_wconf 68' lang='lat'><strong>(42)</strong></span> <span class='ocrx_word' id='word_1_818' title='bbox 840 5613 926 5674; x_wconf 92' lang='lat' dir='ltr'><strong>De</strong></span> <span class='ocrx_word' id='word_1_819' title='bbox 953 5609 1047 5672; x_wconf 91' lang='lat' dir='ltr'><strong>his</strong></span> <span class='ocrx_word' id='word_1_820' title='bbox 1074 5607 1235 5670; x_wconf 83' lang='lat' dir='ltr'><strong>Elias</strong></span> <span class='ocrx_word' id='word_1_821' title='bbox 1279 5607 1578 5670; x_wconf 90' lang='lat' dir='ltr'><strong>Cretensis</strong></span> <span class='ocrx_word' id='word_1_822' title='bbox 1603 5605 1662 5666; x_wconf 91' lang='lat' dir='ltr'><strong>in</strong></span> <span class='ocrx_word' id='word_1_823' title='bbox 1694 5618 2017 5674; x_wconf 90' lang='lat' dir='ltr'><strong>comment.</strong></span> <span class='ocrx_word' id='word_1_824' title='bbox 2051 5611 2113 5672; x_wconf 91' lang='lat' dir='ltr'><strong>in</strong></span> <span class='ocrx_word' id='word_1_825' title='bbox 2141 5611 2592 5675; x_wconf 85' lang='lat' dir='ltr'><strong>Nazianzenum.</strong></span> 
     </span>
    </p>
   </div>
   <div class='ocr_carea' id='block_1_118' title="bbox 3869 4607 3939 4661">
    <p class='ocr_par' dir='ltr' id='par_1_118' title="bbox 3869 4607 3939 4661">
     <span class='ocr_line' id='line_1_119' title="bbox 3869 4607 3939 4661; baseline -0.057 0"><span class='ocrx_word' id='word_1_826' title='bbox 3869 4607 3939 4661; x_wconf 82' lang='grc' dir='ltr'><strong>καὶ</strong></span> 
     </span>
    </p>
   </div>
   <div class='ocr_carea' id='block_1_119' title="bbox 3717 5055 3939 5119">
    <p class='ocr_par' dir='ltr' id='par_1_119' title="bbox 3717 5055 3939 5119">
     <span class='ocr_line' id='line_1_120' title="bbox 3717 5055 3939 5119; baseline -0.023 -7"><span class='ocrx_word' id='word_1_827' title='bbox 3717 5055 3939 5119; x_wconf 78' lang='grc' dir='ltr'>Ἰωάννην</span> 
     </span>
    </p>
   </div>
  </div>
