4160 6212
543 276 694 343 1103

1912 287 2045 349 JUS
2084 289 2534 354 GANONICUM

3750 289 3872 354 1104

530 431 730 504 sacras
757 411 1015 504 Litteras
1043 413 1220 504 unius
1265 415 1377 477 viri
1435 434 1570 479 cum
1619 417 1848 480 duabus
1877 419 2160 481 sororibu:

2263 421 2324 477 ἃν
2356 422 2589 498 γένοιτο,
2662 422 2836 502 λάγει,
2890 422 3032 499 ἀνδρὶ
3082 425 3393 504 οἰκειότερον
3442 424 3539 492 τῆς
3593 424 3766 481 ἑαυτοῦ
3798 445 3873 500 γυ-

530 502 708 566 οοίιίο
739 502 1193 566 matrimonialis
1212 505 1334 583 jam
1393 513 1531 567 ante
1568 505 1865 586 prohibita
1896 507 2014 570 sit:
2053 509 2178 571 haec

528 592 658 673 ipsa
683 591 956 674 producit
1001 601 1370 672 argumenta.
1429 593 1604 667 Quid.
1666 595 1900 675 inquid,
1936 605 2176 676 tangere

529 681 718 744 virum
751 680 1027 762 propiore
1083 682 1525 745 necessitudine
1555 687 1765 764 possit,
1799 705 1972 766 quam
2005 705 2170 759 uxor,

526 770 618 832 vel
653 770 782 851 ipsa
813 769 1009 851 potius
1037 770 1225 852 ipsius
1257 789 1392 836 caro
1419 772 1450 832 ?
1497 771 1624 834 Non
1679 775 1837 836 enim
1895 777 2012 836 duo
2043 785 2178 837 sunt

526 858 803 941 amplius,
838 859 941 922 sed
975 877 1091 920 una
1121 878 1280 923 caro.
1316 859 1443 933 Quo
1475 862 1562 934 ﬁt,
1625 872 1687 924 ut
1746 882 1851 942 per
1902 883 2170 946 uxorem,

2260 512 2460 583 ναικὸς,
2494 511 2696 587 μᾶλλον
2725 510 2780 568 δὲ
2810 516 2908 581 τῆς
2965 513 3150 572 ἑαυτοῦ
3204 514 3444 594 σαακόςς
3519 515 3590 571 Οὖ
3667 514 3759 591 γὰρ
3807 511 3869 568 ἔτι

2259 603 2353 658 εἰσὶ
2383 601 2494 682 δύο,
2547 603 2683 662 ἀλλὰ
2739 603 2863 680 σὰρξ
2935 605 3052 681 μία.
3102 594 3276 662 ’Ὥστε
3335 603 3412 662 διὰ
3457 611 3555 673 τῆς
3595 604 3871 682 γυναικὸςῆ

2258 688 2457 770 ἀδελφὴ
2518 695 2654 772 πρὸς,
2690 695 2789 764 τήν
2844 703 2937 752 τοῦ
2995 691 3176 772 ἀνδρὸς
3233 695 3534 761 οἰκειότητα
3586 689 3869 749 κεταὸιίνει.

2259 781 2357 836 Καὶ
2383 782 2417 847 ἡ
2461 779 2720 860 ἐπαγωγὴ
2774 785 2893 862 περὶ
2960 789 3052 838 τοῦ
3103 784 3281 843 αὐτοῦ.
3360 774 3451 847 Ὠς
3519 783 3617 861 γὰρ
3674 779 3868 858 μητέρα,

2256 869 2408 946 φησὶ,
2453 871 2698 947 γυναικὸς
2769 875 2827 930 οὗ
2881 871 3135 948 λήψεται,
3196 869 3308 928 οὐδὲ
3375 871 3626 950 θυγοτέρα
3676 874 3766 936 τῆς
3793 893 3872 945 γυ-

527 948 700 1011 etiam
749 953 876 1038 ipsa
922 967 1093 1038 soror
1152 949 1304 1028 ejus,
1373 950 1446 1010 ad
1505 950 1613 1010 viri
1672 953 2160 1016 necessitudinem

2257 958 2458 1030 ναικὸς,
2494 955 2624 1014 διότι
2658 957 2792 1034 μηδὲ
2875 962 2974 1028 τὴν
3036 961 3224 1015 ἑαυτοῦ
3281 948 3507 1038 μητέρα.
3556 948 3729 1020 ῡῧτως
3777 955 3870 1011 056‘s

525 1045 804 1130 transeat.
831 1037 916 1099 De
940 1037 1151 1130 eodem
1171 1039 1295 1130 haec
1311 1039 1545 1130 tandem
1567 1039 2160 1130 infert.Quemadmo-

2255 1041 2485 1125 ἀδελφὴν
2539 1051 2808 1130 γυναικὸς,
2865 1048 2992 1105 διότι
3053 1046 3188 1124 μηδὲ
3253 1049 3350 1116 τὴν
3409 1049 3592 1105 ἑαύτοῦ
3646 1045 3870 1125 ἀδελφήνσ

522 1125 662 1187 dum
728 1139 1001 1202 matrem,
1063 1125 1274 1207 inquit,
1337 1127 1556 1203 uxoris,
1618 1147 1734 1189 non
1802 1129 2000 1204 ducet,
2064 1148 2160 1192 net

2259 1125 3112 1193 Καῖτὸάίλίί’“>--«
3279 1136 3443 1192 ’ξ’
3706 1135 3810 1151 θ’

2526 1159 2663 1192 ναπα
2720 1163 2768 1213 ν,
2805 1155 2920 1196 ολοε,
2981 1162 3038 1214 ιῃ
3108 1159 3296 1214 ίυναικι
3393 1145 3590 1208 ζεσται,
3643 1159 3730 1192 του
3790 1157 3872 1189 αν-

524 1214 708 1277 ﬁliam
749 1215 974 1290 uxoris,
1010 1214 1084 1275 ob
1118 1233 1248 1277 eam
1281 1233 1540 1290 causam,
1575 1217 1730 1297 quod
1767 1236 1879 1279 nec
1926 1227 2160 1280 matrerr

2258 1219 2374 1301 δρὸς
2417 1238 2532 1290 τοῖς
2603 1227 2812 1289 οἰκείοις
2860 1241 3147 1286 συνοικεῖν.
3209 1227 3367 1283 Κοινά
3409 1227 3509 1304 γὰρ
3550 1223 3636 1281 ἐπ’
3664 1224 3873 1304 ἀμφοτέ-

523 1322 732 1368 suam:
797 1303 884 1366 sic
913 1320 1106 1385 neque
1141 1323 1406 1366 sororem
1440 1305 1660 1380 uxoris,
1693 1306 2160 1387 quandoquideni

2260 1333 2368 1388 ροις
2399 1313 2464 1367 τά
2495 1319 2592 1380 τῆς
2624 1317 2923 1393 συγγενείας
2956 1314 3152 1375 δίκαια,

523 1411 637 1454 nec
668 1411 943 1455 sororem
975 1393 1301 1483 propriam.
1337 1397 1420 1457 Ac
1451 1394 1578 1455 vice
1608 1412 1796 1467 versa,
1837 1415 1954 1456 non
1987 1405 2163 1457 etiam
2197 1399 2435 1460 mulieri
2480 1401 2706 1483 licebit,
2742 1403 2940 1464 mariti
2971 1400 3327 1464 necessariis
3357 1400 3717 1465 cohabitare.
3748 1399 3871 1462 Nam

525 1483 866 1544 communia
896 1490 1030 1544 sunt
1061 1483 1121 1543 in
1147 1482 1415 1564 utrisque
1437 1483 1575 1562 jura
1599 1484 1988 1562 cognationis,

601 1571 782 1634 Hisce
813 1571 1431 1653 determinationibus,
1487 1571 1574 1632 vir
1629 1580 1866 1633 sanctus
1916 1573 2160 1634 absurdc

2340 1583 2553 1644 Τούτοις
2596 1594 2714 1645 τοῖς
2747 1582 2998 1660 ὁρισμοῖς
3042 1584 3070 1638 ὁ
3095 1583 3364 1645 Θεσπέσιος
3408 1584 3468 1638 τὸ
3518 1579 3711 1638 ἄτοπον
3738 1576 3871 1655 ἀποβ-

525 1669 740 1723 conatu
767 1662 1070 1752 castigato,
1101 1660 1380 1752 duntaxat
1437 1663 1735 1752 hactenus
1755 1661 2160 1752 inhibitionerr

2257 1669 2477 1746 ῥαπίσας
2507 1676 2604 1737 τῆς
2647 1669 3030 1750 ἐγχειρήσεως,
3077 1672 3241 1752 μέχρι
3292 1673 3473 1728 τούτου
3528 1672 3616 1726 καὶ
3648 1670 3798 1744 μόνου
3825 1669 3875 1723 τὰ

521 1769 686 1812 suam
720 1759 976 1812 coercet.
1002 1750 1182 1831 Atqui
1213 1751 1426 1812 licebat
1458 1751 1535 1826 ei,
1571 1750 1620 1811 si
1652 1751 1959 1822 voluisset,
1997 1751 2160 1813 etiam

2256 1764 2355 1824 τῆς
2387 1759 2789 1838 ἀπαγορεύσεως
2833 1760 3043 1824 iet-not,
3098 1762 3338 1839 Καίτοιγε
3384 1760 3504 1826 ἐξῆν
3555 1759 3716 1832 αύτῷ,
3747 1755 3876 1834 εἴπερ

519 1840 592 1902 ad
615 1839 968 1901 remotiores
985 1840 1458 1901 necessitudines
1472 1839 1796 1901 orationem
1818 1839 2160 1919 producere:

2257 1846 2520 1922 ἐϐούλετο,
2556 1851 2641 1904 καὶ
2684 1847 2770 1905 ἐπὶ
2799 1849 2887 1910 τὰς
2939 1847 3014 1903 ἔτι
3073 1847 3386 1928 πορρωτέρω
3442 1849 3764 1914 οἰκειότητας
3803 1847 3876 1900 τὸν

525 1928 1025 2011 quemadmodum
1051 1928 1252 1990 multis
1279 1927 1580 1989 eumlocis
1603 1947 1894 1989 canonum
1922 1947 2160 1990 suoruu

2256 1936 2415 2014 λόγον
2486 1951 2835 2018 προαγαγεῖν,
2897 1937 3134 2017 καθάπερ
3216 1937 3494 2016 πολλαχοῦ
3558 1938 3665 1993 τῶν
3719 1937 3876 1991 ἑαυτοῦ

522 2018 720 2080 facere
745 2017 1124 2079 manifestum
1145 2025 1255 2079 est.
1300 2017 1528 2098 Quippe
1561 2018 1936 2097 respondens
1968 2018 2039 2078 ad
2079 2037 2160 2093 ea,

2255 2027 2488 2084 κανόνων
2532 2033 2698 2083 ποιῶν
2767 2027 3026 2106 φαίνεται.
3080 2025 3464 2101 Ἐπιλυόμενος
3511 2027 3613 2104 γὰρ
3669 2026 3733 2081 τά
3793 2023 3876 2078 ὑπό

519 2126 651 2188 quas
707 2106 779 2168 ab
835 2107 1134 2188 aliquibus
1202 2106 1684 2188 proponebantur
1743 2106 1934 2167 sicubi
1997 2107 2160 2169 tacite

2255 2138 2410 2172 τινων
2469 2115 2873 2195 προτεινόμενα,
2933 2114 2986 2169 ἐν
3042 2119 3126 2179 οἷς
3197 2116 3558 2195 ὕποφυόμενον
3615 2117 3709 2193 ὁρᾷ
3737 2135 3782 2168 τι
3807 2115 3876 2168 καὶ

521 2195 804 2278 quiddam
838 2197 998 2258 velut
1029 2197 1226 2259 enasci
1257 2196 1437 2270 videt,
1471 2203 1527 2256 et
1575 2195 1883 2276 consequi,
1919 2195 2160 2275 subjun-

2256 2204 2685 2279 συνακολουθοῦν,
2735 2204 2950 2283 ἐπάγειν
2982 2203 3160 2266 ε’ίωθε,
3209 2207 3280 2261 Τὸ
3341 2207 3466 2261 αὐτὸ
3508 2206 3599 2260 καὶ
3657 2203 3739 2259 ἐπὶ
3789 2204 3875 2257 τῶν

521 2305 662 2366 gere
694 2286 864 2348 solet.
890 2285 1052 2348 Idem
1081 2295 1139 2348 et
1159 2285 1218 2346 in
1268 2285 1364 2367 iis,
1412 2284 1512 2366 qui
1533 2285 1659 2347 haec
1679 2284 1770 2346 vel
1797 2284 1898 2345 illa
1927 2283 2160 2348 faciunt.

2255 2292 2375 2350 τάδε
2403 2296 2491 2351 καὶ
2520 2292 2663 2367 τάδε,
2739 2281 2891 2373 φησὶ,
2948 2294 3260 2352 ποιούντων.
3292 2281 3386 2373 τῼν
3458 2290 3604 2351 οὒδέν
3662 2291 3872 2350 ἐνταῦθα.

521 2376 786 2448 Quorum
820 2394 962 2437 sane
990 2375 1138 2436 nihil
1167 2374 1263 2436 hic
1293 2373 1366 2436 ab
1415 2393 1484 2436 eo
1517 2374 1591 2434 sit
1622 2373 1808 2435 secuti
1841 2391 1954 2435 nec
1985 2392 2018 2434 a
2051 2381 2160 2435 toto

2254 2385 2381 2439 καθὸ
2423 2384 2511 2438 καὶ
2540 2385 2568 2439 ὁ
2597 2370 2766 2458 δῆμος
2797 2370 2920 2445 ὅλος
2952 2387 3058 2438 τῶν
3097 2386 3195 2448 τῆς
3247 2370 3330 2455 g"
3384 2379 3597 2438 συνόδου
3631 2381 3875 2459 μακαρίων

518 2474 674 2527 οωιιι
707 2463 1015 2527 beatorum
1047 2472 1227 2526 sexta:
1274 2462 1482 2544 synodi
1536 2461 1772 2524 Patrum
1808 2461 1891 2542 (et
1921 2461 2160 2551 omnino

2251 2472 2520 2551 Πατέρων,
2563 2473 2649 2536 οὒς
2692 2471 2753 2526 ἃν
2801 2468 2922 2547 δέξῃ
2992 2471 3203 2533 πάντως
3258 2475 3364 2526 τῶν
3415 2479 3509 2529 τοῦ
3552 2468 3778 2548 μεγάλου
3802 2467 3876 2523 id.

520 2565 580 2615 te
612 2553 722 2615 hos
750 2553 1146 2642 admissurum
1180 2560 1321 2642 puto
1354 2555 1710 2642 interpretes
1760 2551 1921 2642 illius
1971 2550 2160 2642 magni

2249 2585 2358 2642 γων
2388 2550 2675 2641 ἐξηγῆτάς,
2709 2563 2762 2619 οἳ
2795 2562 2861 2616 τὰ
2911 2559 3044 2623 τέως
3100 2558 3191 2615 ὑπ’
3248 2558 3444 2615 ἐκείνου
3508 2557 3874 2635 συνεπτυγμένι

518 2642 627 2704 viri
652 2641 1018 2718 verborum),
1052 2642 1154 2723 qui
1182 2641 1254 2703 ab
1286 2659 1356 2702 eo
1399 2640 1680 2729 duntaxat
1709 2638 1877 2729 quasi
1908 2639 2160 2720 compli-

2249 2655 2337 2709 καὶ
2407 2638 2524 2709 οἷον
2620 2638 3005 2729 διηγορευμένα
3059 2647 3314 2705 πλατύναι
3408 2649 3497 2704 καὶ
3567 2646 3871 2704 δίαλευκᾶναι

517 2738 647 2793 cata
701 2730 1044 2812 sancitaque
1090 2729 1371 2804 strictius,
1461 2727 1708 2789 dilatare
1764 2727 2051 2802 volentes,
2113 2737 2160 2789 et

2253 2740 2588 2818 βουλόμενοι,
2663 2726 2752 2796 τὸν
2785 2726 2792 2728 -
2827 2726 2904 2792 νδ’
2989 2737 3183 2792 κανόνα
3241 2735 3490 2811 ἐξέθεντο,
3574 2739 3706 2815 πρὸς
3759 2732 3874 2798 λέξιν

516 2818 769 2882 clariora
853 2819 1132 2893 reddere,
1219 2835 1505 2879 canonem
1563 2833 1655 2878 LIV
1739 2826 2160 2900 exposuerunt,

2254 2827 2450 2909 ἔχοντα
2493 2828 2658 2890 οὕτως
2691 2843 2706 2858 ⁸
2759 2849 2782 2883 α
2820 2831 2928 2892 Τῆς
2985 2827 3124 2889 θείας
3167 2826 3308 2900 ἡμᾶς
3361 2824 3526 2890 οὕτως
3560 2823 3874 2881 ἐκδιδασκού-

514 2908 588 2969 ad
623 2907 868 2970 verbum
901 2909 1026 2969 haec
1058 2905 1464 2968 continentem
1502 2927 1516 2965 :
1584 2925 1611 2964 ιι
1661 2905 1806 2967 Cum
1845 2905 1954 2966 hoc
1986 2924 2160 2966 sacrae

2261 2905 2419 2984 uno-11¢
2481 2921 2716 2996 Γραφῆς,
2769 2916 2875 2971 Οὔκ
2946 2912 3214 2987 εἷσελεύσῃ
3269 2913 3402 2991 πρὸς
3469 2913 3645 2969 πάντα
3703 2914 3876 2969 οἰκεῖον

521 3023 549 3057 ιι
584 3002 903 3082 Scriptura;
953 3009 1317 3082 praeceptum
1366 2998 1463 3073 sit,
1518 2999 1649 3060 Non
1709 2997 2062 3074 ingredieris
2094 2998 2160 3060 ad

2262 3027 2284 3061 ιι
2348 3005 2538 3084 σαρκός
2595 3026 2714 3079 σου,
2786 3000 3126 3077 ἀποκαλύψαι
3186 3000 3581 3080 ἀσχημοσύνην
3638 3003 3806 3075 αὐτοῦ,
3855 3002 3876 3054 ὃ

517 3109 548 3152 (
587 3090 856 3172 quemvis
885 3089 1293 3152 necessarium
1324 3087 1519 3150 carnis
1575 3095 1714 3159 tuae,
1779 3094 1841 3146 ut
1898 3086 2160 3149 dedecus

2252 3118 2279 3150 α
2307 3099 2554 3173 θεοφορος
2613 3091 2887 3154 Βασιλειός
2953 3112 3100 3153 τινας
3157 3092 3261 3145 τῶν
3312 3089 3759 3167 ἀπηγορευμένων
3798 3088 3876 3164 γά-

521 3199 546 3236 ιι
580 3180 714 3260 ejus
742 3181 975 3243 reveles
1009 3201 1022 3240 :
1077 3178 1277 3241 divino
1306 3179 1534 3240 amatus
1593 3175 1690 3237 ille
1719 3175 1964 3237 numine
1998 3177 2160 3238 Basi-

2252 3208 2278 3239 α
2328 3207 2443 3260 μων
2473 3183 2525 3240 ἐν
2557 3196 2672 3247 τοῖς
2725 3181 2933 3245 οἰκείοις
2991 3179 3208 3236 κανόσιν
3277 3178 3692 3252 ἀπηαιθμήσατο
3723 3181 3876 3251 σιωπῇ

522 3289 546 3321 ι
585 3269 701 3330 lius
731 3269 967 3350 nuptias
997 3268 1283 3350 quasdam
1313 3265 1641 3348 prohibitas
1668 3265 1788 3326 suis
1818 3264 1879 3325 in
1911 3266 2160 3327 canoni-

2249 3295 2273 3330 α
2307 3275 2374 3329 τὰ
2423 3272 2651 3330 πλεῖστα
2707 3268 3085 3350 παραδραμὼν,
3158 3267 3246 3324 καὶ
3299 3267 3420 3323 κατ’
3475 3267 3749 3348 ἀμφότερα
3798 3288 3876 3320 κα·

520 3378 544 3414 ιι
584 3357 695 3418 bus
723 3357 1048 3433 recensuit,
1111 3357 1414 3438 plerisque
1467 3354 1707 3416 silentio
1740 3354 2074 3434 praeteritis,
2105 3364 2160 3416 et

2249 3382 2281 3421 ι
2318 3362 2640 3424 τασκευάσας
2672 3361 2805 3434 ἡμῖν
2836 3360 2896 3414 τὸ
2927 3355 3220 3436 ὠφέλιμον,
3270 3357 3341 3412 Τὸ
3394 3355 3494 3434 γὰρ
3523 3359 3632 3411 τῶν
3664 3357 3875 3434 αἰσχρῶν

522 3470 543 3503 ε
583 3455 838 3528 utraque
869 3447 960 3509 via
1018 3454 1216 3508 nostro
1275 3453 1585 3526 procurato
1644 3444 1982 3506 commodo.
2013 3443 2158 3505 Nam

2249 3475 2276 3506 α
2311 3452 2610 3526 ὀνομασιῶν
2639 3449 2841 3516 πλῆθος
2897 3445 3385 3526 παραιτησάμενος,
3447 3447 3519 3508 ὡς
3582 3442 3644 3501 ἂν
3704 3445 3776 3519 μὴ
3802 3444 3875 3497 τὸν

521 3559 542 3592 ι
581 3535 794 3598 evitata
820 3535 1110 3598 foedarum
1141 3534 1602 3616 appellationum
1651 3531 2048 3614 multitudine,
2085 3551 2160 3594 ne

2249 3564 2276 3595 α
2310 3539 2468 3618 λόγον
2522 3537 2922 3616 καταῤῥυπαίνοι
2979 3548 3095 3596 τοῖς
3150 3534 3376 3612 ῥήμασι,
3432 3540 3631 3610 γενικῷ
3679 3533 3875 3607 ὀνόματι

518 3649 546 3680 α
579 3625 775 3687 verbis
803 3624 877 3686 iis
926 3626 1256 3686 orationem
1289 3643 1454 3685 suam
1487 3621 1957 3701 contaminaret;
1984 3641 2133 3701 gene

2248 3652 2275 3684 α
2308 3631 2402 3693 τὰς
2476 3627 2790 3706 ἀκαθαρσίας
2849 3621 3054 3681 διέλαϐε
3087 3640 3100 3654 '
3179 3624 3254 3676 ὧν
3349 3629 3705 3698 περωκτικῶς
3759 3623 3874 3695 ἡμῖν

519 3739 543 3771 ιι
578 3715 688 3776 rali
748 3715 990 3776 nomine
1041 3713 1385 3794 complexus
1443 3721 1533 3774 est
1593 3708 1988 3791 impuritates,
2056 3730 2160 3790 per

2249 3741 2270 3774 ι
2313 3719 2426 3781 τοὺς
2487 3714 2821 3797 παρανόμους
2893 3715 3094 3791 γάμους
3192 3708 3474 3776 ὑπέδειξεν,
3565 3708 3781 3777 Ἐπειδὴ
3831 3707 3874 3762 δὲ

519 3825 542 3860 ιι
582 3822 728 3884 quas
758 3802 1094 3864 summatim
1129 3801 1300 3862 nobis
1356 3799 1618 3862 nefarias
1676 3801 2159 3861 commonstravit

2251 3830 2275 3861 ιι
2313 3814 2379 3883 τῇ
2445 3807 2664 3882 τοιαύτῃ
2737 3810 2860 3882 σιγῇ
2915 3804 3003 3859 καὶ
3059 3807 3136 3874 τῷ
3207 3799 3550 3878 ἀδιαγνώστφ
3637 3806 3737 3867 τῆς
3788 3801 3876 3854 τῶν

515 3911 545 3952 (
581 3890 835 3971 nuptias.
901 3889 1050 3962 Quia
1105 3908 1242 3951 vero
1298 3907 1369 3950 ex
1435 3887 1729 3968 ejusmodi
1787 3887 2045 3963 silentio,
2105 3906 2160 3956 et

2252 3913 2282 3954 (
2309 3895 2547 3970 ἀθέσμων
2632 3894 2818 3972 γάμων
2877 3891 3277 3968 ἀπαγορεύσεως
3363 3889 3554 3956 ἑαυτὴν
3655 3891 3691 3956 ἡ
3749 3889 3876 3967 φύσις

519 4003 541 4036 ι
581 3997 791 4060 parum
817 3979 1106 4058 explicata
1128 3975 1534 4058 prohibitione
1554 3975 1892 4055 nuptiarum
1917 3974 2160 4039 illicita-

2250 4007 2278 4038 α
2325 3985 2567 4063 συνέχεε,
2637 3980 2934 4056 συνείδομεν
2990 3976 3304 4057 γυμνότερον
3377 3977 3442 4032 τὰ
3527 3979 3649 4052 περὶ
3706 3978 3878 4033 τούτων

521 4089 544 4125 ιι
581 4085 739 4138 rum,
799 4067 1068 4128 confusio
1124 4074 1347 4127 natura:
1423 4064 1689 4145 quaadam
1763 4073 1852 4125 est
1900 4075 2157 4130 secuta:

2251 4094 2272 4128 ι
2324 4071 2580 4146 ἐκθέσθαι,
2657 4072 2912 4150 ὁρίζοντες
2971 4069 3077 4124 ἀπὸ
3148 4076 3242 4126 τοῦ
3309 4067 3395 4122 νῦν
3452 4067 3542 4123 τὸν
3603 4065 3675 4141 τῇ
3727 4064 3876 4134 οἰκεία

527 4178 550 4214 ι
587 4155 804 4218 nudius
835 4157 961 4218 haec
990 4155 1341 4237 exponenda
1368 4153 1700 4224 statuimus,
1754 4153 2019 4234 adeoque
2055 4155 2160 4217 de-

2247 4184 2275 4215 α
2308 4159 2562 4240 ἐξαδέλφῃ
2630 4162 2762 4240 πρὸς
2817 4159 2992 4237 γάμου
3042 4155 3314 4213 κοινωνίαν
3372 4155 3788 4230 συναπτόμενον,
3844 4152 3874 4214 ἢ

519 4266 542 4302 ιι
582 4245 885 4306 cernimus
918 4265 935 4322 ;
985 4245 1268 4326 deinceps
1317 4261 1475 4315 eum,
1509 4243 1611 4324 qui
1641 4261 1774 4304 cum
1807 4261 1912 4303 sua
1941 4262 2155 4305 conso-

2247 4272 2272 4302 ι
2320 4250 2520 4329 πατέρα
2551 4250 2638 4304 καὶ
2664 4250 2773 4304 υἱὸν
2804 4248 2965 4323 μητρὶ
3013 4246 3101 4301 καὶ
3180 4244 3412 4322 θυγατρὶ,
3488 4242 3524 4312 ἢ
3569 4241 3661 4300 δύο
3716 4242 3877 4321 κόραις

516 4357 545 4390 α
579 4333 750 4396 brina
772 4334 1132 4396 matrimonii
1147 4333 1432 4397 societate
1446 4331 1777 4413 copulatur,
1808 4344 1908 4394 aut
1930 4343 2153 4413 patrem

2246 4361 2273 4392 α
2319 4337 2572 4417 ἀδελφαῖς
2602 4337 2823 4416 πατέρα,
2857 4338 2947 4392 καὶ
2991 4337 3121 4410 υἱὸν,
3176 4334 3212 4401 ἢ
3241 4330 3492 4413 ἀδελφοῖς
3535 4329 3652 4389 δυσὶ
3695 4329 3880 4408 μητέρα

2374 4429 2452 4437 .-
2608 4426 2616 4437 .
2748 4417 3868 4437 ...κς..ι.σ..,ε.ς,,.

517 4447 546 4479 ι
581 4432 639 4485 et
668 4423 857 4486 ﬁlium
889 4443 1021 4487 cum
1075 4433 1262 4485 matre
1307 4441 1376 4484 ac
1433 4421 1582 4501 tilia,
1641 4421 1730 4482 vel
1764 4440 1898 4482 cum
1929 4421 2157 4483 duabus

2245 4450 2272 4482 ιι
2303 4429 2390 4484 καὶ
2431 4426 2708 4506 θυγατέρα,
2741 4425 2777 4493 ἢ
2810 4423 3060 4505 ἀδελφοὺς
3119 4421 3207 4480 δύο
3251 4420 3390 4477 δυσὶν
3455 4417 3737 4501 ἀδελφαῖς,
3789 4419 3880 4474 ὕπὸ

517 4536 545 4568 α
582 4513 796 4593 puellis
826 4513 1132 4576 sororibus
1161 4521 1390 4594 patrem
1450 4517 1626 4592 atque
1681 4509 1870 4571 ﬁlium
1901 4511 1989 4570 vel
2021 4530 2152 4572 cum

2244 4539 2272 4572 α
2317 4518 2409 4572 τὸν
2461 4516 2556 4584 τῆς
2628 4513 2906 4578 ἑπταετίας
2979 4513 3189 4570 πίπτειν
3244 4511 3465 4584 κανόνα,
3523 4507 3881 4588 ἀφισταμένων

519 4620 550 4661 ι
579 4601 810 4664 duobus
839 4603 1124 4665 fratribus
1154 4611 1402 4664 matrem
1429 4610 1489 4663 et
1541 4600 1747 4674 tiliam,
1802 4598 1891 4662 vel
1945 4600 2156 4662 fratres

2244 4625 2270 4663 ι
2317 4606 2487 4662 αὐτῶν
2517 4602 2792 4684 προᾶήλως
2845 4610 2938 4659 τοῦ
3006 4597 3314 4681 παρανόμου
3371 4598 3721 4657 συνοικεσίου.
3760 4621 3787 4652 ι
3818 4598 3881 4654 Τὸ

515 4709 545 4749 ε
577 4690 726 4752 duos
787 4710 922 4753 cum
981 4691 1208 4754 duabus
1263 4689 1570 4752 sororibus
1627 4707 1860 4769 poenam
1913 4690 2158 4750 canonis

2244 4692 2335 4769 μὲν
2400 4699 2495 4749 τοῦ
2551 4693 2771 4755 κανόνος
2829 4689 3164 4770 ἐπάγγελμα,
3226 4687 3474 4744 τοσοῦτον
3521 4701 3536 4716 ⁶
3581 4689 3674 4743 καὶ
3729 4685 3880 4748 ονῖἱτως

514 4801 542 4834 α
576 4779 889 4861 septennia
918 4779 1430 4860 circumscriptam
1486 4778 1815 4858 incurrere,
1871 4775 2152 4838 nimirum

514 4889 539 4925 ε
577 4876 635 4929 et
666 4868 809 4949 ipsis
862 4887 897 4930 a
943 4868 1170 4930 nefario
1223 4865 1599 4930 matrimonio
1632 4865 2084 4929 divertentibus.
2124 4891 2146 4922 ιι

509 4954 578 5018 Ει
608 4957 735 5020 haec
765 4959 1004 5039 quidem
1035 4965 1124 5018 est
1151 4956 1310 5018 illius
1367 4954 1660 5018 sententia
1703 4954 1969 5030 canonis,
2004 4972 2065 5016 et
2091 4954 2154 5015 in

506 5051 664 5113 hunc
723 5050 964 5112 modum
1020 5050 1092 5112 ab
1149 5050 1251 5111 illo
1327 5051 1503 5113 Patre
1563 5047 1801 5110 silentio
1859 5048 2155 5128 praeterita

508 5139 729 5204 nudius
761 5139 984 5220 pariter
1009 5147 1185 5221 atque
1208 5138 1381 5201 latius
1410 5157 1445 5200 a
1497 5136 1932 5219 posterioribus
1963 5155 2148 5218 expo-

507 5227 619 5290 sita
647 5236 785 5292 sunt
813 5228 1106 5305 Patribus,
1141 5237 1200 5291 et
1255 5226 1604 5290 nominatim
1653 5246 1720 5289 ac
1753 5226 2148 5309 particulatim

507 5317 754 5382 deﬁnita
782 5318 1218 5401 prohibitaque.
1280 5320 1581 5400 Nusquam
1614 5335 1750 5379 vero
1784 5317 2148 5379 mentionem

2236 4783 2303 4838 τά
2347 4803 2408 4860 γε
2427 4783 2528 4838 ὑπὸ
2559 4788 2650 4837 τοῦ
2683 4782 2885 4861 [ἰατρὸς
2909 4778 3241 4846 σιωπηθέντα
3282 4775 3600 4855 γυμνότερον
3651 4779 3782 4834 ὁιιοῦ
3802 4773 3881 4829 καὶ

2234 4869 2554 4950 πλατύτερον
2601 4872 2704 4926 ὑπὸ
2759 4877 2864 4926 τῶν
2934 4867 3216 4945 μετέπειτα
3288 4865 3536 4944 Πατέρων
3608 4864 3881 4921 ἐκτέθειται

2235 4962 2321 5018 καὶ
2402 4958 2704 5039 προσόνομα
2799 4958 3095 5037 καταμέρος
3183 4954 3425 5035 ὥρισται,
3483 4953 3570 5009 καὶ
3641 4950 3882 5009 διακεκώ-

2234 5047 2407 5111 λυται,
2443 5049 2644 5123 Μνήμη
2689 5045 2743 5103 δέ
2769 5069 2848 5113 τις
2875 5048 2999 5127 παρ’
3050 5046 3232 5108 αὐτοῖς
3292 5049 3400 5098 τῶν
3447 5042 3612 5106 οὕτως
3647 5041 3877 5122 ἐχόντων

2234 5141 2363 5218 πρὸς
2395 5137 2532 5195 ἄλλα
2571 5136 2637 5186 62
2665 5138 2988 5218 προσώπων,
3043 5133 3268 5209 οὐδαμοῦ
3324 5129 3412 5188 ὑπ’
3467 5131 3645 5218 αἰτίαν
3661 5131 3799 5194 ὅλως
3827 5151 3872 5184 τι

2233 5229 2431 5286 τούτων
2501 5227 2728 5308 ἠνέχθη,
2805 5229 2891 5284 καὶ
2947 5225 3211 5282 διαστάσει
3260 5220 3542 5281 ὑπέπεσεν.
3616 5215 3739 5296 Ὧν,
3810 5221 3875 5281 ὡς

2231 5316 2425 5392 ἔοικεν,
2485 5307 2840 5397 ἐντελέστεροι
2889 5316 3034 5380 ὄντες
3107 5315 3152 5370 οἱ
3214 5320 3300 5369 νῦν
3381 5309 3732 5385 ἐνιστάμενοι,
3793 5307 3877 5364 καὶ

1832 5485 2090 5550 VARUE
2120 5483 2554 5550 LECTIONES.

585 5648 645 5701 59
672 5650 903 5720 ἀλληλα.
