4160 6212
303 369 472 436 1105

1664 362 2225 433 GR/EGO-ROMAN
2234 362 2343 425 UM

3530 359 3688 426 1106

309 506 475 557 ταῦτα
544 501 712 576 μήπω
771 497 906 575 μηδὲ
961 499 1391 581 ἀντιφθέγγεσθαι
1463 501 1644 580 καιρὸν
1705 497 1742 566 ἣ
1797 497 1961 556 τόπον

2059 495 2238 559 Facere
2267 514 2653 579 personarum
2697 516 2830 562 eam
2880 516 3021 579 erga
3076 497 3221 562 alias
3246 495 3541 560 rationem
3571 496 3686 560 ha-

311 589 553 670 ἔχοντες,
639 590 780 666 μήτε
847 590 1070 669 γνώμην
1130 590 1322 647 οἰκείαν
1389 590 1614 665 εἰσάγειν
1697 586 1781 645 ἐπὶ
1838 601 1961 651 ταῖς

308 680 569 760 κρίσεσιν,
641 680 736 736 οὒκ
784 677 892 737 οἶδ’
950 678 979 735 ὅ
1028 702 1079 735 τι
1138 678 1415 752 παθόντες,
1476 679 1562 734 καὶ
1604 677 1724 743 τοὺς
1750 677 1961 755 θύραθεν

307 767 414 837 ἤδη
493 767 798 849 διαγράφειν
894 768 1226 848 ἐπιχειροῦσι
1260 786 1273 801 ’
1340 768 1511 823 καὶτοι
1594 767 1684 823 τὸν
1768 765 1962 845 συγγέ-

307 879 581 920 νειαν.....
674 857 810 932 μηδὲ
889 857 1121 937 ὲξαρχῆς
1208 856 1583 922 ἐπινοηθεϊσαν
1677 858 1775 924 τῆς
1854 860 1963 911 τῶν

307 950 370 1004 Ex
410 946 639 1026 πλαγίου
667 947 855 1026 γάμων
883 945 1163 1009 κωλύσεως
1207 943 1384 1019 ἕνεκα,
1449 942 1587 1001 ἄλλά
1660 941 1729 999 δι’
1785 944 1964 1023 ἐτέρας

309 1034 500 1099 αἰτίας.
535 1033 797 1091 mnam
824 1036 945 1114 γὰρ,
979 1034 1160 1115 φησὶν,
1233 1035 1280 1089 οἱ
1337 1030 1600 1088 πολιτικοὶ
1668 1031 1821 1107 νόμοι
1864 1034 1961 1099 τὴν

309 1125 415 1181 τῶν
481 1124 715 1181 πολιτῶν
806 1123 922 1192 ἤτοι
955 1122 1206 1191 ὑπηκόων
1235 1119 1543 1199 βουλόμενοι
1611 1121 1959 1200 γνησιότητα,

315 1214 406 1271 καὶ
461 1214 540 1288 μὴ
601 1211 983 1293 περικλείεσθαι
1040 1213 1139 1277 τὴν
1208 1209 1532 1289 συγγένειαν,
1595 1210 1714 1275 τοὺς
1771 1207 1964 1285 μεταξὺ

315 1307 425 1358 τῶν
487 1301 544 1357 ἐκ
614 1301 840 1380 πλαγίου
910 1298 1230 1357 διεκώλυσαν
1297 1300 1522 1377 γάμους,
1584 1300 1658 1362 ὡς
1711 1299 1774 1353 ἃν
1841 1311 1959 1361 τοῖς

316 1390 503 1456 ἒξῶθεν
564 1396 663 1459 τῆς
720 1391 916 1449 ἑαυτῶν
972 1390 1274 1469 συγγενείας
1338 1388 1625 1466 ἐξάνάγκης
1692 1387 1958 1444 συναπτό-

318 1501 493 1555 μενοι,
523 1480 622 1547 τὴν
652 1481 781 1559 πρὸς
823 1480 1008 1542 αὖτοὺς
1052 1492 1245 1558 σχοτεν
1313 1476 1642 1556 γνησιότητά
1667 1497 1725 1533 τε
1752 1479 1840 1533 καὶ
1870 1474 1960 1532 εὕ-

315 1591 483 1631 νοιαν.
517 1573 616 1633 Οἷς
645 1566 848 1642 συνῳδά
876 1571 963 1625 καὶ
1003 1571 1031 1625 6
1074 1567 1173 1637 ττὶν
1228 1565 1469 1646 γλῶτταν
1499 1572 1727 1646 χρυσοῦς
1756 1568 1812 1622 ἒν
1842 1579 1958 1629 τοῖς

313 1657 656 1737 ἐξηγητικο⁴ς
689 1661 845 1716 αὖτοῦ
883 1662 980 1727 τῆς
1025 1657 1283 1721 Γενέσεως
1316 1655 1495 1735 λόγοις
1540 1653 1798 1721 διέξεισιν,

2042 584 2335 661 bentium,
2360 585 2436 648 de
2469 605 2589 666 qua
2623 587 2797 651 modo
2818 587 3093 670 agimus:
3128 606 3240 650 nec
3269 586 3483 648 horum
3507 584 3688 667 quid-

2042 693 2217 757 quam
2239 674 2311 736 ab
2334 677 2419 737 eis
2438 676 2918 758 reprehenditur,
2946 685 3047 739 aut
3074 677 3137 739 in
3153 676 3399 739 dubium
3422 682 3687 742 vocatur.

2042 762 2289 846 Quibus,
2320 772 2386 828 ut
2412 773 2677 847 apparet,
2711 766 3097 848 perfectiores
3124 766 3454 831 adversarii
3474 765 3686 853 nostri,

2043 852 2310 935 quamvis
2333 855 2590 918 necdum
2619 853 3090 931 contradicendi,
3147 874 3262 920 nec
3319 876 3486 923 suam
3518 860 3581 923 in
3596 852 3691 937 ju-

2045 942 2219 1004 diciis
2246 945 2580 1007 sententian
2628 945 2967 1026 proferendi
3022 945 3400 1010 occasionem
3456 949 3691 1012 locum-

2046 1048 2115 1092 ve
2143 1032 2324 1108 nacti,
2357 1033 2515 1096 haud
2545 1034 2671 1097 scio
2702 1054 2959 1117 quonam
2988 1034 3231 1117 impulsi
3259 1037 3414 1099 malo
3450 1059 3467 1116 ;
3512 1037 3691 1101 etiam

2047 1128 2359 1184 extraneos
2384 1122 2742 1203 quibusdam
2799 1123 3297 1188 circumscribere
3325 1125 3544 1192 ﬁnibus
3574 1146 3687 1190 co-

2047 1218 2309 1273 nantur:
2348 1211 2486 1276 licet
2518 1213 2671 1275 haud
2728 1214 3023 1294 ignorent,
3076 1232 3151 1276 ne
3198 1214 3387 1297 ipsam
3446 1215 3690 1299 quidem

2041 1300 2451 1387 cognationem
2480 1301 2647 1364 initio
2676 1303 3016 1384 nuptiarum
3066 1323 3137 1368 ex
3184 1311 3521 1369 transverso
3554 1324 3689 1387 pro-

2042 1384 2435 1449 hibendarum
2466 1390 2672 1467 gratia,
2727 1391 2831 1453 sed
2858 1390 3003 1454 alias
3034 1390 3108 1454 ob
3139 1411 3348 1455 causas
3379 1384 3686 1472 excogita-

2043 1483 2183 1541 tam.
2222 1477 2406 1557 Leges
2436 1478 2594 1541 enim
2648 1480 2875 1552 civiles.
2937 1490 3001 1543 ut
3054 1481 3294 1563 quidam
3323 1480 3430 1559 ait,
3465 1480 3689 1543 civium

2041 1564 2165 1627 sive
2193 1566 2564 1630 subditorum
2620 1570 2916 1632 sinceram
2972 1570 3129 1633 inter
3186 1589 3252 1633 se
3310 1569 3690 1633 affectionem

2044 1654 2292 1717 dilatare
2321 1657 2607 1733 volentes,
2643 1678 2754 1721 nec
2783 1659 2925 1721 artis
2940 1660 3351 1740 cognationem
3380 1658 3695 1722 includere

317 1745 536 1808 ﬁnibus
566 1747 806 1828 nuptias
831 1746 986 1809 inter
1015 1764 1140 1819 eos,
1175 1745 1279 1826 qui
1311 1744 1426 1806 sibi
1457 1752 1596 1805 sunt
1624 1761 1693 1805 ex
1726 1750 2085 1819 transverso,
2129 1746 2399 1808 contrahi
2441 1756 2799 1810 vetuerunt:
2832 1756 2897 1811 ut
2926 1749 3265 1812 necessario
3298 1767 3433 1811 cum
3464 1746 3696 1811 consti-

319 1835 458 1896 tutis
488 1845 653 1898 extra
682 1836 1095 1915 cognationem
1126 1853 1290 1896 suam
1322 1832 1585 1915 copulati
1615 1832 1851 1894 sincera
1872 1833 2113 1896 eosdem
2144 1835 2482 1898 animorum
2512 1838 2827 1901 affectione
2856 1857 2924 1900 ac
2951 1838 3369 1903 benevolentia
3399 1836 3695 1919 complec-

321 1934 613 1988 terentur.
649 1924 876 1998 Quibus
902 1932 1302 1987 consentanea
1331 1929 1759 1985 commemorat
1788 1929 1846 1984 et
1875 1929 2073 1984 orator
2101 1923 2204 1986 ille
2248 1924 2535 2005 praeditus
2562 1944 2741 1990 aurea
2783 1928 2982 2008 lingua
3007 1930 3043 2004 ί,
3076 1929 3139 1990 in
3170 1925 3540 1991 orationibus
3568 1924 3696 1989 suis

320 2013 534 2096 quibus
566 2014 785 2077 librum
821 2015 897 2078 de
927 2023 1056 2077 ortu
1088 2032 1293 2077 rerum
1326 2021 1584 2076 enarrat.

423 2112 552 2160 Ηκει
582 2104 636 2161 δὲ
663 2104 847 2162 λοιπὸν
903 2108 931 2162 6
972 2104 1133 2184 λόγος
1202 2106 1290 2160 καὶ
1348 2106 1464 2183 περὶ
1518 2109 1618 2171 τῆς
1661 2101 1959 2181 συγγενείας

2123 2103 2417 2165 Caeterum
2449 2107 2708 2187 postulat
2756 2124 2919 2170 nunc
2967 2105 3251 2170 orationis
3297 2104 3485 2169 series
3515 2104 3695 2168 etiam

321 2194 622 2276 διαιρέσεως
650 2204 757 2253 τῶν
812 2195 910 2263 ἔξω
967 2197 1144 2273 νόμων
1197 2196 1606 2271 ἐπιμνησθῆναι,
1667 2196 1755 2251 καὶ
1801 2191 1966 2257 δεῖξαι

321 2288 594 2343 κάντεῦθεν
650 2287 708 2343 τό
766 2286 1056 2362 ματαιάζον
1122 2287 1209 2343 καὶ
1277 2284 1447 2365 δύσερι
1532 2286 1637 2342 τῶν
1690 2285 1763 2348 είς
1823 2280 1968 2339 οὒδέν

322 2374 499 2453 ἕτερον
529 2376 925 2454 εὖκαιρούντων,
971 2374 1007 2443 ἢ
1079 2372 1252 2453 λέγειν
1308 2376 1397 2430 καὶ
1463 2373 1669 2431 ἀκούειν
1721 2370 1967 2427 καινότε-

325 2464 414 2543 ρόν
442 2456 492 2520 τι
534 2466 622 2521 καὶ
664 2462 903 2543 ἄκαιρον.
961 2465 1101 2532 Φησὶ
1171 2464 1271 2544 γάρ
1302 2481 1318 2498 ⁸
1392 2464 1464 2521 Τὸ
1508 2468 1607 2530 τῆς
1666 2459 1966 2539 συγγενείας

325 2552 495 2628 ὄνομα
549 2553 621 2616 εἰς
693 2553 808 2633 τρία
864 2550 1130 2633 διῄρηται.
1190 2554 1282 2633 ,Εἷς
1335 2551 1599 2632 ἀνιόντας,
1660 2552 1730 2615 εἷς
1760 2550 1973 2606 κατιόν-

324 2662 442 2714 τας,
489 2642 577 2697 καὶ
604 2631 734 2704 τους
770 2640 831 2698 ὲκ
882 2631 1124 2719 πλαγίου.
1187 2631 1416 2708 Ἐκάστη
1472 2638 1527 2696 δὲ
1577 2631 1779 2697 τούτων
1829 2636 1970 2703 τάξις

328 2728 603 2809 διαφόρους
648 2729 765 2810 ἔχει
805 2731 1056 2806 βαθμούς.
1089 2727 1238 2786 Ἀλλ’
1282 2729 1367 2787 ἐπὶ
1439 2730 1536 2804 μὲν
1578 2735 1683 2785 τῶν
1723 2727 1974 2783 ἀνιόντων

329 2821 418 2874 καὶ
467 2833 778 2890 κατιόντων,
860 2820 934 2883 εἷς
1018 2818 1305 2898 ἀπέραντον
1374 2821 1402 2875 ὁ
1495 2819 1665 2897 γάμος
1734 2815 1974 2873 κεκώλυ-

328 2930 416 2964 ται
443 2924 460 2941 ⁸
537 2907 671 2983 μηδὲ
726 2909 825 2987 γὰρ
906 2906 1051 2964 ὅσιον
1123 2908 1289 2982 εἶναι,
1358 2909 1421 2964 τὸ
1501 2908 1596 2976 τῆς
1678 2906 1973 2985 γεννήσεως

333 2996 506 3054 αἴτιον
565 2994 859 3053 ὑποϐαίνειν
914 3003 991 3071 τῷ
1076 2996 1412 3075 γεννωμένῳ,
1484 2994 1614 3077 ὅπερ
1670 2994 1845 3053 πολλά
1887 2996 1974 3051 καὶ

331 3089 437 3141 τ·ὖν
523 3084 732 3163 ἀλόγων
809 3085 1109 3142 ἀποσείεται
1189 3086 1363 3157 ζώων,
1427 3083 1548 3144 Ἐπὶ
1617 3084 1672 3141 δὲ
1728 3092 1834 3141 τῶν
1914 3083 1974 3140 ἐκ

330 3174 555 3254 πλαγίου
650 3176 716 3230 τὰ
797 3178 895 3241 τῆς
949 3173 1229 3238 κωλύσεως
1317 3179 1378 3235 οὖ
1474 3174 1767 3255 περαιτέρω
1861 3175 1977 3253 ἀρι-

330 3269 543 3340 θμεῖται
573 3271 664 3321 τοῦ
719 3262 872 3320 ἕκτου
929 3264 1155 3341 βαθμοῦ.
1213 3261 1528 3321 Ἀκόλουθον
1598 3262 1652 3319 δὲ
1721 3267 1977 3343 προσθετ-

2049 2190 2125 2252 de
2154 2192 2447 2257 divisione
2478 2196 2845 2275 cognationis
2875 2196 3270 2259 extrariarum
3300 2194 3495 2275 legum
3528 2212 3695 2256 men-

2050 2279 2270 2344 tionem
2293 2283 2423 2343 fieri
2450 2285 2562 2363 ;:ut
2589 2284 2727 2347 hinc
2749 2304 2984 2367 quoque
3003 2285 3451 2348 demonstretur
3480 2300 3690 2344 eorum

2049 2369 2273 2432 vanitas
2319 2380 2376 2432 et
2418 2372 2766 2453 pertinacia,
2827 2373 2930 2455 qui
2978 2373 3126 2437 nulli
3181 2379 3389 2434 vacant
3440 2369 3542 2432 alii
3572 2369 3685 2443 rei,

2052 2477 2226 2540 quam
2242 2468 2305 2523 ut
2334 2460 2559 2543 aliquid
2583 2462 2844 2525 insolens
2863 2482 2931 2526 ac
2952 2463 3357 2545 importunum
3388 2458 3692 2543 proferant

2053 2557 2110 2610 et
2140 2548 2406 2612 audiant.
2434 2552 2534 2615 Ait
2571 2552 2731 2613 enim
2765 2552 3226 2633 juriscousultus
3245 2550 3376 2632 (45)
3404 2567 3420 2613 :
3455 2547 3688 2628 Cogna-

2057 2637 2233 2700 tionis
2262 2658 2502 2715 nomen,
2537 2640 2600 2703 in
2629 2642 2742 2704 tria
2767 2641 3047 2705 dividitur
3078 2661 3091 2702 :
3155 2641 3218 2702 in
3274 2638 3691 2716 ascendentes,

2055 2726 2115 2787 in
2146 2727 2598 2806 descendentes,
2635 2740 2694 2792 et
2723 2749 2848 2813 eos,
2883 2731 2984 2813 qui
3030 2738 3168 2793 sunt
3220 2747 3292 2791 ex
3333 2741 3695 2790 transverso.

2056 2815 2284 2879 Horum
2305 2838 2442 2881 vero
2460 2819 2709 2901 quilibet
2726 2821 2895 2897 ordo,
2933 2820 3210 2883 diversos
3238 2818 3458 2899 gradus
3485 2815 3692 2879 habet.

2056 2907 2170 2970 Sed
2195 2906 2254 2968 in
2275 2909 2734 2973 ascendentibus
2754 2911 3020 2992 quidem,
3064 2928 3133 2972 ac
3160 2905 3692 2981 descendentibus,

2056 2994 2117 3056 in
2150 2995 2446 3059 infinitum
2481 2999 2788 3079 prohibita;
2816 3008 2953 3062 sunt
2998 3001 3239 3080 nuptiae.
3271 2999 3397 3064 Nec
3426 2994 3586 3059 enim
3606 2999 3700 3057 est

2056 3103 2316 3166 aequum,
2349 3093 2412 3147 ut
2430 3087 2586 3168 quod
2610 3088 3035 3169 procreationis
3053 3096 3143 3151 est
3162 3105 3360 3164 causa,
3388 3090 3697 3168 procreato

2058 3191 2191 3235 sese
2242 3174 2594 3240 submittat:
2637 3177 2698 3238 id
2747 3176 2903 3258 quod
2960 3176 3139 3239 etiam
3188 3176 3361 3238 bruta
3412 3175 3699 3257 pleraque

2058 3262 2338 3325 animalia
2363 3264 2559 3327 facere
2591 3272 2903 3341 recusant.
2957 3264 3024 3327 In
3071 3264 3145 3327 iis
3175 3272 3397 3344 autem,
3430 3262 3531 3344 qui
3559 3267 3701 3323 sunt

332 3376 416 3410 ναι
458 3355 546 3411 καὶ
587 3354 654 3409 τὰ
722 3351 774 3417 ἐξ
826 3352 1139 3432 ἀγχιστείας
1183 3355 1324 3432 παρά
1363 3362 1457 3411 τοῦ
1512 3353 1675 3428 νόμου
1712 3354 1843 3430 πρὸς
1873 3352 1976 3430 γά-

2062 3370 2129 3413 ex
2161 3360 2517 3430 transverso,
2549 3373 2666 3416 non
2705 3356 2859 3417 ultra
2906 3361 3132 3417 sextum
3184 3351 3433 3432 gradum
3491 3348 3700 3450 prohi-

334 3466 436 3518 μου
477 3442 751 3499 κοινωνίαν
781 3440 1092 3516 κωλυόμενα
1141 3442 1419 3520 πρόσωπα,
1480 3440 1571 3523 ἀφ’
1593 3443 1659 3517 ᾗς
1702 3439 1816 3500 οὐδὲ
1847 3463 1976 3518 συγ-

2065 3441 2208 3504 bitio
2233 3461 2368 3505 sese
2401 3443 2665 3524 porrigit.
2702 3443 3003 3525 Sequitur,
3041 3450 3103 3504 ut
3130 3440 3457 3504 afﬁciamus
3487 3447 3547 3501 et
3568 3437 3700 3500 illas

336 3531 541 3610 γένειαν
601 3532 742 3587 εἶναι
799 3532 827 3586 6
885 3531 1044 3605 νόμος
1121 3529 1394 3610 ἀνέχεται.
1473 3528 1787 3611 Ἀγχιστεία
1856 3531 1978 3608 γὰρ,

338 3622 520 3701 φησὶν,
580 3620 717 3676 ἐστὶν
790 3619 1053 3686 οἰκειότης
1127 3619 1425 3698 προσώπων
1494 3619 1555 3679 ἐκ
1608 3620 1794 3696 γάμων
1849 3620 1982 3693 ἡμῖν

342 3708 716 3784 συνημμένων,
790 3709 1089 3786 συγγενείας
1148 3707 1319 3771 ἐκτός,
1382 3706 1531 3765 Ἀλλ’
1591 3709 1736 3783 ὅμως
1778 3706 1984 3775 πολλὴν

341 3799 600 3854 κάνταῦθα
695 3803 788 3852 τοῦ
869 3805 1062 3872 σεμνοῦ
1161 3797 1431 3863 τιθέμενος
1542 3798 1814 3878 πρόνοιαν,
1900 3798 1987 3853 καὶ

439 3889 454 3909 κ
582 3886 595 3907 ν
857 3886 868 3903 ο
924 3901 936 3916 ,
1040 3887 1057 3917 ς’
1176 3887 1188 3907 ι
1512 3884 1544 3913 ρ
1723 3887 1733 3903 ι
1929 3885 1943 3906 \

341 3909 458 3967 περι
508 3907 691 3943 τουτου
739 3907 896 3964 φησιν
997 3897 1067 3945 Ο)
1134 3884 1356 3961 δυναμαι
1441 3885 1628 3943 λαοεϊν
1682 3908 1781 3954 την
1853 3886 1988 3962 ἐμην

343 3976 607 4055 προγονὴν
636 3974 671 4043 ἢ
729 3975 956 4054 νύμφην,
1029 3974 1144 4032 οὔδε
1198 3977 1298 4044 τὴν
1369 3977 1721 4055 συμπενθεράν
1807 3997 1929 4056 μου,
1953 3974 1987 4043 ἢ

342 4068 442 4134 τὴν
473 4064 730 4144 μητρυιάν
801 4086 922 4139 μου,
981 4063 1095 4122 owe
1139 4065 1238 4133 τὴν
1320 4064 1574 4144 θυγατέρα
1632 4071 1730 4133 τῆς
1760 4064 1988 4136 ἀποζευ-

341 4156 563 4237 χθεξσης
608 4175 715 4228 μου
733 4155 1007 4230 γυναικὸς,
1063 4155 1161 4222 τὴν
1218 4156 1351 4231 μετά
1394 4156 1491 4221 τὴν
1573 4152 1842 4225 ἀπόζευξιν
1896 4174 1987 4209 τε-

345 4248 568 4325 χθεϊσαν
599 4242 651 4307 ἐξ
710 4241 887 4320 ἐτέρου
957 4240 1164 4321 ἀνδρός.
1222 4244 1332 4309 Τὴν
1384 4249 1478 4298 τοῦ
1532 4242 1728 4323 πατρός
1786 4264 1909 4317 μου,
1954 4242 1990 4310 ἢ

345 4342 439 4391 τοῦ
498 4330 725 4412 ἀδελφοῦ
795 4352 895 4406 μου
942 4332 1208 4412 μνηστὴν,
1266 4331 1325 4387 οὔ
1385 4328 1604 4406 δύναμαι
1661 4328 1866 4393 λαϐεῖν,
1920 4333 1993 4389 0'3

348 4422 508 4499 μόνον
549 4422 584 4489 ἡ
614 4426 706 4477 τοῦ
748 4421 967 4499 πατρὸς,
1028 4418 1162 4476 ἀλλὰ
1216 4421 1304 4477 καὶ
1360 4420 1395 4487 ἡ
1452 4426 1544 4475 τοῦ
1598 4419 1839 4500 παππο),
1887 4442 1991 4495 μη-

346 4512 497 4590 τρυιὰ
552 4508 764 4587 λέγεται
798 4526 812 4540 ’
870 4512 957 4566 καὶ
1015 4508 1284 4584 κωλύομαι
1372 4506 1558 4566 λαϐεῖν
1638 4510 1819 4572 αὐτάς,
1882 4508 1991 4567 Κᾶν

349 4599 551 4663 πολλὰς
621 4597 783 4678 ἔσχεν
826 4600 854 4654 6
922 4599 1121 4677 πατὴρ,
1181 4597 1421 4675 οὒδεμίαν
1468 4599 1638 4655 αὐτῶν
1708 4594 1988 4672 λαμϐάνω,

2066 3548 2371 3610 personas,
2405 3550 2537 3612 qua:
2566 3550 2673 3611 per
2699 3533 2891 3612 legem
2946 3531 3175 3594 ratione
3204 3527 3504 3592 afﬁnitatis
3536 3545 3570 3588 a
3599 3544 3702 3588 so-

2067 3620 2278 3682 cietate
2306 3621 2645 3702 nuptiarum
2700 3627 2982 3684 arcentur
3016 3642 3029 3685 :
3067 3639 3182 3702 qua
3206 3617 3449 3701 quidem
3473 3635 3546 3678 ex
3573 3614 3707 3677 afﬁ-

2067 3710 2246 3772 nitate
2275 3699 2519 3788 ηυΙΙόιῐῖ
2522 3709 2663 3772 oriri
2691 3699 3103 3792 cognationem
3156 3699 3249 3772 les
3306 3706 3545 3789 patitur.
3603 3702 3708 3767 Est

2071 3800 2227 3862 enim
2259 3798 2532 3883 afﬁnitas,
2555 3800 2766 3883 inquit,
2788 3798 3166 3863 necessitudo
3190 3814 3577 3885 personarum
3600 3810 3711 3876 per

2071 3889 2303 3969 nuptias
2333 3889 2505 3952 nobis
2536 3891 3009 3971 conjunctarum,
3067 3888 3218 3951 citra
3270 3885 3706 3966 cognationem.

2073 3976 2189 4041 Sed
2220 3987 2419 4041 tamen
2444 3988 2501 4042 et
2531 3980 2667 4042 huic
2698 3997 2965 4060 magnam
3021 3977 3258 4040 honesti
3283 3974 3570 4038 rationem
3602 3973 3715 4036 ha-

2073 4067 2243 4142 bens,
2299 4067 2537 4149 inquit:
2619 4070 2753 4134 Non
2812 4085 3055 4150 possum
3111 4066 3334 4129 ducere
3390 4062 3716 4147 privignam

2071 4175 2287 4230 meam,
2320 4158 2409 4219 vel
2437 4175 2648 4220 nurum
2676 4181 2691 4227 ;
2727 4175 2840 4220 nec
2862 4174 3216 4219 consocrum
3237 4173 3454 4228 meam,
3475 4153 3569 4216 vel
3598 4170 3713 4215 no-

2072 4264 2304 4308 vercam
2342 4264 2532 4309 meam
2561 4267 2578 4325 ;
2638 4266 2750 4310 nec
2807 4246 2988 4309 ﬁliam
3020 4250 3242 4317 uxoris,
3274 4262 3405 4327 quae
3431 4262 3465 4307 a
3496 4260 3592 4305 me
3621 4240 3717 4304 di-

2070 4334 2264 4410 vertit,
2299 4343 2432 4417 post
2459 4335 2778 4399 divortium
2809 4355 2880 4399 ex
2908 4333 3023 4398 alio
3083 4334 3294 4396 marito
3352 4337 3714 4413 susceptam.

2072 4424 2262 4486 Patris
2291 4424 2432 4499 mei,
2466 4426 2556 4486 vel
2588 4425 2789 4489 fratris
2838 4423 2959 4488 mei
3008 4440 3311 4505 sponsam,
3345 4420 3567 4482 ducere
3596 4436 3720 4481 non

2076 4511 2489 4592 possum.Non
2519 4513 2709 4575 solum
2762 4514 2945 4594 patris
2997 4530 3167 4588 uxor,
3226 4509 3332 4572 sed
3390 4507 3570 4570 etiam
3602 4506 3718 4581 avi,

2076 4619 2328 4663 noverca
2350 4600 2570 4662 dicitur
2590 4621 2605 4675 ;
2637 4619 2856 4682 easque
2880 4602 3097 4664 ducere
3119 4595 3723 4682 prohibeor.Etiamsi

353 4686 481 4748 0333:
510 4687 609 4755 τὴν
652 4685 860 4766 μητέρα
912 4689 1009 4753 τῆς
1070 4687 1199 4743 ποτε
1242 4709 1342 4763 μου
1409 4690 1677 4761 μνηστῆς,
1737 4683 1850 4742 οὔδε
1893 4686 1976 4753 τὴη

2076 4690 2278 4771 plures
2304 4697 2466 4771 pater
2482 4688 2708 4767 habuit,
2741 4689 2962 4753 nullam
2998 4708 3067 4752 ex
3107 4689 3194 4751 eis
3232 4686 3407 4751 duco.
3438 4687 3565 4751 Nec
3588 4703 3720 4751 ma-

350 4776 581 4857 γυνατκά
630 4796 757 4831 ποτε
816 4785 908 4835 τοῦ
977 4781 1239 4854 προγοιοῦ
1294 4799 1419 4851 μου.
1477 4772 1606 4833 Οὔτε
1672 4777 1706 4843 ἡ
1766 4776 1976 4850 μητρυιὲ

2080 4760 2231 4842 trem
2255 4760 2489 4859 sponsa:
2509 4760 2806 4860 quondam
2822 4796 2990 4843 meae.
3008 4779 3134 4843 Nec
3155 4776 3407 4859 privigni
3423 4775 3723 4858 quondam

350 4864 607 4943 λαμϐάνει
705 4867 796 4921 τὸν
877 4864 1231 4943 γεγενημένον
1315 4862 1473 4944 ἄνδρα
1552 4869 1651 4931 τῆς
1734 4869 1999 4943 προγονῆς

352 4957 543 5021 αὐτῆς.
576 4954 687 5021 Τὴν
715 4954 981 5033 προγονὴν
1012 4960 1102 5010 τοῦ
1147 4951 1370 5032 ἀδελφοῦ
1423 4976 1524 5028 μω
1576 4949 1761 5009 λαϐεῖν
1822 4952 1881 5008 οὗ
1909 4950 2002 5009 δύ-

352 5064 539 5121 ναμαι,
570 5042 690 5121 οὔτε
744 5042 843 5107 τὴν
897 5040 1153 5119 θυγατέρα
1194 5045 1292 5111 τῆς
1347 5042 1614 5121 προγόνης
1685 5062 1785 5115 μου
1856 5039 2002 5117 λαμ-

2085 4867 2201 4959 mei
2222 4867 2560 4959 conjugem.
2604 4866 2727 4959 ῌςο
2748 4885 3004 4959 noverca
3025 4865 3194 4959 nuh_it
3214 4865 3293 4959 ei,
3318 4864 3422 4950 qui
3444 4863 3726 4959 privignae

2085 4947 2276 5027 ipsius
2314 4944 2559 5009 maritus
2605 4947 2734 5024 fuit,
2766 4947 3093 5030 privignam
3123 4946 3322 5009 fratris
3335 4944 3472 5009 'mei
3500 4944 3726 5008 dueere

2086 5056 2204 5099 non
2236 5055 2498 5118 possum,
2534 5054 2645 5099 nec
2670 5036 2814 5100 item
2842 5036 3020 5100 ﬁliam
3053 5035 3338 5117 privignm
3366 5052 3516 5099 meae
3541 5032 3720 5096 duco.

352 5130 519 5192 λάνω,
566 5117 661 5183 νδιν
728 5126 846 5184 καθ’
903 5117 1123 5185 ἕκαστόν
1164 5151 1245 5193 τις
1302 5117 1549 5209 ἐφιστῶν,
1623 5131 1711 5186 καὶ
1778 5133 1976 5186 σκοπού

2086 5117 2310 5199 Quaisi
2338 5117 2837 5205 quissingulatim
2868 5124 3148 5206 inspiciat
3183 5131 3243 5187 et
3272 5122 3610 5187 consideret
3636 5139 3729 5209 ac-

358 5240 512 5296 μενος
582 5215 832 5295 ἀκριϐῶς,
891 5214 1096 5286 πολλὴν
1152 5216 1205 5273 ἐν
1261 5219 1464 5282 τούτοις
1549 5223 1655 5273 τῶν
1712 5220 2005 5292 νομοθετῶν

2088 5225 2316 5293 curate,
2349 5213 2719 5296 magnamjn
2775 5213 2864 5279 eis
2890 5212 3292 5294 legislatorum
3322 5208 3736 5296 deprehendet

1670 5373 1770 5437 VA
1779 5372 1929 5438 RUE
1969 5370 2409 5441 LECTIONES.

447 5487 467 5531 ¹
502 5483 986 5566 Chrysostomus.

444 5699 617 5783 (45)§
652 5714 697 5776 ι,
730 5696 924 5763 lnstit.
956 5697 1051 5762 De
1078 5715 1230 5781 παρ.
1262 5704 1322 5763 et
1348 5698 1379 5780 §
1409 5699 1564 5780 Ergo
1591 5714 1715 5762 non
1745 5586 2206 5762 omniolli‘tﬁit.
2239 5696 2374 5762 eod.
