4160 6212
280 350 438 417 1109

1640 351 2319 419 GB/ECO—ROMANUM

1984 126 2021 146 ρ

3500 350 3654 416 mo

272 488 550 563 ὀνομάτων
613 487 789 553 πολλη
861 489 947 545 καὶ
1015 489 1345 569 καταφανὴς,
1429 491 1503 554 ὡς
1576 494 1682 546 τῶν
1751 493 1921 548 αὐτῶν

2005 504 2142 548 nem
2175 484 2478 567 prohiberi
2505 485 2537 546 ?
2592 503 2841 568 quorum
2898 492 3097 549 tamen
3127 484 3554 548 commercium
3581 484 3646 547 in

270 577 526 656 πρότερον
557 578 655 653 μὲν
712 575 1018 660 ἐξαδέλφοὺς
1076 577 1342 648 ἀλλήλους
1413 578 1735 659 καλούντων,
1791 578 1925 654 μετά

270 663 325 720 δὲ
354 667 453 733 τὴν
515 668 645 746 πρὸς
716 665 940 733 ἐκείνους
996 668 1298 748 συνάφειαν,
1361 666 1727 747 συγγάμϐρους
1786 666 1924 731 αὖθις

273 752 682 831 συνελαυμένους
708 755 774 806 54
817 756 1218 831 κατονομάζειν.
1268 755 1398 815 Κατ’
1430 755 1550 813 ἴσον
1593 756 1648 813 δὲ
1704 776 1790 813 και
1819 762 1924 812 τῶν

269 842 497 910 θηλειῶν
562 843 841 925 ἐξαδέλφας
924 848 1058 920 ὁμοῦ
1154 846 1248 901 καὶ
1330 846 1625 925 συννύμφας
1694 843 1923 914 ἀλέήλας

272 931 485 993 καλεῖν.
518 935 627 1001 τὴν
683 936 847 1001 αὐτὴν
900 932 945 989 δ’
1003 934 1066 989 ἃν
1134 957 1215 996 τις
1285 940 1389 991 τῶν
1458 936 1732 1011 ὀνομάτων
1804 934 1927 1011 σύγ-

272 1044 427 1102 χυσιν
486 1020 592 1078 ἴδοι
656 1024 746 1079 καὶ
800 1024 885 1079 ἐπὶ
943 1029 1049 1079 τῶν
1114 1021 1351 1104 ἀδελφῶν
1439 1029 1546 1080 τῶν
1627 1022 1679 1089 ἐξ
1750 1022 1926 1103 ἐτέρου

272 1109 456 1188 γένους
539 1108 801 1189 δευτέραις
901 1110 1203 1193 ἐξαδέλφαις
1303 1112 1796 1192 συναρμοζομένων.
1867 1112 1927 1169 Τί

274 1197 319 1254 δ’
352 1198 413 1255 ἄν
446 1221 529 1262 τις
575 1198 730 1268 ⁴εἴποι
788 1201 877 1257 καὶ
945 1203 1063 1281 περὶ
1105 1204 1210 1258 τῶν
1258 1199 1710 1281 τρισεξαδέλφωεδ;
1764 1202 1865 1264 Οἷς
1898 1203 1925 1256 6

276 1288 437 1363 νόμος
488 1288 587 1355 τὴν
665 1289 899 1367 γαμικὴν
982 1289 1299 1369 ἐπαγγελίαν
1356 1292 1416 1347 οῦ
1496 1291 1655 1366 μόνον
1725 1289 1923 1371 ἀφῆκεν

273 1376 573 1459 ἀκώλυτον,
604 1377 743 1445 ἀλλὴ
772 1380 859 1435 καὶ
914 1380 1088 1457 ῥητῶς
1131 1380 1328 1447 ταύτην
1371 1378 1677 1459 ἐπέτρεψεν,
1753 1379 1806 1435 ἐν
1836 1379 1926 1441 οἷς

272 1468 435 1547 φησὶν
470 1483 484 1498 ⁸
548 1458 611 1524 Ἠ
655 1481 920 1547 γραφεῖσα
948 1468 1048 1525 ῦπὸ
1106 1467 1309 1549 αἵρεσιν
1368 1469 1465 1537 τῆς
1504 1458 1736 1547 νμητρὸς
1790 1466 1923 1533 κλη-

272 1556 524 1635 ρονόμος,
564 1578 592 1610 α
622 1553 1233 1637 Ἐὰντῷτρισεξαδέλφῳ
1286 1562 1527 1636 γαμηθῇ,
1569 1580 1592 1613 ι
1640 1556 1922 1635 πληρούτω

270 1646 485 1709 πάντως
521 1646 621 1713 τὴν
652 1644 879 1723 αἵρεσιν.
939 1647 1012 1704 Οὐ
1043 1647 1142 1726 γὰρ
1202 1647 1425 1727 αἰσχρός
1471 1647 1610 1703 ἐστιν
1654 1649 1681 1702 6
1724 1646 1917 1724 γάμος.

272 1737 331 1792 Ei
374 1735 452 1810 μὴ
514 1731 611 1814 ἄρα
655 1734 860 1800 ἐκεῖνος
932 1734 1220 1811 ἐμποδίζοι.
1284 1739 1438 1794 Οὗτοι
1484 1743 1607 1815 γοῦν
1664 1735 1921 1792 συναπτό-

2007 575 2364 639 hodiernum
2400 593 2589 657 usque
2619 575 2780 638 diem
2830 592 3025 657 neque
3082 575 3201 658 lex,
3234 593 3432 656 neque
3458 591 3649 638 canon

2005 664 2162 727 ullus
2189 664 2373 726 vetuit
2399 688 2414 740 ;
2469 665 2576 727 sed
2607 664 2756 726 citra
2786 664 3271 746 prohibitionem,
3319 678 3380 725 et
3405 661 3651 743 impune

2006 771 2103 814 res
2133 752 2394 832 quotidie
2426 753 2749 835 peragitur.
2799 751 3198 815 Nihilominus
3246 752 3386 814 hinc
3444 769 3657 831 magna

2008 841 2438 923 manifestaque
2466 841 2736 904 confusio
2758 842 3192 923 et-permutatio
3214 841 3522 903 nominum
3544 859 3652 902 co-

2007 929 2303 1009 gnationis
2332 930 2581 1005 exsistit,
2633 948 2768 992 cum
2824 930 3040 992 illimet
3094 930 3233 1012 ipsi,
3265 930 3367 1011 qui
3394 929 3556 1011 prius
3587 947 3655 992 se

2008 1017 2400 1080 consobrinos
2426 1019 2736 1096 vocabant,
2772 1028 2904 1101 post
2933 1019 3139 1082 initam
3172 1021 3326 1082 hanc
3366 1036 3501 1080 cum
3528 1016 3649 1080 illis

2009 1106 2488 1188 conjunctionem
2522 1125 2654 1170 sese
2685 1126 3054 1187 congeneros
3118 1108 3420 1190 appellare
3441 1126 3653 1189 cogan-

2010 1203 2125 1258 tur.
2160 1196 2293 1258 Pari
2327 1195 2503 1258 modo
2534 1205 2593 1257 et
2621 1196 2765 1277 ipsa:
2814 1197 3051 1259 femina;
3079 1206 3203 1260 tum
3235 1194 3646 1275 consobrinas,

2010 1292 2132 1346 tum
2158 1284 2389 1346 fratrias
2406 1302 2470 1345 se
2492 1284 2745 1347 invicem
2777 1286 3189 1348 nominabunt.
3221 1285 3505 1348 Eamdem
3532 1305 3647 1348 no-

2011 1372 2236 1434 minum
2259 1373 2669 1435 confusionem
2686 1374 2890 1436 videre
2913 1373 3052 1437 licet
3080 1375 3257 1437 etiam
3281 1374 3343 1436 in
3369 1374 3652 1437 fratribus

2008 1462 2109 1543 qui
2140 1462 2445 1547 prognatis
2476 1480 2546 1525 ex
2575 1463 2692 1525 alia
2739 1462 2959 1525 familia
2989 1464 3247 1526 sobrinis
3274 1463 3649 1545 copulantur.

2005 1550 2077 1611 Et
2093 1552 2257 1631 quid,
2281 1569 2503 1633 quaeso,
2529 1552 2742 1615 dixerit
2761 1553 2975 1634 aliquis
3005 1553 3079 1615 de
3101 1553 3478 1615 sobrinarum
3494 1572 3649 1634 quo-

2006 1658 2121 1719 que
2150 1640 2356 1702 liberis
2379 1640 2406 1701 ?
2438 1641 2653 1721 quibus
2680 1642 2775 1704 lex
2795 1643 3327 1724 repromissionem
3350 1640 3653 1704 matrimo-

2006 1727 2223 1791 nialem
2251 1748 2368 1791 non
2432 1730 2607 1791 modo
2658 1750 2778 1792 non
2830 1731 3186 1812 prohibitam
3242 1728 3507 1813 reliquit,
3542 1732 3648 1795 sed

274 1845 450 1899 μενοι,
535 1828 593 1882 οὒ
677 1824 947 1889 συνεύνους
1047 1825 1207 1901 μόνον
1304 1825 1417 1882 ἀντὶ
1515 1821 1921 1904 τρισεξαδέλφων

2009 1818 2185 1880 etiam
2216 1818 2440 1881 diserte
2473 1819 2768 1900 permisit,
2802 1838 2982 1901 quum
3016 1820 3096 1881 ait
3128 1842 3141 1884 :
3189 1820 3331 1894 Qua)
3361 1823 3472 1885 sub
3503 1840 3652 1883 con-

270 1911 611 1986 καλέσουσιν,
644 1911 781 1968 ἀλλὰ
838 1915 925 1970 καὶ
984 1916 1105 1978 τοὺς
1150 1913 1399 1984 ἀλλήλων
1444 1914 1703 1993 πατέρας,
1761 1913 1926 1976 θείους

267 2001 382 2077 ἅμα
438 2002 527 2057 καὶ
581 2003 856 2081 πενθερούς
893 2022 908 2039 ο
972 2004 1059 2059 καὶ
1101 2006 1148 2059 οἱ
1205 2005 1515 2081 γεννήτορες
1572 2003 1738 2074 αὖθις,
1798 2002 1924 2057 ἀνε-

270 2092 426 2166 ψιοὺς
457 2091 579 2154 τοὺς
609 2090 795 2154 αὖτοὺς
850 2094 939 2148 καὶ
993 2089 1283 2171 γαμϐρούς.
1356 2093 1455 2151 Καὶ
1506 2093 1565 2148 τὸ
1610 2089 1673 2159 δὴ
1727 2094 1927 2166 θαυμα-

270 2180 520 2259 στότερον
550 2200 564 2216 ·
598 2179 679 2237 ὅτι
737 2182 826 2237 καὶ
874 2179 1292 2259 κληρονομοῦσιν
1351 2180 1639 2255 ἀλλήλους,
1703 2178 1925 2254 ἑϐδόμου

269 2271 473 2345 βαθμοῦ
518 2270 893 2349 τυγχάνοντες,
945 2271 1051 2326 τῶν
1119 2269 1555 2350 προσεχεστέρων
1625 2268 1676 2335 ἐξ
1746 2268 1921 2325 ἐπιλι-

270 2358 479 2415 πόντων
537 2360 774 2439 βαθμῶν,
846 2362 1042 2431 καθὼς,
1115 2361 1203 2415 καὶ
1283 2363 1312 2417 ὁ
1393 2361 1511 2439 περὶ
1565 2358 1922 2439 κληρονομίας

270 2448 553 2528 παρίστησι
580 2448 764 2524 νόμος.
821 2440 883 2505 Ἢ
942 2449 1234 2528 συγγενικὴ
1278 2450 1516 2526 βοήθεια,
1577 2446 1626 2514 ’ἐξ
1690 2447 1919 2525 βαθμοὺς

271 2536 578 2615 συγγενείας
652 2535 1057 2618 περιλαμϐάνει,
1142 2540 1232 2594 καὶ
1313 2537 1417 2593 ἀπὸ
1526 2546 1618 2596 τοῦ
1708 2534 1928 2611 ἑϐδόμου

271 2625 533 2702 πρόσωπα
584 2623 696 2698 δύο,
762 2627 828 2682 τὰ
874 2628 1159 2702 τικτόμενα
1230 2627 1336 2683 ἀπὸ
1404 2634 1495 2682 τοῦ
1564 2623 1928 2704 δισεξαδέλφου

270 2715 485 2779 καὶτῆς
529 2710 925 2794 δισεξαδὲλφης.
995 2715 1055 2772 Τί
1111 2715 1309 2771 τούτων
1379 2714 1522 2778 αὖθις
1580 2713 1919 2794 συγχυτικώο

272 2822 421 2879 τερον
451 2820 467 2880 ;
504 2799 649 2857 Ἀλλ’
693 2805 721 2858 ὁ
762 2802 1076 2877 νομοθέτης,
1108 2804 1201 2859 τὸν
1259 2803 1414 2860 αὐτὸν
1443 2806 1688 2883 πενθερὸν
1718 2802 1919 2877 ὀνομά-

273 2897 382 2961 ζειν
423 2891 508 2945 καὶ
539 2893 705 2969 θετον,
739 2892 826 2946 καὶ
873 2890 1206 2967 κληρονόμον
1242 2892 1397 2951 αὐτοῦ
1465 2890 1516 2957 ἐξ
1560 2891 1921 2965 ἀποτελέσμα-

472 2978 483 2995 .
1788 2971 1823 2993 ι.

273 3002 362 3043 τος
408 2976 716 3053 δεικνυσθαι,
751 2980 853 3059 οὔχ
894 2981 1138 3059 ἡγήσατο
1197 2982 1472 3061 σύγχυσιν.
1536 2985 1739 3061 Διατί;
1827 2992 1919 3039 Οτι

274 3066 441 3145 μηδὲν
509 3070 719 3132 πάντως
763 3068 1016 3145 ἔκθεσμον
1071 3068 1238 3127 ἐνεϊδε
1306 3077 1384 3146 τῷ
1444 3070 1735 3149 πράγματι.
1780 3072 1919 3129 Καθὸ

2009 1907 2236 1969 ditione
2269 1907 2471 1969 matris
2502 1915 2590 1969 est
2620 1909 2811 1970 hmres
2857 1908 3096 1989 scripta,
3149 1909 3224 1973 Si
3268 1910 3502 1973 sobrim’
3527 1909 3655 1992 ﬁlio

2008 1999 2283 2076 nupserit
2300 1997 2457 2077 (46),
2489 1997 2732 2059 omnino
2782 1997 3185 2061 conditionem
3216 1999 3485 2081 impleat.
3520 2000 3654 2063 Non

2009 2086 2169 2147 enim
2202 2094 2403 2167 turpes
2425 2095 2560 2148 sunt
2581 2087 2823 2168 nuptiae.
2846 2087 2968 2149 Nisi
2985 2087 3140 2151 forte
3168 2106 3277 2169 per
3302 2089 3496 2170 ipsum
3528 2096 3653 2151 ste-

2011 2174 2168 2250 terit,
2199 2174 2520 2255 quominus
2551 2176 2672 2237 ﬁat.
2706 2175 2766 2239 Si
2797 2195 2935 2255 ergo
2978 2176 3038 2237 hi
3094 2177 3471 2257 copulentur,
3533 2196 3653 2239 non

2007 2264 2183 2325 modo
2212 2282 2279 2326 se
2310 2264 2423 2326 tori
2458 2272 2762 2327 consortes
2793 2284 2899 2347 pro
2937 2264 3318 2328 sobrinarum
3348 2266 3509 2342 ﬁliis,
3541 2284 3674 2348 ap-.

2006 2353 2337 2435 pellabunt,
2372 2356 2757 2417 verumetiam
2812 2364 3014 2437 patres
3071 2374 3211 2418 suos
3238 2363 3362 2419 tum
3388 2356 3652 2419 minores

2004 2448 2242 2523 patruos
2274 2443 2689 2518 avunculosve,
2742 2452 2864 2506 tum
2924 2462 3213 2507 soceros:
3278 2464 3347 2508 ac
3376 2452 3654 2527 parentes

2013 2531 2141 2593 vice
2171 2550 2343 2594 versa
2376 2530 2764 2594 nominabunt
2820 2534 3063 2596 eosdem
3116 2542 3240 2596 tum
3300 2535 3652 2616 patruelium

2012 2620 2255 2698 liberos,
2292 2630 2414 2682 tum
2444 2639 2720 2701 generos.
2752 2621 2824 2684 Et
2852 2623 3007 2703 quod
3038 2624 3223 2702 magis
3279 2630 3368 2686 est
3409 2624 3653 2703 dignum

2008 2708 2545 2783 admiratione,sibi
2572 2710 2900 2773 succedunt
2918 2711 3384 2793 invicem,quum
3401 2713 3655 2793 septimo

2006 2798 2228 2861 distent
2246 2799 2457 2876 gradu.
2485 2799 2864 2880 propioribus
2886 2800 2991 2862 sed
3014 2801 3298 2878 gradibus
3324 2801 3649 2878 exstinctis,

2004 2887 2159 2949 sicut
2184 2895 2242 2948 et
2266 2888 2359 2949 lex
2376 2888 2453 2949 de
2471 2887 2850 2950 successione
2870 2890 3183 2952 conﬁrmat
3206 2890 3355 2971 (46‘)
3384 2908 3399 2954 :
3427 2892 3654 2955 Reme-

2002 2975 2165 3037 dium
2198 2978 2365 3040 L’nde
2392 2979 2654 3057 cognati,
2692 2995 2795 3039 sex
2838 2977 3055 3057 gradus
3084 2978 3450 3058 cognationis
3479 2998 3650 3041 com-

2004 3066 2302 3146 plectitur,
2340 3076 2399 3128 et
2427 3085 2460 3128 e
2517 3066 2768 3147 septimo
2818 3085 3103 3148 personas
3145 3069 3315 3141 duas,
3347 3087 3479 3149 qua;
3509 3085 3653 3148 pro-

273 3163 362 3216 καὶ
391 3162 558 3235 μήπω
585 3160 803 3224 κανόνος
863 3161 1002 3240 ἱεροῦ
1067 3161 1103 3229 ἢ
1161 3162 1327 3238 νόμου
1379 3168 1560 3218 καινοῦ
1614 3161 1735 3226 τοὺς
1788 3162 1917 3238 πρὸς

2005 3162 2287 3218 creantur
2316 3173 2385 3216 ex
2416 3153 2659 3216 sobrino
2690 3162 2748 3216 et
2777 3154 3046 3217 sobrina.
3108 3154 3263 3228 Quid
3293 3148 3386 3217 his
3413 3174 3652 3219 rursum

273 3248 541 3320 ἀλλήλους
598 3256 702 3305 τῶν
744 3251 996 3307 τοιούτων
1056 3251 1354 3329 προσώπων
1406 3250 1607 3328 γάμους
1661 3248 1919 3307 ἀποκλει-

274 3340 503 3413 σάντων,
551 3346 816 3419 χωροῦσιν
845 3342 987 3396 οὗτοι
1012 3338 1097 3396 διὰ
1166 3340 1400 3412 πάντων,
1459 3342 1548 3395 καὶ
1588 3337 1919 3418 διαδίδονται,

267 3434 375 3484 τῶν
475 3430 784 3508 συγχύσεων
882 3428 1035 3506 ὀλίγα
1120 3428 1501 3510 φροντίζοντες.
1590 3426 1754 3485 Ἀλλὰ
1823 3429 1923 3506 γὰρ

270 3517 449 3596 ὥσπερ
485 3515 570 3573 ἐπὶ
598 3523 706 3572 τῶν
730 3517 791 3573 ἐκ
858 3516 1083 3596 πλαγίου
1151 3519 1314 3598 μέχρι
1386 3525 1492 3574 τῶν
1545 3515 1921 3597 δισεξαδέλφων

271 3608 299 3661 6
331 3606 489 3680 νόμος
520 3607 585 3661 τὰ
614 3610 711 3672 τῆς
764 3605 1045 3670 κωλύσεως
1090 3608 1419 3685 ὁρισάμενος,
1479 3608 1600 3671 τοὺς
1629 3607 1923 3687 περαιτέρω

272 3695 472 3752 τούτων
516 3694 679 3758 ἀδεῶς
735 3695 906 3775 ἀφῆκε
963 3695 1351 3771 συμπλέκεσθαι
1382 3716 1398 3732 ·
1461 3695 1625 3753 οὕτων
1683 3695 1781 3775 ἄρα
1836 3697 1924 3752 καὶ

273 3785 340 3843 τὰ
396 3782 446 3848 ἐξ
505 3784 814 3863 ἀγχιστείας
889 3783 1177 3851 καταλέξας
1250 3784 1564 3861 κωλυόμενα
1641 3784 1922 3865 πρόσωπα,

271 3873 360 3927 καὶ
413 3873 615 3936 τούτοις
673 3874 769 3940 τὴν
866 3873 1220 3952 ἀπαρίθμησιν
1331 3875 1525 3930 ὡσανεί
1571 3897 1689 3930 τινα
1747 3874 1924 3953 τειχία

275 3963 359 4016 καὶ
387 3959 538 4039 ὅρους
563 3960 804 4037 θέμενος,
865 3963 962 4029 τὴν
1020 3964 1257 4041 γαμικὴν
1313 3962 1522 4039 ὁμιλίαν
1588 3977 1706 4028 τοῖς
1738 3962 1920 4027 ἄλλοις

272 4048 580 4128 ἐπέτρεψεν.
640 4054 737 4113 Οἷς
811 4053 838 4106 6
933 4052 1369 4128 ἀντινομοθετῶν,
1456 4054 1545 4108 καὶ
1639 4054 1704 4108 τὰ
1789 4052 1918 4131 γένη

271 4135 549 4215 προδήλως
580 4136 795 4212 ἀδικῶν,
831 4138 1018 4207 λέληθε
1076 4138 1244 4210 δήπου
1299 4139 1485 4215 πολλῷ
1539 4140 1789 4220 πρότερον
1832 4142 1919 4197 καὶ

273 4229 458 4293 αὐτοὺς
487 4228 577 4285 ὑπ’
621 4230 834 4297 εὐθύνην
891 4230 1038 4310 ἄγων
1094 4232 1215 4296 τοὺς
1274 4229 1585 4309 παριδόντας
1643 4232 1714 4295 εἰς
1771 4229 1918 4308 δεῦρο

272 4320 337 4374 τὰ
380 4328 594 4376 τοιαῦτα
665 4318 830 4381 θείους
877 4319 1111 4399 Πατέρας
1182 4322 1270 4377 καὶ
1326 4321 1683 4400 πατριάρχας,
1743 4318 1811 4377 Οἵ
1855 4341 1915 4398 γε

2004 3242 2341 3306 confusioni
2364 3243 2604 3324 propius
2621 3242 2645 3305 ?
2664 3243 2992 3321 Legislator
3013 3252 3211 3306 tamen
3232 3244 3509 3307 eumdem
3529 3253 3654 3309 tum

2004 3350 2280 3394 socerum
2329 3332 2660 3406 nominare,
2715 3339 2837 3391 tum
2887 3332 3183 3393 minorem
3238 3340 3538 3413 patruum,
3598 3340 3660 3396 et

2005 3421 2350 3483 conditione
2379 3420 2627 3501 impleta
2657 3419 2952 3480 haeredem
3003 3419 3134 3500 ejus
3162 3420 3385 3496 facere,
3421 3439 3653 3503 nequa-

2005 3528 2181 3591 quam
2242 3509 2464 3591 putavit
2516 3526 2648 3569 esse
2704 3507 3140 3571 confusionem.
3190 3508 3587 3582 Quamobrem
3620 3511 3652 3572 ?

2005 3598 2282 3679 quoniam
2314 3597 2453 3659 huic
2511 3597 2599 3659 rei
2651 3596 2801 3658 nihil
2850 3597 3097 3658 omnino
3157 3597 3353 3660 illiciti
3413 3597 3655 3662 videbat

2004 3686 2227 3763 inesse.
2255 3687 2381 3759 Quo
2409 3688 2495 3761 ﬁt,
2532 3694 2596 3747 ut
2623 3704 2755 3748 cum
2812 3685 3010 3747 nullus
3059 3703 3318 3764 unquam
3350 3704 3522 3750 sacer
3550 3705 3654 3749 ca-

2009 3795 2151 3857 non,
2182 3784 2281 3837 aut
2311 3776 2403 3837 lex
2433 3775 2628 3855 aliqua
2659 3790 2834 3854 nova,
2866 3774 3104 3855 nuptias
3154 3774 3315 3837 inter
3366 3794 3655 3857 personas

2007 3865 2349 3945 hujusmodi
2404 3871 2736 3926 contractas
2779 3862 3144 3926 excluserint
3178 3911 3193 3940 ,
3225 3863 3288 3925 hi
3318 3872 3514 3927 tamen
3547 3884 3657 3946 per

2005 3954 2205 4015 omnia
2233 3962 2423 4015 semet
2451 3952 2727 4032 ingerant
2752 3970 2821 4014 ac
2871 3961 3154 4031 vagentur
3205 3971 3324 4015 non
3378 3972 3653 4034 magnam

2002 4043 2417 4105 confusionum
2450 4043 2741 4104 rationem
2802 4040 3111 4105 habentes.
3162 4040 3448 4106 Sedenim
3509 4060 3658 4125 que-

2006 4132 2385 4194 madmodum
2434 4131 2496 4193 in
2528 4131 2625 4210 iis,
2658 4129 2760 4211 qui
2790 4138 2927 4192 sunt
2956 4149 3025 4193 ex
3053 4138 3409 4214 transverso,
3441 4132 3516 4195 ad
3546 4149 3651 4195 so-

2002 4222 2206 4283 brinos
2237 4239 2421 4302 usque
2449 4219 2698 4282 delinita
2730 4218 3157 4299 prohibitione,
3217 4220 3655 4283 remotioribus

2001 4314 2189 4376 libere
2219 4312 2474 4375 coeundi
2508 4318 2855 4393 potestatem
2881 4311 2975 4373 lex
3008 4312 3148 4375 fecit
3175 4330 3188 4375 :
3225 4313 3311 4375 sic
3336 4314 3513 4375 etiam
3546 4332 3651 4375 re-

272 4410 360 4463 καὶ
415 4404 801 4463 κινδυνεύσουσι
861 4408 1071 4472 πάντως
1114 4410 1174 4464 τὸ
1225 4406 1341 4465 κατ’
1385 4410 1596 4479 αότοῦς,
1656 4408 1915 4486 ἀπάρατοι

2005 4404 2248 4467 censitis
2270 4405 2542 4484 personis
2563 4400 2794 4463 ratione
2819 4400 3123 4464 afﬁnitatis
3140 4402 3653 4482 prohibitis,hanc

271 4494 531 4573 γενέσθαι,
603 4497 690 4551 καὶ
740 4500 838 4564 τῆς
912 4496 1231 4573 Ἐκκλησίας
1313 4496 1648 4572 ἐκκήρυκτοι,
1736 4499 1779 4554 εἰ
1835 4503 1921 4557 καὶ

273 4571 565 4665 ιρωστήρων
606 4582 756 4651 δίκην
797 4584 1122 4661 ἐξέλαμψαν.
1168 4571 1262 4643 "EI
1314 4584 1399 4642 ἐπὶ
1468 4571 1673 4651 τούσοις
1704 4586 1921 4667 ἐροῦμεν

271 4676 360 4731 καὶ
425 4676 702 4750 σύντομον.
780 4676 837 4731 Εἰ
910 4675 1007 4750 μὲν
1078 4677 1210 4734 αὔτα
1288 4676 1356 4731 τὰ
1424 4677 1541 4754 περὶ
1612 4677 1919 4757 συγχύσεως

272 4764 691 4843 ἀπεριμερίμνως
736 4771 832 4838 ,τῷ
884 4764 1032 4837 τόποι)
1090 4763 1478 4844 παρεῤῥιμμένα
1535 4765 1689 4842 ῥητὰ,
1740 4768 1825 4822 καὶ
1853 4772 1920 4843 τῇ

269 4859 361 4907 τοῦ
436 4851 671 4930 μεγάλου
795 4852 1068 4909 Βασιλείου
1174 4851 1427 4929 ἐπιστολῇ
1510 4854 1916 4932 ἀπαραλείπτως

271 4940 546 5018 ἐγκείμενα
611 4938 854 5021 δείξουσι,

269 5035 376 5084 τῶν
420 5028 679 5093 πολλάκις
753 5031 1219 5105 μνημονευθέντων
1272 5032 1567 5110 προσὼπων
1639 5032 1919 5111 συνάφειαν

270 5123 377 5172 τῶν
407 5116 664 5192 ἀθεμίτων
704 5119 989 5197 ὕπὶρχειν,
1026 5110 1201 5201 ’Ἔχει
1232 5121 1318 5176 καὶ
1360 5121 1461 5199 γὰρ
1516 5118 1680 5185 oriza);
1710 5122 1737 5176 6
1781 5110 1917 5198 i596;

2003 4495 2190 4574 ipsam
2223 4490 2736 4554 enumerationem
2768 4488 2855 4551 eis
2886 4489 3064 4551 veluti
3086 4498 3252 4570 septo
3283 4489 3552 4572 quaedam
3584 4508 3655 4551 ac

2002 4583 2223 4644 limites
2253 4579 2579 4653 constituit,
2617 4576 3039 4639 matrimoniali
3068 4580 3298 4640 caeteris
3322 4585 3652 4641 consuetu-

2003 4672 2140 4733 dine
2172 4669 2480 4751 permissa.
2514 4665 2741 4738 Quibus
2769 4683 2914 4727 sane
2966 4665 3067 4746 qui
3123 4666 3240 4728 lata
3294 4667 3464 4748 quasi
3518 4666 3652 4747 lege

2003 4759 2298 4822 contraria
2316 4756 2542 4821 statuit,
2571 4763 2630 4816 et
2655 4753 2962 4818 manifesto
2995 4753 3233 4817 familiis
3252 4754 3529 4837 injuriam
3553 4756 3661 4820 fa-.

2001 4850 2130 4921 cit;
2183 4848 2358 4909 etiam
2405 4843 2581 4905 tacite
2611 4856 2847 4904 sanctos
2875 4842 3081 4905 Patres
3130 4862 3199 4906 ac
3256 4843 3645 4925 patriarchas,

884 4939 1128 4998 ’διδόσθω
1221 4938 1339 4996 κατ’
1395 4943 1605 5015 αὐτοὺς,
1662 4944 1751 4999 καὶ
1819 4943 1917 5009 τὴν

2005 4938 2101 5020 qui
2133 4937 2421 4998 hactenus
2453 4931 2594 4994 talia
2624 4929 3017 5020 neglexerint.
3051 4950 3189 4994 reos
3221 4931 3487 5013 peragit:
3547 4933 3672 5015 qui.

2001 5019 2244 5108 quidem
2275 5020 2544 5093 omnino,
2577 5027 2860 5101 quantum
2892 5019 2951 5083 in
2984 5019 3117 5084 istis
3147 5028 3256 5095 est,
3288 5028 3453 5083 extra
3480 5022 3648 5101 peri-

2002 5116 2201 5180 culum
2231 5108 2535 5174 constituti
2588 5127 2708 5171 non
2739 5117 2936 5186 erunt,
2968 5109 3287 5191 quominus
3316 5110 3649 5174 exsecrabi-

1606 5276 1858 5341 VARUE
1901 5267 2336 5343 LECTIONES.

352 5396 417 5448 54
442 5395 921 5473 συνελαυνομένων.

349 5506 367 5559 3
406 5502 501 5567 vel
534 5507 775 5582 rectius,
808 5504 1117 5585 coafﬁnes.

1823 5608 2049 5675 NOTE
2062 5656 2071 5669 .

354 5718 470 5798 (46)
500 5718 544 5783 l.
578 5735 642 5799 ll,
676 5721 740 5783 C.
775 5717 868 5782 De
897 5721 1090 5786 instit.
1128 5729 1181 5785 et
1210 5720 1524 5786 substitut.

2101 5717 2219 5801 (46)
2251 5717 2294 5781 l.
2330 5733 2376 5779 ι.
2408 5715 2437 5796 §
2466 5714 2609 5780 Ηωο
2634 5722 2857 5783 autem.
2894 5716 2967 5782 D.
3008 5716 3171 5782 Unde
3198 5720 3491 5800 cognatis.
