4160 6212
535 282 682 349 HM
1915 284 2047 349 JUS
2083 284 2181 348 CA

2263 282 2528 351 )NlCUM
3738 284 3879 350 1112

528 419 619 484 les
648 418 892 498 fuerint,
921 425 982 484 et
1005 419 1079 484 ab
1111 419 1376 483 Ecclesia
1403 419 1649 496 exclusi,
1684 418 1823 481 licet
1855 417 2046 480 instar
2067 415 2168 478 lu-

2263 417 2336 475 ιαὶ
2364 417 2531 498 μέγας
2562 421 2853 497 Βασίλειος,
2881 427 2910 480 6
2938 423 3032 480 καὶ
3075 423 3142 480 τὰ
3191 424 3326 500 βάθη
3397 426 3490 479 τοῦ
3559 423 3874 498 Πνεύμασος,

527 509 850 575 minarium
881 508 1318 592 splenduerint.
1373 509 1570 574 Unum
1628 514 1842 591 praeter
1896 507 2164 594 hiemet

2263 506 2379 565 ιατὰ
2419 509 2519 577 τὴν
2563 509 2849 592 Θεολόγου,
2883 512 3102 594 ἐρευνῶν
3137 528 3151 542 '

529 599 732 681 paucis
759 591 1001 682 quidem
1028 597 1250 676 verbis,
1285 598 1660 680 adjiciemus.
1697 596 1761 661 Si
1789 595 2032 679 quidem
2063 593 2177 684 illa
2194 591 2666 684 de_confusione
2695 591 3328 683 verba,'incogitanter
3366 599 3628 684 ipson
3678 601 3883 682 injecta

526 680 982 770 scripto,'etiam
1014 688 1146 751 sine
1189 687 1425 752 defectu
1478 688 1543 750 in
1590 686 1786 768 magni
1833 684 2037 749 Basilii
2085 680 2338 763 epistola
2386 685 2576 763 posita
2622 689 3005 770 prohaverint
3035 715 3050 757 :
3077 680 3451 754 concedatur
3477 709 3646 767 sane,
3678 680 3880 775 ntiqua

524 780 792 860 ipsorum
822 786 915 841 est
941 779 1257 854 sententia,
1291 776 1508 859 sapius
1556 776 1954 842 iudicatarum
2002 787 2400 854 personarum
2449 777 2791 858 conjunctio
2842 781 2916 844 sit
2949 781 3172 845 illicita.
3207 783 3354 847 Nam
3385 780 3475 846 sic
3503 779 3683 844 habet
3733 800 3884 848 sacer

525 884 596 930 ac
625 883 873 948 magnus
899 866 1003 930 ille
1030 865 1315 943 Basilius,
1347 865 1448 948 qui
1473 873 1533 929 et
1560 866 1806 948 spiritus
1836 860 2290 952 proinnditates,
2324 869 2390 923 ut
2418 862 2738 947 Gregorius
2763 868 3098 952 Theologus
3132 873 3238 950 ait,
3272 883 3594 939 scrutatur.

605 955 857 1022 Basilius
885 973 1026 1037 ergo
1048 959 1134 1047 de
1164 955 1395 1047 nuptiis
1415 955 1768 1047 quibusdam
1816 951 2041 1047 illicitis
2071 950 2164 1047 lo-

2263 1041 2268 1047 ἡ
2328 956 2495 1047 ρῦτος
2562 960 2681 1037 περί
2747 983 2886 1028 τινος
2941 950 3184 1039 ἀθεμίτου
3260 967 3432 1045 γάμου
3492 966 3876 1047 διαλεγόμενος,

527 1065 741 1130 quens,
772 1045 1275 1128 compendiariam
1304 1045 1528 1128 praebet
1555 1053 1777 1118 notam,
1801 1061 1916 1124 qua
1936 1039 2172 1132 illicitae

2263 1041 2500 1120 ἐπίτομον
2529 1048 2802 1128 γνώρισμα
2829 1048 3056 1126 δίδωσιν,
3115 1053 3170 1110 ἐν
3333 1039 3405 1112 τὰ
3471 1062 3577 1114 τῶν
3633 1039 3878 1132 άθεμίτων

525 1128 748 1225 nuptias
771 1153 807 1199 ι
836 1135 1122 1225 legitimis
1170 1133 1629 1225 facileisecerni
1659 1132 1905 1225 possint.
1934 1129 2000 1193 In
2032 1128 2171 1225 qui-

2263 1131 2452 1225 Yiimf
2480 1133 2666 1213 ῥᾳδίως
2744 1140 2851 1196 τῶν
2932 1143 3168 1218 νομίμων
3253 1128 3750 1225 άποκριθήσονταιλ
3803 1143 3881 1202 Ἐν

525 1223 664 1315 bus,
685 1224 899 1315 inquit,
924 1224 1164 1304 generis
1183 1224 1610 1315 appellationes
1629 1222 2094 1315 confunduntur,
2109 1218 2171 1280 in

2263 1225 2362 1315 οἷς,
2396 1221 2590 1306 λέγων,
2622 1228 2688 1284 τὰ
2724 1227 2816 1285 τοῦ⁹
2897 1229 3078 1308 γένους
3125 1218 3444 1313 συγχέονται
3512 1236 3772 1315 ὀνόματα,
3836 1233 3883 1290 ἐν

526 1313 624 1378 his
651 1313 895 1377 nefaria
915 1320 1056 1376 sunt
1081 1313 1322 1394 nuptiae.
1347 1311 1487 1375 Haec
1521 1311 1609 1374 illi
1636 1321 1797 1400 tomo
1827 1308 2003 1372 verba
2032 1315 2173 1400 sunt

2263 1312 2454 1377 τούτοις
2484 1317 2511 1371 6
2568 1316 2738 1394 γάμος
2797 1317 3067 1394 ἆθέμιτος.
3130 1308 3433 1382 Καί-ταῦτα
3488 1308 3636 1400 μὲνθ
3679 1308 3835 1400 τόμος
3865 1342 3876 1354 ⁸

525 1403 781 1493 incerto.
812 1402 1049 1493 Verum;
1066 1401 1334 1493 epistola
1352 1420 1487 1493 cum
1510 1405 1585 1464 de
1607 1399 1958 1493 iisdill'erat,
1977 1397 2077 1480 qui
2101 1415 2168 1458 ex

2263 1403 2393 1493 6131f,
2423 1400 2475 1458 δὲ
2505 1409 2574 1481 τῇ
2615 1404 2870 1484 ἐπιστολῇ
2954 1411 3070 1489 περὶ
3124 1418 3223 1468 τῶν
3293 1411 3345 1478 ἐξ
3406 1397 3518 1478 ἐνὸς
3571 1397 3755 1493 ἀνδρὸς
3806 1414 3880 1467 κπὶ

527 1511 647 1556 uno
676 1491 802 1555 viro
832 1499 892 1580 et
919 1491 1151 1580 duabus
1194 1490 1436 1580 feminis
1485 1489 1792 1553 sororibus
1823 1494 2168 1580 nascuntur,

2263 1484 2397 1580 δυοῖν
2424 1496 2683 1569 γυναικῶν
2703 1493 2937 1576 ἀδελφῶν
2982 1499 3305 1576 τικτομένων
3375 1501 3526 1566 ὄντος
3593 1484 3681 1559 τού
3709 1501 3878 1580 λόγου,

527 1581 677 1670 nihil
704 1579 865 1670 aliud
901 1579 1458 1670 posituminvenire
1508 1587 1618 1652 est,
1681 1596 1855 1670 quam
1888 1577 2014 1670 hinc
2043 1575 2172 1657 ipsa

2263 1577 2413 1635 πλέον
2469 1579 2614 1640 οὖδὲν
2691 1587 3067 1664 προσκείμενον
3138 1575 3318 1670 θεύρετν
3400 1591 3510 1650 ἔστι
3572 1594 3680 1650 τῶν

527 1669 708 1734 verba
740 1687 755 1732 :
813 1669 1101 1746 Quanam,
1160 1668 1377 1750 inquit,
1413 1686 1483 1731 ex
1513 1667 1863 1748 cognatione
1887 1666 1976 1728 sic
2005 1673 2170 1727 natos

2263 1666 2493 1771 ἑχόντων
2551 1672 2749 1748 ῥητῶν.
2805 1674 2902 1732 Ἐκ
2965 1678 3145 1758 ποίας,
3207 1666 3361 1760 ιρησὶ,
3417 1682 3720 1760 συγγενείας
3775 1682 3882 1740 τοὺς

529 1759 970 1849 appellabunt]
998 1757 1151 1820 Num
1181 1758 1393 1821 fratres
1413 1758 1569 1820 inter
1599 1776 1664 1820 se
1687 1757 1908 1849 dicent,
1938 1775 2014 1818 an
2034 1774 2173 1818 con-

2263 1759 2595 1849 γεννηθέντας
2673 1757 3174 1846 προσαγορεῙσουσιν
3206 1757 3231 1849 ς*
3307 1757 3582 1848 Ἀδελγους
3654 1768 3886 1840 ἀλλήλων

530 1848 810 1938 sobrinos
837 1854 866 1912 ‘l
920 1847 1179 1938 Utraque
1222 1855 1390 1938 certe
1420 1855 1757 1938 competent
1790 1846 1913 1938 eis,
1933 1852 2174 1938 propter

2263 1845 2289 1914 ἣ
2359 1847 2605 1924 ἂνεψιοὺς
2663 1845 3040 1937 προσεροῦσινς
3147 1845 3483 1938 Ἀμφότερτ
3527 1861 3628 1938 γὰρ
3718 1863 3881 1918 αὺτοῖς

530 1937 966 2027 confusionem.
989 1935 1390 2010 Quamobrem
1415 1955 1550 1998 cum
1575 1936 1752 1999 verba
1775 1934 1940 2012 tomi,
1971 1933 2044 1996 ab
2073 1933 2172 1994 in-

2263 1939 2609 2017 προσαρμόσει
2676 1940 2760 1998 διὰ
2801 1947 2897 2012 τὴν
2955 1948 3232 2027 σύγχυσιν.
3304 1949 3575 2016 Τοσαύτης
3648 1951 3735 2005 οὗν
3788 1945 3878 2003 δια·

531 2026 810 2108 terpretis
828 2042 1032 2090 rerum
1060 2025 1393 2088 divinarum
1424 2024 1836 2087 Basiliiverbis
1865 2031 2171 2104 tantopere

2263 2027 2448 2106 ρωνίας
2464 2029 2711 2097 ,ὑπούσης
2761 2039 2878 2089 ’τῶν
2937 2013 3262 2112 τοῦ-’Ὀνόμου
3313 2037 3377 2088 55
3430 2039 3605 2116 ῥητῶν
3661 2040 3790 2117 πρὸς
3827 2037 3882 2093 τὶ

531 2119 896 2200 discrepent,
929 2129 1055 2181 tum
1085 2117 1351 2200 ipsorum
1406 2117 1747 2193 verborum,
1793 2125 1915 2179 tum
1965 2135 2176 2180 sensus

2263 2122 2354 2204 ασῦ
2408 2119 2748 2198 θεοφάντορος
2817 2125 2904 2180 καὶ
2946 2131 3013 2201 τῇ
3068 2126 3252 2204 φράσει
3283 2129 3370 2184 καὶ
3438 2133 3504 2203 τῇ
3561 2127 3754 2202 ἐννοίᾳ,
3809 2127 3883 2182 καὶ

529 2209 799 2286 ratione;
858 2226 1113 2290 cumque
1141 2207 1291 2271 adeo
1323 2216 1558 2270 remota
1588 2206 1708 2269 sint
1735 2226 1770 2270 a
1797 2225 1862 2269 se
1893 2205 2172 2281 invicem,

2263 2202 2425 2269 οὕτως
2469 2204 2878 2285 ἀπεξενωμένων
2908 2215 3039 2293 πρὸς
3083 2202 3315 2296 άλληλα,
3361 2217 3434 2280 ὡς
3463 2202 3699 2274 διάκενον
3742 2215 3883 2292 μόνον

531 2306 598 2364 ut
625 2317 802 2362 nemo
856 2317 978 2361 non
1032 2298 1136 2361 illa
1192 2306 1353 2360 tomo
1410 2298 1845 2378 comprehensa
1893 2315 2001 2377 pro
2029 2315 2176 2358 vano

532 2388 813 2468 ﬁgmento
835 2387 1117 2452 duntaxat
1131 2387 1386 2452 habeat:
1419 2387 1691 2469 quisquis
1723 2404 1866 2448 sane
1899 2393 2174 2468 tanquam

530 2477 803 2560 generali
816 2477 1069 2559 quadam
1082 2478 1286 2557 regula
1306 2485 1532 2540 temere
1543 2475 1739 2538 volent
1755 2475 1848 2537 his
1859 2475 2178 2556 uti,totque

534 2564 912 2630 confusiones
940 2566 1081 2631 inde
1131 2564 1525 2629 matrimoniis
1573 2564 2176 2647 invehere.fseipsum

533 2653 885 2736 imprudens
913 2653 1158 2737 decipit,
1188 2653 1330 2717 dum
1360 2653 1523 2716 falsis
1563 2673 1634 2716 ex
1685 2652 2013 2734 principiis,
2065 2671 2177 2716 ceu

535 2743 657 2808 dici
683 2743 856 2820 solet,
887 2742 1200 2822 opiniones
1227 2761 1364 2806 suas
1395 2741 1648 2824 probare
1673 2741 1903 2806 nititur.

615 2832 842 2911 Restat,
872 2843 940 2894 ut
963 2831 1039 2894 ad
1069 2831 1335 2914 ipsorum
1380 2832 1722 2906 honestum,
1755 2831 1990 2894 honesti
2019 2849 2177 2912 pras-

536 2929 759 2988 textum
786 2941 856 2985 ac
879 2920 1158 2998 fulcrum,
1192 2921 1398 3002 paucis
1425 2919 1759 2982 diﬂ'erendo
1802 2920 2172 3001 respondea-

2259 2293 2604 2372 ἂναπλασμὸν
2673 2301 2814 2379 παρὰ
2855 2308 2984 2360 πᾶσι
3038 2304 3104 2360 τὰ
3171 2293 3484 2382 “COD-1:61;!”
3543 2313 3708 2362 ταῦτα
3746 2305 3883 2379 νομί-

2258 2385 2455 2472 ζεσθαι,
2532 2389 2560 2442 6
2616 2389 2820 2452 τούτοις
2909 2391 3140 2472 καθάπερ
3207 2395 3307 2450 τινὶ
3361 2393 3630 2469 καθολικῷ
3683 2393 3878 2450 κανόνι-

2259 2471 2618 2540 ἀνεπιστάτως
2690 2478 2992 2558 χρώμενος,
3044 2483 3133 2539 καὶ
3190 2483 3285 2547 τὰς
3355 2482 3678 2550 τηλικαύτας
3721 2483 3882 2540 ἐντεῦ-

2257 2563 2344 2650 θεν
2387 2564 2670 2644 συγχύσεις
2699 2565 2995 2647 ἐπεισάγων
3041 2585 3159 2636 τοῖς
3212 2573 3428 2650 γάμοις,
3489 2574 3676 2630 ἑαυτὸν
3729 2571 3884 2629 δώπου

2257 2649 2478 2743 λέληθεν
2539 2654 2779 2726 ἀπατῶν,
2866 2657 2918 2724 ἐξ
2989 2649 3363 2718 ἀνυποστάτων
3444 2662 3653 2743 ἀρχῶν,
3736 2664 3763 2718 ὃ
3829 2660 3884 2726 δὴ

2258 2738 2493 2823 λέγεται,
2525 2745 2591 2802 τὰ
2615 2743 2864 2804 δοκοῦντα
2891 2750 3299 2822 κατασκευάζειν
3327 2738 3696 2831 τεχνώμενος.

2260 2831 2506 2919 ιιεὶπεται
2561 2835 2730 2892 τοίνυν
2829 2837 2960 2916 πρὸς
3057 2839 3116 2895 τὸ
3193 2841 3448 2919 εὐπρεπὲς
3532 2844 3723 2912 αὐτῶν,
3810 2849 3888 2897 τοῦ

2259 2917 2546 3009 {ﬁngentem
2600 2921 2887 3001 πρόϐλημα
2955 2948 3012 2983 τε
3082 2928 3169 2984 καὶ
3238 2917 3476 3009 ἔρεισμα,
3558 2929 3724 3008 μικρά
3789 2950 3885 2983 τινι

535 3029 687 3076 mus.
713 3010 788 3073 Hi
816 3010 980 3076 enim
1011 3009 1286 3074 homines
1315 3011 1465 3073 citra
1496 3007 1824 3072 discrimen
1855 3009 2040 3072 ullum
2063 3010 2180 3073 alia

2263 3003 2554 3070 διαλαϐεῖν.
2631 3013 2729 3071 Καὶ
2797 3015 2896 3094 γὰρ
2955 3019 3098 3074 οὗτοι
3165 3017 3242 3093 μὴ
3265 3003 3277 3008 ⁷
3311 3003 3731 3094 διαστέλλοντες,
3787 3013 3886 3074 ἄλλ’

536 3119 644 3185 pro
665 3101 797 3164 aliis
819 3101 1212 3182 proferentes,
1236 3098 1431 3181 deque
1451 3097 1586 3161 aliis
1605 3097 1986 3180 pronuntiata
2015 3099 2179 3161 mali-

534 3209 650 3274 gne
667 3191 1046 3266 suﬁ'ursntes,
1075 3196 1134 3251 et
1145 3207 1324 3252 aures
1338 3188 1450 3251 sim
1458 3187 1767 3269 pliciorum
1781 3187 2179 3251 demulcendo

533 3285 1009 3362 corrumpentes,
1040 3278 1265 3342 dictum
1295 3277 1449 3340 istud
1478 3300 1492 3336 :
1525 3277 1590 3340 In
1615 3275 1837 3359 nuptiis
1857 3296 1975 3339 non
1987 3277 2179 3340 solum

535 3370 677 3454 quid
705 3386 1080 3444 concessum,
1139 3370 1249 3432 sed
1303 3367 1480 3430 etiam
1535 3367 1673 3447 quid
1731 3369 2046 3430 honestum
2079 3367 2176 3438 sit,

537 3459 859 3542 querimus
889 3476 904 3522 :
939 3475 1200 3533 sursum,
1233 3456 1513 3520 deorsum
1544 3457 1826 3536 allegant.
1863 3455 2180 3519 Enimvero

535 3549 638 3632 qui
660 3550 796 3630 jura
826 3550 916 3611 vel
948 3549 1185 3630 paulum
1249 3546 1670 3628 inspectitavit,
1703 3547 1946 3608 omnino
1979 3546 2184 3627 nequit

534 3639 833 3719 ignorare,
856 3636 1359 3720 quemadmodum
1372 3637 1434 3698 in
1447 3635 1620 3718 paulo
1635 3643 1773 3698 ante
1794 3635 2176 3718 praecedenti,

537 3736 599 3791 et
625 3745 726 3791 nx
775 3745 1012 3808 quoque
1075 3725 1289 3807 capite.
1353 3724 1428 3786 de
1478 3725 1845 3787 naturalibus
1890 3723 2095 3786 liberis
2126 3730 2184 3786 et

536 3815 858 3897 adoptivis,
885 3813 1107 3895 quique
1131 3832 1166 3876 a
1191 3813 1379 3875 servis
1404 3812 1799 3890 descendunt,
1833 3820 1892 3875 et
1918 3831 1952 3874 a
1981 3812 2182 3875 servili

537 3903 849 3979 afﬁnitate,
883 3903 1075 3984 deque
1103 3901 1236 3964 aliis
1264 3901 1614 3982 quibusdam
1647 3903 1740 3965 lex
1770 3901 2059 3964 disserat:
2102 3901 2184 3963 ita

538 3992 946 4076 pervulgatum
977 3991 1136 4053 istud
1177 3991 1414 4054 honesti
1469 3991 1790 4073 capitulum
1836 3991 2057 4070 regulae
2085 4009 2184 4054 cu-

530 4083 770 4166 jusdam
801 4083 988 4145 instar
1016 4081 1170 4164 legis
1204 4082 1554 4146 auctoritate
1588 4083 2018 4164 promulgatum
2051 4101 2183 4145 esse

539 4174 616 4237 de
644 4171 850 4235 liberis
871 4171 1328 4234 constitutorum
1351 4171 1411 4234 in
1434 4172 1742 4254 dignitate,
1764 4173 1957 4254 deque
1979 4181 2180 4254 patro-

537 4262 675 4325 nis:
711 4269 777 4323 ut
793 4258 855 4323 hi
879 4259 1120 4342 quidem
1153 4259 1466 4334 libertinis,
1494 4261 1580 4323 illi
1605 4279 1742 4325 vero
1767 4260 2038 4343 personis
2057 4279 2185 4322 sce-
2204 4335 2242 4343 _
2266 4261 2554 4338 πατρώνων
2602 4278 2615 4292 ·

2262 3095 2414 3188 ξτερα
2441 3098 2550 3180 ἀνθ,
2593 3101 2784 3181 ἑτέρων
2821 3102 3263 3188 προϐαλλόμενοι,
3307 3108 3393 3163 καὶ
3451 3108 3517 3163 τὰ
3570 3106 3657 3187 ἐφ’
3717 3106 3886 3184 ἑτέρων

2262 3185 2630 3266 ἐκφωνηθέντα
2714 3193 3017 3273 κακούργως
3104 3185 3443 3269 κλέπτοντες,
3516 3185 3623 3252 xciv
3658 3197 3751 3261 τας
3803 3197 3888 3251 τῶν

2262 3274 2628 3357 ἁπλουστέρων
2697 3280 2858 3347 ἀκοὰς
2938 3287 3368 3362 παρασαίνοντες,
3456 3286 3540 3363 τὸ,
3645 3282 3735 3341 Ἐν
3790 3284 3890 3341 τοῖς

2263 3363 2480 3446 γάμοις,
2538 3370 2717 3447 φασὶν,
2771 3369 2830 3426 ού
2888 3371 3048 3446 μόνον
3105 3374 3165 3428 τὸ
3236 3371 3710 3451 ἐπιτετραμμένον,
3777 3369 3890 3426 ἀλλὰ

2263 3455 2350 3510 καὶ
2395 3457 2458 3512 τὸ
2518 3457 2781 3540 ἐὐπρεπὲς
2838 3466 3122 3540 ζητουμεν,
3191 3459 3299 3518 ἄνω
3354 3464 3442 3518 καὶ
3509 3463 3661 3519 κάτω
3715 3459 3886 3540 προσέ-

2264 3565 2462 3622 ρουσιν.
2517 3536 2695 3626 υΟπερ
2749 3551 2778 3604 6
2835 3551 2923 3606 καὶ
2993 3536 3178 3629 μικρὸν
3233 3549 3466 3629 ἐγκύψας
3523 3564 3644 3615 τοῖς
3705 3536 3887 3624 νόμοις,

2264 3637 2357 3691 οὒκ
2385 3633 2636 3712 ἀγνοήσει
2694 3637 2925 3710 πάντως,
2969 3638 3049 3694 ὅτι
3105 3639 3282 3719 ὥσπερ
3335 3640 3400 3695 ἀν
3455 3647 3532 3714 τῷ
3585 3647 3762 3720 μικρῷ
3803 3639 3885 3712 πρὸ

2264 3723 2447 3780 τούτου
2475 3723 2764 3804 κεφαλαίῳ,
2811 3729 2942 3805 πρὸς
2973 3726 3049 3802 δὲ,
3080 3730 3168 3785 καὶ
3219 3733 3265 3785 ιθ
3279 3719 3308 3803 ’,
3369 3731 3487 3808 περὶ
3543 3731 3652 3786 τῶν
3684 3719 3888 3808 φυσικῶν

2264 3810 2462 3868 παίδων
2491 3816 2579 3870 καὶ
2621 3821 2725 3871 τῶν
2784 3818 2968 3890 θετῶν,
3044 3819 3130 3874 καὶ
3185 3825 3291 3874 τῶν
3345 3818 3452 3875 ἀπὸ
3520 3816 3723 3875 δούλων
3775 3837 3889 3872 κατ-

2265 3901 2562 3982 αγομένων,
2623 3905 2710 3961 καὶ
2764 3912 2868 3962 τῶν
2932 3907 2991 3962 ἐκ
3072 3905 3318 3976 δουλικῆς
3404 3908 3741 3988 ἀγχιστείας,
3817 3906 3890 3960 καὶ

2265 3990 2455 4070 ἑτέρων
2482 3996 2637 4049 τινῶν
2667 4001 2744 4069 τῷ
2786 3993 2933 4071 νόμῳ
2975 3994 3269 4064 διείληπται
3318 4012 3330 4026 ·
3391 3996 3527 4053 οἵτω
3569 3995 3636 4064 δὴ
3696 3998 3780 4051 καὶ
3834 3995 3884 4047 τὸ

2263 4080 2611 4162 περιφόρητον
2667 4081 2731 4152 δὴ
2817 4095 2970 4144 τοῦτο
3052 4093 3144 4142 τοῦ
3217 4089 3504 4164 εὐπρεποῦς
3600 4083 3887 4163 κεφάλαιον,

2265 4172 2381 4249 περὶ
2438 4172 2541 4229 τῶν
2613 4173 2719 4230 ἀπὸ
2775 4181 2878 4231 τῶν
2965 4174 3332 4251 ἀξιωματικῶν
3429 4175 3752 4250 τικτομένων
3815 4172 3886 4226 γαὶ

2692 4263 2828 4320 ὥστε
2883 4265 3002 4328 τοὺς
3063 4265 3130 4340 μὲ
3202 4265 3279 4337 μὴ
3331 4263 3718 4344 ἀπελευθέροις,
3788 4261 3888 4321 τοὺς

539 4351 691 4416 nicis
721 4335 1102 4414 matrimonio
1133 4368 1252 4412 non
1283 4351 1658 4432 copulentur.
1693 4335 2040 4433 Et-quidem
2070 4351 2181 4412 hoc

2269 4345 2324 4404 δὲ
2376 4335 2473 4427 μὴ
2546 4367 2822 4418 σκηνικοτς
2876 4335 3210 4432 προσώποις.
3263 4355 3393 4428 πρὸς
3447 4335 3615 4432 γάμον
3685 4335 3891 4430 άρμόζε-

539 4449 714 4524 caput
733 4439 1064 4522 expositum
1087 4457 1222 4502 esse
1239 4439 1643 4521 peculiariter,
1659 4440 1732 4501 ad
1750 4438 2186 4520 prohibendum

2270 4441 2410 4512 σθαι,
2470 4447 2548 4514 τῷ
2609 4439 2756 4516 νόμῳ
2819 4442 3204 4504 κεκανόνισται.
3283 4435 3412 4501 ΗΟτι
3496 4440 3550 4498 δὲ
3599 4443 3662 4498 τὸ
3730 4445 3889 4496 τοιοῦ-

539 4529 1024 4612 conjunctionem
1053 4527 1320 4611 illorum,
1345 4528 1448 4610 qui
1471 4528 1758 4592 senatorii
1780 4536 1917 4590 sunt
1937 4527 2181 4600 ordinis,

2269 4549 2360 4584 τον
2445 4527 2729 4610 κεφάλαιον
2802 4529 3102 4602 ἰδιαζόντως
3183 4534 3314 4611 πρὸς
3397 4531 3747 4610 ἀπαγόρευσιν
3808 4533 3892 4592 τῆς

539 4638 677 4682 cum
708 4617 1034 4692 libertinis,
1065 4624 1168 4679 aut
1196 4617 1496 4680 scenicam
1546 4617 1948 4680 factitantibus
1980 4638 1995 4680 :
2059 4617 2188 4698 ipse

540 4715 736 4772 textus
763 4705 917 4788 legis
944 4705 996 4768 si
1016 4705 1205 4768 lectus
1253 4705 1456 4780 fuerit,
1507 4705 1804 4770 ostendet.
1835 4707 1898 4768 In
1931 4707 2190 4788 conjun-

539 4796 838 4862 ctionibus
867 4793 1235 4877 nuptiarum,
1267 4795 1487 4878 inquit,
1520 4815 1641 4858 non
1696 4795 1888 4858 solum
1919 4796 2193 4860 conside-

538 4885 731 4950 randa
758 4883 1058 4948 subtilitas
1086 4890 1202 4965 est,
1256 4903 1459 4948 verum
1509 4885 1684 4948 etiam
1731 4903 1873 4948 num
1904 4883 1979 4946 sit
2007 4885 2192 4948 hone-

2273 4625 2378 4675 τῶν
2437 4617 2806 4697 συγκλητικῶν
2864 4622 2995 4698 πρὸς
3064 4619 3436 4701 ἀπελευθέρους
3509 4620 3545 4688 ἢ
3631 4618 3892 4687 σκηνικοὺς

2274 4709 2552 4788 συναφείας
2609 4707 3003 4790 ἐκπεφώνηται,
3061 4711 3188 4768 αὐτὸ
3244 4711 3305 4766 τὸ
3377 4715 3470 4766 τοῦ
3524 4709 3687 4784 νόμοῦ
3714 4705 3890 4764 πλάτος

2273 4799 2600 4877 παραστήσει
2652 4797 3002 4876 ἀναγνωσθὲν,
3065 4795 3156 4856 Ἐν
3249 4811 3372 4862 ταῖς
3456 4798 3748 4876 συναφείαίς
3807 4793 3892 4870 γὰρ

2273 4883 2450 4966 (φησὶ)
2504 4892 2608 4942 τῶν
2659 4886 2872 4966 γάμων,
2928 4887 2988 4944 οὗ
3043 4885 3205 4962 μόνον
3272 4887 3373 4954 τὴν
3450 4883 3714 4964 ἀκρίϐειαν
3778 4903 3888 4939 σκο·

540 4974 884 5058 stum,quod
895 4973 1114 5056 agitur.
1131 4973 1328 5056 Atque
1345 4975 1524 5056 hujus
1535 4973 1757 5055 regulae
1767 4973 2181 5038 obscuritatem

2274 4977 2488 5032 πετσθαι
2520 4976 2719 5054 χρεὼν,
2773 4973 2891 5032 ἀλλ’
2924 4978 2966 5032 εί
3022 4977 3111 5033 καὶ
3165 4977 3360 5052 σεμνὸν
3413 4976 3520 5032 ἐστι
3572 4976 3633 5032 τὸ
3689 4969 3892 5052 πραττό-

541 5063 845 5148 explicans
869 5061 1228 5146 Stephanus,
1254 5071 1312 5126 et
1355 5063 1574 5145 quibus
1609 5072 1896 5142 congruat
1923 5063 2181 5140 casibus,

2275 5087 2453 5142 μενον.
2489 5072 2591 5123 Τοῦ
2620 5063 2676 5122 δὲ
2745 5067 2982 5124 τοιούτου
3049 5067 3268 5130 κανόνος
3323 5066 3422 5134 τὴν
3463 5066 3717 5145 ἀσάφειαν
3774 5063 3891 5118 ἀνα-

540 5155 799 5218 docens:
834 5153 960 5218 Hoc
989 5153 1165 5231 dixit,
1223 5153 1439 5237 inquit,
1490 5155 1684 5237 capite
1714 5171 1837 5236 ενι,
1867 5154 2036 5234 cujus
2065 5154 2181 5216 ini-

2267 5153 2550 5212 καλύπτων
2581 5156 2610 5211 6
2667 5154 2958 5235 Στέφανος,
3001 5157 3090 5212 καὶ
3146 5156 3315 5219 ποίοις
3367 5153 3622 5215 διδάσκων
3674 5151 3887 5232 ἁρμόζε-

539 5244 712 5328 tium,
734 5244 1050 5309 Senatoris
1067 5245 1239 5326 fitia:
1292 5233 1464 5328 quasi
1485 5233 1734 5318 diceret,
1759 5233 1974 5307 clarius
2005 5242 2181 5306 isthic

2266 5247 2382 5301 σθαι
2411 5241 2474 5294 56
2501 5241 2689 5319 θέμασι
2725 5259 2738 5273 ⁶
2771 5233 2926 5303 τοῦτο
2942 5233 3076 5301 εἷπε
3111 5242 3308 5324 (φησὶν)
3343 5243 3396 5300 ἐν
3439 5250 3516 5318 τῷ
3571 5233 3672 5317 ις’
3738 5260 3890 5319 κεφα-

540 5333 874 5417 expositum
897 5350 1050 5399 esse.
1083 5332 1314 5398 Deinde
1341 5332 1589 5417 apponit
1611 5332 1740 5415 ipsa
1767 5332 1947 5397 etiam
1977 5331 2177 5408 verba,

2264 5331 2418 5407 λαίῳ,
2485 5333 2764 5411 Σενάτορις
2817 5331 2961 5413 φίλια
2993 5348 3007 5363 ⁸
3067 5333 3257 5390 ὡσανεὶ
3340 5331 3534 5410 λέγων,
3596 5328 3892 5411 σαφέστερα

1871 5497 2136 5566 VARIE
2177 5497 2616 5566 LECTIONES.

620 5673 686 5726 δ
708 5682 802 5736 τοῦ
837 5671 1030 5750 τόμω.
1113 5672 1180 5727 ω
1208 5674 1516 5754 ἁρμόζεται.
