  <div class='ocr_page' id='page_1' title='image "/cluster/home/n/w/nwhite01/storage/ocr_20150623/119/hvd.32044073502494/565.png"; bbox 0 0 4160 6212; ppageno 0'>
   <div class='ocr_carea' id='block_1_1' title="bbox 442 332 596 398">
    <p class='ocr_par' dir='ltr' id='par_1_1' title="bbox 442 332 596 398">
     <span class='ocr_line' id='line_1_1' title="bbox 442 332 596 398; baseline 0.026 -4"><span class='ocrx_word' id='word_1_1' title='bbox 442 332 596 398; x_wconf 73' lang='grc'><strong>1115</strong></span> 
     </span>
    </p>
   </div>
   <div class='ocr_carea' id='block_1_2' title="bbox 1813 340 2426 407">
    <p class='ocr_par' dir='ltr' id='par_1_2' title="bbox 1813 340 2426 407">
     <span class='ocr_line' id='line_1_2' title="bbox 1813 340 2426 407; baseline 0.007 -4"><span class='ocrx_word' id='word_1_2' title='bbox 1813 340 1844 404; x_wconf 89' lang='lat' dir='ltr'><strong>J</strong></span> <span class='ocrx_word' id='word_1_3' title='bbox 1852 341 1945 403; x_wconf 91' lang='lat' dir='ltr'><strong>US</strong></span> <span class='ocrx_word' id='word_1_4' title='bbox 1985 340 2426 407; x_wconf 75' lang='lat' dir='ltr'><strong>CANONICUM</strong></span> 
     </span>
    </p>
   </div>
   <div class='ocr_carea' id='block_1_3' title="bbox 3667 334 3826 402">
    <p class='ocr_par' dir='ltr' id='par_1_3' title="bbox 3667 334 3826 402">
     <span class='ocr_line' id='line_1_3' title="bbox 3667 334 3826 402; baseline -0.006 -2"><span class='ocrx_word' id='word_1_5' title='bbox 3667 334 3826 402; x_wconf 78' lang='grc'><strong>1116</strong></span> 
     </span>
    </p>
   </div>
   <div class='ocr_carea' id='block_1_4' title="bbox 440 470 2086 557">
    <p class='ocr_par' dir='ltr' id='par_1_4' title="bbox 440 471 2086 554">
     <span class='ocr_line' id='line_1_4' title="bbox 440 471 2086 554; baseline 0 -20"><span class='ocrx_word' id='word_1_6' title='bbox 440 491 573 534; x_wconf 91' lang='lat' dir='ltr'><strong>mus</strong></span> <span class='ocrx_word' id='word_1_7' title='bbox 604 490 779 553; x_wconf 90' lang='lat' dir='ltr'><strong>quam</strong></span> <span class='ocrx_word' id='word_1_8' title='bbox 809 472 954 554; x_wconf 83' lang='lat' dir='ltr'><strong>ipsae</strong></span> <span class='ocrx_word' id='word_1_9' title='bbox 981 472 1164 551; x_wconf 81' lang='lat' dir='ltr'><strong>leges,</strong></span> <span class='ocrx_word' id='word_1_10' title='bbox 1199 490 1312 535; x_wconf 89' lang='lat' dir='ltr'><strong>nec</strong></span> <span class='ocrx_word' id='word_1_11' title='bbox 1341 471 1670 535; x_wconf 90' lang='lat' dir='ltr'><strong>canonibus</strong></span> <span class='ocrx_word' id='word_1_12' title='bbox 1701 473 1826 536; x_wconf 87' lang='lat' dir='ltr'><strong>sive</strong></span> <span class='ocrx_word' id='word_1_13' title='bbox 1864 473 2086 554; x_wconf 87' lang='lat' dir='ltr'><strong>regulis</strong></span> 
     </span>
    </p>
   </div>
   <div class='ocr_carea' id='block_1_5' title="bbox 2172 470 3809 557">
    <p class='ocr_par' dir='ltr' id='par_1_5' title="bbox 2172 470 3809 557">
     <span class='ocr_line' id='line_1_5' title="bbox 2172 470 3809 557; baseline -0.003 -25"><span class='ocrx_word' id='word_1_14' title='bbox 2172 498 2340 557; x_wconf 78' lang='grc' dir='ltr'>τερος,</span> <span class='ocrx_word' id='word_1_15' title='bbox 2388 473 2503 533; x_wconf 71' lang='grc' dir='ltr'>ούδέ</span> <span class='ocrx_word' id='word_1_16' title='bbox 2562 482 2666 532; x_wconf 83' lang='grc' dir='ltr'><strong>τῶν</strong></span> <span class='ocrx_word' id='word_1_17' title='bbox 2723 474 2955 532; x_wconf 80' lang='grc' dir='ltr'>κανόνων</span> <span class='ocrx_word' id='word_1_18' title='bbox 3013 474 3300 554; x_wconf 74' lang='grc' dir='ltr'>εὖθύτερος,</span> <span class='ocrx_word' id='word_1_19' title='bbox 3357 470 3474 532; x_wconf 74' lang='grc' dir='ltr'>οὐδὲ</span> <span class='ocrx_word' id='word_1_20' title='bbox 3530 476 3637 528; x_wconf 83' lang='grc' dir='ltr'>τῶν</span> <span class='ocrx_word' id='word_1_21' title='bbox 3680 472 3809 528; x_wconf 81' lang='grc' dir='ltr'>τού-</span> 
     </span>
    </p>
   </div>
   <div class='ocr_carea' id='block_1_6' title="bbox 438 562 2088 644">
    <p class='ocr_par' dir='ltr' id='par_1_6' title="bbox 438 562 2088 644">
     <span class='ocr_line' id='line_1_6' title="bbox 438 562 2088 644; baseline 0.002 -21"><span class='ocrx_word' id='word_1_22' title='bbox 438 562 683 631; x_wconf 89' lang='lat' dir='ltr'><strong>rectior.</strong></span> <span class='ocrx_word' id='word_1_23' title='bbox 717 581 829 625; x_wconf 93' lang='lat' dir='ltr'><strong>nec</strong></span> <span class='ocrx_word' id='word_1_24' title='bbox 885 562 1031 644; x_wconf 85' lang='lat' dir='ltr'><strong>ipsis</strong></span> <span class='ocrx_word' id='word_1_25' title='bbox 1090 562 1364 626; x_wconf 85' lang='lat' dir='ltr'><strong>Patribus</strong></span> <span class='ocrx_word' id='word_1_26' title='bbox 1418 562 1519 643; x_wconf 85' lang='lat' dir='ltr'><strong>qui</strong></span> <span class='ocrx_word' id='word_1_27' title='bbox 1574 563 1785 624; x_wconf 87' lang='lat' dir='ltr'><strong>harum</strong></span> <span class='ocrx_word' id='word_1_28' title='bbox 1815 572 2088 626; x_wconf 78' lang='lat' dir='ltr'><strong>auctores</strong></span> 
     </span>
    </p>
   </div>
   <div class='ocr_carea' id='block_1_7' title="bbox 442 652 2081 735">
    <p class='ocr_par' dir='ltr' id='par_1_7' title="bbox 442 652 2081 735">
     <span class='ocr_line' id='line_1_7' title="bbox 442 652 2081 735; baseline 0.001 -21"><span class='ocrx_word' id='word_1_29' title='bbox 442 660 602 727; x_wconf 86' lang='lat' dir='ltr'><strong>sunt,</strong></span> <span class='ocrx_word' id='word_1_30' title='bbox 639 652 699 713; x_wconf 93' lang='lat' dir='ltr'><strong>in</strong></span> <span class='ocrx_word' id='word_1_31' title='bbox 730 652 1009 714; x_wconf 85' lang='lat' dir='ltr'><strong>sanandis</strong></span> <span class='ocrx_word' id='word_1_32' title='bbox 1034 671 1101 714; x_wconf 91' lang='lat' dir='ltr'><strong>ac</strong></span> <span class='ocrx_word' id='word_1_33' title='bbox 1131 653 1522 733; x_wconf 88' lang='lat' dir='ltr'><strong>repurgandis</strong></span> <span class='ocrx_word' id='word_1_34' title='bbox 1551 653 1767 715; x_wconf 90' lang='lat' dir='ltr'><strong>animis</strong></span> <span class='ocrx_word' id='word_1_35' title='bbox 1817 653 2081 735; x_wconf 90' lang='lat' dir='ltr'><strong>peritior,</strong></span> 
     </span>
    </p>
   </div>
   <div class='ocr_carea' id='block_1_8' title="bbox 443 741 2086 823">
    <p class='ocr_par' dir='ltr' id='par_1_8' title="bbox 443 741 2086 823">
     <span class='ocr_line' id='line_1_8' title="bbox 443 741 2086 823; baseline 0.001 -20"><span class='ocrx_word' id='word_1_36' title='bbox 443 742 781 823; x_wconf 82' lang='lat' dir='ltr'><strong>quicunque</strong></span> <span class='ocrx_word' id='word_1_37' title='bbox 827 742 1068 803; x_wconf 81' lang='lat' dir='ltr'><strong>tandem</strong></span> <span class='ocrx_word' id='word_1_38' title='bbox 1109 742 1214 806; x_wconf 91' lang='lat' dir='ltr'><strong>sis.</strong></span> <span class='ocrx_word' id='word_1_39' title='bbox 1258 741 1372 805; x_wconf 91' lang='lat' dir='ltr'><strong>Ubi</strong></span> <span class='ocrx_word' id='word_1_40' title='bbox 1401 761 1539 804; x_wconf 84' lang='lat' dir='ltr'><strong>vero</strong></span> <span class='ocrx_word' id='word_1_41' title='bbox 1572 762 1757 806; x_wconf 83' lang='lat' dir='ltr'><strong>novas</strong></span> <span class='ocrx_word' id='word_1_42' title='bbox 1818 744 2086 823; x_wconf 84' lang='lat' dir='ltr'><strong>coegeris</strong></span> 
     </span>
    </p>
   </div>
   <div class='ocr_carea' id='block_1_9' title="bbox 440 832 2086 915">
    <p class='ocr_par' dir='ltr' id='par_1_9' title="bbox 440 832 2086 915">
     <span class='ocr_line' id='line_1_9' title="bbox 440 832 2086 915; baseline 0.001 -22"><span class='ocrx_word' id='word_1_43' title='bbox 440 832 715 912; x_wconf 80' lang='lat' dir='ltr'><strong>synodos,</strong></span> <span class='ocrx_word' id='word_1_44' title='bbox 751 849 1054 913; x_wconf 87' lang='lat' dir='ltr'><strong>novosque</strong></span> <span class='ocrx_word' id='word_1_45' title='bbox 1086 840 1276 893; x_wconf 91' lang='lat' dir='ltr'><strong>tomos</strong></span> <span class='ocrx_word' id='word_1_46' title='bbox 1302 833 1745 912; x_wconf 87' lang='lat' dir='ltr'><strong>composueris,</strong></span> <span class='ocrx_word' id='word_1_47' title='bbox 1789 833 2086 915; x_wconf 87' lang='lat' dir='ltr'><strong>adjunctis</strong></span> 
     </span>
    </p>
   </div>
   <div class='ocr_carea' id='block_1_10' title="bbox 440 920 2085 1003">
    <p class='ocr_par' dir='ltr' id='par_1_10' title="bbox 440 920 2085 1003">
     <span class='ocr_line' id='line_1_10' title="bbox 440 920 2085 1003; baseline 0.003 -22"><span class='ocrx_word' id='word_1_48' title='bbox 440 921 753 984; x_wconf 74' lang='lat' dir='ltr'><strong>sententiis</strong></span> <span class='ocrx_word' id='word_1_49' title='bbox 769 920 1205 1003; x_wconf 57' lang='lat' dir='ltr'><strong>imperatoriis:</strong></span> <span class='ocrx_word' id='word_1_50' title='bbox 1237 928 1374 983; x_wconf 92' lang='lat' dir='ltr'><strong>tunc</strong></span> <span class='ocrx_word' id='word_1_51' title='bbox 1400 921 1645 983; x_wconf 82' lang='lat' dir='ltr'><strong>fortasse</strong></span> <span class='ocrx_word' id='word_1_52' title='bbox 1675 942 1783 984; x_wconf 92' lang='lat' dir='ltr'><strong>nos</strong></span> <span class='ocrx_word' id='word_1_53' title='bbox 1815 925 1994 986; x_wconf 89' lang='lat' dir='ltr'><strong>etiam</strong></span> <span class='ocrx_word' id='word_1_54' title='bbox 2028 932 2085 986; x_wconf 89' lang='lat' dir='ltr'><strong>te</strong></span> 
     </span>
    </p>
   </div>
   <div class='ocr_carea' id='block_1_11' title="bbox 441 1010 2085 1092">
    <p class='ocr_par' dir='ltr' id='par_1_11' title="bbox 441 1010 2085 1092">
     <span class='ocr_line' id='line_1_11' title="bbox 441 1010 2085 1092; baseline 0.001 -20"><span class='ocrx_word' id='word_1_55' title='bbox 441 1029 762 1092; x_wconf 87' lang='lat' dir='ltr'><strong>sequemur</strong></span> <span class='ocrx_word' id='word_1_56' title='bbox 789 1011 850 1072; x_wconf 93' lang='lat' dir='ltr'><strong>in</strong></span> <span class='ocrx_word' id='word_1_57' title='bbox 883 1010 978 1090; x_wconf 90' lang='lat' dir='ltr'><strong>iis,</strong></span> <span class='ocrx_word' id='word_1_58' title='bbox 1013 1030 1145 1091; x_wconf 80' lang='lat' dir='ltr'><strong>quae</strong></span> <span class='ocrx_word' id='word_1_59' title='bbox 1199 1019 1401 1090; x_wconf 88' lang='lat' dir='ltr'><strong>postea</strong></span> <span class='ocrx_word' id='word_1_60' title='bbox 1450 1013 1792 1091; x_wconf 89' lang='lat' dir='ltr'><strong>contingent</strong></span> <span class='ocrx_word' id='word_1_61' title='bbox 1825 1034 1839 1071; x_wconf 92' lang='lat'><strong>:</strong></span> <span class='ocrx_word' id='word_1_62' title='bbox 1875 1013 1979 1074; x_wconf 91' lang='lat' dir='ltr'><strong>sed</strong></span> <span class='ocrx_word' id='word_1_63' title='bbox 2004 1013 2085 1074; x_wconf 81' lang='lat' dir='ltr'><strong>ita</strong></span> 
     </span>
    </p>
   </div>
   <div class='ocr_carea' id='block_1_12' title="bbox 440 1099 2084 1183">
    <p class='ocr_par' dir='ltr' id='par_1_12' title="bbox 440 1099 2084 1183">
     <span class='ocr_line' id='line_1_12' title="bbox 440 1099 2084 1183; baseline 0.001 -21"><span class='ocrx_word' id='word_1_64' title='bbox 440 1109 661 1173; x_wconf 89' lang='lat' dir='ltr'><strong>tamen,</strong></span> <span class='ocrx_word' id='word_1_65' title='bbox 697 1107 761 1161; x_wconf 89' lang='lat' dir='ltr'><strong>ut</strong></span> <span class='ocrx_word' id='word_1_66' title='bbox 791 1119 893 1163; x_wconf 92' lang='lat' dir='ltr'><strong>eos</strong></span> <span class='ocrx_word' id='word_1_67' title='bbox 933 1100 1032 1180; x_wconf 90' lang='lat' dir='ltr'><strong>qui</strong></span> <span class='ocrx_word' id='word_1_68' title='bbox 1069 1101 1195 1181; x_wconf 90' lang='lat' dir='ltr'><strong>jam</strong></span> <span class='ocrx_word' id='word_1_69' title='bbox 1249 1099 1394 1179; x_wconf 83' lang='lat' dir='ltr'><strong>legis</strong></span> <span class='ocrx_word' id='word_1_70' title='bbox 1438 1102 1787 1163; x_wconf 90' lang='lat' dir='ltr'><strong>auctoritate</strong></span> <span class='ocrx_word' id='word_1_71' title='bbox 1827 1101 2084 1183; x_wconf 85' lang='lat' dir='ltr'><strong>copulati</strong></span> 
     </span>
    </p>
   </div>
   <div class='ocr_carea' id='block_1_13' title="bbox 442 1190 2082 1273">
    <p class='ocr_par' dir='ltr' id='par_1_13' title="bbox 442 1190 2082 1273">
     <span class='ocr_line' id='line_1_13' title="bbox 442 1190 2082 1273; baseline 0.002 -23"><span class='ocrx_word' id='word_1_72' title='bbox 442 1198 598 1265; x_wconf 90' lang='lat' dir='ltr'><strong>sunt,</strong></span> <span class='ocrx_word' id='word_1_73' title='bbox 632 1209 700 1252; x_wconf 93' lang='lat' dir='ltr'><strong>ac</strong></span> <span class='ocrx_word' id='word_1_74' title='bbox 730 1190 949 1252; x_wconf 90' lang='lat' dir='ltr'><strong>liberos</strong></span> <span class='ocrx_word' id='word_1_75' title='bbox 982 1199 1391 1271; x_wconf 88' lang='lat' dir='ltr'><strong>procrearunt,</strong></span> <span class='ocrx_word' id='word_1_76' title='bbox 1429 1210 1796 1272; x_wconf 84' lang='lat' dir='ltr'><strong>nequaquam</strong></span> <span class='ocrx_word' id='word_1_77' title='bbox 1839 1210 2082 1273; x_wconf 90' lang='lat' dir='ltr'><strong>separa-</strong></span> 
     </span>
    </p>
   </div>
   <div class='ocr_carea' id='block_1_14' title="bbox 441 1279 2084 1361">
    <p class='ocr_par' dir='ltr' id='par_1_14' title="bbox 441 1279 2084 1361">
     <span class='ocr_line' id='line_1_14' title="bbox 441 1279 2084 1361; baseline 0.002 -21"><span class='ocrx_word' id='word_1_78' title='bbox 441 1279 557 1340; x_wconf 90' lang='lat' dir='ltr'><strong>turi</strong></span> <span class='ocrx_word' id='word_1_79' title='bbox 608 1279 831 1349; x_wconf 82' lang='lat' dir='ltr'><strong>simus;</strong></span> <span class='ocrx_word' id='word_1_80' title='bbox 866 1298 940 1340; x_wconf 92' lang='lat' dir='ltr'><strong>ne</strong></span> <span class='ocrx_word' id='word_1_81' title='bbox 990 1280 1210 1341; x_wconf 88' lang='lat' dir='ltr'><strong>malum</strong></span> <span class='ocrx_word' id='word_1_82' title='bbox 1263 1279 1418 1340; x_wconf 87' lang='lat' dir='ltr'><strong>malo</strong></span> <span class='ocrx_word' id='word_1_83' title='bbox 1469 1290 1769 1357; x_wconf 88' lang='lat' dir='ltr'><strong>sanautes,</strong></span> <span class='ocrx_word' id='word_1_84' title='bbox 1824 1290 1881 1342; x_wconf 89' lang='lat' dir='ltr'><strong>et</strong></span> <span class='ocrx_word' id='word_1_85' title='bbox 1922 1282 2084 1361; x_wconf 88' lang='lat' dir='ltr'><strong>ipsos</strong></span> 
     </span>
    </p>
   </div>
   <div class='ocr_carea' id='block_1_15' title="bbox 441 1368 2086 1448">
    <p class='ocr_par' dir='ltr' id='par_1_15' title="bbox 441 1368 2086 1448">
     <span class='ocr_line' id='line_1_15' title="bbox 441 1368 2086 1448; baseline 0.001 -17"><span class='ocrx_word' id='word_1_86' title='bbox 441 1370 707 1448; x_wconf 87' lang='lat' dir='ltr'><strong>digamos</strong></span> <span class='ocrx_word' id='word_1_87' title='bbox 755 1368 1101 1441; x_wconf 80' lang='lat' dir='ltr'><strong>efﬁciamus,</strong></span> <span class='ocrx_word' id='word_1_88' title='bbox 1135 1376 1192 1428; x_wconf 92' lang='lat' dir='ltr'><strong>et</strong></span> <span class='ocrx_word' id='word_1_89' title='bbox 1240 1380 1580 1448; x_wconf 88' lang='lat' dir='ltr'><strong>procreatos</strong></span> <span class='ocrx_word' id='word_1_90' title='bbox 1625 1388 1695 1431; x_wconf 82' lang='lat' dir='ltr'><strong>ex</strong></span> <span class='ocrx_word' id='word_1_91' title='bbox 1742 1370 1829 1432; x_wconf 90' lang='lat' dir='ltr'><strong>eis</strong></span> <span class='ocrx_word' id='word_1_92' title='bbox 1860 1371 2086 1432; x_wconf 83' lang='lat' dir='ltr'><strong>liberos</strong></span> 
     </span>
    </p>
   </div>
   <div class='ocr_carea' id='block_1_16' title="bbox 440 1457 2086 1541">
    <p class='ocr_par' dir='ltr' id='par_1_16' title="bbox 440 1457 2086 1541">
     <span class='ocr_line' id='line_1_16' title="bbox 440 1457 2086 1541; baseline 0.002 -22"><span class='ocrx_word' id='word_1_93' title='bbox 440 1458 809 1532; x_wconf 73' lang='lat' dir='ltr'><strong>exhzeredes,</strong></span> <span class='ocrx_word' id='word_1_94' title='bbox 847 1466 904 1518; x_wconf 91' lang='lat' dir='ltr'><strong>et</strong></span> <span class='ocrx_word' id='word_1_95' title='bbox 935 1457 1263 1531; x_wconf 91' lang='lat' dir='ltr'><strong>mendicos,</strong></span> <span class='ocrx_word' id='word_1_96' title='bbox 1287 1464 1346 1519; x_wconf 88' lang='lat' dir='ltr'><strong>et</strong></span> <span class='ocrx_word' id='word_1_97' title='bbox 1374 1457 1585 1533; x_wconf 90' lang='lat' dir='ltr'><strong>Iros,et</strong></span> <span class='ocrx_word' id='word_1_98' title='bbox 1612 1458 1798 1539; x_wconf 85' lang='lat' dir='ltr'><strong>ipsius</strong></span> <span class='ocrx_word' id='word_1_99' title='bbox 1828 1460 2086 1541; x_wconf 86' lang='lat' dir='ltr'><strong>denique</strong></span> 
     </span>
    </p>
   </div>
   <div class='ocr_carea' id='block_1_17' title="bbox 2170 562 3820 643">
    <p class='ocr_par' dir='ltr' id='par_1_17' title="bbox 2170 562 3820 643">
     <span class='ocr_line' id='line_1_17' title="bbox 2170 562 3820 643; baseline -0.005 -20"><span class='ocrx_word' id='word_1_100' title='bbox 2170 588 2292 629; x_wconf 91' lang='grc' dir='ltr'>τους</span> <span class='ocrx_word' id='word_1_101' title='bbox 2320 566 2554 642; x_wconf 86' lang='grc' dir='ltr'>θεμένων</span> <span class='ocrx_word' id='word_1_102' title='bbox 2604 563 2849 643; x_wconf 83' lang='grc' dir='ltr'>Πατέρων</span> <span class='ocrx_word' id='word_1_103' title='bbox 2906 562 3474 643; x_wconf 30' lang='grc' dir='ltr'>ὲπιστημονικώτερος-</span> <span class='ocrx_word' id='word_1_104' title='bbox 3496 563 3567 625; x_wconf 73' lang='grc' dir='ltr'>εἷς</span> <span class='ocrx_word' id='word_1_105' title='bbox 3626 562 3820 640; x_wconf 75' lang='grc' dir='ltr'>ψυχῶν</span> 
     </span>
    </p>
   </div>
   <div class='ocr_carea' id='block_1_18' title="bbox 2169 641 3820 735">
    <p class='ocr_par' dir='ltr' id='par_1_18' title="bbox 2169 641 3820 735">
     <span class='ocr_line' id='line_1_18' title="bbox 2169 641 3820 735; baseline -0.004 -23"><span class='ocrx_word' id='word_1_106' title='bbox 2169 641 2444 735; x_wconf 79' lang='grc' dir='ltr'>θεραπείαν</span> <span class='ocrx_word' id='word_1_107' title='bbox 2475 656 2562 712; x_wconf 77' lang='grc' dir='ltr'><strong>καὶ</strong></span> <span class='ocrx_word' id='word_1_108' title='bbox 2589 641 2859 734; x_wconf 78' lang='grc' dir='ltr'>κάθαρσιν,</span> <span class='ocrx_word' id='word_1_109' title='bbox 2923 652 3069 717; x_wconf 82' lang='grc' dir='ltr'>ὅστις</span> <span class='ocrx_word' id='word_1_110' title='bbox 3112 653 3243 709; x_wconf 72' lang='grc' dir='ltr'>ποτε</span> <span class='ocrx_word' id='word_1_111' title='bbox 3299 641 3377 715; x_wconf 60' lang='grc' dir='ltr'>εἴ,</span> <span class='ocrx_word' id='word_1_112' title='bbox 3438 641 3575 709; x_wconf 61' lang='lat' dir='ltr'><strong>U01:8</strong></span> <span class='ocrx_word' id='word_1_113' title='bbox 3616 648 3673 707; x_wconf 77' lang='grc' dir='ltr'><em>δὲ</em></span> <span class='ocrx_word' id='word_1_114' title='bbox 3728 660 3820 713; x_wconf 74' lang='grc' dir='ltr'>καὶ</span> 
     </span>
    </p>
   </div>
   <div class='ocr_carea' id='block_1_19' title="bbox 2171 740 3814 822">
    <p class='ocr_par' dir='ltr' id='par_1_19' title="bbox 2171 740 3814 822">
     <span class='ocr_line' id='line_1_19' title="bbox 2171 740 3814 822; baseline -0.004 -22"><span class='ocrx_word' id='word_1_115' title='bbox 2171 745 2291 808; x_wconf 78' lang='grc' dir='ltr'>νέας</span> <span class='ocrx_word' id='word_1_116' title='bbox 2322 743 2566 808; x_wconf 78' lang='grc' dir='ltr'><strong>συνόδους</strong></span> <span class='ocrx_word' id='word_1_117' title='bbox 2596 744 2872 822; x_wconf 81' lang='grc' dir='ltr'>ἀθροίσεις,</span> <span class='ocrx_word' id='word_1_118' title='bbox 2922 743 3009 799; x_wconf 85' lang='grc' dir='ltr'><strong>καὶ</strong></span> <span class='ocrx_word' id='word_1_119' title='bbox 3048 742 3245 818; x_wconf 81' lang='grc' dir='ltr'>τόμους</span> <span class='ocrx_word' id='word_1_120' title='bbox 3286 740 3491 820; x_wconf 81' lang='grc' dir='ltr'>ἑτέρους</span> <span class='ocrx_word' id='word_1_121' title='bbox 3520 740 3814 811; x_wconf 76' lang='grc' dir='ltr'>συνθήσεις,</span> 
     </span>
    </p>
   </div>
   <div class='ocr_carea' id='block_1_20' title="bbox 2169 828 3814 911">
    <p class='ocr_par' dir='ltr' id='par_1_20' title="bbox 2169 828 3814 911">
     <span class='ocr_line' id='line_1_20' title="bbox 2169 828 3814 911; baseline -0.004 -20"><span class='ocrx_word' id='word_1_122' title='bbox 2169 836 2256 891; x_wconf 82' lang='grc' dir='ltr'><strong>καὶ</strong></span> <span class='ocrx_word' id='word_1_123' title='bbox 2307 832 2586 911; x_wconf 81' lang='grc' dir='ltr'>βασιλικὰς</span> <span class='ocrx_word' id='word_1_124' title='bbox 2630 832 2910 911; x_wconf 79' lang='grc' dir='ltr'><strong>ἐπικρίσεις</strong></span> <span class='ocrx_word' id='word_1_125' title='bbox 2965 832 3305 910; x_wconf 76' lang='grc' dir='ltr'><strong>προσθήσεις,</strong></span> <span class='ocrx_word' id='word_1_126' title='bbox 3361 831 3481 886; x_wconf 89' lang='grc' dir='ltr'>τότε</span> <span class='ocrx_word' id='word_1_127' title='bbox 3532 828 3680 908; x_wconf 82' lang='grc' dir='ltr'>τάχα</span> <span class='ocrx_word' id='word_1_128' title='bbox 3728 850 3814 884; x_wconf 86' lang='grc' dir='ltr'><strong>σοι</strong></span> 
     </span>
    </p>
   </div>
   <div class='ocr_carea' id='block_1_21' title="bbox 2168 915 3811 999">
    <p class='ocr_par' dir='ltr' id='par_1_21' title="bbox 2168 915 3811 999">
     <span class='ocr_line' id='line_1_21' title="bbox 2168 915 3811 999; baseline -0.004 -22"><span class='ocrx_word' id='word_1_129' title='bbox 2168 924 2255 977; x_wconf 81' lang='grc' dir='ltr'><strong>καὶ</strong></span> <span class='ocrx_word' id='word_1_130' title='bbox 2296 922 2460 995; x_wconf 74' lang='grc' dir='ltr'>ἡμεῖς</span> <span class='ocrx_word' id='word_1_131' title='bbox 2505 921 2634 999; x_wconf 82' lang='grc' dir='ltr'>πρὸς</span> <span class='ocrx_word' id='word_1_132' title='bbox 2678 919 2772 995; x_wconf 74' lang='grc' dir='ltr'>μὲν</span> <span class='ocrx_word' id='word_1_133' title='bbox 2843 919 2908 974; x_wconf 78' lang='grc' dir='ltr'><strong>τὰ</strong></span> <span class='ocrx_word' id='word_1_134' title='bbox 2964 916 3251 998; x_wconf 72' lang='grc' dir='ltr'>’ἔμπροσθεν</span> <span class='ocrx_word' id='word_1_135' title='bbox 3296 915 3811 990; x_wconf 68' lang='grc' dir='ltr'>ἐπακολουθήσομεν,</span> 
     </span>
    </p>
   </div>
   <div class='ocr_carea' id='block_1_22' title="bbox 2166 1003 3802 1088">
    <p class='ocr_par' dir='ltr' id='par_1_22' title="bbox 2166 1003 3802 1088">
     <span class='ocr_line' id='line_1_22' title="bbox 2229 1005 3708 1047; baseline -0.002 -6"><span class='ocrx_word' id='word_1_136' title='bbox 2229 1012 2286 1047; x_wconf 69' lang='grc' dir='ltr'><strong>ι,</strong></span> <span class='ocrx_word' id='word_1_137' title='bbox 2322 1008 2369 1041; x_wconf 56' lang='grc' dir='ltr'>η</span> <span class='ocrx_word' id='word_1_138' title='bbox 2474 1009 2484 1032; x_wconf 75' lang='grc' dir='ltr'>ν</span> <span class='ocrx_word' id='word_1_139' title='bbox 2533 1033 2543 1043; x_wconf 92' lang='grc'><strong>,</strong></span> <span class='ocrx_word' id='word_1_140' title='bbox 2810 1008 2848 1047; x_wconf 71' lang='grc' dir='ltr'>ι.</span> <span class='ocrx_word' id='word_1_141' title='bbox 3020 1005 3082 1026; x_wconf 60' lang='grc' dir='ltr'><strong>’νδ</strong></span> <span class='ocrx_word' id='word_1_142' title='bbox 3688 1027 3708 1038; x_wconf 90' lang='grc'><strong>-</strong></span> 
     </span>
     <span class='ocr_line' id='line_1_23' title="bbox 2166 1003 3802 1088; baseline -0.004 -21"><span class='ocrx_word' id='word_1_143' title='bbox 2166 1033 2284 1073; x_wconf 67' lang='grc' dir='ltr'>του,</span> <span class='ocrx_word' id='word_1_144' title='bbox 2317 1030 2372 1066; x_wconf 83' lang='lat'><strong>0-.</strong></span> <span class='ocrx_word' id='word_1_145' title='bbox 2428 1032 2576 1085; x_wconf 72' lang='grc' dir='ltr'>νομρ</span> <span class='ocrx_word' id='word_1_146' title='bbox 2611 1012 2958 1088; x_wconf 68' lang='grc' dir='ltr'>συναφθειτας</span> <span class='ocrx_word' id='word_1_147' title='bbox 3017 1022 3118 1074; x_wconf 70' lang='lat' dir='ltr'><strong>non</strong></span> <span class='ocrx_word' id='word_1_148' title='bbox 3175 1009 3262 1063; x_wconf 87' lang='grc' dir='ltr'><strong>καὶ</strong></span> <span class='ocrx_word' id='word_1_149' title='bbox 3298 1003 3802 1077; x_wconf 70' lang='grc' dir='ltr'>παιδοποιήσανιας,</span> 
     </span>
    </p>
   </div>
   <div class='ocr_carea' id='block_1_23' title="bbox 2168 1093 3809 1176">
    <p class='ocr_par' dir='ltr' id='par_1_23' title="bbox 2168 1093 3809 1176">
     <span class='ocr_line' id='line_1_24' title="bbox 2168 1093 3809 1176; baseline -0.005 -19"><span class='ocrx_word' id='word_1_150' title='bbox 2168 1099 2407 1175; x_wconf 51' lang='grc' dir='ltr'>οὒὸδαμῶς</span> <span class='ocrx_word' id='word_1_151' title='bbox 2450 1097 2803 1176; x_wconf 78' lang='grc' dir='ltr'>διαζεύξομεν,</span> <span class='ocrx_word' id='word_1_152' title='bbox 2860 1099 2934 1160; x_wconf 83' lang='grc' dir='ltr'>ὼς</span> <span class='ocrx_word' id='word_1_153' title='bbox 2992 1095 3053 1152; x_wconf 75' lang='grc' dir='ltr'><strong>ἂν</strong></span> <span class='ocrx_word' id='word_1_154' title='bbox 3112 1096 3189 1171; x_wconf 75' lang='grc' dir='ltr'><strong>μὴ</strong></span> <span class='ocrx_word' id='word_1_155' title='bbox 3248 1093 3499 1173; x_wconf 74' lang='grc' dir='ltr'>διγάμους</span> <span class='ocrx_word' id='word_1_156' title='bbox 3561 1094 3809 1172; x_wconf 80' lang='grc' dir='ltr'>ἀπεργα-</span> 
     </span>
    </p>
   </div>
   <div class='ocr_carea' id='block_1_24' title="bbox 2167 1181 3816 1276">
    <p class='ocr_par' dir='ltr' id='par_1_24' title="bbox 2167 1181 3816 1276">
     <span class='ocr_line' id='line_1_25' title="bbox 2167 1181 3816 1276; baseline -0.004 -31"><span class='ocrx_word' id='word_1_157' title='bbox 2167 1189 2401 1267; x_wconf 80' lang='grc' dir='ltr'>σώμεθα,</span> <span class='ocrx_word' id='word_1_158' title='bbox 2433 1189 2582 1262; x_wconf 83' lang='grc' dir='ltr'>κακῷ</span> <span class='ocrx_word' id='word_1_159' title='bbox 2611 1190 2672 1243; x_wconf 79' lang='grc' dir='ltr'>τὸ</span> <span class='ocrx_word' id='word_1_160' title='bbox 2700 1189 2866 1243; x_wconf 84' lang='grc' dir='ltr'>κακὸν</span> <span class='ocrx_word' id='word_1_161' title='bbox 2922 1187 3160 1262; x_wconf 72' lang='grc' dir='ltr'>ἰώμενοι,</span> <span class='ocrx_word' id='word_1_162' title='bbox 3221 1183 3557 1262; x_wconf 71' lang='grc' dir='ltr'>ἆ“.οχλήρως</span> <span class='ocrx_word' id='word_1_163' title='bbox 3610 1181 3664 1276; x_wconf 57' lang='grc' dir='ltr'>ξε</span> <span class='ocrx_word' id='word_1_164' title='bbox 3722 1194 3816 1247; x_wconf 83' lang='grc' dir='ltr'><strong>καὶ</strong></span> 
     </span>
    </p>
   </div>
   <div class='ocr_carea' id='block_1_25' title="bbox 2165 1273 3812 1355">
    <p class='ocr_par' dir='ltr' id='par_1_25' title="bbox 2165 1273 3812 1355">
     <span class='ocr_line' id='line_1_26' title="bbox 2165 1273 3812 1355; baseline -0.004 -20"><span class='ocrx_word' id='word_1_165' title='bbox 2165 1281 2285 1342; x_wconf 76' lang='grc' dir='ltr'>τοὺς</span> <span class='ocrx_word' id='word_1_166' title='bbox 2319 1278 2515 1333; x_wconf 83' lang='grc' dir='ltr'>τούτων</span> <span class='ocrx_word' id='word_1_167' title='bbox 2559 1275 2976 1355; x_wconf 79' lang='grc' dir='ltr'>ἆποτεχθέντας,</span> <span class='ocrx_word' id='word_1_168' title='bbox 3007 1276 3095 1331; x_wconf 85' lang='grc' dir='ltr'><strong>καὶ</strong></span> <span class='ocrx_word' id='word_1_169' title='bbox 3137 1273 3446 1353; x_wconf 80' lang='grc' dir='ltr'>προσαίτας,</span> <span class='ocrx_word' id='word_1_170' title='bbox 3489 1275 3577 1329; x_wconf 79' lang='grc' dir='ltr'><strong>καὶ</strong></span> <span class='ocrx_word' id='word_1_171' title='bbox 3620 1273 3812 1352; x_wconf 65' lang='grc' dir='ltr'>Ἱρους,</span> 
     </span>
    </p>
   </div>
   <div class='ocr_carea' id='block_1_26' title="bbox 2165 1354 3811 1447">
    <p class='ocr_par' dir='ltr' id='par_1_26' title="bbox 2165 1354 3811 1447">
     <span class='ocr_line' id='line_1_27' title="bbox 2165 1354 3811 1447; baseline -0.004 -24"><span class='ocrx_word' id='word_1_172' title='bbox 2165 1370 2252 1424; x_wconf 86' lang='grc' dir='ltr'><strong>καὶ</strong></span> <span class='ocrx_word' id='word_1_173' title='bbox 2284 1369 2409 1425; x_wconf 57' lang='lat' dir='ltr'><strong>abso</strong></span> <span class='ocrx_word' id='word_1_174' title='bbox 2440 1373 2617 1447; x_wconf 80' lang='grc' dir='ltr'>τοῦτο,</span> <span class='ocrx_word' id='word_1_175' title='bbox 2651 1362 2822 1431; x_wconf 80' lang='grc' dir='ltr'>ὀνείδη</span> <span class='ocrx_word' id='word_1_176' title='bbox 2873 1364 2968 1432; x_wconf 73' lang='grc' dir='ltr'>τῆς</span> <span class='ocrx_word' id='word_1_177' title='bbox 3026 1364 3250 1443; x_wconf 72' lang='grc' dir='ltr'>φύσεως,</span> <span class='ocrx_word' id='word_1_178' title='bbox 3302 1354 3456 1426; x_wconf 68' lang='grc' dir='ltr'><strong>ΗΙίως</strong></span> <span class='ocrx_word' id='word_1_179' title='bbox 3485 1360 3532 1417; x_wconf 80' lang='grc' dir='ltr'>δ’</span> <span class='ocrx_word' id='word_1_180' title='bbox 3562 1362 3623 1418; x_wconf 82' lang='grc' dir='ltr'><strong>ἂν</strong></span> <span class='ocrx_word' id='word_1_181' title='bbox 3655 1361 3811 1436; x_wconf 83' lang='grc' dir='ltr'>τόμος</span> 
     </span>
    </p>
   </div>
   <div class='ocr_carea' id='block_1_27' title="bbox 2168 1450 3816 1534">
    <p class='ocr_par' dir='ltr' id='par_1_27' title="bbox 2168 1450 3816 1534">
     <span class='ocr_line' id='line_1_28' title="bbox 2168 1450 3816 1534; baseline -0.004 -22"><span class='ocrx_word' id='word_1_182' title='bbox 2168 1457 2265 1532; x_wconf 77' lang='grc' dir='ltr'>μὲν</span> <span class='ocrx_word' id='word_1_183' title='bbox 2323 1456 2468 1513; x_wconf 64' lang='grc' dir='ltr'>οὔπω</span> <span class='ocrx_word' id='word_1_184' title='bbox 2532 1457 2709 1519; x_wconf 68' lang='grc' dir='ltr'>καινὸς</span> <span class='ocrx_word' id='word_1_185' title='bbox 2755 1454 2955 1534; x_wconf 81' lang='grc' dir='ltr'>ἕτερος,</span> <span class='ocrx_word' id='word_1_186' title='bbox 3016 1457 3063 1509; x_wconf 81' lang='grc' dir='ltr'>οἱ</span> <span class='ocrx_word' id='word_1_187' title='bbox 3120 1453 3264 1509; x_wconf 69' lang='grc' dir='ltr'>αὐτοὶ</span> <span class='ocrx_word' id='word_1_188' title='bbox 3320 1450 3376 1507; x_wconf 78' lang='grc' dir='ltr'>δὲ</span> <span class='ocrx_word' id='word_1_189' title='bbox 3431 1452 3585 1527; x_wconf 89' lang='grc' dir='ltr'>νόμοι</span> <span class='ocrx_word' id='word_1_190' title='bbox 3626 1472 3682 1506; x_wconf 83' lang='grc' dir='ltr'><strong>τε</strong></span> <span class='ocrx_word' id='word_1_191' title='bbox 3724 1452 3816 1506; x_wconf 78' lang='grc' dir='ltr'>καὶ</span> 
     </span>
    </p>
   </div>
   <div class='ocr_carea' id='block_1_28' title="bbox 441 1540 2086 1629">
    <p class='ocr_par' dir='ltr' id='par_1_28' title="bbox 441 1540 2081 1629">
     <span class='ocr_line' id='line_1_29' title="bbox 441 1540 2081 1629; baseline 0.001 -21"><span class='ocrx_word' id='word_1_192' title='bbox 441 1555 666 1609; x_wconf 69' lang='lat' dir='ltr'><strong>naturae</strong></span> <span class='ocrx_word' id='word_1_193' title='bbox 722 1547 958 1627; x_wconf 82' lang='lat' dir='ltr'><strong>probra.</strong></span> <span class='ocrx_word' id='word_1_194' title='bbox 1022 1545 1226 1608; x_wconf 90' lang='lat' dir='ltr'><strong>Donec</strong></span> <span class='ocrx_word' id='word_1_195' title='bbox 1279 1556 1476 1608; x_wconf 89' lang='lat' dir='ltr'><strong>autem</strong></span> <span class='ocrx_word' id='word_1_196' title='bbox 1549 1564 1735 1608; x_wconf 90' lang='lat' dir='ltr'><strong>novus</strong></span> <span class='ocrx_word' id='word_1_197' title='bbox 1789 1540 2081 1629; x_wconf 70' lang='lat' dir='ltr'><strong>quispiam</strong></span> 
     </span>
    </p>
   </div>
   <div class='ocr_carea' id='block_1_29' title="bbox 2172 1540 3814 1629">
    <p class='ocr_par' dir='ltr' id='par_1_29' title="bbox 2172 1540 3814 1624">
     <span class='ocr_line' id='line_1_30' title="bbox 2172 1540 3814 1624; baseline -0.005 -22"><span class='ocrx_word' id='word_1_198' title='bbox 2172 1548 2383 1611; x_wconf 81' lang='grc' dir='ltr'>κανόνες</span> <span class='ocrx_word' id='word_1_199' title='bbox 2456 1545 2746 1624; x_wconf 77' lang='grc' dir='ltr'>ἐπέχωσιν,</span> <span class='ocrx_word' id='word_1_200' title='bbox 2820 1544 3152 1622; x_wconf 74' lang='grc' dir='ltr'>ἀναιρεθῆναι</span> <span class='ocrx_word' id='word_1_201' title='bbox 3207 1540 3262 1598; x_wconf 73' lang='grc' dir='ltr'><strong>δὲ</strong></span> <span class='ocrx_word' id='word_1_202' title='bbox 3316 1543 3529 1605; x_wconf 89' lang='grc' dir='ltr'>τούτους</span> <span class='ocrx_word' id='word_1_203' title='bbox 3586 1541 3814 1619; x_wconf 70' lang='grc' dir='ltr'>ἀμήχαο</span> 
     </span>
    </p>
   </div>
   <div class='ocr_carea' id='block_1_30' title="bbox 442 1629 2086 1719">
    <p class='ocr_par' dir='ltr' id='par_1_30' title="bbox 442 1635 2083 1719">
     <span class='ocr_line' id='line_1_31' title="bbox 442 1635 2083 1719; baseline 0.001 -22"><span class='ocrx_word' id='word_1_204' title='bbox 442 1645 636 1699; x_wconf 90' lang='lat' dir='ltr'><strong>tomus</strong></span> <span class='ocrx_word' id='word_1_205' title='bbox 681 1636 834 1698; x_wconf 89' lang='lat' dir='ltr'><strong>haud</strong></span> <span class='ocrx_word' id='word_1_206' title='bbox 878 1635 1183 1717; x_wconf 85' lang='lat' dir='ltr'><strong>prodierit,</strong></span> <span class='ocrx_word' id='word_1_207' title='bbox 1219 1643 1276 1698; x_wconf 89' lang='lat' dir='ltr'><strong>et</strong></span> <span class='ocrx_word' id='word_1_208' title='bbox 1306 1637 1527 1698; x_wconf 65' lang='lat' dir='ltr'><strong>eaedem</strong></span> <span class='ocrx_word' id='word_1_209' title='bbox 1569 1637 1728 1717; x_wconf 81' lang='lat' dir='ltr'><strong>leges</strong></span> <span class='ocrx_word' id='word_1_210' title='bbox 1777 1648 1951 1719; x_wconf 86' lang='lat' dir='ltr'><strong>atque</strong></span> <span class='ocrx_word' id='word_1_211' title='bbox 1982 1657 2083 1699; x_wconf 85' lang='lat' dir='ltr'><strong>ca-</strong></span> 
     </span>
    </p>
   </div>
   <div class='ocr_carea' id='block_1_31' title="bbox 2172 1629 3808 1719">
    <p class='ocr_par' dir='ltr' id='par_1_31' title="bbox 2172 1629 3808 1715">
     <span class='ocr_line' id='line_1_32' title="bbox 2172 1629 3808 1715; baseline -0.003 -25"><span class='ocrx_word' id='word_1_212' title='bbox 2172 1659 2282 1715; x_wconf 85' lang='grc' dir='ltr'>νον,</span> <span class='ocrx_word' id='word_1_213' title='bbox 2328 1635 2715 1715; x_wconf 80' lang='grc' dir='ltr'>ἀδυνατώτερον</span> <span class='ocrx_word' id='word_1_214' title='bbox 2745 1635 2801 1691; x_wconf 82' lang='grc' dir='ltr'><strong>εὗ</strong></span> <span class='ocrx_word' id='word_1_215' title='bbox 2832 1633 2939 1691; x_wconf 77' lang='grc' dir='ltr'>ἴσθι</span> <span class='ocrx_word' id='word_1_216' title='bbox 2972 1635 3059 1689; x_wconf 77' lang='grc' dir='ltr'>καὶ</span> <span class='ocrx_word' id='word_1_217' title='bbox 3112 1635 3178 1689; x_wconf 76' lang='grc' dir='ltr'><strong>τὰ</strong></span> <span class='ocrx_word' id='word_1_218' title='bbox 3234 1633 3398 1695; x_wconf 74' lang='grc' dir='ltr'>οὕτως</span> <span class='ocrx_word' id='word_1_219' title='bbox 3458 1631 3653 1711; x_wconf 73' lang='grc' dir='ltr'>ἔχοντα</span> <span class='ocrx_word' id='word_1_220' title='bbox 3693 1629 3808 1685; x_wconf 62' lang='grc' dir='ltr'>δια-</span> 
     </span>
    </p>
   </div>
   <div class='ocr_carea' id='block_1_32' title="bbox 441 1721 2086 1809">
    <p class='ocr_par' dir='ltr' id='par_1_32' title="bbox 441 1725 2085 1809">
     <span class='ocr_line' id='line_1_33' title="bbox 441 1725 2085 1809; baseline 0.002 -22"><span class='ocrx_word' id='word_1_221' title='bbox 441 1744 631 1788; x_wconf 88' lang='lat' dir='ltr'><strong>nones</strong></span> <span class='ocrx_word' id='word_1_222' title='bbox 686 1728 944 1803; x_wconf 77' lang='lat' dir='ltr'><strong>vigorem</strong></span> <span class='ocrx_word' id='word_1_223' title='bbox 998 1744 1167 1787; x_wconf 89' lang='lat' dir='ltr'><strong>suum</strong></span> <span class='ocrx_word' id='word_1_224' title='bbox 1218 1725 1606 1799; x_wconf 85' lang='lat' dir='ltr'><strong>obtinuerint,</strong></span> <span class='ocrx_word' id='word_1_225' title='bbox 1659 1745 1768 1787; x_wconf 89' lang='lat' dir='ltr'><strong>nec</strong></span> <span class='ocrx_word' id='word_1_226' title='bbox 1804 1728 1932 1789; x_wconf 85' lang='lat' dir='ltr'><strong>ﬁeri</strong></span> <span class='ocrx_word' id='word_1_227' title='bbox 1974 1748 2085 1809; x_wconf 58' lang='lat' dir='ltr'><strong>po.</strong></span> 
     </span>
    </p>
   </div>
   <div class='ocr_carea' id='block_1_33' title="bbox 2172 1721 3807 1809">
    <p class='ocr_par' dir='ltr' id='par_1_33' title="bbox 2172 1721 3807 1797">
     <span class='ocr_line' id='line_1_34' title="bbox 2172 1721 3807 1797; baseline -0.004 -16"><span class='ocrx_word' id='word_1_228' title='bbox 2172 1725 2386 1792; x_wconf 79' lang='grc' dir='ltr'>λυθῆναι</span> <span class='ocrx_word' id='word_1_229' title='bbox 2417 1727 2735 1785; x_wconf 81' lang='grc' dir='ltr'>συνοικέσια.</span> <span class='ocrx_word' id='word_1_230' title='bbox 2770 1722 2943 1797; x_wconf 77' lang='grc' dir='ltr'>Ἀλλ’,</span> <span class='ocrx_word' id='word_1_231' title='bbox 2990 1724 3035 1780; x_wconf 81' lang='grc' dir='ltr'>ὦ</span> <span class='ocrx_word' id='word_1_232' title='bbox 3092 1721 3340 1778; x_wconf 86' lang='grc' dir='ltr'>Βέλτιστε</span> <span class='ocrx_word' id='word_1_233' title='bbox 3382 1722 3470 1777; x_wconf 74' lang='grc' dir='ltr'><strong>καὶ</strong></span> <span class='ocrx_word' id='word_1_234' title='bbox 3529 1741 3807 1797; x_wconf 68' lang='grc' dir='ltr'>σεμνοπρε-</span> 
     </span>
    </p>
   </div>
   <div class='ocr_carea' id='block_1_34' title="bbox 442 1809 2086 1897">
    <p class='ocr_par' dir='ltr' id='par_1_34' title="bbox 442 1815 2086 1897">
     <span class='ocr_line' id='line_1_35' title="bbox 442 1815 2086 1897; baseline 0.002 -21"><span class='ocrx_word' id='word_1_235' title='bbox 442 1815 599 1883; x_wconf 89' lang='lat' dir='ltr'><strong>terit.</strong></span> <span class='ocrx_word' id='word_1_236' title='bbox 653 1826 712 1877; x_wconf 93' lang='lat' dir='ltr'><strong>ut</strong></span> <span class='ocrx_word' id='word_1_237' title='bbox 773 1815 1169 1877; x_wconf 89' lang='lat' dir='ltr'><strong>aboleantur:</strong></span> <span class='ocrx_word' id='word_1_238' title='bbox 1229 1815 1415 1876; x_wconf 87' lang='lat' dir='ltr'><strong>multo</strong></span> <span class='ocrx_word' id='word_1_239' title='bbox 1474 1816 1671 1876; x_wconf 90' lang='lat' dir='ltr'><strong>minus</strong></span> <span class='ocrx_word' id='word_1_240' title='bbox 1727 1816 1854 1877; x_wconf 82' lang='lat' dir='ltr'><strong>fieri</strong></span> <span class='ocrx_word' id='word_1_241' title='bbox 1914 1837 2086 1897; x_wconf 88' lang='lat' dir='ltr'><strong>posse</strong></span> 
     </span>
    </p>
   </div>
   <div class='ocr_carea' id='block_1_35' title="bbox 2172 1809 3813 1897">
    <p class='ocr_par' dir='ltr' id='par_1_35' title="bbox 2172 1809 3813 1894">
     <span class='ocr_line' id='line_1_36' title="bbox 2172 1809 3813 1894; baseline -0.005 -23"><span class='ocrx_word' id='word_1_242' title='bbox 2172 1815 2420 1894; x_wconf 79' lang='grc' dir='ltr'>πέστατε,</span> <span class='ocrx_word' id='word_1_243' title='bbox 2469 1818 2557 1871; x_wconf 83' lang='grc' dir='ltr'><strong>καὶ</strong></span> <span class='ocrx_word' id='word_1_244' title='bbox 2601 1815 2779 1890; x_wconf 90' lang='grc' dir='ltr'>νόμων</span> <span class='ocrx_word' id='word_1_245' title='bbox 2840 1813 3098 1890; x_wconf 73' lang='grc' dir='ltr'>εἰσηγητα</span> <span class='ocrx_word' id='word_1_246' title='bbox 3154 1813 3346 1868; x_wconf 66' lang='grc' dir='ltr'>καινῶν</span> <span class='ocrx_word' id='word_1_247' title='bbox 3407 1809 3513 1885; x_wconf 82' lang='grc' dir='ltr'>(καί</span> <span class='ocrx_word' id='word_1_248' title='bbox 3583 1831 3665 1866; x_wconf 91' lang='grc' dir='ltr'><strong>σοι</strong></span> <span class='ocrx_word' id='word_1_249' title='bbox 3709 1832 3813 1883; x_wconf 76' lang='grc' dir='ltr'><strong>μη·</strong></span> 
     </span>
    </p>
   </div>
   <div class='ocr_carea' id='block_1_36' title="bbox 441 1872 2086 1983">
    <p class='ocr_par' dir='ltr' id='par_1_36' title="bbox 441 1872 2084 1979">
     <span class='ocr_line' id='line_1_37' title="bbox 441 1872 2084 1979; baseline 0.003 -15"><span class='ocrx_word' id='word_1_250' title='bbox 441 1906 686 1979; x_wconf 85' lang='lat' dir='ltr'><strong>scias,ut</strong></span> <span class='ocrx_word' id='word_1_251' title='bbox 715 1906 826 1967; x_wconf 87' lang='lat' dir='ltr'><strong>hoc</strong></span> <span class='ocrx_word' id='word_1_252' title='bbox 860 1905 1032 1965; x_wconf 90' lang='lat' dir='ltr'><strong>modo</strong></span> <span class='ocrx_word' id='word_1_253' title='bbox 1067 1912 1362 1966; x_wconf 89' lang='lat' dir='ltr'><strong>contracta</strong></span> <span class='ocrx_word' id='word_1_254' title='bbox 1394 1904 1770 1967; x_wconf 75' lang='lat' dir='ltr'><strong>matrimonia</strong></span> <span class='ocrx_word' id='word_1_255' title='bbox 1794 1872 2084 1969; x_wconf 81' lang='lat' dir='ltr'><strong>diriinan—</strong></span> 
     </span>
    </p>
   </div>
   <div class='ocr_carea' id='block_1_37' title="bbox 2172 1872 3811 1983">
    <p class='ocr_par' dir='ltr' id='par_1_37' title="bbox 2172 1872 3811 1983">
     <span class='ocr_line' id='line_1_38' title="bbox 2172 1872 3811 1983; baseline -0.004 -23"><span class='ocrx_word' id='word_1_256' title='bbox 2172 1904 2256 1960; x_wconf 75' lang='grc' dir='ltr'>δὲν</span> <span class='ocrx_word' id='word_1_257' title='bbox 2337 1872 2470 1983; x_wconf 41' lang='grc' dir='ltr'>πρὶς</span> <span class='ocrx_word' id='word_1_258' title='bbox 2554 1906 2741 1983; x_wconf 76' lang='grc' dir='ltr'>ὀργὴν,</span> <span class='ocrx_word' id='word_1_259' title='bbox 2828 1903 3077 1981; x_wconf 63' lang='grc' dir='ltr'>εὖκαίρως</span> <span class='ocrx_word' id='word_1_260' title='bbox 3164 1898 3653 1979; x_wconf 78' lang='grc' dir='ltr'>παῤῥησιαζομένης</span> <span class='ocrx_word' id='word_1_261' title='bbox 3714 1903 3811 1964; x_wconf 74' lang='grc' dir='ltr'>τῆς</span> 
     </span>
    </p>
   </div>
   <div class='ocr_carea' id='block_1_38' title="bbox 442 1987 2086 2077">
    <p class='ocr_par' dir='ltr' id='par_1_38' title="bbox 442 1992 2086 2077">
     <span class='ocr_line' id='line_1_39' title="bbox 442 1992 2086 2077; baseline 0.004 -24"><span class='ocrx_word' id='word_1_262' title='bbox 442 2002 556 2056; x_wconf 91' lang='lat' dir='ltr'><strong>tnr.</strong></span> <span class='ocrx_word' id='word_1_263' title='bbox 591 1992 704 2058; x_wconf 87' lang='lat' dir='ltr'><strong>Sed</strong></span> <span class='ocrx_word' id='word_1_264' title='bbox 740 1994 926 2069; x_wconf 90' lang='lat' dir='ltr'><strong>enim,</strong></span> <span class='ocrx_word' id='word_1_265' title='bbox 960 1993 1049 2055; x_wconf 91' lang='lat' dir='ltr'><strong>vir</strong></span> <span class='ocrx_word' id='word_1_266' title='bbox 1076 1995 1298 2075; x_wconf 90' lang='lat' dir='ltr'><strong>optime</strong></span> <span class='ocrx_word' id='word_1_267' title='bbox 1343 2011 1412 2056; x_wconf 87' lang='lat' dir='ltr'><strong>ac</strong></span> <span class='ocrx_word' id='word_1_268' title='bbox 1464 1994 1831 2074; x_wconf 85' lang='lat' dir='ltr'><strong>gravissime,</strong></span> <span class='ocrx_word' id='word_1_269' title='bbox 1870 1997 2086 2077; x_wconf 89' lang='lat' dir='ltr'><strong>quique</strong></span> 
     </span>
    </p>
   </div>
   <div class='ocr_carea' id='block_1_39' title="bbox 2172 1987 3818 2077">
    <p class='ocr_par' dir='ltr' id='par_1_39' title="bbox 2172 1987 3818 2074">
     <span class='ocr_line' id='line_1_40' title="bbox 2172 1987 3818 2074; baseline -0.005 -25"><span class='ocrx_word' id='word_1_270' title='bbox 2172 1993 2469 2074; x_wconf 80' lang='grc' dir='ltr'>ἀληθείας),</span> <span class='ocrx_word' id='word_1_271' title='bbox 2511 1993 2730 2073; x_wconf 72' lang='grc' dir='ltr'>ἐπίσχες</span> <span class='ocrx_word' id='word_1_272' title='bbox 2777 1994 2962 2072; x_wconf 61' lang='grc' dir='ltr'>μικρόν</span> <span class='ocrx_word' id='word_1_273' title='bbox 3018 1992 3117 2057; x_wconf 73' lang='grc' dir='ltr'>τὴν</span> <span class='ocrx_word' id='word_1_274' title='bbox 3170 1989 3433 2068; x_wconf 71' lang='grc' dir='ltr'>γλῶτταν,</span> <span class='ocrx_word' id='word_1_275' title='bbox 3495 1987 3739 2066; x_wconf 72' lang='grc' dir='ltr'>ἐπίσχες,</span> <span class='ocrx_word' id='word_1_276' title='bbox 3775 1989 3818 2042; x_wconf 71' lang='grc' dir='ltr'>εἰ</span> 
     </span>
    </p>
   </div>
   <div class='ocr_carea' id='block_1_40' title="bbox 440 2076 2086 2167">
    <p class='ocr_par' dir='ltr' id='par_1_40' title="bbox 440 2076 2082 2167">
     <span class='ocr_line' id='line_1_41' title="bbox 440 2076 2082 2167; baseline 0.002 -23"><span class='ocrx_word' id='word_1_277' title='bbox 440 2084 634 2164; x_wconf 88' lang='lat' dir='ltr'><strong>legum</strong></span> <span class='ocrx_word' id='word_1_278' title='bbox 664 2102 942 2145; x_wconf 86' lang='lat' dir='ltr'><strong>novarum</strong></span> <span class='ocrx_word' id='word_1_279' title='bbox 978 2103 1043 2145; x_wconf 92' lang='lat' dir='ltr'><strong>es</strong></span> <span class='ocrx_word' id='word_1_280' title='bbox 1066 2092 1271 2145; x_wconf 89' lang='lat' dir='ltr'><strong>auctor</strong></span> <span class='ocrx_word' id='word_1_281' title='bbox 1299 2086 1467 2162; x_wconf 89' lang='lat' dir='ltr'><strong>(cave</strong></span> <span class='ocrx_word' id='word_1_282' title='bbox 1498 2085 1916 2167; x_wconf 82' lang='lat' dir='ltr'><strong>excandescas,</strong></span> <span class='ocrx_word' id='word_1_283' title='bbox 1944 2076 2082 2149; x_wconf 83' lang='lat' dir='ltr'><strong>dum</strong></span> 
     </span>
    </p>
   </div>
   <div class='ocr_carea' id='block_1_41' title="bbox 2172 2076 3818 2167">
    <p class='ocr_par' dir='ltr' id='par_1_41' title="bbox 2172 2076 3818 2157">
     <span class='ocr_line' id='line_1_42' title="bbox 2172 2076 3818 2157; baseline -0.004 -19"><span class='ocrx_word' id='word_1_284' title='bbox 2172 2082 2408 2156; x_wconf 71' lang='grc' dir='ltr'>δυνατὸν,</span> <span class='ocrx_word' id='word_1_285' title='bbox 2457 2082 2702 2147; x_wconf 75' lang='grc' dir='ltr'>αἰδεσθεὶς</span> <span class='ocrx_word' id='word_1_286' title='bbox 2760 2081 2859 2157; x_wconf 75' lang='grc' dir='ltr'>ὀψέ</span> <span class='ocrx_word' id='word_1_287' title='bbox 2904 2102 3032 2138; x_wconf 84' lang='grc' dir='ltr'>ποτε</span> <span class='ocrx_word' id='word_1_288' title='bbox 3076 2079 3277 2139; x_wconf 79' lang='grc' dir='ltr'>παλαιά</span> <span class='ocrx_word' id='word_1_289' title='bbox 3327 2100 3384 2135; x_wconf 84' lang='grc' dir='ltr'><strong>τε</strong></span> <span class='ocrx_word' id='word_1_290' title='bbox 3442 2077 3576 2152; x_wconf 69' lang='grc' dir='ltr'>ὁμοῦ</span> <span class='ocrx_word' id='word_1_291' title='bbox 3614 2077 3700 2132; x_wconf 85' lang='grc' dir='ltr'>καὶ</span> <span class='ocrx_word' id='word_1_292' title='bbox 3730 2076 3818 2131; x_wconf 85' lang='grc' dir='ltr'><strong>νέα</strong></span> 
     </span>
    </p>
   </div>
   <div class='ocr_carea' id='block_1_42' title="bbox 441 2164 2086 2252">
    <p class='ocr_par' dir='ltr' id='par_1_42' title="bbox 441 2164 2086 2252">
     <span class='ocr_line' id='line_1_43' title="bbox 441 2164 2086 2252; baseline 0.004 -22"><span class='ocrx_word' id='word_1_293' title='bbox 441 2182 770 2252; x_wconf 82' lang='lat' dir='ltr'><strong>opportune</strong></span> <span class='ocrx_word' id='word_1_294' title='bbox 792 2173 1006 2235; x_wconf 88' lang='lat' dir='ltr'><strong>veritas</strong></span> <span class='ocrx_word' id='word_1_295' title='bbox 1034 2172 1284 2234; x_wconf 90' lang='lat' dir='ltr'><strong>liberius</strong></span> <span class='ocrx_word' id='word_1_296' title='bbox 1316 2181 1505 2234; x_wconf 90' lang='lat' dir='ltr'><strong>tecum</strong></span> <span class='ocrx_word' id='word_1_297' title='bbox 1539 2173 1706 2251; x_wconf 86' lang='lat' dir='ltr'><strong>agit),</strong></span> <span class='ocrx_word' id='word_1_298' title='bbox 1740 2164 1951 2236; x_wconf 84' lang='lat' dir='ltr'><strong>coerce</strong></span> <span class='ocrx_word' id='word_1_299' title='bbox 1976 2175 2086 2237; x_wconf 78' lang='lat' dir='ltr'><strong>lin-</strong></span> 
     </span>
    </p>
   </div>
   <div class='ocr_carea' id='block_1_43' title="bbox 2172 2164 3820 2252">
    <p class='ocr_par' dir='ltr' id='par_1_43' title="bbox 2177 2164 3820 2251">
     <span class='ocr_line' id='line_1_44' title="bbox 2177 2164 3820 2251; baseline -0.006 -23"><span class='ocrx_word' id='word_1_300' title='bbox 2177 2173 2419 2251; x_wconf 85' lang='grc' dir='ltr'>Πατέρων</span> <span class='ocrx_word' id='word_1_301' title='bbox 2452 2169 2762 2249; x_wconf 74' lang='grc' dir='ltr'>διδάγματα,</span> <span class='ocrx_word' id='word_1_302' title='bbox 2822 2173 2896 2227; x_wconf 84' lang='grc' dir='ltr'>ὦν</span> <span class='ocrx_word' id='word_1_303' title='bbox 2953 2171 3029 2246; x_wconf 68' lang='grc' dir='ltr'>μὴ</span> <span class='ocrx_word' id='word_1_304' title='bbox 3075 2168 3288 2247; x_wconf 82' lang='grc' dir='ltr'>μέταιρε</span> <span class='ocrx_word' id='word_1_305' title='bbox 3340 2166 3478 2246; x_wconf 74' lang='grc' dir='ltr'>ὅρια.</span> <span class='ocrx_word' id='word_1_306' title='bbox 3513 2164 3820 2240; x_wconf 74' lang='grc' dir='ltr'>Ἀνάμεινον</span> 
     </span>
    </p>
   </div>
   <div class='ocr_carea' id='block_1_44' title="bbox 442 2259 2086 2344">
    <p class='ocr_par' dir='ltr' id='par_1_44' title="bbox 442 2262 2086 2344">
     <span class='ocr_line' id='line_1_45' title="bbox 442 2262 2086 2344; baseline 0.001 -20"><span class='ocrx_word' id='word_1_307' title='bbox 442 2264 640 2342; x_wconf 86' lang='lat' dir='ltr'><strong>gnam,</strong></span> <span class='ocrx_word' id='word_1_308' title='bbox 673 2281 884 2325; x_wconf 88' lang='lat' dir='ltr'><strong>coerce</strong></span> <span class='ocrx_word' id='word_1_309' title='bbox 916 2263 1218 2343; x_wconf 90' lang='lat' dir='ltr'><strong>paululum</strong></span> <span class='ocrx_word' id='word_1_310' title='bbox 1235 2263 1283 2323; x_wconf 90' lang='lat' dir='ltr'><strong>si</strong></span> <span class='ocrx_word' id='word_1_311' title='bbox 1301 2270 1490 2341; x_wconf 82' lang='lat' dir='ltr'><strong>potes;</strong></span> <span class='ocrx_word' id='word_1_312' title='bbox 1513 2263 1749 2323; x_wconf 87' lang='lat' dir='ltr'><strong>tandem</strong></span> <span class='ocrx_word' id='word_1_313' title='bbox 1773 2262 2086 2344; x_wconf 89' lang='lat' dir='ltr'><strong>aliquando</strong></span> 
     </span>
    </p>
   </div>
   <div class='ocr_carea' id='block_1_45' title="bbox 2172 2259 3819 2344">
    <p class='ocr_par' dir='ltr' id='par_1_45' title="bbox 2172 2259 3819 2343">
     <span class='ocr_line' id='line_1_46' title="bbox 2172 2259 3819 2343; baseline -0.005 -22"><span class='ocrx_word' id='word_1_314' title='bbox 2172 2267 2261 2321; x_wconf 76' lang='grc' dir='ltr'><strong>τὸν</strong></span> <span class='ocrx_word' id='word_1_315' title='bbox 2292 2272 2383 2321; x_wconf 76' lang='grc' dir='ltr'>τοῦ</span> <span class='ocrx_word' id='word_1_316' title='bbox 2412 2264 2585 2343; x_wconf 82' lang='grc' dir='ltr'>λέγειν</span> <span class='ocrx_word' id='word_1_317' title='bbox 2628 2267 2717 2321; x_wconf 71' lang='grc' dir='ltr'><strong>καὶ</strong></span> <span class='ocrx_word' id='word_1_318' title='bbox 2770 2263 3061 2342; x_wconf 81' lang='grc' dir='ltr'>ἀντιλέγειν</span> <span class='ocrx_word' id='word_1_319' title='bbox 3104 2263 3266 2319; x_wconf 84' lang='grc' dir='ltr'>τόπον</span> <span class='ocrx_word' id='word_1_320' title='bbox 3316 2282 3372 2316; x_wconf 87' lang='grc' dir='ltr'><strong>τε</strong></span> <span class='ocrx_word' id='word_1_321' title='bbox 3410 2262 3495 2317; x_wconf 83' lang='grc' dir='ltr'><strong>καὶ</strong></span> <span class='ocrx_word' id='word_1_322' title='bbox 3538 2260 3742 2338; x_wconf 77' lang='grc' dir='ltr'>καιρὸν,</span> <span class='ocrx_word' id='word_1_323' title='bbox 3787 2259 3819 2313; x_wconf 78' lang='grc' dir='ltr'>ἃ</span> 
     </span>
    </p>
   </div>
   <div class='ocr_carea' id='block_1_46' title="bbox 441 2343 2086 2434">
    <p class='ocr_par' dir='ltr' id='par_1_46' title="bbox 441 2343 2086 2434">
     <span class='ocr_line' id='line_1_47' title="bbox 441 2343 2086 2434; baseline 0.001 -21"><span class='ocrx_word' id='word_1_324' title='bbox 441 2353 637 2432; x_wconf 89' lang='lat' dir='ltr'><strong>prisca</strong></span> <span class='ocrx_word' id='word_1_325' title='bbox 666 2352 886 2434; x_wconf 90' lang='lat' dir='ltr'><strong>pariter</strong></span> <span class='ocrx_word' id='word_1_326' title='bbox 927 2370 996 2414; x_wconf 89' lang='lat' dir='ltr'><strong>ac</strong></span> <span class='ocrx_word' id='word_1_327' title='bbox 1023 2354 1288 2413; x_wconf 85' lang='lat' dir='ltr'><strong>recentia</strong></span> <span class='ocrx_word' id='word_1_328' title='bbox 1320 2355 1550 2413; x_wconf 83' lang='lat' dir='ltr'><strong>Patrum</strong></span> <span class='ocrx_word' id='word_1_329' title='bbox 1585 2353 1825 2414; x_wconf 83' lang='lat' dir='ltr'><strong>decreta</strong></span> <span class='ocrx_word' id='word_1_330' title='bbox 1855 2343 2086 2416; x_wconf 80' lang='lat' dir='ltr'><strong>reveri-</strong></span> 
     </span>
    </p>
   </div>
   <div class='ocr_carea' id='block_1_47' title="bbox 2172 2343 3818 2434">
    <p class='ocr_par' dir='ltr' id='par_1_47' title="bbox 2173 2343 3818 2432">
     <span class='ocr_line' id='line_1_48' title="bbox 2173 2343 3818 2432; baseline -0.004 -22"><span class='ocrx_word' id='word_1_331' title='bbox 2173 2353 2288 2431; x_wconf 79' lang='grc' dir='ltr'>μετ’</span> <span class='ocrx_word' id='word_1_332' title='bbox 2324 2353 2500 2432; x_wconf 75' lang='grc' dir='ltr'>ὀλίγον</span> <span class='ocrx_word' id='word_1_333' title='bbox 2539 2353 2646 2420; x_wconf 67' lang='grc' dir='ltr'>ἥξει</span> <span class='ocrx_word' id='word_1_334' title='bbox 2678 2376 2785 2415; x_wconf 91' lang='grc' dir='ltr'>σοι.</span> <span class='ocrx_word' id='word_1_335' title='bbox 2818 2343 2946 2410; x_wconf 76' lang='grc' dir='ltr'><strong>ἸΕτι</strong></span> <span class='ocrx_word' id='word_1_336' title='bbox 2988 2354 3187 2432; x_wconf 79' lang='grc' dir='ltr'>βραχὺ,</span> <span class='ocrx_word' id='word_1_337' title='bbox 3230 2352 3319 2407; x_wconf 84' lang='grc' dir='ltr'><strong>καὶ</strong></span> <span class='ocrx_word' id='word_1_338' title='bbox 3361 2350 3416 2406; x_wconf 81' lang='grc' dir='ltr'>ἐν</span> <span class='ocrx_word' id='word_1_339' title='bbox 3442 2348 3663 2426; x_wconf 80' lang='grc' dir='ltr'>καθέδρᾳ</span> <span class='ocrx_word' id='word_1_340' title='bbox 3691 2369 3818 2424; x_wconf 84' lang='grc' dir='ltr'>πρε-</span> 
     </span>
    </p>
   </div>
   <div class='ocr_carea' id='block_1_48' title="bbox 436 2438 2086 2523">
    <p class='ocr_par' dir='ltr' id='par_1_48' title="bbox 436 2442 2086 2523">
     <span class='ocr_line' id='line_1_49' title="bbox 436 2442 2086 2523; baseline 0.002 -21"><span class='ocrx_word' id='word_1_341' title='bbox 436 2451 568 2513; x_wconf 87' lang='lat' dir='ltr'><strong>tus,</strong></span> <span class='ocrx_word' id='word_1_342' title='bbox 628 2461 878 2522; x_wconf 88' lang='lat' dir='ltr'><strong>quorum</strong></span> <span class='ocrx_word' id='word_1_343' title='bbox 959 2445 1250 2503; x_wconf 85' lang='lat' dir='ltr'><strong>terminos</strong></span> <span class='ocrx_word' id='word_1_344' title='bbox 1324 2460 1399 2502; x_wconf 89' lang='lat' dir='ltr'><strong>ne</strong></span> <span class='ocrx_word' id='word_1_345' title='bbox 1471 2462 1726 2505; x_wconf 88' lang='lat' dir='ltr'><strong>moveas.</strong></span> <span class='ocrx_word' id='word_1_346' title='bbox 1804 2442 2086 2523; x_wconf 78' lang='lat' dir='ltr'><strong>Exspecta</strong></span> 
     </span>
    </p>
   </div>
   <div class='ocr_carea' id='block_1_49' title="bbox 2172 2438 3819 2523">
    <p class='ocr_par' dir='ltr' id='par_1_49' title="bbox 2175 2438 3819 2523">
     <span class='ocr_line' id='line_1_50' title="bbox 2175 2438 3819 2523; baseline -0.007 -22"><span class='ocrx_word' id='word_1_347' title='bbox 2175 2443 2436 2522; x_wconf 63' lang='grc' dir='ltr'>σϐυτέρων</span> <span class='ocrx_word' id='word_1_348' title='bbox 2471 2444 2689 2523; x_wconf 70' lang='grc' dir='ltr'>αἰνέσεις</span> <span class='ocrx_word' id='word_1_349' title='bbox 2732 2446 2823 2499; x_wconf 78' lang='grc' dir='ltr'>τὸν</span> <span class='ocrx_word' id='word_1_350' title='bbox 2861 2444 3067 2520; x_wconf 83' lang='grc' dir='ltr'>Κύριον,</span> <span class='ocrx_word' id='word_1_351' title='bbox 3125 2443 3186 2500; x_wconf 88' lang='grc' dir='ltr'>Τί</span> <span class='ocrx_word' id='word_1_352' title='bbox 3227 2442 3327 2518; x_wconf 81' lang='grc' dir='ltr'><strong>πρὸ</strong></span> <span class='ocrx_word' id='word_1_353' title='bbox 3370 2445 3475 2495; x_wconf 81' lang='grc' dir='ltr'>τῶν</span> <span class='ocrx_word' id='word_1_354' title='bbox 3530 2439 3724 2517; x_wconf 83' lang='grc' dir='ltr'>θρόνων</span> <span class='ocrx_word' id='word_1_355' title='bbox 3754 2438 3819 2491; x_wconf 72' lang='grc' dir='ltr'>τὰ</span> 
     </span>
    </p>
   </div>
   <div class='ocr_carea' id='block_1_50' title="bbox 439 2519 2086 2615">
    <p class='ocr_par' dir='ltr' id='par_1_50' title="bbox 439 2519 2083 2615">
     <span class='ocr_line' id='line_1_51' title="bbox 439 2519 2083 2615; baseline 0.002 -23"><span class='ocrx_word' id='word_1_356' title='bbox 439 2519 679 2593; x_wconf 80' lang='lat' dir='ltr'><strong>dicendi</strong></span> <span class='ocrx_word' id='word_1_357' title='bbox 739 2541 796 2594; x_wconf 93' lang='lat' dir='ltr'><strong>et</strong></span> <span class='ocrx_word' id='word_1_358' title='bbox 852 2530 1301 2593; x_wconf 87' lang='lat' dir='ltr'><strong>contradicendi</strong></span> <span class='ocrx_word' id='word_1_359' title='bbox 1358 2533 1551 2593; x_wconf 91' lang='lat' dir='ltr'><strong>locum</strong></span> <span class='ocrx_word' id='word_1_360' title='bbox 1603 2542 1777 2613; x_wconf 86' lang='lat' dir='ltr'><strong>atque</strong></span> <span class='ocrx_word' id='word_1_361' title='bbox 1831 2519 2083 2615; x_wconf 82' lang='lat' dir='ltr'><strong>tempus,</strong></span> 
     </span>
    </p>
   </div>
   <div class='ocr_carea' id='block_1_51' title="bbox 2172 2519 3816 2615">
    <p class='ocr_par' dir='ltr' id='par_1_51' title="bbox 2172 2519 3816 2615">
     <span class='ocr_line' id='line_1_52' title="bbox 2172 2519 3816 2615; baseline -0.005 -27"><span class='ocrx_word' id='word_1_362' title='bbox 2172 2534 2278 2589; x_wconf 77' lang='grc' dir='ltr'><strong>τῶν</strong></span> <span class='ocrx_word' id='word_1_363' title='bbox 2334 2519 2529 2612; x_wconf 83' lang='grc' dir='ltr'>θρόνων</span> <span class='ocrx_word' id='word_1_364' title='bbox 2592 2519 2890 2611; x_wconf 58' lang='grc' dir='ltr'>ἀβπάζειςς</span> <span class='ocrx_word' id='word_1_365' title='bbox 2941 2519 3011 2589; x_wconf 11' lang='grc' dir='ltr'><strong>γΤί</strong></span> <span class='ocrx_word' id='word_1_366' title='bbox 3067 2528 3341 2615; x_wconf 16' lang='grc' dir='ltr'>δεσμενειςῗ</span> <span class='ocrx_word' id='word_1_367' title='bbox 3395 2529 3577 2607; x_wconf 70' lang='grc' dir='ltr'>φορτία</span> <span class='ocrx_word' id='word_1_368' title='bbox 3620 2522 3816 2581; x_wconf 74' lang='grc' dir='ltr'>δυσϐά-</span> 
     </span>
    </p>
   </div>
   <div class='ocr_carea' id='block_1_52' title="bbox 440 2614 2086 2702">
    <p class='ocr_par' dir='ltr' id='par_1_52' title="bbox 440 2619 2085 2702">
     <span class='ocr_line' id='line_1_53' title="bbox 440 2619 2085 2702; baseline 0.002 -22"><span class='ocrx_word' id='word_1_369' title='bbox 440 2620 613 2701; x_wconf 91' lang='lat' dir='ltr'><strong>paulo</strong></span> <span class='ocrx_word' id='word_1_370' title='bbox 669 2629 796 2700; x_wconf 90' lang='lat' dir='ltr'><strong>post</strong></span> <span class='ocrx_word' id='word_1_371' title='bbox 847 2620 1179 2683; x_wconf 86' lang='lat' dir='ltr'><strong>obventura</strong></span> <span class='ocrx_word' id='word_1_372' title='bbox 1240 2620 1364 2682; x_wconf 92' lang='lat' dir='ltr'><strong>tibi.</strong></span> <span class='ocrx_word' id='word_1_373' title='bbox 1426 2619 1640 2687; x_wconf 81' lang='lat' dir='ltr'><strong>Parum</strong></span> <span class='ocrx_word' id='word_1_374' title='bbox 1680 2623 1877 2683; x_wconf 87' lang='lat' dir='ltr'><strong>adhuc</strong></span> <span class='ocrx_word' id='word_1_375' title='bbox 1910 2623 2085 2702; x_wconf 76' lang='lat' dir='ltr'><strong>Spalil</strong></span> 
     </span>
    </p>
   </div>
   <div class='ocr_carea' id='block_1_53' title="bbox 2172 2614 3889 2702">
    <p class='ocr_par' dir='ltr' id='par_1_53' title="bbox 2172 2614 3889 2696">
     <span class='ocr_line' id='line_1_54' title="bbox 2172 2614 3889 2696; baseline -0.006 -18"><span class='ocrx_word' id='word_1_376' title='bbox 2172 2644 2393 2695; x_wconf 76' lang='grc' dir='ltr'>στακτι,</span> <span class='ocrx_word' id='word_1_377' title='bbox 2443 2621 2473 2676; x_wconf 73' lang='grc' dir='ltr'>ἂ</span> <span class='ocrx_word' id='word_1_378' title='bbox 2529 2619 2662 2696; x_wconf 75' lang='grc' dir='ltr'>μηδὲ</span> <span class='ocrx_word' id='word_1_379' title='bbox 2697 2628 2773 2695; x_wconf 80' lang='grc' dir='ltr'>τῷ</span> <span class='ocrx_word' id='word_1_380' title='bbox 2816 2618 3056 2693; x_wconf 83' lang='grc' dir='ltr'>δακτύλῳ</span> <span class='ocrx_word' id='word_1_381' title='bbox 3083 2624 3295 2685; x_wconf 72' lang='grc' dir='ltr'>κινῆσαι</span> <span class='ocrx_word' id='word_1_382' title='bbox 3324 2614 3539 2673; x_wconf 77' lang='grc' dir='ltr'>δυνατόν</span> <span class='ocrx_word' id='word_1_383' title='bbox 3572 2634 3588 2695; x_wconf 80' lang='grc'>;</span> <span class='ocrx_word' id='word_1_384' title='bbox 3626 2616 3823 2692; x_wconf 70' lang='grc' dir='ltr'>Μικρὶιν</span> <span class='ocrx_word' id='word_1_385' title='bbox 3884 2659 3889 2663; x_wconf 86' lang='grc'><strong>.</strong></span> 
     </span>
    </p>
   </div>
   <div class='ocr_carea' id='block_1_54' title="bbox 438 2702 2086 2787">
    <p class='ocr_par' dir='ltr' id='par_1_54' title="bbox 438 2708 2081 2784">
     <span class='ocr_line' id='line_1_55' title="bbox 438 2708 2081 2784; baseline 0.001 -15"><span class='ocrx_word' id='word_1_386' title='bbox 438 2716 643 2784; x_wconf 79' lang='lat' dir='ltr'><strong>restat,</strong></span> <span class='ocrx_word' id='word_1_387' title='bbox 693 2721 754 2771; x_wconf 83' lang='lat' dir='ltr'><strong>et.</strong></span> <span class='ocrx_word' id='word_1_388' title='bbox 803 2709 864 2770; x_wconf 94' lang='lat' dir='ltr'><strong>in</strong></span> <span class='ocrx_word' id='word_1_389' title='bbox 910 2710 1059 2770; x_wconf 90' lang='lat' dir='ltr'><strong>solio</strong></span> <span class='ocrx_word' id='word_1_390' title='bbox 1098 2709 1399 2771; x_wconf 88' lang='lat' dir='ltr'><strong>seniorum</strong></span> <span class='ocrx_word' id='word_1_391' title='bbox 1432 2708 1700 2771; x_wconf 89' lang='lat' dir='ltr'><strong>laudabis</strong></span> <span class='ocrx_word' id='word_1_392' title='bbox 1733 2710 2081 2772; x_wconf 92' lang='lat' dir='ltr'><strong>Dominum.</strong></span> 
     </span>
    </p>
   </div>
   <div class='ocr_carea' id='block_1_55' title="bbox 2172 2702 3819 2787">
    <p class='ocr_par' dir='ltr' id='par_1_55' title="bbox 2172 2702 3819 2787">
     <span class='ocr_line' id='line_1_56' title="bbox 2172 2702 3819 2787; baseline -0.003 -20"><span class='ocrx_word' id='word_1_393' title='bbox 2172 2710 2291 2767; x_wconf 78' lang='grc' dir='ltr'>ὅσον</span> <span class='ocrx_word' id='word_1_394' title='bbox 2345 2712 2432 2767; x_wconf 85' lang='grc' dir='ltr'>καὶ</span> <span class='ocrx_word' id='word_1_395' title='bbox 2492 2712 2521 2766; x_wconf 82' lang='grc' dir='ltr'><strong>ὁ</strong></span> <span class='ocrx_word' id='word_1_396' title='bbox 2577 2714 2677 2776; x_wconf 77' lang='grc' dir='ltr'><strong>τῆς</strong></span> <span class='ocrx_word' id='word_1_397' title='bbox 2731 2707 3063 2771; x_wconf 77' lang='grc' dir='ltr'>διδασκαλίας</span> <span class='ocrx_word' id='word_1_398' title='bbox 3126 2706 3306 2787; x_wconf 85' lang='grc' dir='ltr'>θρόνος</span> <span class='ocrx_word' id='word_1_399' title='bbox 3376 2727 3435 2761; x_wconf 89' lang='grc' dir='ltr'><strong>σε</strong></span> <span class='ocrx_word' id='word_1_400' title='bbox 3492 2702 3819 2769; x_wconf 77' lang='grc' dir='ltr'>ὑποδέξεται.</span> 
     </span>
    </p>
   </div>
   <div class='ocr_carea' id='block_1_56' title="bbox 438 2788 2086 2880">
    <p class='ocr_par' dir='ltr' id='par_1_56' title="bbox 438 2798 2086 2880">
     <span class='ocr_line' id='line_1_57' title="bbox 438 2798 2086 2880; baseline -0.001 -19"><span class='ocrx_word' id='word_1_401' title='bbox 438 2798 558 2861; x_wconf 87' lang='lat' dir='ltr'><strong>Cnr</strong></span> <span class='ocrx_word' id='word_1_402' title='bbox 581 2805 718 2859; x_wconf 89' lang='lat' dir='ltr'><strong>ante</strong></span> <span class='ocrx_word' id='word_1_403' title='bbox 747 2799 1016 2873; x_wconf 86' lang='lat' dir='ltr'><strong>thronos,</strong></span> <span class='ocrx_word' id='word_1_404' title='bbox 1044 2816 1292 2859; x_wconf 88' lang='lat' dir='ltr'><strong>munera</strong></span> <span class='ocrx_word' id='word_1_405' title='bbox 1324 2798 1639 2859; x_wconf 90' lang='lat' dir='ltr'><strong>tbonorum</strong></span> <span class='ocrx_word' id='word_1_406' title='bbox 1674 2798 1745 2859; x_wconf 88' lang='lat' dir='ltr'><strong>ad</strong></span> <span class='ocrx_word' id='word_1_407' title='bbox 1777 2811 1834 2860; x_wconf 89' lang='lat' dir='ltr'><strong>te</strong></span> <span class='ocrx_word' id='word_1_408' title='bbox 1866 2800 2027 2880; x_wconf 90' lang='lat' dir='ltr'><strong>rapis</strong></span> <span class='ocrx_word' id='word_1_409' title='bbox 2058 2800 2086 2860; x_wconf 65' lang='grc' dir='ltr'><em>τί</em></span> 
     </span>
    </p>
   </div>
   <div class='ocr_carea' id='block_1_57' title="bbox 2172 2788 3826 2880">
    <p class='ocr_par' dir='ltr' id='par_1_57' title="bbox 2172 2788 3826 2879">
     <span class='ocr_line' id='line_1_58' title="bbox 2172 2788 3826 2879; baseline -0.005 -23"><span class='ocrx_word' id='word_1_410' title='bbox 2172 2788 2325 2878; x_wconf 60' lang='grc' dir='ltr'><strong>ἸἎρον</strong></span> <span class='ocrx_word' id='word_1_411' title='bbox 2353 2798 2530 2872; x_wconf 75' lang='grc' dir='ltr'>κύκλῳ</span> <span class='ocrx_word' id='word_1_412' title='bbox 2558 2800 2679 2864; x_wconf 83' lang='grc' dir='ltr'>τοὺς</span> <span class='ocrx_word' id='word_1_413' title='bbox 2710 2798 3007 2879; x_wconf 69' lang='grc' dir='ltr'>ὀφθαλμούς</span> <span class='ocrx_word' id='word_1_414' title='bbox 3051 2818 3184 2876; x_wconf 86' lang='grc' dir='ltr'>σου,</span> <span class='ocrx_word' id='word_1_415' title='bbox 3242 2798 3331 2852; x_wconf 84' lang='grc' dir='ltr'>καὶ</span> <span class='ocrx_word' id='word_1_416' title='bbox 3388 2792 3492 2868; x_wconf 79' lang='grc' dir='ltr'>ἴδε,</span> <span class='ocrx_word' id='word_1_417' title='bbox 3541 2795 3616 2856; x_wconf 84' lang='grc' dir='ltr'>ὡς</span> <span class='ocrx_word' id='word_1_418' title='bbox 3644 2795 3680 2861; x_wconf 81' lang='grc' dir='ltr'><strong>ἡ</strong></span> <span class='ocrx_word' id='word_1_419' title='bbox 3721 2794 3826 2867; x_wconf 76' lang='grc' dir='ltr'>μὲν</span> 
     </span>
    </p>
   </div>
   <div class='ocr_carea' id='block_1_58' title="bbox 442 2881 2086 2969">
    <p class='ocr_par' dir='ltr' id='par_1_58' title="bbox 442 2887 2086 2969">
     <span class='ocr_line' id='line_1_59' title="bbox 442 2887 2086 2969; baseline 0.001 -20"><span class='ocrx_word' id='word_1_420' title='bbox 442 2905 548 2949; x_wconf 89' lang='lat' dir='ltr'><strong>cur</strong></span> <span class='ocrx_word' id='word_1_421' title='bbox 577 2905 761 2949; x_wconf 89' lang='lat' dir='ltr'><strong>onera</strong></span> <span class='ocrx_word' id='word_1_422' title='bbox 791 2894 1027 2966; x_wconf 90' lang='lat' dir='ltr'><strong>portatu</strong></span> <span class='ocrx_word' id='word_1_423' title='bbox 1056 2887 1325 2949; x_wconf 78' lang='lat' dir='ltr'><strong>difﬁcilia</strong></span> <span class='ocrx_word' id='word_1_424' title='bbox 1352 2888 1613 2965; x_wconf 86' lang='lat' dir='ltr'><strong>colligas,</strong></span> <span class='ocrx_word' id='word_1_425' title='bbox 1649 2907 1780 2969; x_wconf 64' lang='lat' dir='ltr'><strong>qua;</strong></span> <span class='ocrx_word' id='word_1_426' title='bbox 1804 2889 1919 2950; x_wconf 86' lang='lat' dir='ltr'><strong>nec</strong></span> <span class='ocrx_word' id='word_1_427' title='bbox 1939 2889 2086 2964; x_wconf 76' lang='lat' dir='ltr'><strong>digi-</strong></span> 
     </span>
    </p>
   </div>
   <div class='ocr_carea' id='block_1_59' title="bbox 2172 2881 3825 2969">
    <p class='ocr_par' dir='ltr' id='par_1_59' title="bbox 2172 2881 3825 2968">
     <span class='ocr_line' id='line_1_60' title="bbox 2172 2881 3825 2968; baseline -0.004 -24"><span class='ocrx_word' id='word_1_428' title='bbox 2172 2887 2335 2968; x_wconf 85' lang='grc' dir='ltr'>ἔνθεν,</span> <span class='ocrx_word' id='word_1_429' title='bbox 2367 2890 2401 2956; x_wconf 76' lang='grc' dir='ltr'>ἡ</span> <span class='ocrx_word' id='word_1_430' title='bbox 2433 2886 2487 2944; x_wconf 82' lang='grc' dir='ltr'>δὲ</span> <span class='ocrx_word' id='word_1_431' title='bbox 2537 2887 2768 2947; x_wconf 70' lang='grc' dir='ltr'>ἐντεῦθεν</span> <span class='ocrx_word' id='word_1_432' title='bbox 2824 2894 2932 2944; x_wconf 83' lang='grc' dir='ltr'><strong>τῶν</strong></span> <span class='ocrx_word' id='word_1_433' title='bbox 2987 2883 3366 2963; x_wconf 83' lang='grc' dir='ltr'>μητροπόλεων</span> <span class='ocrx_word' id='word_1_434' title='bbox 3423 2881 3825 2960; x_wconf 74' lang='grc' dir='ltr'>περιμένουσαι,</span> 
     </span>
    </p>
   </div>
   <div class='ocr_carea' id='block_1_60' title="bbox 446 2970 2086 3059">
    <p class='ocr_par' dir='ltr' id='par_1_60' title="bbox 446 2975 2086 3059">
     <span class='ocr_line' id='line_1_61' title="bbox 446 2975 2086 3059; baseline 0.001 -21"><span class='ocrx_word' id='word_1_435' title='bbox 446 2984 502 3038; x_wconf 93' lang='lat' dir='ltr'><strong>to</strong></span> <span class='ocrx_word' id='word_1_436' title='bbox 557 2975 779 3037; x_wconf 88' lang='lat' dir='ltr'><strong>moveri</strong></span> <span class='ocrx_word' id='word_1_437' title='bbox 816 2975 1107 3057; x_wconf 88' lang='lat' dir='ltr'><strong>possunt?</strong></span> <span class='ocrx_word' id='word_1_438' title='bbox 1134 2975 1245 3039; x_wconf 92' lang='lat' dir='ltr'><strong>Ubi</strong></span> <span class='ocrx_word' id='word_1_439' title='bbox 1287 2977 1522 3058; x_wconf 90' lang='lat' dir='ltr'><strong>paulum</strong></span> <span class='ocrx_word' id='word_1_440' title='bbox 1577 2977 1772 3038; x_wconf 89' lang='lat' dir='ltr'><strong>adhuc</strong></span> <span class='ocrx_word' id='word_1_441' title='bbox 1803 2980 2086 3059; x_wconf 89' lang='lat' dir='ltr'><strong>temporis</strong></span> 
     </span>
    </p>
   </div>
   <div class='ocr_carea' id='block_1_61' title="bbox 2172 2970 3829 3059">
    <p class='ocr_par' dir='ltr' id='par_1_61' title="bbox 2172 2970 3829 3056">
     <span class='ocr_line' id='line_1_62' title="bbox 2172 2970 3829 3056; baseline -0.003 -25"><span class='ocrx_word' id='word_1_442' title='bbox 2172 2977 2370 3043; x_wconf 73' lang='grc' dir='ltr'>ὑπτίαις</span> <span class='ocrx_word' id='word_1_443' title='bbox 2400 2998 2457 3032; x_wconf 90' lang='grc' dir='ltr'><strong>σε</strong></span> <span class='ocrx_word' id='word_1_444' title='bbox 2489 2979 2670 3056; x_wconf 79' lang='grc' dir='ltr'>χερσὶν</span> <span class='ocrx_word' id='word_1_445' title='bbox 2725 2974 3135 3056; x_wconf 82' lang='grc' dir='ltr'>ἀπεκδέχονται,</span> <span class='ocrx_word' id='word_1_446' title='bbox 3196 2975 3283 3029; x_wconf 86' lang='grc' dir='ltr'><strong>καὶ</strong></span> <span class='ocrx_word' id='word_1_447' title='bbox 3324 2970 3829 3043; x_wconf 77' lang='grc' dir='ltr'>ἆντιζηλοτυποῦσιν</span> 
     </span>
    </p>
   </div>
   <div class='ocr_carea' id='block_1_62' title="bbox 442 3055 2086 3171">
    <p class='ocr_par' dir='ltr' id='par_1_62' title="bbox 442 3055 2086 3171">
     <span class='ocr_line' id='line_1_63' title="bbox 442 3055 2086 3171; baseline 0.002 -45"><span class='ocrx_word' id='word_1_448' title='bbox 442 3064 658 3171; x_wconf 63' lang='lat' dir='ltr'><strong>abierit</strong></span> <span class='ocrx_word' id='word_1_449' title='bbox 722 3055 985 3167; x_wconf 77' lang='lat' dir='ltr'><strong>doctoris</strong></span> <span class='ocrx_word' id='word_1_450' title='bbox 1051 3074 1107 3127; x_wconf 90' lang='lat' dir='ltr'><strong>te</strong></span> <span class='ocrx_word' id='word_1_451' title='bbox 1164 3055 1425 3171; x_wconf 52' lang='lat' dir='ltr'><strong>thronus</strong></span> <span class='ocrx_word' id='word_1_452' title='bbox 1497 3066 1784 3171; x_wconf 65' lang='lat' dir='ltr'><strong>excipiet.</strong></span> <span class='ocrx_word' id='word_1_453' title='bbox 1822 3055 2086 3171; x_wconf 33' lang='lat' dir='ltr'><strong>“uculos</strong></span> 
     </span>
    </p>
   </div>
   <div class='ocr_carea' id='block_1_63' title="bbox 2172 3055 3829 3171">
    <p class='ocr_par' dir='ltr' id='par_1_63' title="bbox 2172 3055 3829 3171">
     <span class='ocr_line' id='line_1_64' title="bbox 2172 3055 3829 3145; baseline -0.005 -23"><span class='ocrx_word' id='word_1_454' title='bbox 2172 3065 2432 3136; x_wconf 75' lang='grc' dir='ltr'>ἀλλήλαις</span> <span class='ocrx_word' id='word_1_455' title='bbox 2476 3055 2748 3145; x_wconf 72' lang='grc' dir='ltr'>ἐρίζουσαι.</span> <span class='ocrx_word' id='word_1_456' title='bbox 2788 3063 2981 3143; x_wconf 87' lang='grc' dir='ltr'>ποτέρα</span> <span class='ocrx_word' id='word_1_457' title='bbox 3038 3063 3237 3120; x_wconf 85' lang='grc' dir='ltr'>τούτων</span> <span class='ocrx_word' id='word_1_458' title='bbox 3264 3061 3581 3138; x_wconf 77' lang='grc' dir='ltr'>καθηγητὴν</span> <span class='ocrx_word' id='word_1_459' title='bbox 3620 3060 3708 3115; x_wconf 81' lang='grc' dir='ltr'><strong>καὶ</strong></span> <span class='ocrx_word' id='word_1_460' title='bbox 3738 3055 3829 3113; x_wconf 84' lang='grc' dir='ltr'>δι-</span> 
     </span>
     <span class='ocr_line' id='line_1_65' title="bbox 2175 3145 3827 3171; baseline 0 0"><span class='ocrx_word' id='word_1_461' title='bbox 2175 3153 2226 3171; x_wconf 66' lang='lat' dir='ltr'><strong>\r</strong></span> <span class='ocrx_word' id='word_1_462' title='bbox 2339 3155 2358 3171; x_wconf 57' lang='grc' dir='ltr'><strong>κ</strong></span> <span class='ocrx_word' id='word_1_463' title='bbox 2470 3155 2520 3171; x_wconf 68' lang='grc' dir='ltr'><strong>ηρ</strong></span> <span class='ocrx_word' id='word_1_464' title='bbox 2754 3155 2824 3171; x_wconf 74' lang='grc'><strong>-1</strong></span> <span class='ocrx_word' id='word_1_465' title='bbox 3007 3160 3027 3169; x_wconf 78' lang='lat'><strong><em>~</em></strong></span> <span class='ocrx_word' id='word_1_466' title='bbox 3175 3152 3190 3171; x_wconf 84' lang='lat'><strong><em>\</em></strong></span> <span class='ocrx_word' id='word_1_467' title='bbox 3250 3152 3263 3170; x_wconf 68' lang='grc' dir='ltr'><strong>ν</strong></span> <span class='ocrx_word' id='word_1_468' title='bbox 3397 3151 3409 3171; x_wconf 79' lang='grc'><strong><em>1</em></strong></span> <span class='ocrx_word' id='word_1_469' title='bbox 3551 3149 3564 3165; x_wconf 80' lang='lat'><strong>‘</strong></span> <span class='ocrx_word' id='word_1_470' title='bbox 3610 3145 3827 3171; x_wconf 49' lang='lat' dir='ltr'><strong>3IZ,,_,,</strong></span> 
     </span>
    </p>
   </div>
   <div class='ocr_carea' id='block_1_64' title="bbox 440 3145 2086 3235">
    <p class='ocr_par' dir='ltr' id='par_1_64' title="bbox 440 3145 2084 3235">
     <span class='ocr_line' id='line_1_66' title="bbox 440 3145 2084 3235; baseline 0.002 -20"><span class='ocrx_word' id='word_1_471' title='bbox 440 3153 703 3235; x_wconf 90' lang='lat' dir='ltr'><strong>undique</strong></span> <span class='ocrx_word' id='word_1_472' title='bbox 757 3162 889 3215; x_wconf 93' lang='lat' dir='ltr'><strong>tuos</strong></span> <span class='ocrx_word' id='word_1_473' title='bbox 929 3155 1286 3226; x_wconf 75' lang='lat' dir='ltr'><strong>circumfer;</strong></span> <span class='ocrx_word' id='word_1_474' title='bbox 1321 3175 1390 3218; x_wconf 89' lang='lat' dir='ltr'><strong>ac</strong></span> <span class='ocrx_word' id='word_1_475' title='bbox 1418 3155 1552 3217; x_wconf 89' lang='lat' dir='ltr'><strong>vide</strong></span> <span class='ocrx_word' id='word_1_476' title='bbox 1582 3145 2084 3234; x_wconf 78' lang='lat' dir='ltr'><strong>quemadmodum</strong></span> 
     </span>
    </p>
   </div>
   <div class='ocr_carea' id='block_1_65' title="bbox 2172 3145 3832 3235">
    <p class='ocr_par' dir='ltr' id='par_1_65' title="bbox 2172 3145 3832 3232">
     <span class='ocr_line' id='line_1_67' title="bbox 2172 3145 3832 3232; baseline -0.005 -22"><span class='ocrx_word' id='word_1_477' title='bbox 2172 3153 2430 3213; x_wconf 73' lang='grc' dir='ltr'>δάσκαλον</span> <span class='ocrx_word' id='word_1_478' title='bbox 2470 3155 2571 3221; x_wconf 76' lang='grc' dir='ltr'>ἕξει</span> <span class='ocrx_word' id='word_1_479' title='bbox 2616 3177 2696 3217; x_wconf 87' lang='grc' dir='ltr'><strong>σε,</strong></span> <span class='ocrx_word' id='word_1_480' title='bbox 2754 3155 2884 3212; x_wconf 87' lang='grc' dir='ltr'>Τότε</span> <span class='ocrx_word' id='word_1_481' title='bbox 2940 3160 3063 3232; x_wconf 70' lang='grc' dir='ltr'>γοῦν</span> <span class='ocrx_word' id='word_1_482' title='bbox 3104 3152 3193 3208; x_wconf 83' lang='grc' dir='ltr'><strong>καὶ</strong></span> <span class='ocrx_word' id='word_1_483' title='bbox 3223 3151 3485 3228; x_wconf 72' lang='grc' dir='ltr'>εἶσηγήσῃ</span> <span class='ocrx_word' id='word_1_484' title='bbox 3513 3149 3579 3204; x_wconf 78' lang='grc' dir='ltr'><strong>τὰ</strong></span> <span class='ocrx_word' id='word_1_485' title='bbox 3605 3145 3832 3213; x_wconf 79' lang='grc' dir='ltr'>δόξαντα</span> 
     </span>
    </p>
   </div>
   <div class='ocr_carea' id='block_1_66' title="bbox 383 3243 2089 3326">
    <p class='ocr_par' dir='ltr' id='par_1_66' title="bbox 383 3243 2089 3326">
     <span class='ocr_line' id='line_1_68' title="bbox 383 3243 2089 3326; baseline 0.001 -21"><span class='ocrx_word' id='word_1_486' title='bbox 383 3247 387 3251; x_wconf 85' lang='grc'><strong>’</strong></span> <span class='ocrx_word' id='word_1_487' title='bbox 443 3244 570 3305; x_wconf 68' lang='lat' dir='ltr'><strong>haec</strong></span> <span class='ocrx_word' id='word_1_488' title='bbox 630 3244 706 3305; x_wconf 89' lang='lat' dir='ltr'><strong>ab</strong></span> <span class='ocrx_word' id='word_1_489' title='bbox 765 3245 917 3320; x_wconf 89' lang='lat' dir='ltr'><strong>hac,</strong></span> <span class='ocrx_word' id='word_1_490' title='bbox 976 3243 1129 3307; x_wconf 68' lang='lat' dir='ltr'><strong>illaec</strong></span> <span class='ocrx_word' id='word_1_491' title='bbox 1185 3244 1258 3308; x_wconf 88' lang='lat' dir='ltr'><strong>ab</strong></span> <span class='ocrx_word' id='word_1_492' title='bbox 1333 3245 1447 3306; x_wconf 86' lang='lat' dir='ltr'><strong>ista</strong></span> <span class='ocrx_word' id='word_1_493' title='bbox 1507 3253 1674 3325; x_wconf 90' lang='lat' dir='ltr'><strong>parte</strong></span> <span class='ocrx_word' id='word_1_494' title='bbox 1743 3246 2089 3326; x_wconf 90' lang='lat' dir='ltr'><strong>metropolis</strong></span> 
     </span>
    </p>
   </div>
   <div class='ocr_carea' id='block_1_67' title="bbox 444 3333 2089 3414">
    <p class='ocr_par' dir='ltr' id='par_1_67' title="bbox 444 3333 2089 3414">
     <span class='ocr_line' id='line_1_69' title="bbox 444 3333 2089 3414; baseline 0.001 -20"><span class='ocrx_word' id='word_1_495' title='bbox 444 3341 797 3408; x_wconf 81' lang='lat' dir='ltr'><strong>exspectans</strong></span> <span class='ocrx_word' id='word_1_496' title='bbox 845 3333 1078 3414; x_wconf 90' lang='lat' dir='ltr'><strong>supinis</strong></span> <span class='ocrx_word' id='word_1_497' title='bbox 1126 3342 1185 3396; x_wconf 89' lang='lat' dir='ltr'><strong>te</strong></span> <span class='ocrx_word' id='word_1_498' title='bbox 1227 3333 1499 3396; x_wconf 88' lang='lat' dir='ltr'><strong>manibus</strong></span> <span class='ocrx_word' id='word_1_499' title='bbox 1529 3333 1866 3414; x_wconf 83' lang='lat' dir='ltr'><strong>excipiant;</strong></span> <span class='ocrx_word' id='word_1_500' title='bbox 1902 3335 2089 3397; x_wconf 88' lang='lat' dir='ltr'><strong>altera</strong></span> 
     </span>
    </p>
   </div>
   <div class='ocr_carea' id='block_1_68' title="bbox 443 3421 2085 3505">
    <p class='ocr_par' dir='ltr' id='par_1_68' title="bbox 443 3421 2085 3505">
     <span class='ocr_line' id='line_1_70' title="bbox 443 3421 2085 3505; baseline 0.003 -23"><span class='ocrx_word' id='word_1_501' title='bbox 443 3421 718 3484; x_wconf 90' lang='lat' dir='ltr'><strong>invidens</strong></span> <span class='ocrx_word' id='word_1_502' title='bbox 745 3422 939 3495; x_wconf 87' lang='lat' dir='ltr'><strong>alteri,</strong></span> <span class='ocrx_word' id='word_1_503' title='bbox 969 3421 1106 3484; x_wconf 92' lang='lat' dir='ltr'><strong>dum</strong></span> <span class='ocrx_word' id='word_1_504' title='bbox 1149 3431 1279 3485; x_wconf 84' lang='lat' dir='ltr'><strong>utra</strong></span> <span class='ocrx_word' id='word_1_505' title='bbox 1309 3424 1519 3486; x_wconf 86' lang='lat' dir='ltr'><strong>ducem</strong></span> <span class='ocrx_word' id='word_1_506' title='bbox 1571 3423 1996 3505; x_wconf 86' lang='lat' dir='ltr'><strong>doctoremque</strong></span> <span class='ocrx_word' id='word_1_507' title='bbox 2029 3434 2085 3487; x_wconf 88' lang='lat' dir='ltr'><strong>te</strong></span> 
     </span>
    </p>
   </div>
   <div class='ocr_carea' id='block_1_69' title="bbox 444 3510 2084 3575">
    <p class='ocr_par' dir='ltr' id='par_1_69' title="bbox 444 3510 2084 3575">
     <span class='ocr_line' id='line_1_71' title="bbox 444 3510 2084 3575; baseline 0.001 -2"><span class='ocrx_word' id='word_1_508' title='bbox 444 3511 521 3574; x_wconf 85' lang='lat' dir='ltr'><strong>sit</strong></span> <span class='ocrx_word' id='word_1_509' title='bbox 551 3510 826 3574; x_wconf 87' lang='lat' dir='ltr'><strong>habitura</strong></span> <span class='ocrx_word' id='word_1_510' title='bbox 854 3512 1240 3573; x_wconf 84' lang='lat' dir='ltr'><strong>contendunt.</strong></span> <span class='ocrx_word' id='word_1_511' title='bbox 1264 3511 1413 3573; x_wconf 89' lang='lat' dir='ltr'><strong>Tum</strong></span> <span class='ocrx_word' id='word_1_512' title='bbox 1474 3512 1753 3574; x_wconf 90' lang='lat' dir='ltr'><strong>nimirum</strong></span> <span class='ocrx_word' id='word_1_513' title='bbox 1810 3521 1867 3574; x_wconf 90' lang='lat' dir='ltr'><strong>et</strong></span> <span class='ocrx_word' id='word_1_514' title='bbox 1917 3532 2084 3575; x_wconf 91' lang='lat' dir='ltr'><strong>com-</strong></span> 
     </span>
    </p>
   </div>
   <div class='ocr_carea' id='block_1_70' title="bbox 446 3600 2088 3682">
    <p class='ocr_par' dir='ltr' id='par_1_70' title="bbox 446 3600 2088 3682">
     <span class='ocr_line' id='line_1_72' title="bbox 446 3600 2088 3682; baseline 0.004 -23"><span class='ocrx_word' id='word_1_515' title='bbox 446 3600 683 3663; x_wconf 90' lang='lat' dir='ltr'><strong>modius</strong></span> <span class='ocrx_word' id='word_1_516' title='bbox 738 3600 962 3681; x_wconf 87' lang='lat' dir='ltr'><strong>trades,</strong></span> <span class='ocrx_word' id='word_1_517' title='bbox 1019 3620 1150 3681; x_wconf 67' lang='lat' dir='ltr'><strong>qua:</strong></span> <span class='ocrx_word' id='word_1_518' title='bbox 1193 3603 1313 3662; x_wconf 87' lang='lat' dir='ltr'><strong>visa</strong></span> <span class='ocrx_word' id='word_1_519' title='bbox 1369 3601 1471 3663; x_wconf 92' lang='lat' dir='ltr'><strong>tibi</strong></span> <span class='ocrx_word' id='word_1_520' title='bbox 1528 3602 1787 3672; x_wconf 83' lang='lat' dir='ltr'><strong>fuerint;</strong></span> <span class='ocrx_word' id='word_1_521' title='bbox 1840 3604 2088 3682; x_wconf 77' lang='lat' dir='ltr'><strong>etleges</strong></span> 
     </span>
    </p>
   </div>
   <div class='ocr_carea' id='block_1_71' title="bbox 447 3689 2088 3771">
    <p class='ocr_par' dir='ltr' id='par_1_71' title="bbox 447 3689 2088 3771">
     <span class='ocr_line' id='line_1_73' title="bbox 447 3689 2088 3771; baseline 0.003 -23"><span class='ocrx_word' id='word_1_522' title='bbox 447 3689 668 3767; x_wconf 87' lang='lat' dir='ltr'><strong>majore</strong></span> <span class='ocrx_word' id='word_1_523' title='bbox 712 3709 846 3750; x_wconf 81' lang='lat' dir='ltr'><strong>cum</strong></span> <span class='ocrx_word' id='word_1_524' title='bbox 899 3689 1261 3753; x_wconf 75' lang='lat' dir='ltr'><strong>confidentia</strong></span> <span class='ocrx_word' id='word_1_525' title='bbox 1287 3689 1464 3761; x_wconf 85' lang='lat' dir='ltr'><strong>feres,</strong></span> <span class='ocrx_word' id='word_1_526' title='bbox 1501 3700 1557 3751; x_wconf 85' lang='lat' dir='ltr'><strong>et</strong></span> <span class='ocrx_word' id='word_1_527' title='bbox 1593 3689 1850 3752; x_wconf 83' lang='lat' dir='ltr'><strong>vicissim</strong></span> <span class='ocrx_word' id='word_1_528' title='bbox 1905 3693 2088 3771; x_wconf 86' lang='lat' dir='ltr'><strong>magis</strong></span> 
     </span>
    </p>
   </div>
   <div class='ocr_carea' id='block_1_72' title="bbox 443 3776 2083 3859">
    <p class='ocr_par' dir='ltr' id='par_1_72' title="bbox 443 3776 2083 3859">
     <span class='ocr_line' id='line_1_74' title="bbox 443 3776 2083 3859; baseline 0.004 -23"><span class='ocrx_word' id='word_1_529' title='bbox 443 3776 641 3838; x_wconf 89' lang='lat' dir='ltr'><strong>adhuc</strong></span> <span class='ocrx_word' id='word_1_530' title='bbox 671 3796 820 3838; x_wconf 88' lang='lat' dir='ltr'><strong>nova</strong></span> <span class='ocrx_word' id='word_1_531' title='bbox 851 3777 1274 3859; x_wconf 82' lang='lat' dir='ltr'><strong>promulgabis.</strong></span> <span class='ocrx_word' id='word_1_532' title='bbox 1311 3789 1371 3841; x_wconf 90' lang='lat' dir='ltr'><strong>et</strong></span> <span class='ocrx_word' id='word_1_533' title='bbox 1402 3778 1549 3840; x_wconf 91' lang='lat' dir='ltr'><strong>alios</strong></span> <span class='ocrx_word' id='word_1_534' title='bbox 1578 3780 1835 3841; x_wconf 89' lang='lat' dir='ltr'><strong>clamore</strong></span> <span class='ocrx_word' id='word_1_535' title='bbox 1864 3781 2083 3843; x_wconf 77' lang='lat' dir='ltr'><strong>vinces.</strong></span> 
     </span>
    </p>
   </div>
   <div class='ocr_carea' id='block_1_73' title="bbox 444 3864 2090 3947">
    <p class='ocr_par' dir='ltr' id='par_1_73' title="bbox 444 3864 2090 3947">
     <span class='ocr_line' id='line_1_75' title="bbox 444 3864 2090 3947; baseline 0.003 -21"><span class='ocrx_word' id='word_1_536' title='bbox 444 3864 596 3936; x_wconf 87' lang='lat' dir='ltr'><strong>Quin</strong></span> <span class='ocrx_word' id='word_1_537' title='bbox 631 3872 805 3927; x_wconf 86' lang='lat' dir='ltr'><strong>etiam</strong></span> <span class='ocrx_word' id='word_1_538' title='bbox 831 3867 983 3926; x_wconf 85' lang='lat' dir='ltr'><strong>elato</strong></span> <span class='ocrx_word' id='word_1_539' title='bbox 1012 3867 1361 3947; x_wconf 89' lang='lat' dir='ltr'><strong>supercilio,</strong></span> <span class='ocrx_word' id='word_1_540' title='bbox 1415 3875 1643 3927; x_wconf 89' lang='lat' dir='ltr'><strong>torvum</strong></span> <span class='ocrx_word' id='word_1_541' title='bbox 1678 3887 1780 3930; x_wconf 86' lang='lat' dir='ltr'><strong>eos</strong></span> <span class='ocrx_word' id='word_1_542' title='bbox 1812 3869 2090 3931; x_wconf 91' lang='lat' dir='ltr'><strong>intuebe-</strong></span> 
     </span>
    </p>
   </div>
   <div class='ocr_carea' id='block_1_74' title="bbox 445 3953 2089 4037">
    <p class='ocr_par' dir='ltr' id='par_1_74' title="bbox 445 3953 2089 4037">
     <span class='ocr_line' id='line_1_76' title="bbox 445 3953 2089 4037; baseline 0.003 -23"><span class='ocrx_word' id='word_1_543' title='bbox 445 3953 550 4026; x_wconf 89' lang='lat' dir='ltr'><strong>ris,</strong></span> <span class='ocrx_word' id='word_1_544' title='bbox 584 3972 653 4015; x_wconf 91' lang='lat' dir='ltr'><strong>ac</strong></span> <span class='ocrx_word' id='word_1_545' title='bbox 695 3953 998 4015; x_wconf 81' lang='lat' dir='ltr'><strong>titanicum</strong></span> <span class='ocrx_word' id='word_1_546' title='bbox 1032 3954 1092 4014; x_wconf 92' lang='lat' dir='ltr'><strong>in</strong></span> <span class='ocrx_word' id='word_1_547' title='bbox 1127 3973 1395 4035; x_wconf 85' lang='lat' dir='ltr'><strong>morem;</strong></span> <span class='ocrx_word' id='word_1_548' title='bbox 1431 3974 1759 4037; x_wconf 85' lang='lat' dir='ltr'><strong>nasumque</strong></span> <span class='ocrx_word' id='word_1_549' title='bbox 1803 3964 1987 4019; x_wconf 91' lang='lat' dir='ltr'><strong>totum</strong></span> <span class='ocrx_word' id='word_1_550' title='bbox 2028 3958 2089 4019; x_wconf 92' lang='lat' dir='ltr'><strong>in</strong></span> 
     </span>
    </p>
   </div>
   <div class='ocr_carea' id='block_1_75' title="bbox 449 4042 2087 4128">
    <p class='ocr_par' dir='ltr' id='par_1_75' title="bbox 449 4042 2087 4128">
     <span class='ocr_line' id='line_1_77' title="bbox 449 4042 2087 4128; baseline 0.003 -26"><span class='ocrx_word' id='word_1_551' title='bbox 449 4058 553 4104; x_wconf 89' lang='lat' dir='ltr'><strong>eos</strong></span> <span class='ocrx_word' id='word_1_552' title='bbox 579 4042 902 4122; x_wconf 84' lang='lat' dir='ltr'><strong>expandes,</strong></span> <span class='ocrx_word' id='word_1_553' title='bbox 936 4051 995 4103; x_wconf 89' lang='lat' dir='ltr'><strong>et</strong></span> <span class='ocrx_word' id='word_1_554' title='bbox 1023 4043 1270 4104; x_wconf 86' lang='lat' dir='ltr'><strong>fortasse</strong></span> <span class='ocrx_word' id='word_1_555' title='bbox 1295 4044 1720 4107; x_wconf 90' lang='lat' dir='ltr'><strong>moderatiores</strong></span> <span class='ocrx_word' id='word_1_556' title='bbox 1746 4064 1821 4106; x_wconf 93' lang='lat' dir='ltr'><strong>ne</strong></span> <span class='ocrx_word' id='word_1_557' title='bbox 1851 4046 2087 4128; x_wconf 89' lang='lat' dir='ltr'><strong>quidem</strong></span> 
     </span>
    </p>
   </div>
   <div class='ocr_carea' id='block_1_76' title="bbox 448 4130 2088 4215">
    <p class='ocr_par' dir='ltr' id='par_1_76' title="bbox 448 4130 2088 4215">
     <span class='ocr_line' id='line_1_78' title="bbox 448 4130 2088 4215; baseline 0.005 -26"><span class='ocrx_word' id='word_1_558' title='bbox 448 4130 768 4192; x_wconf 85' lang='lat' dir='ltr'><strong>mussitare</strong></span> <span class='ocrx_word' id='word_1_559' title='bbox 800 4132 983 4206; x_wconf 90' lang='lat' dir='ltr'><strong>sines,</strong></span> <span class='ocrx_word' id='word_1_560' title='bbox 1017 4132 1247 4192; x_wconf 87' lang='lat' dir='ltr'><strong>tametsi</strong></span> <span class='ocrx_word' id='word_1_561' title='bbox 1302 4132 1542 4195; x_wconf 89' lang='lat' dir='ltr'><strong>canitiei</strong></span> <span class='ocrx_word' id='word_1_562' title='bbox 1572 4142 1631 4194; x_wconf 90' lang='lat' dir='ltr'><strong>et</strong></span> <span class='ocrx_word' id='word_1_563' title='bbox 1661 4135 1847 4196; x_wconf 68' lang='lat' dir='ltr'><strong>aetatis</strong></span> <span class='ocrx_word' id='word_1_564' title='bbox 1893 4136 2088 4215; x_wconf 81' lang='lat' dir='ltr'><strong>digni-</strong></span> 
     </span>
    </p>
   </div>
   <div class='ocr_carea' id='block_1_77' title="bbox 2172 3238 3831 3325">
    <p class='ocr_par' dir='ltr' id='par_1_77' title="bbox 2172 3238 3831 3325">
     <span class='ocr_line' id='line_1_79' title="bbox 2172 3238 3831 3325; baseline -0.005 -24"><span class='ocrx_word' id='word_1_565' title='bbox 2172 3247 2554 3325; x_wconf 73' lang='grc' dir='ltr'>εὐκαιρότερον,</span> <span class='ocrx_word' id='word_1_566' title='bbox 2631 3247 2717 3302; x_wconf 85' lang='grc' dir='ltr'><strong>καὶ</strong></span> <span class='ocrx_word' id='word_1_567' title='bbox 2788 3243 3144 3320; x_wconf 85' lang='grc' dir='ltr'>θεμιστεύσεις</span> <span class='ocrx_word' id='word_1_568' title='bbox 3211 3238 3653 3319; x_wconf 75' lang='grc' dir='ltr'>θαῤῥαλεῶτερον,</span> <span class='ocrx_word' id='word_1_569' title='bbox 3732 3238 3831 3293; x_wconf 74' lang='grc' dir='ltr'>καὶ</span> 
     </span>
    </p>
   </div>
   <div class='ocr_carea' id='block_1_78' title="bbox 2170 3330 3824 3412">
    <p class='ocr_par' dir='ltr' id='par_1_78' title="bbox 2170 3330 3824 3412">
     <span class='ocr_line' id='line_1_80' title="bbox 2170 3330 3824 3412; baseline -0.005 -20"><span class='ocrx_word' id='word_1_570' title='bbox 2170 3337 2661 3412; x_wconf 77' lang='grc' dir='ltr'>ἀντινομοθετήσεις</span> <span class='ocrx_word' id='word_1_571' title='bbox 2718 3338 2783 3392; x_wconf 80' lang='grc' dir='ltr'>τὰ</span> <span class='ocrx_word' id='word_1_572' title='bbox 2836 3334 2914 3391; x_wconf 76' lang='grc' dir='ltr'>ἔτι</span> <span class='ocrx_word' id='word_1_573' title='bbox 2981 3334 3281 3412; x_wconf 77' lang='grc' dir='ltr'>καινότερα,</span> <span class='ocrx_word' id='word_1_574' title='bbox 3356 3333 3445 3388; x_wconf 82' lang='grc' dir='ltr'><strong>καὶ</strong></span> <span class='ocrx_word' id='word_1_575' title='bbox 3497 3330 3824 3410; x_wconf 68' lang='grc' dir='ltr'>ὑπερφωνῆ-</span> 
     </span>
    </p>
   </div>
   <div class='ocr_carea' id='block_1_79' title="bbox 2170 3418 3822 3501">
    <p class='ocr_par' dir='ltr' id='par_1_79' title="bbox 2170 3418 3822 3501">
     <span class='ocr_line' id='line_1_81' title="bbox 2170 3418 3822 3501; baseline -0.007 -17"><span class='ocrx_word' id='word_1_576' title='bbox 2170 3449 2279 3490; x_wconf 90' lang='grc' dir='ltr'>σεις</span> <span class='ocrx_word' id='word_1_577' title='bbox 2310 3427 2429 3489; x_wconf 81' lang='grc' dir='ltr'>τοὺς</span> <span class='ocrx_word' id='word_1_578' title='bbox 2460 3424 2676 3489; x_wconf 71' lang='grc' dir='ltr'>ἄλλους.</span> <span class='ocrx_word' id='word_1_579' title='bbox 2712 3425 2808 3483; x_wconf 84' lang='grc' dir='ltr'>Καί</span> <span class='ocrx_word' id='word_1_580' title='bbox 2837 3446 2938 3480; x_wconf 85' lang='grc' dir='ltr'><strong>που</strong></span> <span class='ocrx_word' id='word_1_581' title='bbox 2989 3424 3077 3479; x_wconf 80' lang='grc' dir='ltr'><strong>καὶ</strong></span> <span class='ocrx_word' id='word_1_582' title='bbox 3132 3423 3223 3487; x_wconf 75' lang='grc' dir='ltr'><strong>τὰς</strong></span> <span class='ocrx_word' id='word_1_583' title='bbox 3275 3421 3431 3501; x_wconf 76' lang='grc' dir='ltr'>ὀφρῦς</span> <span class='ocrx_word' id='word_1_584' title='bbox 3486 3418 3822 3488; x_wconf 80' lang='grc' dir='ltr'>ἀνασπάσας,</span> 
     </span>
    </p>
   </div>
   <div class='ocr_carea' id='block_1_80' title="bbox 2168 3504 3820 3594">
    <p class='ocr_par' dir='ltr' id='par_1_80' title="bbox 2168 3504 3820 3594">
     <span class='ocr_line' id='line_1_82' title="bbox 2168 3504 3820 3594; baseline -0.007 -23"><span class='ocrx_word' id='word_1_585' title='bbox 2168 3513 2321 3594; x_wconf 85' lang='grc' dir='ltr'>δριμύ</span> <span class='ocrx_word' id='word_1_586' title='bbox 2349 3537 2398 3570; x_wconf 92' lang='grc' dir='ltr'><strong>τι</strong></span> <span class='ocrx_word' id='word_1_587' title='bbox 2456 3516 2658 3579; x_wconf 82' lang='grc' dir='ltr'>τούτοις</span> <span class='ocrx_word' id='word_1_588' title='bbox 2702 3511 3010 3590; x_wconf 78' lang='grc' dir='ltr'>ὲμϐλέψεις,</span> <span class='ocrx_word' id='word_1_589' title='bbox 3054 3512 3143 3567; x_wconf 86' lang='grc' dir='ltr'><strong>καὶ</strong></span> <span class='ocrx_word' id='word_1_590' title='bbox 3197 3505 3502 3582; x_wconf 76' lang='grc' dir='ltr'>τιτανῶδες,</span> <span class='ocrx_word' id='word_1_591' title='bbox 3537 3507 3634 3594; x_wconf 13' lang='grc' dir='ltr'>,καὶ</span> <span class='ocrx_word' id='word_1_592' title='bbox 3688 3504 3820 3594; x_wconf 74' lang='grc' dir='ltr'>ὅλον</span> 
     </span>
    </p>
   </div>
   <div class='ocr_carea' id='block_1_81' title="bbox 2171 3592 3821 3683">
    <p class='ocr_par' dir='ltr' id='par_1_81' title="bbox 2171 3592 3821 3683">
     <span class='ocr_line' id='line_1_83' title="bbox 2171 3592 3821 3683; baseline -0.005 -23"><span class='ocrx_word' id='word_1_593' title='bbox 2171 3592 2351 3667; x_wconf 55' lang='grc' dir='ltr'>αὐτοῖς</span> <span class='ocrx_word' id='word_1_594' title='bbox 2393 3605 2482 3660; x_wconf 77' lang='grc' dir='ltr'><strong>τὸν</strong></span> <span class='ocrx_word' id='word_1_595' title='bbox 2528 3605 2769 3683; x_wconf 77' lang='grc' dir='ltr'>μυκτῆρα</span> <span class='ocrx_word' id='word_1_596' title='bbox 2836 3599 3202 3677; x_wconf 84' lang='grc' dir='ltr'>δημοσιεύσεις</span> <span class='ocrx_word' id='word_1_597' title='bbox 3236 3613 3252 3631; x_wconf 89' lang='grc'>⁶</span> <span class='ocrx_word' id='word_1_598' title='bbox 3325 3599 3413 3653; x_wconf 86' lang='grc' dir='ltr'><strong>καὶ</strong></span> <span class='ocrx_word' id='word_1_599' title='bbox 3467 3593 3583 3654; x_wconf 75' lang='grc' dir='ltr'><strong>οὐδὲ</strong></span> <span class='ocrx_word' id='word_1_600' title='bbox 3634 3592 3821 3674; x_wconf 75' lang='grc' dir='ltr'>γρύξαι</span> 
     </span>
    </p>
   </div>
   <div class='ocr_carea' id='block_1_82' title="bbox 2168 3682 3829 3774">
    <p class='ocr_par' dir='ltr' id='par_1_82' title="bbox 2168 3682 3829 3774">
     <span class='ocr_line' id='line_1_84' title="bbox 2168 3682 3829 3774; baseline -0.008 -23"><span class='ocrx_word' id='word_1_601' title='bbox 2168 3694 2336 3774; x_wconf 81' lang='grc' dir='ltr'>τυχὸν</span> <span class='ocrx_word' id='word_1_602' title='bbox 2377 3694 2497 3757; x_wconf 82' lang='grc' dir='ltr'>τοὺς</span> <span class='ocrx_word' id='word_1_603' title='bbox 2570 3682 2984 3771; x_wconf 80' lang='grc' dir='ltr'>ἐπιεικεστέρους</span> <span class='ocrx_word' id='word_1_604' title='bbox 3048 3689 3294 3769; x_wconf 76' lang='grc' dir='ltr'>ἀφήσεις,</span> <span class='ocrx_word' id='word_1_605' title='bbox 3360 3684 3459 3743; x_wconf 83' lang='grc' dir='ltr'><strong>κᾶν</strong></span> <span class='ocrx_word' id='word_1_606' title='bbox 3511 3682 3677 3755; x_wconf 80' lang='grc' dir='ltr'>πολιᾷ</span> <span class='ocrx_word' id='word_1_607' title='bbox 3730 3684 3829 3739; x_wconf 80' lang='grc' dir='ltr'><strong>καὶ</strong></span> 
     </span>
    </p>
   </div>
   <div class='ocr_carea' id='block_1_83' title="bbox 2171 3771 3825 3863">
    <p class='ocr_par' dir='ltr' id='par_1_83' title="bbox 2171 3771 3825 3863">
     <span class='ocr_line' id='line_1_85' title="bbox 2171 3771 3825 3863; baseline -0.007 -24"><span class='ocrx_word' id='word_1_608' title='bbox 2171 3771 2352 3862; x_wconf 62' lang='grc' dir='ltr'>χρόνῳ</span> <span class='ocrx_word' id='word_1_609' title='bbox 2379 3781 2682 3863; x_wconf 77' lang='grc' dir='ltr'>προέχωσιν</span> <span class='ocrx_word' id='word_1_610' title='bbox 2716 3796 2730 3811; x_wconf 85' lang='grc'><em>’</em></span> <span class='ocrx_word' id='word_1_611' title='bbox 2792 3782 2864 3842; x_wconf 83' lang='grc' dir='ltr'>ὡς</span> <span class='ocrx_word' id='word_1_612' title='bbox 2921 3781 3008 3836; x_wconf 79' lang='grc' dir='ltr'><strong>νῦν</strong></span> <span class='ocrx_word' id='word_1_613' title='bbox 3038 3799 3098 3857; x_wconf 89' lang='grc' dir='ltr'>γε</span> <span class='ocrx_word' id='word_1_614' title='bbox 3144 3783 3246 3833; x_wconf 84' lang='grc' dir='ltr'>τῶν</span> <span class='ocrx_word' id='word_1_615' title='bbox 3290 3771 3652 3854; x_wconf 75' lang='grc' dir='ltr'>πρεσϐυτέρων</span> <span class='ocrx_word' id='word_1_616' title='bbox 3680 3793 3825 3829; x_wconf 87' lang='grc' dir='ltr'>κατ-</span> 
     </span>
    </p>
   </div>
   <div class='ocr_carea' id='block_1_84' title="bbox 2173 3861 3825 3949">
    <p class='ocr_par' dir='ltr' id='par_1_84' title="bbox 2173 3861 3825 3949">
     <span class='ocr_line' id='line_1_86' title="bbox 2173 3861 3825 3949; baseline -0.007 -21"><span class='ocrx_word' id='word_1_617' title='bbox 2173 3861 2550 3949; x_wconf 69' lang='grc' dir='ltr'>επαιρόμενος,</span> <span class='ocrx_word' id='word_1_618' title='bbox 2576 3872 2664 3926; x_wconf 83' lang='grc' dir='ltr'>καὶ</span> <span class='ocrx_word' id='word_1_619' title='bbox 2694 3872 2754 3926; x_wconf 79' lang='grc' dir='ltr'>τὸ</span> <span class='ocrx_word' id='word_1_620' title='bbox 2807 3876 2902 3926; x_wconf 81' lang='grc' dir='ltr'>τοῦ</span> <span class='ocrx_word' id='word_1_621' title='bbox 2953 3867 3115 3946; x_wconf 84' lang='grc' dir='ltr'>λόγου</span> <span class='ocrx_word' id='word_1_622' title='bbox 3171 3865 3227 3920; x_wconf 84' lang='grc' dir='ltr'>ἐν</span> <span class='ocrx_word' id='word_1_623' title='bbox 3281 3865 3442 3943; x_wconf 82' lang='grc' dir='ltr'>καρὸς</span> <span class='ocrx_word' id='word_1_624' title='bbox 3471 3862 3604 3938; x_wconf 71' lang='grc' dir='ltr'>αἴσῃ</span> <span class='ocrx_word' id='word_1_625' title='bbox 3632 3861 3825 3925; x_wconf 68' lang='grc' dir='ltr'>αὐτοὺς</span> 
     </span>
    </p>
   </div>
   <div class='ocr_carea' id='block_1_85' title="bbox 2172 3949 3827 4039">
    <p class='ocr_par' dir='ltr' id='par_1_85' title="bbox 2172 3949 3827 4039">
     <span class='ocr_line' id='line_1_87' title="bbox 2172 3949 3827 4039; baseline -0.008 -23"><span class='ocrx_word' id='word_1_626' title='bbox 2172 3960 2538 4039; x_wconf 80' lang='grc' dir='ltr'>λογιζόμενος.</span> <span class='ocrx_word' id='word_1_627' title='bbox 2574 3960 2757 4039; x_wconf 81' lang='grc' dir='ltr'>Κρῖμα</span> <span class='ocrx_word' id='word_1_628' title='bbox 2784 3964 2987 4031; x_wconf 86' lang='grc' dir='ltr'>σεαυτῷ</span> <span class='ocrx_word' id='word_1_629' title='bbox 3030 3954 3376 4035; x_wconf 75' lang='grc' dir='ltr'>θησαυρίζεις,</span> <span class='ocrx_word' id='word_1_630' title='bbox 3424 3952 3479 4007; x_wconf 81' lang='grc' dir='ltr'>ἐν</span> <span class='ocrx_word' id='word_1_631' title='bbox 3518 3950 3693 4028; x_wconf 75' lang='grc' dir='ltr'>ἡμέρᾳ</span> <span class='ocrx_word' id='word_1_632' title='bbox 3721 3949 3827 4004; x_wconf 76' lang='grc' dir='ltr'>ἀν-</span> 
     </span>
    </p>
   </div>
   <div class='ocr_carea' id='block_1_86' title="bbox 2171 4041 3826 4128">
    <p class='ocr_par' dir='ltr' id='par_1_86' title="bbox 2171 4041 3826 4128">
     <span class='ocr_line' id='line_1_88' title="bbox 2171 4041 3826 4128; baseline -0.008 -21"><span class='ocrx_word' id='word_1_633' title='bbox 2171 4048 2507 4114; x_wconf 82' lang='grc' dir='ltr'>ταποδόσεως</span> <span class='ocrx_word' id='word_1_634' title='bbox 2539 4049 2817 4128; x_wconf 84' lang='grc' dir='ltr'>περιμένον</span> <span class='ocrx_word' id='word_1_635' title='bbox 2867 4068 2949 4109; x_wconf 85' lang='grc' dir='ltr'><strong>σε,</strong></span> <span class='ocrx_word' id='word_1_636' title='bbox 2984 4043 3130 4102; x_wconf 79' lang='grc' dir='ltr'>Ἀλλ’</span> <span class='ocrx_word' id='word_1_637' title='bbox 3163 4045 3223 4100; x_wconf 78' lang='grc' dir='ltr'>οὒ</span> <span class='ocrx_word' id='word_1_638' title='bbox 3277 4043 3545 4117; x_wconf 88' lang='grc' dir='ltr'>πείθομεν.</span> <span class='ocrx_word' id='word_1_639' title='bbox 3605 4042 3704 4099; x_wconf 78' lang='grc' dir='ltr'>Καὶ</span> <span class='ocrx_word' id='word_1_640' title='bbox 3757 4041 3826 4095; x_wconf 78' lang='grc' dir='ltr'>τὸ</span> 
     </span>
    </p>
   </div>
   <div class='ocr_carea' id='block_1_87' title="bbox 2173 4135 3001 4214">
    <p class='ocr_par' dir='ltr' id='par_1_87' title="bbox 2173 4135 3001 4214">
     <span class='ocr_line' id='line_1_89' title="bbox 2173 4135 3001 4214; baseline 0 -19"><span class='ocrx_word' id='word_1_641' title='bbox 2173 4138 2294 4206; x_wconf 73' lang='grc' dir='ltr'><strong>ἑξῆς</strong></span> <span class='ocrx_word' id='word_1_642' title='bbox 2325 4141 2480 4204; x_wconf 71' lang='grc' dir='ltr'>αὐτὸς</span> <span class='ocrx_word' id='word_1_643' title='bbox 2522 4143 2725 4212; x_wconf 83' lang='grc' dir='ltr'>σεαυτῷ</span> <span class='ocrx_word' id='word_1_644' title='bbox 2768 4135 3001 4214; x_wconf 79' lang='grc' dir='ltr'>ἐπίλεγε.</span> 
     </span>
    </p>
   </div>
   <div class='ocr_carea' id='block_1_88' title="bbox 450 4217 3826 4307">
    <p class='ocr_par' dir='ltr' id='par_1_88' title="bbox 450 4217 3826 4307">
     <span class='ocr_line' id='line_1_90' title="bbox 450 4217 3826 4307; baseline -0.001 -25"><span class='ocrx_word' id='word_1_645' title='bbox 450 4227 566 4282; x_wconf 86' lang='lat' dir='ltr'><strong>tate</strong></span> <span class='ocrx_word' id='word_1_646' title='bbox 597 4227 878 4299; x_wconf 68' lang='lat' dir='ltr'><strong>praestent</strong></span> <span class='ocrx_word' id='word_1_647' title='bbox 910 4238 923 4282; x_wconf 94' lang='lat'>:</span> <span class='ocrx_word' id='word_1_648' title='bbox 960 4221 1196 4300; x_wconf 89' lang='lat' dir='ltr'><strong>quando</strong></span> <span class='ocrx_word' id='word_1_649' title='bbox 1235 4221 1358 4301; x_wconf 87' lang='lat' dir='ltr'><strong>jam</strong></span> <span class='ocrx_word' id='word_1_650' title='bbox 1415 4228 1597 4284; x_wconf 88' lang='lat' dir='ltr'><strong>temet</strong></span> <span class='ocrx_word' id='word_1_651' title='bbox 1639 4222 1920 4285; x_wconf 89' lang='lat' dir='ltr'><strong>adversus</strong></span> <span class='ocrx_word' id='word_1_652' title='bbox 1967 4226 2238 4289; x_wconf 92' lang='lat' dir='ltr'><strong>seniores</strong></span> <span class='ocrx_word' id='word_1_653' title='bbox 2267 4227 2543 4305; x_wconf 73' lang='lat' dir='ltr'><strong>efferens,</strong></span> <span class='ocrx_word' id='word_1_654' title='bbox 2579 4243 2798 4307; x_wconf 90' lang='lat' dir='ltr'><strong>eosque</strong></span> <span class='ocrx_word' id='word_1_655' title='bbox 2827 4224 2959 4287; x_wconf 91' lang='lat' dir='ltr'><strong>loco</strong></span> <span class='ocrx_word' id='word_1_656' title='bbox 2988 4220 3391 4303; x_wconf 82' lang='lat' dir='ltr'><strong>gregariorum</strong></span> <span class='ocrx_word' id='word_1_657' title='bbox 3425 4217 3599 4300; x_wconf 88' lang='lat' dir='ltr'><strong>(quod</strong></span> <span class='ocrx_word' id='word_1_658' title='bbox 3628 4217 3826 4294; x_wconf 69' lang='lat' dir='ltr'><strong>aiunt)</strong></span> 
     </span>
    </p>
   </div>
   <div class='ocr_carea' id='block_1_89' title="bbox 446 4306 3829 4397">
    <p class='ocr_par' dir='ltr' id='par_1_89' title="bbox 446 4306 3829 4397">
     <span class='ocr_line' id='line_1_91' title="bbox 446 4306 3829 4397; baseline -0.001 -26"><span class='ocrx_word' id='word_1_659' title='bbox 446 4308 700 4371; x_wconf 90' lang='lat' dir='ltr'><strong>militum</strong></span> <span class='ocrx_word' id='word_1_660' title='bbox 752 4308 1001 4391; x_wconf 87' lang='lat' dir='ltr'><strong>habens,</strong></span> <span class='ocrx_word' id='word_1_661' title='bbox 1053 4309 1618 4372; x_wconf 89' lang='lat' dir='ltr'><strong>condemnationem</strong></span> <span class='ocrx_word' id='word_1_662' title='bbox 1669 4311 1800 4392; x_wconf 88' lang='lat' dir='ltr'><strong>ipse</strong></span> <span class='ocrx_word' id='word_1_663' title='bbox 1841 4312 1946 4375; x_wconf 90' lang='lat' dir='ltr'><strong>tibi</strong></span> <span class='ocrx_word' id='word_1_664' title='bbox 1988 4316 2273 4389; x_wconf 89' lang='lat' dir='ltr'><strong>cumulas,</strong></span> <span class='ocrx_word' id='word_1_665' title='bbox 2309 4334 2439 4397; x_wconf 68' lang='lat' dir='ltr'><strong>qua:</strong></span> <span class='ocrx_word' id='word_1_666' title='bbox 2487 4314 2594 4376; x_wconf 89' lang='lat' dir='ltr'><strong>tibi</strong></span> <span class='ocrx_word' id='word_1_667' title='bbox 2639 4306 2715 4376; x_wconf 86' lang='lat' dir='ltr'><strong>ad</strong></span> <span class='ocrx_word' id='word_1_668' title='bbox 2763 4314 2922 4376; x_wconf 89' lang='lat' dir='ltr'><strong>diem</strong></span> <span class='ocrx_word' id='word_1_669' title='bbox 2970 4313 3137 4375; x_wconf 91' lang='lat' dir='ltr'><strong>illum</strong></span> <span class='ocrx_word' id='word_1_670' title='bbox 3181 4306 3685 4392; x_wconf 85' lang='lat' dir='ltr'><strong>compensationis</strong></span> <span class='ocrx_word' id='word_1_671' title='bbox 3731 4315 3829 4368; x_wconf 87' lang='lat' dir='ltr'><strong>est</strong></span> 
     </span>
    </p>
   </div>
   <div class='ocr_carea' id='block_1_90' title="bbox 444 4399 2736 4486">
    <p class='ocr_par' dir='ltr' id='par_1_90' title="bbox 444 4399 2736 4486">
     <span class='ocr_line' id='line_1_92' title="bbox 444 4399 2736 4486; baseline 0.002 -23"><span class='ocrx_word' id='word_1_672' title='bbox 444 4400 862 4480; x_wconf 82' lang='lat' dir='ltr'><strong>exspectanda.</strong></span> <span class='ocrx_word' id='word_1_673' title='bbox 892 4399 1011 4462; x_wconf 90' lang='lat' dir='ltr'><strong>Sed</strong></span> <span class='ocrx_word' id='word_1_674' title='bbox 1040 4399 1257 4461; x_wconf 83' lang='lat' dir='ltr'><strong>frustra</strong></span> <span class='ocrx_word' id='word_1_675' title='bbox 1287 4400 1412 4461; x_wconf 65' lang='lat' dir='ltr'><strong>haec</strong></span> <span class='ocrx_word' id='word_1_676' title='bbox 1470 4399 1556 4462; x_wconf 91' lang='lat' dir='ltr'><strong>Tu</strong></span> <span class='ocrx_word' id='word_1_677' title='bbox 1590 4400 1716 4481; x_wconf 88' lang='lat' dir='ltr'><strong>ipse</strong></span> <span class='ocrx_word' id='word_1_678' title='bbox 1744 4400 1849 4462; x_wconf 90' lang='lat' dir='ltr'><strong>tibi</strong></span> <span class='ocrx_word' id='word_1_679' title='bbox 1881 4403 2036 4483; x_wconf 89' lang='lat' dir='ltr'><strong>quod</strong></span> <span class='ocrx_word' id='word_1_680' title='bbox 2072 4415 2373 4486; x_wconf 84' lang='lat' dir='ltr'><strong>superest,</strong></span> <span class='ocrx_word' id='word_1_681' title='bbox 2406 4403 2736 4485; x_wconf 87' lang='lat' dir='ltr'><strong>adjungito.</strong></span> 
     </span>
    </p>
   </div>
   <div class='ocr_carea' id='block_1_91' title="bbox 1060 4505 3184 4572">
    <p class='ocr_par' dir='ltr' id='par_1_91' title="bbox 1060 4505 3184 4572">
     <span class='ocr_line' id='line_1_93' title="bbox 1060 4505 3184 4572; baseline -0.002 -3"><span class='ocrx_word' id='word_1_682' title='bbox 1060 4505 1467 4571; x_wconf 84' lang='lat' dir='ltr'><strong>RESPONSIO</strong></span> <span class='ocrx_word' id='word_1_683' title='bbox 2114 4524 2153 4572; x_wconf 85' lang='grc' dir='ltr'><strong>ο</strong></span> <span class='ocrx_word' id='word_1_684' title='bbox 2796 4516 3184 4569; x_wconf 70' lang='grc' dir='ltr'><strong>ΑΠΑΝΤΗΣιΣ</strong></span> 
     </span>
    </p>
   </div>
   <div class='ocr_carea' id='block_1_92' title="bbox 444 4597 2086 4685">
    <p class='ocr_par' dir='ltr' id='par_1_92' title="bbox 444 4599 2086 4685">
     <span class='ocr_line' id='line_1_94' title="bbox 444 4599 2086 4685; baseline 0 -22"><span class='ocrx_word' id='word_1_685' title='bbox 444 4599 543 4663; x_wconf 84' lang='lat' dir='ltr'><strong>Ad</strong></span> <span class='ocrx_word' id='word_1_686' title='bbox 572 4618 734 4682; x_wconf 79' lang='lat' dir='ltr'><strong>cum,</strong></span> <span class='ocrx_word' id='word_1_687' title='bbox 767 4602 874 4683; x_wconf 76' lang='lat' dir='ltr'><strong>qui</strong></span> <span class='ocrx_word' id='word_1_688' title='bbox 901 4600 1238 4685; x_wconf 69' lang='lat' dir='ltr'><strong>prohibitos</strong></span> <span class='ocrx_word' id='word_1_689' title='bbox 1262 4602 1464 4685; x_wconf 75' lang='lat' dir='ltr'><strong>aiebat</strong></span> <span class='ocrx_word' id='word_1_690' title='bbox 1494 4619 1621 4664; x_wconf 76' lang='lat' dir='ltr'><strong>esse</strong></span> <span class='ocrx_word' id='word_1_691' title='bbox 1657 4608 1906 4685; x_wconf 73' lang='lat' dir='ltr'><strong>nuptias</strong></span> <span class='ocrx_word' id='word_1_692' title='bbox 1931 4604 2086 4668; x_wconf 76' lang='lat' dir='ltr'><strong>inter</strong></span> 
     </span>
    </p>
   </div>
   <div class='ocr_carea' id='block_1_93' title="bbox 2172 4597 3829 4685">
    <p class='ocr_par' dir='ltr' id='par_1_93' title="bbox 2180 4597 3829 4685">
     <span class='ocr_line' id='line_1_95' title="bbox 2180 4597 3829 4685; baseline -0.006 -20"><span class='ocrx_word' id='word_1_693' title='bbox 2180 4629 2202 4665; x_wconf 75' lang='grc' dir='ltr'><strong><em>ο</em></strong></span> <span class='ocrx_word' id='word_1_694' title='bbox 2241 4608 2375 4685; x_wconf 79' lang='grc' dir='ltr'>Πρὸς</span> <span class='ocrx_word' id='word_1_695' title='bbox 2409 4607 2501 4661; x_wconf 76' lang='grc' dir='ltr'><strong>τὸν</strong></span> <span class='ocrx_word' id='word_1_696' title='bbox 2523 4602 2745 4682; x_wconf 82' lang='grc' dir='ltr'>λέγοντα</span> <span class='ocrx_word' id='word_1_697' title='bbox 2770 4601 3297 4685; x_wconf 76' lang='grc' dir='ltr'>κεκωλυμένονεῖναι</span> <span class='ocrx_word' id='word_1_698' title='bbox 3328 4602 3420 4655; x_wconf 80' lang='grc' dir='ltr'>τὸν</span> <span class='ocrx_word' id='word_1_699' title='bbox 3449 4599 3509 4655; x_wconf 79' lang='grc' dir='ltr'>ἐκ</span> <span class='ocrx_word' id='word_1_700' title='bbox 3535 4597 3829 4677; x_wconf 71' lang='grc' dir='ltr'>τριγενείας</span> 
     </span>
    </p>
   </div>
   <div class='ocr_carea' id='block_1_94' title="bbox 682 4681 1873 4758">
    <p class='ocr_par' dir='ltr' id='par_1_94' title="bbox 682 4681 1873 4758">
     <span class='ocr_line' id='line_1_96' title="bbox 682 4681 1873 4758; baseline 0.003 -16"><span class='ocrx_word' id='word_1_701' title='bbox 682 4681 971 4758; x_wconf 64' lang='lat' dir='ltr'><strong>personas</strong></span> <span class='ocrx_word' id='word_1_702' title='bbox 996 4699 1074 4743; x_wconf 75' lang='lat' dir='ltr'><strong>ea:</strong></span> <span class='ocrx_word' id='word_1_703' title='bbox 1105 4681 1297 4744; x_wconf 77' lang='lat' dir='ltr'><strong>tribus</strong></span> <span class='ocrx_word' id='word_1_704' title='bbox 1319 4682 1570 4743; x_wconf 67' lang='lat' dir='ltr'><strong>diversis</strong></span> <span class='ocrx_word' id='word_1_705' title='bbox 1601 4681 1873 4745; x_wconf 71' lang='lat' dir='ltr'><strong>familiis.</strong></span> 
     </span>
    </p>
   </div>
   <div class='ocr_carea' id='block_1_95' title="bbox 526 4773 2086 4858">
    <p class='ocr_par' dir='ltr' id='par_1_95' title="bbox 526 4773 2086 4858">
     <span class='ocr_line' id='line_1_97' title="bbox 526 4773 2086 4858; baseline -0.001 -21"><span class='ocrx_word' id='word_1_706' title='bbox 526 4773 788 4837; x_wconf 91' lang='lat' dir='ltr'><strong>Caniclei</strong></span> <span class='ocrx_word' id='word_1_707' title='bbox 819 4773 1059 4855; x_wconf 82' lang='lat' dir='ltr'><strong>quidem</strong></span> <span class='ocrx_word' id='word_1_708' title='bbox 1103 4793 1321 4855; x_wconf 73' lang='lat' dir='ltr'><strong>praeses</strong></span> <span class='ocrx_word' id='word_1_709' title='bbox 1350 4775 1670 4857; x_wconf 79' lang='lat' dir='ltr'><strong>obstinate,</strong></span> <span class='ocrx_word' id='word_1_710' title='bbox 1703 4787 1880 4858; x_wconf 87' lang='lat' dir='ltr'><strong>atque</strong></span> <span class='ocrx_word' id='word_1_711' title='bbox 1911 4776 2086 4838; x_wconf 88' lang='lat' dir='ltr'><strong>etiam</strong></span> 
     </span>
    </p>
   </div>
   <div class='ocr_carea' id='block_1_96' title="bbox 442 4863 2091 4945">
    <p class='ocr_par' dir='ltr' id='par_1_96' title="bbox 442 4863 2091 4945">
     <span class='ocr_line' id='line_1_98' title="bbox 442 4863 2091 4945; baseline 0 -19"><span class='ocrx_word' id='word_1_712' title='bbox 442 4863 981 4934; x_wconf 67' lang='lat' dir='ltr'><strong>inconsideratehnt</strong></span> <span class='ocrx_word' id='word_1_713' title='bbox 1011 4863 1143 4924; x_wconf 92' lang='lat' dir='ltr'><strong>lene</strong></span> <span class='ocrx_word' id='word_1_714' title='bbox 1173 4864 1315 4945; x_wconf 90' lang='lat' dir='ltr'><strong>quid</strong></span> <span class='ocrx_word' id='word_1_715' title='bbox 1350 4863 1801 4944; x_wconf 80' lang='lat' dir='ltr'><strong>dicam),instat,</strong></span> <span class='ocrx_word' id='word_1_716' title='bbox 1835 4865 2091 4926; x_wconf 88' lang='lat' dir='ltr'><strong>nefarias</strong></span> 
     </span>
    </p>
   </div>
   <div class='ocr_carea' id='block_1_97' title="bbox 445 4952 2087 5034">
    <p class='ocr_par' dir='ltr' id='par_1_97' title="bbox 445 4952 2087 5034">
     <span class='ocr_line' id='line_1_99' title="bbox 445 4952 2087 5034; baseline 0.001 -21"><span class='ocrx_word' id='word_1_717' title='bbox 445 4952 724 5033; x_wconf 90' lang='lat' dir='ltr'><strong>inquiens</strong></span> <span class='ocrx_word' id='word_1_718' title='bbox 783 4970 916 5014; x_wconf 87' lang='lat' dir='ltr'><strong>esse</strong></span> <span class='ocrx_word' id='word_1_719' title='bbox 976 4952 1211 5033; x_wconf 89' lang='lat' dir='ltr'><strong>nuptias</strong></span> <span class='ocrx_word' id='word_1_720' title='bbox 1261 4952 1418 5014; x_wconf 90' lang='lat' dir='ltr'><strong>inter</strong></span> <span class='ocrx_word' id='word_1_721' title='bbox 1471 4971 1755 5034; x_wconf 91' lang='lat' dir='ltr'><strong>personas</strong></span> <span class='ocrx_word' id='word_1_722' title='bbox 1785 4953 1958 5015; x_wconf 91' lang='lat' dir='ltr'><strong>trium</strong></span> <span class='ocrx_word' id='word_1_723' title='bbox 1991 4954 2087 5015; x_wconf 94' lang='lat' dir='ltr'><strong>di-</strong></span> 
     </span>
    </p>
   </div>
   <div class='ocr_carea' id='block_1_98' title="bbox 447 5041 2088 5106">
    <p class='ocr_par' dir='ltr' id='par_1_98' title="bbox 447 5041 2088 5106">
     <span class='ocr_line' id='line_1_100' title="bbox 447 5041 2088 5106; baseline 0.001 -2"><span class='ocrx_word' id='word_1_724' title='bbox 447 5060 748 5104; x_wconf 90' lang='lat' dir='ltr'><strong>versarum</strong></span> <span class='ocrx_word' id='word_1_725' title='bbox 819 5041 1198 5106; x_wconf 85' lang='lat' dir='ltr'><strong>familiarum.</strong></span> <span class='ocrx_word' id='word_1_726' title='bbox 1258 5041 1513 5104; x_wconf 89' lang='lat' dir='ltr'><strong>&#39;l‘emere</strong></span> <span class='ocrx_word' id='word_1_727' title='bbox 1575 5061 1717 5106; x_wconf 88' lang='lat' dir='ltr'><strong>vero</strong></span> <span class='ocrx_word' id='word_1_728' title='bbox 1768 5044 1828 5104; x_wconf 89' lang='lat' dir='ltr'><strong>id</strong></span> <span class='ocrx_word' id='word_1_729' title='bbox 1885 5043 2088 5106; x_wconf 89' lang='lat' dir='ltr'><strong>dicere</strong></span> 
     </span>
    </p>
   </div>
   <div class='ocr_carea' id='block_1_99' title="bbox 443 5129 2086 5213">
    <p class='ocr_par' dir='ltr' id='par_1_99' title="bbox 443 5129 2086 5213">
     <span class='ocr_line' id='line_1_101' title="bbox 443 5129 2086 5213; baseline -0.001 -19"><span class='ocrx_word' id='word_1_730' title='bbox 443 5130 839 5195; x_wconf 89' lang='lat' dir='ltr'><strong>convincitur.</strong></span> <span class='ocrx_word' id='word_1_731' title='bbox 871 5129 1102 5212; x_wconf 87' lang='lat' dir='ltr'><strong>Quippe</strong></span> <span class='ocrx_word' id='word_1_732' title='bbox 1132 5130 1280 5192; x_wconf 90' lang='lat' dir='ltr'><strong>nihil</strong></span> <span class='ocrx_word' id='word_1_733' title='bbox 1311 5132 1479 5193; x_wconf 83' lang='lat' dir='ltr'><strong>afl‘ert</strong></span> <span class='ocrx_word' id='word_1_734' title='bbox 1511 5150 1580 5194; x_wconf 81' lang='lat' dir='ltr'><strong>ex</strong></span> <span class='ocrx_word' id='word_1_735' title='bbox 1604 5132 1765 5213; x_wconf 86' lang='lat' dir='ltr'><strong>jure,</strong></span> <span class='ocrx_word' id='word_1_736' title='bbox 1803 5132 1962 5213; x_wconf 89' lang='lat' dir='ltr'><strong>quod</strong></span> <span class='ocrx_word' id='word_1_737' title='bbox 1994 5132 2086 5193; x_wconf 53' lang='lat' dir='ltr'><strong>loo-</strong></span> 
     </span>
    </p>
   </div>
   <div class='ocr_carea' id='block_1_100' title="bbox 445 5218 2090 5303">
    <p class='ocr_par' dir='ltr' id='par_1_100' title="bbox 445 5218 2090 5303">
     <span class='ocr_line' id='line_1_102' title="bbox 445 5218 2090 5303; baseline 0.001 -21"><span class='ocrx_word' id='word_1_738' title='bbox 445 5238 579 5282; x_wconf 90' lang='lat' dir='ltr'><strong>cum</strong></span> <span class='ocrx_word' id='word_1_739' title='bbox 636 5218 875 5282; x_wconf 86' lang='lat' dir='ltr'><strong>habeat.</strong></span> <span class='ocrx_word' id='word_1_740' title='bbox 910 5220 1033 5298; x_wconf 87' lang='lat' dir='ltr'><strong>Ego</strong></span> <span class='ocrx_word' id='word_1_741' title='bbox 1080 5238 1217 5282; x_wconf 91' lang='lat' dir='ltr'><strong>vero</strong></span> <span class='ocrx_word' id='word_1_742' title='bbox 1251 5237 1457 5282; x_wconf 89' lang='lat' dir='ltr'><strong>servus</strong></span> <span class='ocrx_word' id='word_1_743' title='bbox 1490 5230 1644 5296; x_wconf 89' lang='lat' dir='ltr'><strong>tuus,</strong></span> <span class='ocrx_word' id='word_1_744' title='bbox 1680 5221 1835 5303; x_wconf 92' lang='lat' dir='ltr'><strong>quod</strong></span> <span class='ocrx_word' id='word_1_745' title='bbox 1867 5220 2090 5283; x_wconf 89' lang='lat' dir='ltr'><strong>diserte</strong></span> 
     </span>
    </p>
   </div>
   <div class='ocr_carea' id='block_1_101' title="bbox 447 5306 2088 5390">
    <p class='ocr_par' dir='ltr' id='par_1_101' title="bbox 447 5306 2088 5390">
     <span class='ocr_line' id='line_1_103' title="bbox 447 5306 2088 5390; baseline 0.001 -22"><span class='ocrx_word' id='word_1_746' title='bbox 447 5326 564 5369; x_wconf 93' lang='lat' dir='ltr'><strong>non</strong></span> <span class='ocrx_word' id='word_1_747' title='bbox 589 5306 836 5369; x_wconf 91' lang='lat' dir='ltr'><strong>vetitum</strong></span> <span class='ocrx_word' id='word_1_748' title='bbox 871 5316 958 5369; x_wconf 90' lang='lat' dir='ltr'><strong>est</strong></span> <span class='ocrx_word' id='word_1_749' title='bbox 979 5324 1011 5369; x_wconf 87' lang='lat' dir='ltr'><strong>a</strong></span> <span class='ocrx_word' id='word_1_750' title='bbox 1042 5307 1197 5388; x_wconf 86' lang='lat' dir='ltr'><strong>lege,</strong></span> <span class='ocrx_word' id='word_1_751' title='bbox 1232 5326 1603 5389; x_wconf 85' lang='lat' dir='ltr'><strong>nequaquam</strong></span> <span class='ocrx_word' id='word_1_752' title='bbox 1626 5327 1696 5372; x_wconf 87' lang='lat' dir='ltr'><strong>ex</strong></span> <span class='ocrx_word' id='word_1_753' title='bbox 1728 5309 2088 5390; x_wconf 81' lang='lat' dir='ltr'><strong>conjectuiis</strong></span> 
     </span>
    </p>
   </div>
   <div class='ocr_carea' id='block_1_102' title="bbox 443 5395 2086 5479">
    <p class='ocr_par' dir='ltr' id='par_1_102' title="bbox 443 5395 2086 5479">
     <span class='ocr_line' id='line_1_104' title="bbox 443 5395 2086 5479; baseline 0 -21"><span class='ocrx_word' id='word_1_754' title='bbox 443 5395 758 5459; x_wconf 89' lang='lat' dir='ltr'><strong>admittere</strong></span> <span class='ocrx_word' id='word_1_755' title='bbox 790 5414 1051 5477; x_wconf 89' lang='lat' dir='ltr'><strong>possum,</strong></span> <span class='ocrx_word' id='word_1_756' title='bbox 1087 5405 1362 5479; x_wconf 89' lang='lat' dir='ltr'><strong>tanquam</strong></span> <span class='ocrx_word' id='word_1_757' title='bbox 1394 5415 1762 5479; x_wconf 82' lang='lat' dir='ltr'><strong>expressum.</strong></span> <span class='ocrx_word' id='word_1_758' title='bbox 1792 5399 1906 5460; x_wconf 81' lang='lat' dir='ltr'><strong>Lex</strong></span> <span class='ocrx_word' id='word_1_759' title='bbox 1927 5396 2086 5460; x_wconf 90' lang='lat' dir='ltr'><strong>enim</strong></span> 
     </span>
    </p>
   </div>
   <div class='ocr_carea' id='block_1_103' title="bbox 444 5484 2090 5568">
    <p class='ocr_par' dir='ltr' id='par_1_103' title="bbox 444 5484 2090 5568">
     <span class='ocr_line' id='line_1_105' title="bbox 444 5484 2090 5568; baseline 0.002 -22"><span class='ocrx_word' id='word_1_760' title='bbox 444 5484 521 5547; x_wconf 86' lang='lat' dir='ltr'><strong>de</strong></span> <span class='ocrx_word' id='word_1_761' title='bbox 571 5484 847 5566; x_wconf 87' lang='lat' dir='ltr'><strong>personis</strong></span> <span class='ocrx_word' id='word_1_762' title='bbox 896 5484 1074 5547; x_wconf 90' lang='lat' dir='ltr'><strong>trium</strong></span> <span class='ocrx_word' id='word_1_763' title='bbox 1132 5486 1498 5549; x_wconf 89' lang='lat' dir='ltr'><strong>diversarum</strong></span> <span class='ocrx_word' id='word_1_764' title='bbox 1550 5486 1905 5549; x_wconf 84' lang='lat' dir='ltr'><strong>familiarum</strong></span> <span class='ocrx_word' id='word_1_765' title='bbox 1958 5504 2090 5568; x_wconf 64' lang='lat' dir='ltr'><strong>qua;</strong></span> 
     </span>
    </p>
   </div>
   <div class='ocr_carea' id='block_1_104' title="bbox 448 5574 2074 5656">
    <p class='ocr_par' dir='ltr' id='par_1_104' title="bbox 448 5574 2074 5656">
     <span class='ocr_line' id='line_1_106' title="bbox 448 5574 2074 5656; baseline 0.001 -20"><span class='ocrx_word' id='word_1_766' title='bbox 448 5574 800 5638; x_wconf 63' lang='lat' dir='ltr'><strong>contrahere</strong></span> <span class='ocrx_word' id='word_1_767' title='bbox 827 5580 1123 5656; x_wconf 86' lang='lat' dir='ltr'><strong>vetantur,</strong></span> <span class='ocrx_word' id='word_1_768' title='bbox 1150 5574 1373 5639; x_wconf 86' lang='lat' dir='ltr'><strong>diserte</strong></span> <span class='ocrx_word' id='word_1_769' title='bbox 1395 5575 1592 5640; x_wconf 87' lang='lat' dir='ltr'><strong>verbis</strong></span> <span class='ocrx_word' id='word_1_770' title='bbox 1620 5576 1786 5640; x_wconf 89' lang='lat' dir='ltr'><strong>hisce</strong></span> <span class='ocrx_word' id='word_1_771' title='bbox 1815 5576 2074 5639; x_wconf 88' lang='lat' dir='ltr'><strong>disserit:</strong></span> 
     </span>
    </p>
   </div>
   <div class='ocr_carea' id='block_1_105' title="bbox 2566 4682 3412 4763">
    <p class='ocr_par' dir='ltr' id='par_1_105' title="bbox 2566 4682 3412 4763">
     <span class='ocr_line' id='line_1_107' title="bbox 2566 4682 3412 4763; baseline -0.006 -24"><span class='ocrx_word' id='word_1_772' title='bbox 2566 4684 2759 4762; x_wconf 75' lang='grc' dir='ltr'>γάμον,</span> <span class='ocrx_word' id='word_1_773' title='bbox 2800 4684 2888 4740; x_wconf 88' lang='grc' dir='ltr'><strong>καὶ</strong></span> <span class='ocrx_word' id='word_1_774' title='bbox 2938 4682 3344 4763; x_wconf 78' lang='grc' dir='ltr'>ἀσυγχώρητον.</span> <span class='ocrx_word' id='word_1_775' title='bbox 3384 4704 3412 4734; x_wconf 69' lang='grc' dir='ltr'><strong>ι</strong></span> 
     </span>
    </p>
   </div>
   <div class='ocr_carea' id='block_1_106' title="bbox 2256 4768 3833 4854">
    <p class='ocr_par' dir='ltr' id='par_1_106' title="bbox 2256 4768 3833 4854">
     <span class='ocr_line' id='line_1_108' title="bbox 2256 4768 3833 4854; baseline -0.006 -19"><span class='ocrx_word' id='word_1_776' title='bbox 2256 4770 2312 4835; x_wconf 65' lang='grc' dir='ltr'><strong>εΟ</strong></span> <span class='ocrx_word' id='word_1_777' title='bbox 2374 4778 2471 4854; x_wconf 74' lang='grc' dir='ltr'>μὲν</span> <span class='ocrx_word' id='word_1_778' title='bbox 2525 4777 2609 4834; x_wconf 78' lang='grc' dir='ltr'>ἐπὶ</span> <span class='ocrx_word' id='word_1_779' title='bbox 2659 4775 2984 4845; x_wconf 73' lang='grc' dir='ltr'>Κανικλείου,</span> <span class='ocrx_word' id='word_1_780' title='bbox 3046 4775 3401 4852; x_wconf 79' lang='grc' dir='ltr'>ἀμεταθέτως,</span> <span class='ocrx_word' id='word_1_781' title='bbox 3462 4774 3523 4828; x_wconf 80' lang='grc' dir='ltr'>οὺ</span> <span class='ocrx_word' id='word_1_782' title='bbox 3576 4769 3713 4827; x_wconf 81' lang='grc' dir='ltr'>πολὺ</span> <span class='ocrx_word' id='word_1_783' title='bbox 3767 4768 3833 4827; x_wconf 75' lang='grc' dir='ltr'><strong>δὲ</strong></span> 
     </span>
    </p>
   </div>
   <div class='ocr_carea' id='block_1_107' title="bbox 2173 4861 3832 4946">
    <p class='ocr_par' dir='ltr' id='par_1_107' title="bbox 2173 4861 3832 4946">
     <span class='ocr_line' id='line_1_109' title="bbox 2173 4861 3832 4946; baseline -0.006 -24"><span class='ocrx_word' id='word_1_784' title='bbox 2173 4869 2343 4924; x_wconf 82' lang='grc' dir='ltr'>εἰπεῖν</span> <span class='ocrx_word' id='word_1_785' title='bbox 2391 4868 2479 4923; x_wconf 88' lang='grc' dir='ltr'><strong>καὶ</strong></span> <span class='ocrx_word' id='word_1_786' title='bbox 2533 4865 2928 4946; x_wconf 79' lang='grc' dir='ltr'>ἀπερισκέπτως</span> <span class='ocrx_word' id='word_1_787' title='bbox 2985 4865 3271 4938; x_wconf 78' lang='grc' dir='ltr'>ἐνίσταται,</span> <span class='ocrx_word' id='word_1_788' title='bbox 3316 4862 3488 4941; x_wconf 82' lang='grc' dir='ltr'>λέγων</span> <span class='ocrx_word' id='word_1_789' title='bbox 3533 4861 3674 4917; x_wconf 74' lang='grc' dir='ltr'>εἶναι</span> <span class='ocrx_word' id='word_1_790' title='bbox 3733 4862 3832 4917; x_wconf 80' lang='grc' dir='ltr'><strong>τὸν</strong></span> 
     </span>
    </p>
   </div>
   <div class='ocr_carea' id='block_1_108' title="bbox 2173 4946 3827 5035">
    <p class='ocr_par' dir='ltr' id='par_1_108' title="bbox 2173 4946 3827 5035">
     <span class='ocr_line' id='line_1_110' title="bbox 2173 4946 3827 5035; baseline -0.006 -22"><span class='ocrx_word' id='word_1_791' title='bbox 2173 4954 2447 5035; x_wconf 76' lang='grc' dir='ltr'>εἰρημένον</span> <span class='ocrx_word' id='word_1_792' title='bbox 2519 4954 2581 5012; x_wconf 81' lang='grc' dir='ltr'>ἐκ</span> <span class='ocrx_word' id='word_1_793' title='bbox 2648 4955 2933 5033; x_wconf 79' lang='grc' dir='ltr'>τριγενείας</span> <span class='ocrx_word' id='word_1_794' title='bbox 2990 4954 3163 5032; x_wconf 74' lang='grc' dir='ltr'>γάμον</span> <span class='ocrx_word' id='word_1_795' title='bbox 3230 4952 3562 5026; x_wconf 86' lang='grc' dir='ltr'>παράνομον.</span> <span class='ocrx_word' id='word_1_796' title='bbox 3623 4946 3827 5026; x_wconf 78' lang='grc' dir='ltr'>Ἐλέγ-</span> 
     </span>
    </p>
   </div>
   <div class='ocr_carea' id='block_1_109' title="bbox 2171 5037 3827 5125">
    <p class='ocr_par' dir='ltr' id='par_1_109' title="bbox 2171 5037 3827 5125">
     <span class='ocr_line' id='line_1_111' title="bbox 2171 5037 3827 5125; baseline -0.004 -25"><span class='ocrx_word' id='word_1_797' title='bbox 2171 5066 2326 5125; x_wconf 79' lang='grc' dir='ltr'>χεται</span> <span class='ocrx_word' id='word_1_798' title='bbox 2381 5042 2434 5099; x_wconf 74' lang='grc' dir='ltr'><strong>δὶ</strong></span> <span class='ocrx_word' id='word_1_799' title='bbox 2507 5045 2683 5120; x_wconf 81' lang='grc' dir='ltr'>μάτην</span> <span class='ocrx_word' id='word_1_800' title='bbox 2748 5044 3129 5124; x_wconf 74' lang='grc' dir='ltr'>φθεγγόμενος.</span> <span class='ocrx_word' id='word_1_801' title='bbox 3199 5039 3358 5099; x_wconf 70' lang='grc' dir='ltr'>Οὐδὲν</span> <span class='ocrx_word' id='word_1_802' title='bbox 3413 5041 3500 5095; x_wconf 76' lang='grc' dir='ltr'><strong>καὶ</strong></span> <span class='ocrx_word' id='word_1_803' title='bbox 3556 5037 3827 5117; x_wconf 80' lang='grc' dir='ltr'>παρίστη·-</span> 
     </span>
    </p>
   </div>
   <div class='ocr_carea' id='block_1_110' title="bbox 2172 5126 3825 5212">
    <p class='ocr_par' dir='ltr' id='par_1_110' title="bbox 2172 5126 3825 5212">
     <span class='ocr_line' id='line_1_112' title="bbox 2172 5126 3825 5212; baseline -0.004 -22"><span class='ocrx_word' id='word_1_804' title='bbox 2172 5157 2252 5190; x_wconf 93' lang='grc' dir='ltr'><strong>σιν</strong></span> <span class='ocrx_word' id='word_1_805' title='bbox 2277 5131 2337 5189; x_wconf 82' lang='grc' dir='ltr'>ὲκ</span> <span class='ocrx_word' id='word_1_806' title='bbox 2372 5139 2464 5190; x_wconf 78' lang='grc' dir='ltr'>τοῦ</span> <span class='ocrx_word' id='word_1_807' title='bbox 2507 5133 2669 5208; x_wconf 83' lang='grc' dir='ltr'>νόμου</span> <span class='ocrx_word' id='word_1_808' title='bbox 2724 5132 2948 5212; x_wconf 87' lang='grc' dir='ltr'>καίριον.</span> <span class='ocrx_word' id='word_1_809' title='bbox 3009 5128 3152 5208; x_wconf 81' lang='grc' dir='ltr'><strong>Ἐγὼ</strong></span> <span class='ocrx_word' id='word_1_810' title='bbox 3194 5128 3249 5186; x_wconf 74' lang='grc' dir='ltr'><strong>δὲ</strong></span> <span class='ocrx_word' id='word_1_811' title='bbox 3308 5132 3337 5185; x_wconf 72' lang='grc' dir='ltr'>ὁ</span> <span class='ocrx_word' id='word_1_812' title='bbox 3378 5126 3561 5191; x_wconf 78' lang='grc' dir='ltr'>δοῦλός</span> <span class='ocrx_word' id='word_1_813' title='bbox 3621 5148 3714 5183; x_wconf 87' lang='grc' dir='ltr'><strong>σου</strong></span> <span class='ocrx_word' id='word_1_814' title='bbox 3757 5129 3825 5184; x_wconf 72' lang='grc' dir='ltr'><strong>τὸ</strong></span> 
     </span>
    </p>
   </div>
   <div class='ocr_carea' id='block_1_111' title="bbox 2173 5215 3829 5302">
    <p class='ocr_par' dir='ltr' id='par_1_111' title="bbox 2173 5215 3829 5302">
     <span class='ocr_line' id='line_1_113' title="bbox 2173 5215 3829 5302; baseline -0.003 -24"><span class='ocrx_word' id='word_1_815' title='bbox 2173 5222 2249 5299; x_wconf 76' lang='grc' dir='ltr'>μὴ</span> <span class='ocrx_word' id='word_1_816' title='bbox 2294 5222 2435 5302; x_wconf 78' lang='grc' dir='ltr'>παρὰ</span> <span class='ocrx_word' id='word_1_817' title='bbox 2483 5222 2575 5278; x_wconf 76' lang='grc' dir='ltr'><strong>τοῦ</strong></span> <span class='ocrx_word' id='word_1_818' title='bbox 2623 5221 2788 5298; x_wconf 88' lang='grc' dir='ltr'>νόμου</span> <span class='ocrx_word' id='word_1_819' title='bbox 2848 5227 3014 5289; x_wconf 85' lang='grc' dir='ltr'>,ητῶς</span> <span class='ocrx_word' id='word_1_820' title='bbox 3056 5219 3291 5277; x_wconf 77' lang='grc' dir='ltr'>κωλυθὲν</span> <span class='ocrx_word' id='word_1_821' title='bbox 3334 5219 3394 5275; x_wconf 74' lang='grc' dir='ltr'>οὗ</span> <span class='ocrx_word' id='word_1_822' title='bbox 3435 5216 3655 5292; x_wconf 81' lang='grc' dir='ltr'>δύναμαι</span> <span class='ocrx_word' id='word_1_823' title='bbox 3715 5215 3829 5273; x_wconf 77' lang='grc' dir='ltr'><strong>ἀπὸ</strong></span> 
     </span>
    </p>
   </div>
   <div class='ocr_carea' id='block_1_112' title="bbox 2173 5306 3831 5391">
    <p class='ocr_par' dir='ltr' id='par_1_112' title="bbox 2173 5306 3831 5391">
     <span class='ocr_line' id='line_1_114' title="bbox 2173 5306 3831 5391; baseline -0.004 -24"><span class='ocrx_word' id='word_1_824' title='bbox 2173 5317 2499 5391; x_wconf 78' lang='grc' dir='ltr'>στοχασμῶν</span> <span class='ocrx_word' id='word_1_825' title='bbox 2555 5312 2628 5375; x_wconf 84' lang='grc' dir='ltr'>ὡς</span> <span class='ocrx_word' id='word_1_826' title='bbox 2686 5309 2989 5391; x_wconf 77' lang='grc' dir='ltr'>ὲκφωνηθὲν</span> <span class='ocrx_word' id='word_1_827' title='bbox 3071 5306 3485 5390; x_wconf 72' lang='grc' dir='ltr'>παραδέχεσθαι.</span> <span class='ocrx_word' id='word_1_828' title='bbox 3548 5306 3648 5365; x_wconf 77' lang='grc' dir='ltr'>Καὶ</span> <span class='ocrx_word' id='word_1_829' title='bbox 3721 5306 3831 5385; x_wconf 72' lang='grc' dir='ltr'>γὰρ</span> 
     </span>
    </p>
   </div>
   <div class='ocr_carea' id='block_1_113' title="bbox 2172 5394 3830 5479">
    <p class='ocr_par' dir='ltr' id='par_1_113' title="bbox 2172 5394 3830 5479">
     <span class='ocr_line' id='line_1_115' title="bbox 2172 5394 3830 5479; baseline -0.005 -21"><span class='ocrx_word' id='word_1_830' title='bbox 2172 5403 2200 5458; x_wconf 82' lang='grc' dir='ltr'>ὁ</span> <span class='ocrx_word' id='word_1_831' title='bbox 2230 5402 2389 5478; x_wconf 80' lang='grc' dir='ltr'>νόμος</span> <span class='ocrx_word' id='word_1_832' title='bbox 2434 5402 2551 5479; x_wconf 85' lang='grc' dir='ltr'>περὶ</span> <span class='ocrx_word' id='word_1_833' title='bbox 2607 5405 2713 5456; x_wconf 84' lang='grc' dir='ltr'>τὼν</span> <span class='ocrx_word' id='word_1_834' title='bbox 2768 5398 2829 5454; x_wconf 83' lang='grc' dir='ltr'>ἐκ</span> <span class='ocrx_word' id='word_1_835' title='bbox 2882 5398 3167 5479; x_wconf 83' lang='grc' dir='ltr'>τριγενείας</span> <span class='ocrx_word' id='word_1_836' title='bbox 3224 5394 3605 5471; x_wconf 84' lang='grc' dir='ltr'>κεκωλυμένων</span> <span class='ocrx_word' id='word_1_837' title='bbox 3645 5394 3830 5472; x_wconf 79' lang='grc' dir='ltr'>ῥητῶς</span> 
     </span>
    </p>
   </div>
   <div class='ocr_carea' id='block_1_114' title="bbox 2172 5484 3833 5574">
    <p class='ocr_par' dir='ltr' id='par_1_114' title="bbox 2172 5484 3833 5574">
     <span class='ocr_line' id='line_1_116' title="bbox 2172 5484 3833 5574; baseline -0.004 -28"><span class='ocrx_word' id='word_1_838' title='bbox 2172 5488 2399 5564; x_wconf 82' lang='grc' dir='ltr'>διέλαϐε,</span> <span class='ocrx_word' id='word_1_839' title='bbox 2436 5490 2661 5574; x_wconf 27' lang='grc' dir='ltr'>,φάσκων</span> <span class='ocrx_word' id='word_1_840' title='bbox 2688 5486 2855 5550; x_wconf 78' lang='grc' dir='ltr'>οὕτως</span> <span class='ocrx_word' id='word_1_841' title='bbox 2890 5505 2906 5521; x_wconf 91' lang='grc'><strong>·</strong></span> <span class='ocrx_word' id='word_1_842' title='bbox 2962 5484 3092 5547; x_wconf 75' lang='grc' dir='ltr'><strong>Οὐδὲ</strong></span> <span class='ocrx_word' id='word_1_843' title='bbox 3144 5485 3244 5554; x_wconf 73' lang='grc' dir='ltr'><strong>τὴν</strong></span> <span class='ocrx_word' id='word_1_844' title='bbox 3293 5484 3424 5542; x_wconf 70' lang='grc' dir='ltr'>ποτὶ</span> <span class='ocrx_word' id='word_1_845' title='bbox 3464 5495 3710 5574; x_wconf 46' lang='grc' dir='ltr'>γυναῖκα.</span> <span class='ocrx_word' id='word_1_846' title='bbox 3732 5490 3833 5541; x_wconf 71' lang='grc' dir='ltr'>τοῦ</span> 
     </span>
    </p>
   </div>
   <div class='ocr_carea' id='block_1_115' title="bbox 2173 5570 3830 5671">
    <p class='ocr_par' dir='ltr' id='par_1_115' title="bbox 2173 5570 3830 5671">
     <span class='ocr_line' id='line_1_117' title="bbox 2173 5570 3830 5671; baseline -0.004 -36"><span class='ocrx_word' id='word_1_847' title='bbox 2173 5570 2443 5657; x_wconf 46' lang='grc' dir='ltr'>προγόνου</span> <span class='ocrx_word' id='word_1_848' title='bbox 2465 5602 2473 5671; x_wconf 30' lang='grc' dir='ltr'><strong>ξ</strong></span> <span class='ocrx_word' id='word_1_849' title='bbox 2489 5572 2593 5654; x_wconf 59' lang='grc' dir='ltr'><strong>μου</strong></span> <span class='ocrx_word' id='word_1_850' title='bbox 2664 5575 2941 5653; x_wconf 82' lang='grc' dir='ltr'>λαμϐάνω.</span> <span class='ocrx_word' id='word_1_851' title='bbox 3003 5573 3132 5635; x_wconf 71' lang='grc' dir='ltr'><strong>Οὐδὲ</strong></span> <span class='ocrx_word' id='word_1_852' title='bbox 3189 5577 3224 5643; x_wconf 86' lang='grc' dir='ltr'><strong>ἡ</strong></span> <span class='ocrx_word' id='word_1_853' title='bbox 3281 5574 3510 5653; x_wconf 66' lang='grc' dir='ltr'>μητρυιὰ</span> <span class='ocrx_word' id='word_1_854' title='bbox 3564 5570 3830 5650; x_wconf 70' lang='grc' dir='ltr'>λαμϐάνει</span> 
     </span>
    </p>
   </div>
  </div>
