4160 6212
259 355 410 421 111⁵1

1598 355 2224 421 GR/ECO-ROMANU
2233 360 2288 422 Μ

3479 352 3633 418 1118

248 494 340 550 τὸν
369 492 653 571 γενόμενον
695 489 854 571 ἄνδρα
895 495 992 561 τῆς
1052 490 1317 571 προγόνης
1369 495 1532 558 αὐτῆς
1567 510 1582 527 ·
1636 490 1670 545 ἃ
1711 486 1899 570 σχεδὸν

1986 485 2109 549 Nec
2158 505 2404 550 uxorem
2462 486 2712 569 privigni
2766 487 3062 570 quondam
3126 485 3244 548 mei
3294 486 3468 549 duco.
3515 484 3638 548 Nec

246 582 336 638 καὶ
364 581 576 661 πρώτου
604 582 806 658 βαθμω
838 581 990 654 εἰσιν,
1028 578 1081 635 εἴ
1137 601 1218 642 τις
1246 578 1344 636 κᾶν
1402 580 1615 642 τούτους
1674 579 1903 656 εἰσάγειν

244 671 479 748 βαθμοὺς
538 667 864 728 ἐκϐιάσοιτο.
919 670 1044 750 Περὶ
1099 667 1154 725 δὲ
1208 675 1315 725 τῶν
1385 666 1560 724 ἄλλων
1617 665 1676 722 ἐκ
1731 686 1907 746 τριγε-

246 761 408 833 νείας,
456 761 531 822 ὡς
586 758 899 839 ἆκωλύτων,
974 756 1119 815 οὐδὲν
1182 757 1322 821 ὅλως
1379 759 1407 814 6
1464 758 1625 832 νόμος
1674 752 1901 812 διέλαϐε.

252 849 346 905 Διὸ
399 849 487 905 καὶ
558 846 720 912 οὐδεὶς
779 846 1026 904 οὒδέποτε
1106 846 1357 913 δικαστὴς
1420 854 1658 903 τοιοῦτον
1735 845 1907 922 γάμον

247 936 491 997 διέσεισε.
528 939 772 1017 Καθάπερ
801 935 988 1013 ἀμέλει
1031 938 1119 994 καὶ
1152 935 1207 992 ἐν
1264 940 1343 1010 τῷ
1404 935 1555 1011 τόμῳ
1607 939 1696 990 τοῦ
1755 939 1908 988 Σισι-

249 1028 379 1100 νίου,
446 1026 476 1082 ὃ
546 1026 644 1103 μὲν
697 1026 873 1105 ῥητῶς
928 1024 1246 1099 κεκώλυται,
1304 1023 1458 1081 ἕκτου
1505 1024 1709 1099 βαθμοῦ
1763 1022 1905 1099 εὑρι-

249 1115 533 1195 σκόμενον,
592 1114 891 1191 μεμένηκεν
960 1111 1297 1195 ἀπαράϐατον
1323 1133 1338 1149 ο
1407 1114 1435 1169 ὃ
1504 1110 1559 1167 δὲ
1627 1123 1900 1190 παρεῖται,

249 1201 455 1272 δηλαδὴ
511 1205 586 1268 ὡς
639 1202 934 1285 ἀκώλυτον,
991 1203 1116 1283 παρ’
1160 1201 1367 1266 οὐδενὸς
1426 1201 1561 1277 μετὰ
1611 1206 1776 1256 ταῦτα
1804 1220 1901 1255 κε-

248 1292 484 1351 κώλυται
517 1309 533 1326 ⁸
596 1291 726 1373 ὅπερ
782 1293 892 1350 ἐστὶ
945 1294 1006 1349 τὸ
1050 1292 1102 1359 ἐξ
1145 1291 1392 1371 ἐκατέρου
1449 1290 1637 1370 μέρους
1698 1289 1895 1368 ἰσάζον,

250 1382 377 1439 ὅταν
407 1384 548 1448 θεῖος
576 1384 663 1438 καὶ
718 1382 957 1458 ἀνεψιὸς,
1004 1382 1141 1440 θείαν
1200 1380 1457 1457 λαμϐάνει
1513 1382 1601 1437 καὶ
1655 1379 1898 1455 ἀνεψιάν.

254 1470 393 1528 Δέκα
447 1472 547 1549 γὰρ
587 1472 673 1527 καὶ
715 1472 850 1528 ἑπτα
910 1470 1002 1539 ἔτη
1060 1471 1362 1550 κοιαίστωρι
1406 1468 1515 1526 ὄντι
1572 1468 1902 1546 ἐξυπηρετη-

251 1561 432 1635 σάμην
485 1564 564 1633 τῷ
620 1560 885 1639 μακαρίτῃ
944 1561 1105 1640 κυρίῳ
1181 1583 1281 1635 μου
1338 1567 1418 1635 τῷ
1474 1564 1746 1633 Μυστικῷ,
1815 1558 1903 1613 καὶ

248 1655 485 1706 τοιαῦται
512 1646 705 1705 πολλαὶ
737 1649 1007 1713 ὑποθέσεις
1066 1649 1387 1720 ἐκινήθησαν
1441 1646 1494 1704 ἕν
1523 1669 1580 1703 τε
1615 1653 1684 1724 τῇ
1741 1648 1900 1723 βασι-

1986 592 2241 638 noverca
2270 575 2439 638 nubit
2483 577 2539 639 ei
2573 576 2674 658 qui
2700 577 2786 638 vir
2813 575 3095 657 privignae
3121 574 3307 655 ipsius
3337 573 3466 634 fuit.
3497 572 3639 646 Qua:

1987 682 2130 726 sane
2156 665 2586 746 propemodum
2609 665 2784 747 primi
2816 673 2951 726 sunt
2973 664 3215 744 gradus,
3243 662 3293 724 si
3314 660 3522 743 quisin
3550 662 3642 723 his

1989 753 2167 815 etiam
2197 753 2413 833 gradus
2461 754 2847 817 introducere
2916 761 3106 834 cogat.
3187 755 3274 816 De
3312 751 3542 813 caeteris
3573 769 3642 812 ex

1989 841 2178 904 tribus
2207 841 2451 912 familiis
2481 842 2750 917 diversis,
2777 843 2933 905 velut
2955 843 3030 905 ad
3062 861 3211 923 quos
3243 841 3402 902 nulla
3428 839 3638 920 prohi-

1992 930 2137 992 bitio
2170 931 2483 1012 pertineat,
2539 932 2686 994 nihil
2743 931 2987 994 omnino
3019 931 3110 993 lex
3158 939 3246 993 est
3302 928 3634 1008 complexa.

1990 1018 2113 1093 Quo
2143 1020 2228 1095 fit,
2253 1028 2317 1082 ut
2339 1021 2536 1083 nullus
2584 1039 2840 1103 unquam
2866 1021 3045 1100 judex
3070 1017 3366 1101 ejusmodi
3399 1015 3639 1097 nuptias

1986 1110 2358 1191 oppugnarit.
2411 1110 2620 1174 Itidem
2652 1111 2712 1172 in
2766 1109 2969 1173 Sisinii
3021 1117 3203 1182 tomo,
3240 1106 3392 1187 quod
3418 1105 3639 1168 diserte

1986 1199 2351 1281 prohibitum
2404 1199 2537 1276 fuit,
2597 1200 2773 1261 veluti
2828 1220 2905 1281 qu
2950 1199 2986 1261 d
3044 1197 3195 1261 sexti
3243 1196 3458 1278 gradus
3506 1212 3640 1257 esse

1983 1288 2556 1369 deprehenderetur,
2578 1308 2613 1351 a
2640 1289 2878 1350 nemine
2909 1296 3195 1351 tentatum
3214 1286 3451 1349 mansit:
3479 1283 3636 1366 quod

1985 1385 2181 1439 autem
2213 1378 2521 1451 omissum,
2558 1378 2739 1441 veluti
2788 1379 2943 1459 quod
2980 1377 3222 1439 minime
3247 1382 3567 1448 vetaretur,
3602 1392 3638 1435 a

1984 1466 2226 1529 nemine
2281 1466 2564 1550 deinceps
2617 1467 2981 1549 prohibitum
3037 1467 3168 1531 fuit.
3223 1466 3287 1528 Id
3339 1482 3475 1525 vero
3523 1470 3633 1537 est,

1986 1556 2139 1636 quod
2173 1575 2243 1618 ex
2272 1565 2523 1639 utraque
2553 1566 2718 1638 parte
2748 1556 3066 1637 quamdam
3112 1554 3289 1617 habet
3324 1552 3635 1634 aequalita-

1986 1653 2103 1706 tem
2140 1662 2153 1707 :
2193 1644 2279 1706 uti
2309 1663 2443 1708 cum
2479 1654 2719 1727 patruus
2749 1653 2809 1708 et
2836 1646 3035 1707 fratris
3087 1645 3266 1719 filius,
3301 1642 3541 1707 amitam
3579 1647 3642 1702 et

247 1737 474 1814 λευούσῃ
516 1739 603 1794 καὶ
646 1736 700 1793 ἐν
741 1750 859 1803 τοῖς
904 1736 1023 1804 ἔξω.
1085 1740 1183 1796 Καὶ
1238 1739 1369 1818 πρὸς
1429 1737 1634 1794 ἐκεῖνον
1677 1734 1899 1815 ἔγραφον

1984 1734 2176 1796 fratris
2205 1735 2384 1798 ﬁliam
2431 1736 2673 1797 ducunt.
2735 1734 3025 1817 Equidem
3066 1735 3240 1797 annis
3290 1749 3413 1796 xvu
3468 1730 3639 1793 bona;

249 1829 297 1884 οἱ
330 1827 525 1906 κριταὶ.
563 1828 663 1884 Καὶ
716 1828 787 1891 εἰς
833 1828 895 1883 τὸ
951 1828 1322 1907 κοιαιστώριον
1376 1824 1431 1882 δὲ
1474 1825 1708 1882 τοιαῦται
1765 1823 1902 1881 πολ-

248 1914 337 1972 λαὶ
406 1916 678 1979 ὑποθέσεις
760 1914 1050 1976 ἐκινοῦντο.
1145 1913 1295 1972 Ἀλλ’
1354 1913 1603 1973 οὐδέποτε
1672 1913 1906 1977 τοιοῦτος

251 2002 491 2071 ἐκωλύθη
548 2005 771 2081 βαθμός.
826 2003 916 2063 Ἐν
971 2005 1069 2080 μὲν
1120 2005 1220 2083 γὰρ
1263 2010 1331 2081 τῇ
1387 2011 1581 2085 φυσικῇ
1634 2003 1907 2081 συγγενείᾳ

252 2096 346 2150 τὸν
397 2092 619 2170 ἕεδομον
663 2094 863 2170 βαθμὸν
916 2097 977 2152 οὗ
1031 2093 1483 2173 παρεξερχόμεθα.
1545 2090 1671 2149 Οὗδὲ
1728 2092 1827 2169 γὰρ
1869 2093 1904 2160 ἡ

252 2183 403 2263 φύσις
473 2182 723 2262 ἀνέχεται
780 2182 909 2261 ὑπὲρ
964 2188 1148 2239 τοῦτον
1214 2184 1306 2238 τὸν
1361 2181 1564 2258 βαθμὸν
1612 2179 1713 2248 τὴν
1762 2179 1904 2251 ζωὴν

250 2278 359 2328 σῶν
409 2270 697 2352 ἀνθρώπων
753 2270 1159 2333 ἐπεκτείνεσθαι,
1220 2268 1308 2328 Ἐν
1364 2268 1418 2326 δὲ
1460 2282 1579 2333 τοῖς
1622 2268 1674 2335 ἐξ
1733 2268 1902 2349 ἄγχι-

248 2360 426 2424 στείας
454 2362 543 2416 καὶ
583 2373 700 2418 τοῖς
731 2360 792 2417 ἐκ
819 2360 1127 2439 τριγενείας,
1162 2358 1262 2417 ὅσα
1318 2361 1346 2415 6
1377 2358 1536 2435 νόμος
1566 2358 1740 2437 ῥητῶς
1771 2355 1893 2414 διω·

250 2449 452 2528 ρίσατο,
485 2448 648 2505 ταῦτα
676 2447 942 2528 ὀφείλουσι
971 2446 1425 2528 διαφῦλάττεσθαι.
1461 2452 1531 2506 Τὸ
1582 2446 1637 2503 δὲ
1686 2445 1770 2503 διὰ
1827 2448 1897 2527 τί,

251 2540 312 2595 οὐ
367 2537 479 2616 χρὴ
534 2536 1022 2615 πολυπραγμονεῖν,
1068 2534 1183 2595 οὐδὲ
1240 2538 1334 2601 τας
1381 2536 1544 2601 αἰτίας
1600 2535 1894 2607 ἐπιζητεῖν.

256 2617 390 2685 ιὈτι
420 2629 508 2684 καὶ
542 2629 570 2683 6
599 2628 761 2703 νόμος
791 2626 929 2683 οὕτω
956 2628 1113 2707 φησίν
1149 2646 1162 2660 ⁸
1220 2628 1293 2685 0'3
1320 2625 1403 2684 δεῖ
1431 2627 1640 2684 πάντων
1670 2633 1777 2683 τῶν
1809 2650 1901 2684 νο-

252 2720 431 2796 μίμων
485 2718 742 2799 λογισμὸν
787 2720 1056 2782 ἀπαιτεῖν.
1117 2721 1452 2799 Εὑρίσκουται
1482 2721 1580 2798 γὰρ
1612 2723 1658 2777 οἱ
1687 2718 1898 2795 πολλοὶ,

251 2806 707 2888 ἆναιτιαλόγητοι.
744 2810 844 2867 Καὶ
875 2807 983 2865 ἔστι
1013 2809 1075 2864 τὸ
1102 2814 1338 2864 τοιοῦτον
1388 2807 1637 2887 νόμιμον,
1668 2804 1902 2885 δίγεστον

250 2899 339 2954 καὶ
368 2885 617 2977 παλαιὸν,
648 2898 734 2954 καὶ
756 2898 857 2977 πρὸ
883 2902 982 2964 τῆς
1014 2897 1332 2976 μοναρχίας.
1361 2885 1511 2954 UOa:
1540 2893 1593 2951 δὲ
1622 2885 1700 2971 μὴ
1730 2895 1903 2973 ῥητῶς

248 2986 353 3042 ὑπὸ
386 2992 491 3042 τῶν
547 2985 722 3062 νόμων
777 2983 1095 3064 κεκώλυται,
1151 2991 1314 3040 ταῦτα
1371 2985 1474 3039 τῶν
1517 2982 1902 3059 κεκωλυμένων

250 3075 636 3154 ὑπερτείνοντα,
670 3076 956 3154 πράττεται
983 3072 1174 3137 ἀδεῶς.

1987 1825 2293 1886 memorias
2320 1825 2564 1905 Mystico
2617 1825 2816 1896 servii,
2870 1845 3001 1887 cum
3049 1833 3305 1905 quaestor
3335 1828 3493 1883 esset
3525 1842 3538 1879 :
3568 1838 3637 1881 ac

1987 1913 2283 1993 ejusmodi
2309 1933 2504 1976 causa:
2534 1915 2869 1996 complures
2898 1923 3014 1975 tam
3048 1914 3108 1975 in
3140 1913 3287 1975 urbe
3317 1912 3639 1992 imperato-

1959 2002 2098 2077 .ria,
2144 2022 2320 2084 quam
2353 2003 2517 2084 foris,
2570 2013 2707 2064 sunt
2742 2013 2950 2065 molae:
2986 2004 3060 2065 de
3104 2002 3317 2084 quibus
3347 2001 3418 2062 ad
3466 1998 3635 2060 illum

1983 2090 2223 2171 judices
2251 2091 2718 2173 perscribebant.
2759 2092 3140 2155 Movebantur
3170 2093 3346 2154 etiam
3370 2089 3433 2152 in
3463 2087 3639 2160 Quae-

1988 2181 2170 2243 storio
2201 2182 2537 2262 complures
2566 2181 2855 2261 ejusmodi
2886 2200 3099 2245 causae.
3138 2181 3255 2246 Sed
3287 2178 3503 2262 gradus
3540 2177 3642 2240 ille

1988 2288 2287 2351 nunquam
2347 2271 2679 2351 probibitns
2723 2271 2852 2333 fuit.
2912 2271 3144 2333 Etenim
3191 2271 3251 2332 in
3282 2267 3632 2349 cognatione

1986 2360 2236 2423 naturali
2259 2361 2503 2439 gradum
2521 2360 2836 2443 septimum
2857 2380 2973 2422 non
2993 2359 3384 2441 praeterimus.
3401 2356 3634 2438 Quippe

1985 2467 2097 2510 nec
2127 2448 2257 2529 ipsa
2287 2457 2494 2511 natura
2522 2449 2819 2522 concedit,
2852 2457 2915 2511 ut
2969 2449 3083 2511 vita
3114 2447 3451 2514 mortalium
3483 2446 3635 2508 ultra

1985 2537 2231 2617 gradum
2289 2537 2448 2601 hunc
2480 2538 2832 2619 porrigatur.
2867 2540 2931 2601 In
2979 2537 3052 2600 iis
3081 2545 3303 2610 autem,
3335 2554 3467 2617 qua:
3497 2539 3635 2596 sunt

1986 2645 2054 2689 ex
2109 2627 2415 2703 afﬁnitate,
2448 2628 2751 2710 triumque
2798 2626 3153 2690 familiarum
3215 2623 3637 2705 conjunctione

1987 2716 2481 2791 necessitudines,
2515 2716 2818 2779 observari
2848 2716 3089 2793 debent,
3123 2731 3492 2797 quacunque
3541 2711 3633 2776 lex

1986 2804 2207 2867 diserte
2236 2805 2451 2868 statuit.
2476 2805 2597 2868 Nec
2627 2806 3097 2886 investigandum
3127 2804 3384 2879 curiose,
3419 2820 3634 2883 qnam-

1986 2893 2194 2956 obrem
2228 2913 2242 2958 :
2278 2898 2405 2957 Nec
2454 2895 2827 2976 inquirendae
2852 2913 3065 2958 causa.
3120 2913 3254 2956 nam
3296 2900 3353 2955 et
3380 2894 3510 2973 ipsa
3541 2891 3634 2952 lex

1984 2982 2215 3064 inquit:
2249 2982 2377 3046 Non
2406 2984 2699 3065 omnium,
2741 3004 2875 3066 qua;
2915 2983 3144 3064 legibus
3188 2983 3444 3046 traditas
3472 2987 3631 3055 sunt,

1917 3081 1956 3130 C
1983 3071 2239 3152 petenda
2264 3080 2352 3135 est
2392 3072 2567 3136 ratio.
2600 3072 2831 3155 Quippe
2880 3073 3041 3153 leges
3085 3072 3380 3153 pleraeque
3408 3069 3631 3132 nullam

254 3161 484 3225 habere
512 3181 748 3225 causam
780 3161 1183 3225 inveniuntur.
1222 3161 1413 3244 Atque
1442 3162 1557 3224 hoc
1586 3180 1730 3223 sane
1754 3162 1856 3242 jus
1888 3167 1947 3223 et
1974 3179 2043 3222 ex
2076 3160 2361 3244 Digestis,
2397 3169 2458 3226 et
2489 3171 2656 3225 vetus
2686 3170 2795 3234 est,
2831 3169 2891 3225 et
2919 3168 3056 3224 aute
3086 3155 3495 3223 monarchiam
3528 3176 3634 3239 pro

250 3251 465 3315 ditum.
502 3251 900 3334 Quaecumque
925 3270 1065 3314 vero
1095 3269 1215 3312 non
1245 3250 1468 3314 diserte
1499 3250 1798 3332 prohibita
1827 3258 1966 3312 sunt
2006 3267 2040 3311 a
2071 3250 2302 3331 legibus
2348 3270 2418 3314 ea
2466 3259 2742 3333 tanquam
2776 3259 2941 3315 extra
2970 3268 3286 3313 numerum
3318 3249 3631 3310 vetitorum

250 3359 388 3405 sese
419 3341 803 3423 porrigentia,
842 3342 992 3405 fiunt
1024 3340 1292 3423 impune.

336 3424 393 3490 Ὀ
465 3429 520 3489 δὲ
604 3432 766 3491 πάλιν
849 3433 941 3505 ὡς,
993 3432 1133 3510 μέγα
1187 3454 1238 3487 τι
1297 3428 1719 3511 προϐαλλόμενος
1769 3454 1898 3511 ’φη-

249 3522 355 3595 σὶν,
440 3520 521 3577 ὅτι
605 3521 693 3579 Ἐν
776 3536 896 3587 τοῖς
978 3523 1173 3601 γάμοις
1257 3522 1315 3578 οὒ
1391 3521 1551 3597 μόνον
1606 3521 1666 3577 τὸ
1726 3518 1902 3576 ἐπιτε-

250 3609 573 3688 τραμμένον,
649 3609 787 3669 ἀλλὰ
868 3614 957 3669 καὶ
1044 3611 1104 3667 τὸ
1188 3610 1442 3690 εὖπρεπὲς
1523 3608 1606 3667 δεῖ
1692 3617 1901 3689 ζητετν,

250 3700 341 3756 καὶ
424 3698 484 3755 ἐκ
568 3701 755 3759 τούτου
826 3708 1069 3781 πειρᾶται
1153 3706 1414 3778 κρατῆσαι
1498 3708 1589 3758 τοῦ
1670 3699 1900 3776 ἀγῶνος.

254 3787 477 3844 Αὖτόθεν
548 3785 602 3843 δὲ
658 3790 757 3856 τὴν
813 3787 959 3847 λῦσιν
1014 3793 1043 3847 6
1096 3792 1258 3865 νόμος
1313 3788 1525 3868 ἐπάγει,
1582 3789 1668 3844 καὶ
1731 3794 1903 3844 πᾶσαν

252 3874 542 3954 ἀπολογίαν
611 3876 968 3955 ἀπορῤαπίζει.
1052 3880 1174 3959 Περὶ
1243 3880 1343 3957 γὰρ
1400 3900 1504 3934 των
1562 3877 1626 3934 ἐκ
1677 3879 1902 3958 φυσικῆς

251 3963 525 4037 ἐπιθυμίας
578 3962 1037 4043 προϐιϐαζομένων
1105 3969 1178 4030 εἷς
1241 3968 1304 4022 τὸ
1361 3966 1689 4046 παράνομον,
1749 3975 1903 4024 τοῦτο

251 4050 485 4133 διέξεισι,
524 4053 613 4109 καί
654 4076 814 4134 φησιν
849 4073 866 4089 ⁸
930 4046 988 4114 Ὀ
1034 4058 1249 4138 φυσικὸς
1307 4056 1485 4133 πατὴρ
1542 4055 1601 4110 οὔ
1644 4052 1901 4131 λαμϐάνει

249 4143 350 4209 τὴν
407 4148 702 4223 πορνογενῆ
760 4146 918 4204 αὑτοῦ
966 4145 1245 4224 θυγατέρα.
1316 4145 1387 4203 T6
1458 4145 1557 4223 γὰρ
1614 4145 1760 4225 φύσει
1820 4142 1901 4200 δί-

250 4253 402 4287 καιον
455 4233 543 4288 καὶ
597 4234 658 4288 τὸ
715 4232 967 4312 εὐπρεπὲς
1038 4233 1093 4289 ἐν
1151 4247 1268 4298 τοῖς
1328 4233 1521 4311 γάμοις
1593 4246 1896 4295 σκοπεϊται,

2065 3429 2321 3491 Rursum
2358 3429 2752 3502 adversarius,
2788 3426 2970 3490 veluti
2992 3445 3268 3508 magnum
3297 3425 3437 3507 quid
3462 3421 3636 3485 nobis

1987 3516 2301 3598 objiciens;
2326 3517 2390 3581 In
2427 3517 2671 3600 nuptiis,
2704 3517 2914 3599 inquit,
2943 3536 3060 3578 non
3089 3515 3280 3578 solum
3313 3513 3453 3593 quid
3487 3532 3634 3575 con-

1988 3624 2247 3682 cessum,
2281 3625 2481 3668 verum
2517 3606 2694 3668 etiam
2751 3606 2891 3687 quid
2949 3606 3265 3667 honesrum
3313 3603 3409 3679 sit,
3454 3604 3636 3682 quaeri

1986 3694 2169 3758 debet
2198 3705 2407 3777 .atque
2452 3696 2636 3757 fretus
2664 3696 2776 3757 hoc
2797 3694 2978 3767 dicto,
3014 3691 3466 3775 potirivictoria
3497 3692 3635 3754 niti-

1987 3791 2104 3848 tur.
2148 3785 2369 3846 Verum
2423 3784 2777 3845 solutionem
2835 3782 3119 3845 continuo
3168 3782 3260 3844 lex
3321 3780 3527 3863 infert,
3581 3788 3640 3844 et

1986 3890 2224 3935 omnem
2275 3872 2687 3934 defensionem
2744 3870 3027 3935 retundit.
3081 3868 3310 3953 Quippe
3356 3870 3442 3933 sic
3493 3869 3638 3932 illud

1985 3959 2430 4041 intcrpretatur,
2466 3969 2526 4022 ut
2561 3961 2631 4022 ad
2686 3979 2790 4023 nos
2837 3960 3057 4023 referat
3099 3960 3147 4036 ί,
3181 3963 3278 4042 qui
3322 3978 3355 4021 a
3386 3958 3635 4022 libidine

1985 4049 2240 4111 naturali
2271 4049 2528 4111 nefarias
2552 4050 2626 4112 ad
2668 4051 3122 4131 conjunctiones
3153 4049 3635 4133 progrediuntur,

1983 4158 2118 4201 cum
2149 4139 2276 4202 ait:
2317 4138 2614 4202 Naturalis
2644 4149 2808 4222 pater
2855 4139 3035 4202 filiam
3094 4139 3271 4219 vulgo
3330 4140 3637 4221 quaasitam

1985 4248 2103 4290 non
2136 4227 2297 4290 ducit
2353 4247 2619 4292 uxorem.
2676 4227 2840 4302 Quod
2874 4229 3035 4290 enim
3087 4234 3297 4290 natura
3318 4228 3549 4308 justum
3582 4237 3640 4291 et

248 4320 326 4377 Τὰ
363 4320 522 4378 ἀὐτὰ
570 4322 657 4377 καὶ
712 4324 830 4401 περὶ
883 4320 1131 4390 δουλικῆς
1189 4323 1490 4400 συγγενείας
1558 4320 1899 4402 φυλάττεσθαι

1987 4318 2302 4381 honestum
2335 4326 2444 4387 est,
2480 4317 2539 4379 in
2576 4316 2801 4397 nuptiis
2846 4326 3169 4398 spectatur.
3219 4316 3438 4378 Eadem
3489 4325 3548 4378 et
3576 4319 3638 4379 in

247 4403 355 4469 δεῖ.
408 4409 506 4465 Καὶ
557 4408 792 4474 εἰκότως.
862 4412 923 4467 Εἰ
979 4412 1078 4489 γὰρ
1119 4412 1210 4468 καὶ
1252 4410 1528 4489 συγγένεια
1582 4410 1635 4466 ἐν
1694 4411 1899 4474 τούτοις

246 4494 306 4551 οὗ
349 4497 629 4575 θεωρεῖται
673 4497 756 4557 διὰ
810 4501 872 4555 τὸ
915 4499 1205 4580 ἀκέφαλον,
1237 4497 1371 4555 ἀλλὰ
1401 4497 1484 4555 διὰ
1529 4501 1591 4555 τὸ
1620 4497 1896 4579 εὔσχημον

248 4584 624 4663 συντηροῦνται
652 4589 739 4643 καὶ
767 4597 953 4651 ταῦτα,
1023 4590 1122 4645 Καὶ
1178 4591 1225 4644 οἱ
1266 4585 1443 4667 λόγοι,
1488 4586 1542 4642 ἐν
1579 4591 1664 4651 οἷς
1694 4587 1895 4668 ἐξειρω-

246 4673 509 4746 νήθησαν,
565 4673 621 4730 ἐν
676 4675 891 4740 ἐκείνοις
954 4677 1041 4732 καὶ
1097 4675 1197 4743 τὴν
1254 4676 1410 4755 ἰσχὺν
1464 4674 1671 4755 ἔχουσι.
1722 4677 1794 4733 Τὸ
1840 4673 1895 4732 δὲ

240 4759 629 4840 περιϐιάζεσθαι
683 4765 891 4838 αὐτοὺς,
969 4764 1006 4832 ἢ
1093 4761 1145 4829 ἐξ
1203 4761 1602 4832 ὰντιδιαστολῆς
1671 4765 1897 4845 ἀποκρί-

239 4853 437 4916 νεσθαι,
485 4860 871 4931 παρανοοῦντος
929 4853 1147 4917 τούτους
1204 4850 1335 4912 ἐστί.
1412 4854 1509 4909 Καὶ
1578 4856 1624 4909 οἱ
1683 4852 1897 4910 ἀντιλέ-

237 4960 450 5018 γοντες,
496 4937 633 5014 μηδέ
676 4941 926 5017 ἑπόμενοι
985 4954 1103 5005 τοῖς
1156 4940 1422 5016 κειμένοις
1492 4941 1700 5021 νόμοις,
1769 4940 1893 4998 ἀλλ’

240 5026 392 5105 έτερα
436 5025 488 5091 ἐξ
530 5028 735 5083 οἰκείων
796 5030 1230 5109 παρεισάγοντες,
1291 5030 1351 5086 οὒ
1420 5026 1703 5102 δικαστῶν,
1759 5029 1894 5086 ἀλλὰ

238 5117 536 5188 νομοθετῶν
605 5115 748 5181 τάξιν
819 5124 1100 5197 πειρῶνται
1188 5116 1364 5198 ἔχειν.
1435 5115 1718 5199 Ἀπαρχῆς
1797 5121 1895 5198 γὰρ

239 5199 537 5281 ἀδιάκριτος
587 5203 653 5271 ἧν
694 5205 730 5272 ἡ
796 5207 926 5284 πρὸς
981 5205 1249 5277 ἀλλήλους
1308 5206 1580 5286 συνάφεια.
1654 5214 1768 5264 Τῶν
1838 5206 1894 5263 δὲ

241 5292 538 5365 νομοθετῶν
586 5286 761 5369 ῥητῶς
821 5292 1163 5352 κωλυσάννων
1221 5294 1287 5350 τὰ
1341 5291 1592 5352 δοκοῦντα
1649 5293 1889 5369 ἀθέμιτα,

237 5379 305 5436 τὰ
349 5375 511 5433 λοιπὰ
550 5376 817 5457 προϐαίνει
876 5382 953 5456 μὴ
1002 5381 1339 5459 κωλυόμενα.
1403 5382 1496 5438 Διὸ
1540 5382 1626 5437 καὶ
1682 5383 1742 5437 c6
1784 5382 1895 5462 χρὴ

1983 4405 2183 4467 servili
2214 4406 2565 4485 cognatione
2595 4405 2897 4467 servanda
2946 4413 3103 4479 sunt,
3139 4423 3251 4467 nec
3281 4404 3503 4486 absque
3531 4423 3635 4468 ra-

1985 4495 2164 4557 tione.
2199 4495 2361 4557 Licet
2389 4497 2545 4557 enim
2570 4496 2846 4574 cognatio
2877 4493 3071 4555 locum
3098 4492 3157 4554 in
3176 4493 3263 4555 eis
3281 4512 3397 4554 non
3420 4493 3638 4555 habeat

1982 4596 2299 4666 propterea
2324 4584 2478 4665 quod
2506 4585 2697 4665 capite
2727 4602 2844 4645 non
2876 4589 3256 4657 censeantur,
3282 4589 3476 4643 tamen
3506 4582 3633 4645 haec

1981 4693 2216 4756 quoque
2248 4682 2492 4755 propter
2538 4674 2907 4736 honestatem
2960 4678 3295 4733 serventur.
3343 4670 3416 4732 Et
3456 4671 3636 4733 verba

1982 4762 2177 4844 legum
2200 4762 2395 4826 valere
2442 4762 2501 4823 in
2547 4761 2622 4824 iis
2668 4760 2910 4831 debent.
2964 4761 3037 4822 de
3087 4758 3301 4841 quibus
3331 4767 3466 4822 :unt
3496 4779 3634 4840 pro-

1981 4853 2266 4917 nuutiata.
2291 4851 2453 4914 Velle
2472 4860 2666 4914 autem
2695 4865 2976 4932 torquere
3006 4849 3190 4928 leges,
3230 4848 3319 4911 vel
3343 4867 3412 4911 ex
3443 4868 3633 4930 oppo-

1979 4941 2090 5003 sito
2112 4941 2506 5023 respondere,
2533 4939 2791 5001 hominis
2815 4949 2926 5016 est,
2950 4937 3022 5000 ab
3043 4956 3243 5000 earum
3267 4955 3441 4999 sensu
3471 4937 3638 4999 aber-

1976 5030 2187 5092 rantis.
2236 5029 2306 5091 Et
2361 5028 2462 5110 qui
2517 5026 2952 5108 contradicunt,
3016 5044 3125 5088 nec
3182 5025 3429 5106 scriptas
3477 5026 3636 5106 leges

1978 5125 2332 5199 sequuntur,
2358 5118 2463 5178 sed
2494 5116 2610 5178 alia
2629 5115 2896 5198 quaedam
2924 5116 2999 5177 de
3018 5132 3124 5176 suo
3148 5113 3492 5195 proferunt:
3518 5133 3636 5176 non

1978 5207 2175 5268 locum
2223 5203 2517 5287 judicum.
2583 5205 2688 5267 sed
2738 5203 3270 5286 jurisconditorum
3332 5201 3635 5265 vindicare

1981 5295 2095 5357 sibi
2125 5301 2444 5357 conantur.
2488 5293 2582 5357 Ab
2618 5294 2786 5357 initio
2817 5292 3059 5375 quidem
3091 5291 3365 5353 homines
3396 5290 3552 5353 inter
3571 5310 3637 5355 se

1978 5383 2109 5447 sine
2135 5381 2485 5447 discrimine
2506 5380 2957 5466 copulahantur.
2978 5384 3055 5444 At
3075 5385 3386 5461 postquam
3411 5377 3637 5443 diserte

890 5572 895 5583 .
1188 5628 1193 5639 γ
1554 5538 1660 5602 VA
1669 5535 1824 5602 RLE
1870 5542 2306 5612 LEGTlONES.

316 5659 345 5703 κ
369 5657 421 5724 ι.
453 5657 557 5725 20.
588 5663 664 5726 D.
698 5663 774 5727 de
804 5663 984 5748 tegili.
1072 5661 1086 5704 ¹
1130 5659 1174 5723 ι.
1208 5661 1308 5724 14.
1344 5661 1374 5742 §
1414 5662 1604 5728 Unde.
1636 5660 1710 5724 D.
1750 5659 1836 5724 De
1864 5665 1965 5733 rit.
2004 5674 2177 5753 nupt.
