4160 6212
492 347 650 412 1119

1851 346 1883 409 J
1890 345 1981 409 US
2020 342 2468 411 CANONIGUM

3714 343 3868 410 “20

484 484 681 561 legum
738 489 1014 546 auctores
1070 501 1141 545 ea
1216 481 1596 564 prohibuere,
1673 499 1806 563 qua;
1858 479 2132 542 videntur

2229 488 2423 553 ζητεῖν,
2456 490 2533 546 τίς
2564 481 2591 537 ὁ
2649 480 2949 561 προτρέψας
3005 482 3179 559 ῥητῶς
3222 482 3285 539 τὸ
3339 479 3538 539 τοιόνδε
3597 480 3861 560 γενέσθαι,

484 572 737 636 illicita:
798 571 950 635 citra
995 570 1456 654 prohibitionem
1514 577 1729 633 caetera
1785 569 2135 650 procedunt.

484 661 746 743 Ideoque
776 679 895 723 non
927 681 1082 743 opus
1111 670 1203 724 est
1256 677 1548 743 quaerere,
1610 658 1883 741 quisnam
1916 657 2141 721 diserte

488 750 824 832 permiserit
845 750 1066 831 aliquid
1094 750 1219 812 ﬁeri
1249 766 1262 812 :
1290 749 1393 811 sed
1416 748 1634 830 potius,
1668 747 1802 831 quis
1842 748 1965 809 fieri
2000 764 2140 828 pro-

489 840 772 902 hibuerit.
797 839 964 913 Quod
988 839 1038 901 si
1060 838 1365 920 prohibuit
1385 856 1583 919 nemo,
1607 855 1850 899 necesse
1872 843 1961 899 est
1983 836 2144 916 ejus-

489 927 652 990 modi
681 935 1020 991 contractus
1049 925 1348 990 succedat.
1396 926 1600 1005 Neque
1636 943 1777 987 vero
1807 943 1916 986 nos
1967 923 2140 1005 primi

489 1024 814 1079 statuemus
844 1017 958 1079 hoc
1009 1025 1177 1080 extra
1223 1014 1707 1096 prohibitionem,
1740 1013 1846 1075 sed
1876 1012 2137 1092 procedit

486 1113 840 1185 atempore,
901 1106 1074 1186 cujus
1126 1103 1416 1167 memoria
1475 1123 1591 1165 non
1624 1100 2142 1183 exstatzquando-

487 1194 727 1276 quidem
760 1213 994 1256 causam
1025 1192 1443 1275 prohibitionis
1472 1211 1591 1253 non
1614 1191 1812 1255 habet.
1846 1190 2139 1253 Nimirum

488 1292 687 1346 rectus
712 1284 900 1363 judex
950 1290 1209 1344 mentem
1258 1282 1526 1359 deﬁgens
1554 1281 1613 1341 in
1641 1280 1723 1352 id,
1757 1278 1916 1361 quod
1950 1297 1985 1339 a
2013 1278 2143 1357 lege

490 1372 923 1454 pronuntiatur,
956 1372 1113 1434 velut
1143 1370 1213 1433 ad
1244 1370 1510 1450 regulam
1541 1369 1854 1451 quamdam
1887 1389 1899 1430 :
1927 1378 2143 1430 caetera

490 1481 622 1544 quae
651 1462 805 1522 hanc
836 1473 1002 1523 extra
1020 1460 1284 1539 regulam
1311 1478 1443 1521 sese
1467 1458 1793 1539 porrigunt,
1820 1457 1997 1518 veluti
2024 1475 2139 1515 non

492 1549 791 1633 prohibita
822 1552 1146 1630 permittit:
1202 1550 1316 1611 nisi
1344 1548 1476 1630 quis
1524 1552 1612 1609 vet
1644 1546 2010 1627 arrogantia,
2048 1545 2135 1606 vel

492 1640 628 1703 odio
657 1640 896 1715 ductus,
931 1643 1083 1700 circa
1116 1638 1275 1718 leges
1326 1639 1612 1718 praeclare
1642 1636 1917 1716 scriptas,
1946 1644 2002 1696 et
2035 1653 2136 1695 rc-

491 1735 719 1811 ceptam
750 1728 1135 1808 amajoribus
1185 1726 1698 1801 consuetudinem,
1748 1725 1925 1786 rixari
1977 1723 2113 1786 velit

492 1816 873 1897 Superiorum
908 1828 1070 1878 certe
1099 1815 1387 1878 memoria
1417 1823 1768 1893 temporum,
1795 1811 2138 1892 hujusmodi

492 1906 676 1968 multa
707 1905 1081 1969 matrimonia
1120 1912 1419 1967 contracta
1449 1904 1637 1977 fuere,
1674 1922 1782 1964 nec
1813 1902 1885 1963 ab
1935 1901 2145 1964 Eccle-

2224 568 2361 626 ἀλλὰ
2403 568 2634 646 μάλιστα
2690 592 2771 635 τις
2802 573 2833 627 ὁ
2888 569 3125 649 γενέσθαι
3167 568 3436 635 κωλύσας.
3485 573 3544 629 Εἰ
3572 569 3629 627 δὲ
3657 568 3866 647 μηδεὶς,

2223 656 2522 738 προϐαίνειν
2556 658 2761 737 ἀνάγκη
2804 661 2865 716 τὸ
2923 668 3160 719 τοιοῦτον
3218 659 3582 738 συνάλλαγμα.
3656 661 3753 719 Καὶ
3806 668 3870 719 οὔ

2227 754 2338 824 νῦν,
2392 747 2618 827 πρώτως
2674 748 2841 823 ἡμεῖς
2896 756 3050 808 τοῦτο
3105 747 3376 806 ἀκώλυτον
3431 748 3678 825 τάξομεν,
3746 745 3864 805 ἀλλ’

2224 836 2334 892 ’ἐστι
2391 833 2684 913 προϐαῖνον
2739 836 2791 902 ἐξ
2847 837 3260 914 ἀμνημονεύτων
3302 843 3407 894 τῶν
3460 838 3672 918 χρόνων
3725 839 3867 916 παρά

2223 926 2286 982 τὸ
2350 923 2613 1000 μηδεμίαν
2660 924 2809 1006 ἔχειν
2866 926 3033 983 αἰτίαν
3089 925 3390 991 κωλύσεως.
3449 920 3510 985 ’0
3567 927 3665 1005 γὰρ
3714 927 3863 993 sibi:

2224 1012 2475 1082 δικαστὴς
2546 1016 2678 1092 πρὸς
2747 1016 2809 1072 τὸ
2865 1016 3005 1095 παρὰ
3060 1014 3152 1072 τοῦ
3232 1016 3396 1091 νόμου
3475 1015 3865 1097 ἐπιφωνούμενον

2222 1100 2400 1180 ὥσπερ
2454 1102 2652 1158 κανόνα
2705 1103 2823 1159 τινὰ
2877 1105 2969 1159 τὸν
3025 1112 3142 1162 νοῦν
3201 1103 3485 1184 ἀπερείδων
3547 1106 3609 1161 τὰ
3647 1105 3865 1182 περιττὲι

2224 1191 2310 1246 καὶ
2337 1196 2430 1247 τοῦ
2479 1190 2698 1254 κανόνος
2747 1190 2990 1248 ἐπέκεινα
3049 1191 3298 1271 παρίησιν
3354 1195 3428 1259 ὡς
3486 1191 3726 1250 ἀκώλυτα
3756 1209 3771 1225 ⁹
3819 1194 3866 1248 εἰ

2225 1280 2300 1354 μή
2350 1300 2431 1341 τις
2480 1276 2564 1337 διὰ
2619 1279 2892 1360 φιλαυτίαν
2946 1282 3085 1354 τινὰ,
3132 1281 3168 1349 ἢ
3217 1281 3532 1363 ἀπέχθειαν,
3575 1284 3693 1360 περὶ
3742 1283 3864 1346 τοὺς

2222 1366 2399 1431 καλῶς
2442 1368 2712 1443 κειμένους
2781 1371 2972 1445 νόμους
3031 1372 3118 1427 καὶ
3160 1371 3258 1438 τὴν
3312 1371 3506 1429 ἄνωθεν
3577 1380 3866 1452 mm»

2224 1457 2500 1525 συνήθειαν
2582 1456 2937 1537 διαμάχεσθαι
2994 1458 3261 1535 βούλεται.
3327 1463 3423 1518 Καὶ
3476 1460 3705 1517 ἐπὶτῶν
3761 1461 3866 1538 πρὸ

2218 1547 2372 1621 ἡμῶν
2429 1548 2529 1626 γὰρ
2592 1546 2765 1605 πολλὰ
2820 1555 3033 1605 τοιαῦτα
3090 1549 3273 1627 γέγονε
3339 1550 3656 1623 συνοικέσια,
3726 1551 3865 1624 μήτε

2219 1634 2359 1713 παρέι
2414 1642 2511 1704 τῆς
2567 1635 2906 1708 Ἐκκλτισίας,
2942 1639 3080 1713 μήτε
3111 1640 3251 1718 παρά
3293 1661 3433 1703 τινος
3476 1637 3722 1697 δικαστοῦ
3749 1661 3865 1695 κω-

2221 1722 2435 1781 λυθέντα
2469 1745 2482 1755 ⁸
2545 1727 2578 1782 ἃ
2629 1728 2717 1783 καὶ
2765 1727 3006 1805 περιττόν
3036 1725 3144 1783 ἐστι
3201 1726 3533 1807 καταλέγειν,
3591 1727 3728 1784 οὕτω
3754 1749 3860 1783 σα-

2224 1818 2351 1891 φοῦς
2404 1810 2552 1880 ὄντος
2621 1817 2708 1873 καὶ
2767 1813 3124 1895 ἀναμφιϐόλολ
3210 1827 3304 1876 τοῦ
3378 1817 3636 1897 παρόντος
3690 1818 3866 1888 ζητή-

2230 1922 2416 1975 ματος,

490 1996 599 2073 sia,
633 2013 743 2057 nec
772 1995 845 2057 ab
876 1995 1072 2076 aliquo
1100 1994 1307 2074 judice
1331 1992 1626 2073 prohibita
1678 2011 1848 2074 :quae
1894 1991 2135 2071 quidem
2178 2006 2498 2053 recensere
2524 1993 2673 2054 velle
2725 1995 3090 2075 superfluum
3139 1994 3334 2069 fuerit,
3369 2014 3502 2056 cum
3535 1994 3685 2056 adeo
3718 1989 3861 2074 per-

492 2084 700 2164 spicua
726 2083 826 2159 sit,
861 2091 920 2146 et
949 2086 1144 2145 omnis
1173 2102 1388 2164 expers
1417 2082 1608 2157 dubii,
1656 2081 1953 2163 proposita
1989 2078 2161 2142 nobis
2189 2079 2445 2159 questio.

525 2189 847 2253 BASILII
904 2189 1556 2254 THESSALONICAZ
1620 2186 2103 2252 ANTISTITIS.
2173 2172 2207 2243 ἡ

569 2293 858 2367 Quoniam
884 2292 1389 2374 emergitquaastio
1415 2301 1530 2362 tua,
1548 2290 1993 2370 religiosissime
2008 2294 2143 2371 Dyr-

494 2382 727 2446 rbachii
780 2401 990 2462 magne
1029 2382 1330 2461 Sacellari,
1367 2402 1505 2443 num
1540 2382 1658 2442 duo
1689 2383 1899 2442 fratres
1927 2379 2143 2440 admito

496 2480 695 2535 tantur
721 2471 790 2533 ad
826 2472 1153 2552 legitimum
1186 2471 1524 2551 conjugium
1562 2490 1693 2531 cum
1727 2470 1910 2532 amita
1937 2488 2143 2531 conso-

494 2560 674 2641 brini,
708 2568 767 2622 et
790 2561 1036 2623 sobrina
1065 2570 1196 2621 nata
1232 2579 1301 2622 ex
1332 2560 1449 2620 alio
1480 2559 1861 2633 consobrino,
1897 2577 2145 2639 respon-

495 2652 730 2726 demus,
762 2650 822 2712 id
850 2652 980 2713 tieri
1009 2651 1214 2713 licere.
1247 2650 1368 2713 Nec
1400 2650 1559 2713 enim
1591 2650 1865 2712 illicitum
1889 2657 1999 2722 est,
2034 2669 2144 2710 nec

499 2738 998 2822 prohibitum.Illa
1014 2757 1268 2821 namque
1283 2739 1583 2820 prohibita
1601 2738 2167 2818 dicuntur,eti|lici-p

496 2836 574 2905 ta,
603 2836 658 2890 et
683 2827 930 2901 nefaria,
956 2828 1017 2891 in
1046 2828 1261 2910 quibus
1283 2847 1504 2908 genera
1531 2827 1974 2890 confunduntur
1998 2844 2012 2890 :
2034 2828 2146 2890 hoc

501 2925 593 2979 est
622 2917 671 2978 si
695 2917 1025 2998 periculum
1074 2919 1173 2995 sit,
1225 2936 1299 2980 ne
1349 2918 1727 2999 quLpatruus
1756 2925 1866 2987 est,
1902 2924 2144 2998 propter

503 3005 1001 3069 cohabitationem
1050 3025 1187 3068 cum
1241 3025 1425 3069 uxore
1454 3006 1683 3069 dicatur
1713 3008 1840 3086 ejus
1869 3025 1938 3067 ex
1968 3007 2146 3068 fratre

499 3094 679 3170 titius,
711 3094 941 3157 ratione
971 3096 1364 3178 copulationis
1422 3114 1555 3157 cum
1589 3096 1875 3158 muliere:
1923 3115 1991 3156 ac
2015 3112 2146 3156 rur-

495 3201 650 3259 sum,
680 3183 731 3244 si
762 3183 862 3265 qui
891 3184 1074 3247 frater
1112 3183 1313 3247 uxoris
1354 3192 1464 3256 est,
1495 3203 1629 3246 eum
1662 3184 1813 3246 forte
1837 3184 2145 3247 coatﬁnem

494 3271 611 3334 dici
634 3271 952 3352 contingat.
972 3272 1164 3354 Atque
1185 3272 1298 3335 alia
1315 3273 1414 3354 huj
1424 3272 1679 3335 usmodi.
1695 3272 1844 3335 Tale
1861 3272 2145 3354 quiddam

496 3367 585 3422 est
614 3361 739 3423 haec
771 3361 1067 3442 confusio,
1100 3371 1159 3424 et
1187 3362 1300 3425 hoc
1347 3361 1723 3425 indecorum.
1782 3360 2016 3443 Quippe
2044 3378 2144 3423 se-

2488 2197 2841 2250 ΒᾹΣΙΛΕΙΟΥ
2885 2203 3013 2252 ΤυΥ
3057 2198 3602 2257 ΘΞΣΣᾹΛΟΝΙΚΗΣ.

2525 2292 2861 2373 ἀναφαίνεται
2919 2296 2980 2352 τὸ
3033 2296 3288 2374 ἶερώτημά
3341 2317 3455 2375 σου,
3526 2296 3571 2352 ὦ
3622 2295 3868 2375 θεοφιλέ-

2469 2381 2756 2462 Δυῤῥαχίου
2841 2384 2975 2463 μὲγα
3044 2383 3389 2464 Σακελλάριε,
3451 2386 3494 2440 εἰ
3549 2384 3870 2443 ἀπολύονται

2224 2467 2310 2525 δύο
2379 2467 2591 2547 ἀδελφοὶ
2646 2475 2775 2552 πρὸς
2830 2473 2969 2531 Θείαν
3038 2471 3490 2554 πρωτεξαδέλφου,
3574 2476 3661 2531 καὶ

2227 2560 2352 2634 ψιάν
2396 2558 2447 2624 ἐξ
2491 2560 2664 2640 ἐτέρου
2711 2561 3139 2644 πρωτεξαδέλφου
3196 2568 3329 2641 πρὸς
3402 2561 3619 2637 ἔννομον
3684 2584 3871 2619 συνοι-

2225 2647 2424 2718 κὲσιον,
2486 2648 2650 2715 ἔξεστι
2707 2662 2860 2711 τοῦτο
2927 2652 3189 2732 γενέσθαι,
3267 2649 3398 2710 Οὔτε
3464 2653 3563 2730 γὰρ
3642 2652 3873 2727 ἄθεσμόν

2227 2736 2387 2812 ἐστιν,
2447 2736 2562 2795 οὔτε
2621 2739 3010 2817 κεκωλυμένον.
3073 2741 3291 2799 Ἐκεῖνα
3372 2740 3474 2820 γὰρ
3526 2738 3877 2815 κεκωλυμένα

2227 2825 2462 2908 λέγεται,
2493 2830 2581 2884 καὶ
2637 2828 2860 2905 ἄθεσμα,
2924 2831 3010 2887 καὶ
3065 2831 3366 2909 παράνομα,
3411 2829 3467 2886 ἐν
3521 2833 3606 2894 οἷς
3632 2831 3699 2887 τὰ
3740 2829 3875 2908 γένη

2224 2916 2561 2997 συγχέονται.
2623 2918 2919 2999 Τουτὲστιν,
2980 2921 3023 2976 εἰ
3089 2923 3256 3000 θεῖος,
3322 2926 3391 2992 τῇ
3457 2916 3511 2975 δὲ
3570 2921 3874 2988 συνοικήσει

2226 3010 2323 3071 τῆς
2393 3008 2663 3084 γυναικὸς,
2707 3005 2984 3065 κινδυνεύει
3042 3009 3257 3084 ἀνεψιὸς
3314 3007 3552 3086 λέγεσθαι
3605 3014 3684 3083 τῷ
3724 3006 3877 3086 λόγῳ

2227 3094 2323 3161 τῆς
2352 3096 2480 3170 πρὸς
2510 3095 2609 3162 τὴν
2638 3110 2866 3174 γδεδατκα
2913 3098 3277 3176 συναρμογῆς,
3330 3098 3429 3155 Καὶ
3471 3096 3535 3153 αὖ
3592 3095 3777 3175 πάλιν,
3830 3097 3874 3152 εἰ

2227 3181 2632 3263 γυναικάδελιρός
2702 3185 2832 3249 ἐστι,
2920 3188 3009 3243 καὶ
3083 3184 3352 3262 συμϐαίνει
3410 3187 3577 3266 τυχὸν
3626 3183 3876 3264 λέγεσθαι

2229 3270 2587 3352 σύγγαμϐρος.
2624 3275 2722 3332 Καὶ
2765 3272 3022 3338 ἅλλαττα,
3078 3276 3304 3342 Τοιαύτη
3361 3278 3396 3344 ἡ
3452 3276 3729 3355 σύγχυσις,
3787 3275 3880 3330 καὶ

2305 2288 2453 2346 Ἐπεὶ

2227 2402 2322 2436 στα
2338 2403 2378 2435 ΣΞ

3744 2475 3871 2529 ἆνε-

2227 3362 2289 3417 τὸ
2345 3361 2599 3441 ἀπρεπές.
2662 3364 2807 3421 Κατὰ
2849 3364 2948 3442 γὰρ
3001 3366 3091 3420 τὶν
3131 3365 3379 3446 θεοφόρον
3428 3362 3720 3444 Βασίλειον,
3777 3362 3880 3421 ²Εν

496 3449 755 3512 cundum
789 3449 1055 3512 divinum
1108 3451 1273 3512 illum
1327 3450 1635 3515 Basilium.
1688 3450 1745 3511 in
1780 3451 1999 3530 nuptiis
2028 3468 2145 3511 non

2232 3464 2346 3515 το·’ς
2399 3451 2590 3528 γάμοις
2650 3452 2708 3509 οὗ
2764 3452 2926 3527 μόνον
2982 3455 3044 3509 τὸ
3097 3453 3542 3532 ἐπιτετραμμένον
3585 3459 3874 3530 ζητοῦμεν,

498 3539 674 3601 modo
692 3539 830 3622 quid
854 3558 1200 3603 concessum
1217 3540 1313 3611 sit,
1343 3539 1726 3602 verumetiam
1752 3539 2144 3620 quiddeceat,

498 3627 837 3707 quaerimus.
903 3629 980 3693 Et
1033 3629 1194 3690 idem
1247 3627 1454 3690 alibi-2
1520 3627 1584 3690 In
1642 3628 1857 3708 quibus
1914 3627 2151 3707 generis

495 3716 925 3797 appellationes
982 3715 1451 3791 confunduntur,
1514 3716 1573 3777 in
1625 3717 1716 3777 his
1748 3717 1987 3778 nefariae
2015 3725 2153 3778 sunt

499 3805 746 3885 nuptiae.
802 3804 901 3869 Sic
955 3805 1135 3886 igitur
1188 3807 1285 3868 hic
1342 3825 1453 3867 nec
1502 3805 1799 3868 inhonesti
1829 3805 2150 3886 quidquam

498 3894 771 3972 emergit,
790 3912 902 3955 nec
917 3894 1188 3957 confusio
1207 3894 1445 3974 generis
1488 3893 1747 3957 Alterius
1764 3894 1920 3955 enim
1940 3893 2145 3975 partis,

500 3980 742 4062 quintus
769 3989 857 4043 est
897 3982 1156 4060 gradus;
1188 3982 1454 4056 alterius,
1493 3983 1828 4044 secundus:
1868 3991 2042 4064 atque
2072 3983 2154 4044 ita

498 4067 715 4147 gradus
746 4088 815 4130 ex
844 4069 1147 4144 afﬁnitate,
1183 4089 1360 4151 quem
1385 4079 1615 4141 vocant,
1640 4072 1927 4152 septimus
1958 4064 2150 4133 conti-

496 4155 671 4218 citur.
721 4156 889 4230 Quod
938 4177 1084 4220 sane
1116 4158 1561 4220 matrimonium
1593 4166 1650 4220 et
1682 4159 1907 4221 licitum
1941 4167 2052 4233 est,
2092 4168 2150 4221 et

498 4244 850 4328 legitimum,
881 4255 940 4307 et
958 4247 1373 4329 prohibitionis
1393 4266 1626 4327 expers.
1654 4248 1928 4310 Afﬁnitas
1950 4265 2143 4310 autem

495 4334 664 4414 juxta
690 4335 1206 4417 jurisconsultum,
1241 4345 1330 4399 est
1352 4336 1730 4399 necessitudo
1754 4355 2144 4418 personarum

500 4422 854 4504 pernuptias
872 4424 1042 4486 nobis
1055 4426 1504 4505 conjunctarum
1519 4473 1532 4499 ,
1550 4425 2141 4504 citracognationem.

498 4513 707 4592 Neque
762 4511 1088 4576 discrimen
1144 4514 1442 4596 quoddam
1493 4516 1608 4575 erit
1655 4522 2024 4593 agnatorum,
2090 4524 2149 4577 et

499 4607 905 4680 cognatorum,
929 4619 963 4663 a
983 4602 1244 4665 masculo
1288 4601 1588 4675 videlicet,
1613 4621 1681 4664 ac
1724 4603 1981 4665 femineo
2000 4621 2146 4666 sexu

499 4688 974 4769 provenientium
1000 4712 1015 4774 ;
1042 4711 1175 4755 cum
1207 4691 1423 4771 gradus
1449 4709 1517 4752 ex
1549 4690 1827 4753 affinitate
1858 4693 2148 4774 septimus

2232 3536 2367 3594 ἀλλὰ
2396 3540 2482 3596 καὶ
2524 3540 2584 3595 τὸ
2628 3540 2901 3619 εὐπρεπές.
2958 3543 3056 3599 Καὶ
3099 3541 3308 3621 ἑτέρωθι
3354 3544 3381 3598 ὁ
3428 3543 3585 3606 αὖτός
3618 3561 3632 3575 ⁸
3670 3540 3761 3599 Ἐν
3793 3545 3878 3605 οἷς

2231 3630 2296 3684 τὰ
2355 3634 2446 3685 τοῦ
2503 3628 2683 3706 γένους
2741 3629 3084 3709 συγχέονται,
3151 3631 3203 3687 ἐν
3242 3631 3446 3694 τούτοις
3504 3635 3532 3688 ὁ
3562 3631 3731 3709 γάμος
3762 3630 3880 3687 ἆθέ-

2235 3740 2408 3793 μιτος.
2474 3717 2653 3782 Οἷτως
2707 3719 2796 3774 οὖν
2853 3717 2971 3775 οὔτε
3025 3741 3104 3782 τις
3175 3719 3434 3800 ἁπρέπεια
3475 3723 3696 3778 ενταῦθα
3736 3718 3877 3775 ἀνα-

2234 3808 2438 3886 κόπτει,
2500 3807 2616 3863 οὔτε
2679 3815 2767 3864 τοῦ
2810 3807 2990 3885 γένους
3047 3809 3322 3888 σύγχυσις.
3385 3818 3487 3869 Τοῦ
3543 3811 3643 3888 γὰρ
3697 3808 3876 3887 ἑτέρου

2235 3895 2448 3975 μέρους,
2506 3895 2750 3971 πέμπτος
2804 3898 3004 3973 βαθμός
3041 3912 3054 3926 ’
3102 3898 3192 3953 τοῦ
3249 3896 3304 3953 δὲ
3356 3897 3552 3977 ἑτέρου,
3612 3895 3877 3975 δεύτερος.

2239 3986 2333 4066 Καὶ
2416 3984 2582 4049 οῧτως
2665 3984 2886 4061 ἕϐδομος
2968 3985 3031 4052 ἐξ·
3090 3986 3401 4066 ἀγχιστείας
3458 3986 3878 4062 ὀνομαζόμενος.

2239 4063 2536 4149 ’Ἑνθεσμος
2583 4078 2610 4131 ὁ
2653 4085 2886 4140 τοιοῦτος
2930 4076 3125 4154 γάμος,
3188 4077 3275 4134 καὶ
3332 4074 3576 4151 ἔννομος,
3607 4076 3699 4131 καὶ
3727 4074 3880 4131 ἀκώ-

2235 4160 2410 4225 λυτος.
2477 4163 2793 4241 Ἀγγιστεὶα
2839 4161 2893 4218 δέ
2944 4163 3054 4219 ἔστι
3113 4164 3249 4221 κατά
3303 4166 3391 4220 τὸν
3448 4162 3761 4238 νομοθέτην,
3799 4165 3885 4220 οἶ-

2228 4251 2441 4317 κειὸτης
2487 4251 2785 4329 προσώπων
2842 4250 2901 4307 ἐκ
2957 4250 3146 4329 γάμων
3200 4251 3511 4327 συνημμένη
3538 4250 3622 4326 58,
3681 4272 3886 4329 συγγε-

2229 4340 2368 4403 νείας
2398 4339 2571 4403 ἐκτός.
2622 4341 2720 4399 Καὶ
2772 4337 2993 4419 διαφορά
3034 4360 3113 4403 τις
3170 4344 3265 4399 οὐκ
3320 4339 3463 4396 ἔσται
3506 4338 3748 4416 ἀγνάτων
3797 4341 3891 4399 καὶ

2228 4428 2524 4507 κογνάτων,
2555 4435 2661 4485 τῶν
2691 4428 2743 4494 ἐξ
2783 4428 3142 4507 ἀρῤενογονίας
3186 4427 3391 4497 δηλαδὴ
3420 4429 3508 4485 καὶ
3532 4425 3885 4507 θηλυγονίας,

2230 4513 2451 4594 ἑϐδόμου
2480 4514 2532 4581 ἐξ
2558 4516 2869 4597 ἀγχιστείας
2897 4514 3313 4591 μεσολαὸοῡντος
3341 4519 3567 4594 βαθμοῦ,
3610 4516 3895 4576 Ἐντεῦθεν

2229 4603 2316 4661 οὖν
2360 4605 2639 4682 γενήσεται
2670 4607 2730 4662 τὸ
2758 4611 2995 4662 τοιοῦτον
3024 4604 3391 4685 συνάλλαγμα,
3423 4606 3513 4661 καὶ
3538 4607 3599 4663 οὗ
3625 4604 3894 4677 κωλυθή-

2230 4714 2398 4766 σεται,
2424 4691 2540 4749 καθ’
2573 4696 2660 4758 οὒς
2681 4693 2880 4775 ἔφαμεν
2906 4693 3154 4771 τρόπους,
3179 4696 3360 4772 νόμοις
3382 4696 3469 4751 καὶ
3496 4694 3714 4752 κανόσιν
3743 4694 3890 4752 ἒπε-

499 4776 840 4883 intervepit.
873 4777 1024 4859 Ergo
1056 4779 1253 4883 locum
1268 4778 1510 4841 habebit
1538 4779 1878 4883 hujusmcdi
1908 4788 2145 4883 cont-ra-

2235 4780 2545 4861 ρειδόμενοι.

502 4872 654 4940 ctus,
671 4865 1039 4949 minimeque
1050 4868 1374 4931 vetabitur:
1397 4868 1896 4948 quemadmodum
1921 4869 2152 4950 legibus

503 4959 562 5014 et
590 4954 921 5018 canouibus
950 4956 1137 5019 innixi
1166 4956 1561 5021 ostendimus.

663 5041 1035 5125 Subsm'ptio
1071 5066 1086 5109 :

582 5128 856 5196 Basilius
875 5132 1129 5198 humilis
1161 5133 1598 5198 Thessalonica:
1620 5135 2147 5217 metrOpolitanus.

2442 5070 2465 5102 ιι
2505 5039 2567 5104 ἸΙ
2595 5050 2874 5132 ὑπογραφή
2910 5069 2924 5085 “
2962 5074 2989 5106 n

2314 5136 2588 5202 Βασίλειος
2626 5140 2655 5196 ὁ
2696 5137 2972 5219 ταπεινὸςξ
3006 5137 3400 5219 μητροπολῖτης
3466 5138 3903 5211 Θεσσαλονίκης.

1815 5312 2071 5378 νΑιιυΕ
2113 5313 2434 5381 LECTION
2439 5317 2549 5381 ES.

587 5478 657 5533 38
683 5478 1055 5560 συνημμένων.
