4160 6212
286 289 436 360 4121

914 433 1311 488 ΥΠΟΜΝΗΣΙΣ

295 557 320 591 ε
420 536 558 617 "po:
642 537 736 593 tino
820 533 1212 617 Θεσσαλονίκης
1294 542 1452 617 κῦρον
1535 538 1766 617 Νικήταν
1848 537 1939 593 τὸν

370 613 759 691 Μιτυληνατον,
865 617 983 696 περὶ
1089 613 1309 693 δούλων,
1365 613 1512 672 νῗνα
1617 615 1937 697 ἱερολογῶν-

365 718 475 757 ται.
528 719 554 750 Ι
1576 720 1583 726 “

370 801 614 859 Δέσποτά
648 838 653 843 ~
682 822 785 877 μου
858 799 1002 881 ἅγιε,
1061 799 1114 856 ἒν
1170 807 1248 876 τῷ
1314 800 1503 879 κόσμῳ
1569 803 1668 870 τὴν
1724 798 1938 868 οἴκησιν

284 891 626 970 ποιούμενος,
687 891 776 947 καὶ
844 895 951 946 τῶν
1004 889 1452 970 προσερχομένων
1522 914 1610 967 μοι
1670 891 1786 956 τοὺς
1840 889 1937 947 λο-

286 981 508 1058 γισμοὺς
564 976 978 1059 ἀναδεχόμενος,
1048 981 1193 1058 εὗρον
1251 978 1302 1045 ἐξ
1359 984 1528 1039 αύτῶν
1584 1000 1751 1051 τινας,
1810 978 1933 1036 δού-

285 1068 407 1135 λους
462 1072 551 1126 καὶ
606 1066 839 1131 δικλίδας
893 1067 1146 1148 ἔχοντας,
1192 1071 1277 1125 καὶ
1318 1070 1439 1133 τοὺς
1497 1067 1711 1132 δούλους
1762 1068 1933 1125 αύτῶν

288 1156 441 1222 ἐκτὸς
482 1157 775 1238 ἱερολογίας
819 1164 1078 1236 πορνικῶς
1135 1157 1506 1238 συναφθέντῑῖς,
1570 1164 1649 1235 Τῇ
1707 1157 1761 1213 δὲ
1811 1156 1931 1213 δευ-

286 1245 411 1326 τέρᾳ
480 1244 707 1310 διατάξει
788 1252 881 1302 του
963 1244 1198 1323 μεγάλου
1284 1245 1491 1304 Παύλου
1547 1245 1807 1324 ἐντυχὼν,
1866 1250 1934 1321 τῇ

286 1333 539 1414 λεγούσῃ,
595 1354 622 1392 ι
671 1335 727 1390 Εἰ
768 1335 857 1390 καὶ
910 1334 1113 1391 ἐθνικοῦ
1168 1334 1259 1401 εἴη
1312 1334 1544 1409 οἰκέτης,
1618 1331 1935 1389 διδασκέσθω

294 1447 322 1479 α
358 1418 660 1503 εὖαρεστεῒν
714 1430 791 1497 τῷ
848 1420 1103 1501 δεσπότῃ,
1161 1423 1253 1479 ἵνα
1323 1424 1400 1499 μὴ
1468 1422 1849 1503 βλασφημῆται
1905 1424 1933 1477 ὁ

297 1532 320 1568 α
356 1510 541 1590 λόγος.
592 1511 688 1568 Καὶ
732 1512 775 1566 εἰ
805 1510 903 1586 μὲν
953 1510 1041 1567 οὖν
1084 1509 1202 1591 ἔχει
1244 1524 1494 1589 γυναῖκα,
1522 1510 1558 1579 ἢ
1587 1511 1719 1589 γυνη
1751 1507 1928 1589 ἄνδρα,

278 1622 321 1663 ,α
353 1596 771 1656 διδασκέσθωσαν
845 1598 1115 1670 ἀρκεῖσθαι
1198 1599 1378 1664 αύτοϊς
1412 1616 1426 1630 ⁸
1501 1601 1545 1655 εἰ
1616 1596 1670 1654 δὲ
1735 1596 1930 1676 ἄγαμοι

294 1713 317 1743 σι
355 1690 479 1769 εἶσι,
554 1687 958 1763 μανθανέτωσαν
1028 1688 1105 1759 μὴ
1175 1689 1466 1767 πορνεύειν,
1536 1684 1673 1742 ἀλλᾶ
1735 1699 1931 1764 γαμεῖν

1627 290 2323 363 GREGO-ROMANUM

3518 284 3675 355 1192

2630 420 3047 487 SUGGESTIO

2021 531 2120 593 Ad
2127 530 2472 593 antistitem
2489 526 2929 592 Thessalonica:
2937 527 3667 609 Nicetamﬂitymum,

2100 610 2176 752 sic
2200 613 2419 752 servis,
2451 615 2518 672 ut
2550 609 2993 672 interveniente
3050 607 3457 673 bmtedictione
3481 627 3668 689 copu-

2124 708 2198 752 en
2230 708 2327 752 ur.

2103 793 2317 857 Sancte
2338 794 2617 875 Domine,
2647 794 2787 856 dum
2821 793 3098 876 equidem
3132 793 3193 855 in
3220 793 3444 857 mundo
3473 794 3670 857 domi-

2020 883 2222 946 cilium
2254 885 2467 966 habeo,
2503 894 2561 946 et
2588 884 2997 946 accedentium
3028 882 3100 945 ad
3131 900 3228 945 me
3260 884 3386 964 (49)
3410 882 3671 946 rationes

2016 973 2287 1052 exploro,
2342 978 2628 1053 quosdam
2685 991 2756 1034 ex
2814 971 2901 1033 eis
2950 971 3172 1052 reperi,
3234 973 3336 1052 qui
3382 989 3587 1034 servos
3613 981 3671 1035 et

2014 1062 2259 1122 ancillas
2285 1062 2526 1138 habent,
2551 1077 2771 1141 eosque
2785 1060 2916 1122 sine
2930 1078 3235 1122 sacrarum
3267 1078 3508 1141 precum
3528 1079 3670 1122 con-

2016 1150 2293 1230 ceptione
2346 1169 2480 1211 cum
2533 1147 2838 1211 scortandi
2889 1148 3130 1210 licentia
3186 1148 3512 1229 copulatas.
3545 1151 3667 1228 Ego

2014 1255 2152 1299 vero
2187 1240 2447 1319 perlecto
2502 1238 2698 1316 magni
2730 1237 2888 1299 illius
2944 1239 3109 1301 Pauli
3152 1232 3415 1300 secundo
3439 1257 3667 1321 praece-

2019 1334 2140 1407 pto,
2174 1328 2344 1406 cujus
2372 1327 2551 1388 verba
2609 1336 2789 1389 sunt:
2829 1350 2851 1387 ε
2912 1327 3157 1388 Etiamsi
3206 1328 3414 1407 pagani
3465 1346 3669 1392 servus

2017 1415 2116 1491 sit,
2177 1416 2264 1479 sic
2295 1417 2655 1486 instituatur,
2713 1425 2775 1477 ut
2822 1416 3065 1477 domino
3117 1416 3353 1497 placere
3401 1417 3562 1499 velit,
3593 1439 3669 1481 ne

2016 1506 2461 1587 ipsadoctrina
2508 1505 2743 1587 probris
2799 1504 3173 1583 exagitetur.‘
3204 1506 3288 1568 Ac
3345 1506 3395 1567 si
3425 1508 3664 1587 quidem

2016 1613 2257 1654 uxorem
2293 1594 2491 1669 habet,
2553 1605 2652 1655 aut
2711 1594 2924 1655 mulier
2974 1594 3293 1671 maritum;
3342 1595 3667 1658 doceantur

2017 1681 2104 1742 eis
2136 1702 2271 1744 esse
2330 1685 2615 1746 contenti.
2668 1683 2772 1746 Sin
2833 1683 3212 1745 matrimonio
3260 1685 3518 1765 copulati
3547 1704 3666 1748 non

291 1801 320 1833 α
355 1778 525 1854 νόμῳ.
564 1778 619 1834 Εἰ
648 1775 702 1831 δὲ
733 1778 764 1832 ὁ
817 1774 1078 1842 δεσπότης
1137 1778 1295 1833 αὐτοῦ
1351 1773 1568 1838 ἄπιστος
1598 1775 1664 1825 5“
1702 1774 1800 1854 ὢν,
1844 1776 1929 1830 καὶ

2016 1780 2171 1843 sunt,
2202 1790 2236 1832 a
2265 1774 2580 1834 scut-tando
2614 1772 2846 1833 discant
2872 1772 3197 1849 abstinere,
3224 1772 3578 1855 nuptiasque
3591 1774 3665 1837 de

286 1865 434 1932 εἰδὼς
492 1864 572 1922 ὅτι
621 1866 880 1945 πορνεύει,
929 1866 989 1922 ού
1043 1863 1250 1931 δίδωσιν
1318 1864 1461 1939 αύτῷ
1502 1878 1751 1943 γυναῖκα,
1797 1864 1833 1932 ἢ
1865 1870 1932 1940 τῇ

284 1957 492 2033 γυναικὶ
570 1950 748 2034 ἄνδρα,
828 1953 1147 2033 ἀφοριζέσθω
1181 1969 1195 1984 ’
1279 1953 1445 2029 ταύτῃ
1532 1952 1628 2032 (ὡς
1693 1951 1930 2031 εἴρηται)

287 2044 548 2124 ἐντυχὼν,
591 2043 863 2121 παρῄνεσα
926 2055 1045 2106 τοῖς
1103 2039 1409 2115 δεσπόταις,
1474 2041 1755 2119 εὐλογῆσαι
1811 2041 1929 2104 τοὺς

285 2134 491 2197 οἰκέτας
543 2134 736 2195 αὐτῶν,
806 2129 976 2187 Ἀλλὰ
1031 2133 1118 2188 καὶ
1174 2131 1337 2199 αὐτὴν
1392 2131 1490 2199 τὴν
1545 2129 1774 2196 διάταξιν
1828 2133 1931 2186 ὑπ-

290 2221 470 2289 έδειξα,
498 2223 704 2298 αύτοῒς,
738 2224 797 2279 Οἱ
824 2219 904 2294 δὲ,
932 2220 1033 2288 τὴν
1092 2221 1189 2296 μὲν
1219 2218 1443 2285 διάταξιν
1485 2230 1579 2278 τοῦ
1606 2218 1934 2276 Ἀποστόλου

178 2302 179 2305 η
286 2310 548 2392 ἐδέξαντο,
575 2314 648 2375 ὡς
691 2312 845 2390 ἁγίαν
898 2312 987 2367 καὶ
1030 2317 1147 2385 Θεῷ
1201 2308 1325 2389 φίλα
1368 2309 1625 2387 λέγουσαν
1658 2332 1672 2346 ·
1732 2307 1934 2366 ἀπελο-

286 2408 475 2479 γοῦντο
505 2399 580 2472 δὲ,
629 2400 710 2457 ὅτι
764 2397 1104 2476 Φοϐούμεθα,
1162 2401 1206 2456 εἷ
1260 2403 1561 2475 πεισθῶμεν
1610 2404 1677 2476 τῇ
1706 2396 1931 2465 διατάξει

288 2490 571 2570 εὖλογῆσαι
624 2490 751 2554 τοὺς
805 2487 1039 2559 δούλους,
1112 2491 1309 2565 μήπως
1353 2488 1767 2569 ἐλευθερωθῶσιν
1826 2488 1931 2544 ἀπὸ

285 2580 383 2649 τ’ἧς
429 2578 689 2658 εύλογίας,
714 2580 827 2654 ,καὶ
882 2582 1218 2657 στερηθῶμεν
1272 2583 1372 2647 τῆς
1428 2580 1599 2635 αὐτῶν
1668 2576 1927 2641 δουλείας.

242 2675 458 2727 ηΤαῦτα
526 2668 729 2724 τούτων
783 2665 1105 2738 λαλούντων,
1179 2666 1324 2743 ἤμην
1406 2666 1566 2724 πάλιν
1649 2666 1931 2746 ἐναγώνιος

288 2759 423 2837 πρὸς
479 2758 540 2813 τὸ
597 2755 965 2832 προκείμενον,
1030 2757 1129 2813 Καὶ
1183 2754 1330 2832 ὅμως
1380 2752 1554 2813 πολλᾶ
1609 2754 1929 2828 σπουδάσας,

285 2849 432 2926 εὗρον
512 2845 596 2901 κνὶ
675 2855 769 2903 τοῦ
839 2846 1336 2923 λτρισμακαρίστού
1404 2844 1688 2925 βασιλέως,
1772 2852 1931 2925 κυροῦ

287 2932 520 3000 Ἀλεξίου
582 2936 790 3014 νεαρὰν,
849 2933 1159 2990 κελεύουσαν
1215 2933 1546 3013 εὐλογεῖσθαι
1602 2932 1724 2999 τοὺς
1805 2932 1926 2992 δού-

284 3022 432 3098 λους,
464 3023 554 3080 καὶ
596 3022 769 3097 μένειν
800 3023 986 3086 αὐτοὺς
1040 3022 1197 3080 πάλιν
1248 3020 1463 3087 δούλους
1503 3025 1594 3079 καὶ
1638 3024 1772 3100 μετὰ
1827 3025 1927 3093 τὴν

2013 1857 2160 1938 legis
2194 1862 2580 1942 praeescripto
2612 1861 2989 1924 contrahere.
3021 1885 3049 1916 »
3082 1860 3247 1932 Quod
3279 1864 3330 1921 si
3358 1862 3660 1949 dominus,

2013 1950 2243 2010 alienus
2297 1968 2331 2011 a
2362 1951 2554 2021 fidem,
2591 1969 2725 2011 cum
2776 1968 3012 2011 servum
3045 1949 3295 2011 scortari
3326 1950 3506 2027 norit,
3544 1971 3663 2014 non

2015 2039 2114 2098 dat
2143 2039 2197 2099 ei
2222 2039 2561 2118 conjugem,
2599 2039 2692 2100 vel
2728 2038 2999 2100 maritum
3029 2038 3655 2121 mulieri,separator:

2014 2126 2127 2188 hoc
2169 2126 2349 2206 igitur
2396 2127 2656 2209 (utdixi)
2692 2128 2979 2209 perlecto,
3038 2128 3240 2188 monui
3270 2128 3563 2206 dominos,
3602 2138 3662 2191 ut

2016 2214 2500 2278 benedictionem
2559 2218 2752 2279 servis
2833 2215 2961 2278 suis
3035 2216 3504 2298 impertirentur,
3556 2220 3663 2280 bsc

2013 2303 2143 2385 ipso
2173 2317 2469 2387 pramepto
2521 2306 2609 2367 eis
2639 2321 2906 2368 ostenso.
2960 2307 3181 2367 Verum
3224 2303 3314 2366 illi
3364 2314 3661 2388 praecepto

2013 2396 2282 2476 Apostoli
2304 2394 2691 2477 comprobato
2718 2403 2995 2476 tanquam
3015 2402 3239 2471 sancto,
3268 2403 3327 2457 et
3356 2395 3476 2458 Deo
3495 2414 3660 2460 acce-

2014 2491 2120 2565 pta
2146 2485 2526 2565 proferente;
2561 2484 2952 2547 nihilominus
2981 2484 3094 2546 hac
3135 2483 3450 2547 utebantur
3479 2504 3664 2549 excu-

2015 2573 2267 2649 satione,
2330 2574 2485 2654 quod
2539 2573 2730 2637 vereri
2784 2592 2849 2636 se
2912 2574 3204 2651 dicerent,
3259 2574 3311 2635 si
3366 2585 3666 2657 praecepto

2015 2660 2411 2724 benedicendi
2457 2681 2658 2725 servos
2688 2672 2965 2744 parerent
2991 2685 3005 2722 :
3041 2681 3117 2725 ne
3146 2662 3265 2724 illis
3294 2664 3522 2726 ratione
3553 2665 3665 2727 be-

2014 2750 2376 2813 nedictionis
2432 2750 2840 2832 emancipatis,
2888 2751 3003 2833 ipsi
3037 2752 3140 2832 jus
3168 2769 3340 2813 suum
3373 2753 3432 2813 in
3464 2771 3667 2816 servos

2010 2838 2368 2902 amitterent.
2402 2843 2546 2914 Quae
2603 2859 2738 2901 cum
2769 2841 2856 2901 illi
2903 2838 3197 2917 dicerent,
3246 2858 3453 2902 rursus
3507 2841 3569 2903 in
3596 2860 3666 2905 re

2011 2928 2314 3009 proposita
2341 2947 2548 2990 anxms
2578 2928 2948 2992 haesitabam.
3007 2929 3215 3009 Magno
3262 2938 3457 2991 tamen
3486 2930 3662 2993 adhi-

2011 3016 2133 3077 bito
2163 3018 2362 3085 studio
2380 3018 2706 3080 felicissimi
2738 3018 3037 3080 memoria;
3092 3019 3491 3099 imperatoris,
3550 3020 3664 3081 do-

285 3112 550 3193 εύλογίαν,
601 3105 865 3177 ’Υπέδειξα
915 3112 1004 3169 οὖν
1056 3112 1255 3179 ταύτην
1296 3116 1501 3177 αὐτοῖς.
1562 3115 1622 3170 Οἱ
1671 3110 1726 3169 δὲ
1770 3111 1928 3169 πάλιν

2015 3105 2162 3167 mini
2211 3108 2409 3169 Alexii
2439 3106 2740 3170 Novallam
2774 3108 2995 3182 iuveni,
3057 3124 3188 3188 quin
3238 3108 3425 3169 servis
3470 3109 3662 3171 liene-

287 3201 667 3280 ἀπελογοῦντο,
738 3201 816 3276 μὴ
889 3203 1029 3259 εἶναι
1098 3201 1296 3269 ταύτην
1340 3202 1441 3269 τὴν
1484 3204 1794 3276 νομοθεσίαν
1836 3211 1931 3261 τοῦ

284 3292 574 3371 μακαρίτου
626 3289 909 3367 βασιλέως.
958 3292 1048 3358 Μὴ
1078 3289 1223 3370 ἔχων
1265 3290 1357 3347 οὖν
1406 3291 1456 3346 τί
1504 3295 1751 3364 ποιῆσαι,
1806 3288 1928 3348 δέο-

283 3402 379 3457 μαι
423 3383 521 3450 τῆς
577 3382 683 3445 σῶς
742 3379 1066 3457 ἁγιωσύνης,
1128 3378 1221 3434 ’ίνα
1291 3380 1335 3434 εί
1385 3377 1596 3446 ἀληθῶς
1640 3381 1668 3435 ὁ
1710 3379 1928 3447 τοιαύτη

280 3470 440 3550 νεαρὰ
494 3466 617 3548 παρ’
671 3467 886 3550 Δἆκείνου
970 3466 1209 3547 γέγονεν,
1280 3468 1490 3524 ὄπισθεν
1547 3467 1928 3547 ἐπικυρωθῆναι

281 3555 350 3613 δι’
379 3548 386 3550 Ὗ
420 3548 714 3636 ὲπιγραφῆς
774 3558 899 3636 σῆς,
971 3558 1060 3614 καὶ
1108 3556 1442 3637 ὑπογραφῆς,
1490 3554 1575 3612 διὰ
1626 3562 1725 3624 τῆς
1779 3556 1929 3635 ἁγίας

285 3647 469 3727 χειρός
524 3668 640 3721 σου,
723 3647 854 3725 πρὸς
926 3646 1175 3704 σύστασιν
1252 3647 1341 3702 καὶ
1397 3646 1761 3741 πληροφερίαν
1826 3652 1934 3702 τῶν

289 3734 648 3793 ἀπιστούντων
688 3736 842 3811 αὐτῇ,
888 3737 978 3792 καὶ
1004 3734 1261 3816 ὠφέλειαν
1317 3733 1554 3799 πολλῶν,
1614 3731 1722 3793 "Eu
1753 3731 1934 3811 δέομαι

284 3828 474 3901 μαθεῖν
516 3825 658 3904 παρὰ
712 3828 812 3891 τῆς
870 3825 1165 3902 ἁγιωσύνης
1203 3831 1317 3905 σου,
1376 3825 1428 3881 τί
1469 3822 1664 3905 ὀφείλω
1705 3826 1926 3890 ποιῆσαι

283 3916 357 3980 εἰς
416 3912 604 3994 [πρὸς]
660 3914 781 3977 τοὺς
823 3912 914 3970 ἕνα
966 3914 1192 3995 ἔχοντας
1249 3914 1483 3982 οἰκέτην.
1546 3906 1603 3972 Ὀ
1660 3913 1756 3991 μὲν
1828 3915 1928 3993 γὰρ

281 4003 401 4085 ἔχει
456 4003 551 4061 ἕνα
605 4001 811 4075 δοῦλον,
873 4005 962 4061 καὶ
1032 4005 1135 4081 μὴ’
1179 4002 1463 4067 δυναμένου
1515 4013 1608 4063 τοῦ
1675 4002 1928 4060 δεσπότου

282 4092 636 4163 ἐξωνήσασθαι
703 4094 793 4149 καὶ
848 4090 1062 4165 δούλην,
1117 4094 1355 4173 πορνεύει
1400 4096 1429 4150 ὁ
1482 4090 1665 4157 δοῦλος
1722 4090 1921 4150 ἀπολε-

281 4180 521 4257 λυμένως
550 4180 650 4247 ἔξω
683 4200 697 4215 ·
721 4185 774 4252 ,ὁ
831 4180 886 4239 δὲ
923 4180 1140 4262 δούλην,
1203 4185 1290 4239 καὶ
1345 4184 1423 4259 μὴ
1478 4181 1763 4259 δυναμένου
1790 4181 1929 4253 ὠνή-

278 4273 467 4328 σασθαι
525 4272 615 4328 καὶ
668 4269 850 4330 δοῦλον
905 4274 1000 4329 τοῦ
1054 4270 1331 4343 δεσπότου,
1378 4272 1617 4351 πορνεύει
1660 4272 1749 4328 καὶ
1791 4271 1926 4339 αὐτὴ

278 4360 501 4436 ὁμοίως.
559 4360 660 4418 Καὶ
713 4364 857 4435 αύτῳ
910 4364 1100 4438 μαθεῖν
1168 4361 1267 4428 τὴν
1310 4360 1410 4428 σήν
1463 4360 1788 4436 οἰκονομίαν,
1839 4363 1927 4417 καὶ

275 4450 354 4516 τίς
399 4460 435 4527 νς.
473 4449 719 4529 θεραπεία
759 4456 866 4507 τῶν
906 4450 1183 4524 τοιούτων,
1229 4451 1316 4507 καὶ
1369 4450 1413 4505 εί
1468 4446 1608 4515 ἄξιόν
1640 4449 1749 4506 ἐστὶ
1801 4449 1925 4514 τοὺς

276 4536 533 4603 δεσπότας
568 4542 758 4598 αὐτῶν
813 4540 948 4616 μετὰ
1003 4539 1104 4604 τὴν
1139 4538 1306 4619 κρίσιν
1362 4542 1465 4605 τῆς
1494 4534 1813 4605 Ἐκκλησίας
1845 4537 1924 4614 μη

276 4629 601 4699 ποιήσαντας
669 4625 968 4710 διόρθωσιν,
1036 4627 1348 4709 προσφέρειν
1400 4625 1566 4705 δῶρον
1620 4633 1699 4702 τῷ
1757 4635 1874 4703 Θεῷ
1904 4646 1918 4660 ⁸

272 4718 361 4774 καὶ
390 4718 435 4774 εί
477 4715 747 4799 ἐνδέχεται
775 4720 867 4775 τὸν
895 4717 1035 4799 ἱερέα
1093 4715 1339 4797 δέχεσθαι
1380 4717 1472 4774 τὸν
1501 4716 1700 4774 τούτων
1755 4714 1917 4796 δῶρα,

272 4808 360 4864 καὶ
440 4806 698 4884 μάλιστα,
771 4806 861 4864 ὅτε
932 4811 1011 4868 αἱ.
1055 4806 1401 4886 πορνεύουσαι
1471 4807 1564 4870 τὰς
1618 4807 1919 4887 προσφορὰς

268 4895 598 4971 ζυμώσουσιν
607 4944 622 4959 .

2012 3194 2333 3257 dictionem
2361 3196 2654 3277 impertiri
2687 3196 2974 3277 praecipit,
3027 3213 3097 3256 ea
3126 3196 3279 3275 lege,
3312 3204 3446 3276 post
3472 3198 3662 3277 ipsam

2012 3300 2253 3364 quoque
2306 3283 2788 3347 benedictionem
2839 3294 2903 3345 ut
2932 3284 3087 3345 servi
3117 3296 3415 3345 maneant.
3471 3287 3661 3359 Quam

2013 3391 2148 3434 cum
2182 3374 2269 3435 eis
2319 3381 2905 3448 commonstrassem,
2941 3372 3029 3433 illi
3061 3374 3317 3435 vicissim
3352 3377 3661 3453 praeterie-

2015 3460 2181 3537 hant,
2214 3462 2405 3541 legem
2436 3461 2598 3523 illam
2629 3462 2759 3542 ejus
2780 3461 3183 3542 imperatoris,
3217 3462 3404 3525 beatae
3435 3482 3663 3525 memo-

2013 3550 2140 3625 riae,
2193 3568 2564 3630 nequaquam
2625 3568 2778 3612 esse.
2838 3550 3032 3623 Quare
3089 3569 3223 3611 cum
3271 3550 3413 3629 quid
3458 3570 3651 3631 agam,

2018 3657 2137 3700 non
2193 3638 2466 3714 habeam,
2528 3640 2897 3701 sanctitatem
2957 3648 3112 3701 tuam
3171 3641 3443 3717 obsecro,
3476 3649 3537 3701 ut
3564 3641 3650 3702 si-

2017 3728 2257 3809 quidem
2281 3746 2352 3790 ea
2381 3729 2613 3790 novella
2666 3747 2876 3791 revera
2932 3727 3091 3791 illius
3140 3729 3513 3811 imperatoris
3545 3739 3656 3808 est,

2012 3819 2172 3880 illam
2207 3827 2265 3880 et
2294 3818 2683 3899 inscriptione
2713 3828 2931 3880 sanctae
2990 3827 3101 3880 tua;
3157 3837 3391 3894 manus,
3423 3828 3482 3881 et
3508 3820 3654 3882 sub-

2013 3907 2339 3989 scriptione
2370 3916 2556 3969 ratam
2615 3908 2833 3970 facias:
2869 3915 2931 3969 ut
2960 3916 3017 3969 et
3058 3908 3397 3983 conﬁrmes,
3432 3916 3492 3971 et
3518 3928 3657 3972 cer-

2014 4005 2103 4058 tos
2131 3997 2347 4058 reddas
2376 4008 2501 4072 eos,
2560 3996 2660 4077 qui
2712 3996 2892 4058 ﬁdem
2923 3995 2979 4059 ei
3008 4015 3125 4058 non
3155 3996 3395 4072 habent,
3431 4005 3490 4060 et
3519 3999 3656 4080 plu-

2012 4084 2179 4148 ribus
2210 4084 2425 4166 prosis.
2461 4089 2748 4148 Praaterea
2781 4087 3014 4149 discere
3043 4085 3148 4147 abs
3207 4095 3307 4147 tua
3351 4093 3657 4153 sanctitate

2012 4174 2213 4256 cupio,
2247 4175 2388 4255 quid
2410 4174 2486 4237 de
2520 4174 2593 4236 iis
2623 4175 2920 4255 agendum
2979 4175 3125 4236 mihi
3154 4174 3251 4249 sit,
3278 4176 3380 4256 qui
3411 4178 3653 4240 unicum

2010 4282 2247 4326 servum
2276 4262 2525 4327 habent.
2568 4261 2757 4327 Unius
2798 4265 2958 4327 enim
2991 4265 3146 4326 servi
3176 4264 3453 4328 dominus
3482 4267 3534 4329 si
3562 4268 3654 4330 fa-

2010 4353 2284 4416 cultatem
2317 4352 2558 4416 emendi
2584 4353 2865 4416 ancillam
2894 4367 3013 4416 non
3043 4353 3279 4429 habeat,
3312 4353 3499 4417 libere
3519 4374 3652 4418 ser-

1948 4420 2115 4505 Dvus
2167 4452 2332 4505 extra
2384 4443 2728 4523 conjugium
2775 4452 3070 4505 scortatur
3109 4460 3122 4506 :
3179 4420 3388 4504 itidem
3425 4445 3655 4507 ancilla

2006 4532 2310 4614 dominus,
2341 4532 2392 4594 si
2443 4534 2780 4595 facultatem
2835 4531 3073 4594 emendi
3128 4549 3363 4593 servum
3394 4551 3511 4595 non
3542 4535 3652 4596 ha-

2007 4622 2164 4698 beat,
2191 4622 2586 4685 consimiliter
2632 4631 2690 4683 et
2722 4622 2850 4702 ipsa
2884 4628 3201 4683 scortatur.
3233 4619 3339 4683 His
3365 4639 3472 4702 ego
3503 4641 3653 4685 eon-

2005 4709 2205 4771 silium
2254 4718 2419 4772 tuum
2465 4727 2827 4790 cognoscere
2873 4709 3073 4792 cupio,
3130 4717 3191 4771 et
3235 4710 3531 4791 quodnam
3563 4710 3655 4774 his

2008 4799 2337 4862 remedium
2363 4799 2441 4860 sit
2470 4799 2902 4862 adhibendum.
2936 4806 3029 4861 An
3059 4800 3198 4861 item
3221 4800 3307 4861 fas
3337 4800 3414 4862 sit
3441 4801 3652 4863 horum

2002 4888 2303 4971 dominos,
2338 4888 2437 4970 qai
2460 4897 2589 4970 post
2597 4888 2894 4968 judicium
2914 4887 3197 4953 Ecclesiae
3216 4889 3436 4952 nullam
3461 4908 3657 4955 emen.

274 4983 579 5046 dationem
608 4984 999 5061 instituerint,
1031 4986 1156 5048 Deo
1186 5001 1403 5047 munus
1431 4983 1649 5047 offerre
1684 5005 1697 5044 :
1734 5001 2000 5066 numque
2030 4980 2262 5045 licitum
2317 4979 2417 5053 sit,
2452 4988 2514 5040 ut
2561 4978 2773 5040 horum
2823 4979 2980 5041 dona
3027 4979 3305 5042 sacerdos
3341 4979 3650 5062 suscipiat,

272 5072 608 5154 praesertim
638 5092 773 5137 cum
834 5073 1169 5139 oblationes
1215 5076 1651 5139 fermentantur
1679 5073 1857 5136 abiis
1887 5093 2019 5156 qua;
2048 5070 2411 5134 scortatione
2439 5088 2504 5131 se
2534 5068 2824 5150 polluunt.

1596 5242 1852 5306 VARiIE
1896 5242 2078 5305 LECT
2086 5237 2210 5306 1οΝ
2220 5240 2330 5303 ES.

348 5352 413 5405 59
439 5356 647 5421 πιστός,

351 5485 391 5518 ³
438 5474 681 5559 rectius,
713 5476 930 5557 ﬁdelis.

1826 5550 2077 5616 ΝΟΤιΕ.

354 5683 801 5769 (49)'l'anquam
837 5696 1009 5770 pater
1035 5684 1388 5776 spiritualis,
1419 5684 1494 5749 de
1523 5702 1639 5768 quo
1666 5680 1823 5749 inira
1844 5672 1957 5756 sub
1982 5680 2094 5759 lin.
2122 5677 2306 5772 hujus
2333 5688 2493 5757 libri.
