4160 6212
498 290 696 356 ⁵1123

1918 287 1951 350 J
1958 286 2051 350 US
2088 285 2540 352 CANONICUM

3763 284 3914 354 1124

539 427 778 491 Salutio
794 427 1022 492 Nicena
1038 424 1373 507 Mitylenaei
1396 422 1841 488 Thessalonica:
1862 423 2169 487 antistitis.

2275 444 2298 476 ι
2378 422 2534 487 Λύσις
2618 430 2711 481 τοῦ
2798 418 3213 507 Θεσσαλονίκης,
3287 423 3444 501 κυροῦ
3540 425 3750 495 Νικήτα
3829 432 3918 481 τοῦ

620 596 903 669 Quisnam
934 595 1036 672 sis,
1078 595 1158 656 mi
1183 595 1383 669 homo,
1409 596 1507 675 qui
1541 612 1752 673 magno
1777 611 1846 656 ex
1872 589 2181 654 intervallo

538 685 613 746 de
643 685 736 747 his
764 685 1118 764 interrogas,
1161 683 1437 765 equidem
1470 681 1680 762 ignot-o
1714 701 1728 742 :
1765 699 1898 743 cum
1962 685 2018 743 te
2072 696 2183 739 nec

538 773 810 848 viderim,
843 792 955 836 nec
1005 773 1291 835 allouitus
1342 775 1476 835 sim.
1533 770 1743 833 Errata
1784 768 2026 850 quidem
2055 766 2175 833 illa.

539 882 673 945 quae
694 862 992 943 suggestio
1023 872 1122 924 tua
1165 861 1449 931 continet.
1509 859 1862 939 corrigenda
1916 857 2182 945 veniunt,

538 944 818 1034 tuamque
846 952 923 1016 de
953 951 1046 1014 his
1094 950 1618 1030 interrogationem
1652 947 1876 1030 probo;
1912 944 2185 1027 quando-

536 1041 774 1126 quidem
805 1060 1008 1104 eorum
1044 1048 1305 1121 peccata,
1352 1038 1451 1120 qui
1506 1037 1769 1100 dominis
1824 1035 2178 1126 inserviunt,

537 1131 660 1194 sive
685 1123 804 1194 sint
831 1130 1006 1206 servi,
1042 1130 1163 1192 sive
1194 1128 1388 1193 liberi.
1418 1128 1510 1189 vel
1560 1126 1753 1208 potius
1796 1126 1844 1186 si
1875 1123 2050 1196 servi,
2084 1132 2182 1185 aut

537 1240 777 1303 prorsus
807 1220 1050 1283 alterius
1081 1219 1139 1281 iu
1174 1224 1482 1300 potestate,
1516 1216 1904 1303 conferuntur
1942 1218 1997 1274 in
2022 1212 2183 1303 ipsos

535 1300 1012 1392 patresfamilias,
1075 1309 1124 1370 si
1181 1307 1315 1389 quis
1387 1305 1548 1366 omni
1620 1304 1811 1366 studio
1870 1302 1944 1364 de
1990 1300 2181 1392 corri—

535 1390 746 1478 gendis
777 1397 863 1460 eis
893 1416 1011 1459 non
1070 1396 1310 1474 cogitet.
1370 1394 1534 1468 Quod
1596 1393 1645 1454 si
1701 1412 1811 1454 nec
1877 1390 2186 1452 manifesta

536 1498 695 1563 sunt,
723 1489 847 1551 Deo
893 1490 1182 1549 rationem
1232 1484 1444 1547 reddet
1485 1483 1556 1558 is,
1592 1482 1691 1564 qui
1721 1501 1790 1543 ea
1815 1479 2132 1542 committit
2163 1497 2177 1541 :

535 1577 626 1639 sin
659 1576 991 1642 manifesta,
1027 1573 1483 1657 paterfamilias:
1531 1572 1629 1654 qui
1659 1571 1898 1652 quidem
1933 1586 2004 1630 ea
2031 1567 2182 1629 loci-

2873 498 3250 569 Μιτυληναίου.
3287 524 3313 560 α

2344 596 2432 661 Τίς
2464 596 2560 671 μὲν
2590 595 2670 669 εἴ,
2698 594 2958 675 ἄνθρωπε,
3013 594 3213 674 ἀγνοῶ,
3258 598 3287 652 6
3340 604 3503 656 ταῦτα
3547 596 3826 677 ἐπερωτῶν
3854 598 3912 654 ἐκ

2265 694 2467 764 μακροῦ
2521 682 2903 764 διαστήματος,
2974 685 3111 759 μήτε
3163 681 3286 740 ἰδών
3334 706 3416 759 σε,
3482 687 3621 761 μήτε
3673 687 3911 766 ἐντυχών

2269 796 2374 836 σοι.
2422 772 2508 839 Ἐξ
2537 773 2775 853 ἀνάγκης
2803 770 2859 828 δὲ
2909 772 2943 829 ἃ
2998 770 3339 848 διαλαμϐάνει
3381 775 3417 842 ἡ
3472 774 3764 850 ὑπόμνησίς
3819 797 3911 832 σου

2269 861 2582 943 σφάλματα,
2628 860 2906 941 διορθωτέα
2949 860 3070 923 εἰσί.
3119 863 3217 920 Καὶ
3287 860 3623 943 ἀποδέχομαι
3676 885 3766 921 σου
3810 865 3906 931 τὴν

2267 953 2384 1031 περὶ
2451 952 2650 1008 τούτων
2734 949 3014 1030 ἐρώτησιν,
3087 948 3168 1007 ὅτι
3236 951 3302 1008 τὰ
3367 952 3721 1031 ἁμαρτήματα
3802 956 3905 1009 τῶν

2264 1042 2661 1121 ὑπηρετούντων
2730 1053 2847 1105 τοῖς
2917 1038 3221 1116 δεσπόταις,
3318 1039 3430 1096 εἴτε
3498 1039 3671 1101 δοῦλοί
3751 1044 3903 1116 εἰσιν,

2266 1129 2376 1188 εἴτε
2420 1129 2694 1206 ἐλεύθεροι,
2763 1131 2852 1188 καὶ
2905 1127 3107 1204 μᾶλλον
3166 1131 3209 1185 εἰ
3266 1126 3460 1203 δοῦλοι,
3605 1129 3743 1194 ὅλως
3799 1133 3907 1187 ὕπ-

2265 1218 2484 1285 εξούσιοι
2557 1218 2641 1276 ἐπὶ
2695 1241 2814 1284 τοςς
2886 1215 3258 1283 οἰκοδεσπότας
3329 1218 3597 1299 φέρονται,
3653 1217 3771 1298 εἴγε
3829 1220 3907 1295 μὴ

2264 1309 2527 1372 παντοίως
2574 1308 2831 1388 φροντίζοι
2886 1329 2966 1371 τις
3022 1313 3122 1375 τῆς
3180 1308 3373 1364 τούτων
3420 1305 3761 1386 διορθώσεως.
3810 1311 3909 1366 Καὶ

2266 1397 2310 1453 εἰ
2338 1398 2435 1472 μὲν
2479 1398 2604 1453 εἰσὶν
2646 1396 2850 1477 ἀφανῆ,
2902 1403 2979 1470 τῷ
3034 1402 3150 1471 Θεῷ
3191 1396 3345 1477 δώσει
3374 1395 3533 1474 λόγον
3561 1399 3590 1453 6
3618 1396 3864 1476 πράττων
3887 1416 3903 1432 ·

2267 1488 2311 1543 εἰ
2340 1469 2420 1541 ’δὲ
2472 1469 2707 1566 φανερὰς
2737 1487 2765 1541 δ
2823 1469 3223 1552 όίἀοδεσπότης,
3286 1469 3381 1547 ’⁸ος
3423 1469 3511 1541 καὶ
3574 1469 3768 1566 ὀφείλει
3839 1491 3909 1561 τῇ

2264 1576 2398 1633 κατά
2426 1575 2586 1632 τόπον
2641 1572 2896 1646 ἐκκλησίᾳ
2938 1580 3099 1631 ταῦτα
3157 1574 3432 1655 φανεροῦν,
3475 1574 3569 1630 ’ἶνα
3626 1576 3654 1631 6
3699 1573 3911 1631 ἐπίσκο-

535 1667 666 1747 ejus
696 1665 964 1728 ecclesiae
993 1664 1325 1746 patefacere
1354 1661 1552 1736 debet,
1591 1669 1651 1721 ut
1689 1670 1812 1722 tum
1845 1662 2169 1747 episcopus1

2268 1685 2364 1727 πος
2395 1664 2483 1719 καὶ
2514 1664 2561 1719 οἱ
2590 1661 2766 1719 ἐκεῖσε
2798 1664 2958 1741 ἱερεῖς
3023 1662 3110 1718 καὶ
3152 1663 3387 1741 μοναχοὶ
3436 1663 3552 1742 περὶ
3580 1667 3677 1728 τῆς
3708 1663 3909 1719 τούτων

534 1745 657 1817 tum
707 1755 828 1816 illic
884 1745 1183 1816 constituti
1238 1751 1579 1814 sacerdotes
1633 1768 1700 1811 ac
1750 1746 2050 1820 monachi,
2111 1745 2185 1807 de

2266 1750 2586 1830 διορθώσεως
2638 1750 3017 1828 ἀγωνίζωνται.
3080 1750 3211 1809 Τότε
3266 1752 3366 1830 γὰρ
3427 1753 3455 1807 6
3508 1749 3905 1829 οἰκοδεσπότης,

531 1842 901 1924 corrigendis
953 1843 1070 1905 illis
1129 1841 1367 1904 solliciti
1402 1840 1540 1913 sint,
1601 1838 1830 1920 Quippe
1887 1845 2029 1897 tunc
2052 1835 2169 1898 locc

2266 1841 2418 1920 εἴπερ
2460 1839 2685 1916 ἀμελοίη
2728 1841 3104 1917 ὑπομνησθεὶς,
3154 1841 3240 1897 καὶ
3283 1842 3406 1920 οῦχί
3433 1841 3499 1897 τὲι
3553 1838 3677 1919 παρ’
3723 1840 3910 1897 ἑαυτοῦ

528 1954 640 1997 suo
666 1933 1047 2013 castigandus
1096 1941 1185 1994 est
1229 1929 1676 2012 paterfamilias,
1711 1935 1768 1989 et
1794 1926 1867 1988 ab
1931 1924 2169 1988 ecclesia

2263 1935 2436 1993 πάντα
2491 1947 2637 1992 ποιεῖ
2687 1935 2814 2013 πρὸς
2877 1932 3172 2012 διόρθωσιν,
3230 1932 3570 2013 ἐπιξιμητέος
3628 1932 3735 1990 ἐστὶ
3769 1934 3909 1989 κατά

528 2008 915 2105 separandos,
952 2041 1087 2084 cum
1128 2008 1484 2082 admonibus
1509 2017 1881 2098 negligenter
1910 2034 1973 2076 se
2000 2013 2169 2105 gerit,

2261 2023 2360 2091 τὴν
2392 2024 2544 2082 αὺτοῦ
2572 2022 2739 2098 τάξιν,
2790 2025 2878 2080 καὶ
2922 2021 3252 2103 ἀφοριστέος.
3307 2008 3419 2080 ’ὅτε
3461 2029 3587 2100 γοῦν
3627 2026 3673 2079 οἱ
3730 2020 3907 2080 δοῦλοι

528 2104 640 2177 nec
667 2114 741 2175 ad
774 2111 1254 2175 emendationem
1286 2109 1487 2171 delicti
1521 2107 1658 2170 facit
1691 2106 1912 2175 omnia,
1937 2121 2069 2184 quae
2100 2104 2169 2165 ab

2260 2113 2347 2169 καὶ
2376 2114 2427 2169 αἱ
2457 2110 2687 2177 δουλίδες
2726 2113 2868 2175 τινὸς
2928 2113 3256 2189 πορνεύουσι,
3311 2112 3400 2168 καὶ
3456 2109 3659 2179 εἴδησιν
3702 2109 3910 2187 λαμϐά-

517 2200 647 2283 ipso
694 2205 1077 2283 requiruntur
1159 2198 1364 2280 Itaque
1413 2216 1546 2260 cum
1606 2195 1871 2283 alicujus
1911 2191 2065 2255 servi
2120 2198 2169 2252 et

2258 2222 2362 2256 νων
2430 2202 2458 2256 6
2527 2202 2704 2281 κύριος
2760 2201 2952 2274 αὐτῶν,
3029 2202 3091 2257 ού
3161 2200 3422 2263 παντοίως
3490 2198 3778 2280 διορθοῦται
3847 2203 3909 2255 τὸ

525 2282 760 2353 ancillas
784 2282 1148 2365 scortantur,
1183 2288 1376 2368 deque
1394 2288 1507 2349 hoc
1531 2290 1713 2347 factus
1727 2282 1950 2346 certior
1970 2299 2169 2343 eorum

2256 2296 2488 2346 τοιοῦτον
2515 2290 2831 2369 ἁμάρτημα,
2889 2292 2975 2346 καί
3030 2288 3297 2369 ἐπιτρέπει
3342 2289 3484 2364 αὒτῷ
3507 2287 3573 2339 60
3618 2291 3719 2356 τὴν
3759 2291 3905 2368 ἱερο-

523 2379 827 2461 dominus,
864 2398 979 2441 non
1031 2376 1195 2439 omni
1246 2375 1423 2437 modo
1472 2382 1779 2456 peccatum
1814 2372 1871 2433 id
1908 2369 2173 2449 corrigit,

521 2477 705 2547 utque
734 2487 918 2531 sacrae
963 2466 1398 2530 benedictionis
1457 2464 1774 2546 participes
1815 2462 1978 2542 ﬁant,
2035 2478 2173 2540 per-

521 2558 700 2619 mittit
730 2555 1156 2637 segregationis
1188 2573 1420 2636 poenam
1454 2561 1740 2627 meretur,
1782 2551 1950 2631 juxta
1971 2566 2172 2611 sacros

518 2664 587 2707 ac
635 2645 865 2707 divinos
894 2662 1175 2723 canones,
1237 2644 1321 2704 uti
1381 2650 1438 2702 tu
1489 2659 1729 2723 quoque
1791 2644 2172 2721 peraccurate

520 2734 869 2796 disserendo
899 2730 1400 2796 commonstrasti.
1463 2730 1704 2793 Frustra
1734 2746 1873 2790 vero
1901 2735 2172 2792 metuunt

520 2821 772 2897 domini,
830 2839 907 2883 ne
963 2821 1013 2881 si
1047 2828 1304 2900 potes'as
1372 2818 1524 2880 facta
1603 2817 1781 2879 fuerit
1848 2814 2053 2889 servis,
2107 2822 2170 2875 ut

518 2910 947 2972 interveniente
998 2908 1419 2989 benedictione
1458 2906 1739 2985 legitimis
1796 2923 1927 2966 cum
1961 2903 2162 2965 uxori-

2256 2375 2461 2456 λογίαν,
2504 2378 2797 2459 ἀφορισμοῦ
2840 2377 2983 2434 ἐστιν
3041 2374 3181 2443 ἄξιος
3236 2378 3374 2436 κατά
3432 2379 3551 2443 τοὺς
3592 2378 3759 2456 ἱεροὺς
3816 2379 3909 2432 καὶ

2253 2468 2420 2531 θείους
2499 2467 2748 2547 κανόνας,
2823 2468 2995 2532 καθὼς
3073 2468 3163 2523 καὶ
3233 2465 3387 2529 αὗτὸς
3462 2464 3905 2546 ἧκριϐολογήσω.

2254 2553 2467 2613 Ἐκεῖνο
2508 2553 2564 2611 δὲ
2623 2555 2797 2631 μάτην
2852 2556 3199 2613 ὑποπτεύεται
3256 2555 3397 2619 παρά
3438 2562 3544 2611 τῶν
3601 2552 3905 2629 δεσποτῶν,

2252 2644 2332 2700 ὅτι
2376 2645 2465 2705 ἐὰν
2520 2648 2936 2724 ωγχωρηθῶσιν
2978 2648 3026 2701 οἱ
3082 2642 3255 2701 δοῦλοι
3306 2639 3705 2723 ἰερολογηθῆναι
3766 2644 3908 2719 μετά

2251 2744 2512 2815 γυναικῶν
2541 2738 2800 2814 νομίμων,
2861 2737 2897 2805 ἢ
2951 2741 3003 2794 αἰ
3045 2734 3272 2800 δουλίδες
3322 2738 3457 2811 μετὰ
3511 2735 3735 2815 ἀνδρῶν,
3779 2737 3909 2799 τοὺς

2252 2827 2467 2891 οἰκείους
2522 2826 2726 2891 οἰκέτας
2798 2824 3146 2885 ἀπολέσουσιν
3182 2844 3195 2857 ·
3283 2827 3356 2890 ὡς
3433 2827 3531 2891 τῆς
3613 2821 3912 2903 ἱερολογίας

2250 2917 2581 2996 ἁρπαζούσης
2623 2915 2806 2981 αὐτοὺς
2864 2918 2936 2979 εἷς
2994 2914 3303 2994 ἐλευθερίαν.
3368 2915 3578 2981 Ταύτην
3642 2915 3743 2992 γὰρ
3800 2914 3907 2979 τὴν

519 2999 630 3061 bus
684 2999 779 3061 vel
837 3017 970 3061 cum
1032 2997 1260 3060 maritis
1323 2996 1555 3058 ancilla;
1621 2994 1975 3076 copulentur
2053 2991 2168 3074 ipsi

2256 2991 2478 3082 ὅποψίαν
2520 3003 2728 3062 ἀνεῖλεν
2776 3008 2804 3062 ὁ
2858 3003 3093 3081 ἀοίδιμος
3147 2991 3392 3082 βασιλεὺς
3443 3013 3595 3083 κῦρος
3658 3000 3906 3067 Ἀλέξιος

520 3088 835 3170 mancipiis
885 3087 1012 3149 suis
1082 3086 1380 3175 excidant,
1437 3104 1505 3148 ac
1559 3085 1608 3146 si
1656 3084 1973 3175 conceptio
2024 3102 2164 3165 pre-

2256 3093 2333 3152 διὰ
2365 3101 2572 3175 νεαρᾶς,
2618 3096 2683 3161 ἣν
2726 3096 2815 3152 καὶ
2856 3098 2907 3151 αἱ
2964 3092 3239 3161 ἐκκλησίαι
3299 3091 3557 3158 ἐδέξαντο,
3621 3093 3719 3150 Καὶ
3779 3090 3909 3147 λοι-

519 3196 654 3239 cum
684 3195 985 3240 sacrarum
1016 3194 1119 3238 eos
1162 3175 1222 3237 in
1278 3174 1610 3237 libertatem
1645 3180 1902 3253 raperet.
1938 3170 2166 3253 Quippe

2256 3185 2349 3241 πὸν
2391 3170 2484 3241 ἵνα
2529 3185 2606 3261 μὴ
2660 3184 2977 3263 πορνεύωσιν
3036 3187 3082 3240 οἱ
3125 3180 3321 3263 δοῦλοι,
3383 3180 3577 3262 ἐδέχθη
3608 3183 3671 3237 τὸ
3696 3179 3909 3260 ἱερολο-

519 3274 741 3329 metum
801 3267 959 3328 hunc
988 3264 1077 3327 eis
1108 3264 1347 3327 abstulit
1402 3262 1655 3345 inclytus
1679 3263 2012 3352 imperator
2040 3261 2162 3335 ille,

2256 3275 2459 3351 γεῖσθαι
2529 3274 2596 3330 τὰ
2666 3261 2880 3330 δουλικὰ
2954 3272 3236 3352 πρόσωπα,
3308 3261 3407 3327 καὶ
3475 3261 3652 3347 μένειν
3734 3267 3907 3326 πάλιν

517 3356 800 3420 dominus
851 3353 1092 3418 Alexius
1149 3372 1260 3433 per
1316 3353 1607 3415 novellam
1637 3351 1712 3415 ab
1740 3351 2025 3414 Ecclesiis
2052 3370 2162 3432 ap-

2256 3363 2349 3418 5πὸ
2390 3363 2488 3429 την
2531 3359 2785 3421 δουλείαν.
2837 3371 2935 3438 Καὶ
2988 3351 3231 3437 οὐδεμίαν
3286 3359 3499 3440 ἔχουσιν
3556 3362 3604 3414 οἱ
3646 3355 3906 3415 δεσπόται

523 3445 852 3526 probatam.
888 3444 1145 3525 Ideoque
1176 3461 1253 3505 ne
1285 3441 1440 3505 servi
1468 3450 1824 3516 scorteutur,
1858 3450 2165 3522 receptum

516 3543 627 3608 est,
655 3542 718 3596 ut
744 3533 1163 3613 benedictione
1188 3550 1354 3596 sacra
1386 3550 1657 3613 persona}
1698 3530 1943 3593 serviles
1976 3549 2164 3611 copu-

517 3623 738 3699 lentur,
794 3643 863 3684 ac
919 3622 1310 3685 nihilominus
1366 3621 1636 3683 servituti
1685 3619 1803 3681 sint
1849 3619 2158 3682 obnoxia):

516 3731 709 3795 neque
758 3711 994 3774 Domini
1024 3730 1266 3773 causam
1322 3711 1500 3772 ullam
1547 3709 1791 3784 habent,
1845 3710 2163 3790 quominus

2248 3455 2505 3534 πρόφασιν
2567 3457 2641 3518 εἰς
2700 3456 2762 3511 τὸ
2805 3455 2882 3531 μὴ
2939 3454 3262 3533 ωζευγνύειν
3299 3454 3418 3518 τοὺς
3473 3451 3696 3515 οἰκείους
3770 3449 3904 3508 δού-

2246 3542 2370 3607 λους
2401 3546 2637 3620 νομίμως
2668 3556 2789 3609 ταῖς
2849 3541 3056 3606 δούλαις
3106 3540 3325 3621 γυναιξὶ,
3385 3543 3473 3598 καὶ
3528 3543 3623 3604 τὰς
3653 3538 3903 3605 δουλίᾶας

2247 3630 2457 3712 ἀνδράσι
2517 3630 2722 3696 δούλοις
2779 3633 2913 3708 μετά
2968 3631 3285 3712 ἱερολογίας.
3346 3632 3444 3689 Καὶ
3499 3631 3545 3686 εἰ
3614 3630 3695 3705 μὴ
3739 3638 3900 3687 τοῦτο

2245 3731 2508 3796 ποιοῦσιν,
2555 3722 2823 3779 ὑπεύθυνοί
2893 3722 2991 3778 εἰσι
3048 3734 3165 3787 τοῖς
3222 3733 3523 3783 κανονικοῖς
3580 3718 3895 3798 ἐπιτιμίοις,

516 3820 719 3864 servos
749 3820 890 3862 suos
942 3801 1204 3880 legitime
1261 3820 1395 3862 cum
1450 3800 1683 3862 ancillis
1741 3798 2044 3874 uxoribus,
2106 3806 2164 3861 et

2256 3809 2407 3890 ἤγουν
2436 3811 2755 3892 ἀφορισμοῖς
2811 3812 2899 3867 καὶ
2953 3810 3380 3877 ἀκοινωνησίαις,
3440 3813 3556 3867 Τῶν
3612 3805 3669 3864 δὲ
3709 3810 3897 3864 τοιού-

514 3891 763 3953 ancillas
792 3908 927 3951 cum
976 3889 1161 3951 servis
1214 3889 1463 3970 maritis,
1513 3888 1945 3957 interveniente
1995 3905 2165 3949 sacra

2256 3888 2375 3981 των,
2420 3888 2553 3956 οὐδὲ.⁷
2579 3904 2630 3957 αἱ
2684 3902 2976 3980 προσφοραὶ
3017 3898 3217 3980 δεκταὶ,
3277 3898 3378 3963 ἕως
3437 3897 3499 3954 ἂν
3569 3895 3901 3978 διορθώσων-

513 3978 953 4067 benedictione,
983 3979 1283 4059 copulent:
1307 3979 1599 4059 adeoque,
1628 3979 1687 4039 ni
1707 3978 1943 4056 faciant,
1970 3977 2161 4058 poenis

2256 3977 2369 4049 ιται.⁷
2425 3986 2591 4046 Ἀλλά
2672 3977 2760 4046 καὶ
2838 3977 2902 4046 ὀἵ
2959 3977 3398 4067 ἐπιτετραμμένοι
3481 3987 3757 4061 ἐπιτηρεῖν
3831 3989 3900 4043 τὰ

512 4067 815 4131 canonicis
839 4066 1076 4128 obnoxii
1107 4075 1264 4143 sunt,
1315 4068 1596 4130 videlicet
1645 4067 2160 4147 segregatiombus

2256 4087 2454 4137 τοιαῦτα
2495 4079 2585 4136 καὶ
2626 4076 2824 4158 διορᾷν,
2884 4080 2927 4136 εἰ
2982 4080 3062 4155 μὴ
3103 4066 3257 4136 τοῦτο
3314 4083 3541 4151 ποιοῦσι,
3598 4077 3687 4133 καὶ
3744 4080 3898 4135 αὖτοὶ

513 4166 572 4221 et
625 4156 1066 4219 exclusionibus
1122 4177 1156 4219 a
1199 4157 1618 4220 communione
1678 4175 1866 4219 sacra.
1925 4156 2158 4219 Talium

2256 4181 2356 4231 τοῖς
2413 4170 2576 4247 ἱεροῖς
2641 4156 2859 4224 κανόσιν
2914 4168 3182 4225 ὑπευωνοι
3252 4168 3505 4246 γίνονται.
3584 4167 3639 4223 Εἰ
3695 4163 3750 4221 δέ
3812 4188 3895 4231 τις

511 4266 761 4336 quoque
794 4262 1183 4336 personarum
1248 4246 1579 4309 oblationes
1635 4245 1999 4325 recipiendae
2037 4265 2155 4307 non

2256 4245 2470 4335 ;ὒπορεῖ⁷
2515 4256 2629 4320 ἑνὸς
2686 4254 2873 4312 δούλου
2941 4256 2977 4323 ἢ
3048 4245 3304 4336 δουλίδος,
3363 4255 3556 4333 ἀπορεῖ
3610 4250 3667 4309 δὲ
3707 4253 3896 4334 ἕτερον

511 4345 669 4408 sunt,
730 4335 920 4398 donec
970 4335 1360 4416 corrigantur.
1425 4335 1576 4410 Quin
1623 4337 1799 4398 etiam
1830 4334 1896 4407 ii,
1942 4334 2157 4415 quibus

2256 4334 2529 4415 ιτήσασθαι
2594 4344 2725 4423 πρὸς
2794 4346 2856 4401 τὸ
2914 4342 3145 4415 συζεῦξαι
3212 4334 3392 4424 αὺτὸν,
3448 4343 3536 4399 καὶ
3591 4339 3676 4397 διὰ
3731 4353 3896 4402 τοῦτο

510 4435 599 4489 est
627 4424 1035 4507 commissum,
1064 4432 1129 4487 ut
1147 4425 1359 4489 istbmc
1389 4426 1704 4488 observent
1732 4432 1793 4486 et
1818 4424 2154 4505 inspiciam,

510 4516 623 4577 nisi
655 4514 870 4578 faciant
925 4515 1210 4593 officium,
1259 4534 1448 4598 paenae
1505 4532 1810 4578 sacrorum
1862 4533 2155 4576 canonum

508 4624 642 4667 sese
692 4604 950 4666 reddunt
980 4603 1291 4668 obnoxios.
1350 4603 1516 4677 Quod
1566 4604 1616 4665 si
1647 4603 1781 4685 quis
1808 4622 1991 4664 unum
2020 4620 2153 4665 ser-

506 4711 666 4770 vum,
720 4693 810 4756 vel
867 4711 1045 4757 unam
1099 4695 1377 4757 ancillam
1436 4692 1721 4774 possidet,
1786 4699 1845 4755 et
1914 4700 2155 4774 propter

504 4782 763 4863 inopiam
795 4800 1140 4863 comparare
1175 4784 1384 4865 nequit
1412 4782 1687 4856 alterum,
1738 4781 1829 4842 vel
1879 4781 2147 4858 alteram,

505 4890 713 4934 eorum
758 4872 1225 4953 copulandorum
1275 4891 1472 4953 causa,
1546 4871 1800 4952 ideoque
1852 4870 2155 4933 scortandi

505 4961 806 5024 licentiam
839 4963 1113 5024 concedit
1144 4963 1221 5038 ei,
1258 4981 1435 5044 quem
1479 4978 1729 5043 quamve
1759 4977 1865 5021 sua
1892 4959 1953 5020 in
1986 4966 2153 5040 pote-

506 5059 656 5113 state
682 5049 900 5112 habet:
933 5050 984 5112 is
1029 5052 1199 5129 sciat,
1235 5051 1463 5114 idcirco
1524 5068 1588 5113 se
1620 5068 1740 5111 non
1790 5048 2033 5112 liberari
2078 5049 2152 5111 ab

506 5139 912 5203 ecclesiastica
963 5147 1021 5202 et
1069 5142 1361 5204 canonica
1414 5158 1587 5223 paena
1639 5161 1652 5198 :

2239 4432 2488 4513 ἀνέχεται
2531 4434 2798 4511 πορνεύειν
2841 4435 2899 4490 ὃν
2959 4431 3098 4514 ἔχει,
3146 4432 3182 4501 ἢ
3214 4432 3278 4500 ἦν
3310 4431 3453 4513 ἔχει,
3495 4433 3596 4487 ὑπὸ
3622 4430 3725 4499 τὴν
3755 4430 3897 4490 ἰδίαν

2237 4521 2492 4594 ἐξουσίαν,
2548 4520 2686 4580 ἵστω
2738 4524 2812 4588 ὡς
2871 4532 3027 4581 τοῦτο
3084 4523 3179 4578 οὔκ
3223 4518 3467 4580 ἐκϐάλλει
3523 4521 3710 4583 αὐτοὺς
3786 4523 3894 4589 τῆς

2234 4610 2674 4679 ἐκκλησιαπικῆς
2716 4612 2803 4668 καὶ
2843 4616 3128 4678 κανονικῆς
3173 4609 3526 4687 ἐπιτιμήσεως
3562 4630 3575 4643 ⁶
3628 4608 3773 4666 ἀλλά
3801 4614 3895 4668 καὶ

2234 4702 2389 4764 αὐτὸς
2418 4701 2681 4765 παντοίως
2724 4699 3009 4758 ἀπαιτεῖτα
3049 4697 3245 4766 διδάξαι
3299 4701 3390 4756 τὸν
3447 4700 3642 4756 οἰκεῖον
3674 4698 3897 4767 οἰκέτην

2234 4802 2548 4869 σωφρονεῖν,
2576 4789 2612 4856 ἢ
2630 4786 2856 4846 κωλύσει
2875 4787 2931 4838 61
2963 4789 3059 4857 τὴν
3081 4787 3321 4867 πορνείαν
3342 4784 3428 4843 διὰ
3446 4782 3640 4865 τρόπου
3657 4790 3895 4863 παντὸς,

2234 4879 2393 4957 γάμῳ
2423 4875 2774 4948 ὁπωσδήποτε
2816 4877 3059 4950 συζεύξας
3087 4878 3149 4933 τὸ
3180 4885 3429 4955 πορνεῦον
3457 4875 3767 4952 πρόσωπον,
3802 4882 3899 4935 καὶ

2236 4965 2402 5030 οὕτως
2463 4965 2610 5065 ἐσται
2653 4967 2947 5033 ἀνεύθυνος.
2995 4968 3134 5034 Μηνὶ
3193 4962 3558 5046 Σεπτεμϐρίῳ,
3614 4963 3897 5043 ἐπινεμή-

2236 5078 2370 5121 σεως
2404 5078 2457 5113 ια
2486 5104 2499 5118 ,

1708 5137 1812 5200 sed
1866 5137 2109 5201 omnino
2149 5142 2222 5205 ab
2268 5143 2398 5224 ipso
2443 5142 2794 5225 requiritur,
2842 5156 2911 5208 ut
2959 5161 3193 5207 servum
3233 5162 3408 5206 suum
3446 5141 3520 5206 ad
3549 5142 3897 5207 castitatem

504 5232 969 5310 condocefaciat,
1033 5232 1122 5294 vel
1165 5231 1330 5294 omni
1380 5230 1555 5293 modo
1608 5228 2025 5318 scortationem
2084 5230 2419 5315 impediat;
2480 5250 2759 5314 persona,
2790 5253 2923 5317 quae
2962 5236 3074 5298 hac
3120 5252 3186 5296 se
3238 5232 3475 5314 polluit,
3506 5232 3580 5295 ad
3612 5234 3901 5318 conjugii

502 5323 695 5402 legem
727 5322 990 5385 astricta.
1025 5321 1125 5386 Sic
1153 5320 1311 5384 enim
1342 5320 1531 5400 culpas
1559 5336 1772 5401 expers
1801 5317 1934 5379 erit.
1968 5314 2181 5382 Datum
2214 5340 2421 5385 mense
2447 5314 2826 5406 Septembri,
2844 5323 3172 5388 indictione
3201 5339 3282 5387 x1.

581 5411 961 5493 Subscriptio
992 5429 1011 5473 :

660 5498 898 5565 Nicetes
919 5499 1362 5564 Thessalonicae
1388 5495 1898 5580 metropolitanus.

2306 5415 2341 5482 ἡ
2371 5414 2649 5493 ὑπογραφή
2678 5432 2693 5450 ⁸

2349 5492 2405 5560 ’0
2437 5492 2834 5581 μητροπολίτης
2866 5501 3251 5569 Θεσσαλονίκης
3281 5503 3544 5574 Νικήτας.

1838 5615 2090 5681 VARLE
2133 5618 2559 5688 LEGTIONES.

579 5729 644 5784 10
669 5733 862 5792 αύτῶν.

948 5729 1003 5781 οί
1035 5730 1293 5796 κωλῦσαι,
