4160 6212
348 249 510 320 1125

1689 242 2256 312 GRECO-ROMAN
2268 238 2373 303 UM
2386 288 2399 302 .

3570 229 3732 299 1126

354 413 377 446 ι
428 394 532 447 Τοῦ
559 386 963 467 μααριώτάτου
990 385 1416 467 ἀρχιεπισκόπου
1444 386 1622 453 πάσης
1648 379 1989 467 Βουλγαρίας.
2013 414 2022 433 α

2110 365 2879 467 ²⁶ίὲᾞέφηίέ²ζῗ¹ἐίῗὲζίέξρί¹ῗ
2896 369 3443 467 ρξίμέηθνιααοτω
3485 369 3737 467 Damni

428 463 586 548 κυροῦ
619 463 1007 548 AHMHrplor
1029 463 1164 525 rer
1189 472 1695 540 xamrsuuor,
1714 463 1999 539 σημείωμα

431 549 549 627 περὶ
578 554 672 605 τοῦ
699 547 939 605 τοιούτου
968 548 1294 618 ζητήματος.
1334 568 1358 603 c

437 651 905 733 Μεγαλοδοζότατε
958 652 1282 733 περιπόθητέ
1351 675 1443 729 μοι
1515 649 1821 730 αὐτάδελφε,
1881 655 2004 728 κῦρε

354 743 611 825 Στέφανε,
679 743 964 823 ἠρώτησας
1029 744 1173 819 ἡμᾶς
1230 740 1315 799 διὰ
1371 742 1682 822 γράμματος
1762 760 1876 817 σου,
1963 738 2006 793 εἷ

351 832 518 899 ἔξεστι
593 832 815 912 μιγέντα
884 833 985 889 τινὶ
1056 832 1281 911 γυναικὶ,
1366 829 1692 908 συμμιγῆναι
1765 832 2006 905 γαμικῶς

351 928 421 1000 τῇ
462 923 667 989 ἐκείνης
707 918 1073 1002 δισεξαδέλφῃ.
1137 922 1407 1000 Καὶπρὸς
1463 919 1560 986 τὴν
1587 919 1836 984 τοιαύτην
1867 915 2002 995 ἐρώ-

349 1035 528 1086 τησιν,
560 1008 765 1068 τοιάνδε
794 1011 1080 1085 ποιούμεθα
1104 1010 1204 1077 τὴν
1261 1009 1561 1089 ἀπόκρισιν,
1617 1008 1690 1070 ὡς
1732 1007 1794 1062 τὸ
1822 1010 1999 1061 τοιοῦ-

346 1123 439 1158 τον
489 1098 833 1179 συνάλλαγμα
888 1100 976 1156 καὶ
1033 1099 1120 1155 ἐπὶ
1175 1105 1283 1155 τῶν
1324 1100 1538 1177 ἡμερῶν
1591 1102 1683 1153 τοῦ
1739 1092 1998 1172 βασιλέως

2163 449 2586 533 ΠΕΜΤΒΙΙ
2611 449 2883 533 (ΣΗΟΜΑ
2903 449 2951 512 Τ
2945 449 3123 512 IAN!
3168 454 3484 533 scriptum,
3510 452 3587 514 de
3613 452 3733 516 hu-

2150 531 2433 610 jusmodi
2461 531 2802 610 quwstione.

2167 636 2606 701 Gloriosissime
2654 655 2723 699 ac
2778 636 3168 699 dilectissime
3217 638 3402 703 frater
3427 659 3732 721 germane,

2090 727 2331 789 domine
2390 726 2712 807 Stephane,
2782 744 2886 806 per
2927 726 3155 789 litteras
3209 735 3336 791 tuas
3394 748 3502 793 nos
3544 732 3734 794 inter-

2087 819 2328 897 rogasti,
2361 834 2499 877 num
2535 817 2621 877 fas
2651 816 2729 878 sit
2787 815 2867 889 ei,
2921 820 3018 896 qui
3075 835 3209 878 cum
3258 818 3456 899 aliqua
3484 820 3738 883 muliere

2085 926 2212 969 rem
2277 905 2503 981 habuit,
2573 904 3014 967 matrimonium
3093 925 3227 968 cum
3307 908 3438 987 ejus
3497 909 3740 972 sobrina

2086 995 2462 1060 contrahere.
2523 992 2707 1066 Quam
2766 1012 2873 1055 nos
2917 995 2985 1056 ad
3021 994 3432 1079 quaestionem,
3464 997 3524 1060 in
3580 1001 3737 1061 hunc

2085 1085 2324 1146 modum
2356 1084 2788 1165 respondemus
2823 1101 2837 1147 :
2890 1082 3166 1146 videlicet
3214 1086 3556 1166 hujusmodi
3587 1108 3736 1151 eon-

344 1196 439 1248 τοῦ
521 1172 1011 1268 πορφυρόγεννήτου
1098 1197 1257 1267 κυροῡ
1350 1172 1627 1259 Μανουὴλ,
1712 1185 1800 1240 καὶ
1869 1183 2004 1257 μετὰ

2112 1182 2336 1236 raetum
2369 1181 2658 1250 regnante
2708 1172 2960 1234 Domino
3021 1174 3289 1237 Manuele
3335 1177 3733 1257 imperatore;

352 1285 540 1356 ταῦτα,
695 1261 789 1341 ἐῑξ
818 1276 1025 1345 πολλὴν
1066 1261 1366 1354 ἀντιλογίαν
1411 1274 1653 1332 ἐνέπεσεν
1688 1292 1700 1306 ·
1752 1274 1826 1335 ὡς
1856 1272 2006 1328 ἐνίων

2110 1272 2224 1324 nato
2257 1263 2316 1322 in
2348 1262 2676 1356 Porphyra,
2708 1272 2775 1356 et
2807 1261 3099 1356 deinceps
3156 1283 3406 1356 quoque
3427 1267 3739 1329 maximam

358 1369 455 1445 μὲν
510 1368 944 1447 ἀπαγορευόντων
1018 1368 1145 1427 αὐτὸ
1228 1368 1300 1432 ὡς
1387 1364 1657 1440 ἀθέμιτον,
1733 1361 1880 1418 ἐνίων
1955 1358 2009 1416 δὲ

2110 1371 2151 1411 n
2175 1351 2636 1413 controversiam
2662 1350 2945 1414 incidisse
2971 1372 2985 1413 :
3010 1354 3149 1415 dum
3168 1355 3436 1416 nonnulli
3462 1365 3737 1438 tanquam

359 1440 440 1532 μὴ
471 1440 830 1536 ἀπειργόντων
898 1466 1054 1515 τοῦτο
1124 1458 1198 1518 ὡς
1253 1455 1495 1531 ἔννομον,
1545 1454 1642 1511 Καὶ
1679 1454 1726 1509 οἱ
1769 1452 1865 1527 μὲν
1896 1472 2011 1507 κω-

2110 1440 2368 1536 .llicitum
2431 1441 2747 1504 interdicto
2818 1441 3246 1536 prohiberent,
3307 1444 3441 1507 aliis
3497 1445 3743 1507 minime

362 1543 575 1611 λύοντες
643 1552 823 1625 τοῦτο,
895 1548 993 1615 τὴν
1085 1548 1280 1603 οἰκείαν
1368 1544 1605 1601 ’ένστασιν
1679 1541 2014 1620 συνεκρότουν

2110 1529 2441 1625 vetantibus-
2486 1537 2759 1609 tanquam
2817 1529 3046 1625 legibus
3097 1541 3577 1597 consectaneum.
3631 1533 3743 1606 Qui

364 1633 425 1690 ἔκ
463 1656 521 1690 τε
574 1632 773 1709 ἄλλων,
835 1638 923 1692 καὶ
980 1636 1040 1692 ἐκ
1081 1643 1174 1692 τοῦ
1216 1633 1606 1714 διαγινώσκειν,
1654 1631 1769 1695 ἕνὸς
1816 1632 2017 1707 βαθμοῦ

2110 1618 2513 1698 prohibebant.
2576 1638 2709 1681 cum
2766 1619 2898 1680 aliis
2927 1621 3295 1700 argumentis
3352 1622 3746 1685 conficiebant

362 1724 647 1804 τυγχάνειν
678 1708 771 1779 τὸν
813 1722 971 1800 ἄνδρα
1029 1726 1164 1800 μετὰ
1205 1708 1328 1792 τῇς-
1361 1708 1628 1802 γυναικός.
1686 1722 1783 1779 Καὶ
1841 1719 2006 1783 οὕτως

2116 1709 2173 1781 ιΙ,
2214 1709 2367 1789 quod
2405 1709 2478 1769 ab
2540 1709 2706 1789 ipsis,
2768 1709 3146 1772 asserebatur
3176 1729 3192 1786 ;
3227 1720 3348 1773 tum
3384 1730 3454 1773 ex
3484 1731 3553 1774 eo
3584 1711 3743 1793 quod

361 1798 664 1869 τὸν-*ἕκτον
745 1798 945 1890 βαθμδν
1013 1798 1120 1871 τῶν
1175 1798 1555 1891 δισεξαδέλφων
1634 1810 1809 1887 μένειν
1881 1807 2012 1865 ἀκέσ-

2110 1798 2430 1871 statuerint,
2485 1798 2758 1859 maritum
2792 1809 2850 1859 cl.
2899 1818 3147 1861 uxtirem
3198 1800 3259 1862 in
3292 1819 3410 1862 uno
3442 1810 3502 1863 et
3531 1802 3743 1863 eodem

363 1922 510 1980 ραιον
593 1886 979 1981 ςυνεπέραινον,
1067 1901 1332 1979 μηδαμῶς
1415 1886 1644 1968 δηλαδὴί
1702 1906 1771 1976 τῇ
1829 1897 2013 1954 ἐπεισ-

2110 1888 2281 1965 gradu
2335 1886 2662 1949 consistere
2749 1889 2945 1969 Atque
2974 1888 3054 1951 ita
3101 1899 3329 1952 sextum
3363 1890 3740 1952 sobrinoruin

365 1976 553 2069 αγωγῇ
634 2000 726 2049 τοῦ
782 1976 990 2071 ⁷ἀνδρὸς
1045 1976 1631 2071 παρατιτρωσκόμενον,
1690 1988 1826 2044 ὥστε
1884 1987 2015 2042 ἀνα-

2110 1977 2351 2053 μτείάυιη
2388 1995 2626 2038 manere
2683 1976 2973 2057 integrum
3034 1979 3491 2055 concludebant,
3526 1990 3586 2041 ut
3634 1998 3743 2040 ne-

365 2076 560 2135 ϐαίνειν
615 2080 689 2143 εἰς
750 2076 995 2155 ἕϐδομον,
1055 2082 1146 2137 τὸν
1189 2093 1308 2143 τοῖς
1365 2082 1520 2144 θείοις
1563 2079 1746 2153 νόμοις
1804 2075 2016 2132 ἀκώλυ-

366 2189 458 2224 τον
529 2166 1030 2247 ἐπιγινωσκόμενον.
1093 2171 1190 2227 Ναὶ
1233 2170 1339 2245 μὴν
1384 2168 1475 2225 καὶ
1516 2168 1578 2224 ἐκ
1633 2174 1725 2223 τοῦ
1766 2175 2022 2247 γραφικοῦ

366 2256 503 2312 θείου
570 2256 831 2334 ῥήματος,
896 2266 990 2316 τοῦ
1037 2259 1393 2330 θεσπίζοντος.
1456 2258 1562 2315 Ούκ
1605 2255 1875 2331 εἷσελεύση
1947 2256 2020 2318 εἰς

368 2346 540 2404 πάντα
569 2346 770 2405 οἰκεῖον
814 2349 1008 2428 σαρκός
1064 2370 1182 2424 σου,
1227 2344 1570 2422 ἀποκαλύψαι
1628 2345 2020 2425 ἀσχημοσύνην

370 2433 551 2491 αὐτοῦ.
597 2436 801 2493 Οἰκείαν
845 2439 1039 2517 σαρκὸς
1098 2445 1191 2494 τοῦ
1245 2434 1451 2515 ἀνδρὸς,
1509 2436 1606 2504 τὴν
1647 2432 2015 2514 δισεξαδέλφην

369 2527 468 2589 τῆς
541 2523 635 2625 (ὼε
698 2523 930 2625 εἴρηται)
990 2526 1233 2604 μιγείσης
1319 2527 1461 2600 αύτῷ
1516 2524 1760 2602 γυναικός
1813 2524 2016 2600 ὀνομά-

2103 2084 2391 2147 quaquam
2429 2084 2536 2145 per
2557 2067 2958 2129 accessionem
2991 2066 3179 2149 ipsius
3208 2069 3315 2130 viri
3338 2069 3566 2131 scilicet
3582 2068 3749 2150 quasi

2103 2154 2881 2228 scinderetur,ascendendo
2893 2159 2966 2219 ad
2980 2158 3224 2236 gradum
3239 2160 3557 2241 septimum
3575 2176 3752 2242 quem

2105 2264 2225 2306 non
2285 2245 2647 2327 prohibitum
2730 2263 2913 2307 sacra;
2982 2247 3143 2326 leges
3211 2259 3562 2326 agnoscunt.
3619 2250 3743 2312 [mo

2106 2335 2282 2396 etiam
2322 2333 2505 2395 divini
2537 2352 2843 2396 sacrarum
2865 2335 3188 2398 litterarum
3210 2337 3355 2401 dicti
3373 2340 3743 2422 auctoritate,

2102 2425 2274 2505 cujus
2327 2425 2437 2485 hoc
2491 2432 2849 2505 praeceptum
2908 2440 3017 2487 est.
3078 2429 3209 2490 Non
3261 2429 3619 2507 ingredieris
3671 2431 3744 2492 ad

2100 2514 2368 2595 quemvis
2399 2515 2795 2576 necessarium
2827 2516 3022 2577 carnis
3053 2527 3187 2592 tuae,
3225 2527 3287 2579 ut
3327 2521 3458 2600 ejus
3486 2521 3744 2600 ignomi-

372 2618 576 2682 ζοντες.
608 2603 670 2693 ᾯ
713 2603 780 2681 δὴ
837 2615 1036 2692 ῥήματι
1064 2603 1153 2671 καὶ
1183 2618 1211 2672 ὁ
1271 2614 1437 2693 μέγας
1480 2615 1754 2693 ἒχρήσατο
1800 2613 2019 2693 φωστὴρ

2110 2604 2261 2666 niam
2294 2604 2557 2666 reveles:
2614 2603 2913 2666 sobrinam
2972 2606 3266 2687 mulieris,
3298 2628 3432 2671 cum
3464 2629 3579 2692 qua
3613 2612 3747 2692 (ceu

373 2706 466 2757 τού
533 2700 735 2777 κόσμου
827 2702 1099 2769 Βασίλειος
1178 2703 1423 2780 ἀθέμιτον
1489 2703 1753 2781 ἀπείργων
1822 2699 2020 2761 συνάλ-

2110 2694 2329 2757 dictum
2363 2694 2472 2774 est)
2534 2713 2663 2755 rem
2724 2695 2886 2775 prius
2944 2696 3249 2770 habuerat,
3292 2699 3521 2762 ratione
3551 2702 3747 2762 carnis

374 2787 578 2868 λαγμα.
626 2794 686 2849 Οἱ
727 2790 781 2847 δέ
811 2814 873 2870 γε
913 2800 1068 2851 τοῦτο
1117 2806 1232 2859 τοῖς
1291 2793 1793 2873 συγκεχωρημένοις
1825 2791 2021 2871 ἐγγρά-

2110 2784 2231 2844 viro
2264 2783 2654 2863 prOpinquam
2710 2784 3146 2865 nuncupabant.
3209 2786 3336 2859 Quo
3384 2806 3526 2852 sane
3589 2789 3747 2851 dicto

374 2900 583 2959 φοντες,
617 2877 840 2957 ἑϐδόμου
892 2880 944 2947 ἐξ
973 2883 1282 2963 ἀγχιστείας
1313 2872 1553 2962 συνῆγον
1598 2882 1740 2938 εἶναι
1770 2882 1972 2958 βαθμοῦ
2004 2895 2017 2909 ⁸

2110 2873 2363 2935 Basilius
2392 2872 2594 2947 etiam,
2656 2893 2933 2953 magnum
2990 2874 3136 2937 illud
3191 2876 3484 2940 luminare
3517 2880 3745 2955 mundi,

378 2969 451 3032 ὡς
479 2967 530 3034 ἓξ
559 2969 656 3045 μὲν
707 2969 768 3025 ἐκ
813 2980 906 3031 τοῦ
961 2962 1083 3037 ἑνὸς
1119 2973 1300 3052 γένους
1343 2971 1725 3051 εὑρισκομένων
1781 2971 2018 3048 βαθμῶν.

2110 2962 2398 3026 nefarium
2429 2971 2793 3025 contractum
2832 2973 3061 3046 vetans,
3125 2974 3218 3025 est
3267 2985 3428 3027 usus.
3483 2968 3557 3029 At
3606 2987 3745 3031 vero

378 3056 439 3114 ἐκ
467 3055 521 3114 δὲ
551 3064 643 3115 τοὺ
670 3060 846 3141 ἐτέρου
874 3061 1081 3140 γένους,
1126 3063 1328 3139 βαθμοῦ
1366 3060 1543 3121 ,ἄλλου
1586 3062 1728 3126 ἑνὸς.
1760 3060 1858 3118 Καὶ
1885 3057 2023 3115 οὕτω

375 3146 443 3202 τὰ
486 3148 625 3227 παρὰ
666 3154 774 3205 τῶν
800 3149 1158 3231 ἀπειργόντων
1201 3150 1571 3231 προτιθέμενα,
1617 3151 1691 3215 ὡς
1730 3146 2014 3222 ἀπᾴδοντα,

373 3236 462 3291 καὶ
529 3236 921 3319 άπεμφαίνοντα
986 3238 1344 3320 διεγράφοντο.
1427 3241 1489 3297 Εἰ
1552 3241 1651 3318 γὰρ
1706 3244 1849 3294 πᾶσα
1916 3236 2016 3292 ἀν-

374 3322 540 3401 άγκη,
603 3328 749 3404 φασὶ,
801 3325 890 3384 δύο
944 3328 1074 3406 γένη
1118 3327 1368 3398 ἀλλήλων
1427 3326 1678 3406 ἀλλότρια
1727 3324 2014 3399 συνελθεῖν,

374 3410 468 3471 ’ίνα
493 3414 593 3481 τὴν
639 3417 950 3495 ἀγχιστείαν
1001 3416 1349 3495 ἐργάσωνται,
1410 3416 1461 3482 ἐξ
1502 3415 1763 3495 ἑκατέρων
1819 3411 1874 3469 δὲ
1914 3415 2021 3470 τῶν

377 3508 545 3579 γενῶν
584 3505 783 3560 τούτων
836 3505 1148 3584 συνάγονται
1204 3509 1250 3562 οἱ
1305 3507 1520 3582 βαθμοὶ,
1565 3507 1652 3562 καὶ
1699 3504 1865 3568 οὕτως
1896 3504 1931 3571 ἢ
1958 3503 2024 3558 τὰ

380 3589 721 3667 κεκωλυμένα
802 3593 839 3661 ἢ
920 3594 989 3650 τὰ
1068 3594 1525 3674 συγκεχωρημένα
1606 3601 1712 3651 τῶν
1794 3594 2024 3651 ἐντεῦθεν

385 3677 833 3760 συναλλαγμάτων
892 3682 1284 3763 ἀναφαίνονται,
1329 3689 1443 3749 πῶς
1502 3680 1564 3739 ἄν
1606 3706 1685 3748 τις
1744 3686 1817 3747 εἰς
1870 3682 2025 3758 βάθος

384 3770 771 3849 πεπειραμένος
826 3776 924 3839 τῆς
994 3774 1217 3849 νομικῆς
1275 3772 1666 3852 συλλογίσαιτο,
1740 3774 1854 3837 ἑνὸς
1930 3772 2026 3848 βα-

381 3859 515 3932 θμοῦ
557 3859 698 3915 εἶναι
728 3861 816 3916 τὸν
846 3858 1004 3939 ἄνδρα
1050 3862 1185 3937 μετά
1239 3867 1338 3930 τῆς
1400 3864 1645 3942 γυναικός
1681 3882 1698 3944 ;
1760 3862 2023 3920 Ἐντεῦθεν

380 3946 482 4025 γὰρ
538 3946 828 4028 ἀσύμφωνα
900 3949 1115 4014 ἑαυταῖς
1198 3953 1250 4009 αἱ
1329 3954 1657 4029 θεσμοθεσίαι
1714 3953 1801 4007 καὶ
1857 3949 2025 4006 ἄτοπα

378 4036 710 4107 θεσπίζουσαι
786 4038 1183 4119 εὑρηθήσονται,
1263 4042 1329 4098 τὰ
1415 4041 1511 4117 μὲν
1595 4041 1854 4121 δευτέρου,
1940 4040 2026 4096 καὶ

383 4129 578 4210 τρίτου,
645 4132 733 4188 καὶ
784 4133 1054 4213 τετάρτου,
1127 4136 1216 4191 καὶ
1268 4133 1536 4215 πέμπτου,
1592 4137 1672 4191 ναὶ
1729 4133 1783 4191 δὲ
1825 4135 1912 4191 καὶ
1967 4132 2027 4189 ἐκ

384 4218 652 4297 τεσσάρων
693 4222 781 4276 καὶ
836 4218 947 4300 δύο,
1005 4221 1158 4279 ἕκτου
1186 4223 1387 4299 βαθμοῦ
1443 4221 1874 4301 συναλλάγματα,
1921 4243 2025 4277 κω-

2104 3052 2202 3134 qui
2234 3051 2534 3114 concessis
2566 3052 2677 3113 hoc
2707 3052 3045 3132 conjugium
3078 3054 3570 3137 annumerabant,
3603 3076 3745 3137 sep-

2105 3142 2230 3203 timi
2263 3160 2333 3203 ex
2365 3141 2648 3203 affinitate
2678 3141 2895 3220 gradus
2919 3160 3053 3203 esse
3081 3142 3435 3221 colligebant
3463 3163 3477 3207 :
3513 3146 3748 3225 quando

2101 3250 2203 3293 sex
2260 3230 2499 3311 quidem
2557 3228 2772 3307 gradus
2826 3228 3001 3290 unius
3052 3231 3290 3308 generis
3339 3250 3473 3293 esse
3530 3235 3749 3314 depre-

2102 3320 2487 3395 henderetur,
2510 3319 2754 3381 alterius
2772 3328 2968 3379 autem
2987 3338 3164 3382 unus.
3188 3321 3386 3400 Atque
3411 3322 3522 3382 hoc
3546 3324 3746 3400 modo,

2104 3428 2235 3491 qua:
2278 3428 2311 3469 a
2340 3407 2671 3469 vetantibus
2702 3407 2813 3468 hoc
2859 3408 3299 3469 matrimonium
3336 3428 3747 3491 proponeren-

2106 3509 2221 3573 tur,
2255 3498 2413 3558 velut
2466 3516 2501 3557 a
2559 3496 2859 3576 proposito
2917 3496 3131 3571 aliena,
3193 3498 3556 3580 minimeque
3600 3519 3748 3562 con-

2106 3586 2903 3651 sentaneacancellabantur.
2925 3586 3154 3669 Quippe
3176 3589 3225 3649 si
3246 3590 3486 3652 omnino
3506 3609 3751 3655 necesse

2107 3687 2219 3759 est,
2244 3677 2502 3752 aiebant,
2524 3676 2638 3736 duo
2662 3694 2883 3754 genera
2916 3676 3145 3739 diversa
3170 3678 3326 3740 inter
3347 3697 3411 3740 se
3434 3682 3751 3745 convenire

2107 3770 2177 3829 ad
2212 3765 2585 3828 efficiendam
2635 3764 3003 3839 affinitatem,
3058 3776 3117 3828 et
3162 3768 3435 3831 ambolus
3490 3789 3558 3832 ex
3589 3771 3753 3834 hisce

2107 3855 2428 3934 generibus
2484 3856 2534 3917 si
2587 3858 2807 3936 gradus
2865 3855 3244 3935 colliguntur,
3307 3867 3482 3940 atque
3532 3860 3612 3922 ita
3658 3862 3751 3923 vel

2108 3945 2413 4027 prohibiti,
2469 3944 2557 4006 vel
2611 3943 2886 4025 permissi
2943 3953 3281 4008 contractus
3331 3948 3614 4009 elucent:
3651 3957 3756 4029 qui

2109 4034 2239 4096 fieri
2269 4034 2474 4115 possit,
2510 4044 2573 4096 ut
2592 4033 2750 4115 juris
2775 4045 3046 4097 accurate
3089 4036 3314 4117 peritus
3344 4038 3754 4100 ratiocinaudo

2108 4123 2366 4202 colligat,
2398 4123 2572 4185 unius
2601 4141 2732 4185 esse
2781 4124 2999 4202 gradus
3029 4125 3301 4186 maritum
3349 4145 3483 4187 cum
3519 4145 3701 4189 uxore
3728 4133 3757 4191 ’ἰ

2108 4212 2259 4274 Hinc
2290 4213 2450 4273 enim
2482 4212 2643 4290 leges
2672 4212 2828 4275 inter
2856 4231 2922 4275 se
2951 4214 3349 4294 discrepantia
3368 4215 3660 4294 quaedam,
3696 4225 3757 4277 et

389 4304 602 4363 λύουσαι
656 4310 729 4371 ὡς
784 4308 1004 4385 ἀθέμιτα
1032 4327 1046 4341 ⁸
1095 4312 1160 4367 τὰ
1201 4308 1256 4367 δὲ
1327 4318 1418 4369 τοῦ
1470 4312 1608 4384 ἐνὸς,
1660 4311 2022 4391 ἐπιτρέπουσαι

2111 4301 2370 4364 absurda
2397 4309 2657 4363 statuere
2686 4291 3253 4382 deprchendemur;
3286 4291 3452 4384 quasi
3482 4304 3752 4383 secundi,

387 4395 618 4495 γίνεσθαι
650 4415 663 4429 ’
726 4397 951 4495 ὃμποίκς
985 4398 1069 4495 ⁸(τὶν
1096 4399 1314 4465 ἀτοπίας
1358 4400 1654 4495 καταλείψῃ
1684 4397 1977 4495 ὑπερϐολήν
2009 4420 2026 4480 ;

426 4471 621 4550 Ἀλλως
655 4506 714 4542 τε
756 4485 833 4563 δὲ,
865 4489 954 4544 καὶ
981 4487 1041 4544 ἐκ
1066 4492 1164 4557 τῆς
1220 4496 1311 4545 τοῦ
1366 4490 1427 4567 γέ
1440 4513 1545 4556 δους
1575 4471 1750 4568 έεΙιρᾶς
1785 4471 1897 4546 ’τῶν
1927 4471 2038 4571 βαλ,

387 4574 535 4647 θμῶν
593 4575 849 4633 εἰωθότων
904 4580 1205 4656 γεννᾶσθαι,
1260 4578 1487 4646 ἑκάστης
1542 4581 1838 4657 γεννήσεως
1898 4581 2034 4638 κατὰ

384 4661 503 4727 τούς
532 4662 723 4739 νόμους
771 4664 863 4722 ἕνα
918 4666 1121 4743 βαθμὸν
1162 4666 1548 4741 ἀποτελούσης,
1607 4668 1660 4734 ἐξ
1710 4669 1949 4747 ἀνάγκης
2005 4671 2033 4725 ὁ

386 4749 521 4831 ἀνὴρ
561 4754 650 4809 καὶ
702 4755 738 4821 ἡ
783 4756 943 4835 γυνὴ,
1000 4754 1037 4824 ἢ
1092 4757 1167 4819 ὡς
1222 4757 1398 4834 πατὴρ
1445 4759 1536 4814 καὶ
1589 4758 1821 4838 θυγάτηρ
1875 4757 2032 4838 λογι-

388 4842 692 4919 σθήσονται,
737 4845 811 4907 ὡς
859 4843 922 4900 ἂν
970 4843 1174 4913 δηλαδὴ
1227 4847 1330 4902 ὑπὸ
1384 4847 1585 4924 βαθμὸν
1629 4846 1719 4903 ἕνα
1775 4846 2031 4927 γένωνται

389 4931 477 4986 καὶ
533 4930 855 5007 ἀκολούθως,
916 4933 952 5002 ἢ
1009 4936 1083 4999 ὡς
1139 4932 1361 5016 ἀδελφὸς
1416 4938 1504 4993 καὶ
1561 4934 1784 5016 ἀδελφὴ,
1851 4938 1886 5005 ἢ
1956 4939 2030 5000 ὡς

391 5021 536 5107 θεῖος
564 5021 653 5076 καὶ
703 5021 915 5097 ἀνεψιὰ,
964 5022 1001 5091 ἢ
1043 5024 1116 5088 ὡς
1158 5022 1432 5105 ἐξάδελφος
1488 5027 1574 5083 καὶ
1630 5025 1908 5107 ἐξαδέλφη,
1951 5027 2039 5083 καὶ

397 5104 607 5184 ἐφεξῆς.
656 5109 941 5169 Κάντεῦθεν
1006 5109 1192 5180 ἀνέδην
1258 5115 1323 5170 τὰ
1355 5104 1579 5172 τοιαῦτα
1620 5104 1903 5195 πρόσωπα
1928 5138 2041 5195 χω-

397 5195 646 5273 ρήσουσιν
676 5196 853 5278 ὥσπερ
883 5199 987 5256 ἀπό
1015 5222 1155 5265 τινος
1204 5203 1548 5284 ὁρμητηρίου,
1605 5207 1735 5283 πρὸς
1785 5205 1879 5268 τὰς
1935 5210 2039 5259 τῶν

398 5283 658 5359 ἀθεμίτων
733 5288 928 5366 χάμων
1011 5288 1367 5370 συναλλαγάς,
1423 5283 1527 5351 Καὶ
1585 5294 1680 5367 μὲν
1739 5292 2039 5370 συγγενείας

399 5375 477 5447 μὴ
506 5374 902 5448 μεσολαϐούσης
932 5376 986 5432 ἐν
1027 5386 1106 5454 τῷ
1147 5378 1311 5459 ἀνδρὶ,
1370 5383 1458 5438 καὶ
1632 5383 1857 5459 γυναικὶ,
1924 5389 2041 5439 νοῦν

398 5462 534 5531 ὅλως
564 5467 657 5522 οὒκ
687 5464 798 5546 ἔχει
830 5468 890 5523 τὸ
933 5465 1129 5549 λέγειν,
1174 5470 1289 5535 ἑνὸς
1321 5471 1521 5547 βαθμοῦ
1577 5469 1613 5535 ἢ
1643 5467 1731 5526 δύο
1776 5470 1916 5527 εἶναι
1947 5474 2039 5528 τὸν

403 5552 557 5633 ἄνδρα
614 5557 748 5630 μετὰ
806 5560 904 5623 τῆς
949 5559 1215 5634 γυναικός.
1291 5561 1367 5617 Ta
1409 5559 1691 5637 συγγενικά
1749 5560 1849 5639 γὰρ
1904 5563 2038 5632 πρό-

2113 4401 2172 4454 et
2204 4391 2384 4465 tertii,
2417 4400 2476 4454 et
2504 4390 2718 4473 quarti,
2752 4399 2811 4452 et
2841 4392 3056 4472 quinti,
3089 4400 3263 4473 atque
3304 4400 3481 4453 etiam
3508 4411 3575 4454 ex
3606 4412 3753 4474 qua-

2118 4490 2252 4543 tuor
2284 4490 2341 4542 et
2370 4480 2602 4541 duobus
2640 4487 2945 4543 contracta
2996 4481 3144 4542 sexti
3176 4480 3395 4559 gradus
3444 4481 3755 4544 matrimo-

2118 4570 2234 4646 nia,
2265 4570 2421 4632 velut
2445 4570 2654 4633 illicita
2710 4569 3103 4650 prohibeant;
3161 4588 3291 4650 quae
3346 4587 3483 4632 vero
3538 4570 3758 4650 gradus

2118 4660 2294 4722 unius
2321 4658 2464 4739 sint,
2527 4658 2658 4720 fieri
2700 4657 3043 4738 permittant
3072 4677 3085 4720 :
3120 4678 3237 4739 quo
3284 4677 3428 4721 sane
3457 4661 3597 4740 quid
3625 4678 3758 4723 esse

2118 4749 2302 4831 possit
2330 4746 2694 4811 absurdius?
2718 4746 2993 4829 Alioquin
3016 4746 3221 4828 etiam,
3254 4766 3387 4809 cum
3419 4767 3489 4811 ex
3519 4750 3757 4829 generis

2117 4839 2271 4900 linea
2302 4837 2523 4916 gradus
2556 4836 2718 4899 nasci
2747 4836 3184 4912 consueverint,
3219 4836 3483 4917 qualibet
3508 4857 3761 4918 genera-

2117 4927 2277 4991 tione
2306 4927 2631 4989 secundum
2661 4926 2821 5005 leges
2849 4926 3094 5006 gradum
3149 4944 3332 4988 unum
3364 4928 3715 4989 conficiente
3742 4950 3758 5012 ;

2123 5018 2456 5078 necessario
2509 5014 2757 5077 maritus
2788 5024 2843 5075 et
2876 5035 3020 5078 uxor
3054 5015 3144 5077 vel
3200 5024 3476 5097 tanquam
3508 5025 3674 5098 pater
3704 5028 3762 5081 et

2123 5106 2240 5167 filia
2275 5107 2725 5189 reputabuntur,
2778 5108 2859 5166 uti
2893 5106 3000 5167 sub
3049 5127 3229 5168 unum
3260 5108 3503 5186 gradum
3536 5108 3766 5172 scilicet

2126 5197 2470 5276 redigantur
2496 5219 2510 5272 ;
2534 5206 2590 5259 et
2610 5204 3061 5275 consequenter.
3087 5197 3175 5258 vel
3201 5206 3476 5276 tanquam
3501 5196 3682 5259 frater
3706 5207 3766 5260 et

2123 5303 2316 5362 soror,
2379 5287 2467 5348 vel
2522 5297 2796 5367 tanquam
2855 5294 3091 5365 patruus
3148 5293 3210 5348 et
3254 5285 3448 5347 fratris
3480 5287 3619 5361 tilia,
3673 5289 3763 5351 vel

2126 5387 2401 5457 tanquam
2422 5376 2814 5439 consobrinus
2836 5383 2895 5437 et
2915 5374 3293 5451 consobrina,
3317 5395 3563 5458 quaeque
3584 5377 3762 5441 dein-

2121 5484 2266 5547 ceps
2316 5473 2664 5545 sequuntur.
2723 5462 2893 5527 Unde
2951 5482 3221 5543 persona:
3292 5465 3630 5543 hujusmodi
3686 5468 3763 5528 li-

2122 5563 2290 5634 bere,
2323 5558 2482 5620 velut
2508 5576 2542 5620 a
2598 5565 2755 5622 meta
2812 5552 3090 5636 quadam,
3149 5554 3223 5617 ad
3256 5554 3616 5620 nefariarum
3647 5575 3763 5621 nu-
