4160 6212
485 281 638 352 1127

1865 280 1899 344 ,1
1907 281 2000 345 US
2040 278 2492 346 CANONICUM

3717 287 3866 352 1128

495 419 746 501 ptiarum
803 423 1139 480 contractus
1197 416 1676 498 progrediantur.
1713 415 1788 479 At
1815 433 1958 479 vero
2007 433 2119 480 cun

2200 436 2383 475 ,σωπα
2440 414 2560 479 τοὺς
2615 415 2846 492 βαθμοὺς
2915 416 3304 494 ἂποτίκτουσιν,
3391 420 3467 483 ὡς
3549 417 3865 488 ditant-sat.

488 508 648 570 inter
705 507 980 568 maritum
1039 513 1098 567 et
1153 524 1397 567 uxorem
1460 505 1622 566 nulla
1667 504 2005 568 intercedat
2033 525 2119 568 cor

2222 503 2431 561 Τούτων
2473 501 2529 559 δὲ
2587 502 2753 568 οὕτως
2815 504 3254 585 ὁμολογουμένως
3314 505 3581 588 ἆχόντων,
3643 510 3740 566 ἀνα

487 597 710 676 gnatio,
744 613 985 678 prorsus
1015 593 1281 674 ineptum
1317 601 1406 656 est
1434 593 1660 674 dicere,
1691 592 1879 656 virum
1911 601 1970 656 et
1998 613 2140 656 uxo-

491 705 616 749 rem
641 685 730 748 vel
761 685 936 746 unius
962 700 1095 746 esse
1124 681 1363 762 gradus,
1404 683 1494 744 vel
1527 683 1800 744 duorum.
1851 681 1996 744 Nam
2030 703 2136 745 co-

487 775 738 856 gnaticaa
771 773 1058 834 duntaxat
1091 788 1500 852 personaa,ceu
1524 771 1746 833 dictum
1773 778 1885 848 est,
1916 791 1968 851 ε.
1991 772 2136 833 adus

487 864 733 945 gignunt
759 870 818 924 et
843 859 1229 924 constituunt.
1263 857 1406 932 Quae
1443 878 1576 921 cum
1599 859 1864 920 omnium
1897 861 2137 922 confes-

485 953 655 1014 sione
713 952 792 1012 ita
851 969 916 1012 se
972 949 1254 1024 habeant,
1310 949 1580 1029 sequitur
1640 947 1698 1010 in
1732 949 1908 1012 etiam
1944 949 2136 1011 locum

486 1062 604 1103 non
655 1040 896 1113 habere,
981 1037 1138 1120 quod
1227 1038 1425 1098 uxoris
1482 1037 1723 1099 sobrina
1773 1057 1877 1118 pro
1938 1039 2135 1099 mariti

487 1129 822 1193 necessaria
867 1127 1088 1190 carnali
1145 1126 1221 1188 sit
1253 1127 1545 1188 habenda.
1581 1126 1866 1188 Caeterum
1912 1127 2070 1188 illius
2101 1146 2134 1189 e

483 1221 668 1282 sacris
700 1217 936 1280 Litteris
993 1215 1134 1277 dicti
1175 1217 1552 1289 sententiam,
1587 1235 1620 1276 a
1652 1235 1859 1294 magno
1890 1225 1947 1276 et
1979 1216 2130 1277 divi-

485 1309 642 1370 nitus
665 1307 862 1369 amato
895 1305 1064 1366 Patre
1093 1303 1309 1366 Basilio
1359 1313 1565 1383 argute
1588 1324 1656 1366 ac
1679 1305 1937 1366 breviter
1955 1324 2131 1386 expo-

483 1401 681 1473 sitam,
719 1395 872 1458 beati
931 1394 1135 1455 Putres
1190 1402 1412 1454 sancta:
1467 1393 1627 1455 illius
1686 1403 1742 1454 et
1782 1394 2130 1456 universalis

485 1497 668 1548 sextae
695 1484 902 1566 synodi
925 1482 1236 1563 perspicue
1263 1483 1623 1562 expticantes
1645 1494 1703 1543 et
1730 1484 2124 1560 declarantes,

482 1593 580 1638 Ltv
609 1593 894 1638 canonem
955 1572 1365 1645 confecerunt,
1429 1572 1525 1651 qui
1560 1572 1713 1632 circ.
1750 1573 2011 1633 medium
2042 1574 2128 1635 sic

3793 525 3869 568 ετ-

2231 533 2431 561 ιυυῑων
2473 533 2529 559 οε
2587 533 2753 568 ουτως
2815 533 3112 585 ομοΛογουμ
3123 533 3254 571 δνως
3314 533 3581 588 exosi-ww,
3643 533 3864 590 αναιρεῐ-

2217 613 2304 647 ται
2364 589 2549 648 λοιπὸν
2603 595 2691 649 καὶ
2747 595 2810 651 τὸ
2886 592 3178 674 λογίζεσθαι
3263 597 3460 654 οἰκείαν
3528 600 3720 678 σαρκὸς
3776 607 3864 656 τοῦ

2218 678 2402 760 ἀνδρὸς
2471 681 2571 748 τὴν
2639 679 3015 765 δισεξαδέλφην
3069 688 3168 752 τῆς
3212 685 3368 743 αὒτοῦ
3421 689 3694 764 γυναικός.
3755 689 3861 757 τὴν

2220 768 2399 844 μέντοι
2460 771 2580 850 περὶ
2637 781 2730 830 τοῦ
2795 777 3055 853 Γραφικοῦ
3122 774 3305 831 τούτου
3360 775 3595 854 ῥήματος
3665 774 3862 833 ’ἔννοιαν

2220 857 2494 915 Βασιλείου
2533 866 2624 916 τοῦ
2668 860 2904 940 μεγάλου
2943 863 3030 919 καὶ
3084 863 3330 944 θεοφόρα)
3390 866 3596 943 Πατρὸς
3653 871 3859 946 γοργῶς

2219 948 2305 1003 καί
2387 949 2821 1028 συνεπτυγμένως
2879 949 3270 1032 ἐξενεχθεῖσαν,
3329 956 3374 1009 οἱ
3427 957 3527 1020 τῆς
3569 950 3750 1032 ἁγίας
3776 956 3861 1010 καὶ

2218 1037 2582 1112 οἰκουμενικῆς
2640 1036 2800 1106 ἕκτης
2856 1039 3071 1098 συνόδου
3150 1042 3400 1121 μακάριοι
3461 1049 3688 1122 Πατερες
3729 1063 3858 1121 τρα-

2215 1128 2316 1189 νῶς
2361 1125 2778 1192 ἀναπτύσσοντες
2835 1131 2923 1185 καὶ
2970 1127 3437 1205 διαλευκαίνοντες,
3493 1133 3585 1186 τὸν
3629 1122 3706 1187 νδ’
3751 1153 3858 1187 κα-

2213 1213 2336 1268 νόνα
2393 1213 2644 1294 ἐξέθεντο,
2691 1217 2810 1295 περὶ
2853 1217 2914 1272 τὰ
2975 1217 3111 1292 μέσα
3153 1221 3282 1297 πρὸς
3352 1217 3492 1284 λέξιν
3561 1218 3698 1276 οὕτω
3765 1221 3858 1273 θε-

2212 1301 2461 1371 σπίζοντα
2497 1321 2509 1334 ·
2551 1326 2574 1358 ι
2614 1303 2759 1360 Ἐπεὶ
2801 1303 2856 1359 δὲ
2910 1312 2978 1382 τῇ
3021 1308 3236 1383 τοιαύτη
3289 1313 3416 1386 σιγῇ
3463 1309 3552 1365 καὶ
3591 1314 3669 1382 τῷ
3696 1305 3852 1362 ἀδια-

2212 1390 2432 1467 γνώστῳ
2474 1396 2572 1459 τῆς
2603 1397 2708 1448 τῶν
2755 1392 2996 1469 ἀθέσμων
3050 1397 3236 1474 γάμων
3292 1397 3691 1475 ἀπαγορεύσεως
3725 1397 3855 1451 ἑαυ-

2210 1479 2308 1544 τὴν
2336 1481 2370 1547 ἡ
2403 1483 2553 1560 φύσις
2597 1481 2837 1560 συνέχεε,
2891 1482 3187 1560 συνείδομεν
3242 1486 3560 1564 γυμνότερον
3599 1487 3668 1542 τὰ
3735 1486 3858 1564 περὶ

2209 1568 2407 1623 τούτων
2465 1569 2750 1626 ἐκθέσθαι·
2812 1573 3067 1650 ὁρίζοντες
3139 1573 3243 1629 ἀπὸ
3298 1581 3388 1630 τοῦ
3452 1584 3562 1648 νῦν,
3622 1577 3714 1630 τὸν
3784 1579 3856 1650 τῇ

485 1665 558 1726 ad
616 1663 860 1726 verbum
921 1660 1176 1722 statuit:
1243 1685 1268 1715 α
1315 1659 1462 1732 Quia
1519 1679 1655 1722 vero
1715 1679 1784 1721 ex
1843 1661 2119 1739 ojusmod

2217 1657 2380 1729 οἰκείᾳ
2450 1657 2701 1739 ὲξαδέλφῃ
2772 1663 2900 1738 πρὸς
2969 1661 3140 1738 γάμου
3195 1663 3469 1718 κοινωνίαν
3515 1663 3853 1738 συναπτόμε-

483 1754 748 1834 silentio,
809 1760 867 1813 et
923 1768 1129 1830 parum
1206 1750 1496 1830 explicata
1556 1749 1958 1829 prohibitione
2017 1769 2119 1811 nu-

2215 1767 2324 1821 vov,
2372 1746 2406 1814 ἢ
2450 1748 2538 1802 καὶ
2604 1747 2803 1828 πατέρα
2861 1751 2948 1806 καὶ
3003 1754 3112 1808 υἱὸν
3161 1753 3320 1830 μητρὶ
3378 1755 3465 1809 καὶ
3519 1754 3754 1832 θυγατρὶ,

487 1844 741 1924 ptiarum
793 1839 1158 1915 illicitarum,
1234 1838 1503 1899 conlusio
1584 1847 1808 1899 natura:
1860 1837 2128 1918 quaedam

481 1941 571 1993 est
624 1939 826 1995 secuta
872 1949 887 1989 :
932 1927 1148 1989 nudius
1206 1927 1331 1988 haec
1381 1927 1734 2006 exponenda
1787 1927 2123 2002 statuimus,

480 2022 750 2101 adeoque
804 2017 1209 2090 decernimus,
1269 2015 1558 2096 deinceps
1615 2035 1774 2091 eum,
1836 2016 1936 2096 qui
1992 2036 2124 2077 cum

482 2129 590 2172 sua
641 2108 1001 2171 consobrina
1047 2104 1410 2167 matrimonii
1457 2104 1737 2166 societate
1794 2104 2125 2184 c0pulatur,

480 2209 581 2260 aut
610 2207 840 2281 patrem
870 2205 930 2258 et
977 2196 1164 2257 lilium
1195 2212 1329 2255 cum
1379 2202 1563 2254 matre
1593 2212 1662 2255 ac
1692 2193 1835 2274 lilia,
1868 2193 1957 2255 vel
1992 2213 2126 2256 cum

485 2287 712 2350 duabus
772 2285 985 2368 puellis
1043 2282 1347 2345 sororibus
1409 2292 1636 2362 patrem
1696 2291 1871 2363 atque
1914 2283 2124 2358 lilium,

481 2378 573 2439 vel
630 2395 766 2439 cum
824 2375 1056 2436 duobus
1112 2372 1396 2434 fratribus
1483 2377 1732 2432 matrem
1790 2379 1847 2433 et
1915 2373 2121 2449 ﬁliam,

481 2469 570 2529 vel
599 2467 808 2529 fratres
865 2464 1015 2526 duos
1074 2479 1208 2524 cum
1259 2459 1488 2521 duabus
1543 2459 1849 2522 sororibus
1892 2479 2125 2542 pmnam

481 2557 728 2618 canonis
815 2551 1130 2633 septennia
1207 2548 1717 2629 circumscriptam
1773 2549 2124 2628 incurrere;

481 2644 765 2706 nimirum
797 2650 856 2704 et
913 2640 1059 2722 ipsis
1087 2658 1122 2701 a
1153 2636 1378 2700 nefario
1414 2636 1790 2700 matrimonio
1819 2639 2124 2701 diverten-

481 2733 661 2796 tibus.
692 2755 716 2791 ι
753 2730 890 2792 Haec
915 2746 1048 2791 cum
1106 2726 1260 2788 sacri
1311 2724 1559 2788 canonis
1587 2724 1765 2787 verba
1788 2727 1928 2803 sint,
1964 2728 2126 2790 nulla

477 2839 622 2883 sane
666 2818 887 2882 mentio
944 2815 1076 2878 ﬁeri
1133 2814 1288 2894 apud
1347 2831 1485 2875 eum
1542 2831 1952 2893 personarum,
1994 2834 2125 2897 quae

480 2928 625 2981 erga
675 2925 740 2970 se
800 2905 1050 2968 invicem
1083 2902 1169 2964 sic
1225 2909 1580 2982 comparatae
1608 2911 1768 2978 sunt,
1801 2912 1861 2964 et
1917 2904 2120 2965 matri-

481 2998 743 3063 monium
769 2995 1030 3058 indicato
1048 2991 1223 3053 modo
1243 2989 2118 3072 contrabuut,deprebenditur:

2211 1831 2298 1890 δύο
2344 1835 2523 1914 κόραις
2601 1834 2856 1918 ἀδελφαῖς
2929 1839 3127 1919 πατέρα
3190 1841 3277 1897 καὶ
3347 1843 3457 1897 υἱὸν
3513 1841 3548 1909 ἢ
3607 1831 3858 1920 ἀδελφοῖς

2210 1921 2320 1979 δυσὶ
2389 1924 2594 2004 μητέρα
2663 1928 2752 1982 καὶ
2822 1928 3107 2008 θυγατέρα,
3165 1929 3200 1997 ἢ
3258 1927 3508 2010 ἀδελφοὺς
3571 1929 3656 1986 δύο
3713 1928 3855 1986 δυσὶν

2209 2009 2486 2093 ἀδελφαῖς,
2545 2015 2647 2070 ὑπὸ
2707 2017 2797 2072 τὸν
2850 2025 2947 2084 τῆς
3013 2017 3296 2082 ἅπταετίας
3359 2009 3552 2076 κανόνα
3613 2019 3851 2088 πίπτειν,

2209 2101 2575 2182 ἀφιστομένων
2605 2103 2776 2161 αὐτῶν
2833 2104 3111 2184 προδήλως
3169 2113 3261 2163 τοῦ
3315 2109 3625 2187 παρανόμου
3682 2128 3857 2164 συνοι-

2209 2190 2402 2252 κεσίου.
2466 2211 2497 2252 )
2561 2199 2734 2250 Ταῦτα
2802 2204 2896 2254 τοῦ
2955 2197 3091 2274 ἱεροῦ
3157 2195 3373 2260 κανόνος
3429 2194 3851 2276 διαγορεύοντος,

2209 2277 2423 2356 οὐδεμία
2463 2303 2544 2346 τις
2617 2284 2806 2359 μνήμη
2861 2282 2986 2364 παρ’
3044 2286 3186 2359 αὐτῷ
3227 2287 3332 2342 τῶν
3383 2284 3546 2349 οὕτως
3604 2283 3852 2364 ἐχόντων

2207 2370 2338 2449 πρὸς
2370 2368 2580 2438 ἄλληλα
2623 2373 2944 2451 προσώπων,
3001 2374 3088 2430 καὶ
3123 2375 3214 2430 τὸν
3282 2374 3478 2453 γάμον,
3521 2377 3594 2437 ὡς
3636 2372 3849 2439 διείλη-

2207 2481 2358 2536 πται,
2417 2458 2884 2520 συναλλασσόντων
2937 2463 3226 2541 εὑρίσκεται
3263 2482 3278 2497 ⁸
3356 2461 3471 2521 οὐδὲ
3530 2463 3620 2520 ὑπ’
3678 2463 3851 2519 αἰτίαν

2207 2547 2346 2615 ὅλως
2387 2571 2438 2606 τι
2480 2549 2677 2607 τούτων
2736 2549 2965 2632 ἠνέχθη,
3009 2551 3048 2621 ἢ
3102 2549 3368 2609 διαστάσει
3415 2551 3661 2610 ὑπέπεσε.
3712 2560 3848 2615 Τοῖς

2204 2641 2456 2706 τοιούτοις
2511 2639 2566 2697 δὲ
2621 2640 2900 2722 λογισμοῖς
2949 2645 3038 2701 καὶ
3094 2656 3218 2708 ταῖς
3284 2643 3500 2723 πράξεσι
3558 2643 3849 2721 μετέπειτα

2204 2731 2487 2806 κινουμένη
2540 2732 2628 2787 καὶ
2687 2733 2718 2801 ί,
2774 2734 2911 2789 κατὰ
2959 2735 3062 2797 την
3119 2731 3666 2791 Κωνσταντινούπολιν

2203 2817 2436 2895 σύνοδος,
2483 2819 2567 2876 ἐπὶ
2623 2824 2723 2888 τῆς
2785 2823 3073 2902 εφημερίας
3132 2833 3226 2882 τοῦ
3264 2828 3363 2890 τῆς
3421 2823 3567 2887 ὁσίας
3621 2823 3848 2898 μνήμης

2205 2907 2478 2966 Θεοδοσίου
2519 2915 2610 2965 τοῦ
2667 2910 2961 2988 ἁγιωτάτου
3013 2912 3341 2992 πατριάρχου
3414 2921 3848 2969 Κωνσταντινου-

2203 2996 2432 3072 πόλεως,
2467 2998 2752 3074 σημείωμα
2780 3001 2916 3056 κατὰ
2943 3000 3040 3068 τὴν
3069 2991 3236 3058 λ’ντοῦ
3267 2991 3484 3058 ἰουλίοδ
3512 3002 3710 3076 μηνὸς,
3743 3003 3848 3065 τῆς

475 3111 586 3152 nec
617 3087 862 3150 omnino
895 3083 1216 3165 quidquam
1243 3081 1453 3141 horum
1470 3079 1579 3141 sub
1606 3080 1839 3171 culpam
1869 3081 2119 3144 reiatum

2207 3077 2246 3142 ι’
2268 3085 2649 3163 ἐπινεμήσεως,
2687 3086 2884 3153 ἐξέθετο
2917 3106 2932 3124 ·
2954 3088 3117 3153 οὕτως
3161 3088 3288 3171 ’ἑχον
3331 3091 3416 3146 ἐπὶ
3444 3088 3656 3155 λέξεων.

475 3181 605 3256 fuit,
642 3185 746 3240 aut
774 3175 882 3237 sub
913 3171 1147 3234 divortii
1181 3187 1409 3259 poenam
1467 3169 1706 3232 cecidit.
1761 3170 2031 3251 Cumque
2072 3173 2404 3237 rationibus
2456 3173 2799 3254 bujusmodi
2845 3183 2905 3238 et
2953 3177 3104 3240 actis
3146 3169 3430 3259 deinceps
3465 3184 3851 3238 sacrosancta

475 3262 1122 3344 ConstantinOpolitana
1168 3258 1424 3340 synadus
1470 3267 1825 3334 moveretur,
1879 3259 2080 3323 habita
2128 3272 2394 3344 tempore
2444 3262 2792 3339 Theodosii,
2838 3265 2952 3347 pias
3006 3258 3434 3330 recordationis
3482 3265 3849 3328 sanctissimi

471 3351 1110 3434 Constantinopolitani
1159 3349 1532 3430 patriarchae,
1585 3351 1872 3430 scriptum
1923 3352 2220 3431 quoddam
2269 3351 2414 3416 Julii
2463 3355 2686 3416 mensis
2730 3353 2828 3418 die
2860 3355 3189 3439 trigesimo,
3222 3357 3547 3421 indictione
3580 3355 3844 3433 decima,

469 3446 741 3532 exposuit
776 3463 789 3507 :
825 3443 993 3522 cujus
1023 3442 1147 3502 haec
1179 3440 1307 3520 ipsa
1345 3439 1523 3500 verba
1551 3446 1710 3532 sunt.

550 3527 981 3602 Sanclissimus
1015 3533 1255 3611 Aproas
1293 3527 1807 3607 metropolitanus,
1835 3530 2037 3606 frater
2062 3540 2116 3594 el

472 3646 714 3693 consors
736 3623 1056 3686 ministerii
1079 3620 1518 3681 mediocritatis
1535 3629 1782 3698 noslrae,
1813 3617 2117 3682 Romanus

471 3719 577 3782 ille
591 3713 1266 3788 Artabasdus.seriptum
1284 3708 1349 3768 in
1361 3708 1589 3787 synodo
1599 3708 2028 3788 protalit.quod
2038 3710 2116 3771 ad

464 3807 718 3870 verbum
737 3805 860 3864 haec
881 3798 1248 3860 continebat.
1274 3797 1488 3858 Puella
1512 3797 2112 3876 quadam,eujusno-

461 3914 600 3958 men
627 3895 838 3963 Irena,
867 3887 1149 3968 precibus
1178 3902 1371 3947 sacris
1410 3884 1953 3947 intervenientibus
1981 3904 2116 3948 eum

463 3988 704 4046 Joanne
724 3979 985 4059 quodam
1003 3973 1314 4055 sponsalia
1358 3977 1690 4050 contraxit,
1722 3990 1854 4037 cum
1885 3992 2114 4036 annum

463 4071 661 4134 aelidis
680 4068 978 4130 decimum
1001 4061 1377 4143 ageret.H(Bc
1393 4062 1697 4140 sponsalia
1713 4079 1850 4124 cum
1871 4079 1995 4125 esse
2008 4080 2114 4125 ne-

462 4161 630 4240 faria
647 4157 1108 4240 pronuntiatum
1132 4151 1373 4231 fuisset,
1401 4159 1675 4213 sanctum
1716 4159 1806 4214 esl
1824 4155 2112 4232 scriptum

462 4243 1116 4328 synodalepermiltens
1126 4243 1286 4303 inter
1295 4256 1592 4321 personas
1602 4241 1779 4304 hasce
1787 4243 2112 4322 desponsae

464 4338 1140 4416 divortium,proplerea
1152 4332 1310 4411 quod
1321 4336 1510 4394 essent
1527 4331 1660 4410 ipsa
1677 4333 1989 4410 sponsalia
2005 4347 2110 4393 ne-

459 4428 760 4507 faria,ceu
779 4424 1004 4485 dictum
1039 4421 1183 4498 luit.
1203 4418 1333 4482 Vult
1355 4435 1500 4500 ergo
1519 4437 1680 4481 nunc
1695 4419 1882 4481 lrena
1903 4421 2109 4500 legiti-

463 4533 559 4578 me
577 4512 850 4596 copulari
888 4527 1021 4573 cum
1052 4507 1384 4583 Theodoro,
1417 4507 1522 4586 qui
1541 4508 1892 4571 Joannisesl
1907 4510 2108 4572 sobri-

458 4621 598 4668 nus.
621 4604 751 4666 Hoc
768 4603 832 4664 in
861 4599 1251 4694 matrimonio
1269 4597 1978 4694 contrahendomunguid
1991 4600 2107 4694 im-
2124 4642 2170 4694 υ

448 4692 787 4772 pedimenti
806 4695 907 4760 sil,
919 4687 1440 4766 interrogo.Peliit
1456 4687 1655 4767 igitur
1672 4703 1707 4748 a
1720 4689 2102 4752 mediocrita-

458 4788 514 4843 le
534 4787 824 4853 nostra,el
843 4793 1017 4839 sacro
1042 4773 1297 4838 concilio
1333 4783 1600 4852 [rutrum
1619 4797 1645 4848 ,-
1662 4781 1934 4850 uti,num
1955 4793 2104 4840 con-

459 4874 691 4932 traclus
720 4868 826 4930 ille
844 4867 1067 4946 scripto
1103 4861 1590 4942 comprehensus,
1623 4865 1870 4943 aliquod
1891 4868 2106 4930 kabeal

457 4953 1631 5034 obslaculum,intelligerel.Responsum
1644 4972 1680 5017 a
1692 4953 1862 5017 nobis
1881 4962 2050 5030 est,el
2065 4974 2105 5020 a

454 5049 724 5128 fratrum
745 5052 900 5109 caelu
913 5049 1613 5124 prasente,contractum
1627 5046 2102 5126 eiusmodipror-

453 5155 557 5199 sus
578 5138 654 5200 ab
678 5136 842 5199 omni
852 5131 1260 5214 prohibitione
1275 5135 1601 5195 immunem
1615 5132 1927 5196 esse.Cum
1938 5139 2101 5198 enim

451 5224 755 5304 sponsalia
773 5239 908 5287 cum
921 5224 1160 5283 Joanne
1173 5221 1836 5302 contraeta,velutiqua
1858 5231 2063 5287 consta
2076 5259 2102 5272 η

448 5331 515 5376 re
536 5332 662 5378 non
679 5313 940 5396 possint,
971 5316 1464 5391 propteraztalem
1485 5309 1686 5376 [rente
1707 5313 2096 5397 impuberem,

445 5403 772 5466 solvantur
793 5423 807 5461 :
833 5408 986 5464 recte
1009 5400 1254 5462 sobrina
1273 5403 1397 5477 ejus
1415 5399 1598 5464 Irena
1611 5402 1939 5464 secundum
1961 5419 2098 5465 ma-

449 5491 729 5555 trimonii
751 5489 936 5571 legem
956 5488 1355 5570 copulabitur.
1373 5488 1605 5572 Quippe
1623 5490 1965 5556 Theodorus
1977 5509 2098 5572 pro

442 5595 708 5662 persona
737 5577 932 5642 Irenas
981 5576 1259 5660 Cognata
1307 5595 1432 5642 non
1459 5577 1738 5658 habetur,
1767 5598 1876 5647 nec
1904 5581 2101 5660 afﬁni-

2288 3553 2311 3588 (ι
2387 3524 2444 3590 Ὀ
2504 3535 2782 3613 ἱερώτατος
2867 3536 3258 3614 μητροπολίτης
3331 3516 3531 3618 νΑπρω,

2198 3623 2284 3679 καὶ
2368 3621 2758 3703 συλλειτουργὸς
2844 3630 2940 3692 τῆς
3007 3628 3164 3703 ἡμῶν
3248 3617 3611 3708 μετριότητος,
3701 3617 3845 3682 Ῥω-

2201 3714 2365 3797 μανὸς
2423 3713 2451 3767 ὁ
2523 3710 2901 3793 Ἀρτάϐασδος,
2968 3713 3230 3795 ἔγγραφον
3305 3717 3625 3797 προεκόμισε
3711 3737 3842 3772 συν-

2199 3796 2411 3878 οδικῶς,
2498 3799 2620 3857 τάδε
2701 3803 2838 3858 κατὰ
2917 3803 3063 3881 ρἧυ
3119 3796 3495 3882 διαλαμϐάνον,
3556 3806 3704 3885 Κόρη
3762 3826 3844 3869 τις

2199 3888 2397 3966 Εἰρήνη
2520 3889 2844 3967 καλουμένη,
2956 3891 3141 3950 ἔλαϐεν
3251 3895 3420 3975 εὐχὴν
3542 3895 3837 3970 μνηστείας

2197 3978 2331 4052 μετά
2383 4001 2522 4043 τινος
2581 3977 2824 4038 Ἰωάννου
2892 3980 3146 4052 δεκαετὴς
3207 3985 3327 4041 τότε
3385 3985 3508 4042 οὖσο
3556 3985 3657 4052 τὴν
3710 3983 3841 4052 ἡλι-

2195 4067 2333 4126 κίαν.
2392 4067 2720 4137 Λαληθείσης
2780 4068 2835 4126 δὲ
2919 4077 3017 4140 τῆς
3084 4075 3200 4154 περὶ
3273 4074 3457 4131 τούτου
3525 4074 3841 4153 παρανόμου

2193 4157 2504 4238 μνηστείας,
2604 4157 2788 4238 γέγονε
2887 4161 3169 4237 σημείωμα
3265 4161 3529 4220 ουνοδικὸν
3630 4163 3842 4242 bitt-cpi-

2191 4266 2291 4302 πον
2399 4243 2704 4326 διαζυγῆναι
2813 4250 2934 4314 τοὺς
3045 4252 3191 4332 τάχα
3312 4250 3835 4327 μνηστευσαμένους,

2189 4332 2274 4390 διὰ
2340 4336 2400 4391 τὸ
2459 4336 2602 4392 εἶναι
2669 4338 2770 4405 τὴν
2827 4339 3113 4414 μνηστείαν
3195 4341 3522 4422 παράνομον,
3581 4342 3659 4405 ὡς
3712 4338 3839 4396 διεί·

2186 4419 2412 4490 ληπται.
2499 4421 2751 4481 Βούλεται
2831 4436 2962 4505 γαῦν
3043 4419 3283 4509 σήμερον
3356 4431 3393 4497 ἡ
3476 4419 3675 4508 Εἰρήνη
3751 4451 3843 4486 νο-

2190 4511 2366 4588 μίμως
2450 4515 2771 4592 ωναφθῆναι
2867 4520 2944 4589 τῷ
3053 4515 3306 4598 Θεοδώρῳ
3412 4515 3640 4597 δωτὲρῳ
3719 4516 3837 4575 ὄντι

2189 4599 2453 4688 ἑξαδέλφῳ
2515 4609 2606 4659 τοῦ
2656 4600 2921 4669 Ἰωάννου.
2995 4607 3095 4665 Καὶ
3164 4607 3367 4688 ἐρωτῶ,
3425 4609 3470 4664 εἰ
3538 4606 3655 4687 ἔχει
3711 4609 3838 4665 τινὰ

2188 4687 2646 4770 παρεμποδισμόν.
2726 4689 2976 4760 Ἠξίωσεν
3061 4695 3148 4753 οὖν
3197 4687 3317 4764 τὴν
3387 4698 3541 4773 ⁴ήμῶν
3613 4701 3841 4774 μετριό-

2185 4801 2358 4868 τητα,
2431 4783 2520 4838 καὶ
2601 4781 2701 4850 τὴν
2766 4783 2906 4863 ἱερὰν
2988 4782 3338 4864 ἁδελφότητα,
3425 4789 3615 4859 μαθεῖν
3674 4784 3841 4868 εἴπερ

2188 4872 2282 4928 οὐκ
2336 4867 2452 4950 ἔχει
2524 4868 2782 4947 κωλύμην
2864 4873 2980 4955 τινᾶ
3043 4875 3130 4949 τὸ,
3190 4876 3309 4954 περὶ
3376 4877 3434 4931 οὗ
3509 4873 3724 4955 γέγονεν
3801 4881 3842 4946 ἡ

2186 4959 2384 5039 γραφὴ,
2456 4957 2822 5038 συνάλλαγμα.
2914 4951 3152 5019 ’Ἦκουσε
3220 4951 3275 5019 δέ
3329 4962 3388 5018 ὲκ
3441 4951 3669 5038 ταύτης,
3744 4967 3840 5022 καὶ

2185 5046 2246 5103 ἐκ
2300 5053 2399 5114 τῆς
2483 5049 2934 5128 παρουσιαζούσης
3001 5054 3108 5108 τῶν
3187 5049 3424 5132 ἀδελφῶν
3482 5053 3835 5134 ὁμηγύρεως,

2183 5135 2263 5193 ὅτι
2346 5138 2408 5193 τὸ
2492 5145 2728 5194 τοιοῦτον
2833 5137 3176 5218 συνάλλαγμα
3256 5140 3590 5221 πανταχόθεν
3673 5142 3840 5198 ἀκώ-

2181 5224 2334 5286 λυτόν
2416 5225 2584 5286 ἐστιν.
2668 5226 2818 5285 Ἐπεὶ
2879 5229 2978 5306 γὰρ
3051 5230 3087 5296 ἡ
3145 5229 3281 5305 μετὰ
3335 5227 3582 5287 Ἰωάννου
3635 5229 3841 5289 τελεσ-

2179 5315 2338 5374 θεῖσα
2393 5314 2672 5391 μνηστεία,
2728 5318 2801 5380 ὡς
2871 5316 3229 5383 ἀνυπόστατος
3299 5315 3504 5393 λύεται,
3589 5315 3675 5375 διὰ
3726 5320 3838 5388 τήν

2177 5407 2275 5472 της
2359 5406 2583 5484 Εἰρήνης
2667 5403 2996 5488 ἀνηϐότητα,
3080 5406 3255 5472 καλῶς
3320 5408 3355 5476 ἡ
3432 5409 3631 5487 Εἰρήνη
3703 5405 3840 5465 δευ-

2176 5493 2310 5570 τέρῳ
2377 5491 2640 5575 ἐξαδέλφῳ
2705 5496 2858 5553 νῦτοῦ
2943 5497 3080 5555 κατᾶ
3153 5497 3315 5573 νόμον
3384 5497 3558 5575 γάμου
3639 5504 3840 5568 συζευ-

2177 5585 2460 5665 meum.
2547 5582 2677 5640 οὔτε
2783 5587 2884 5666 γὰρ
2981 5588 3290 5664 συγγενικὸν
3390 5586 3676 5665 πρόσωπον
3759 5595 3844 5667 τῇ
