4160 6212
286 279 454 345 1129

1617 270 2334 339 (ἓΒΑΕΟΟ-ΒΟΜΑΝΠΜ.

3506 269 3661 338 1130

288 408 487 486 Εἷρὴνῃ
518 406 779 487 λογίζεται
809 407 838 462 6
869 403 1158 486 Θεόδωρος,
1210 402 1325 464 οὔτε
1367 417 1485 468 τοῖς
1533 404 1585 470 ἐξ
1626 405 1927 486 ἀγχιστειας

2018 405 2162 462 tatis
2189 398 2377 461 ullius
2432 397 2688 463 vinculis
2732 408 2915 484 atque
2962 401 3242 466 terminis
3288 402 3663 485 astringitur

284 493 506 571 δεσμοῖς
533 497 621 552 καὶ
651 495 792 573 ὅροις
836 495 1196 576 συσφίγγεται,
1232 491 1317 552 διὰ
1359 495 1420 550 16
1449 491 1736 571 ὑπερϐῆναι
1766 495 1858 549 τὸν
1880 490 1931 558 ἐξ

285 585 595 665 ἀγχιστείας
623 585 848 661 βαθμόν.
884 607 912 639 ι

364 675 622 740 Τοιαύτης
696 672 782 730 οὖν
868 673 966 742 τῆς
1037 670 1312 740 συνοδικῆς
1388 671 1703 752 ἀποφάσεως
1773 669 1934 736 ἐξενε-

284 763 505 842 χθείσης
561 762 679 842 περὶ
731 761 824 818 τοῦ
882 761 1303 839 ἀνατεταγμένου
1358 759 1816 839 συναλλάγματος,
1873 763 1934 820 06

285 851 648 922 κωλυθήσεται
730 851 818 906 καὶ
901 852 929 906 6
1011 855 1274 930 πορνικῶς
1357 848 1624 928 συναφθεὶς
1701 851 1929 926 γυναικὶ,

285 937 471 996 λαϐεῖν
542 942 615 1002 εὶς
682 951 909 1017 γυναῖκα
965 937 1112 1014 νόμῳ
1162 937 1336 1015 γάμου
1410 937 1510 1003 τὴν
1565 933 1932 1017 δισεξαδέλφην

286 1030 450 1095 αὐτῆς
489 1047 502 1060 ·
537 1026 618 1084 ὅτι
648 1026 784 1103 μηδὲ
838 1028 1012 1107 γάμον
1054 1027 1194 1083 εἶναι
1248 1026 1346 1095 τὴν
1375 1026 1642 1105 πορνείαν,
1675 1023 1811 1100 μηδὲ
1840 1026 1934 1104 γά-

285 1139 388 1192 μου
457 1116 656 1196 ἀρχῆν,
732 1119 760 1173 ὁ
829 1115 998 1195 μέγας
1065 1114 1389 1193 γνωματεύει
1461 1111 1750 1185 Βασίλειος,
1811 1111 1930 1171 ἀλλ’

286 1205 577 1284 ἁμάρτημα
642 1204 922 1280 ἐπιτιμίοις
992 1202 1460 1271 ἐκκλησιαστικαῖς
1531 1202 1873 1278 ὑποκείμενον
1909 1217 1924 1232 ⁶

285 1294 374 1349 καὶ
399 1292 478 1350 ὅτι
529 1295 599 1357 εἷς
655 1295 747 1349 τὸν
803 1291 854 1358 ἐξ
907 1293 1218 1372 ἀγχιστείας
1286 1288 1508 1366 ἕϐδομον
1564 1292 1625 1347 16
1692 1296 1930 1348 τοιοῦτον

287 1380 628 1461 συνάλλαγμα
679 1381 1028 1460 περιίσταται,
1072 1381 1160 1437 καὶ
1201 1378 1260 1443 ’ὃς
1303 1377 1368 1446 δὴ
1425 1379 1486 1435 ἐκ
1529 1379 1794 1458 τεσσάρων
1842 1381 1930 1436 καὶ

283 1476 466 1548 τριῶν,
539 1467 783 1536 δηλονότι
841 1465 1284 1548 πρωτεξαδέλφων
1340 1467 1437 1542 μὲν
1492 1466 1544 1532 ἐξ
1599 1466 1776 1546 ἐτέρου
1831 1467 1928 1546 γέ-

283 1579 427 1630 νους,
484 1559 623 1621 θείας
667 1557 721 1614 δὲ
764 1559 852 1614 καὶ
907 1557 1125 1632 ἀνεψιᾶς
1168 1555 1219 1621 ἐξ
1261 1556 1436 1635 ἐτέρου
1469 1571 1483 1586 ⁶
1530 1557 1618 1611 καὶ
1659 1555 1719 1612 ἐκ
1772 1554 1928 1612 πέντε

280 1647 370 1702 καὶ
431 1644 541 1719 δύο,
595 1644 758 1725 ἤγουν
810 1645 1020 1720 πρώτου
1072 1643 1349 1724 ἐξαδέλφου
1421 1645 1510 1701 καὶ
1580 1643 1798 1719 ἀνεψιοῦ
1869 1643 1929 1700 ἐκ

2013 496 2342 570 propterea
2389 488 2544 570 quod
2589 498 2768 554 extra
2815 491 3074 573 gradum
3119 491 3449 573 afﬁnitatis
3495 494 3658 576 posi-

2016 583 2113 640 tus
2141 578 2249 640 sit.

2095 665 2255 728 Talis
2284 684 2428 746 ergo
2478 667 2772 730 sententia
2828 666 3036 748 synodi
3091 687 3227 731 cum
3282 671 3662 753 pronuntiata

2015 751 2091 814 sit
2114 753 2188 816 de
2211 761 2516 816 contractu
2529 772 2708 835 supra
2723 766 3211 837 commemorato,
3243 751 3361 821 non
3378 759 3668 841 impedie-

2013 849 2108 902 tur
2137 842 2186 902 is
2217 842 2421 924 etiam,
2457 843 2560 924 qui
2590 843 2803 906 furtiva
2832 863 2967 907 cum
2998 844 3195 927 aliqua
3233 846 3486 910 muliere
3517 867 3663 910 con-

2012 929 2386 1017 suetudinem
2445 929 2674 1007 habuit,
2754 932 3072 1013 quominus
3144 932 3445 997 sobrinam
3531 937 3664 1017 ejus

2015 1016 2291 1096 legitimis
2330 1019 2554 1097 nuptiis
2583 1036 2827 1084 uxorem
2879 1021 3092 1084 ducat:
3146 1028 3270 1083 tum
3303 1023 3460 1105 quod
3489 1016 3661 1088 scor-

2012 1105 2297 1168 tationem
2331 1123 2576 1185 magnus
2629 1107 2733 1170 ille
2759 1107 3014 1172 Basilius
3043 1127 3156 1172 nec
3186 1128 3318 1174 esse
3349 1112 3661 1177 matrimo-

2013 1195 2200 1270 nium,
2261 1213 2376 1283 nec
2429 1195 2663 1258 initium
2718 1197 3136 1277 matrimonii;
3189 1199 3294 1263 sed
3351 1212 3659 1283 peccatum

2011 1283 2203 1363 poenis
2257 1282 2681 1346 ecclesiasticis
2738 1285 3083 1363 obnoxium,
3143 1282 3470 1352 decernat:
3534 1300 3658 1355 tum

2011 1371 2167 1450 quod
2201 1370 2492 1450 ejusmodi
2516 1380 2854 1435 contractus
2902 1375 2963 1436 in
2994 1375 3241 1455 gradum
3272 1395 3342 1441 ex
3373 1379 3658 1445 afﬁnitate

2008 1458 2327 1550 septimum
2355 1458 2612 1550 desinat,
2642 1460 2794 1523 sicut
2813 1461 2960 1525 illud
2982 1464 3159 1527 etiam
3181 1468 3653 1550 matrimonium,

2010 1546 2164 1637 quod
2197 1546 2467 1637 contrahi
2497 1548 2651 1610 solet
2679 1567 2750 1612 ex
2792 1551 3072 1631 gradibus
3130 1564 3381 1637 quatuor
3435 1566 3494 1621 et
3545 1546 3657 1623 tri;

2012 1634 2125 1723 bus
2153 1635 2437 1698 nimirum
2466 1637 2845 1701 consobrinis
2874 1658 2944 1702 ex
2968 1659 3086 1703 uno
3111 1634 3354 1723 genere,
3377 1664 3447 1708 ex
3467 1647 3654 1711 altero

280 1722 734 1814 πρωτεξαδέλφου,
780 1735 868 1790 καὶ
911 1731 998 1789 δύο
1054 1722 1408 1813 αὒταδέλφων,
1468 1732 1554 1789 καὶ
1608 1729 1922 1808 ἀκολούθως,

2012 1722 2196 1818 amita
2241 1724 2562 1818 fratrisque
2617 1725 2785 1818 filia;
2843 1735 2904 1818 et
2945 1722 3237 1810 quodex
3293 1735 3557 1818 quinque
3584 1755 3654 1801 ac

283 1810 389 1877 ἀπὸ
419 1821 470 1887 ἓξ
498 1824 586 1879 καὶ
617 1810 758 1903 ἑνὸς,
787 1821 950 1900 ἤγουν
997 1810 1398 1900 δισεξαδέλφων,
1445 1821 1532 1876 καὶ
1585 1825 1678 1875 τοῦ
1716 1819 1926 1882 ταύταις

2012 1810 2261 1904 duobus,
2320 1812 2380 1874 id
2440 1822 2530 1875 est
2585 1815 2942 1904 consobrino
2997 1835 3067 1879 ac
3124 1810 3478 1885 consobrini
3500 1824 3648 1904 ﬁlio,

282 1907 335 1975 ἐξ
415 1909 590 1990 ἐτέρου
662 1911 843 1990 γένους
926 1908 1342 1988 συναπτομένου,
1427 1907 1759 1965 συνίστασθαι
1829 1907 1927 1964 πέ-

283 2020 412 2078 φυκε
447 2018 462 2033 ·
521 2001 610 2057 καὶ
663 2001 727 2056 16
780 1997 966 2073 πλέον,
1024 1997 1104 2054 ὅτι
1149 1995 1266 2054 οὐδὲ
1320 2009 1440 2060 τοῖς
1477 1994 1926 2075 ἀπηγορευμένοις

284 2089 357 2151 ὡς
413 2088 678 2165 ἀθεμίτοις
737 2088 1095 2166 συντάττεται,
1157 2086 1293 2144 κατά
1333 2085 1432 2152 τὴν
1487 2093 1580 2144 τοῦ
1635 2084 1925 2164 ἀναπεφω-

284 2175 513 2252 νημὲνου
559 2166 640 2232 νδ”
677 2177 898 2240 κανόνος
949 2180 1047 2242 τῆς
1092 2175 1458 2250 οἷκουμενικῆς
1511 2171 1672 2239 ἕκτης
1717 2169 1931 2230 συνόδου

282 2263 593 2341 περίληψιν,
629 2266 727 2321 Διά
755 2285 817 2344 γε
865 2265 973 2340 μὴν
1013 2262 1112 2329 τὴν
1169 2263 1432 2341 πορνείαν,
1491 2258 1687 2341 ὀφείλει
1730 2263 1759 2318 6
1813 2263 1930 2340 περὶ

285 2355 347 2410 οὗ
393 2356 420 2409 6
450 2352 603 2432 λέγος
633 2350 888 2432 ἀνὴρ,’δι’
934 2351 1101 2432 ἔργων
1160 2351 1342 2408 ἐαυτὸν
1397 2351 1639 2430 καθάραι,
1699 2354 1804 2405 τῶν
1833 2345 1928 2405 δυ-

283 2440 520 2517 ναμένων
552 2440 865 2508 ἐξιλεοῦσθαι
895 2442 986 2496 τὸν
1014 2442 1133 2505 τοὺς
1180 2445 1564 2516 μετανοοῦντας
1607 2435 1924 2519 δεχόμενον,

281 2532 370 2586 καὶ
414 2530 498 2588 ἐπὶ
542 2531 746 2595 κακίαις
800 2529 1087 2608 ἀνθρώπων
1141 2538 1514 2605 μετανοοῦνται
1560 2525 1926 2608 φιλάνθρωπον

283 2619 470 2676 Κύοιον
481 2664 494 2678 .

2008 1899 2356 1982 duobusque
2386 1903 2685 1981 germanis
2715 1903 2995 1967 fratribus
3025 1913 3085 1969 et
3131 1906 3314 1972 simili
3344 1912 3544 1987 modo,
3576 1899 3652 1976 de

2006 2006 2110 2051 sex
2141 1996 2201 2080 et
2227 2009 2346 2052 uno
2381 2013 2396 2064 ;
2431 1991 2694 2054 sobrinis
2721 1992 2948 2056 scilicet
2977 2002 3036 2058 et
3065 2014 3158 2074 eo,
3222 1997 3323 2080 qui
3380 2019 3513 2063 cum
3564 2001 3658 2064 his

2007 2094 2086 2170 ex_
2109 2076 2222 2140 alio
2254 2096 2475 2158 genere
2527 2081 2886 2170 copulatur:
2949 2089 3073 2147 tum
3131 2076 3413 2168 denique,
3465 2090 3656 2170 magis

2011 2165 2189 2226 etiam
2252 2176 2570 2248 propterea
2624 2169 2782 2250 quod
2839 2169 2997 2232 inter
3024 2165 3311 2254 conjugia'
3327 2165 3651 2256 prohibita,

2013 2263 2285 2347 tanquam
2318 2256 2544 2347 illicita,
2571 2257 2901 2322 secundum
2919 2259 3003 2336 id,
3025 2262 3186 2342 quod
3200 2262 3446 2327 recitato
3473 2283 3657 2347 supra

2009 2343 2496 2424 quinquagesimo
2517 2354 2726 2428 quarto
2750 2347 3098 2411 universalis
3115 2358 3295 2413 sextae
3314 2354 3520 2433 synodi
3548 2343 3653 2418 ca-

2011 2451 2168 2494 none
2187 2435 2550 2524 continetur,
2597 2454 2718 2498 non
2742 2437 3056 2502 referatur.
3104 2437 3498 2504 Scortationis
3527 2443 3658 2524 qui-

2007 2521 2142 2612 dem
2171 2522 2504 2612 commissae
2533 2541 2712 2586 causa
2741 2525 2921 2588 debet
2975 2526 3050 2603 is,
3084 2525 3160 2590 de
3183 2547 3301 2609 quo
3329 2521 3655 2612 loquimur,

2006 2609 2174 2672 factis
2203 2610 2497 2690 ejusmodi
2529 2629 2593 2674 se
2623 2631 2880 2693 purgare
2913 2631 2929 2692 ;
2962 2632 3096 2697 qua
3123 2609 3448 2697 benignum
3481 2618 3648 2684 illum

281 2705 623 2789 Dominum,
657 2706 757 2788 qui
785 2705 1190 2788 pmnitentiam
1219 2709 1462 2786 agentes
1489 2703 1727 2788 recipit,
1762 2709 1822 2766 et
1861 2700 1938 2765 ob
1971 2699 2307 2765 mortalium
2338 2700 2688 2768 aftlictiones
2716 2702 2893 2764 aliam
2941 2702 3074 2786 ipse
3124 2714 3386 2770 mentem
3432 2707 3650 2788 induit,

284 2794 518 2876 placare
547 2795 796 2876 possint.

773 2891 1000 2944 ΤοΜοΣ
1045 2889 1432 2965 ΕΞιΤΗΡιοΣ,

2347 2877 2708 2944 LIBELLUS
2750 2879 3300 2963 ABDICATIONIS,

291 2996 316 3030 ιι
367 2963 545 3052 η”Ητοι
601 2975 918 3052 παραίτησις
999 2980 1090 3030 τοῦ
1159 2963 1452 3052 ᾁγιωτάτου
1534 2970 1924 3052 μητροπολίτου

2012 2967 2146 3031 Sive
2173 2971 2563 3052 renuntiatio
2573 2972 2944 3034 sanctissimi
2985 2971 3402 3037 Heracliensis
3428 2983 3654 3041 metro-

367 3045 700 3132 Ἡρακλείας)

364 3133 480 3194 λου.
512 3154 545 3192 ι

363 3223 736 3302 Παναγιώτατέ
805 3245 905 3301 μου
972 3221 1217 3298 δέσποτα,
1307 3220 1525 3280 αὐθέντα
1605 3222 1694 3278 καὶ
1763 3222 1930 3278 01400-

279 3312 463 3388 μενικὲ
512 3312 840 3393 πατριάρχα,
885 3313 973 3368 καὶ
1025 3313 1206 3392 ὑμεῖς,
1260 3310 1402 3390 ὅίγιοί
1471 3331 1574 3386 μου
1654 3307 1924 3384 δεσπόται,

279 3399 516 3481 ἀδελφοὶ,
561 3402 648 3457 καὶ
686 3399 1073 3479 συλλειτουργοί
1105 3416 1119 3430 ⁸
1195 3398 1337 3465 ὅπως
1391 3399 1490 3475 μὲν
1531 3397 1800 3476 ὕπετάγην
1853 3398 1930 3472 τῷ

280 3488 590 3564 καλέσαντι,
645 3490 735 3545 καὶ
802 3488 1043 3562 ὑπέκυψα
1124 3490 1216 3544 τὸν
1268 3487 1470 3568 αὐχένα
1523 3493 1601 3562 τῷ
1655 3491 1796 3565 ζυγῷ
1837 3495 1929 3544 τοῦ

283 3577 629 3657 Εὐαγγελίου,
663 3578 774 3634 εἴτε
816 3576 868 3643 ἐξ
921 3577 1157 3657 ἀπειρίας
1213 3575 1426 3653 ἔπαθον,
1471 3576 1584 3634 εἴτε
1627 3573 1679 3641 ἐξ
1733 3575 1929 3655 ἀνθρω-

281 3668 442 3733 πίνης
476 3666 692 3745 ὀρέξεως
736 3666 831 3723 οὒκ
872 3665 988 3745 ἔχω
1030 3667 1201 3723 εἰπεῖν
1236 3684 1250 3699 ·
1294 3664 1427 3729 τέως
1483 3661 1528 3720 δ’
1572 3665 1684 3740 οὖν,
1735 3663 1925 3720 ἔπαθόν

282 3777 333 3811 τι
367 3753 679 3836 ἐπισφαλές.
741 3752 889 3810 Ἐπεὶ
945 3752 1000 3810 δὲ
1054 3754 1122 3809 τὰ
1175 3754 1293 3814 κατ’
1349 3753 1443 3830 ἐμὲ
1497 3752 1776 3832 κατολίγον
1807 3752 1923 3808 ἐπι-

285 3843 672 3922 σκεπτόμενος,
732 3842 980 3922 ἐθεώρουν
1034 3843 1096 3898 τὸ
1149 3841 1278 3918 ἐμὸν
1351 3842 1651 3922 χαμερπὲς,
1726 3842 1812 3897 καὶ
1865 3841 1926 3896 τὸ

282 3935 418 4009 ὕψος
462 3938 556 3988 τοῦ
608 3929 928 4006 ἀξιώματος,
973 3940 1221 3990 τοσοῦτον
1263 3928 1356 3987 ἀπ’
1416 3927 1664 4000 ἀλλήλων
1708 3927 1925 3995 διεστη-

280 4023 435 4093 κότα,
482 4020 606 4076 ὅσον
634 4021 662 4076 6
705 4019 920 4098 οὐρανὸς
961 4021 1049 4077 καὶ
1120 4021 1154 4088 ἦ
1199 4024 1295 4098 γῆ,
1355 4018 1645 4099 ἀφροσύνην
1701 4017 1928 4093 ἐμαυτοῦ

283 4109 696 4187 κατεγίνωσκον,
755 4109 866 4189 καὶ,
935 4109 1023 4173 Τίς
1071 4108 1342 4187 κοινωνία,
1385 4105 1623 4189 ἐλάλοον,
1680 4104 1798 4181 ἐμοὶ
1851 4112 1928 4181 τῷ

283 4185 568 4278 περιπεζίῳ
609 4185 696 4252 καὶ
751 4202 821 4273 τῇ
850 4185 1112 4276 ἀγχιθέῳ
1164 4185 1436 4275 ἱερατείᾳ;
1511 4185 1647 4252 ’⁸οτε
1715 4191 1771 4250 δὲ
1837 4195 1928 4250 καὶ

810 3063 966 3134 κυροῦ
1062 3051 1328 3132 Θεοδώρου
1427 3057 1520 3108 τοῦ
1630 3051 1927 3134 Κριτοπού-

2204 3048 2492 3131 politam‘,
2525 3050 2765 3114 Domini
2801 3052 3095 3116 Theodori
3121 3052 3448 3134 Critopuli.

2091 3215 2476 3280 Sauctissime
2504 3217 2588 3278 mi
2610 3219 2782 3299 here,
2805 3218 3068 3296 domine,
3085 3238 3156 3283 ac
3177 3220 3526 3285 universalis
3544 3244 3654 3306 pa-

2010 3305 2295 3380 triarcha,
2325 3324 2566 3387 vosque,
2587 3307 2777 3369 sancti
2801 3307 3064 3390 Domini,
3084 3309 3300 3373 fratres
3320 3318 3383 3375 et
3401 3305 3654 3376 consor-

2010 3401 2098 3454 tes
2127 3394 2189 3454 in
2224 3394 2552 3455 ministerio
2583 3395 2740 3458 mei:
2779 3414 2895 3476 quo
2925 3397 3202 3478 equidem
3251 3399 3429 3461 modo
3471 3420 3654 3464 voca-

2011 3481 2190 3544 tionis
2217 3482 2573 3571 auctorime
2602 3481 3010 3559 submiserim,
3043 3492 3102 3547 et
3156 3484 3454 3568 Evangelii
3506 3491 3651 3571 jugo

2007 3571 2297 3633 cervicem
2320 3569 2709 3648 subdiderim,
2744 3591 2815 3634 ex
2833 3572 3135 3652 imperitia
3162 3593 3260 3652 ne,
3292 3592 3368 3637 an
3399 3569 3658 3644 humana

2006 3659 2329 3739 cupiditate
2356 3659 2634 3740 quadam,
2664 3661 2724 3722 id
2755 3661 3061 3737 acciderit,
3089 3663 3262 3746 mihi,
3287 3683 3432 3728 sane
3453 3666 3656 3732 dicere

2005 3765 2126 3809 non
2150 3765 2420 3828 possum:
2451 3747 2661 3810 saltem
2683 3749 2796 3810 hoc
2811 3750 3021 3826 fateor,
3049 3752 3341 3816 accidisse
3361 3754 3507 3818 mihi
3521 3774 3650 3820 rem

2009 3835 2258 3916 periculi
2289 3835 2547 3916 plenam.
2581 3835 2967 3920 Posteaquam
2999 3857 3139 3902 vero
3187 3843 3464 3924 paulatim
3517 3864 3653 3908 me-

2007 3924 2202 4004 ipsum
2233 3925 2644 4007 considerans,
2677 3937 2734 3990 et
2757 3927 3156 3992 humilitatem
3181 3948 3370 3993 meam
3393 3940 3452 3994 et
3472 3933 3656 3998 ofﬁcii

2009 4013 2358 4092 dignitatem
2391 4014 2806 4096 inspiciebam,
2843 4024 3068 4080 tantum
3098 4037 3134 4081 a
3154 4037 3220 4081 se
3269 4020 3524 4085 invicem
3555 4023 3654 4086 di-

2008 4102 2242 4178 stantia,
2274 4113 2557 4184 quantum
2589 4104 2803 4168 coelum
2833 4113 2894 4168 et
2922 4115 3081 4170 terra
3111 4128 3127 4172 :
3180 4109 3471 4190 meipsum
3504 4113 3654 4175 stul-

2009 4191 2150 4252 titia:
2170 4193 2484 4254 damnans:
2503 4193 2785 4266 Quaenam
2810 4213 2943 4259 esse
2967 4196 3449 4279 possit,inquam,
3467 4202 3658 4265 socie-

279 4289 374 4342 τὸν
417 4284 536 4360 ὅρον
587 4295 682 4343 τοῦ
723 4282 956 4363 μεγάλου
1007 4283 1212 4341 Παύλου
1268 4283 1353 4377 ἐπὶ
1414 4283 1675 4377 στόματος
1737 4282 1921 4377 εἶχον,

2012 4288 2096 4377 tas
2124 4283 2281 4342 inter
2308 4299 2416 4377 me
2436 4283 2596 4377 humi
2626 4283 2890 4377 affixum,
2952 4294 3010 4346 et
3037 4286 3329 4377 accedens
3355 4306 3546 4377 prope
3575 4290 3653 4354 ad

279 4377 374 4432 16v
437 4371 792 4430 εἰδοποιοῦντα
844 4374 907 4429 τὸ
975 4379 1069 4430 τοῦ
1123 4371 1414 4452 ἀρχιερέως
1484 4372 1772 4450 μόρφωμα,
1838 4373 1925 4428 καὶ

2012 4367 2193 4431 Deum
2213 4370 2609 4432 sacerdotium
2630 4375 2657 4431 Ἰ
2679 4373 2824 4435 Cum
2847 4380 3044 4435 autem
3069 4374 3266 4453 magni
3287 4367 3650 4440 etiam—illius

279 4462 615 4542 ἀνελεγόμην
656 4461 840 4519 τούτου
893 4462 960 4518 τὰ
1017 4461 1282 4542 χρώματα
1317 4481 1332 4498 ο
1376 4461 1438 4516 τὸ
1507 4457 1678 4539 ὅσιον,
1709 4461 1770 4515 16
1799 4455 1927 4515 ἄκα-

2012 4457 2171 4518 Pauli
2190 4457 2598 4520 deﬁnitionem
2631 4460 2692 4520 in
2722 4479 2826 4523 ore
2857 4462 3163 4540 haberem,
3184 4481 3315 4544 quas
3341 4465 3652 4545 speciatim

276 4573 398 4625 κον,
442 4552 504 4607 16
547 4549 797 4628 ἀμίαντον
829 4565 844 4580 ⁸
889 4551 979 4607 καὶ
1030 4547 1143 4606 καθ’
1204 4549 1384 4606 ἑαυτὸν
1428 4545 1714 4610 ἀνεπόλουν
1748 4562 1762 4577 ⁶
1803 4546 1927 4634 ἐτα-

2012 4546 2302 4627 pontificis
2333 4549 2500 4629 quasi
2525 4548 2772 4610 formam
2805 4549 3090 4632 delineat,
3141 4561 3197 4613 et
3224 4551 3387 4615 illius
3416 4554 3650 4634 relege-

275 4639 572 4715 πεινούμην
612 4641 674 4695 τὸ
732 4638 1037 4719 πρόσωπον,
1094 4637 1345 4694 καὶκατά
1385 4638 1476 4694 τὸν
1529 4635 1718 4692 Μανωὲ
1760 4633 1926 4692 ἐϐόων

2012 4654 2133 4697 rem
2160 4636 2414 4711 colores,
2467 4637 2767 4718 pietatem,
2825 4637 3244 4718 integritatem,
3305 4633 3647 4722 puritatem,

272 4731 368 4789 καὶ
423 4731 602 4810 αὐτὸς,
676 4725 1001 4804 Ἀπωλόμην
1035 4742 1050 4759 ⁸
1125 4725 1228 4806 οὐχ
1297 4724 1378 4782 ὅτι
1452 4725 1580 4781 Θεὸν
1647 4725 1919 4804 ἑωράκειν,

2012 4742 2226 4805 eosque
2257 4743 2490 4788 mecum
2520 4726 2710 4807 ipsius
2731 4729 3152 4809 expenderem,
3167 4747 3301 4791 cum
3319 4730 3650 4795 humilitate

271 4818 396 4878 ἀλλ’
433 4818 513 4876 ὅτι
543 4819 672 4898 ὑπὲρ
714 4817 809 4893 ἐμὲ
861 4818 897 4885 ἡ
941 4815 1118 4879 εἰκών.
1179 4817 1286 4871 Ποῦ
1337 4815 1436 4894 γάρ
1480 4836 1572 4891 μοι
1613 4815 1676 4871 τὸ
1718 4815 1922 4894 ὁριστὸν

2012 4813 2221 4876 faciem
2251 4815 2735 4891 demittebam,et
2755 4815 3023 4897 exemplo
3050 4820 3275 4880 Manoaa
3295 4819 3643 4884 clamabam:

273 4909 464 4984 αὐτῆς,
499 4908 650 4983 εἰμὴ
699 4907 838 4986 μόνη
868 4903 1002 4981 ψιλὴ
1033 4907 1070 4974 ἡ
1126 4906 1426 4984 ὁμωνυμία,
1483 4905 1571 4960 καὶ
1614 4903 1774 4983 μέχρι
1831 4905 1925 4960 τοῦ

2012 4902 2162 4964 Perii
2193 4919 2206 4962 :
2237 4922 2355 4964 non
2395 4903 2547 4981 quod
2582 4907 2769 4966 Deum
2797 4905 3181 4988 aspexissem,
3234 4910 3336 4970 sed
3368 4908 3529 4989 quod
3559 4910 3645 4970 si-

271 4997 543 5078 ποδήρους
586 4999 622 5064 ὴ
677 4994 980 5076 φαντασίας
1057 4994 1117 5051 Εἰ
1172 4992 1226 5050 δὲ
1281 4995 1370 5050 καὶ
1436 4992 1598 5055 θείαις
1686 4997 1921 5072 Γριαφατς

269 5077 704 5167 προσομιλήσας,
739 5084 830 5148 τὰς
887 5081 1108 5146 ἀπειλὰς
1165 5079 1384 5151 διεξήειν
1427 5085 1494 5157 τῇ
1536 5077 1777 5159 γλώσση,
1835 5079 1924 5135 καὶ

269 5178 374 5237 τὰς
404 5173 535 5251 ὑπὲρ
564 5171 789 5238 ἑκάστης
821 5170 1031 5236 εὐθύνας
1101 5175 1311 5250 ψυχῆς,
1370 5167 1498 5232 ὅσας
1551 5167 1790 5224 ὑπέσειόν
1833 5188 1922 5242 μοι

267 5269 324 5324 οἱ
369 5265 657 5342 προφῆται,
704 5261 732 5315 6
785 5258 972 5340 νόμος,
1018 5261 1046 5316 6
1104 5261 1350 5340 Χριστὸς,
1391 5259 1451 5328 τὸ
1509 5253 1844 5342 Εὖαγγέλιον,
1876 5257 1922 5311 0i

269 5341 586 5425 ἀσόστολοι,
651 5348 745 5406 οὐκ
801 5346 880 5404 ἔτι
929 5351 982 5404 αἱ
1036 5347 1234 5429 Γραφαὶ
1275 5346 1425 5426 λόγοι
1469 5346 1628 5423 μόνον
1686 5341 1919 5421 ἐδόκουν,

266 5437 396 5501 ἀλλ’
438 5435 563 5507 ἧλοι
606 5436 830 5514 μονονοὺ
856 5437 1252 5517 ἐμπιπαρμένοι
1286 5455 1304 5474 ο
1363 5433 1479 5493 οὐδὲ
1516 5435 1605 5491 τὸν
1649 5432 1776 5512 ἀέρα
1817 5429 1923 5489 δαί-

266 5548 481 5614 ροντσς,
513 5523 652 5588 ἀλλὰ
679 5526 740 5582 τὸ
771 5523 901 5603 ἐμὸν
955 5522 1312 5606 περικάρδιον.
1356 5528 1530 5584 Ταῦτα
1585 5527 1709 5600 γοῦν
1750 5519 1920 5580 πάντα

834 5686 1094 5754 ΡΑΤῐιοι.
1131 5690 1245 5752 Gn.
1278 5685 1487 5750 CXIX.

2004 4991 2329 5053 mulacrum
2359 4991 2471 5052 hoc
2526 5011 2707 5073 supra
2731 4993 2886 5054 vires
2911 5012 3076 5056 meas
3109 5003 3281 5057 esset.
3314 4995 3463 5058 Nam
3494 4997 3638 5080 quid

2006 5079 2244 5143 tandem
2277 5088 2368 5142 est
2395 5081 2542 5142 mihi
2573 5101 2705 5171 cum
2735 5083 2863 5171 ejus
2892 5083 3160 5146 deﬁnitio
3180 5088 3649 5171 commune,nisi

2003 5169 2163 5258 nuda
2191 5168 2446 5230 societas
2477 5169 2914 5258 appellationis,
2976 5179 3033 5232 et
3090 5171 3162 5233 ad
3195 5181 3425 5238 vestem
3458 5168 3647 5258 usque

2004 5256 2245 5318 talarem
2275 5259 2507 5338 species
2536 5265 2564 5322 ?
2619 5257 2786 5332 Quod
2837 5260 2887 5321 si
2939 5277 3137 5323 sacras
3165 5261 3342 5325 etiam
3393 5256 3646 5328 Litteras

2003 5342 2297 5435 lectitans,
2331 5362 2434 5410 eas
2460 5348 2956 5413 comminationes
2975 5349 3176 5431 lingua
3203 5369 3644 5435 percurrerem,

2003 5433 2596 5528 reddendasquegpro
2625 5437 2890 5528 qualibet
2911 5439 3110 5503 anima
3158 5433 3440 5508 rationes.
3501 5433 3648 5528 quas

2004 5521 2373 5588 incutiebant
2399 5525 2544 5590 mihi
2569 5527 2894 5609 propheta,
2916 5528 3039 5606 lex,
3059 5528 3356 5614 Christus,
3385 5521 3650 5616 Evange-

3167 5691 3244 5758 36
