4160 6212
530 315 678 381 1131

1896 319 2025 383 JUS
2065 317 2512 386 CANONIGUM

3758 315 3912 383 H32

526 451 698 529 lium,
714 451 967 533 apostoli
993 470 1007 515 :
1036 458 1160 514 tum
1182 469 1322 515 vero
1346 451 1559 516 littera:
1578 469 1762 516 sacra
1782 470 1903 515 non
1925 450 2170 533 amplius

2262 448 2322 506 ἐκ
2373 458 2577 531 μακροῦ
2630 455 2862 534 θεωρῶν,
2938 451 3126 510 ὤδινον
3208 459 3418 529 πνεῦμα
3484 451 3764 531 σωτήριον,
3846 450 3913 504 τὸ

527 540 712 603 verba
740 541 885 603 mihi
915 541 1197 604 duntaxat
1254 559 1392 606 esse
1445 542 1819 618 videbantur,
1879 542 1985 605 sed
2037 538 2185 602 clavi

536 631 762 693 tantum
795 648 915 692 non
944 629 1007 691 in
1038 647 1134 694 me
1168 629 1369 705 deﬁxi,
1402 649 1517 693 nec
1548 650 1746 694 aerem
1777 630 2180 704 verberantes,

534 719 639 781 sed
671 736 804 781 mea
832 717 1184 799 praecordia.
1204 717 1347 781 Haec
1367 718 1548 798 igitur
1562 721 1763 782 omnia
1794 719 2016 782 dudum
2048 736 2183 779 con-

527 807 1109 888 siderans,spiritum
1125 807 1402 889 equidem
1417 807 1737 870 salutarem
1756 806 2178 890 parturieham,

530 896 812 961 nimirum
836 904 899 957 ut
925 894 1187 961 habitum
1220 896 1583 978 poenitentiae
1615 897 1950 976 induerem,
1975 895 2179 957 solita-

530 986 802 1067 riamque
859 984 1034 1047 vitam
1065 985 1316 1047 adirem.
1362 987 1439 1048 Et
1489 1005 1646 1048 nunc
1690 986 1838 1050 adeo
1896 985 2017 1046 fetu
2074 1000 2183 1061 per

529 1074 963 1158 inspectionem
987 1073 1203 1137 Christi
1224 1074 1537 1149 viviﬁcato,
1564 1075 1773 1156 peperi
1796 1074 1951 1156 quod
1976 1082 2178 1154 partu-

528 1165 781 1230 riebam.
814 1163 1074 1245 Ideoque
1103 1164 1392 1245 scriptum
1423 1165 1538 1227 hoc
1566 1164 1959 1227 abdicationis
1990 1181 2177 1243 expo-

528 1273 702 1337 nens,
730 1272 847 1316 non
861 1261 1088 1329 coacte,
1115 1253 1218 1315 sed
1238 1263 1476 1334 sponte;
1502 1273 1621 1315 non
1637 1253 2053 1333 incogitanter,
2075 1249 2179 1312 sed

528 1364 637 1428 per
666 1343 875 1420 otium,
936 1349 995 1404 et
1039 1342 1474 1424 supplicatione
1522 1341 1597 1404 ad
1645 1342 1833 1404 Deum
1863 1343 2175 1403 instituta:

528 1438 781 1515 Maneat,
804 1433 1072 1513 inquam,
1100 1431 1231 1493 aliis
1253 1430 1412 1493 haud
1461 1429 1658 1494 ablata
1689 1432 2062 1513 pontiﬁcatus
2089 1428 2179 1491 di-

2264 538 2532 610 ἐνδυθῆναί
2574 564 2640 619 με
2695 540 2899 611 δηλαδὴ
2942 545 3002 602 τὸ
3059 545 3159 610 τῆς
3211 545 3491 619 μετανοίας
3548 546 3760 621 σχημα,
3820 540 3913 595 καὶ

2264 630 2353 687 τὸν
2409 631 2621 711 μονήρη
2705 633 2900 710 τρόπον
2957 630 3307 694 ἐπεισελθεῖν.
3382 632 3481 689 Καὶ
3534 628 3638 698 ἤδη
3687 635 3757 705 τῇ
3816 633 3914 682 τοῦ

2266 725 2491 798 Χριστοῦ
2558 720 2824 798 ἐπισκοπῇ
2870 721 3346 801 ,ᾆναζωπυρησάσῃ
3426 727 3519 777 τοῦ
3587 717 3907 796 συλλτιῼθὲν,

2265 804 2441 863 ἔτεκον
2498 807 2526 863 ὃ
2581 807 2788 871 ὤδινον,
2865 798 3029 868 ’Ὅθεν
3079 798 3169 868 καὶ
3230 811 3320 866 τὸν
3362 808 3596 888 παρόντα
3647 806 3907 883 ἐξιτήριον

2262 895 2424 972 τόμον
2454 895 2754 973 ἐκθέμενος,
2800 900 2896 956 οὐκ
2937 899 3362 978 ἆναγκαστικῶς,
3418 893 3537 953 ἀλλ’
3593 896 3841 957 ἑκουσίως
3885 909 3901 922 ⁸

2261 986 2356 1040 οὒκ
2412 984 2776 1068 ἀμελετήτως,
2835 987 2970 1045 ἀλλὰ
3025 989 3159 1064 μετᾶ
3221 985 3425 1068 σχολῆς
3482 987 3569 1042 καὶ
3635 986 3905 1062 ἱκετηρίας

2259 1077 2357 1140 τῆς
2388 1075 2460 1137 εἰς
2506 1074 2632 1133 Θεόν
2666 1092 2682 1107 ·
2735 1066 2982 1153 ”Αλλων,
3017 1078 3178 1155 φημὶ,
3240 1066 3375 1132 ἔστω
3415 1077 3478 1132 τὸ
3504 1080 3602 1140 τῆς
3631 1074 3905 1152 ἀρχιερω-

2262 1162 2421 1229 σύνης
2455 1161 2820 1244 ἀναφαίρετον,
2880 1167 2931 1221 οἳ
2993 1168 3129 1222 κατὰ
3183 1168 3280 1233 τὴν
3332 1164 3477 1230 τάξιν
3530 1171 3623 1221 τοῦ
3680 1166 3909 1240 Χριστοῦ

2261 1250 2561 1329 ἱεράτευσαν
2613 1260 2707 1309 τοῦ
2757 1254 3047 1335 ἀρχιερέως
3105 1256 3177 1317 εἷς
3235 1255 3324 1311 τὸν
3370 1255 3552 1326 αἰῶνα,
3599 1253 3686 1308 καὶ
3728 1248 3908 1305 ἄλλων

2264 1343 2310 1396 οἱ
2352 1340 2674 1419 ἑνθρονισμοὶ
2719 1343 3051 1419 ἆμετάθετοι,
3112 1347 3196 1408 οἷς
3234 1339 3471 1421 σύνεδρος
3524 1343 3559 1409 ἡ
3617 1363 3708 1397 του
3738 1339 3908 1394 πνεύ-

2264 1450 2432 1503 ματος
2513 1428 2800 1506 ἔλλαμψις,
2861 1431 3012 1508 Ἐμοὶ
3065 1430 3121 1487 δὲ
3174 1430 3428 1503 ζητείσθω
3481 1428 3741 1507 incon-fi),
3820 1428 3908 1482 καὶ

529 1522 741 1604 gnitas,
767 1520 869 1601 qui
899 1518 1232 1583 sacerdotio
1261 1518 1445 1581 functi
1477 1528 1615 1581 sunt
1645 1518 1971 1583 secundum
2005 1518 2170 1580 ordi-

2261 1521 2492 1596 τρίχινον
2522 1518 2703 1596 ῥάκος,
2738 1522 2831 1576 καὶ
2860 1522 2922 1576 τὸ
2964 1522 3063 1587 τῆς
3111 1519 3392 1594 μετανοίας
3448 1517 3684 1597 δάκρυον,
3754 1516 3904 1572 ἀπο-

526 1599 665 1674 nem
697 1599 936 1685 Christi,
968 1607 1176 1671 aeterni
1210 1607 1506 1689 pontiﬁcis
1542 1628 1556 1669 :
1616 1608 1870 1670 aliorum
1919 1607 1978 1669 in
2028 1607 2170 1669 solia

2261 1604 2448 1664 πλῦνόν
2519 1629 2620 1683 μου
2679 1609 2746 1669 τὰ
2813 1608 3182 1689 πεπραγμένα.
3259 1615 3615 1686 Παραιτοῦμαι
3693 1603 3749 1661 δὲ
3819 1599 3908 1689 xz?

528 1679 952 1763 collocationes
978 1696 1126 1759 nulli
1155 1679 1427 1759 obnoxiae
1458 1696 1772 1759 mutationi
1804 1696 1946 1777 sint,
1970 1696 2032 1757 in
2049 1695 2170 1778 qui-

2261 1699 2343 1753 τὸν
2396 1698 2600 1777 θρόνον,
2662 1700 2750 1755 καὶ
2804 1700 2902 1767 τὴν
2958 1699 3160 1779 ἀρχὴν,
3207 1699 3296 1754 καὶ
3337 1700 3434 1765 τὴν
3462 1698 3773 1776 ἱερωσύνην.
3808 1679 3905 1752 Καὶ

527 1786 641 1850 bus
665 1783 975 1848 illustratio
1001 1783 1255 1866 Spiritus
1279 1785 1484 1849 sedem
1499 1803 1664 1848 suam
1691 1784 1836 1847 ﬁxit.
1862 1784 2170 1866 Mihiquae-

2261 1783 2547 1841 παόακαλῶ
2588 1786 2791 1850 τούτοις
2835 1788 2924 1843 τὸν
2978 1784 3432 1866 προκαλούμενον,
3463 1786 3551 1841 καὶ
3592 1785 3649 1840 ὃν
3706 1786 3735 1839 ὁ
3784 1788 3905 1838 Πα-

526 1876 676 1959 ritor
705 1873 1068 1950 obedientia,
1100 1874 1400 1956 vestisque
1433 1874 1569 1956 pilis
1599 1880 1900 1950 constans,
1961 1881 2019 1935 et
2082 1874 2170 1936 la-

2261 1872 2521 1953 ράκλητος
2572 1876 2645 1939 εἷς
2714 1878 2812 1943 τὴν
2872 1873 3177 1942 ἀποστολὴν
3233 1876 3391 1932 αὖτοῦ
3444 1873 3700 1953 ἀφορίσει.
3734 1878 3905 1950 Χαῖρε

525 1983 723 2048 cryma
753 1962 1134 2046 paenitentiae,
1170 1982 1285 2045 quo
1344 1962 1664 2025 abluantur
1725 1961 2170 2033 facinoramea.

2261 1962 2367 2043 οὖν,
2427 1963 2472 2019 ὦ
2540 1965 2899 2046 ποιμενάρχα,
2962 1966 3051 2022 καὶ
3124 1964 3307 2043 Πατὴρ
3361 1962 3624 2041 πατέρων,
3660 1962 3753 2018 καὶ
3778 1974 3909 2023 ταῖς

523 2052 824 2120 Renuntio
855 2051 1010 2128 sedi,
1042 2058 1101 2114 et
1129 2050 1420 2132 dignitati,
1456 2059 1514 2114 et
1568 2051 1922 2114 sacerdotio.
1982 2050 2170 2115 Simul

2261 2054 2448 2132 εὒχαῖς
2504 2052 2600 2110 σού
2652 2075 2721 2129 με
2785 2051 3080 2133 ἐφοδίασον,
3138 2056 3223 2110 καὶ
3277 2058 3345 2131 τῇ
3426 2073 3752 2128 ποιμαντικῃ
3795 2049 3911 2106 εἴτε

521 2144 689 2207 hisce
717 2140 913 2205 verbis
942 2149 1066 2204 tum
1096 2139 1264 2202 illum
1294 2141 1597 2223 exhortor,
1630 2140 1731 2222 qui
1764 2159 1857 2201 me
1888 2139 2029 2202 olim
2062 2158 2169 2202 ex-

2261 2142 2343 2196 καὶ
2411 2148 2643 2219 πατρικῇ
2711 2143 2971 2221 βακτηρίᾳ
3039 2164 3133 2199 σου
3215 2141 3478 2222 στήριξονο
3564 2139 3749 2198 οὐκέτι
3806 2139 3914 2217 γάρ

524 2231 908 2307 hortabatur;
941 2236 1064 2292 tum
1097 2247 1274 2311 quem
1304 2229 1557 2311 Spiritus
1600 2229 1704 2291 ille
1732 2229 2068 2291 consolator
2094 2229 2168 2290 ad

2261 2229 2356 2304 εἶμι
2425 2230 2652 2310 ποιμὴν,
2721 2231 3015 2307 ποιμαίνων
3095 2232 3321 2311 ἀπείρως
3353 2247 3368 2261 '
3460 2227 3596 2287 ἀλλὰ
3660 2227 3913 2303 ποίμνιον

521 2314 913 2404 apostolatum
970 2337 1143 2381 suum
1193 2318 1545 2400 segregabit.
1609 2316 1801 2396 Salve,
1865 2327 2166 2399 pastorum

2261 2315 2380 2392 ἤδη,
2426 2319 2515 2374 καὶ
2557 2318 2768 2380 τέκνον.
2833 2319 2936 2387 Εῗη
2989 2314 3044 2376 δέ
3087 2322 3258 2377 εἰπεῖν
3311 2320 3399 2376 καὶ
3450 2315 3749 2392 ηὖξημένον
3776 2329 3908 2379 ταῖς

520 2410 808 2492 deinceps
837 2418 897 2471 et
922 2406 1097 2471 Pater
1125 2416 1360 2490 patrum
1395 2429 1409 2471 ε
1471 2406 1750 2490 precibus
1780 2424 1876 2469 me
1908 2406 2022 2468 tuis
2052 2406 2162 2468 de-

2261 2419 2374 2469 ταῖς
2418 2404 2680 2486 εὐλογίαις
2721 2409 2856 2468 κατὰ
2919 2410 3072 2485 Θεὸν,
3131 2410 3219 2465 καὶ
3287 2409 3341 2465 ἐν
3396 2409 3535 2488 γήρᾳ
3602 2406 3911 2486 προκόπτειν

516 2500 743 2581 ducito,
773 2506 989 2579 tuoque
1016 2496 1138 2559 sive
1166 2495 1511 2578 pastoricio,
1561 2495 1685 2560 sive
1734 2502 1978 2576 paterno
2010 2494 2162 2576 pedo

2261 2495 2345 2562 τὴν
2401 2493 2522 2552 κατ’
2589 2495 2780 2576 ἀρετὴν
2835 2497 3013 2573 ἀκμὴν
3069 2499 3159 2557 καὶ
3211 2495 3505 2558 τελείωσιν.
3572 2495 3791 2573 Χαίρετε
3851 2492 3908 2548 δὲ

522 2608 620 2652 me
649 2589 875 2652 fulcito.
901 2586 1130 2668 Quippe
1160 2606 1279 2648 non
1330 2594 1448 2648 tam
1504 2605 1610 2667 ego
1642 2593 1841 2666 pastor
1869 2605 2000 2648 sum
2028 2604 2161 2647 am-

2261 2584 2332 2640 ιαὶ
2376 2584 2552 2659 ὑμεῖς,
2623 2588 2670 2642 οἱ
2722 2585 2819 2654 τῆς
2881 2592 3140 2664 μυστικῆς
3212 2586 3537 2660 παραστάται
3606 2582 3909 2663 τραπέζης,

522 2678 701 2762 plius,
741 2676 841 2758 qui
872 2693 1121 2738 munere
1153 2675 1405 2756 pastoris
1433 2675 1710 2757 imperite
1740 2674 2027 2754 fungebar
2056 2673 2160 2736 sed

2261 2673 2335 2728 mi
2377 2670 2487 2762 Eme
2533 2677 2633 2739 τῆς
2709 2676 2941 2754 σήμερον
2998 2675 3339 2754 συγκοινωνοί
3407 2695 3508 2749 μου
3562 2674 3651 2729 καὶ
3694 2692 3911 2747 συμμε-

522 2759 772 2847 ovicula,
814 2763 918 2827 sed
945 2764 1125 2827 ﬁlius.
1158 2765 1352 2845 Atque
1406 2765 1631 2827 utinam
1688 2764 1909 2826 addere
1967 2763 2167 2845 liceat,

2261 2762 2412 2824 οίται.
2471 2759 2695 2842 Ἀπάρτι
2755 2765 2856 2843 γὰρ
2911 2766 2971 2821 οὐ
3025 2766 3103 2840 μὴ
3160 2765 3263 2821 πίω
3316 2763 3430 2840 μεθ’
3470 2764 3616 2838 ὑμῶν
3681 2760 3744 2816 ἐκ
3804 2763 3912 2827 τῆς

521 2863 731 2919 auctus
761 2853 977 2918 divinis
1025 2851 1545 2916 benedictionibus
1576 2853 1715 2930 tuis,
1751 2860 1810 2915 et
1838 2853 1899 2913 in
1929 2861 2170 2914 senecta

2261 2849 2491 2925 Ξιμπέλου
2545 2852 2742 2920 ταύτης
2794 2858 2893 2920 τῆς
2948 2859 3166 2921 νοητῆς.
3216 2855 3313 2910 Καὶ
3357 2850 3626 2928 μέμνησθὲ
3675 2870 3779 2924 μου
3856 2849 3912 2904 ἐν

522 2943 843 3026 proﬁciens
869 2941 1067 3021 vigore
1118 2941 1603 3023 perfectioneque
1629 2940 1879 3003 virtutis.
1916 2939 2168 3012 Salvete,

2261 2952 2371 3002 ταῖς
2406 2940 2618 3020 εὐχαῖς,
2666 2940 2759 2997 ’ίνα
2816 2943 2859 2997 εἰ
2916 2942 3005 2998 καὶ
3061 2947 3160 3009 τῆς
3202 2946 3348 3019 ὑμῶν
3378 2938 3646 3006 ξυναυλίας
3686 2939 3777 2993 καὶ
3806 2937 3911 3005 τῆς

522 3025 627 3095 vos
652 3032 853 3109 etiam,
885 3029 1088 3093 astites
1104 3048 1328 3093 mensze
1349 3031 1627 3112 mysticae,
1659 3029 1800 3092 acin
1815 3029 2168 3092 hodiernum

2261 3026 2409 3107 φίλης
2479 3029 2567 3085 καὶ
2613 3034 2976 3105 πνευματικῆς
3032 3028 3233 3098 διαίτης
3314 3030 3525 3092 τωτὲως
3595 3025 3909 3104 ἀπέῤῥωγα,

526 3138 718 3203 usque
748 3093 908 3183 diem
940 3117 1089 3181 socii
1121 3126 1179 3180 et
1209 3093 1516 3182 consortes
1574 3093 1718 3182 mei.
1768 3117 2021 3179 Posthac
2050 3135 2170 3179 non

2261 3093 2375 3173 ἀλλ’
2416 3116 2470 3174 ἐν
2538 3124 2604 3195 τῇ
2658 3093 2896 3195 βασιλείᾳ
2934 3093 3050 3175 ⁷τῶν
3106 3093 3335 3198 οὐρανῶν
3390 3122 3495 3175 πίω
3567 3093 3741 3173 τοῦτο.
3785 3093 3912 3190 p.50;

522 3209 731 3273 Βὶικιῐιι
750 3207 1053 3273 vobiscum
1081 3206 1156 3269 de
1201 3207 1312 3271 hac
1341 3207 1473 3271 vita:
1519 3206 1874 3270 intellectili.
1907 3205 2170 3269 Memen-

524 3304 648 3361 tote
681 3299 795 3361 mei
827 3296 1038 3360 vestris
1066 3294 1128 3356 in
1178 3296 1477 3376 precibus,
1510 3302 1594 3373 ut,
1619 3295 1852 3358 tametsi
1878 3314 1911 3357 a
1931 3312 2173 3357 consor-

526 3386 608 3450 tio
637 3396 833 3450 vestro
864 3391 1044 3466 atque
1071 3382 1143 3446 ab
1174 3384 1275 3447 illa
1314 3385 1580 3467 jucunda
1603 3392 1660 3447 et
1685 3383 1989 3465 spirituali
2016 3402 2169 3446 con-

520 3475 857 3538 versatione
884 3490 1044 3535 nunc
1073 3472 1313 3536 avulsus
1344 3474 1480 3550 sim,
1528 3472 1829 3536 vobiscum
1882 3480 2076 3535 tamen
2107 3473 2170 3533 in

522 3581 708 3645 regno
738 3562 1025 3628 caelorum
1079 3579 1149 3623 eo
1206 3570 1347 3644 potu
1402 3561 1726 3625 recentiori
1780 3561 1965 3623 fruar.
2018 3563 2170 3624 Ante

518 3652 721 3715 omnia
738 3670 903 3734 vero,
930 3656 988 3712 et
1008 3666 1188 3730 supra
1209 3669 1437 3727 omnes,
1462 3650 1644 3728 salve,
1670 3657 1732 3712 tu
1752 3668 2010 3730 quoque,
2029 3649 2172 3711 ﬁde-

2250 3206 2396 3280 ὒμῶν
2455 3208 2778 3287 καινότερον.
2843 3210 3055 3288 Χαίροις
3110 3206 3164 3265 δὲ
3232 3210 3334 3288 πρὸ
3403 3207 3614 3264 πάντων
3671 3206 3761 3260 καὶ
3821 3204 3914 3260 ἐπὶ

2254 3301 2382 3351 πᾶσι
2412 3297 2498 3352 καὶ
2528 3297 2612 3373 σὺ,
2643 3299 2672 3353 ὁ
2727 3296 3042 3361 πιστότατος
3117 3295 3264 3378 ἄναξ,
3297 3299 3325 3354 ὁ
3348 3296 3407 3353 ἐκ
3437 3294 3568 3353 Θεοῦ⁹
3623 3291 3911 3350 ἀπεσταλ-

2253 3383 2435 3459 μένος,
2497 3388 2525 3441 ὁ
2581 3384 2786 3461 ὑψηλὸς
2852 3388 2943 3442 τὸν
3000 3387 3259 3466 βραχίονα
3323 3387 3411 3443 καὶ
3466 3382 3753 3460 μετενδύης
3828 3380 3912 3437 ἔτι

2253 3470 2500 3537 ἔ6²,..αὶ
2542 3473 2619 3531 ἔτι
2662 3473 2855 3543 λευκὴν
2898 3473 3093 3543 στολὴν
3149 3477 3216 3531 τὰ
3259 3474 3524 3552 βασίλεια,
3552 3474 3637 3529 καί
3695 3470 3791 3538 εἴη
3820 3473 3910 3526 εἱ-

2253 3564 2440 3643 ρηναία
2468 3565 2503 3631 ἡ
2525 3563 2782 3639 βασιλεία,
2832 3566 2919 3621 καὶ
2959 3565 2994 3633 ἡ
3023 3571 3114 3621 τοῦ
3144 3571 3275 3623 Θεοῦ
3303 3562 3618 3637 Ἐκκλησία,
3654 3560 3708 3617 ἐν
3737 3562 3911 3617 πνεῦ-

2253 3673 2379 3726 ματι
2422 3652 2509 3707 καὶ
2549 3648 2762 3727 δυνάμει
2792 3662 2884 3712 τοῦ
2912 3653 3226 3733 εἰρηνάρχου
3257 3658 3507 3731 Χριστοῦ.

525 3740 757 3805 lissime
783 3760 909 3817 rex,
941 3758 976 3801 a
1004 3736 1129 3802 Deo
1162 3739 1365 3821 misse,
1399 3739 1568 3819 cujus
1598 3737 1858 3802 sublime
1887 3737 2197 3801 brachium
2226 3746 2336 3802 est.
2364 3737 2584 3802 Induas
2610 3738 2835 3819 regiam
2864 3739 2998 3803 albo
3026 3739 3099 3802 ab
3130 3740 3302 3802 annis
3328 3739 3404 3802 ad
3433 3756 3624 3802 annos
3650 3735 3908 3818 amictu,

517 3836 577 3890 et
608 3836 877 3910 pacatum
908 3831 1255 3914 imperium,
1287 3835 1493 3910 pacata
1521 3827 1792 3891 Ecclesia
1822 3827 1933 3890 Dei
1963 3827 2058 3905 sit,
2097 3827 2159 3890 in
2189 3829 2407 3911 spiritu
2440 3846 2510 3891 ac
2555 3827 2767 3892 virtute
2812 3828 3058 3903 Christi,
3093 3830 3197 3912 qui
3247 3829 3410 3911 pacis
3457 3836 3549 3891 est
3592 3827 3910 3910 princeps.

520 4005 905 4071 MANDATA
936 4007 1132 4084 QUAE
1172 4008 1348 4072 ΒΑΝ
1352 4005 1504 4069 TUR
1545 4003 1668 4068 ME
1681 4003 2168 4084 TROPOLITA:

595 4083 2167 4232 gﬁblligr‘ﬁvlftﬁgIEPISCOPISJTALIIS,CUM

1011 4256 1281 4339 Epistoia
1305 4254 1697 4338 patriarchae.

595 4345 998 4409 Sanctissimis
1028 4345 1342 4428 episcopis,
1366 4342 1834 4425 religiosissimis
1865 4343 2158 4425 presbyte-

484 4431 621 4510 ris,
653 4435 1079 4497 amantissimis
1111 4434 1216 4499 Dei
1247 4433 1540 4507 diaconis,
1575 4440 1634 4494 et
1681 4431 1961 4493 universo
1993 4450 2161 4493 sacro

513 4521 723 4586 clero:
771 4523 1226 4604 gloriosissimis
1278 4531 1336 4586 et
1383 4520 1733 4585 clarissimis
1762 4520 2162 4601 municipibus

511 4616 571 4671 et
598 4610 812 4675 incolis
841 4612 1152 4675 custodita)
1182 4610 1460 4674 divinitus
1491 4608 1655 4671 urbis
1686 4606 1757 4671 N.

589 4786 729 4851 Vult
757 4787 1083 4869 spirituaiis
1112 4788 1339 4851 ordinis
1399 4788 1490 4850 lex
1552 4793 1724 4866 atque
1770 4784 1995 4865 regula,
2031 4803 2161 4866 quae

509 4876 835 4938 secundum
866 4877 1237 4957 evangelicas
1265 4884 1325 4939 et
1354 4874 1705 4958 apostolicas
1735 4872 2010 4952 dirigitur
2033 4892 2162 4953 gra-

507 4963 644 5046 tias,
680 4964 963 5027 ornandaa
991 4983 1175 5027 sacrae
1218 4964 1487 5045 dignitati
1536 4961 1884 5033 destinatos,
1916 4960 1977 5022 in
2006 4969 2160 5024 statu

509 5051 751 5115 decenti
779 5060 837 5115 et
857 5052 1159 5135 inculpato
1182 5071 1533 5115 conservare
1563 5071 1577 5111 τ
1624 5057 1689 5111 ut
1710 5059 1825 5110 tam
1855 5046 2156 5126 Ecclesiae,

510 5159 686 5222 quam
715 5141 1064 5223 reipublicae
1086 5159 1323 5222 corpus,
1360 5159 1466 5224 per
1493 5138 1830 5217 religiosam
1863 5136 2163 5216 guberna-

506 5230 754 5306 tionem,
787 5229 849 5293 in
871 5229 1190 5313 tranquilla
1213 5237 1536 5311 pacataque
1591 5225 1913 5290 serenitate
1943 5244 2162 5288 secun-

509 5317 653 5383 dum
682 5317 1037 5382 voluntatem
1070 5317 1183 5381 Dei
1207 5326 1478 5400 regatur,
1525 5325 1702 5399 atque
1719 5313 1913 5377 omnis
1934 5314 2162 5378 alieno-

2254 4030 2282 4062 α
2328 4011 2736 4065 ΕΝΤΛΛΜΑΤΑ
2797 4014 3140 4067 ΔΙΔΟΜΕΝΑ
3209 4016 3360 4067 ΤΟΙΣ
3433 4015 3912 4065 ΧΕΙΡΟΤΟΝΟΥ-

2329 4092 2580 4144 ΜΕΝΟΙΣ
2639 4093 3210 4165 ΜΗΤΡΟΠΟΛΙΤΑΙΣ,
3275 4098 3385 4147 ΚΑΙ
3456 4093 3913 4145 ΑΡΧΙΕΠΙΣΚΟ-

2329 4171 2509 4239 ΠοιΣ,
2554 4174 2668 4225 ΚΑΙ
2711 4175 3014 4227 ΕΤΕΡοιΣ.
3053 4190 3078 4222 ιι

2789 4272 2821 4315 (
2852 4256 3267 4336 Πατριαρχικόν.
3317 4278 3346 4311 ι

2325 4353 2452 4407 Τοῖς
2523 4342 2833 4407 ὁσιωτάτοις
2882 4344 3217 4420 ἐπισκόποις,
3275 4342 3701 4408 Θεοσεϐεστάτοις
3761 4366 3911 4425 πρε-

2246 4431 2529 4511 σὲυτέροις,
2600 4430 3023 4512 θεοφιλεστάτοις
3102 4431 3387 4508 διακόνοις,
3460 4433 3549 4490 καὶ
3602 4434 3768 4490 παντὶ
3826 4442 3913 4510 τῷ

2243 4521 2426 4598 εὖαγεῖ
2482 4517 2665 4599 κλήρῳ
2698 4536 2711 4549 ·
2772 4534 2889 4587 τοῖς
2947 4520 3301 4587 ἐνδοξοτάτας
3358 4521 3445 4580 καὶ
3495 4520 3911 4601 λαμπροτάτοις

2242 4608 2494 4689 αλήτορσι
2551 4610 2638 4664 καὶ
2695 4610 2962 4690 οἰκήτορσι
3025 4617 3127 4679 τῆς
3180 4611 3476 4669 θεοσώστου
3528 4609 3743 4673 πόλεως
3802 4618 3914 4679 τῆς

2244 4695 2420 4757 δεῖνα.

2327 4776 2385 4843 Ὀ
2428 4790 2526 4853 τῆς
2589 4788 2947 4862 πνευματικῆς
3018 4786 3324 4855 ἀκολουθίας
3397 4786 3517 4866 ὅρος
3574 4789 3663 4844 καὶ
3706 4789 3914 4870 νόμος,

2241 4887 2362 4936 ταῖς
2430 4873 2800 4954 εὐαγγελικαῖς
2851 4878 2939 4933 καὶ
2995 4877 3377 4941 ἂποστολικαῖς
3420 4877 3720 4953 ἷθυνόμενος
3786 4881 3916 4957 χά-

2243 4985 2372 5043 ρισι,
2430 4966 2550 5029 τοὺς
2594 4966 2691 5032 τὴν
2749 4965 2889 5044 ἱερὰν
2943 4967 3087 5032 ἀξίαν
3142 4979 3366 5044 κοσμεῖν
3423 4964 3751 5041 ἠξιωμένους
3817 4968 3915 5048 ὦ,

2243 5051 2297 5107 ἐν
2334 5051 2591 5133 ἀξιολόγῳ
2660 5055 2748 5110 καὶ
2795 5054 3142 5132 ἀνεπιλήπτῳ
3195 5068 3380 5136 τηρεῖν
3422 5053 3669 5132 βούλεται
3720 5078 3912 5119 κατα-

2247 5144 2478 5218 στήματι
2512 5161 2528 5177 ⁸
2589 5144 2664 5206 ὡς
2703 5142 2765 5199 ἂν
2818 5145 2878 5200 τὸ
2934 5145 3030 5214 τῆς
3102 5145 3419 5213 Ἐκκλησίας
3476 5146 3564 5201 καὶ
3620 5143 3915 5211 πολιτείας

2246 5232 2448 5310 εὖαγῶς
2495 5293 2501 5299 ,
2546 5229 3021 5310 διακυϐερνώμενον
3104 5233 3395 5315 πλήρωμα,
3473 5233 3526 5289 ἐν
3610 5232 3923 5312 ἆκυμάντῳ

2243 5321 2331 5376 καὶ
2413 5321 2647 5401 είρηναίᾳ
2730 5318 2937 5400 γάλήνῃ
3020 5325 3322 5405 θεοπρεπῶς
3404 5320 3736 5402 διεξάγηται,
3825 5327 3923 5383 καὶ

1848 5483 2105 5549 unus
2134 5485 2570 5573 LECTIONES.

581 5646 643 5699 69
671 5646 852 5715 ἃπὶὲτη
898 5648 985 5704 καὶ
1015 5647 1134 5715 ἔτη,
1217 5646 1283 5697 53
1309 5646 1389 5710 al.
1424 5647 1798 5725 ἠπειγμένους.
