  <div class='ocr_page' id='page_1' title='image "/cluster/home/n/w/nwhite01/storage/ocr_20150623/119/hvd.32044073502494/574.png"; bbox 0 0 4160 6212; ppageno 0'>
   <div class='ocr_carea' id='block_1_1' title="bbox 270 309 1905 400">
    <p class='ocr_par' dir='ltr' id='par_1_1' title="bbox 270 309 1905 378">
     <span class='ocr_line' id='line_1_1' title="bbox 270 309 1905 378; baseline 0.002 -6"><span class='ocrx_word' id='word_1_1' title='bbox 270 311 299 372; x_wconf 78' lang='grc'><strong>1</strong></span> <span class='ocrx_word' id='word_1_2' title='bbox 316 309 430 376; x_wconf 87' lang='grc'><strong>133</strong></span> <span class='ocrx_word' id='word_1_3' title='bbox 1601 312 1905 378; x_wconf 63' lang='grc' dir='ltr'>θεωροὶ</span> 
     </span>
    </p>
   </div>
   <div class='ocr_carea' id='block_1_2' title="bbox 1986 309 3667 400">
    <p class='ocr_par' dir='ltr' id='par_1_2' title="bbox 1986 315 3667 400">
     <span class='ocr_line' id='line_1_2' title="bbox 1986 315 3667 400; baseline 0.014 -27"><span class='ocrx_word' id='word_1_4' title='bbox 1986 315 2304 383; x_wconf 75' lang='lat' dir='ltr'><strong>lMANUM.</strong></span> <span class='ocrx_word' id='word_1_5' title='bbox 3487 327 3667 400; x_wconf 51' lang='lat'><strong>1134‘</strong></span> 
     </span>
    </p>
   </div>
   <div class='ocr_carea' id='block_1_3' title="bbox 254 444 1905 539">
    <p class='ocr_par' dir='ltr' id='par_1_3' title="bbox 254 444 1905 539">
     <span class='ocr_line' id='line_1_3' title="bbox 254 444 1905 539; baseline 0 -35"><span class='ocrx_word' id='word_1_6' title='bbox 254 453 403 539; x_wconf 70' lang='grc' dir='ltr'>πᾷσα</span> <span class='ocrx_word' id='word_1_7' title='bbox 425 534 456 539; x_wconf 37' lang='grc' dir='ltr'>η</span> <span class='ocrx_word' id='word_1_8' title='bbox 490 444 768 539; x_wconf 77' lang='grc' dir='ltr'>δογμάτων</span> <span class='ocrx_word' id='word_1_9' title='bbox 853 444 1187 539; x_wconf 60' lang='grc' dir='ltr'><strong>διλλοφύλων⁵</strong></span> <span class='ocrx_word' id='word_1_10' title='bbox 1241 445 1599 539; x_wconf 67' lang='grc' dir='ltr'>ἀποκροόηται</span> <span class='ocrx_word' id='word_1_11' title='bbox 1687 449 1905 539; x_wconf 74' lang='grc' dir='ltr'>ζήτησις</span> 
     </span>
    </p>
   </div>
   <div class='ocr_carea' id='block_1_4' title="bbox 1986 444 3637 539">
    <p class='ocr_par' dir='ltr' id='par_1_4' title="bbox 1990 449 3637 539">
     <span class='ocr_line' id='line_1_4' title="bbox 1990 449 3637 539; baseline 0.009 -31"><span class='ocrx_word' id='word_1_12' title='bbox 1990 462 2121 508; x_wconf 92' lang='lat' dir='ltr'><strong>rum</strong></span> <span class='ocrx_word' id='word_1_13' title='bbox 2154 449 2489 539; x_wconf 85' lang='lat' dir='ltr'><strong>dogmatum</strong></span> <span class='ocrx_word' id='word_1_14' title='bbox 2520 453 2826 535; x_wconf 80' lang='lat' dir='ltr'><strong>inquisitio</strong></span> <span class='ocrx_word' id='word_1_15' title='bbox 2857 473 2925 518; x_wconf 90' lang='lat' dir='ltr'><strong>ac</strong></span> <span class='ocrx_word' id='word_1_16' title='bbox 2948 461 3272 536; x_wconf 79' lang='lat' dir='ltr'><strong>tempestas</strong></span> <span class='ocrx_word' id='word_1_17' title='bbox 3289 455 3637 539; x_wconf 81' lang='lat' dir='ltr'><strong>repellatur,</strong></span> 
     </span>
    </p>
   </div>
   <div class='ocr_carea' id='block_1_5' title="bbox 248 533 1905 619">
    <p class='ocr_par' dir='ltr' id='par_1_5' title="bbox 248 533 1905 615">
     <span class='ocr_line' id='line_1_5' title="bbox 248 533 1905 615; baseline 0.001 -23"><span class='ocrx_word' id='word_1_18' title='bbox 248 536 336 592; x_wconf 88' lang='grc' dir='ltr'><strong>καὶ</strong></span> <span class='ocrx_word' id='word_1_19' title='bbox 374 534 537 615; x_wconf 85' lang='grc' dir='ltr'>ζάλη,</span> <span class='ocrx_word' id='word_1_20' title='bbox 566 536 656 592; x_wconf 87' lang='grc' dir='ltr'><strong>καὶ</strong></span> <span class='ocrx_word' id='word_1_21' title='bbox 696 541 804 591; x_wconf 68' lang='grc' dir='ltr'><strong>τῶν</strong></span> <span class='ocrx_word' id='word_1_22' title='bbox 863 533 1296 611; x_wconf 64' lang='grc' dir='ltr'><strong>ἐπανισταμένων</strong></span> <span class='ocrx_word' id='word_1_23' title='bbox 1354 535 1630 598; x_wconf 85' lang='grc' dir='ltr'>λαιλάπων</span> <span class='ocrx_word' id='word_1_24' title='bbox 1689 537 1752 593; x_wconf 90' lang='grc' dir='ltr'><strong>ἐκ</strong></span> <span class='ocrx_word' id='word_1_25' title='bbox 1809 559 1905 594; x_wconf 85' lang='grc' dir='ltr'>πο-</span> 
     </span>
    </p>
   </div>
   <div class='ocr_carea' id='block_1_6' title="bbox 1986 533 3634 619">
    <p class='ocr_par' dir='ltr' id='par_1_6' title="bbox 1995 533 3634 619">
     <span class='ocr_line' id='line_1_6' title="bbox 1995 533 3634 619; baseline 0.008 -23"><span class='ocrx_word' id='word_1_26' title='bbox 1995 543 2055 597; x_wconf 92' lang='lat' dir='ltr'><strong>et</strong></span> <span class='ocrx_word' id='word_1_27' title='bbox 2082 538 2422 619; x_wconf 79' lang='lat' dir='ltr'><strong>caliginosae</strong></span> <span class='ocrx_word' id='word_1_28' title='bbox 2452 533 2753 605; x_wconf 82' lang='lat' dir='ltr'><strong>turbinum</strong></span> <span class='ocrx_word' id='word_1_29' title='bbox 2785 561 2860 609; x_wconf 79' lang='lat' dir='ltr'><strong>ex</strong></span> <span class='ocrx_word' id='word_1_30' title='bbox 2886 533 3090 606; x_wconf 82' lang='lat' dir='ltr'><strong>hostili</strong></span> <span class='ocrx_word' id='word_1_31' title='bbox 3127 543 3339 607; x_wconf 58' lang='lat' dir='ltr'><strong>haeresi</strong></span> <span class='ocrx_word' id='word_1_32' title='bbox 3361 533 3439 607; x_wconf 21' lang='lat' dir='ltr'><strong>ﬁse</strong></span> <span class='ocrx_word' id='word_1_33' title='bbox 3468 533 3634 609; x_wconf 49' lang='lat' dir='ltr'><strong>com;</strong></span> 
     </span>
    </p>
   </div>
   <div class='ocr_carea' id='block_1_7' title="bbox 250 621 1905 715">
    <p class='ocr_par' dir='ltr' id='par_1_7' title="bbox 250 621 1905 715">
     <span class='ocr_line' id='line_1_7' title="bbox 250 621 1905 715; baseline 0.004 -36"><span class='ocrx_word' id='word_1_34' title='bbox 250 623 436 701; x_wconf 89' lang='grc' dir='ltr'>λεμίας</span> <span class='ocrx_word' id='word_1_35' title='bbox 494 623 765 703; x_wconf 79' lang='grc' dir='ltr'>αἱρέσεως,</span> <span class='ocrx_word' id='word_1_36' title='bbox 821 621 1223 715; x_wconf 77' lang='grc' dir='ltr'>διασκεδάζηται</span> <span class='ocrx_word' id='word_1_37' title='bbox 1279 623 1518 706; x_wconf 82' lang='grc' dir='ltr'>ζοφώδης</span> <span class='ocrx_word' id='word_1_38' title='bbox 1577 625 1905 701; x_wconf 88' lang='grc' dir='ltr'>σκοτόμηνα.</span> 
     </span>
    </p>
   </div>
   <div class='ocr_carea' id='block_1_8' title="bbox 1986 621 3632 715">
    <p class='ocr_par' dir='ltr' id='par_1_8' title="bbox 1994 629 3632 715">
     <span class='ocr_line' id='line_1_8' title="bbox 1994 629 3632 715; baseline 0.009 -30"><span class='ocrx_word' id='word_1_39' title='bbox 1994 629 2356 691; x_wconf 74' lang='lat' dir='ltr'><strong>moventium</strong></span> <span class='ocrx_word' id='word_1_40' title='bbox 2419 631 2680 695; x_wconf 76' lang='lat' dir='ltr'><strong>tenebrae</strong></span> <span class='ocrx_word' id='word_1_41' title='bbox 2731 631 3116 714; x_wconf 85' lang='lat' dir='ltr'><strong>dissipentur.</strong></span> <span class='ocrx_word' id='word_1_42' title='bbox 3177 631 3409 715; x_wconf 83' lang='lat' dir='ltr'><strong>Quippe</strong></span> <span class='ocrx_word' id='word_1_43' title='bbox 3455 634 3632 699; x_wconf 84' lang='lat' dir='ltr'><strong>talem</strong></span> 
     </span>
    </p>
   </div>
   <div class='ocr_carea' id='block_1_9' title="bbox 252 711 1905 803">
    <p class='ocr_par' dir='ltr' id='par_1_9' title="bbox 252 711 1905 794">
     <span class='ocr_line' id='line_1_9' title="bbox 252 711 1905 794; baseline -0.001 -23"><span class='ocrx_word' id='word_1_44' title='bbox 252 720 496 771; x_wconf 88' lang='grc' dir='ltr'>Τοιοῦτον</span> <span class='ocrx_word' id='word_1_45' title='bbox 525 713 624 793; x_wconf 80' lang='grc' dir='ltr'><strong>γὰρ</strong></span> <span class='ocrx_word' id='word_1_46' title='bbox 667 712 810 770; x_wconf 72' lang='grc' dir='ltr'>εἶναι</span> <span class='ocrx_word' id='word_1_47' title='bbox 868 711 952 770; x_wconf 89' lang='grc' dir='ltr'><strong>δεῖ</strong></span> <span class='ocrx_word' id='word_1_48' title='bbox 992 714 1082 769; x_wconf 78' lang='grc' dir='ltr'><strong>τὸν</strong></span> <span class='ocrx_word' id='word_1_49' title='bbox 1136 712 1266 770; x_wconf 79' lang='grc' dir='ltr'>λαοῦ</span> <span class='ocrx_word' id='word_1_50' title='bbox 1307 715 1762 794; x_wconf 79' lang='grc' dir='ltr'>προστησόμενον,</span> <span class='ocrx_word' id='word_1_51' title='bbox 1821 715 1905 771; x_wconf 79' lang='grc' dir='ltr'><strong>καὶ</strong></span> 
     </span>
    </p>
   </div>
   <div class='ocr_carea' id='block_1_10' title="bbox 1986 711 3637 803">
    <p class='ocr_par' dir='ltr' id='par_1_10' title="bbox 1991 711 3637 803">
     <span class='ocr_line' id='line_1_10' title="bbox 1991 711 3637 803; baseline 0.007 -28"><span class='ocrx_word' id='word_1_52' title='bbox 1991 723 2224 803; x_wconf 81' lang='lat' dir='ltr'><strong>oportet</strong></span> <span class='ocrx_word' id='word_1_53' title='bbox 2254 737 2387 781; x_wconf 91' lang='lat' dir='ltr'><strong>eum</strong></span> <span class='ocrx_word' id='word_1_54' title='bbox 2435 738 2591 796; x_wconf 89' lang='lat' dir='ltr'><strong>esse,</strong></span> <span class='ocrx_word' id='word_1_55' title='bbox 2624 720 2727 802; x_wconf 91' lang='lat' dir='ltr'><strong>qui</strong></span> <span class='ocrx_word' id='word_1_56' title='bbox 2758 711 2972 803; x_wconf 81' lang='lat' dir='ltr'><strong>populo</strong></span> <span class='ocrx_word' id='word_1_57' title='bbox 3005 711 3365 802; x_wconf 62' lang='lat' dir='ltr'><strong>praefuturus</strong></span> <span class='ocrx_word' id='word_1_58' title='bbox 3420 722 3520 799; x_wconf 86' lang='lat' dir='ltr'><strong>sit,</strong></span> <span class='ocrx_word' id='word_1_59' title='bbox 3579 731 3637 788; x_wconf 90' lang='lat' dir='ltr'><strong>et</strong></span> 
     </span>
    </p>
   </div>
   <div class='ocr_carea' id='block_1_11' title="bbox 252 795 1905 892">
    <p class='ocr_par' dir='ltr' id='par_1_11' title="bbox 252 795 1905 885">
     <span class='ocr_line' id='line_1_11' title="bbox 252 795 1905 885; baseline 0.001 -26"><span class='ocrx_word' id='word_1_60' title='bbox 252 803 595 880; x_wconf 80' lang='grc' dir='ltr'>ἆνθεξόμενον</span> <span class='ocrx_word' id='word_1_61' title='bbox 637 810 729 860; x_wconf 86' lang='grc' dir='ltr'><strong>τοῦ</strong></span> <span class='ocrx_word' id='word_1_62' title='bbox 770 804 909 863; x_wconf 84' lang='grc' dir='ltr'>κατὰ</span> <span class='ocrx_word' id='word_1_63' title='bbox 964 802 1060 872; x_wconf 83' lang='grc' dir='ltr'>τὴν</span> <span class='ocrx_word' id='word_1_64' title='bbox 1109 800 1334 884; x_wconf 73' lang='grc' dir='ltr'>διδαχὴν</span> <span class='ocrx_word' id='word_1_65' title='bbox 1390 815 1579 864; x_wconf 79' lang='grc' dir='ltr'>πιστοῦ</span> <span class='ocrx_word' id='word_1_66' title='bbox 1604 803 1787 885; x_wconf 88' lang='grc' dir='ltr'>λόγου,</span> <span class='ocrx_word' id='word_1_67' title='bbox 1818 795 1905 861; x_wconf 72' lang='grc' dir='ltr'><strong>καὶ</strong></span> 
     </span>
    </p>
   </div>
   <div class='ocr_carea' id='block_1_12' title="bbox 1986 795 3640 892">
    <p class='ocr_par' dir='ltr' id='par_1_12' title="bbox 1989 795 3640 892">
     <span class='ocr_line' id='line_1_12' title="bbox 1989 795 3640 892; baseline 0.007 -29"><span class='ocrx_word' id='word_1_68' title='bbox 1989 799 2273 892; x_wconf 67' lang='lat' dir='ltr'><strong>doctrinae</strong></span> <span class='ocrx_word' id='word_1_69' title='bbox 2304 808 2441 871; x_wconf 83' lang='lat' dir='ltr'><strong>ﬁdei</strong></span> <span class='ocrx_word' id='word_1_70' title='bbox 2495 795 2695 872; x_wconf 84' lang='lat' dir='ltr'><strong>curam</strong></span> <span class='ocrx_word' id='word_1_71' title='bbox 2750 795 3084 887; x_wconf 78' lang='lat' dir='ltr'><strong>habiturus,</strong></span> <span class='ocrx_word' id='word_1_72' title='bbox 3138 810 3356 892; x_wconf 81' lang='lat' dir='ltr'><strong>quique</strong></span> <span class='ocrx_word' id='word_1_73' title='bbox 3410 795 3640 875; x_wconf 77' lang='lat' dir='ltr'><strong>futurus</strong></span> 
     </span>
    </p>
   </div>
   <div class='ocr_carea' id='block_1_13' title="bbox 253 889 1905 981">
    <p class='ocr_par' dir='ltr' id='par_1_13' title="bbox 253 892 1905 973">
     <span class='ocr_line' id='line_1_13' title="bbox 253 892 1905 973; baseline 0 -24"><span class='ocrx_word' id='word_1_74' title='bbox 253 892 554 973; x_wconf 84' lang='grc' dir='ltr'>ὀφθαλμὸν,</span> <span class='ocrx_word' id='word_1_75' title='bbox 590 894 677 949; x_wconf 85' lang='grc' dir='ltr'><strong>καὶ</strong></span> <span class='ocrx_word' id='word_1_76' title='bbox 705 893 896 969; x_wconf 78' lang='grc' dir='ltr'>ἀκοὴν,</span> <span class='ocrx_word' id='word_1_77' title='bbox 953 893 1044 949; x_wconf 83' lang='grc' dir='ltr'><strong>καὶ</strong></span> <span class='ocrx_word' id='word_1_78' title='bbox 1101 906 1289 972; x_wconf 82' lang='grc' dir='ltr'>χεῖρα,</span> <span class='ocrx_word' id='word_1_79' title='bbox 1335 896 1423 951; x_wconf 85' lang='grc' dir='ltr'><strong>καὶ</strong></span> <span class='ocrx_word' id='word_1_80' title='bbox 1464 892 1600 950; x_wconf 86' lang='grc' dir='ltr'>πόδα</span> <span class='ocrx_word' id='word_1_81' title='bbox 1653 899 1751 961; x_wconf 80' lang='grc' dir='ltr'>τῆς</span> <span class='ocrx_word' id='word_1_82' title='bbox 1782 892 1905 951; x_wconf 89' lang='grc' dir='ltr'>ποί-</span> 
     </span>
    </p>
   </div>
   <div class='ocr_carea' id='block_1_14' title="bbox 1986 889 3644 981">
    <p class='ocr_par' dir='ltr' id='par_1_14' title="bbox 1995 889 3644 981">
     <span class='ocr_line' id='line_1_14' title="bbox 1995 889 3644 981; baseline 0.008 -31"><span class='ocrx_word' id='word_1_83' title='bbox 1995 889 2073 951; x_wconf 91' lang='lat' dir='ltr'><strong>sit</strong></span> <span class='ocrx_word' id='word_1_84' title='bbox 2099 896 2328 974; x_wconf 90' lang='lat' dir='ltr'><strong>oculus,</strong></span> <span class='ocrx_word' id='word_1_85' title='bbox 2365 906 2421 960; x_wconf 87' lang='lat' dir='ltr'><strong>et</strong></span> <span class='ocrx_word' id='word_1_86' title='bbox 2447 899 2628 977; x_wconf 83' lang='lat' dir='ltr'><strong>auris,</strong></span> <span class='ocrx_word' id='word_1_87' title='bbox 2663 908 2721 962; x_wconf 93' lang='lat' dir='ltr'><strong>et</strong></span> <span class='ocrx_word' id='word_1_88' title='bbox 2750 918 2980 978; x_wconf 88' lang='lat' dir='ltr'><strong>manus,</strong></span> <span class='ocrx_word' id='word_1_89' title='bbox 3028 906 3089 962; x_wconf 93' lang='lat' dir='ltr'><strong>et</strong></span> <span class='ocrx_word' id='word_1_90' title='bbox 3141 889 3275 981; x_wconf 74' lang='lat' dir='ltr'><strong>pes</strong></span> <span class='ocrx_word' id='word_1_91' title='bbox 3298 900 3515 979; x_wconf 81' lang='lat' dir='ltr'><strong>gregis,</strong></span> <span class='ocrx_word' id='word_1_92' title='bbox 3577 909 3644 963; x_wconf 89' lang='lat' dir='ltr'><strong>ut</strong></span> 
     </span>
    </p>
   </div>
   <div class='ocr_carea' id='block_1_15' title="bbox 254 979 1905 1071">
    <p class='ocr_par' dir='ltr' id='par_1_15' title="bbox 254 979 1905 1071">
     <span class='ocr_line' id='line_1_15' title="bbox 254 979 1905 1071; baseline 0.001 -34"><span class='ocrx_word' id='word_1_93' title='bbox 254 1004 425 1056; x_wconf 88' lang='grc' dir='ltr'>μνης,</span> <span class='ocrx_word' id='word_1_94' title='bbox 480 983 613 1062; x_wconf 84' lang='grc' dir='ltr'>πρὸς</span> <span class='ocrx_word' id='word_1_95' title='bbox 657 979 873 1071; x_wconf 83' lang='grc' dir='ltr'>ὁδηγίαν</span> <span class='ocrx_word' id='word_1_96' title='bbox 931 982 1027 1071; x_wconf 80' lang='grc' dir='ltr'><strong>μὲν</strong></span> <span class='ocrx_word' id='word_1_97' title='bbox 1075 981 1165 1037; x_wconf 59' lang='grc' dir='ltr'><strong>καί</strong></span> <span class='ocrx_word' id='word_1_98' title='bbox 1206 979 1447 1071; x_wconf 79' lang='grc' dir='ltr'>φυλακὴν</span> <span class='ocrx_word' id='word_1_99' title='bbox 1502 988 1610 1071; x_wconf 77' lang='grc' dir='ltr'><strong>τῶν</strong></span> <span class='ocrx_word' id='word_1_100' title='bbox 1665 982 1905 1071; x_wconf 54' lang='grc' dir='ltr'>κρειττόιτ</span> 
     </span>
    </p>
   </div>
   <div class='ocr_carea' id='block_1_16' title="bbox 1986 979 3638 1071">
    <p class='ocr_par' dir='ltr' id='par_1_16' title="bbox 1995 979 3638 1071">
     <span class='ocr_line' id='line_1_16' title="bbox 1995 979 3638 1071; baseline 0.005 -27"><span class='ocrx_word' id='word_1_101' title='bbox 1995 981 2184 1047; x_wconf 89' lang='lat' dir='ltr'><strong>bonos</strong></span> <span class='ocrx_word' id='word_1_102' title='bbox 2215 986 2388 1049; x_wconf 91' lang='lat' dir='ltr'><strong>ducat</strong></span> <span class='ocrx_word' id='word_1_103' title='bbox 2415 995 2591 1070; x_wconf 92' lang='lat' dir='ltr'><strong>atque</strong></span> <span class='ocrx_word' id='word_1_104' title='bbox 2614 988 2926 1071; x_wconf 81' lang='lat' dir='ltr'><strong>custodiat,</strong></span> <span class='ocrx_word' id='word_1_105' title='bbox 2960 979 3156 1051; x_wconf 84' lang='lat' dir='ltr'><strong>malos</strong></span> <span class='ocrx_word' id='word_1_106' title='bbox 3205 995 3263 1050; x_wconf 90' lang='lat' dir='ltr'><strong>et</strong></span> <span class='ocrx_word' id='word_1_107' title='bbox 3288 987 3463 1051; x_wconf 86' lang='lat' dir='ltr'><strong>aliter</strong></span> <span class='ocrx_word' id='word_1_108' title='bbox 3488 990 3638 1053; x_wconf 67' lang='lat' dir='ltr'><strong>atre-</strong></span> 
     </span>
    </p>
   </div>
   <div class='ocr_carea' id='block_1_17' title="bbox 253 1064 1905 1159">
    <p class='ocr_par' dir='ltr' id='par_1_17' title="bbox 253 1064 1905 1150">
     <span class='ocr_line' id='line_1_17' title="bbox 253 1064 1905 1150; baseline 0 -24"><span class='ocrx_word' id='word_1_109' title='bbox 253 1091 381 1132; x_wconf 89' lang='grc' dir='ltr'>νων,</span> <span class='ocrx_word' id='word_1_110' title='bbox 441 1071 662 1150; x_wconf 83' lang='grc' dir='ltr'>ἀποχήν</span> <span class='ocrx_word' id='word_1_111' title='bbox 730 1068 784 1126; x_wconf 73' lang='grc' dir='ltr'>δὲ</span> <span class='ocrx_word' id='word_1_112' title='bbox 838 1071 928 1127; x_wconf 86' lang='grc' dir='ltr'><strong>καὶ</strong></span> <span class='ocrx_word' id='word_1_113' title='bbox 997 1069 1301 1148; x_wconf 78' lang='grc' dir='ltr'>ἀνατροπὴν</span> <span class='ocrx_word' id='word_1_114' title='bbox 1357 1076 1462 1128; x_wconf 89' lang='grc' dir='ltr'><strong>τῶν</strong></span> <span class='ocrx_word' id='word_1_115' title='bbox 1521 1070 1767 1134; x_wconf 76' lang='grc' dir='ltr'><strong>ἐναντίως</strong></span> <span class='ocrx_word' id='word_1_116' title='bbox 1824 1064 1905 1127; x_wconf 71' lang='grc' dir='ltr'>καῖ</span> 
     </span>
    </p>
   </div>
   <div class='ocr_carea' id='block_1_18' title="bbox 1986 1064 3632 1159">
    <p class='ocr_par' dir='ltr' id='par_1_18' title="bbox 1995 1064 3632 1159">
     <span class='ocr_line' id='line_1_18' title="bbox 1995 1064 3632 1159; baseline 0.004 -24"><span class='ocrx_word' id='word_1_117' title='bbox 1995 1080 2121 1135; x_wconf 90' lang='lat' dir='ltr'><strong>ctos</strong></span> <span class='ocrx_word' id='word_1_118' title='bbox 2153 1073 2346 1156; x_wconf 83' lang='lat' dir='ltr'><strong>abigat</strong></span> <span class='ocrx_word' id='word_1_119' title='bbox 2367 1096 2436 1139; x_wconf 92' lang='lat' dir='ltr'><strong>ac</strong></span> <span class='ocrx_word' id='word_1_120' title='bbox 2460 1064 2780 1140; x_wconf 79' lang='lat' dir='ltr'><strong>subvertat.</strong></span> <span class='ocrx_word' id='word_1_121' title='bbox 2805 1064 3010 1159; x_wconf 79' lang='lat' dir='ltr'><strong>Itaque</strong></span> <span class='ocrx_word' id='word_1_122' title='bbox 3039 1095 3177 1140; x_wconf 91' lang='lat' dir='ltr'><strong>cum</strong></span> <span class='ocrx_word' id='word_1_123' title='bbox 3197 1077 3632 1159; x_wconf 85' lang='lat' dir='ltr'><strong>acceperimus,</strong></span> 
     </span>
    </p>
   </div>
   <div class='ocr_carea' id='block_1_19' title="bbox 263 1156 1905 1248">
    <p class='ocr_par' dir='ltr' id='par_1_19' title="bbox 263 1156 1905 1248">
     <span class='ocr_line' id='line_1_19' title="bbox 263 1156 1905 1248; baseline 0.001 -34"><span class='ocrx_word' id='word_1_124' title='bbox 263 1157 458 1248; x_wconf 80' lang='grc' dir='ltr'>ἑτέρως</span> <span class='ocrx_word' id='word_1_125' title='bbox 508 1159 747 1239; x_wconf 86' lang='grc' dir='ltr'>ἐχόντων</span> <span class='ocrx_word' id='word_1_126' title='bbox 814 1158 1092 1234; x_wconf 70' lang='grc' dir='ltr'>ἐσόμενον.</span> <span class='ocrx_word' id='word_1_127' title='bbox 1144 1156 1296 1215; x_wconf 81' lang='grc' dir='ltr'>Ἐπεὶ</span> <span class='ocrx_word' id='word_1_128' title='bbox 1360 1165 1449 1216; x_wconf 87' lang='grc' dir='ltr'><strong>οῦν</strong></span> <span class='ocrx_word' id='word_1_129' title='bbox 1517 1158 1572 1215; x_wconf 89' lang='grc' dir='ltr'><strong>ἐν</strong></span> <span class='ocrx_word' id='word_1_130' title='bbox 1670 1160 1905 1240; x_wconf 74' lang='grc' dir='ltr'>στερήσει</span> 
     </span>
    </p>
   </div>
   <div class='ocr_carea' id='block_1_20' title="bbox 1986 1156 3639 1248">
    <p class='ocr_par' dir='ltr' id='par_1_20' title="bbox 1994 1156 3639 1248">
     <span class='ocr_line' id='line_1_20' title="bbox 1994 1156 3639 1248; baseline 0.005 -25"><span class='ocrx_word' id='word_1_131' title='bbox 1994 1161 2511 1242; x_wconf 79' lang='lat' dir='ltr'><strong>religiosissimum</strong></span> <span class='ocrx_word' id='word_1_132' title='bbox 2530 1166 2693 1229; x_wconf 88' lang='lat' dir='ltr'><strong>urbis</strong></span> <span class='ocrx_word' id='word_1_133' title='bbox 2704 1156 3170 1248; x_wconf 37' lang='lat' dir='ltr'><strong>vestrae-gregem</strong></span> <span class='ocrx_word' id='word_1_134' title='bbox 3184 1156 3381 1229; x_wconf 78' lang='lat' dir='ltr'><strong>adhuc</strong></span> <span class='ocrx_word' id='word_1_135' title='bbox 3404 1175 3639 1248; x_wconf 85' lang='lat' dir='ltr'><strong>pastore</strong></span> 
     </span>
    </p>
   </div>
   <div class='ocr_carea' id='block_1_21' title="bbox 260 1247 1905 1338">
    <p class='ocr_par' dir='ltr' id='par_1_21' title="bbox 260 1247 1905 1326">
     <span class='ocr_line' id='line_1_21' title="bbox 260 1247 1905 1326; baseline 0.001 -22"><span class='ocrx_word' id='word_1_136' title='bbox 260 1247 521 1323; x_wconf 77' lang='grc' dir='ltr'>ποιμένος</span> <span class='ocrx_word' id='word_1_137' title='bbox 577 1248 674 1317; x_wconf 66' lang='grc' dir='ltr'>τήν</span> <span class='ocrx_word' id='word_1_138' title='bbox 730 1249 847 1305; x_wconf 81' lang='grc' dir='ltr'>καθ’</span> <span class='ocrx_word' id='word_1_139' title='bbox 931 1250 1067 1323; x_wconf 76' lang='grc' dir='ltr'>ὑμᾶς</span> <span class='ocrx_word' id='word_1_140' title='bbox 1126 1248 1446 1326; x_wconf 78' lang='grc' dir='ltr'>εὐγεστάτην</span> <span class='ocrx_word' id='word_1_141' title='bbox 1504 1248 1739 1325; x_wconf 78' lang='grc' dir='ltr'>ποίμνην</span> <span class='ocrx_word' id='word_1_142' title='bbox 1811 1248 1905 1306; x_wconf 84' lang='grc' dir='ltr'>ἐπ-</span> 
     </span>
    </p>
   </div>
   <div class='ocr_carea' id='block_1_22' title="bbox 1986 1247 3635 1338">
    <p class='ocr_par' dir='ltr' id='par_1_22' title="bbox 1995 1247 3635 1338">
     <span class='ocr_line' id='line_1_22' title="bbox 1995 1247 3635 1338; baseline 0.004 -26"><span class='ocrx_word' id='word_1_143' title='bbox 1995 1269 2225 1330; x_wconf 80' lang='lat' dir='ltr'><strong>carere,</strong></span> <span class='ocrx_word' id='word_1_144' title='bbox 2260 1261 2571 1336; x_wconf 90' lang='lat' dir='ltr'><strong>postquam</strong></span> <span class='ocrx_word' id='word_1_145' title='bbox 2603 1255 2676 1333; x_wconf 90' lang='lat' dir='ltr'><strong>is,</strong></span> <span class='ocrx_word' id='word_1_146' title='bbox 2711 1255 2814 1338; x_wconf 92' lang='lat' dir='ltr'><strong>qui</strong></span> <span class='ocrx_word' id='word_1_147' title='bbox 2872 1247 3162 1319; x_wconf 87' lang='lat' dir='ltr'><strong>hactenus</strong></span> <span class='ocrx_word' id='word_1_148' title='bbox 3191 1254 3322 1335; x_wconf 89' lang='lat' dir='ltr'><strong>ejus</strong></span> <span class='ocrx_word' id='word_1_149' title='bbox 3350 1247 3635 1336; x_wconf 84' lang='lat' dir='ltr'><strong>pascendi</strong></span> 
     </span>
    </p>
   </div>
   <div class='ocr_carea' id='block_1_23' title="bbox 257 1335 1905 1425">
    <p class='ocr_par' dir='ltr' id='par_1_23' title="bbox 257 1335 1905 1418">
     <span class='ocr_line' id='line_1_23' title="bbox 257 1335 1905 1418; baseline 0.001 -26"><span class='ocrx_word' id='word_1_150' title='bbox 257 1336 495 1415; x_wconf 87' lang='grc' dir='ltr'>έγνωμεν</span> <span class='ocrx_word' id='word_1_151' title='bbox 555 1335 921 1413; x_wconf 80' lang='grc' dir='ltr'>διαμένουσαν,</span> <span class='ocrx_word' id='word_1_152' title='bbox 968 1343 1060 1394; x_wconf 85' lang='grc' dir='ltr'><strong>τοῦ</strong></span> <span class='ocrx_word' id='word_1_153' title='bbox 1115 1336 1578 1416; x_wconf 89' lang='grc' dir='ltr'>προποιμάναντος</span> <span class='ocrx_word' id='word_1_154' title='bbox 1632 1335 1736 1405; x_wconf 71' lang='grc' dir='ltr'>ἤδη</span> <span class='ocrx_word' id='word_1_155' title='bbox 1781 1338 1905 1418; x_wconf 84' lang='grc' dir='ltr'>πρὸς</span> 
     </span>
    </p>
   </div>
   <div class='ocr_carea' id='block_1_24' title="bbox 1986 1335 3641 1425">
    <p class='ocr_par' dir='ltr' id='par_1_24' title="bbox 1993 1335 3641 1425">
     <span class='ocr_line' id='line_1_24' title="bbox 1993 1335 3641 1425; baseline 0.004 -24"><span class='ocrx_word' id='word_1_156' title='bbox 1993 1358 2196 1403; x_wconf 90' lang='lat' dir='ltr'><strong>curam</strong></span> <span class='ocrx_word' id='word_1_157' title='bbox 2226 1335 2431 1422; x_wconf 71' lang='lat' dir='ltr'><strong>gessit,</strong></span> <span class='ocrx_word' id='word_1_158' title='bbox 2470 1344 2543 1407; x_wconf 92' lang='lat' dir='ltr'><strong>ad</strong></span> <span class='ocrx_word' id='word_1_159' title='bbox 2573 1335 2820 1408; x_wconf 78' lang='lat' dir='ltr'><strong>alteram</strong></span> <span class='ocrx_word' id='word_1_160' title='bbox 2876 1344 3055 1408; x_wconf 91' lang='lat' dir='ltr'><strong>vitam</strong></span> <span class='ocrx_word' id='word_1_161' title='bbox 3087 1335 3380 1425; x_wconf 83' lang='lat' dir='ltr'><strong>migravit,</strong></span> <span class='ocrx_word' id='word_1_162' title='bbox 3417 1351 3477 1407; x_wconf 91' lang='lat' dir='ltr'><strong>et</strong></span> <span class='ocrx_word' id='word_1_163' title='bbox 3504 1345 3641 1409; x_wconf 59' lang='lat' dir='ltr'><strong>caeli</strong></span> 
     </span>
    </p>
   </div>
   <div class='ocr_carea' id='block_1_25' title="bbox 252 1424 1905 1513">
    <p class='ocr_par' dir='ltr' id='par_1_25' title="bbox 252 1424 1905 1506">
     <span class='ocr_line' id='line_1_25' title="bbox 252 1424 1905 1506; baseline 0.002 -24"><span class='ocrx_word' id='word_1_164' title='bbox 252 1427 354 1493; x_wconf 74' lang='grc' dir='ltr'>τὴν</span> <span class='ocrx_word' id='word_1_165' title='bbox 406 1428 583 1484; x_wconf 72' lang='grc' dir='ltr'>ἐκεῖσε</span> <span class='ocrx_word' id='word_1_166' title='bbox 639 1424 790 1494; x_wconf 80' lang='grc' dir='ltr'>λῆξιν</span> <span class='ocrx_word' id='word_1_167' title='bbox 843 1426 1165 1504; x_wconf 86' lang='grc' dir='ltr'>ἀπάραντος,</span> <span class='ocrx_word' id='word_1_168' title='bbox 1225 1427 1314 1482; x_wconf 81' lang='grc' dir='ltr'><strong>καὶ</strong></span> <span class='ocrx_word' id='word_1_169' title='bbox 1364 1428 1494 1506; x_wconf 86' lang='grc' dir='ltr'>πρὸς</span> <span class='ocrx_word' id='word_1_170' title='bbox 1550 1428 1644 1491; x_wconf 77' lang='grc' dir='ltr'><strong>τὰς</strong></span> <span class='ocrx_word' id='word_1_171' title='bbox 1671 1427 1787 1485; x_wconf 80' lang='grc' dir='ltr'>ἐκεῖ</span> <span class='ocrx_word' id='word_1_172' title='bbox 1816 1450 1905 1504; x_wconf 88' lang='grc' dir='ltr'>μο-</span> 
     </span>
    </p>
   </div>
   <div class='ocr_carea' id='block_1_26' title="bbox 1986 1424 3638 1513">
    <p class='ocr_par' dir='ltr' id='par_1_26' title="bbox 1993 1424 3638 1513">
     <span class='ocr_line' id='line_1_26' title="bbox 1993 1424 3638 1513; baseline 0.004 -22"><span class='ocrx_word' id='word_1_173' title='bbox 1993 1429 2334 1495; x_wconf 90' lang='lat' dir='ltr'><strong>mansiones</strong></span> <span class='ocrx_word' id='word_1_174' title='bbox 2365 1433 2670 1513; x_wconf 85' lang='lat' dir='ltr'><strong>ingressus</strong></span> <span class='ocrx_word' id='word_1_175' title='bbox 2701 1443 2829 1499; x_wconf 92' lang='lat' dir='ltr'><strong>est:</strong></span> <span class='ocrx_word' id='word_1_176' title='bbox 2867 1434 3117 1498; x_wconf 87' lang='lat' dir='ltr'><strong>minime</strong></span> <span class='ocrx_word' id='word_1_177' title='bbox 3147 1424 3638 1497; x_wconf 86' lang='lat' dir='ltr'><strong>committendum</strong></span> 
     </span>
    </p>
   </div>
   <div class='ocr_carea' id='block_1_27' title="bbox 254 1512 1905 1603">
    <p class='ocr_par' dir='ltr' id='par_1_27' title="bbox 254 1512 1905 1595">
     <span class='ocr_line' id='line_1_27' title="bbox 254 1512 1905 1595; baseline 0.01 -27"><span class='ocrx_word' id='word_1_178' title='bbox 254 1516 346 1578; x_wconf 82' lang='grc' dir='ltr'>νὰς</span> <span class='ocrx_word' id='word_1_179' title='bbox 423 1515 811 1589; x_wconf 74' lang='grc' dir='ltr'>εἰσελάσαντος,</span> <span class='ocrx_word' id='word_1_180' title='bbox 871 1514 965 1570; x_wconf 77' lang='grc' dir='ltr'><strong>οὒκ</strong></span> <span class='ocrx_word' id='word_1_181' title='bbox 1007 1515 1259 1590; x_wconf 75' lang='grc' dir='ltr'>ᾠήθημεν</span> <span class='ocrx_word' id='word_1_182' title='bbox 1314 1512 1427 1571; x_wconf 85' lang='grc' dir='ltr'>δεῖν</span> <span class='ocrx_word' id='word_1_183' title='bbox 1483 1514 1577 1572; x_wconf 67' lang='grc' dir='ltr'><strong>ἐπί</strong></span> <span class='ocrx_word' id='word_1_184' title='bbox 1624 1514 1760 1573; x_wconf 84' lang='grc' dir='ltr'>πολὺ</span> <span class='ocrx_word' id='word_1_185' title='bbox 1792 1538 1905 1595; x_wconf 85' lang='grc' dir='ltr'>χη-</span> 
     </span>
    </p>
   </div>
   <div class='ocr_carea' id='block_1_28' title="bbox 1986 1512 3643 1603">
    <p class='ocr_par' dir='ltr' id='par_1_28' title="bbox 1992 1512 3643 1603">
     <span class='ocr_line' id='line_1_28' title="bbox 1992 1512 3643 1603; baseline 0.004 -24"><span class='ocrx_word' id='word_1_186' title='bbox 1992 1520 2349 1598; x_wconf 87' lang='lat' dir='ltr'><strong>putavimus,</strong></span> <span class='ocrx_word' id='word_1_187' title='bbox 2383 1512 2453 1585; x_wconf 79' lang='lat' dir='ltr'><strong>ut</strong></span> <span class='ocrx_word' id='word_1_188' title='bbox 2494 1521 2758 1585; x_wconf 88' lang='lat' dir='ltr'><strong>Ecclesia</strong></span> <span class='ocrx_word' id='word_1_189' title='bbox 2789 1531 2981 1586; x_wconf 87' lang='lat' dir='ltr'><strong>vestra</strong></span> <span class='ocrx_word' id='word_1_190' title='bbox 3009 1521 3223 1584; x_wconf 89' lang='lat' dir='ltr'><strong>marito</strong></span> <span class='ocrx_word' id='word_1_191' title='bbox 3254 1539 3361 1583; x_wconf 92' lang='lat' dir='ltr'><strong>suo</strong></span> <span class='ocrx_word' id='word_1_192' title='bbox 3390 1522 3643 1603; x_wconf 88' lang='lat' dir='ltr'><strong>spoliata</strong></span> 
     </span>
    </p>
   </div>
   <div class='ocr_carea' id='block_1_29' title="bbox 259 1601 1905 1701">
    <p class='ocr_par' dir='ltr' id='par_1_29' title="bbox 259 1601 1905 1701">
     <span class='ocr_line' id='line_1_29' title="bbox 259 1601 1905 1701; baseline 0.002 -43"><span class='ocrx_word' id='word_1_193' title='bbox 259 1602 509 1682; x_wconf 82' lang='grc' dir='ltr'>ρεύουσαν</span> <span class='ocrx_word' id='word_1_194' title='bbox 567 1604 655 1660; x_wconf 89' lang='grc' dir='ltr'><strong>καὶ</strong></span> <span class='ocrx_word' id='word_1_195' title='bbox 710 1601 957 1683; x_wconf 75' lang='grc' dir='ltr'>ἄνανδρον</span> <span class='ocrx_word' id='word_1_196' title='bbox 1033 1606 1290 1670; x_wconf 76' lang='grc' dir='ltr'>καθῆσθαι</span> <span class='ocrx_word' id='word_1_197' title='bbox 1317 1601 1384 1652; x_wconf 76' lang='grc'><strong>64</strong></span> <span class='ocrx_word' id='word_1_198' title='bbox 1442 1604 1541 1701; x_wconf 51' lang='grc' dir='ltr'><strong>τὴν</strong></span> <span class='ocrx_word' id='word_1_199' title='bbox 1587 1601 1700 1661; x_wconf 86' lang='grc' dir='ltr'>κοθ’</span> <span class='ocrx_word' id='word_1_200' title='bbox 1770 1605 1905 1680; x_wconf 79' lang='grc' dir='ltr'>ὑμᾶς</span> 
     </span>
    </p>
   </div>
   <div class='ocr_carea' id='block_1_30' title="bbox 1986 1601 3641 1701">
    <p class='ocr_par' dir='ltr' id='par_1_30' title="bbox 1991 1601 3641 1701">
     <span class='ocr_line' id='line_1_30' title="bbox 1991 1601 3641 1701; baseline 0.002 -31"><span class='ocrx_word' id='word_1_201' title='bbox 1991 1616 2344 1701; x_wconf 76' lang='lat' dir='ltr'><strong>rectoreque</strong></span> <span class='ocrx_word' id='word_1_202' title='bbox 2364 1610 2663 1701; x_wconf 89' lang='lat' dir='ltr'><strong>destituta,</strong></span> <span class='ocrx_word' id='word_1_203' title='bbox 2693 1611 2796 1674; x_wconf 88' lang='lat' dir='ltr'><strong>diu</strong></span> <span class='ocrx_word' id='word_1_204' title='bbox 2818 1629 2950 1674; x_wconf 90' lang='lat' dir='ltr'><strong>cum</strong></span> <span class='ocrx_word' id='word_1_205' title='bbox 2973 1608 3274 1701; x_wconf 79' lang='lat' dir='ltr'><strong>viduitatis</strong></span> <span class='ocrx_word' id='word_1_206' title='bbox 3300 1601 3641 1701; x_wconf 82' lang='lat' dir='ltr'><strong>incommo-</strong></span> 
     </span>
    </p>
   </div>
   <div class='ocr_carea' id='block_1_31' title="bbox 255 1684 1905 1782">
    <p class='ocr_par' dir='ltr' id='par_1_31' title="bbox 255 1684 1905 1782">
     <span class='ocr_line' id='line_1_31' title="bbox 255 1684 1905 1782; baseline 0.001 -34"><span class='ocrx_word' id='word_1_207' title='bbox 255 1690 606 1767; x_wconf 73' lang='grc' dir='ltr'>Ἐκκλησίαν,</span> <span class='ocrx_word' id='word_1_208' title='bbox 665 1702 758 1782; x_wconf 72' lang='grc' dir='ltr'><strong>τοῦ</strong></span> <span class='ocrx_word' id='word_1_209' title='bbox 802 1690 1135 1772; x_wconf 79' lang='grc' dir='ltr'>διαξάγοντος</span> <span class='ocrx_word' id='word_1_210' title='bbox 1188 1691 1412 1782; x_wconf 71' lang='grc' dir='ltr'>ἔρημον.</span> <span class='ocrx_word' id='word_1_211' title='bbox 1464 1684 1628 1751; x_wconf 74' lang='grc' dir='ltr'><strong>υΟθιεν</strong></span> <span class='ocrx_word' id='word_1_212' title='bbox 1680 1692 1905 1782; x_wconf 67' lang='grc' dir='ltr'>ἐκλεξά-</span> 
     </span>
    </p>
   </div>
   <div class='ocr_carea' id='block_1_32' title="bbox 1986 1684 3635 1782">
    <p class='ocr_par' dir='ltr' id='par_1_32' title="bbox 1990 1684 3635 1782">
     <span class='ocr_line' id='line_1_32' title="bbox 1990 1684 3635 1782; baseline 0.001 -24"><span class='ocrx_word' id='word_1_213' title='bbox 1990 1694 2083 1758; x_wconf 91' lang='lat' dir='ltr'><strong>dis</strong></span> <span class='ocrx_word' id='word_1_214' title='bbox 2102 1684 2563 1763; x_wconf 80' lang='lat' dir='ltr'><strong>conﬂictaretur.</strong></span> <span class='ocrx_word' id='word_1_215' title='bbox 2593 1684 2853 1782; x_wconf 88' lang='lat' dir='ltr'><strong>Ideoque</strong></span> <span class='ocrx_word' id='word_1_216' title='bbox 2873 1718 3006 1762; x_wconf 92' lang='lat' dir='ltr'><strong>cum</strong></span> <span class='ocrx_word' id='word_1_217' title='bbox 3031 1696 3365 1781; x_wconf 89' lang='lat' dir='ltr'><strong>piissimum</strong></span> <span class='ocrx_word' id='word_1_218' title='bbox 3385 1697 3635 1780; x_wconf 81' lang='lat' dir='ltr'><strong>presby-</strong></span> 
     </span>
    </p>
   </div>
   <div class='ocr_carea' id='block_1_33' title="bbox 255 1754 1968 1862">
    <p class='ocr_par' dir='ltr' id='par_1_33' title="bbox 255 1754 1968 1862">
     <span class='ocr_line' id='line_1_33' title="bbox 450 1754 1968 1805; baseline 0.005 -7"><span class='ocrx_word' id='word_1_219' title='bbox 1819 1754 1968 1805; x_wconf 69' lang='lat' dir='ltr'><strong>‘B</strong></span> 
     </span>
     <span class='ocr_line' id='line_1_34' title="bbox 255 1777 1904 1862; baseline 0.002 -26"><span class='ocrx_word' id='word_1_220' title='bbox 255 1802 411 1856; x_wconf 89' lang='grc' dir='ltr'>μενοι</span> <span class='ocrx_word' id='word_1_221' title='bbox 498 1803 589 1837; x_wconf 85' lang='grc' dir='ltr'><strong>τον</strong></span> <span class='ocrx_word' id='word_1_222' title='bbox 671 1795 820 1837; x_wconf 84' lang='grc' dir='ltr'>οεῖνα</span> <span class='ocrx_word' id='word_1_223' title='bbox 899 1803 990 1838; x_wconf 90' lang='grc' dir='ltr'><strong>τον</strong></span> <span class='ocrx_word' id='word_1_224' title='bbox 1070 1777 1478 1838; x_wconf 78' lang='grc' dir='ltr'>θεοσεϐέστατον</span> <span class='ocrx_word' id='word_1_225' title='bbox 1532 1778 1904 1862; x_wconf 72' lang='grc' dir='ltr'>πρεσϐύτερον,</span> 
     </span>
    </p>
   </div>
   <div class='ocr_carea' id='block_1_34' title="bbox 257 1868 1910 1950">
    <p class='ocr_par' dir='ltr' id='par_1_34' title="bbox 257 1868 1910 1950">
     <span class='ocr_line' id='line_1_35' title="bbox 257 1868 1910 1950; baseline 0.001 -25"><span class='ocrx_word' id='word_1_226' title='bbox 257 1868 541 1927; x_wconf 50' lang='grc' dir='ltr'>ἐπικλίσει</span> <span class='ocrx_word' id='word_1_227' title='bbox 622 1880 717 1929; x_wconf 87' lang='grc' dir='ltr'><strong>τοῦ</strong></span> <span class='ocrx_word' id='word_1_228' title='bbox 796 1870 1139 1950; x_wconf 88' lang='grc' dir='ltr'>προανάρχου</span> <span class='ocrx_word' id='word_1_229' title='bbox 1222 1871 1452 1949; x_wconf 84' lang='grc' dir='ltr'>Πατρὸς,</span> <span class='ocrx_word' id='word_1_230' title='bbox 1511 1871 1599 1926; x_wconf 85' lang='grc' dir='ltr'><strong>καὶ</strong></span> <span class='ocrx_word' id='word_1_231' title='bbox 1651 1869 1910 1927; x_wconf 79' lang='grc' dir='ltr'>ἐπινεύσει</span> 
     </span>
    </p>
   </div>
   <div class='ocr_carea' id='block_1_35' title="bbox 256 1959 1910 2039">
    <p class='ocr_par' dir='ltr' id='par_1_35' title="bbox 256 1959 1910 2039">
     <span class='ocr_line' id='line_1_36' title="bbox 256 1959 1910 2039; baseline 0 -23"><span class='ocrx_word' id='word_1_232' title='bbox 256 1965 349 2016; x_wconf 84' lang='grc' dir='ltr'><strong>τοῦ</strong></span> <span class='ocrx_word' id='word_1_233' title='bbox 418 1959 753 2039; x_wconf 86' lang='grc' dir='ltr'>συνανάρχου</span> <span class='ocrx_word' id='word_1_234' title='bbox 809 1962 951 2033; x_wconf 82' lang='grc' dir='ltr'>Υἱοῦ,</span> <span class='ocrx_word' id='word_1_235' title='bbox 1016 1960 1105 2016; x_wconf 83' lang='grc' dir='ltr'><strong>καὶ</strong></span> <span class='ocrx_word' id='word_1_236' title='bbox 1158 1960 1401 2038; x_wconf 77' lang='grc' dir='ltr'>συνεργίᾳ</span> <span class='ocrx_word' id='word_1_237' title='bbox 1468 1967 1561 2018; x_wconf 88' lang='grc' dir='ltr'><strong>τοῦ</strong></span> <span class='ocrx_word' id='word_1_238' title='bbox 1632 1960 1910 2034; x_wconf 83' lang='grc' dir='ltr'>ὁμοουσίου</span> 
     </span>
    </p>
   </div>
   <div class='ocr_carea' id='block_1_36' title="bbox 257 2046 1909 2127">
    <p class='ocr_par' dir='ltr' id='par_1_36' title="bbox 257 2046 1909 2127">
     <span class='ocr_line' id='line_1_37' title="bbox 257 2046 1909 2127; baseline 0 -22"><span class='ocrx_word' id='word_1_239' title='bbox 257 2050 349 2105; x_wconf 86' lang='grc' dir='ltr'><strong>καὶ</strong></span> <span class='ocrx_word' id='word_1_240' title='bbox 389 2049 718 2127; x_wconf 76' lang='grc' dir='ltr'>ἡγεμονικοῦ</span> <span class='ocrx_word' id='word_1_241' title='bbox 773 2048 1101 2123; x_wconf 82' lang='grc' dir='ltr'>Πνεύματος,</span> <span class='ocrx_word' id='word_1_242' title='bbox 1161 2050 1233 2111; x_wconf 83' lang='grc' dir='ltr'>ὡς</span> <span class='ocrx_word' id='word_1_243' title='bbox 1295 2046 1571 2127; x_wconf 85' lang='grc' dir='ltr'>ἐλάχιστοι</span> <span class='ocrx_word' id='word_1_244' title='bbox 1636 2049 1724 2104; x_wconf 88' lang='grc' dir='ltr'><strong>καὶ</strong></span> <span class='ocrx_word' id='word_1_245' title='bbox 1807 2048 1909 2105; x_wconf 82' lang='grc' dir='ltr'><strong>ἆν-</strong></span> 
     </span>
    </p>
   </div>
   <div class='ocr_carea' id='block_1_37' title="bbox 261 2135 1907 2217">
    <p class='ocr_par' dir='ltr' id='par_1_37' title="bbox 261 2135 1907 2217">
     <span class='ocr_line' id='line_1_38' title="bbox 261 2135 1907 2217; baseline 0.001 -24"><span class='ocrx_word' id='word_1_246' title='bbox 261 2137 399 2203; x_wconf 82' lang='grc' dir='ltr'>άξιοι</span> <span class='ocrx_word' id='word_1_247' title='bbox 442 2150 607 2217; x_wconf 82' lang='grc' dir='ltr'>χεῖρα</span> <span class='ocrx_word' id='word_1_248' title='bbox 659 2136 943 2216; x_wconf 81' lang='grc' dir='ltr'>ἐπιθέντες,</span> <span class='ocrx_word' id='word_1_249' title='bbox 989 2138 1077 2193; x_wconf 82' lang='grc' dir='ltr'>καί</span> <span class='ocrx_word' id='word_1_250' title='bbox 1131 2138 1403 2217; x_wconf 80' lang='grc' dir='ltr'>ἱρωνύμως</span> <span class='ocrx_word' id='word_1_251' title='bbox 1458 2138 1524 2193; x_wconf 82' lang='grc' dir='ltr'>τὰ</span> <span class='ocrx_word' id='word_1_252' title='bbox 1579 2135 1699 2194; x_wconf 88' lang='grc' dir='ltr'>κατ’</span> <span class='ocrx_word' id='word_1_253' title='bbox 1752 2139 1907 2195; x_wconf 78' lang='grc' dir='ltr'>αὐτὸν</span> 
     </span>
    </p>
   </div>
   <div class='ocr_carea' id='block_1_38' title="bbox 258 2224 1907 2305">
    <p class='ocr_par' dir='ltr' id='par_1_38' title="bbox 258 2224 1907 2305">
     <span class='ocr_line' id='line_1_39' title="bbox 258 2224 1907 2305; baseline 0.002 -24"><span class='ocrx_word' id='word_1_254' title='bbox 258 2224 653 2300; x_wconf 80' lang='grc' dir='ltr'>ἐκτελέσαντες,</span> <span class='ocrx_word' id='word_1_255' title='bbox 740 2224 998 2305; x_wconf 19' lang='grc' dir='ltr'>ἐρχιερέα,</span> <span class='ocrx_word' id='word_1_256' title='bbox 1054 2229 1151 2295; x_wconf 78' lang='grc' dir='ltr'>τῆς</span> <span class='ocrx_word' id='word_1_257' title='bbox 1234 2226 1528 2283; x_wconf 84' lang='grc' dir='ltr'>θεοσώστου</span> <span class='ocrx_word' id='word_1_258' title='bbox 1607 2226 1755 2303; x_wconf 77' lang='grc' dir='ltr'>ὑμῶν</span> <span class='ocrx_word' id='word_1_259' title='bbox 1806 2227 1907 2284; x_wconf 84' lang='grc' dir='ltr'><strong>ἆν-</strong></span> 
     </span>
    </p>
   </div>
   <div class='ocr_carea' id='block_1_39' title="bbox 252 2303 1906 2396">
    <p class='ocr_par' dir='ltr' id='par_1_39' title="bbox 252 2303 1906 2396">
     <span class='ocr_line' id='line_1_40' title="bbox 252 2303 1906 2396; baseline 0 -25"><span class='ocrx_word' id='word_1_260' title='bbox 252 2315 615 2395; x_wconf 81' lang='grc' dir='ltr'>ηγορεύσαμεν</span> <span class='ocrx_word' id='word_1_261' title='bbox 670 2303 902 2378; x_wconf 46' lang='grc' dir='ltr'>πόλεως,</span> <span class='ocrx_word' id='word_1_262' title='bbox 963 2303 1228 2391; x_wconf 66' lang='grc' dir='ltr'>’Ἃσμενοι</span> <span class='ocrx_word' id='word_1_263' title='bbox 1285 2314 1397 2395; x_wconf 80' lang='grc' dir='ltr'>οὖν,</span> <span class='ocrx_word' id='word_1_264' title='bbox 1457 2316 1547 2370; x_wconf 82' lang='grc' dir='ltr'><strong>καὶ</strong></span> <span class='ocrx_word' id='word_1_265' title='bbox 1601 2316 1906 2396; x_wconf 81' lang='grc' dir='ltr'>γηθόσυνοι,</span> 
     </span>
    </p>
   </div>
   <div class='ocr_carea' id='block_1_40' title="bbox 252 2400 1908 2483">
    <p class='ocr_par' dir='ltr' id='par_1_40' title="bbox 252 2400 1908 2483">
     <span class='ocr_line' id='line_1_41' title="bbox 252 2400 1908 2483; baseline -0.001 -22"><span class='ocrx_word' id='word_1_266' title='bbox 252 2406 342 2462; x_wconf 86' lang='grc' dir='ltr'><strong>καὶ</strong></span> <span class='ocrx_word' id='word_1_267' title='bbox 371 2402 472 2481; x_wconf 77' lang='grc' dir='ltr'>ὅλη</span> <span class='ocrx_word' id='word_1_268' title='bbox 516 2408 671 2483; x_wconf 78' lang='grc' dir='ltr'>ψυχῇ</span> <span class='ocrx_word' id='word_1_269' title='bbox 726 2404 815 2460; x_wconf 90' lang='grc' dir='ltr'><strong>καὶ</strong></span> <span class='ocrx_word' id='word_1_270' title='bbox 869 2400 1067 2476; x_wconf 80' lang='grc' dir='ltr'>διανοίᾳ</span> <span class='ocrx_word' id='word_1_271' title='bbox 1122 2413 1304 2463; x_wconf 85' lang='grc' dir='ltr'>τοῦτον</span> <span class='ocrx_word' id='word_1_272' title='bbox 1363 2400 1673 2478; x_wconf 82' lang='grc' dir='ltr'>εἰσδέξασθε,</span> <span class='ocrx_word' id='word_1_273' title='bbox 1718 2405 1807 2462; x_wconf 86' lang='grc' dir='ltr'><strong>καὶ</strong></span> <span class='ocrx_word' id='word_1_274' title='bbox 1834 2406 1908 2468; x_wconf 83' lang='grc' dir='ltr'>ὡς</span> 
     </span>
    </p>
   </div>
   <div class='ocr_carea' id='block_1_41' title="bbox 255 2490 1906 2573">
    <p class='ocr_par' dir='ltr' id='par_1_41' title="bbox 255 2490 1906 2573">
     <span class='ocr_line' id='line_1_42' title="bbox 255 2490 1906 2573; baseline -0.001 -23"><span class='ocrx_word' id='word_1_275' title='bbox 255 2492 461 2572; x_wconf 81' lang='grc' dir='ltr'>πατέρα</span> <span class='ocrx_word' id='word_1_276' title='bbox 512 2490 806 2572; x_wconf 83' lang='grc' dir='ltr'>αἰδέσθητε,</span> <span class='ocrx_word' id='word_1_277' title='bbox 879 2493 966 2549; x_wconf 83' lang='grc' dir='ltr'><strong>καὶ</strong></span> <span class='ocrx_word' id='word_1_278' title='bbox 1023 2494 1097 2557; x_wconf 84' lang='grc' dir='ltr'>ὡς</span> <span class='ocrx_word' id='word_1_279' title='bbox 1146 2492 1374 2569; x_wconf 87' lang='grc' dir='ltr'>ποιμένα</span> <span class='ocrx_word' id='word_1_280' title='bbox 1417 2493 1716 2573; x_wconf 77' lang='grc' dir='ltr'>δμοψύχως</span> <span class='ocrx_word' id='word_1_281' title='bbox 1787 2492 1906 2550; x_wconf 80' lang='grc' dir='ltr'>ἔπί-</span> 
     </span>
    </p>
   </div>
   <div class='ocr_carea' id='block_1_42' title="bbox 256 2578 1908 2661">
    <p class='ocr_par' dir='ltr' id='par_1_42' title="bbox 256 2578 1908 2661">
     <span class='ocr_line' id='line_1_43' title="bbox 256 2578 1908 2661; baseline 0.001 -24"><span class='ocrx_word' id='word_1_282' title='bbox 256 2601 455 2661; x_wconf 81' lang='grc' dir='ltr'>γνωτε,</span> <span class='ocrx_word' id='word_1_283' title='bbox 526 2582 615 2637; x_wconf 86' lang='grc' dir='ltr'><strong>καὶ</strong></span> <span class='ocrx_word' id='word_1_284' title='bbox 669 2582 742 2644; x_wconf 84' lang='grc' dir='ltr'>ὡς</span> <span class='ocrx_word' id='word_1_285' title='bbox 771 2578 950 2659; x_wconf 79' lang='grc' dir='ltr'>ὁδηγῷ</span> <span class='ocrx_word' id='word_1_286' title='bbox 977 2582 1107 2660; x_wconf 87' lang='grc' dir='ltr'>πρὸς</span> <span class='ocrx_word' id='word_1_287' title='bbox 1160 2580 1422 2659; x_wconf 73' lang='grc' dir='ltr'>σωτηρίαν</span> <span class='ocrx_word' id='word_1_288' title='bbox 1481 2579 1750 2638; x_wconf 83' lang='grc' dir='ltr'>ἐλαύνοντι</span> <span class='ocrx_word' id='word_1_289' title='bbox 1804 2582 1908 2639; x_wconf 89' lang='grc' dir='ltr'>ἐπ-</span> 
     </span>
    </p>
   </div>
   <div class='ocr_carea' id='block_1_43' title="bbox 254 2667 1907 2749">
    <p class='ocr_par' dir='ltr' id='par_1_43' title="bbox 254 2667 1907 2749">
     <span class='ocr_line' id='line_1_44' title="bbox 254 2667 1907 2749; baseline 0 -23"><span class='ocrx_word' id='word_1_290' title='bbox 254 2670 673 2744; x_wconf 76' lang='grc' dir='ltr'>ακολουθήσατε,</span> <span class='ocrx_word' id='word_1_291' title='bbox 744 2670 833 2725; x_wconf 89' lang='grc' dir='ltr'><strong>καὶ</strong></span> <span class='ocrx_word' id='word_1_292' title='bbox 886 2670 959 2732; x_wconf 82' lang='grc' dir='ltr'>ὡς</span> <span class='ocrx_word' id='word_1_293' title='bbox 1042 2667 1181 2727; x_wconf 68' lang='grc' dir='ltr'>ἴδιον</span> <span class='ocrx_word' id='word_1_294' title='bbox 1248 2671 1462 2748; x_wconf 78' lang='grc' dir='ltr'>θήραμα</span> <span class='ocrx_word' id='word_1_295' title='bbox 1520 2670 1907 2749; x_wconf 83' lang='grc' dir='ltr'>παριθάλψατε,</span> 
     </span>
    </p>
   </div>
   <div class='ocr_carea' id='block_1_44' title="bbox 253 2754 1905 2839">
    <p class='ocr_par' dir='ltr' id='par_1_44' title="bbox 253 2754 1905 2839">
     <span class='ocr_line' id='line_1_45' title="bbox 253 2754 1905 2839; baseline 0.001 -24"><span class='ocrx_word' id='word_1_296' title='bbox 253 2761 343 2815; x_wconf 82' lang='grc' dir='ltr'>καὶ</span> <span class='ocrx_word' id='word_1_297' title='bbox 386 2761 461 2821; x_wconf 79' lang='grc' dir='ltr'>ὡς</span> <span class='ocrx_word' id='word_1_298' title='bbox 515 2757 659 2823; x_wconf 81' lang='grc' dir='ltr'>τάξιν</span> <span class='ocrx_word' id='word_1_299' title='bbox 704 2759 827 2813; x_wconf 81' lang='grc' dir='ltr'>υἱῶν</span> <span class='ocrx_word' id='word_1_300' title='bbox 882 2754 1008 2835; x_wconf 83' lang='grc' dir='ltr'>παρ’</span> <span class='ocrx_word' id='word_1_301' title='bbox 1065 2758 1206 2832; x_wconf 76' lang='grc' dir='ltr'>αὐτῷ</span> <span class='ocrx_word' id='word_1_302' title='bbox 1249 2757 1497 2839; x_wconf 87' lang='grc' dir='ltr'>φέροντες</span> <span class='ocrx_word' id='word_1_303' title='bbox 1554 2759 1857 2837; x_wconf 75' lang='grc' dir='ltr'>ὑποτάγητε</span> <span class='ocrx_word' id='word_1_304' title='bbox 1890 2777 1905 2792; x_wconf 82' lang='grc'><strong><em>⁸</em></strong></span> 
     </span>
    </p>
   </div>
   <div class='ocr_carea' id='block_1_45' title="bbox 256 2844 1914 2925">
    <p class='ocr_par' dir='ltr' id='par_1_45' title="bbox 256 2844 1914 2925">
     <span class='ocr_line' id='line_1_46' title="bbox 256 2844 1914 2925; baseline 0.001 -22"><span class='ocrx_word' id='word_1_305' title='bbox 256 2847 635 2925; x_wconf 85' lang='grc' dir='ltr'>γινώσκοντες,</span> <span class='ocrx_word' id='word_1_306' title='bbox 679 2847 753 2909; x_wconf 83' lang='grc' dir='ltr'><strong>ὡς</strong></span> <span class='ocrx_word' id='word_1_307' title='bbox 814 2847 950 2902; x_wconf 80' lang='grc' dir='ltr'>κατὰ</span> <span class='ocrx_word' id='word_1_308' title='bbox 1011 2844 1216 2903; x_wconf 83' lang='grc' dir='ltr'>Παῦλον</span> <span class='ocrx_word' id='word_1_309' title='bbox 1285 2848 1374 2903; x_wconf 82' lang='grc' dir='ltr'><strong>τὸν</strong></span> <span class='ocrx_word' id='word_1_310' title='bbox 1434 2846 1602 2925; x_wconf 84' lang='grc' dir='ltr'>μέγαν</span> <span class='ocrx_word' id='word_1_311' title='bbox 1657 2845 1914 2905; x_wconf 86' lang='grc' dir='ltr'>διδάσκα-</span> 
     </span>
    </p>
   </div>
   <div class='ocr_carea' id='block_1_46' title="bbox 254 2933 1910 3017">
    <p class='ocr_par' dir='ltr' id='par_1_46' title="bbox 254 2933 1910 3017">
     <span class='ocr_line' id='line_1_47' title="bbox 254 2933 1910 3017; baseline -0.001 -23"><span class='ocrx_word' id='word_1_312' title='bbox 254 2937 374 3012; x_wconf 90' lang='grc' dir='ltr'>λον,</span> <span class='ocrx_word' id='word_1_313' title='bbox 442 2936 758 3012; x_wconf 77' lang='grc' dir='ltr'>ἆκοιμήτοις</span> <span class='ocrx_word' id='word_1_314' title='bbox 816 2933 1111 3014; x_wconf 70' lang='grc' dir='ltr'>ὀφθαλμοῖς</span> <span class='ocrx_word' id='word_1_315' title='bbox 1184 2934 1598 3017; x_wconf 79' lang='grc' dir='ltr'>ἐπαγρυπνήσει,</span> <span class='ocrx_word' id='word_1_316' title='bbox 1656 2937 1745 2993; x_wconf 89' lang='grc' dir='ltr'><strong>καὶ</strong></span> <span class='ocrx_word' id='word_1_317' title='bbox 1811 2942 1910 3005; x_wconf 77' lang='grc' dir='ltr'>τῆς</span> 
     </span>
    </p>
   </div>
   <div class='ocr_carea' id='block_1_47' title="bbox 256 3022 1910 3105">
    <p class='ocr_par' dir='ltr' id='par_1_47' title="bbox 256 3022 1910 3105">
     <span class='ocr_line' id='line_1_48' title="bbox 256 3022 1910 3105; baseline 0.001 -26"><span class='ocrx_word' id='word_1_318' title='bbox 256 3025 499 3105; x_wconf 79' lang='grc' dir='ltr'>ψυχικῆς</span> <span class='ocrx_word' id='word_1_319' title='bbox 555 3026 703 3099; x_wconf 81' lang='grc' dir='ltr'>ὑμῶν</span> <span class='ocrx_word' id='word_1_320' title='bbox 758 3025 1021 3101; x_wconf 82' lang='grc' dir='ltr'>σωτηρίας</span> <span class='ocrx_word' id='word_1_321' title='bbox 1073 3022 1318 3088; x_wconf 89' lang='grc' dir='ltr'>ἐπιεικῶς</span> <span class='ocrx_word' id='word_1_322' title='bbox 1362 3025 1734 3103; x_wconf 80' lang='grc' dir='ltr'>προνοήσεται.</span> <span class='ocrx_word' id='word_1_323' title='bbox 1810 3036 1910 3093; x_wconf 79' lang='grc' dir='ltr'><strong>Καὶ</strong></span> 
     </span>
    </p>
   </div>
   <div class='ocr_carea' id='block_1_48' title="bbox 1994 1784 3637 1870">
    <p class='ocr_par' dir='ltr' id='par_1_48' title="bbox 1994 1784 3637 1870">
     <span class='ocr_line' id='line_1_49' title="bbox 1994 1784 3637 1870; baseline 0.001 -23"><span class='ocrx_word' id='word_1_324' title='bbox 1994 1793 2186 1849; x_wconf 87' lang='lat' dir='ltr'><strong>terum</strong></span> <span class='ocrx_word' id='word_1_325' title='bbox 2207 1784 2256 1847; x_wconf 88' lang='grc' dir='ltr'><strong>Ν</strong></span> <span class='ocrx_word' id='word_1_326' title='bbox 2264 1835 2278 1850; x_wconf 93' lang='grc'><strong>.</strong></span> <span class='ocrx_word' id='word_1_327' title='bbox 2303 1787 2746 1870; x_wconf 84' lang='lat' dir='ltr'><strong>selegissemus,</strong></span> <span class='ocrx_word' id='word_1_328' title='bbox 2771 1788 2945 1870; x_wconf 88' lang='lat' dir='ltr'><strong>eique</strong></span> <span class='ocrx_word' id='word_1_329' title='bbox 2979 1784 3415 1849; x_wconf 86' lang='lat' dir='ltr'><strong>interveniente</strong></span> <span class='ocrx_word' id='word_1_330' title='bbox 3444 1786 3637 1849; x_wconf 89' lang='lat' dir='ltr'><strong>Patris</strong></span> 
     </span>
    </p>
   </div>
   <div class='ocr_carea' id='block_1_49' title="bbox 1992 1873 3641 1958">
    <p class='ocr_par' dir='ltr' id='par_1_49' title="bbox 1992 1873 3641 1958">
     <span class='ocr_line' id='line_1_50' title="bbox 1992 1873 3641 1958; baseline 0.003 -25"><span class='ocrx_word' id='word_1_331' title='bbox 1992 1880 2128 1936; x_wconf 91' lang='lat' dir='ltr'><strong>ante</strong></span> <span class='ocrx_word' id='word_1_332' title='bbox 2145 1875 2347 1937; x_wconf 91' lang='lat' dir='ltr'><strong>omnia</strong></span> <span class='ocrx_word' id='word_1_333' title='bbox 2366 1876 2645 1958; x_wconf 89' lang='lat' dir='ltr'><strong>principii</strong></span> <span class='ocrx_word' id='word_1_334' title='bbox 2657 1876 2915 1958; x_wconf 82' lang='lat' dir='ltr'><strong>expertis</strong></span> <span class='ocrx_word' id='word_1_335' title='bbox 2926 1873 3320 1949; x_wconf 87' lang='lat' dir='ltr'><strong>invocatione,</strong></span> <span class='ocrx_word' id='word_1_336' title='bbox 3333 1882 3641 1939; x_wconf 80' lang='lat' dir='ltr'><strong>annuente</strong></span> 
     </span>
    </p>
   </div>
   <div class='ocr_carea' id='block_1_50' title="bbox 1992 1959 3644 2047">
    <p class='ocr_par' dir='ltr' id='par_1_50' title="bbox 1992 1959 3644 2047">
     <span class='ocr_line' id='line_1_51' title="bbox 1992 1959 3644 2047; baseline 0.002 -26"><span class='ocrx_word' id='word_1_337' title='bbox 1992 1959 2171 2024; x_wconf 89' lang='lat' dir='ltr'><strong>simul</strong></span> <span class='ocrx_word' id='word_1_338' title='bbox 2201 1972 2442 2045; x_wconf 83' lang='lat' dir='ltr'><strong>experte</strong></span> <span class='ocrx_word' id='word_1_339' title='bbox 2470 1964 2750 2047; x_wconf 89' lang='lat' dir='ltr'><strong>principii</strong></span> <span class='ocrx_word' id='word_1_340' title='bbox 2790 1964 2964 2043; x_wconf 89' lang='lat' dir='ltr'><strong>Filio,</strong></span> <span class='ocrx_word' id='word_1_341' title='bbox 2998 1969 3358 2045; x_wconf 90' lang='lat' dir='ltr'><strong>cooperante</strong></span> <span class='ocrx_word' id='word_1_342' title='bbox 3386 1961 3644 2025; x_wconf 90' lang='lat' dir='ltr'><strong>consub-</strong></span> 
     </span>
    </p>
   </div>
   <div class='ocr_carea' id='block_1_51' title="bbox 1991 2049 3641 2135">
    <p class='ocr_par' dir='ltr' id='par_1_51' title="bbox 1991 2049 3641 2135">
     <span class='ocr_line' id='line_1_52' title="bbox 1991 2049 3641 2135; baseline 0.001 -24"><span class='ocrx_word' id='word_1_343' title='bbox 1991 2050 2253 2114; x_wconf 91' lang='lat' dir='ltr'><strong>stantiali</strong></span> <span class='ocrx_word' id='word_1_344' title='bbox 2283 2070 2354 2115; x_wconf 92' lang='lat' dir='ltr'><strong>ac</strong></span> <span class='ocrx_word' id='word_1_345' title='bbox 2385 2053 2655 2135; x_wconf 91' lang='lat' dir='ltr'><strong>principe</strong></span> <span class='ocrx_word' id='word_1_346' title='bbox 2708 2052 2952 2135; x_wconf 90' lang='lat' dir='ltr'><strong>Spiritu,</strong></span> <span class='ocrx_word' id='word_1_347' title='bbox 3010 2059 3294 2133; x_wconf 87' lang='lat' dir='ltr'><strong>tanquam</strong></span> <span class='ocrx_word' id='word_1_348' title='bbox 3323 2049 3552 2114; x_wconf 90' lang='lat' dir='ltr'><strong>nemini</strong></span> <span class='ocrx_word' id='word_1_349' title='bbox 3581 2058 3641 2114; x_wconf 91' lang='lat' dir='ltr'><strong>et</strong></span> 
     </span>
    </p>
   </div>
   <div class='ocr_carea' id='block_1_52' title="bbox 1989 2137 3639 2224">
    <p class='ocr_par' dir='ltr' id='par_1_52' title="bbox 1989 2137 3639 2224">
     <span class='ocr_line' id='line_1_53' title="bbox 1989 2137 3639 2224; baseline 0.001 -23"><span class='ocrx_word' id='word_1_350' title='bbox 1989 2137 2221 2220; x_wconf 87' lang='lat' dir='ltr'><strong>indigni</strong></span> <span class='ocrx_word' id='word_1_351' title='bbox 2267 2159 2510 2205; x_wconf 89' lang='lat' dir='ltr'><strong>manum</strong></span> <span class='ocrx_word' id='word_1_352' title='bbox 2567 2142 3084 2224; x_wconf 84' lang='lat' dir='ltr'><strong>imposuissemus,</strong></span> <span class='ocrx_word' id='word_1_353' title='bbox 3118 2147 3178 2203; x_wconf 93' lang='lat' dir='ltr'><strong>et</strong></span> <span class='ocrx_word' id='word_1_354' title='bbox 3205 2139 3509 2220; x_wconf 67' lang='lat' dir='ltr'><strong>ritequaa</strong></span> <span class='ocrx_word' id='word_1_355' title='bbox 3563 2139 3639 2203; x_wconf 90' lang='lat' dir='ltr'><strong>ad</strong></span> 
     </span>
    </p>
   </div>
   <div class='ocr_carea' id='block_1_53' title="bbox 1988 2226 3643 2312">
    <p class='ocr_par' dir='ltr' id='par_1_53' title="bbox 1988 2226 3643 2312">
     <span class='ocr_line' id='line_1_54' title="bbox 1988 2226 3643 2312; baseline 0.001 -24"><span class='ocrx_word' id='word_1_356' title='bbox 1988 2228 2185 2305; x_wconf 90' lang='lat' dir='ltr'><strong>ipsum</strong></span> <span class='ocrx_word' id='word_1_357' title='bbox 2244 2229 2632 2310; x_wconf 86' lang='lat' dir='ltr'><strong>pertinerent,</strong></span> <span class='ocrx_word' id='word_1_358' title='bbox 2692 2229 3223 2312; x_wconf 77' lang='lat' dir='ltr'><strong>expedivissemus,</strong></span> <span class='ocrx_word' id='word_1_359' title='bbox 3281 2245 3418 2290; x_wconf 91' lang='lat' dir='ltr'><strong>eum</strong></span> <span class='ocrx_word' id='word_1_360' title='bbox 3474 2226 3643 2290; x_wconf 88' lang='lat' dir='ltr'><strong>urbis</strong></span> 
     </span>
    </p>
   </div>
   <div class='ocr_carea' id='block_1_54' title="bbox 1989 2315 3640 2398">
    <p class='ocr_par' dir='ltr' id='par_1_54' title="bbox 1989 2315 3640 2398">
     <span class='ocr_line' id='line_1_55' title="bbox 1989 2315 3640 2398; baseline 0.002 -23"><span class='ocrx_word' id='word_1_361' title='bbox 1989 2329 2222 2393; x_wconf 84' lang='lat' dir='ltr'><strong>vestrae,</strong></span> <span class='ocrx_word' id='word_1_362' title='bbox 2257 2317 2474 2381; x_wconf 65' lang='lat' dir='ltr'><strong>divina;</strong></span> <span class='ocrx_word' id='word_1_363' title='bbox 2501 2318 2783 2382; x_wconf 66' lang='lat' dir='ltr'><strong>custodia</strong></span> <span class='ocrx_word' id='word_1_364' title='bbox 2812 2316 3264 2391; x_wconf 61' lang='lat' dir='ltr'><strong>commendata,</strong></span> <span class='ocrx_word' id='word_1_365' title='bbox 3298 2315 3640 2398; x_wconf 82' lang='lat' dir='ltr'><strong>pontiﬁcem</strong></span> 
     </span>
    </p>
   </div>
   <div class='ocr_carea' id='block_1_55' title="bbox 1990 2403 3639 2486">
    <p class='ocr_par' dir='ltr' id='par_1_55' title="bbox 1990 2403 3639 2486">
     <span class='ocr_line' id='line_1_56' title="bbox 1990 2403 3639 2486; baseline 0.001 -21"><span class='ocrx_word' id='word_1_366' title='bbox 1990 2404 2449 2485; x_wconf 89' lang='lat' dir='ltr'><strong>designavimus.</strong></span> <span class='ocrx_word' id='word_1_367' title='bbox 2511 2406 2809 2471; x_wconf 90' lang='lat' dir='ltr'><strong>Lubentes</strong></span> <span class='ocrx_word' id='word_1_368' title='bbox 2865 2406 3065 2486; x_wconf 86' lang='lat' dir='ltr'><strong>igitur,</strong></span> <span class='ocrx_word' id='word_1_369' title='bbox 3129 2412 3189 2469; x_wconf 91' lang='lat' dir='ltr'><strong>et</strong></span> <span class='ocrx_word' id='word_1_370' title='bbox 3237 2403 3483 2481; x_wconf 89' lang='lat' dir='ltr'><strong>hilares,</strong></span> <span class='ocrx_word' id='word_1_371' title='bbox 3518 2411 3639 2467; x_wconf 90' lang='lat' dir='ltr'><strong>toto</strong></span> 
     </span>
    </p>
   </div>
   <div class='ocr_carea' id='block_1_56' title="bbox 1991 2494 3636 2576">
    <p class='ocr_par' dir='ltr' id='par_1_56' title="bbox 1991 2494 3636 2576">
     <span class='ocr_line' id='line_1_57' title="bbox 1991 2494 3636 2576; baseline 0.001 -23"><span class='ocrx_word' id='word_1_372' title='bbox 1991 2494 2172 2555; x_wconf 88' lang='lat' dir='ltr'><strong>corde</strong></span> <span class='ocrx_word' id='word_1_373' title='bbox 2201 2502 2377 2574; x_wconf 90' lang='lat' dir='ltr'><strong>atque</strong></span> <span class='ocrx_word' id='word_1_374' title='bbox 2401 2495 2600 2558; x_wconf 88' lang='lat' dir='ltr'><strong>animo</strong></span> <span class='ocrx_word' id='word_1_375' title='bbox 2619 2495 2790 2558; x_wconf 90' lang='lat' dir='ltr'><strong>illum</strong></span> <span class='ocrx_word' id='word_1_376' title='bbox 2823 2495 3097 2576; x_wconf 81' lang='lat' dir='ltr'><strong>excipite,</strong></span> <span class='ocrx_word' id='word_1_377' title='bbox 3121 2512 3232 2557; x_wconf 92' lang='lat' dir='ltr'><strong>ceu</strong></span> <span class='ocrx_word' id='word_1_378' title='bbox 3248 2500 3501 2575; x_wconf 88' lang='lat' dir='ltr'><strong>patrem,</strong></span> <span class='ocrx_word' id='word_1_379' title='bbox 3529 2510 3636 2555; x_wconf 92' lang='lat' dir='ltr'><strong>re-</strong></span> 
     </span>
    </p>
   </div>
   <div class='ocr_carea' id='block_1_57' title="bbox 1990 2580 3642 2665">
    <p class='ocr_par' dir='ltr' id='par_1_57' title="bbox 1990 2580 3642 2665">
     <span class='ocr_line' id='line_1_58' title="bbox 1990 2580 3642 2665; baseline 0.001 -24"><span class='ocrx_word' id='word_1_380' title='bbox 1990 2582 2303 2659; x_wconf 90' lang='lat' dir='ltr'><strong>veremini,</strong></span> <span class='ocrx_word' id='word_1_381' title='bbox 2338 2603 2448 2647; x_wconf 86' lang='lat' dir='ltr'><strong>ceu</strong></span> <span class='ocrx_word' id='word_1_382' title='bbox 2476 2593 2784 2651; x_wconf 87' lang='lat' dir='ltr'><strong>vocantem</strong></span> <span class='ocrx_word' id='word_1_383' title='bbox 2819 2602 2922 2648; x_wconf 88' lang='lat' dir='ltr'><strong>vos</strong></span> <span class='ocrx_word' id='word_1_384' title='bbox 2949 2591 3245 2665; x_wconf 89' lang='lat' dir='ltr'><strong>pastorem</strong></span> <span class='ocrx_word' id='word_1_385' title='bbox 3276 2580 3642 2645; x_wconf 87' lang='lat' dir='ltr'><strong>unanimiter</strong></span> 
     </span>
    </p>
   </div>
   <div class='ocr_carea' id='block_1_58' title="bbox 1990 2669 3639 2751">
    <p class='ocr_par' dir='ltr' id='par_1_58' title="bbox 1990 2669 3639 2751">
     <span class='ocr_line' id='line_1_59' title="bbox 1990 2669 3639 2751; baseline 0.001 -20"><span class='ocrx_word' id='word_1_386' title='bbox 1990 2672 2319 2749; x_wconf 89' lang='lat' dir='ltr'><strong>agnoscite,</strong></span> <span class='ocrx_word' id='word_1_387' title='bbox 2352 2692 2464 2736; x_wconf 90' lang='lat' dir='ltr'><strong>ceu</strong></span> <span class='ocrx_word' id='word_1_388' title='bbox 2495 2673 2710 2736; x_wconf 90' lang='lat' dir='ltr'><strong>ducem</strong></span> <span class='ocrx_word' id='word_1_389' title='bbox 2739 2673 2813 2736; x_wconf 91' lang='lat' dir='ltr'><strong>ad</strong></span> <span class='ocrx_word' id='word_1_390' title='bbox 2836 2673 3203 2737; x_wconf 90' lang='lat' dir='ltr'><strong>salutemvos</strong></span> <span class='ocrx_word' id='word_1_391' title='bbox 3229 2669 3639 2751; x_wconf 88' lang='lat' dir='ltr'><strong>impellentem</strong></span> 
     </span>
    </p>
   </div>
   <div class='ocr_carea' id='block_1_59' title="bbox 1992 2759 3641 2844">
    <p class='ocr_par' dir='ltr' id='par_1_59' title="bbox 1992 2759 3641 2844">
     <span class='ocr_line' id='line_1_60' title="bbox 1992 2759 3641 2844; baseline 0.002 -25"><span class='ocrx_word' id='word_1_392' title='bbox 1992 2760 2334 2842; x_wconf 89' lang='lat' dir='ltr'><strong>sequimini,</strong></span> <span class='ocrx_word' id='word_1_393' title='bbox 2372 2781 2482 2824; x_wconf 91' lang='lat' dir='ltr'><strong>ceu</strong></span> <span class='ocrx_word' id='word_1_394' title='bbox 2501 2770 2730 2844; x_wconf 91' lang='lat' dir='ltr'><strong>captam</strong></span> <span class='ocrx_word' id='word_1_395' title='bbox 2754 2781 2789 2824; x_wconf 92' lang='lat' dir='ltr'><strong>a</strong></span> <span class='ocrx_word' id='word_1_396' title='bbox 2809 2760 2975 2824; x_wconf 86' lang='lat' dir='ltr'><strong>vobis</strong></span> <span class='ocrx_word' id='word_1_397' title='bbox 3003 2760 3264 2843; x_wconf 65' lang='lat' dir='ltr'><strong>praedam</strong></span> <span class='ocrx_word' id='word_1_398' title='bbox 3294 2759 3507 2843; x_wconf 82' lang='lat' dir='ltr'><strong>fovete,</strong></span> <span class='ocrx_word' id='word_1_399' title='bbox 3529 2777 3641 2823; x_wconf 83' lang='lat' dir='ltr'><strong>ceu</strong></span> 
     </span>
    </p>
   </div>
   <div class='ocr_carea' id='block_1_60' title="bbox 1992 2846 3629 2931">
    <p class='ocr_par' dir='ltr' id='par_1_60' title="bbox 1992 2846 3629 2931">
     <span class='ocr_line' id='line_1_61' title="bbox 1992 2846 3629 2931; baseline 0.003 -23"><span class='ocrx_word' id='word_1_400' title='bbox 1992 2846 2249 2911; x_wconf 86' lang='lat' dir='ltr'><strong>ﬁliorum</strong></span> <span class='ocrx_word' id='word_1_401' title='bbox 2269 2850 2384 2931; x_wconf 83' lang='lat' dir='ltr'><strong>ipsi</strong></span> <span class='ocrx_word' id='word_1_402' title='bbox 2404 2851 2536 2913; x_wconf 92' lang='lat' dir='ltr'><strong>loco</strong></span> <span class='ocrx_word' id='word_1_403' title='bbox 2556 2850 2861 2913; x_wconf 91' lang='lat' dir='ltr'><strong>constituti</strong></span> <span class='ocrx_word' id='word_1_404' title='bbox 2891 2849 3290 2913; x_wconf 86' lang='lat' dir='ltr'><strong>obedientiam</strong></span> <span class='ocrx_word' id='word_1_405' title='bbox 3321 2856 3629 2929; x_wconf 67' lang='lat' dir='ltr'><strong>praestate:</strong></span> 
     </span>
    </p>
   </div>
   <div class='ocr_carea' id='block_1_61' title="bbox 1994 2935 3639 3019">
    <p class='ocr_par' dir='ltr' id='par_1_61' title="bbox 1994 2935 3639 3019">
     <span class='ocr_line' id='line_1_62' title="bbox 1994 2935 3639 3019; baseline 0.001 -22"><span class='ocrx_word' id='word_1_406' title='bbox 1994 2936 2253 3000; x_wconf 90' lang='lat' dir='ltr'><strong>scientes</strong></span> <span class='ocrx_word' id='word_1_407' title='bbox 2283 2957 2443 3013; x_wconf 90' lang='lat' dir='ltr'><strong>eum,</strong></span> <span class='ocrx_word' id='word_1_408' title='bbox 2477 2939 2552 3002; x_wconf 92' lang='lat' dir='ltr'><strong>de</strong></span> <span class='ocrx_word' id='word_1_409' title='bbox 2582 2938 2745 3001; x_wconf 88' lang='lat' dir='ltr'><strong>illius</strong></span> <span class='ocrx_word' id='word_1_410' title='bbox 2774 2938 2972 3019; x_wconf 86' lang='lat' dir='ltr'><strong>magni</strong></span> <span class='ocrx_word' id='word_1_411' title='bbox 2999 2936 3265 3002; x_wconf 87' lang='lat' dir='ltr'><strong>doctoris</strong></span> <span class='ocrx_word' id='word_1_412' title='bbox 3292 2935 3466 2999; x_wconf 91' lang='lat' dir='ltr'><strong>Pauli</strong></span> <span class='ocrx_word' id='word_1_413' title='bbox 3493 2954 3639 3000; x_wconf 92' lang='lat' dir='ltr'><strong>sen-</strong></span> 
     </span>
    </p>
   </div>
   <div class='ocr_carea' id='block_1_62' title="bbox 1995 3024 3634 3108">
    <p class='ocr_par' dir='ltr' id='par_1_62' title="bbox 1995 3024 3634 3108">
     <span class='ocr_line' id='line_1_63' title="bbox 1995 3024 3634 3108; baseline 0.002 -24"><span class='ocrx_word' id='word_1_414' title='bbox 1995 3027 2199 3103; x_wconf 90' lang='lat' dir='ltr'><strong>tentia,</strong></span> <span class='ocrx_word' id='word_1_415' title='bbox 2234 3046 2342 3108; x_wconf 89' lang='lat' dir='ltr'><strong>pro</strong></span> <span class='ocrx_word' id='word_1_416' title='bbox 2368 3027 2920 3091; x_wconf 90' lang='lat' dir='ltr'><strong>vobisinsomnibus</strong></span> <span class='ocrx_word' id='word_1_417' title='bbox 2936 3026 3122 3090; x_wconf 90' lang='lat' dir='ltr'><strong>oculis</strong></span> <span class='ocrx_word' id='word_1_418' title='bbox 3140 3024 3535 3105; x_wconf 89' lang='lat' dir='ltr'><strong>vigilaturum,</strong></span> <span class='ocrx_word' id='word_1_419' title='bbox 3563 3042 3634 3088; x_wconf 90' lang='lat' dir='ltr'><strong>ac</strong></span> 
     </span>
    </p>
   </div>
   <div class='ocr_carea' id='block_1_63' title="bbox 255 3111 1905 3196">
    <p class='ocr_par' dir='ltr' id='par_1_63' title="bbox 255 3111 1905 3196">
     <span class='ocr_line' id='line_1_64' title="bbox 255 3111 1905 3196; baseline 0.001 -25"><span class='ocrx_word' id='word_1_420' title='bbox 255 3116 356 3196; x_wconf 83' lang='grc' dir='ltr'>γᾰρ</span> <span class='ocrx_word' id='word_1_421' title='bbox 398 3111 465 3170; x_wconf 87' lang='grc' dir='ltr'>δι’</span> <span class='ocrx_word' id='word_1_422' title='bbox 524 3116 680 3172; x_wconf 77' lang='grc' dir='ltr'>αὐτοῦ</span> <span class='ocrx_word' id='word_1_423' title='bbox 723 3112 870 3178; x_wconf 54' lang='grc' dir='ltr'>ἐλπὶς</span> <span class='ocrx_word' id='word_1_424' title='bbox 934 3115 1071 3189; x_wconf 84' lang='grc' dir='ltr'>ἡμῖν</span> <span class='ocrx_word' id='word_1_425' title='bbox 1112 3111 1297 3191; x_wconf 77' lang='grc' dir='ltr'>βεϐαία</span> <span class='ocrx_word' id='word_1_426' title='bbox 1352 3115 1485 3185; x_wconf 85' lang='grc' dir='ltr'>ἐστὶ,</span> <span class='ocrx_word' id='word_1_427' title='bbox 1535 3115 1602 3171; x_wconf 82' lang='grc' dir='ltr'>τὰ</span> <span class='ocrx_word' id='word_1_428' title='bbox 1655 3116 1905 3194; x_wconf 86' lang='grc' dir='ltr'>κράτιστα</span> 
     </span>
    </p>
   </div>
   <div class='ocr_carea' id='block_1_64' title="bbox 1986 3111 3638 3196">
    <p class='ocr_par' dir='ltr' id='par_1_64' title="bbox 1990 3111 3638 3180">
     <span class='ocr_line' id='line_1_65' title="bbox 1990 3111 3638 3180; baseline 0.001 -5"><span class='ocrx_word' id='word_1_429' title='bbox 1990 3116 2257 3179; x_wconf 89' lang='lat' dir='ltr'><strong>studiose</strong></span> <span class='ocrx_word' id='word_1_430' title='bbox 2279 3116 2483 3179; x_wconf 92' lang='lat' dir='ltr'><strong>salutis</strong></span> <span class='ocrx_word' id='word_1_431' title='bbox 2504 3117 2842 3180; x_wconf 91' lang='lat' dir='ltr'><strong>animarum</strong></span> <span class='ocrx_word' id='word_1_432' title='bbox 2861 3124 3193 3179; x_wconf 88' lang='lat' dir='ltr'><strong>vestrarum</strong></span> <span class='ocrx_word' id='word_1_433' title='bbox 3215 3111 3505 3176; x_wconf 89' lang='lat' dir='ltr'><strong>rationem</strong></span> <span class='ocrx_word' id='word_1_434' title='bbox 3526 3114 3638 3176; x_wconf 90' lang='lat' dir='ltr'><strong>ha-</strong></span> 
     </span>
    </p>
   </div>
   <div class='ocr_carea' id='block_1_65' title="bbox 256 3201 1902 3283">
    <p class='ocr_par' dir='ltr' id='par_1_65' title="bbox 256 3201 1902 3283">
     <span class='ocr_line' id='line_1_66' title="bbox 256 3201 1902 3283; baseline -0.002 -20"><span class='ocrx_word' id='word_1_435' title='bbox 256 3204 403 3283; x_wconf 78' lang='grc' dir='ltr'>παρὰ</span> <span class='ocrx_word' id='word_1_436' title='bbox 466 3209 581 3278; x_wconf 82' lang='grc' dir='ltr'>Θεῷ</span> <span class='ocrx_word' id='word_1_437' title='bbox 638 3204 728 3259; x_wconf 85' lang='grc' dir='ltr'><strong>καὶ</strong></span> <span class='ocrx_word' id='word_1_438' title='bbox 784 3201 1046 3281; x_wconf 75' lang='grc' dir='ltr'>σωτηρίας</span> <span class='ocrx_word' id='word_1_439' title='bbox 1129 3203 1367 3283; x_wconf 85' lang='grc' dir='ltr'>ἐχόμενα</span> <span class='ocrx_word' id='word_1_440' title='bbox 1422 3204 1558 3279; x_wconf 81' lang='grc' dir='ltr'>ὑμᾶς</span> <span class='ocrx_word' id='word_1_441' title='bbox 1615 3202 1902 3279; x_wconf 76' lang='grc' dir='ltr'>λήψεσθαι,</span> 
     </span>
    </p>
   </div>
   <div class='ocr_carea' id='block_1_66' title="bbox 252 3290 1904 3373">
    <p class='ocr_par' dir='ltr' id='par_1_66' title="bbox 252 3290 1904 3373">
     <span class='ocr_line' id='line_1_67' title="bbox 252 3290 1904 3373; baseline 0 -23"><span class='ocrx_word' id='word_1_442' title='bbox 252 3295 315 3352; x_wconf 79' lang='grc' dir='ltr'><strong>Εἰ</strong></span> <span class='ocrx_word' id='word_1_443' title='bbox 358 3293 457 3373; x_wconf 79' lang='grc' dir='ltr'><strong>γὰρ</strong></span> <span class='ocrx_word' id='word_1_444' title='bbox 502 3292 643 3365; x_wconf 69' lang='grc' dir='ltr'><strong>αότῷ</strong></span> <span class='ocrx_word' id='word_1_445' title='bbox 670 3293 731 3349; x_wconf 82' lang='grc' dir='ltr'>τὸ</span> <span class='ocrx_word' id='word_1_446' title='bbox 774 3292 861 3356; x_wconf 79' lang='grc' dir='ltr'><strong>οὖς</strong></span> <span class='ocrx_word' id='word_1_447' title='bbox 919 3293 1067 3367; x_wconf 79' lang='grc' dir='ltr'>ὑμῶν</span> <span class='ocrx_word' id='word_1_448' title='bbox 1122 3290 1474 3367; x_wconf 86' lang='grc' dir='ltr'>ὑποκλίνοιτε,</span> <span class='ocrx_word' id='word_1_449' title='bbox 1530 3293 1617 3349; x_wconf 86' lang='grc' dir='ltr'><strong>καὶ</strong></span> <span class='ocrx_word' id='word_1_450' title='bbox 1666 3293 1787 3356; x_wconf 85' lang='grc' dir='ltr'>τοῖς</span> <span class='ocrx_word' id='word_1_451' title='bbox 1815 3290 1904 3350; x_wconf 83' lang='grc' dir='ltr'>ὑπ’</span> 
     </span>
    </p>
   </div>
   <div class='ocr_carea' id='block_1_67' title="bbox 253 3380 1905 3462">
    <p class='ocr_par' dir='ltr' id='par_1_67' title="bbox 253 3380 1905 3462">
     <span class='ocr_line' id='line_1_68' title="bbox 253 3380 1905 3462; baseline 0 -23"><span class='ocrx_word' id='word_1_452' title='bbox 253 3387 414 3442; x_wconf 75' lang='grc' dir='ltr'>αῦτοῦ</span> <span class='ocrx_word' id='word_1_453' title='bbox 497 3381 805 3462; x_wconf 83' lang='grc' dir='ltr'>λεγομένοις</span> <span class='ocrx_word' id='word_1_454' title='bbox 910 3380 1252 3462; x_wconf 83' lang='grc' dir='ltr'>προσέχοιτε,</span> <span class='ocrx_word' id='word_1_455' title='bbox 1357 3388 1462 3439; x_wconf 88' lang='grc' dir='ltr'><strong>τῶν</strong></span> <span class='ocrx_word' id='word_1_456' title='bbox 1546 3380 1905 3459; x_wconf 80' lang='grc' dir='ltr'>ἐλπιζομένων</span> 
     </span>
    </p>
   </div>
   <div class='ocr_carea' id='block_1_68' title="bbox 254 3468 1905 3551">
    <p class='ocr_par' dir='ltr' id='par_1_68' title="bbox 254 3468 1905 3551">
     <span class='ocr_line' id='line_1_69' title="bbox 254 3468 1905 3551; baseline 0.001 -23"><span class='ocrx_word' id='word_1_457' title='bbox 254 3473 470 3551; x_wconf 82' lang='grc' dir='ltr'>ἀγαθῶν</span> <span class='ocrx_word' id='word_1_458' title='bbox 517 3470 890 3550; x_wconf 79' lang='grc' dir='ltr'>ἐπιτεύξοισθε,</span> <span class='ocrx_word' id='word_1_459' title='bbox 931 3472 1019 3527; x_wconf 89' lang='grc' dir='ltr'><strong>καὶ</strong></span> <span class='ocrx_word' id='word_1_460' title='bbox 1070 3477 1176 3527; x_wconf 89' lang='grc' dir='ltr'><strong>τῶν</strong></span> <span class='ocrx_word' id='word_1_461' title='bbox 1218 3471 1422 3527; x_wconf 87' lang='grc' dir='ltr'>ἐκεῖθεν</span> <span class='ocrx_word' id='word_1_462' title='bbox 1464 3468 1699 3547; x_wconf 78' lang='grc' dir='ltr'>ἂμοιϐῶν</span> <span class='ocrx_word' id='word_1_463' title='bbox 1763 3474 1905 3547; x_wconf 81' lang='grc' dir='ltr'>αὐτῷ</span> 
     </span>
    </p>
   </div>
   <div class='ocr_carea' id='block_1_69' title="bbox 254 3557 1899 3641">
    <p class='ocr_par' dir='ltr' id='par_1_69' title="bbox 254 3557 1899 3641">
     <span class='ocr_line' id='line_1_70' title="bbox 254 3557 1899 3641; baseline -0.001 -24"><span class='ocrx_word' id='word_1_464' title='bbox 254 3562 711 3641; x_wconf 83' lang='grc' dir='ltr'>συμμετάσχοιτε.</span> <span class='ocrx_word' id='word_1_465' title='bbox 798 3562 908 3636; x_wconf 81' lang='grc' dir='ltr'><strong>Πρὸ</strong></span> <span class='ocrx_word' id='word_1_466' title='bbox 990 3558 1045 3615; x_wconf 78' lang='grc' dir='ltr'><strong>δὲ</strong></span> <span class='ocrx_word' id='word_1_467' title='bbox 1125 3560 1349 3633; x_wconf 83' lang='grc' dir='ltr'>τούτων,</span> <span class='ocrx_word' id='word_1_468' title='bbox 1392 3560 1481 3616; x_wconf 88' lang='grc' dir='ltr'><strong>καὶ</strong></span> <span class='ocrx_word' id='word_1_469' title='bbox 1523 3557 1607 3616; x_wconf 82' lang='grc' dir='ltr'>διὰ</span> <span class='ocrx_word' id='word_1_470' title='bbox 1663 3560 1899 3637; x_wconf 82' lang='grc' dir='ltr'>πάντων,</span> 
     </span>
    </p>
   </div>
   <div class='ocr_carea' id='block_1_70' title="bbox 254 3646 1905 3730">
    <p class='ocr_par' dir='ltr' id='par_1_70' title="bbox 254 3646 1905 3730">
     <span class='ocr_line' id='line_1_71' title="bbox 254 3646 1905 3730; baseline 0.001 -25"><span class='ocrx_word' id='word_1_471' title='bbox 254 3647 463 3719; x_wconf 74' lang='grc' dir='ltr'>δεήσεις</span> <span class='ocrx_word' id='word_1_472' title='bbox 522 3650 758 3712; x_wconf 77' lang='grc' dir='ltr'>ἐκτενεῖς</span> <span class='ocrx_word' id='word_1_473' title='bbox 829 3649 917 3705; x_wconf 87' lang='grc' dir='ltr'><strong>καὶ</strong></span> <span class='ocrx_word' id='word_1_474' title='bbox 970 3647 1221 3715; x_wconf 79' lang='grc' dir='ltr'>ἐντεύξεις</span> <span class='ocrx_word' id='word_1_475' title='bbox 1278 3646 1543 3716; x_wconf 82' lang='grc' dir='ltr'>διηνεκεῖς</span> <span class='ocrx_word' id='word_1_476' title='bbox 1612 3649 1742 3730; x_wconf 80' lang='grc' dir='ltr'>ὑπὲρ</span> <span class='ocrx_word' id='word_1_477' title='bbox 1811 3657 1905 3708; x_wconf 86' lang='grc' dir='ltr'><strong>τοῦ</strong></span> 
     </span>
    </p>
   </div>
   <div class='ocr_carea' id='block_1_71' title="bbox 255 3736 1902 3818">
    <p class='ocr_par' dir='ltr' id='par_1_71' title="bbox 255 3736 1902 3818">
     <span class='ocr_line' id='line_1_72' title="bbox 255 3736 1902 3818; baseline -0.002 -21"><span class='ocrx_word' id='word_1_478' title='bbox 255 3738 519 3818; x_wconf 81' lang='grc' dir='ltr'>σωτηρίου</span> <span class='ocrx_word' id='word_1_479' title='bbox 573 3738 794 3817; x_wconf 80' lang='grc' dir='ltr'>κράτους</span> <span class='ocrx_word' id='word_1_480' title='bbox 848 3742 954 3794; x_wconf 86' lang='grc' dir='ltr'><strong>τῶν</strong></span> <span class='ocrx_word' id='word_1_481' title='bbox 1025 3737 1084 3794; x_wconf 87' lang='grc' dir='ltr'><strong>ἐκ</strong></span> <span class='ocrx_word' id='word_1_482' title='bbox 1133 3745 1265 3797; x_wconf 88' lang='grc' dir='ltr'>Θεοῦ</span> <span class='ocrx_word' id='word_1_483' title='bbox 1305 3736 1729 3818; x_wconf 87' lang='grc' dir='ltr'>προλαμπόντων</span> <span class='ocrx_word' id='word_1_484' title='bbox 1798 3760 1902 3815; x_wconf 93' lang='grc' dir='ltr'>με-</span> 
     </span>
    </p>
   </div>
   <div class='ocr_carea' id='block_1_72' title="bbox 252 3824 1899 3906">
    <p class='ocr_par' dir='ltr' id='par_1_72' title="bbox 252 3824 1899 3906">
     <span class='ocr_line' id='line_1_73' title="bbox 252 3824 1899 3906; baseline 0.001 -22"><span class='ocrx_word' id='word_1_485' title='bbox 252 3826 437 3906; x_wconf 79' lang='grc' dir='ltr'>γάλων</span> <span class='ocrx_word' id='word_1_486' title='bbox 521 3824 782 3903; x_wconf 87' lang='grc' dir='ltr'>βασιλέων</span> <span class='ocrx_word' id='word_1_487' title='bbox 864 3827 1018 3902; x_wconf 80' lang='grc' dir='ltr'>ἡμῶν</span> <span class='ocrx_word' id='word_1_488' title='bbox 1101 3831 1369 3884; x_wconf 85' lang='grc' dir='ltr'>ποιεῖσθαι</span> <span class='ocrx_word' id='word_1_489' title='bbox 1455 3828 1532 3904; x_wconf 75' lang='grc' dir='ltr'>μὴ</span> <span class='ocrx_word' id='word_1_490' title='bbox 1589 3826 1899 3886; x_wconf 87' lang='grc' dir='ltr'>διαλίποιτε·</span> 
     </span>
    </p>
   </div>
   <div class='ocr_carea' id='block_1_73' title="bbox 253 3915 1920 3997">
    <p class='ocr_par' dir='ltr' id='par_1_73' title="bbox 253 3915 1920 3997">
     <span class='ocr_line' id='line_1_74' title="bbox 253 3915 1920 3997; baseline 0.002 -25"><span class='ocrx_word' id='word_1_491' title='bbox 253 3916 401 3980; x_wconf 84' lang='grc' dir='ltr'>ὅπως</span> <span class='ocrx_word' id='word_1_492' title='bbox 447 3916 632 3993; x_wconf 77' lang='grc' dir='ltr'>Κύριος</span> <span class='ocrx_word' id='word_1_493' title='bbox 675 3918 704 3972; x_wconf 79' lang='grc' dir='ltr'>ὁ</span> <span class='ocrx_word' id='word_1_494' title='bbox 763 3916 892 3977; x_wconf 81' lang='grc' dir='ltr'>Θεὸς</span> <span class='ocrx_word' id='word_1_495' title='bbox 953 3917 982 3971; x_wconf 84' lang='grc' dir='ltr'>ὁ</span> <span class='ocrx_word' id='word_1_496' title='bbox 1022 3916 1240 3996; x_wconf 84' lang='grc' dir='ltr'>στέψας,</span> <span class='ocrx_word' id='word_1_497' title='bbox 1299 3915 1395 3973; x_wconf 74' lang='grc' dir='ltr'>καὶ</span> <span class='ocrx_word' id='word_1_498' title='bbox 1437 3922 1764 3997; x_wconf 83' lang='grc' dir='ltr'>συμμαχῶν,</span> <span class='ocrx_word' id='word_1_499' title='bbox 1817 3918 1920 3975; x_wconf 61' lang='grc' dir='ltr'>καὶη</span> 
     </span>
    </p>
   </div>
   <div class='ocr_carea' id='block_1_74' title="bbox 253 4003 1903 4085">
    <p class='ocr_par' dir='ltr' id='par_1_74' title="bbox 253 4003 1903 4085">
     <span class='ocr_line' id='line_1_75' title="bbox 253 4003 1903 4085; baseline 0.004 -25"><span class='ocrx_word' id='word_1_500' title='bbox 253 4018 558 4073; x_wconf 88' lang='grc' dir='ltr'>νικητικαῖς</span> <span class='ocrx_word' id='word_1_501' title='bbox 616 4004 917 4084; x_wconf 77' lang='grc' dir='ltr'>εὐημερίαις</span> <span class='ocrx_word' id='word_1_502' title='bbox 973 4004 1072 4073; x_wconf 78' lang='grc' dir='ltr'>τὴν</span> <span class='ocrx_word' id='word_1_503' title='bbox 1127 4003 1381 4084; x_wconf 82' lang='grc' dir='ltr'>γαλήνιον</span> <span class='ocrx_word' id='word_1_504' title='bbox 1438 4004 1677 4085; x_wconf 74' lang='grc' dir='ltr'>κεφαλὴν</span> <span class='ocrx_word' id='word_1_505' title='bbox 1703 4004 1768 4057; x_wconf 80' lang='grc'><strong>65</strong></span> <span class='ocrx_word' id='word_1_506' title='bbox 1813 4010 1903 4067; x_wconf 82' lang='grc' dir='ltr'>αὖ·</span> 
     </span>
    </p>
   </div>
   <div class='ocr_carea' id='block_1_75' title="bbox 251 4091 1902 4178">
    <p class='ocr_par' dir='ltr' id='par_1_75' title="bbox 251 4091 1902 4178">
     <span class='ocr_line' id='line_1_76' title="bbox 251 4091 1902 4178; baseline 0.003 -29"><span class='ocrx_word' id='word_1_507' title='bbox 251 4101 360 4153; x_wconf 81' lang='grc' dir='ltr'><strong>τῶν</strong></span> <span class='ocrx_word' id='word_1_508' title='bbox 414 4091 640 4173; x_wconf 83' lang='grc' dir='ltr'>στέφων,</span> <span class='ocrx_word' id='word_1_509' title='bbox 688 4092 776 4149; x_wconf 84' lang='grc' dir='ltr'><strong>ἐπὶ</strong></span> <span class='ocrx_word' id='word_1_510' title='bbox 802 4091 991 4151; x_wconf 83' lang='grc' dir='ltr'>πλεῖον</span> <span class='ocrx_word' id='word_1_511' title='bbox 1032 4095 1120 4150; x_wconf 84' lang='grc' dir='ltr'><strong>καὶ</strong></span> <span class='ocrx_word' id='word_1_512' title='bbox 1161 4093 1351 4153; x_wconf 87' lang='grc' dir='ltr'>πλεῖον</span> <span class='ocrx_word' id='word_1_513' title='bbox 1394 4108 1518 4160; x_wconf 86' lang='grc' dir='ltr'>ταῖς</span> <span class='ocrx_word' id='word_1_514' title='bbox 1547 4093 1667 4152; x_wconf 88' lang='grc' dir='ltr'>κατ’</span> <span class='ocrx_word' id='word_1_515' title='bbox 1698 4095 1902 4178; x_wconf 83' lang='grc' dir='ltr'>ἐχθρῶν</span> 
     </span>
    </p>
   </div>
   <div class='ocr_carea' id='block_1_76' title="bbox 251 4182 1900 4265">
    <p class='ocr_par' dir='ltr' id='par_1_76' title="bbox 251 4182 1900 4265">
     <span class='ocr_line' id='line_1_77' title="bbox 251 4182 1900 4265; baseline 0.002 -26"><span class='ocrx_word' id='word_1_516' title='bbox 251 4182 549 4257; x_wconf 77' lang='grc' dir='ltr'>ἇνυψώσειε</span> <span class='ocrx_word' id='word_1_517' title='bbox 631 4195 935 4263; x_wconf 88' lang='grc' dir='ltr'>προκοπαῖς</span> <span class='ocrx_word' id='word_1_518' title='bbox 1017 4189 1249 4263; x_wconf 82' lang='grc' dir='ltr'>φρουρῶν</span> <span class='ocrx_word' id='word_1_519' title='bbox 1355 4185 1445 4241; x_wconf 84' lang='grc' dir='ltr'><strong>καὶ</strong></span> <span class='ocrx_word' id='word_1_520' title='bbox 1539 4183 1900 4265; x_wconf 82' lang='grc' dir='ltr'>διαφυλάττων</span> 
     </span>
    </p>
   </div>
   <div class='ocr_carea' id='block_1_77' title="bbox 250 4268 1901 4352">
    <p class='ocr_par' dir='ltr' id='par_1_77' title="bbox 250 4268 1901 4352">
     <span class='ocr_line' id='line_1_78' title="bbox 250 4268 1901 4352; baseline 0.002 -25"><span class='ocrx_word' id='word_1_521' title='bbox 250 4268 533 4350; x_wconf 85' lang='grc' dir='ltr'>ἆδιάδοχον</span> <span class='ocrx_word' id='word_1_522' title='bbox 567 4272 630 4327; x_wconf 81' lang='grc' dir='ltr'>τὸ</span> <span class='ocrx_word' id='word_1_523' title='bbox 686 4271 877 4352; x_wconf 84' lang='grc' dir='ltr'>στέφος</span> <span class='ocrx_word' id='word_1_524' title='bbox 918 4274 1114 4349; x_wconf 73' lang='grc' dir='ltr'><strong>αὐτῶν⁹</strong></span> <span class='ocrx_word' id='word_1_525' title='bbox 1167 4274 1241 4337; x_wconf 86' lang='grc' dir='ltr'>εἰς</span> <span class='ocrx_word' id='word_1_526' title='bbox 1295 4275 1495 4337; x_wconf 82' lang='grc' dir='ltr'>παντὸς</span> <span class='ocrx_word' id='word_1_527' title='bbox 1550 4280 1642 4330; x_wconf 87' lang='grc' dir='ltr'><strong>τοῦ</strong></span> <span class='ocrx_word' id='word_1_528' title='bbox 1699 4275 1901 4350; x_wconf 85' lang='grc' dir='ltr'>κόσμου</span> 
     </span>
    </p>
   </div>
   <div class='ocr_carea' id='block_1_78' title="bbox 1988 3200 3641 3286">
    <p class='ocr_par' dir='ltr' id='par_1_78' title="bbox 1988 3200 3641 3286">
     <span class='ocr_line' id='line_1_79' title="bbox 1988 3200 3641 3286; baseline -0.002 -21"><span class='ocrx_word' id='word_1_529' title='bbox 1988 3200 2278 3270; x_wconf 88' lang='lat' dir='ltr'><strong>biturum.</strong></span> <span class='ocrx_word' id='word_1_530' title='bbox 2322 3204 2470 3268; x_wconf 89' lang='lat' dir='ltr'><strong>Nam</strong></span> <span class='ocrx_word' id='word_1_531' title='bbox 2505 3215 2665 3269; x_wconf 87' lang='lat' dir='ltr'><strong>certa</strong></span> <span class='ocrx_word' id='word_1_532' title='bbox 2692 3207 2755 3267; x_wconf 92' lang='lat' dir='ltr'><strong>in</strong></span> <span class='ocrx_word' id='word_1_533' title='bbox 2788 3223 2894 3286; x_wconf 90' lang='lat' dir='ltr'><strong>spe</strong></span> <span class='ocrx_word' id='word_1_534' title='bbox 2953 3222 3179 3281; x_wconf 89' lang='lat' dir='ltr'><strong>sumus,</strong></span> <span class='ocrx_word' id='word_1_535' title='bbox 3230 3219 3340 3283; x_wconf 89' lang='lat' dir='ltr'><strong>per</strong></span> <span class='ocrx_word' id='word_1_536' title='bbox 3371 3218 3509 3263; x_wconf 88' lang='lat' dir='ltr'><strong>eum</strong></span> <span class='ocrx_word' id='word_1_537' title='bbox 3538 3220 3641 3263; x_wconf 90' lang='lat' dir='ltr'><strong>vos</strong></span> 
     </span>
    </p>
   </div>
   <div class='ocr_carea' id='block_1_79' title="bbox 1987 3288 3637 3377">
    <p class='ocr_par' dir='ltr' id='par_1_79' title="bbox 1987 3288 3637 3377">
     <span class='ocr_line' id='line_1_80' title="bbox 1987 3288 3637 3377; baseline -0.001 -24"><span class='ocrx_word' id='word_1_538' title='bbox 1987 3293 2146 3373; x_wconf 89' lang='lat' dir='ltr'><strong>apud</strong></span> <span class='ocrx_word' id='word_1_539' title='bbox 2173 3296 2362 3357; x_wconf 90' lang='lat' dir='ltr'><strong>Deum</strong></span> <span class='ocrx_word' id='word_1_540' title='bbox 2389 3294 2879 3377; x_wconf 69' lang='lat' dir='ltr'><strong>praestantissima</strong></span> <span class='ocrx_word' id='word_1_541' title='bbox 2902 3309 3173 3374; x_wconf 62' lang='lat' dir='ltr'><strong>quaeque,</strong></span> <span class='ocrx_word' id='word_1_542' title='bbox 3203 3296 3262 3352; x_wconf 93' lang='lat' dir='ltr'><strong>et</strong></span> <span class='ocrx_word' id='word_1_543' title='bbox 3282 3288 3357 3352; x_wconf 90' lang='lat' dir='ltr'><strong>ad</strong></span> <span class='ocrx_word' id='word_1_544' title='bbox 3388 3289 3637 3353; x_wconf 86' lang='lat' dir='ltr'><strong>salutem</strong></span> 
     </span>
    </p>
   </div>
   <div class='ocr_carea' id='block_1_80' title="bbox 1987 3378 3631 3463">
    <p class='ocr_par' dir='ltr' id='par_1_80' title="bbox 1987 3378 3631 3463">
     <span class='ocr_line' id='line_1_81' title="bbox 1987 3378 3631 3463; baseline -0.002 -20"><span class='ocrx_word' id='word_1_545' title='bbox 1987 3381 2370 3460; x_wconf 90' lang='lat' dir='ltr'><strong>pertinentia,</strong></span> <span class='ocrx_word' id='word_1_546' title='bbox 2397 3391 2844 3446; x_wconf 90' lang='lat' dir='ltr'><strong>consecuturos.</strong></span> <span class='ocrx_word' id='word_1_547' title='bbox 2872 3381 3106 3463; x_wconf 89' lang='lat' dir='ltr'><strong>Quippe</strong></span> <span class='ocrx_word' id='word_1_548' title='bbox 3131 3378 3185 3442; x_wconf 91' lang='lat' dir='ltr'><strong>si</strong></span> <span class='ocrx_word' id='word_1_549' title='bbox 3211 3394 3415 3440; x_wconf 89' lang='lat' dir='ltr'><strong>aurem</strong></span> <span class='ocrx_word' id='word_1_550' title='bbox 3437 3378 3491 3440; x_wconf 94' lang='lat' dir='ltr'><strong>ei</strong></span> <span class='ocrx_word' id='word_1_551' title='bbox 3522 3395 3631 3440; x_wconf 91' lang='lat' dir='ltr'><strong>ve—</strong></span> 
     </span>
    </p>
   </div>
   <div class='ocr_carea' id='block_1_81' title="bbox 1987 3464 3634 3547">
    <p class='ocr_par' dir='ltr' id='par_1_81' title="bbox 1987 3464 3634 3547">
     <span class='ocr_line' id='line_1_82' title="bbox 1987 3464 3634 3547; baseline -0.001 -17"><span class='ocrx_word' id='word_1_552' title='bbox 1987 3476 2167 3532; x_wconf 90' lang='lat' dir='ltr'><strong>stram</strong></span> <span class='ocrx_word' id='word_1_553' title='bbox 2198 3471 2646 3546; x_wconf 87' lang='lat' dir='ltr'><strong>inclinaveritis,</strong></span> <span class='ocrx_word' id='word_1_554' title='bbox 2681 3478 2742 3534; x_wconf 93' lang='lat' dir='ltr'><strong>et</strong></span> <span class='ocrx_word' id='word_1_555' title='bbox 2768 3470 3032 3533; x_wconf 90' lang='lat' dir='ltr'><strong>animum</strong></span> <span class='ocrx_word' id='word_1_556' title='bbox 3087 3467 3186 3547; x_wconf 91' lang='lat' dir='ltr'><strong>iis,</strong></span> <span class='ocrx_word' id='word_1_557' title='bbox 3244 3483 3375 3547; x_wconf 66' lang='lat' dir='ltr'><strong>quae.</strong></span> <span class='ocrx_word' id='word_1_558' title='bbox 3400 3464 3475 3527; x_wconf 91' lang='lat' dir='ltr'><strong>ab</strong></span> <span class='ocrx_word' id='word_1_559' title='bbox 3503 3466 3634 3547; x_wconf 91' lang='lat' dir='ltr'><strong>ipso</strong></span> 
     </span>
    </p>
   </div>
   <div class='ocr_carea' id='block_1_82' title="bbox 1985 3553 3640 3642">
    <p class='ocr_par' dir='ltr' id='par_1_82' title="bbox 1985 3553 3640 3642">
     <span class='ocr_line' id='line_1_83' title="bbox 1985 3553 3640 3642; baseline -0.001 -22"><span class='ocrx_word' id='word_1_560' title='bbox 1985 3560 2391 3642; x_wconf 82' lang='lat' dir='ltr'><strong>proferuntur,</strong></span> <span class='ocrx_word' id='word_1_561' title='bbox 2414 3560 2821 3624; x_wconf 88' lang='lat' dir='ltr'><strong>adverteritis:</strong></span> <span class='ocrx_word' id='word_1_562' title='bbox 2855 3559 2918 3620; x_wconf 92' lang='lat' dir='ltr'><strong>in</strong></span> <span class='ocrx_word' id='word_1_563' title='bbox 2941 3575 3047 3639; x_wconf 91' lang='lat' dir='ltr'><strong>spe</strong></span> <span class='ocrx_word' id='word_1_564' title='bbox 3071 3555 3262 3638; x_wconf 90' lang='lat' dir='ltr'><strong>posita</strong></span> <span class='ocrx_word' id='word_1_565' title='bbox 3277 3553 3453 3618; x_wconf 91' lang='lat' dir='ltr'><strong>nobis</strong></span> <span class='ocrx_word' id='word_1_566' title='bbox 3482 3554 3640 3618; x_wconf 89' lang='lat' dir='ltr'><strong>bona</strong></span> 
     </span>
    </p>
   </div>
   <div class='ocr_carea' id='block_1_83' title="bbox 1986 3641 3635 3731">
    <p class='ocr_par' dir='ltr' id='par_1_83' title="bbox 1986 3641 3635 3731">
     <span class='ocr_line' id='line_1_84' title="bbox 1986 3641 3635 3731; baseline -0.004 -20"><span class='ocrx_word' id='word_1_567' title='bbox 1986 3641 2439 3727; x_wconf 83' lang='lat' dir='ltr'><strong>nanciscemini,</strong></span> <span class='ocrx_word' id='word_1_568' title='bbox 2471 3667 2719 3731; x_wconf 73' lang='lat' dir='ltr'><strong>quaeque</strong></span> <span class='ocrx_word' id='word_1_569' title='bbox 2773 3648 2930 3711; x_wconf 80' lang='lat' dir='ltr'><strong>vice‘s</strong></span> <span class='ocrx_word' id='word_1_570' title='bbox 2958 3649 3021 3709; x_wconf 90' lang='lat' dir='ltr'><strong>in</strong></span> <span class='ocrx_word' id='word_1_571' title='bbox 3046 3646 3235 3708; x_wconf 89' lang='lat' dir='ltr'><strong>altera</strong></span> <span class='ocrx_word' id='word_1_572' title='bbox 3262 3641 3378 3731; x_wconf 84' lang='lat' dir='ltr'><strong>vita</strong></span> <span class='ocrx_word' id='word_1_573' title='bbox 3408 3660 3635 3725; x_wconf 85' lang='lat' dir='ltr'><strong>repen-</strong></span> 
     </span>
    </p>
   </div>
   <div class='ocr_carea' id='block_1_84' title="bbox 1987 3730 3629 3820">
    <p class='ocr_par' dir='ltr' id='par_1_84' title="bbox 1987 3730 3629 3820">
     <span class='ocr_line' id='line_1_85' title="bbox 1987 3730 3629 3820; baseline -0.003 -20"><span class='ocrx_word' id='word_1_574' title='bbox 1987 3739 2231 3816; x_wconf 84' lang='lat' dir='ltr'><strong>duntur,</strong></span> <span class='ocrx_word' id='word_1_575' title='bbox 2262 3757 2466 3803; x_wconf 91' lang='lat' dir='ltr'><strong>earum</strong></span> <span class='ocrx_word' id='word_1_576' title='bbox 2490 3730 2629 3801; x_wconf 80' lang='lat' dir='ltr'><strong>cum</strong></span> <span class='ocrx_word' id='word_1_577' title='bbox 2648 3740 2777 3820; x_wconf 90' lang='lat' dir='ltr'><strong>ipso</strong></span> <span class='ocrx_word' id='word_1_578' title='bbox 2799 3738 3120 3820; x_wconf 86' lang='lat' dir='ltr'><strong>participes</strong></span> <span class='ocrx_word' id='word_1_579' title='bbox 3132 3734 3321 3798; x_wconf 83' lang='lat' dir='ltr'><strong>eritis.</strong></span> <span class='ocrx_word' id='word_1_580' title='bbox 3340 3730 3629 3795; x_wconf 61' lang='lat' dir='ltr'><strong>(laterum</strong></span> 
     </span>
    </p>
   </div>
   <div class='ocr_carea' id='block_1_85' title="bbox 1989 3820 3637 3909">
    <p class='ocr_par' dir='ltr' id='par_1_85' title="bbox 1989 3820 3637 3909">
     <span class='ocr_line' id='line_1_86' title="bbox 1989 3820 3637 3909; baseline -0.002 -20"><span class='ocrx_word' id='word_1_581' title='bbox 1989 3835 2130 3890; x_wconf 91' lang='lat' dir='ltr'><strong>ante</strong></span> <span class='ocrx_word' id='word_1_582' title='bbox 2160 3829 2307 3907; x_wconf 67' lang='lat' dir='ltr'><strong>haec,</strong></span> <span class='ocrx_word' id='word_1_583' title='bbox 2346 3836 2405 3891; x_wconf 90' lang='lat' dir='ltr'><strong>et</strong></span> <span class='ocrx_word' id='word_1_584' title='bbox 2429 3847 2536 3909; x_wconf 89' lang='lat' dir='ltr'><strong>per</strong></span> <span class='ocrx_word' id='word_1_585' title='bbox 2565 3827 2786 3903; x_wconf 91' lang='lat' dir='ltr'><strong>omnia,</strong></span> <span class='ocrx_word' id='word_1_586' title='bbox 2818 3844 3029 3908; x_wconf 89' lang='lat' dir='ltr'><strong>preces</strong></span> <span class='ocrx_word' id='word_1_587' title='bbox 3058 3826 3318 3888; x_wconf 90' lang='lat' dir='ltr'><strong>intentas</strong></span> <span class='ocrx_word' id='word_1_588' title='bbox 3357 3831 3418 3905; x_wconf 82' lang='lat' dir='ltr'><strong>et</strong></span> <span class='ocrx_word' id='word_1_589' title='bbox 3444 3820 3637 3885; x_wconf 91' lang='lat' dir='ltr'><strong>inter-</strong></span> 
     </span>
    </p>
   </div>
   <div class='ocr_carea' id='block_1_86' title="bbox 1989 3910 3633 3999">
    <p class='ocr_par' dir='ltr' id='par_1_86' title="bbox 1989 3910 3633 3999">
     <span class='ocr_line' id='line_1_87' title="bbox 1989 3910 3633 3999; baseline -0.003 -20"><span class='ocrx_word' id='word_1_590' title='bbox 1989 3918 2297 3979; x_wconf 86' lang='lat' dir='ltr'><strong>cessiones</strong></span> <span class='ocrx_word' id='word_1_591' title='bbox 2324 3926 2639 3999; x_wconf 87' lang='lat' dir='ltr'><strong>perpetuas</strong></span> <span class='ocrx_word' id='word_1_592' title='bbox 2663 3935 2770 3998; x_wconf 90' lang='lat' dir='ltr'><strong>pro</strong></span> <span class='ocrx_word' id='word_1_593' title='bbox 2791 3916 3036 3979; x_wconf 86' lang='lat' dir='ltr'><strong>salutari</strong></span> <span class='ocrx_word' id='word_1_594' title='bbox 3053 3921 3348 3998; x_wconf 88' lang='lat' dir='ltr'><strong>potestate</strong></span> <span class='ocrx_word' id='word_1_595' title='bbox 3369 3910 3633 3974; x_wconf 91' lang='lat' dir='ltr'><strong>colloca-</strong></span> 
     </span>
    </p>
   </div>
   <div class='ocr_carea' id='block_1_87' title="bbox 1988 3999 3635 4085">
    <p class='ocr_par' dir='ltr' id='par_1_87' title="bbox 1988 3999 3635 4085">
     <span class='ocr_line' id='line_1_88' title="bbox 1988 3999 3635 4085; baseline -0.004 -18"><span class='ocrx_word' id='word_1_596' title='bbox 1988 4012 2186 4068; x_wconf 90' lang='lat' dir='ltr'><strong>torum</strong></span> <span class='ocrx_word' id='word_1_597' title='bbox 2218 4006 2499 4070; x_wconf 89' lang='lat' dir='ltr'><strong>divinitus</strong></span> <span class='ocrx_word' id='word_1_598' title='bbox 2519 4006 2580 4069; x_wconf 91' lang='lat' dir='ltr'><strong>in</strong></span> <span class='ocrx_word' id='word_1_599' title='bbox 2622 4005 2840 4069; x_wconf 89' lang='lat' dir='ltr'><strong>illustri</strong></span> <span class='ocrx_word' id='word_1_600' title='bbox 2871 4005 3003 4068; x_wconf 90' lang='lat' dir='ltr'><strong>loco</strong></span> <span class='ocrx_word' id='word_1_601' title='bbox 3028 4018 3501 4085; x_wconf 85' lang='lat' dir='ltr'><strong>magnorumque</strong></span> <span class='ocrx_word' id='word_1_602' title='bbox 3520 3999 3635 4062; x_wconf 88' lang='lat' dir='ltr'><strong>im-</strong></span> 
     </span>
    </p>
   </div>
   <div class='ocr_carea' id='block_1_88' title="bbox 1986 4090 3638 4176">
    <p class='ocr_par' dir='ltr' id='par_1_88' title="bbox 1986 4090 3638 4176">
     <span class='ocr_line' id='line_1_89' title="bbox 1986 4090 3638 4176; baseline -0.004 -20"><span class='ocrx_word' id='word_1_603' title='bbox 1986 4103 2329 4176; x_wconf 90' lang='lat' dir='ltr'><strong>peratorum</strong></span> <span class='ocrx_word' id='word_1_604' title='bbox 2372 4105 2735 4169; x_wconf 90' lang='lat' dir='ltr'><strong>nostrorum,</strong></span> <span class='ocrx_word' id='word_1_605' title='bbox 2784 4094 3009 4158; x_wconf 89' lang='lat' dir='ltr'><strong>habere</strong></span> <span class='ocrx_word' id='word_1_606' title='bbox 3058 4112 3134 4157; x_wconf 92' lang='lat' dir='ltr'><strong>ne</strong></span> <span class='ocrx_word' id='word_1_607' title='bbox 3182 4090 3468 4156; x_wconf 86' lang='lat' dir='ltr'><strong>desinatis</strong></span> <span class='ocrx_word' id='word_1_608' title='bbox 3505 4108 3521 4151; x_wconf 90' lang='lat'><strong>:</strong></span> <span class='ocrx_word' id='word_1_609' title='bbox 3571 4098 3638 4152; x_wconf 91' lang='lat' dir='ltr'><strong>ut</strong></span> 
     </span>
    </p>
   </div>
   <div class='ocr_carea' id='block_1_89' title="bbox 1987 4178 3630 4267">
    <p class='ocr_par' dir='ltr' id='par_1_89' title="bbox 1987 4178 3630 4267">
     <span class='ocr_line' id='line_1_90' title="bbox 1987 4178 3630 4267; baseline -0.004 -21"><span class='ocrx_word' id='word_1_610' title='bbox 1987 4183 2275 4248; x_wconf 89' lang='lat' dir='ltr'><strong>Dominus</strong></span> <span class='ocrx_word' id='word_1_611' title='bbox 2302 4185 2423 4263; x_wconf 92' lang='lat' dir='ltr'><strong>ille,</strong></span> <span class='ocrx_word' id='word_1_612' title='bbox 2455 4184 2558 4267; x_wconf 91' lang='lat' dir='ltr'><strong>qui</strong></span> <span class='ocrx_word' id='word_1_613' title='bbox 2585 4184 2746 4247; x_wconf 90' lang='lat' dir='ltr'><strong>Deus</strong></span> <span class='ocrx_word' id='word_1_614' title='bbox 2775 4191 2885 4260; x_wconf 92' lang='lat' dir='ltr'><strong>est,</strong></span> <span class='ocrx_word' id='word_1_615' title='bbox 2936 4183 3155 4265; x_wconf 88' lang='lat' dir='ltr'><strong>quique</strong></span> <span class='ocrx_word' id='word_1_616' title='bbox 3204 4178 3511 4245; x_wconf 87' lang='lat' dir='ltr'><strong>coronavit</strong></span> <span class='ocrx_word' id='word_1_617' title='bbox 3569 4185 3630 4267; x_wconf 89' lang='lat' dir='ltr'><strong>et</strong></span> 
     </span>
    </p>
   </div>
   <div class='ocr_carea' id='block_1_90' title="bbox 1982 4266 3625 4356">
    <p class='ocr_par' dir='ltr' id='par_1_90' title="bbox 1982 4266 3625 4356">
     <span class='ocr_line' id='line_1_91' title="bbox 1982 4266 3625 4356; baseline -0.004 -20"><span class='ocrx_word' id='word_1_618' title='bbox 1982 4282 2333 4356; x_wconf 88' lang='lat' dir='ltr'><strong>propugnat,</strong></span> <span class='ocrx_word' id='word_1_619' title='bbox 2368 4281 2426 4337; x_wconf 94' lang='lat' dir='ltr'><strong>et</strong></span> <span class='ocrx_word' id='word_1_620' title='bbox 2453 4266 2795 4335; x_wconf 80' lang='lat' dir='ltr'><strong>victricibus</strong></span> <span class='ocrx_word' id='word_1_621' title='bbox 2842 4289 3119 4335; x_wconf 91' lang='lat' dir='ltr'><strong>serenum</strong></span> <span class='ocrx_word' id='word_1_622' title='bbox 3147 4270 3412 4352; x_wconf 87' lang='lat' dir='ltr'><strong>ipsorum</strong></span> <span class='ocrx_word' id='word_1_623' title='bbox 3441 4266 3625 4329; x_wconf 92' lang='lat' dir='ltr'><strong>verti-</strong></span> 
     </span>
    </p>
   </div>
   <div class='ocr_carea' id='block_1_91' title="bbox 158 4357 1905 4447">
    <p class='ocr_par' dir='ltr' id='par_1_91' title="bbox 158 4358 1894 4447">
     <span class='ocr_line' id='line_1_92' title="bbox 158 4358 1894 4447; baseline 0.003 -32"><span class='ocrx_word' id='word_1_624' title='bbox 158 4442 163 4447; x_wconf 36' lang='grc'><strong>,</strong></span> <span class='ocrx_word' id='word_1_625' title='bbox 252 4361 517 4439; x_wconf 86' lang='grc' dir='ltr'>σωτηρίαν</span> <span class='ocrx_word' id='word_1_626' title='bbox 545 4361 633 4417; x_wconf 87' lang='grc' dir='ltr'><strong>καὶ</strong></span> <span class='ocrx_word' id='word_1_627' title='bbox 676 4358 921 4419; x_wconf 80' lang='grc' dir='ltr'>εὗόδωσιν</span> <span class='ocrx_word' id='word_1_628' title='bbox 956 4379 972 4396; x_wconf 88' lang='grc'>⁶</span> <span class='ocrx_word' id='word_1_629' title='bbox 1034 4360 1365 4439; x_wconf 84' lang='grc' dir='ltr'>μεμνημένοι</span> <span class='ocrx_word' id='word_1_630' title='bbox 1422 4364 1511 4420; x_wconf 84' lang='grc' dir='ltr'><strong>καὶ</strong></span> <span class='ocrx_word' id='word_1_631' title='bbox 1564 4368 1664 4430; x_wconf 78' lang='grc' dir='ltr'>τῆς</span> <span class='ocrx_word' id='word_1_632' title='bbox 1716 4365 1894 4439; x_wconf 76' lang='grc' dir='ltr'>ἡμῶν,</span> 
     </span>
    </p>
   </div>
   <div class='ocr_carea' id='block_1_92' title="bbox 1986 4357 3623 4447">
    <p class='ocr_par' dir='ltr' id='par_1_92' title="bbox 1986 4357 3623 4447">
     <span class='ocr_line' id='line_1_93' title="bbox 1986 4357 3623 4447; baseline -0.006 -20"><span class='ocrx_word' id='word_1_633' title='bbox 1986 4382 2113 4427; x_wconf 91' lang='lat' dir='ltr'><strong>cem</strong></span> <span class='ocrx_word' id='word_1_634' title='bbox 2141 4363 2632 4446; x_wconf 88' lang='lat' dir='ltr'><strong>prosperitatibus</strong></span> <span class='ocrx_word' id='word_1_635' title='bbox 2642 4381 2754 4425; x_wconf 92' lang='lat' dir='ltr'><strong>ceu</strong></span> <span class='ocrx_word' id='word_1_636' title='bbox 2765 4369 2924 4425; x_wconf 91' lang='lat' dir='ltr'><strong>serto</strong></span> <span class='ocrx_word' id='word_1_637' title='bbox 2939 4357 3478 4447; x_wconf 89' lang='lat' dir='ltr'><strong>redimit,magisac</strong></span> <span class='ocrx_word' id='word_1_638' title='bbox 3490 4373 3623 4418; x_wconf 90' lang='lat' dir='ltr'><strong>ma-</strong></span> 
     </span>
    </p>
   </div>
   <div class='ocr_carea' id='block_1_93' title="bbox 251 4449 1899 4533">
    <p class='ocr_par' dir='ltr' id='par_1_93' title="bbox 251 4449 1899 4533">
     <span class='ocr_line' id='line_1_94' title="bbox 251 4449 1899 4533; baseline 0.003 -29"><span class='ocrx_word' id='word_1_639' title='bbox 251 4450 326 4513; x_wconf 84' lang='grc' dir='ltr'>ὡς</span> <span class='ocrx_word' id='word_1_640' title='bbox 358 4449 517 4523; x_wconf 77' lang='grc' dir='ltr'>εἰκὸς,</span> <span class='ocrx_word' id='word_1_641' title='bbox 553 4451 920 4530; x_wconf 85' lang='grc' dir='ltr'>μετριότητος.</span> <span class='ocrx_word' id='word_1_642' title='bbox 980 4451 1117 4530; x_wconf 86' lang='grc' dir='ltr'>Πρὸς</span> <span class='ocrx_word' id='word_1_643' title='bbox 1175 4449 1230 4507; x_wconf 80' lang='grc' dir='ltr'>δὲ</span> <span class='ocrx_word' id='word_1_644' title='bbox 1288 4452 1388 4520; x_wconf 75' lang='grc' dir='ltr'><strong>τὴν</strong></span> <span class='ocrx_word' id='word_1_645' title='bbox 1437 4461 1533 4511; x_wconf 88' lang='grc' dir='ltr'><strong>τοῦ</strong></span> <span class='ocrx_word' id='word_1_646' title='bbox 1559 4473 1899 4533; x_wconf 81' lang='grc' dir='ltr'>προκεχειρι-</span> 
     </span>
    </p>
   </div>
   <div class='ocr_carea' id='block_1_94' title="bbox 254 4540 1902 4623">
    <p class='ocr_par' dir='ltr' id='par_1_94' title="bbox 254 4540 1902 4623">
     <span class='ocr_line' id='line_1_95' title="bbox 254 4540 1902 4623; baseline 0.004 -27"><span class='ocrx_word' id='word_1_647' title='bbox 254 4540 448 4616; x_wconf 84' lang='grc' dir='ltr'>σμένου</span> <span class='ocrx_word' id='word_1_648' title='bbox 506 4542 647 4617; x_wconf 67' lang='grc' dir='ltr'>δμῶν</span> <span class='ocrx_word' id='word_1_649' title='bbox 700 4542 991 4623; x_wconf 81' lang='grc' dir='ltr'>ἀρχιερέως</span> <span class='ocrx_word' id='word_1_650' title='bbox 1047 4542 1101 4602; x_wconf 90' lang='grc' dir='ltr'><strong>ἐν</strong></span> <span class='ocrx_word' id='word_1_651' title='bbox 1148 4550 1216 4621; x_wconf 76' lang='grc' dir='ltr'>τῇ</span> <span class='ocrx_word' id='word_1_652' title='bbox 1274 4544 1474 4620; x_wconf 78' lang='grc' dir='ltr'>ποίμνῃ</span> <span class='ocrx_word' id='word_1_653' title='bbox 1534 4543 1902 4602; x_wconf 71' lang='grc' dir='ltr'>ἀποκατάστα-</span> 
     </span>
    </p>
   </div>
   <div class='ocr_carea' id='block_1_95' title="bbox 250 4630 1899 4712">
    <p class='ocr_par' dir='ltr' id='par_1_95' title="bbox 250 4630 1899 4712">
     <span class='ocr_line' id='line_1_96' title="bbox 250 4630 1899 4712; baseline 0.004 -28"><span class='ocrx_word' id='word_1_654' title='bbox 250 4650 356 4704; x_wconf 85' lang='grc' dir='ltr'>σιν,</span> <span class='ocrx_word' id='word_1_655' title='bbox 405 4630 494 4686; x_wconf 88' lang='grc' dir='ltr'><strong>καὶ</strong></span> <span class='ocrx_word' id='word_1_656' title='bbox 544 4632 674 4710; x_wconf 81' lang='grc' dir='ltr'>πρὸς</span> <span class='ocrx_word' id='word_1_657' title='bbox 728 4632 822 4688; x_wconf 85' lang='grc' dir='ltr'>τὸν</span> <span class='ocrx_word' id='word_1_658' title='bbox 878 4632 1015 4712; x_wconf 77' lang='grc' dir='ltr'>ἱερὸν</span> <span class='ocrx_word' id='word_1_659' title='bbox 1056 4632 1238 4711; x_wconf 86' lang='grc' dir='ltr'>θρόνον</span> <span class='ocrx_word' id='word_1_660' title='bbox 1294 4631 1605 4712; x_wconf 80' lang='grc' dir='ltr'>καθίδρυσιν,</span> <span class='ocrx_word' id='word_1_661' title='bbox 1661 4636 1751 4692; x_wconf 83' lang='grc' dir='ltr'><strong>τὸν</strong></span> <span class='ocrx_word' id='word_1_662' title='bbox 1807 4636 1899 4691; x_wconf 79' lang='grc' dir='ltr'>εῦ-</span> 
     </span>
    </p>
   </div>
   <div class='ocr_carea' id='block_1_96' title="bbox 249 4716 1896 4798">
    <p class='ocr_par' dir='ltr' id='par_1_96' title="bbox 249 4716 1896 4798">
     <span class='ocr_line' id='line_1_97' title="bbox 249 4716 1896 4798; baseline 0.004 -25"><span class='ocrx_word' id='word_1_663' title='bbox 249 4716 570 4775; x_wconf 87' lang='grc' dir='ltr'>λαϐέστατον</span> <span class='ocrx_word' id='word_1_664' title='bbox 612 4721 702 4777; x_wconf 84' lang='grc' dir='ltr'>τὸν</span> <span class='ocrx_word' id='word_1_665' title='bbox 745 4718 894 4778; x_wconf 85' lang='grc' dir='ltr'>δεῖνα</span> <span class='ocrx_word' id='word_1_666' title='bbox 951 4720 1360 4798; x_wconf 80' lang='grc' dir='ltr'>ἀπεστείλαμεν,</span> <span class='ocrx_word' id='word_1_667' title='bbox 1417 4721 1555 4780; x_wconf 84' lang='grc' dir='ltr'>ὥστε</span> <span class='ocrx_word' id='word_1_668' title='bbox 1610 4724 1670 4780; x_wconf 84' lang='grc' dir='ltr'>τὸ</span> <span class='ocrx_word' id='word_1_669' title='bbox 1716 4729 1896 4780; x_wconf 85' lang='grc' dir='ltr'>τοιοῦ-</span> 
     </span>
    </p>
   </div>
   <div class='ocr_carea' id='block_1_97' title="bbox 246 4805 1898 4891">
    <p class='ocr_par' dir='ltr' id='par_1_97' title="bbox 246 4805 1898 4891">
     <span class='ocr_line' id='line_1_98' title="bbox 246 4805 1898 4891; baseline 0.004 -29"><span class='ocrx_word' id='word_1_670' title='bbox 246 4828 340 4863; x_wconf 88' lang='grc' dir='ltr'><strong>τον</strong></span> <span class='ocrx_word' id='word_1_671' title='bbox 410 4805 560 4887; x_wconf 79' lang='grc' dir='ltr'>ἔργον</span> <span class='ocrx_word' id='word_1_672' title='bbox 616 4812 942 4890; x_wconf 76' lang='grc' dir='ltr'>ἱεροπρεπῶς</span> <span class='ocrx_word' id='word_1_673' title='bbox 1000 4808 1371 4891; x_wconf 84' lang='grc' dir='ltr'>ἐκτελέσαντα,</span> <span class='ocrx_word' id='word_1_674' title='bbox 1417 4812 1548 4890; x_wconf 83' lang='grc' dir='ltr'>πρὸς</span> <span class='ocrx_word' id='word_1_675' title='bbox 1592 4812 1736 4887; x_wconf 81' lang='grc' dir='ltr'>ἡμᾶς</span> <span class='ocrx_word' id='word_1_676' title='bbox 1805 4812 1898 4868; x_wconf 76' lang='grc' dir='ltr'>εὖ·</span> 
     </span>
    </p>
   </div>
   <div class='ocr_carea' id='block_1_98' title="bbox 244 4889 1895 4981">
    <p class='ocr_par' dir='ltr' id='par_1_98' title="bbox 244 4889 1895 4981">
     <span class='ocr_line' id='line_1_99' title="bbox 244 4889 1895 4981; baseline 0.005 -30"><span class='ocrx_word' id='word_1_677' title='bbox 244 4897 441 4976; x_wconf 87' lang='grc' dir='ltr'>καίρως</span> <span class='ocrx_word' id='word_1_678' title='bbox 486 4889 933 4977; x_wconf 80' lang='grc' dir='ltr'>παλινδρομῆσαι,</span> <span class='ocrx_word' id='word_1_679' title='bbox 1001 4889 1058 4957; x_wconf 64' lang='grc' dir='ltr'><strong>ιΟ</strong></span> <span class='ocrx_word' id='word_1_680' title='bbox 1117 4897 1170 4955; x_wconf 82' lang='grc' dir='ltr'>δὲ</span> <span class='ocrx_word' id='word_1_681' title='bbox 1229 4889 1607 4981; x_wconf 79' lang='grc' dir='ltr'>παντοκράτωρ</span> <span class='ocrx_word' id='word_1_682' title='bbox 1646 4902 1736 4958; x_wconf 87' lang='grc' dir='ltr'><strong>καὶ</strong></span> <span class='ocrx_word' id='word_1_683' title='bbox 1790 4902 1895 4978; x_wconf 88' lang='grc' dir='ltr'>μό-</span> 
     </span>
    </p>
   </div>
   <div class='ocr_carea' id='block_1_99' title="bbox 246 4987 1899 5067">
    <p class='ocr_par' dir='ltr' id='par_1_99' title="bbox 246 4987 1899 5067">
     <span class='ocr_line' id='line_1_100' title="bbox 246 4987 1899 5067; baseline 0.004 -26"><span class='ocrx_word' id='word_1_684' title='bbox 246 5007 338 5049; x_wconf 87' lang='grc' dir='ltr'><strong>νος</strong></span> <span class='ocrx_word' id='word_1_685' title='bbox 397 4987 526 5049; x_wconf 82' lang='grc' dir='ltr'>Θεὸς</span> <span class='ocrx_word' id='word_1_686' title='bbox 580 4988 758 5064; x_wconf 77' lang='grc' dir='ltr'>ἡμῶν,</span> <span class='ocrx_word' id='word_1_687' title='bbox 835 4990 863 5045; x_wconf 83' lang='grc' dir='ltr'>ὁ</span> <span class='ocrx_word' id='word_1_688' title='bbox 921 4987 977 5044; x_wconf 90' lang='grc' dir='ltr'><strong>ἐν</strong></span> <span class='ocrx_word' id='word_1_689' title='bbox 1031 4987 1209 5067; x_wconf 84' lang='grc' dir='ltr'>Τριάδι</span> <span class='ocrx_word' id='word_1_690' title='bbox 1265 4989 1630 5064; x_wconf 78' lang='grc' dir='ltr'>ὑποστάσεων,</span> <span class='ocrx_word' id='word_1_691' title='bbox 1700 4988 1792 5047; x_wconf 67' lang='grc' dir='ltr'>καὶ</span> <span class='ocrx_word' id='word_1_692' title='bbox 1844 4989 1899 5047; x_wconf 80' lang='grc' dir='ltr'><strong>ἐν</strong></span> 
     </span>
    </p>
   </div>
   <div class='ocr_carea' id='block_1_100' title="bbox 248 5070 1899 5156">
    <p class='ocr_par' dir='ltr' id='par_1_100' title="bbox 248 5070 1899 5156">
     <span class='ocr_line' id='line_1_101' title="bbox 248 5070 1899 5156; baseline 0.007 -29"><span class='ocrx_word' id='word_1_693' title='bbox 248 5070 437 5150; x_wconf 81' lang='grc' dir='ltr'>μονάδι</span> <span class='ocrx_word' id='word_1_694' title='bbox 495 5076 803 5142; x_wconf 73' lang='grc' dir='ltr'>οῦσιότητος</span> <span class='ocrx_word' id='word_1_695' title='bbox 887 5079 1368 5156; x_wconf 75' lang='grc' dir='ltr'>προσκυνούμενος,</span> <span class='ocrx_word' id='word_1_696' title='bbox 1441 5081 1470 5135; x_wconf 85' lang='grc' dir='ltr'>ὁ</span> <span class='ocrx_word' id='word_1_697' title='bbox 1526 5079 1593 5135; x_wconf 79' lang='grc' dir='ltr'>τὰ</span> <span class='ocrx_word' id='word_1_698' title='bbox 1646 5077 1899 5138; x_wconf 84' lang='grc' dir='ltr'>διεστῶτα</span> 
     </span>
    </p>
   </div>
   <div class='ocr_carea' id='block_1_101' title="bbox 248 5161 1899 5245">
    <p class='ocr_par' dir='ltr' id='par_1_101' title="bbox 248 5161 1899 5245">
     <span class='ocr_line' id='line_1_102' title="bbox 248 5161 1899 5245; baseline 0.007 -29"><span class='ocrx_word' id='word_1_699' title='bbox 248 5161 514 5239; x_wconf 84' lang='grc' dir='ltr'>συνάγων,</span> <span class='ocrx_word' id='word_1_700' title='bbox 562 5165 648 5220; x_wconf 87' lang='grc' dir='ltr'><strong>καὶ</strong></span> <span class='ocrx_word' id='word_1_701' title='bbox 688 5165 754 5219; x_wconf 81' lang='grc' dir='ltr'>τὰ</span> <span class='ocrx_word' id='word_1_702' title='bbox 812 5162 990 5243; x_wconf 80' lang='grc' dir='ltr'>πόῤῥω</span> <span class='ocrx_word' id='word_1_703' title='bbox 1031 5165 1255 5245; x_wconf 84' lang='grc' dir='ltr'>ἐγγίζειν</span> <span class='ocrx_word' id='word_1_704' title='bbox 1310 5173 1501 5240; x_wconf 86' lang='grc' dir='ltr'>ποιῶν,</span> <span class='ocrx_word' id='word_1_705' title='bbox 1565 5169 1595 5224; x_wconf 80' lang='grc' dir='ltr'><strong>ὁ</strong></span> <span class='ocrx_word' id='word_1_706' title='bbox 1648 5169 1735 5226; x_wconf 79' lang='grc' dir='ltr'><strong>καὶ</strong></span> <span class='ocrx_word' id='word_1_707' title='bbox 1802 5175 1899 5237; x_wconf 74' lang='grc' dir='ltr'>τῆς</span> 
     </span>
    </p>
   </div>
   <div class='ocr_carea' id='block_1_102' title="bbox 246 5249 1899 5337">
    <p class='ocr_par' dir='ltr' id='par_1_102' title="bbox 246 5249 1899 5337">
     <span class='ocr_line' id='line_1_103' title="bbox 246 5249 1899 5337; baseline 0.006 -34"><span class='ocrx_word' id='word_1_708' title='bbox 246 5249 513 5328; x_wconf 81' lang='grc' dir='ltr'>ἡμετέρας</span> <span class='ocrx_word' id='word_1_709' title='bbox 568 5251 798 5327; x_wconf 89' lang='grc' dir='ltr'>ποίμνης</span> <span class='ocrx_word' id='word_1_710' title='bbox 827 5255 888 5309; x_wconf 82' lang='grc' dir='ltr'>τὸ</span> <span class='ocrx_word' id='word_1_711' title='bbox 931 5255 1119 5312; x_wconf 89' lang='grc' dir='ltr'>λεῖπον</span> <span class='ocrx_word' id='word_1_712' title='bbox 1175 5255 1608 5332; x_wconf 83' lang='grc' dir='ltr'>ἀνασωσάμενος,</span> <span class='ocrx_word' id='word_1_713' title='bbox 1667 5256 1899 5337; x_wconf 79' lang='grc' dir='ltr'>εὐλογῶν</span> 
     </span>
    </p>
   </div>
   <div class='ocr_carea' id='block_1_103' title="bbox 248 5337 1899 5426">
    <p class='ocr_par' dir='ltr' id='par_1_103' title="bbox 248 5337 1899 5426">
     <span class='ocr_line' id='line_1_104' title="bbox 248 5337 1899 5426; baseline 0.004 -30"><span class='ocrx_word' id='word_1_714' title='bbox 248 5337 555 5418; x_wconf 77' lang='grc' dir='ltr'>εὐλογήσει,</span> <span class='ocrx_word' id='word_1_715' title='bbox 586 5342 674 5398; x_wconf 84' lang='grc' dir='ltr'><strong>καὶ</strong></span> <span class='ocrx_word' id='word_1_716' title='bbox 704 5340 985 5410; x_wconf 81' lang='grc' dir='ltr'>πληθύνων</span> <span class='ocrx_word' id='word_1_717' title='bbox 1033 5342 1317 5422; x_wconf 82' lang='grc' dir='ltr'>πληθυνεῖ,</span> <span class='ocrx_word' id='word_1_718' title='bbox 1374 5346 1462 5403; x_wconf 85' lang='grc' dir='ltr'><strong>καὶ</strong></span> <span class='ocrx_word' id='word_1_719' title='bbox 1519 5342 1686 5411; x_wconf 74' lang='grc' dir='ltr'>αὔξων</span> <span class='ocrx_word' id='word_1_720' title='bbox 1735 5346 1899 5426; x_wconf 75' lang='grc' dir='ltr'>ὑπερ-</span> 
     </span>
    </p>
   </div>
   <div class='ocr_carea' id='block_1_104' title="bbox 1980 4446 3624 4535">
    <p class='ocr_par' dir='ltr' id='par_1_104' title="bbox 1980 4446 3624 4535">
     <span class='ocr_line' id='line_1_105' title="bbox 1980 4446 3624 4535; baseline -0.005 -21"><span class='ocrx_word' id='word_1_721' title='bbox 1980 4453 2070 4533; x_wconf 91' lang='lat' dir='ltr'><strong>gis</strong></span> <span class='ocrx_word' id='word_1_722' title='bbox 2128 4472 2230 4531; x_wconf 88' lang='lat' dir='ltr'><strong>eos</strong></span> <span class='ocrx_word' id='word_1_723' title='bbox 2257 4452 2668 4535; x_wconf 84' lang='lat' dir='ltr'><strong>progressibus</strong></span> <span class='ocrx_word' id='word_1_724' title='bbox 2694 4450 2978 4514; x_wconf 86' lang='lat' dir='ltr'><strong>adversus</strong></span> <span class='ocrx_word' id='word_1_725' title='bbox 3007 4450 3211 4512; x_wconf 87' lang='lat' dir='ltr'><strong>hostes</strong></span> <span class='ocrx_word' id='word_1_726' title='bbox 3253 4446 3490 4527; x_wconf 83' lang='lat' dir='ltr'><strong>exaltet,</strong></span> <span class='ocrx_word' id='word_1_727' title='bbox 3522 4464 3624 4507; x_wconf 84' lang='lat' dir='ltr'><strong>cu-</strong></span> 
     </span>
    </p>
   </div>
   <div class='ocr_carea' id='block_1_105' title="bbox 1980 4536 3624 4618">
    <p class='ocr_par' dir='ltr' id='par_1_105' title="bbox 1980 4536 3624 4618">
     <span class='ocr_line' id='line_1_106' title="bbox 1980 4536 3624 4618; baseline -0.004 -14"><span class='ocrx_word' id='word_1_728' title='bbox 1980 4542 2246 4605; x_wconf 91' lang='lat' dir='ltr'><strong>stodiens</strong></span> <span class='ocrx_word' id='word_1_729' title='bbox 2305 4550 2365 4606; x_wconf 90' lang='lat' dir='ltr'><strong>et</strong></span> <span class='ocrx_word' id='word_1_730' title='bbox 2419 4558 2774 4605; x_wconf 87' lang='lat' dir='ltr'><strong>conservans</strong></span> <span class='ocrx_word' id='word_1_731' title='bbox 2851 4540 2914 4601; x_wconf 90' lang='lat' dir='ltr'><strong>in</strong></span> <span class='ocrx_word' id='word_1_732' title='bbox 2992 4536 3426 4618; x_wconf 88' lang='lat' dir='ltr'><strong>gubernatione</strong></span> <span class='ocrx_word' id='word_1_733' title='bbox 3504 4552 3624 4597; x_wconf 91' lang='lat' dir='ltr'><strong>non</strong></span> 
     </span>
    </p>
   </div>
   <div class='ocr_carea' id='block_1_106' title="bbox 1979 4622 3625 4712">
    <p class='ocr_par' dir='ltr' id='par_1_106' title="bbox 1979 4622 3625 4712">
     <span class='ocr_line' id='line_1_107' title="bbox 1979 4622 3625 4712; baseline -0.004 -21"><span class='ocrx_word' id='word_1_734' title='bbox 1979 4631 2311 4712; x_wconf 89' lang='lat' dir='ltr'><strong>interrupta</strong></span> <span class='ocrx_word' id='word_1_735' title='bbox 2340 4649 2619 4694; x_wconf 88' lang='lat' dir='ltr'><strong>coronam</strong></span> <span class='ocrx_word' id='word_1_736' title='bbox 2650 4644 2882 4703; x_wconf 89' lang='lat' dir='ltr'><strong>eorum,</strong></span> <span class='ocrx_word' id='word_1_737' title='bbox 2914 4626 2988 4689; x_wconf 90' lang='lat' dir='ltr'><strong>ad</strong></span> <span class='ocrx_word' id='word_1_738' title='bbox 3015 4625 3196 4689; x_wconf 91' lang='lat' dir='ltr'><strong>totius</strong></span> <span class='ocrx_word' id='word_1_739' title='bbox 3223 4623 3429 4688; x_wconf 90' lang='lat' dir='ltr'><strong>mundi</strong></span> <span class='ocrx_word' id='word_1_740' title='bbox 3460 4622 3625 4685; x_wconf 89' lang='lat' dir='ltr'><strong>salu-</strong></span> 
     </span>
    </p>
   </div>
   <div class='ocr_carea' id='block_1_107' title="bbox 1979 4714 3619 4788">
    <p class='ocr_par' dir='ltr' id='par_1_107' title="bbox 1979 4714 3619 4788">
     <span class='ocr_line' id='line_1_108' title="bbox 1979 4714 3619 4788; baseline -0.005 -6"><span class='ocrx_word' id='word_1_741' title='bbox 1979 4727 2099 4782; x_wconf 91' lang='lat' dir='ltr'><strong>tem</strong></span> <span class='ocrx_word' id='word_1_742' title='bbox 2133 4738 2200 4782; x_wconf 90' lang='lat' dir='ltr'><strong>ac</strong></span> <span class='ocrx_word' id='word_1_743' title='bbox 2229 4720 2569 4783; x_wconf 84' lang='lat' dir='ltr'><strong>felicitatem</strong></span> <span class='ocrx_word' id='word_1_744' title='bbox 2607 4736 2621 4781; x_wconf 94' lang='lat'>:</span> <span class='ocrx_word' id='word_1_745' title='bbox 2683 4715 3115 4779; x_wconf 90' lang='lat' dir='ltr'><strong>mediocritatis</strong></span> <span class='ocrx_word' id='word_1_746' title='bbox 3169 4714 3349 4778; x_wconf 89' lang='lat' dir='ltr'><strong>etiam</strong></span> <span class='ocrx_word' id='word_1_747' title='bbox 3379 4721 3619 4788; x_wconf 62' lang='lat' dir='ltr'><strong>nostrai,</strong></span> 
     </span>
    </p>
   </div>
   <div class='ocr_carea' id='block_1_108' title="bbox 1980 4803 3621 4892">
    <p class='ocr_par' dir='ltr' id='par_1_108' title="bbox 1980 4803 3621 4892">
     <span class='ocr_line' id='line_1_109' title="bbox 1980 4803 3621 4892; baseline -0.005 -20"><span class='ocrx_word' id='word_1_748' title='bbox 1980 4827 2091 4872; x_wconf 92' lang='lat' dir='ltr'><strong>eeu</strong></span> <span class='ocrx_word' id='word_1_749' title='bbox 2124 4827 2230 4891; x_wconf 91' lang='lat' dir='ltr'><strong>par</strong></span> <span class='ocrx_word' id='word_1_750' title='bbox 2250 4817 2358 4892; x_wconf 91' lang='lat' dir='ltr'><strong>est,</strong></span> <span class='ocrx_word' id='word_1_751' title='bbox 2383 4807 2787 4871; x_wconf 88' lang='lat' dir='ltr'><strong>recordantes.</strong></span> <span class='ocrx_word' id='word_1_752' title='bbox 2809 4804 3100 4868; x_wconf 71' lang='lat' dir='ltr'><strong>Caeterum</strong></span> <span class='ocrx_word' id='word_1_753' title='bbox 3125 4804 3224 4886; x_wconf 88' lang='lat' dir='ltr'><strong>qui</strong></span> <span class='ocrx_word' id='word_1_754' title='bbox 3251 4803 3621 4882; x_wconf 89' lang='lat' dir='ltr'><strong>designatum</strong></span> 
     </span>
    </p>
   </div>
   <div class='ocr_carea' id='block_1_109' title="bbox 1980 4892 3623 4980">
    <p class='ocr_par' dir='ltr' id='par_1_109' title="bbox 1980 4892 3623 4980">
     <span class='ocr_line' id='line_1_110' title="bbox 1980 4892 3623 4980; baseline -0.005 -19"><span class='ocrx_word' id='word_1_755' title='bbox 1980 4899 2324 4980; x_wconf 85' lang='lat' dir='ltr'><strong>pontiﬁcem</strong></span> <span class='ocrx_word' id='word_1_756' title='bbox 2357 4904 2617 4959; x_wconf 89' lang='lat' dir='ltr'><strong>vestrum</strong></span> <span class='ocrx_word' id='word_1_757' title='bbox 2647 4893 2762 4960; x_wconf 82' lang='lat' dir='ltr'><strong>insi</strong></span> <span class='ocrx_word' id='word_1_758' title='bbox 2790 4892 2956 4973; x_wconf 89' lang='lat' dir='ltr'><strong>gregi</strong></span> <span class='ocrx_word' id='word_1_759' title='bbox 2986 4893 3315 4971; x_wconf 83' lang='lat' dir='ltr'><strong>exhiberet,</strong></span> <span class='ocrx_word' id='word_1_760' title='bbox 3367 4908 3623 4980; x_wconf 91' lang='lat' dir='ltr'><strong>eumque</strong></span> 
     </span>
    </p>
   </div>
   <div class='ocr_carea' id='block_1_110' title="bbox 1981 4979 3619 5063">
    <p class='ocr_par' dir='ltr' id='par_1_110' title="bbox 1981 4979 3619 5063">
     <span class='ocr_line' id='line_1_111' title="bbox 1981 4979 3619 5063; baseline -0.004 -14"><span class='ocrx_word' id='word_1_761' title='bbox 1981 4979 2149 5050; x_wconf 79' lang='lat' dir='ltr'><strong>sacro</strong></span> <span class='ocrx_word' id='word_1_762' title='bbox 2182 4989 2243 5048; x_wconf 92' lang='lat' dir='ltr'><strong>in</strong></span> <span class='ocrx_word' id='word_1_763' title='bbox 2273 4986 2422 5049; x_wconf 90' lang='lat' dir='ltr'><strong>solio</strong></span> <span class='ocrx_word' id='word_1_764' title='bbox 2452 4984 2793 5059; x_wconf 90' lang='lat' dir='ltr'><strong>collocaret,</strong></span> <span class='ocrx_word' id='word_1_765' title='bbox 2822 4981 3340 5063; x_wconf 83' lang='lat' dir='ltr'><strong>religiosissimum</strong></span> <span class='ocrx_word' id='word_1_766' title='bbox 3362 4983 3437 5045; x_wconf 91' lang='lat' dir='ltr'><strong>N.</strong></span> <span class='ocrx_word' id='word_1_767' title='bbox 3457 4979 3619 5043; x_wconf 91' lang='lat' dir='ltr'><strong>able-</strong></span> 
     </span>
    </p>
   </div>
   <div class='ocr_carea' id='block_1_111' title="bbox 1980 5070 3622 5156">
    <p class='ocr_par' dir='ltr' id='par_1_111' title="bbox 1980 5070 3622 5156">
     <span class='ocr_line' id='line_1_112' title="bbox 1980 5070 3622 5156; baseline -0.006 -18"><span class='ocrx_word' id='word_1_768' title='bbox 1980 5078 2277 5156; x_wconf 89' lang='lat' dir='ltr'><strong>gavimus:</strong></span> <span class='ocrx_word' id='word_1_769' title='bbox 2329 5085 2392 5137; x_wconf 91' lang='lat' dir='ltr'><strong>ut</strong></span> <span class='ocrx_word' id='word_1_770' title='bbox 2414 5075 2526 5136; x_wconf 91' lang='lat' dir='ltr'><strong>hoc</strong></span> <span class='ocrx_word' id='word_1_771' title='bbox 2549 5088 2800 5136; x_wconf 89' lang='lat' dir='ltr'><strong>munere</strong></span> <span class='ocrx_word' id='word_1_772' title='bbox 2823 5071 2936 5135; x_wconf 90' lang='lat' dir='ltr'><strong>rite</strong></span> <span class='ocrx_word' id='word_1_773' title='bbox 2955 5071 3138 5144; x_wconf 89' lang='lat' dir='ltr'><strong>obito,</strong></span> <span class='ocrx_word' id='word_1_774' title='bbox 3165 5070 3237 5133; x_wconf 93' lang='lat' dir='ltr'><strong>ad</strong></span> <span class='ocrx_word' id='word_1_775' title='bbox 3263 5087 3371 5133; x_wconf 89' lang='lat' dir='ltr'><strong>nos</strong></span> <span class='ocrx_word' id='word_1_776' title='bbox 3400 5086 3622 5150; x_wconf 80' lang='lat' dir='ltr'><strong>oppor-</strong></span> 
     </span>
    </p>
   </div>
   <div class='ocr_carea' id='block_1_112' title="bbox 1980 5156 3621 5242">
    <p class='ocr_par' dir='ltr' id='par_1_112' title="bbox 1980 5156 3621 5242">
     <span class='ocr_line' id='line_1_113' title="bbox 1980 5156 3621 5242; baseline -0.006 -12"><span class='ocrx_word' id='word_1_777' title='bbox 1980 5175 2126 5230; x_wconf 91' lang='lat' dir='ltr'><strong>tune</strong></span> <span class='ocrx_word' id='word_1_778' title='bbox 2156 5170 2514 5226; x_wconf 89' lang='lat' dir='ltr'><strong>recurreret.</strong></span> <span class='ocrx_word' id='word_1_779' title='bbox 2550 5161 2945 5242; x_wconf 90' lang='lat' dir='ltr'><strong>Omnipotens</strong></span> <span class='ocrx_word' id='word_1_780' title='bbox 2992 5167 3214 5236; x_wconf 89' lang='lat' dir='ltr'><strong>autem,</strong></span> <span class='ocrx_word' id='word_1_781' title='bbox 3243 5166 3303 5221; x_wconf 95' lang='lat' dir='ltr'><strong>et</strong></span> <span class='ocrx_word' id='word_1_782' title='bbox 3328 5157 3490 5221; x_wconf 90' lang='lat' dir='ltr'><strong>solus</strong></span> <span class='ocrx_word' id='word_1_783' title='bbox 3518 5156 3621 5220; x_wconf 87' lang='lat' dir='ltr'><strong>ille</strong></span> 
     </span>
    </p>
   </div>
   <div class='ocr_carea' id='block_1_113' title="bbox 1980 5246 3621 5333">
    <p class='ocr_par' dir='ltr' id='par_1_113' title="bbox 1980 5246 3621 5333">
     <span class='ocr_line' id='line_1_114' title="bbox 1980 5246 3621 5333; baseline -0.007 -14"><span class='ocrx_word' id='word_1_784' title='bbox 1980 5257 2141 5319; x_wconf 90' lang='lat' dir='ltr'><strong>Deus</strong></span> <span class='ocrx_word' id='word_1_785' title='bbox 2154 5250 2561 5333; x_wconf 89' lang='lat' dir='ltr'><strong>noster,quiin</strong></span> <span class='ocrx_word' id='word_1_786' title='bbox 2578 5249 2869 5313; x_wconf 88' lang='lat' dir='ltr'><strong>Trinitate</strong></span> <span class='ocrx_word' id='word_1_787' title='bbox 2884 5266 3299 5331; x_wconf 89' lang='lat' dir='ltr'><strong>personarum,</strong></span> <span class='ocrx_word' id='word_1_788' title='bbox 3316 5253 3376 5309; x_wconf 90' lang='lat' dir='ltr'><strong>et</strong></span> <span class='ocrx_word' id='word_1_789' title='bbox 3395 5246 3455 5308; x_wconf 90' lang='lat' dir='ltr'><strong>in</strong></span> <span class='ocrx_word' id='word_1_790' title='bbox 3480 5248 3621 5309; x_wconf 89' lang='lat' dir='ltr'><strong>uni-</strong></span> 
     </span>
    </p>
   </div>
   <div class='ocr_carea' id='block_1_114' title="bbox 1979 5336 3657 5419">
    <p class='ocr_par' dir='ltr' id='par_1_114' title="bbox 1979 5336 3657 5419">
     <span class='ocr_line' id='line_1_115' title="bbox 1979 5336 3657 5419; baseline -0.007 -11"><span class='ocrx_word' id='word_1_791' title='bbox 1979 5352 2098 5409; x_wconf 91' lang='lat' dir='ltr'><strong>tate</strong></span> <span class='ocrx_word' id='word_1_792' title='bbox 2125 5341 2400 5405; x_wconf 74' lang='lat' dir='ltr'><strong>essentiae</strong></span> <span class='ocrx_word' id='word_1_793' title='bbox 2430 5339 2758 5419; x_wconf 82' lang='lat' dir='ltr'><strong>adoratur;</strong></span> <span class='ocrx_word' id='word_1_794' title='bbox 2807 5338 2910 5418; x_wconf 92' lang='lat' dir='ltr'><strong>qui</strong></span> <span class='ocrx_word' id='word_1_795' title='bbox 2959 5336 3235 5401; x_wconf 88' lang='lat' dir='ltr'><strong>distantia</strong></span> <span class='ocrx_word' id='word_1_796' title='bbox 3288 5336 3531 5416; x_wconf 87' lang='lat' dir='ltr'><strong>colligit,</strong></span> <span class='ocrx_word' id='word_1_797' title='bbox 3567 5341 3657 5398; x_wconf 90' lang='lat' dir='ltr'><strong>et</strong></span> 
     </span>
    </p>
   </div>
   <div class='ocr_carea' id='block_1_115' title="bbox 1563 5509 2301 5585">
    <p class='ocr_par' dir='ltr' id='par_1_115' title="bbox 1563 5509 2301 5585">
     <span class='ocr_line' id='line_1_116' title="bbox 1563 5509 2301 5585; baseline -0.001 -9"><span class='ocrx_word' id='word_1_798' title='bbox 1563 5509 1825 5578; x_wconf 77' lang='lat' dir='ltr'><strong>VARUE</strong></span> <span class='ocrx_word' id='word_1_799' title='bbox 1870 5511 2301 5585; x_wconf 84' lang='lat' dir='ltr'><strong>LECTIONES.</strong></span> 
     </span>
    </p>
   </div>
   <div class='ocr_carea' id='block_1_116' title="bbox 330 5675 1338 5761">
    <p class='ocr_par' dir='ltr' id='par_1_116' title="bbox 330 5675 1338 5761">
     <span class='ocr_line' id='line_1_117' title="bbox 330 5675 1338 5761; baseline 0.002 -27"><span class='ocrx_word' id='word_1_800' title='bbox 330 5675 396 5725; x_wconf 75' lang='grc'><strong>64</strong></span> <span class='ocrx_word' id='word_1_801' title='bbox 420 5678 779 5742; x_wconf 78' lang='grc' dir='ltr'>καθίστασθαι,</span> <span class='ocrx_word' id='word_1_802' title='bbox 865 5679 931 5732; x_wconf 70' lang='grc'><strong>65</strong></span> <span class='ocrx_word' id='word_1_803' title='bbox 956 5680 1033 5746; x_wconf 79' lang='lat' dir='ltr'><strong>al,</strong></span> <span class='ocrx_word' id='word_1_804' title='bbox 1072 5681 1338 5761; x_wconf 78' lang='grc' dir='ltr'>κορυφήν,</span> 
     </span>
    </p>
   </div>
  </div>
