4160 6212
541 300 693 372 1135

1892 307 1926 369 J
1931 304 2024 369 US
2063 302 2532 370 CANONICUM.

3745 296 3892 362 1136

536 435 744 517 procul
768 442 997 500 remota
1023 435 1162 499 facit
1191 453 1324 498 esse
1353 434 1683 516 propinqua
1716 454 1732 510 ;
1789 434 1890 516 qui
1920 433 2173 516 denique

2257 432 2468 504 αὒξήσει
2521 431 2645 498 τοὺς
2700 431 2886 499 οἴκους
2941 433 3118 513 ἡμῶν,
3178 432 3244 490 τά
3312 454 3370 489 τε
3443 432 3771 511 γεννήματα,
3811 423 3894 486 καὶ

534 525 732 604 gregis
762 524 938 587 etiam
969 524 1156 590 nostri
1183 523 1465 604 reliquias
1494 522 1748 585 servavit
1792 523 2125 586 incolumes
2161 543 2178 599 ;

537 612 949 676 benedicendo
978 610 1771 692 benedicat,multiplicando
1803 610 2179 694 multiplicet,

541 700 810 781 augendo
843 701 1130 781 adaugeat
1175 700 1383 762 domos
1411 708 1657 775 vestras,
1691 708 1750 762 et
1803 700 2030 761 futuras
2087 717 2183 762 ve-

534 797 708 872 stras,
725 797 890 854 etres
900 789 975 852 ad
993 807 1095 851 vos
1108 787 1501 870 pertinentes;
1525 786 1918 866 benignecom
1929 805 2182 866 pascens

2261 521 2566 603 διαφέροντα
2646 522 2798 599 ὑμῖν,
2886 520 3264 603 φιλανθρώπως
3350 543 3421 578 συ
3433 521 3764 598 μποιμαίνων
3825 524 3899 591 τῷ

2259 609 2472 687 ποιμένι
2550 612 2719 688 ὁμῶν,
2807 611 2894 668 καὶ
2975 610 3334 692 συνεκτρέφων
3399 611 3534 685 ὑμᾶς
3591 609 3676 666 ἐπὶ
3739 608 3896 682 νομὰς

2261 699 2588 858 ζωηφόρως,
2672 699 2762 757 καὶ
2843 695 2930 757 ἐπ’
3010 698 3146 780 ὕδωρ
3229 698 3470 780 ψυχικῆς
3539 697 3896 760 ἀναπαύσεως.

2264 785 2372 858 Ἀμ
2411 808 2463 849 ν.

2331 808 2463 864 μηνο

533 898 669 944 cum
699 887 935 960 pastore
965 886 1182 955 vestro,
1216 886 1276 942 et
1300 897 1433 941 cum
1465 877 1566 939 illo
1605 895 1706 940 vos
1735 877 1807 939 ad
1842 877 2070 940 viviﬁca
2103 894 2346 958 pascua,
2396 881 2454 938 ct
2497 874 2572 939 ad
2617 890 2836 958 aquam
2885 873 3173 956 requietis
3201 874 3541 940 animorum
3569 873 3896 939 enutriens.

532 971 749 1032 Amen.

533 1059 913 1135 Mandatum,
939 1059 1100 1138 quod
1140 1057 1280 1119 dari
1309 1058 1459 1120 solet
1487 1056 1955 1138 metmpolitono
1985 1063 2040 1119 et
2071 1073 2180 1118 ar-

884 1137 1280 1218 chiepiscopo,
1315 1155 1452 1201 cum
1481 1137 1832 1200 ordinatur.

610 1226 659 1293 Ι.
695 1227 863 1291 Cum
885 1225 1128 1306 benigni
1157 1225 1286 1302 Dei,
1321 1244 1438 1307 qua
1467 1244 1653 1304 genus
1672 1227 2001 1287 humanum
2021 1243 2175 1287 com-

533 1315 833 1398 plectitur,
867 1335 1003 1378 cum
1057 1314 1203 1377 alias
1257 1315 1475 1377 multas
1529 1313 1929 1395 adipiscendae
1976 1313 2181 1376 salutis

534 1403 880 1468 occasiones
909 1404 965 1467 ei
994 1402 1358 1485 suppeditat,
1393 1421 1461 1464 ac
1489 1402 1738 1465 diversis
1759 1401 2069 1464 beneﬁciis
2092 1402 2180 1464 in—

531 1493 711 1574 vitat;
745 1500 870 1555 tum
898 1491 1192 1573 imprimis
1223 1509 1331 1572 per
1373 1491 1589 1553 eximia
1637 1490 1792 1553 bona
1833 1497 1997 1553 recte
2042 1489 2182 1551 lata-

535 1599 668 1643 rum
701 1581 894 1661 legum
922 1587 981 1644 et
1012 1597 1120 1661 per
1147 1581 1485 1642 sanctiones
1542 1580 1878 1655 canonicas,
1911 1577 2181 1641 devotio-

535 1688 671 1732 nem
701 1687 842 1751 erga
859 1687 992 1732 sese
1013 1669 1249 1732 illorum
1273 1669 1335 1731 in
1360 1669 1595 1744 animis,
1619 1668 1716 1749 qui
1729 1687 1828 1730 eas
1839 1667 2178 1750 observant,

535 1757 917 1840 providenter
933 1760 1290 1822 excitat.Per
1306 1759 1412 1821 has
1427 1758 1586 1820 enim
1604 1755 2178 1838 agnoscimusipsum

533 1831 872 1929 principem
905 1847 1099 1928 legum
1129 1855 1430 1910 auctorem
1450 1852 1510 1909 et
1529 1831 1844 1909 Dominum
1871 1866 1887 1921 ;
1917 1831 2176 1925 dumque
2200 1831 2240 1881 Β

534 1935 754 1998 divinis
783 1935 915 2016 ejus
946 1935 1444 2017 praeceptionibus
1501 1936 1668 2016 quasi
1701 1932 2178 2010 manuducimur,

533 2023 761 2107 absque
787 2025 1015 2087 oﬂ’ensa
1042 2025 1199 2087 viam
1257 2024 1576 2088 voluntatis
1626 2025 1753 2105 ejus
1785 2021 2134 2087 conﬁcimus
2161 2037 2177 2096 ;

533 2130 640 2194 per
650 2115 760 2177 has
770 2132 934 2194 pura:
946 2120 1122 2195 atque
1136 2113 1377 2177 illibatae
1393 2113 1533 2176 fidei
1554 2122 1773 2177 nostrae
1794 2118 2180 2173 monumenta

536 2210 986 2279 conservantur,
1019 2210 1078 2264 et
1108 2202 1376 2284 ejusdem
1410 2202 1472 2264 in
1527 2210 1692 2265 recta
1720 2199 2007 2263 doctrinae
2035 2217 2178 2260 sen-

536 2291 723 2356 tentia
749 2291 946 2353 nativa
971 2299 1248 2354 venustas
1279 2291 1474 2354 elucet
1499 2309 1570 2354 ac
1626 2291 1851 2371 fulget;
1910 2306 2019 2370 per
2071 2288 2178 2350 has

531 2379 777 2462 rapinae,
797 2380 1405 2462 circumscriptiones,
1437 2388 1497 2442 et
1525 2398 1732 2443 eorum
1749 2378 1848 2460 qui
1867 2377 2175 2459 potestatis

532 2467 724 2532 abusu
754 2468 874 2532 vim
907 2469 1192 2550 proximis
1223 2471 1498 2547 afferunt,
1530 2469 1809 2532 libidines
1837 2467 2174 2530 retundun-

531 2563 665 2633 tur;
699 2575 806 2639 per
834 2558 941 2620 has
963 2565 1081 2620 tum
1103 2558 1532 2634 contentiones,
1559 2563 1683 2619 tum
1711 2557 1854 2619 rixa:
1882 2575 2171 2619 coercen-

536 2653 634 2706 tur
666 2653 724 2707 et
753 2644 1123 2720 inhibentur,
1173 2664 1243 2709 ac
1292 2647 1455 2729 pacis
1499 2654 1558 2709 et
1586 2645 1922 2708 concordia;
1950 2644 2171 2707 bonum

529 2735 709 2796 sumit
736 2733 1126 2797 incrementa.
1161 2735 1499 2812 Enimvere,
1535 2733 2034 2817 quemadmodum
2067 2751 2176 2814 per

533 2821 641 2883 has
672 2840 810 2884 cum
843 2822 957 2884 alia
973 2821 1129 2886 bona
1152 2823 1560 2904 perficiuntur,
1599 2829 1721 2884 tum
1753 2823 1870 2884 vita
1899 2830 1957 2884 et
1985 2822 2170 2884 oratio

529 2910 838 2987 formatur,
872 2910 932 2973 in
963 2911 1273 2974 hominum
1303 2911 1474 2992 vulgo
1505 2913 1782 2974 virtutum
1813 2929 1956 2991 opes
1984 2911 2174 2972 incre-

529 3007 1000 3077 mentasumunt,
1017 2999 1246 3082 justitia
1274 3009 1538 3082 pacatam
1576 3019 1775 3062 rerum
1798 3000 2011 3063 faciem
2037 3008 2172 3060 tue-

532 3095 647 3166 tur,
685 3097 742 3152 et
771 3089 1285 3153 administratione
1313 3109 1419 3152 sua
1469 3107 1825 3154 consensum
1882 3087 1956 3150 ab
2013 3088 2175 3150 omni

2269 1078 2298 1111 α
2347 1045 2636 1133 ’Ἐνταλμα
2664 1054 2934 1136 διδόμενον
2954 1061 3030 1130 τῷ
3059 1056 3513 1136 χειροτονουμένη)
3542 1053 3903 1136 μητροπολίτῃ

2784 1138 2872 1194 καὶ
2905 1135 3332 1215 ἀρχιεπισκόπῳ.
3368 1160 3398 1193 ι

2342 1212 2418 1288 α’.
2455 1215 2518 1282 Ἠ
2548 1231 2666 1284 τοῦ
2721 1212 3088 1307 φιλανθρωπου
3138 1231 3267 1282 Θεοῦ
3305 1227 3463 1302 ἡμῶν
3503 1227 3618 1305 περὶ
3670 1226 3730 1282 τὸ
3771 1223 3904 1299 ἡμέ-

2261 1335 2410 1392 τερον
2465 1313 2616 1392 γένος
2672 1311 2981 1389 κηδεμονία,
3039 1311 3241 1376 πολλὰς
3323 1315 3420 1389 μὲν
3476 1315 3615 1388 αύτῷ
3673 1313 3766 1377 τὰς
3798 1317 3897 1378 τῆς

2261 1403 2523 1482 σωτηρίας
2566 1402 2806 1482 ἀφορμὰς
2855 1401 3266 1480 παρασχομένη,
3320 1399 3585 1482 διαφόροις
3642 1400 3695 1458 δὲ
3748 1411 3902 1460 τοῦτο

2259 1505 2377 1558 τοῖς
2435 1493 2846 1571 εὖεργετήμασιν
2890 1489 3315 1571 ἀνακαλουμένη,
3367 1490 3569 1567 μᾶλλον
3625 1504 3742 1556 τοῖς
3801 1496 3904 1556 τῆς

2261 1582 2501 1656 εὐνομίας
2557 1581 2920 1659 προτερήμασι
2979 1580 3069 1637 καὶ
3152 1593 3274 1644 ταῖς
3327 1593 3633 1644 κανονικατς
3703 1583 3904 1656 θεσμο-

2260 1669 2452 1733 θεσίαις
2507 1668 2608 1736 τὴν
2655 1670 2728 1731 εἰς
2783 1669 2968 1724 ἑαυτὸν
3028 1667 3328 1735 οἰκειότητα
3381 1675 3486 1726 τῶν
3539 1669 3732 1730 ταύτας
3789 1689 3909 1722 συν-

2259 1757 2561 1835 τηρούντων
2615 1756 3066 1836 προεμηθεύσατο.
3145 1757 3242 1812 Διά
3310 1757 3510 1812 τούτων
3584 1759 3685 1835 γὰρ
3748 1757 3909 1814 αὐτὸν

2265 1846 2363 1921 μὲν
2412 1850 2622 1926 πρῶτον
2675 1844 3096 1922 ἐπιγινώσκομεν
3155 1845 3247 1902 τὸν
3303 1842 3597 1920 νομοδότην
3648 1844 3737 1901 καὶ
3795 1844 3907 1902 Κύ-

2264 1955 2374 2013 ριον
2431 1937 2587 1993 αὐτοῦ
2642 1930 2697 1989 δὲ
2758 1931 3246 2012 χειραγωγούμενοι
3327 1945 3450 1997 ταῖς
3507 1933 3670 1996 θείαις
3752 1931 3906 1988 ἐντο-

2263 2021 2412 2103 λαῖς,
2471 2021 2822 2102 ἀπροσκόπως
2876 2021 2976 2088 τὴν
3048 2027 3141 2077 του
3223 2018 3523 2093 θελήματος
3590 2025 3747 2080 αὐτοῦ
3818 2018 3902 2075 δι-

2261 2112 2486 2189 ανύομεν
2532 2109 2650 2168 ὁδόν
2683 2127 2700 2144 ⁸
2761 2108 2846 2166 διὰ
2899 2109 3099 2166 τούτων
3155 2109 3220 2167 τὰ
3245 2114 3345 2178 τῆς
3385 2113 3614 2189 καθαρᾶς
3642 2111 3910 2186 ἡμῶνκαὶ

2259 2199 2557 2276 ἀμωμήτου
2637 2200 2864 2263 πίστεως
2933 2195 3333 2278 διαφυλάττεται
3389 2199 3750 2279 γνωρίσματα,
3819 2200 3909 2254 καὶ

2255 2289 2532 2347 ἀνόθευτον
2613 2289 2676 2345 τὸ
2744 2288 2942 2355 ταύτης
3021 2285 3362 2368 ὲναστράπτει
3445 2293 3544 2355 τῆς
3617 2285 3910 2364 όρθοδοξὶας

2253 2376 2451 2443 κάλλος
2487 2395 2504 2412 ⁸
2563 2374 2649 2434 διὰ
2689 2377 2887 2436 τούτων
2943 2376 3175 2456 ἁρπαγαί
3216 2397 3273 2433 τε
3328 2377 3418 2433 καὶ
3444 2375 3764 2450 πλεονεξίαι,
3824 2388 3911 2440 καὶ

2254 2469 2306 2524 αἱ
2353 2471 2460 2525 τῶν
2530 2463 3084 2524 καταδυναστευόντων
3127 2466 3246 2531 τοὺς
3287 2463 3513 2533 πλησίον
3564 2466 3906 2523 ἀνακόπτον-

2253 2579 2340 2614 ται
2383 2556 2542 2635 ὁρμαί
2573 2571 2587 2586 ⁸
2634 2556 2838 2620 τούτοις
2894 2553 3206 2636 φιλονεικίαι
3261 2557 3349 2612 καὶ
3404 2552 3566 2632 ἔριδες
3622 2553 3909 2630 ἐπιστομι-

2253 2647 2467 2721 ζόμεναι
2494 2643 2834 2726 κατέχονται,
2866 2645 2955 2702 καὶ
3006 2645 3070 2702 τὸ
3119 2649 3218 2712 τῆς
3277 2645 3490 2723 εἰρήνης
3536 2645 3626 2700 καὶ
3654 2646 3908 2719 ὁμονοίας

2253 2733 2415 2792 καλὸν
2470 2733 2788 2796 ἐπιδίδωσιν.
2849 2731 2998 2791 Ἀλλ’
3058 2732 3236 2812 ὥσπερ
3292 2729 3358 2788 δι’
3391 2737 3560 2792 αὐτῶν
3588 2731 3654 2789 τά
3674 2753 3734 2787 τε
3765 2729 3905 2787 ἄλλα

2253 2823 2423 2901 ἀγαθὰ
2475 2826 2868 2902 κατορθοῦνται,
2913 2822 3002 2878 γαὶ
3041 2822 3153 2897 βίος
3207 2819 3303 2896 μὲν
3358 2821 3446 2876 καὶ
3502 2819 3662 2899 λόγος
3721 2824 3908 2878 ἐντεῦ-

2252 2915 2339 2968 θεν
2392 2912 2708 2990 ῥυθμίζεται,
2767 2912 2839 2976 εἷς
2891 2908 3094 2977 πλῆθος
3153 2907 3208 2965 δὲ
3271 2911 3299 2966 ὁ
3354 2915 3462 2965 τῶν
3519 2909 3722 2988 ἀρετῶν
3779 2909 3912 2964 ἐπι-

2254 2997 2427 3056 δίδωσι
2480 2999 2731 3076 πλοῦτος,
2804 2997 3106 3065 δικαιοσύνη
3174 3017 3233 3053 τε
3286 2998 3347 3053 τὸ
3403 2998 3674 3074 εἶρηναῖον
3748 3019 3912 3074 περι-

2255 3101 2462 3168 κρατετ,
2534 3089 2622 3144 καὶ
2671 3089 2733 3143 τὸ
2789 3085 3104 3164 ὁμόγνωμον
3175 3085 3264 3141 καὶ
3318 3084 3664 3141 ἀστασίαστον
3727 3082 3914 3140 διακυ-

528 3177 790 3240 aliennm
827 3179 1083 3243 discidio
1113 3187 1425 3242 conservat
1459 3200 1474 3241 :
1519 3179 1602 3241 ita
1659 3197 1794 3240 cum
1827 3177 1899 3240 ab
1932 3176 2026 3238 his
2054 3197 2172 3239 non

2257 3174 2492 3256 ϐερνῶσα
2534 3175 2768 3256 συνέχει,
2829 3173 2964 3232 οὕτω
3017 3175 3078 3230 τὸ
3131 3173 3208 3248 μὴ
3265 3174 3467 3238 τούτοις
3524 3187 3911 3253 χειραγωγεῖ-

528 3267 1009 3345 manuducimur,
1045 3267 1338 3349 injustitia
1367 3277 1426 3330 et
1453 3267 1719 3344 avaritia,
1754 3265 1998 3344 maligni
2027 3265 2167 3326 libi-

536 3355 695 3418 dinis
715 3356 1095 3439 inexplebilis
1115 3359 1291 3438 fetus,
1317 3357 1378 3419 in
1414 3357 1530 3419 vita
1553 3355 1886 3418 mortalium
1910 3371 2171 3416 nascun-

525 3451 662 3505 tur:
697 3445 921 3508 bellum
947 3446 1109 3510 inter
1136 3464 1246 3509 nos
1275 3445 1654 3527 implacabile
1669 3444 2022 3512 suscitatur;
2050 3462 2174 3504 om-

528 3532 621 3594 nis
649 3533 723 3596 de
755 3535 944 3598 salute
975 3542 1179 3598 nostra
1208 3553 1345 3616 spes
1371 3536 1432 3596 in
1465 3533 1794 3616 periculum
1827 3540 1886 3594 et
1913 3532 2172 3593 diﬂicul-

525 3627 704 3684 tatem
735 3624 1080 3704 conjicitur.
1114 3623 1316 3706 Itaque
1345 3623 1396 3686 si
1441 3622 1860 3686 liberationem
1911 3640 1946 3682 a
1997 3620 2176 3682 tantis

525 3711 696 3772 malis
724 3712 1060 3775 divinarum
1095 3713 1289 3793 legum
1325 3712 1638 3794 disciplina
1668 3710 1839 3774 nobis
1871 3709 2169 3790 conciliat,

524 3807 584 3858 et
613 3800 878 3879 ejusdem
913 3801 1160 3882 privatio
1187 3801 1548 3864 contrarium
1582 3800 1723 3862 huic
1766 3800 2038 3861 effectum
2057 3799 2169 3859 ha-

521 3884 642 3962 bet,
678 3888 908 3969 supinis
938 3889 1208 3952 manibus
1257 3899 1355 3952 tua
1407 3890 1592 3970 pietas
1622 3889 1819 3950 divina
1848 3896 1905 3950 et
1933 3893 2166 3969 aposto-

520 3974 638 4037 lica
668 3977 934 4054 oracula,
967 3995 1101 4040 cum
1159 3978 1479 4040 salutiferis
1530 3986 1589 4040 et
1616 3976 2020 4059 spiritualibus
2051 3976 2162 4038 do-

2252 3269 2390 3339 σθαι,
2457 3262 2657 3321 ἀδικίαν
2715 3264 2812 3340 μὲν
2879 3266 2967 3320 καὶ
3037 3259 3362 3338 πλεόνεξίαν,
3420 3263 3486 3318 τὰ
3535 3262 3750 3339 πονηρὰ
3809 3268 3914 3328 τῆς

2253 3354 2549 3422 ἀπληστίας
2629 3354 3007 3433 ἀποκυήματα,
3077 3359 3154 3427 τῷ
3228 3353 3326 3429 βίῳ
3382 3352 3737 3424 εναποτίκτει,
3816 3356 3914 3408 τὸν

2253 3440 2371 3499 κατ’
2423 3440 2671 3513 ἀλλήλων
2749 3439 2805 3498 δὲ
2860 3442 3156 3520 ἀκήρυκτον
3211 3441 3446 3517 πόλεμον
3505 3441 3807 3519 ἀντεισάγει
3856 3442 3914 3497 ἐν

2255 3531 2438 3606 ἀπόρῳ
2491 3538 2596 3588 τῶν
2639 3536 2738 3599 τῆς
2803 3536 3065 3610 σωτηρίας
3137 3531 3294 3606 ἡμῶν
3371 3527 3909 3608 ἐναπορῥιπτομένων

2255 3618 2499 3681 ἐλπίδων.
2534 3622 2593 3679 Εἴ
2646 3643 2816 3698 τοὶνυν
2867 3621 3130 3678 τοσούτων
3187 3620 3286 3696 μὲν
3342 3622 3520 3676 κακῶν
3577 3616 3909 3696 ἀπαλλαγὴν

2253 3711 2288 3777 ἡ
2318 3716 2424 3767 τῶν
2469 3710 2618 3766 θείων
2674 3710 2850 3784 νόμων
2893 3707 3135 3787 προξενεῖ
3192 3705 3548 3786 παιδαγωγία,
3608 3708 3642 3775 ἡ
3697 3708 3906 3774 ταύτης

2251 3796 2307 3854 δὲ
2355 3798 2601 3878 στέρησις
2657 3804 2762 3856 τῶν
2817 3799 3064 3857 ἐναντίων
3119 3799 3368 3878 παραιτία
3428 3797 3760 3870 καθίσταται,
3820 3795 3908 3853 δεῖ

2249 3887 2349 3956 τὴν
2402 3897 2503 3956 σὴν
2557 3887 2847 3970 θεοφίλειαν
2898 3889 2964 3944 τὰ
3018 3891 3136 3944 θεῖα
3177 3888 3264 3944 καὶ
3317 3883 3643 3943 ἀποστολικά
3711 3889 3909 3942 θεσπί-

2246 3998 2446 4054 σματα,
2511 3977 2637 4036 τάτε
2693 3979 2929 4057 σωτήρια
2985 3977 3074 4033 καὶ
3123 3977 3353 4055 πατρικά
3377 3973 3443 4024 66
3487 3972 3786 4054 διδάγματά
3845 3997 3905 4032 τε

520 4063 726 4126 ctrinis
754 4073 929 4146 atque
960 4066 1293 4148 praeceptis,
1327 4067 1599 4147 excipere
1628 4065 1807 4128 debet
1833 4088 1848 4142 ;
1878 4065 2164 4148 quasique

2257 4067 2334 4123 mi
2361 4063 2717 4147 διατάγματα,
2776 4067 2960 4146 χερσὶν
3013 4065 3220 4130 ὑπτίαις
3279 4063 3631 4144 εἰσδέχεσθαι,
3686 4064 3781 4120 καὶ
3824 4065 3905 4128 ὡς

520 4150 746 4215 tabulas
775 4153 1056 4216 divinitus
1085 4155 1364 4236 sculptas,
1399 4164 1522 4217 tum
1579 4154 1640 4216 in
1693 4156 1882 4236 pretio
1915 4154 2160 4228 habere,

2257 4155 2632 4234 isoxaptbttouc
2701 4161 2865 4211 ταῦτα
2939 4153 3146 4220 πλάκας
3211 4160 3369 4229 τιμᾷν
3425 4155 3511 4210 καὶ
3566 4150 3857 4232 φδλάττειν
3885 4171 3903 4186 ⁸

521 4248 643 4302 tum
682 4260 955 4308 servare:
992 4243 1387 4325 similiterque
1412 4244 1606 4324 legum
1643 4243 1901 4306 civilium
1934 4242 2160 4304 doctri-

2257 4244 2342 4313 τήν
2366 4264 2424 4299 τε
2453 4241 2621 4310 ἄλλην
2675 4250 2781 4300 τῶν
2825 4241 3112 4300 πολιτικῶν
3169 4242 3614 4319 νομοθετημάτων
3670 4243 3908 4321 εἰσήγηο

519 4348 655 4393 nam
685 4349 889 4395 amore
919 4333 1230 4414 complecti
1290 4341 1350 4396 et
1404 4333 1699 4410 venerari,
1760 4353 1828 4394 ac
1884 4335 1944 4394 in
1999 4331 2163 4393 omni

2257 4354 2322 4389 τιν
2378 4331 2613 4411 στέργειν
2660 4353 2718 4388 τε
2781 4334 2870 4388 καὶ
2933 4329 3340 4412 διευλαϐεῖσθαι,
3404 4332 3489 4389 καὶ
3546 4331 3760 4415 τούτοις
3803 4331 3902 4388 ἐπὶ

503 4419 751 4483 ‘actione
781 4429 1127 4484 constanter
1154 4423 1260 4484 has
1282 4422 1451 4504 sequi
1487 4443 1502 4499 ;
1533 4422 1822 4504 quidquid
1875 4421 2152 4492 occurrit,

2257 4421 2386 4496 πάσῃ
2413 4419 2594 4495 πράξει
2625 4419 2862 4499 ἀῤῥεπῶς
2893 4420 3291 4497 ἐπακολουθεῖν,
3339 4422 3426 4478 καὶ
3464 4421 3526 4476 τὸ
3567 4419 3653 4476 ἐπὶ
3698 4433 3908 4500 χεῖρας

515 4508 587 4570 ad
621 4527 722 4572 eas
751 4510 1011 4590 dirigere
1032 4519 1090 4574 et
1107 4511 1558 4574 accommodare
1585 4534 1598 4572 :
1633 4531 1767 4574 cum
1799 4530 1890 4572 cer
1905 4520 1960 4572 to
1977 4510 2155 4586 norit,

2257 4509 2542 4568 Ξιπευθύνειν
2597 4530 2654 4565 τε
2696 4511 2784 4566 καὶ
2836 4509 3117 4588 ῥυθμίζειν,
3173 4511 3265 4565 τὸν
3321 4509 3406 4566 ἐπὶ
3461 4509 3674 4568 πάντων
3707 4509 3910 4588 Κύριον

517 4616 650 4659 eum
681 4598 1021 4676 Dominum,
1055 4600 1156 4681 qui
1200 4619 1403 4662 rerum
1465 4600 1834 4663 universitati
1864 4608 2096 4680 praeest,
2128 4618 2161 4660 a

515 4685 738 4748 dextris
770 4687 942 4750 nobis
959 4687 1205 4765 adesse;
1233 4689 1518 4771 quidquid
1544 4697 1768 4769 agatur,
1796 4689 2157 4771 perspicere;

513 4775 933 4856 respondentia
961 4776 1125 4839 factis
1155 4777 1398 4858 prwmia
1431 4778 1716 4841 tribuere.

594 4863 655 4928 2.
686 4863 877 4926 Debet
903 4872 1003 4927 tua
1031 4865 1240 4947 pietas,
1274 4885 1405 4947 quae
1434 4885 1540 4948 per
1568 4867 1822 4928 divinam
1847 4872 2050 4927 vocata
2071 4870 2159 4926 est

514 4952 761 5030 gratiam
784 4961 844 5015 et
854 4955 1061 5035 jugum
1081 4955 1225 5018 illud
1243 4955 1648 5035 evangelicum
1665 4955 1816 5018 collo
1830 4955 2160 5035 recepit,ex

513 5039 809 5121 Evangelii
815 5043 1404 5125 praescriptogregem
1418 5043 1582 5106 vobis
1599 5043 2076 5107 commendatum
2091 5062 2158 5107 ac

515 5129 793 5194 traditum
822 5130 894 5194 ab
935 5132 1148 5214 opiﬁce
1178 5152 1378 5197 rerum
1410 5133 1625 5215 Spiritu
1685 5151 1893 5214 regere
1925 5153 1938 5193 :
1975 5133 2153 5194 vitam

514 5218 817 5301 propriam
849 5239 955 5302 pro
983 5223 1130 5304 ipsis
1187 5223 1392 5287 ovibus
1448 5223 1757 5302 objicere:
1811 5222 1873 5283 in
1905 5219 2157 5300 caligine

513 5308 742 5386 peccati
769 5309 1138 5375 ambulantes
1184 5310 1256 5373 ad
1316 5312 1508 5374 lucem
1567 5310 1864 5376 deducere
1895 5330 1910 5373 :
1946 5328 2052 5392 pro
2081 5310 2156 5373 iis

2242 4596 2437 4654 εἰδυῖαν
2466 4603 2646 4678 σαφῶς
2677 4595 2736 4654 ἐκ
2777 4595 2958 4663 δεξιῶν
2987 4599 3134 4674 ὑμῶν
3163 4596 3226 4647 67
3275 4611 3548 4678 παρεῖναι,
3581 4598 3671 4653 καὶ
3700 4604 3811 4654 πᾶν
3842 4601 3914 4655 τὸ

2241 4685 2503 4766 δρώμενον
2532 4687 2745 4767 ἐφορᾷν,
2776 4690 2864 4744 καὶ
2906 4690 3000 4754 τὰς
3031 4689 3349 4770 ἐφαμίλλως
3378 4701 3497 4754 τοῖς
3528 4689 3702 4767 ἔργοις
3739 4689 3907 4765 ἀμοι-

2241 4773 2336 4840 ϐας
2379 4775 2842 4852 ἀποταμιεύεσθαι,

2320 4858 2396 4942 β’.
2442 4872 2538 4921 Δετ
2590 4865 2689 4932 τὴν
2731 4865 2832 4934 σὴν
2887 4866 3181 4948 θεοφίλειαν
3235 4867 3338 4924 ὑπὸ
3364 4870 3462 4935 τῆς
3492 4867 3633 4929 θείας
3665 4867 3911 4947 χάριτος

2238 4954 2650 5035 προκληθεϊσαν,
2697 4955 2784 5010 καὶ
2839 4956 2930 5012 τὸν
2985 4955 3327 5036 εὖαγγελικὸν
3383 4953 3468 5014 ἐπ’
3514 4955 3747 5034 αὐχένος
3780 4959 3912 5013 εἱσ-

2238 5041 2556 5123 δεδεγμένην
2611 5043 2764 5122 ζυγὸν
2843 5044 3200 5124 εὖαγγελικῶς
3282 5045 3380 5113 τὴν
3457 5043 3913 5124 ἑγχειρισθεῖσαν

2236 5135 2364 5209 ὑμῖν
2408 5133 2510 5189 ὑπὸ
2593 5137 2684 5188 τοῦ
2744 5141 3072 5215 παντωργοῦ
3129 5135 3435 5211 Πνεύματος
3493 5133 3733 5208 ποίμνην
3783 5136 3910 5192 ἰθύ-

2236 5242 2366 5301 νειν,
2423 5220 2521 5288 τὴν
2590 5219 2785 5279 οἰκείαν
2852 5223 2982 5304 ὑπὲρ
3062 5226 3170 5281 τῶν
3247 5220 3526 5304 προϐάτων
3580 5223 3916 5301 προτιθέναι

2236 5310 2442 5392 ψυχὴν,
2498 5309 2618 5377 τοὺς
2676 5309 2730 5368 ἐν
2779 5311 2955 5370 σκότει
3025 5315 3125 5381 τῆς
3195 5313 3451 5393 ἁμαρτίας
3491 5311 3911 5390 πορευομένους

1831 5470 2092 5537 unus
2123 5447 2554 5536 LECTiONES.

591 5627 658 5681 σθ
684 5628 761 5691 al.
792 5633 1142 5712 πνευματικά,
1227 5631 1290 5686 6⁸1
1319 5635 1494 5710 ἡμῶν.
