4160 6212
383 265 403 328 1
424 262 533 328 137
1720 253 2395 324 ῦΙὶᾸῦΟΟ-ΒΟΜΑΝΗΜ
3597 260 3753 329 1138

377 406 752 477 φωταγωγετν,
823 391 1179 468 ἀδικουμένων
1252 390 1688 472 προκινδυνεύειν,
1769 385 2012 465 θλιϐομέ·

2111 383 2211 464 qui
2231 382 2566 446 afﬁciuntur
2602 383 2862 464 injuriis,
2904 383 3073 447 obire
3103 385 3372 465 pericula
3405 410 3418 447 :
3449 393 3750 457 consolari

378 472 498 550 νους
525 472 907 565 ψυχαγωγεῖν,
953 494 1071 546 τοῖς
1117 480 1310 538 ἐνδεὲσι
1369 482 1468 549 τὴν
1531 479 1752 549 δυνατὴν
1811 478 2012 558 ἐπάγειι

2106 491 2232 565 eos,
2263 472 2364 555 qui
2391 472 2731 565 affliguntur
2763 491 2776 535 :
2811 473 3015 565 egenis
3039 475 3182 565 affer
3195 493 3261 537 re
3308 478 3606 563 solatium,
3640 502 3750 563 pro

382 561 740 654 παράκλησιν,
780 561 786 562 ⁷
834 570 1200 633 ἀποστολικῶς
1282 569 1402 633 τοῖς
1468 569 1701 626 ἀσθενέσι
1772 569 2012 625 σιινασθε-

2106 561 2354 639 viribus,
2390 562 2641 644 apostoli
2666 563 2965 644 exemplo,
2996 562 3251 626 inﬁrmis
3279 583 3346 629 se
3368 561 3752 646 praebere—so-

379 651 516 737 νεῖν,
573 674 693 725 τοῖς
727 651 1243 735 νσκανδαλιζομένοις
1300 657 1661 737 συμπάσχειν,
1721 658 1809 713 καὶ
1865 655 2012 712 τύποι

2109 651 2266 713 cium
2297 651 2656 714 inﬁrmitatis
2690 703 2699 713 .
2737 667 2872 715 Cum
2903 651 3000 727 iis,
3034 652 3130 714 cui
3158 653 3560 736 offenduntur,
3594 677 3753 722 com-

380 751 572 830 ἀρετῆς
627 751 716 808 καὶ
785 747 1019 814 εὐταξίας
1077 745 1144 803 δι’
1203 745 1506 822 ἐμπράκτου
1562 743 1830 808 πολιτείας
1901 749 2010 800 πᾶσ

2113 739 2278 830 muni
2309 741 2514 803 dolore
2533 740 2744 830 affici:
2778 739 2851 802 ab
2879 739 3154 803 omnibus
3199 741 3458 825 denique
3489 765 3594 828 pro
3627 749 3749 811 vir-

380 829 836 919 διαγινώσκεσθαι,
896 836 1034 894 ὥστε
1088 837 1150 893 τὸ
1233 840 1344 915 φῶς
1427 835 1574 908 ὑμῶν
1631 831 1860 910 λάμπειν
1927 831 2012 908 ἔμε

2114 829 2256 919 tutis
2305 838 2368 919 et
2414 829 2642 892 ordinis
2697 829 2837 891 boni
2910 831 3210 919 exemplo,
3288 851 3393 914 per
3443 836 3747 901 efﬁcacem

379 917 598 1008 προσθεν
626 934 734 985 τῶν
774 927 1083 1004 ἀνθρώπων,
1127 925 1216 982 καὶ
1255 926 1347 982 τὸν
1397 921 1604 1002 Πατέρα
1661 923 1808 1000 δμῶν
1854 923 1943 979 τὸν
1972 921 2012 978 ἐι

2112 917 2353 1008 vivendi
2394 919 2686 981 rationem
2741 918 3020 998 agnosci;
3080 926 3143 981 ut
3191 919 3286 982 lex
3332 930 3526 986 vestra
3550 944 3749 990 coram

377 1004 495 1084 τοῖς
520 1021 765 1097 ούρανοτς
795 1015 1120 1089 δοξάζεσθαι.

2109 1004 2452 1154 hlomiftiiibus
2478 1007 2694 1084 luceat,
2715 1015 2774 1070 et
2791 1009 2963 1070 Pater
2980 1014 3198 1090 vester,
3222 1009 3325 1092 qui
3353 1010 3416 1073 in
3439 1013 3604 1076 ccelis
3635 1023 3747 1092 est,

2106 1111 2141 1154 ε
2169 1113 2259 1154 Ol‘l
2305 1104 2496 1154 cetur.

2106 1095 2496 1170 gloriﬁcetur.

456 1183 532 1273 γ’,
582 1202 680 1252 Αετ
707 1193 806 1262 τὴν
834 1193 936 1261 σὴν
963 1191 1255 1273 θεοφίλειαν
1299 1191 1564 1258 νηστείαις
1621 1189 1709 1245 καὶ
1736 1201 1861 1252 ταῖς
1888 1189 2012 1268 πρὸς

2108 1271 2115 1273 _
2186 1182 2244 1247 3.
2259 1182 2446 1247 Debet
2461 1194 2556 1249 tua
2579 1185 3027 1266 pietasjejuniis
3049 1193 3106 1249 et
3119 1187 3650 1270 supplicationibus
3673 1193 3748 1255 ad

375 1283 439 1339 σὺ
471 1271 650 1340 ἠθεῖον
678 1281 962 1363 σχολάζειν
1017 1271 1326 1360 ἱκετηρίαις,
1385 1281 1530 1342 ὁσίας
1587 1290 1779 1358 χεῖρας
1834 1278 2012 1341 νυκτὸς

2106 1271 2294 1335 Deum
2324 1290 2557 1355 vacare,
2591 1281 2768 1336 noctu
2801 1282 2859 1336 et
2885 1273 3144 1338 interdiu
3179 1276 3306 1358 pias
3333 1277 3408 1340 ad
3427 1277 3746 1344 Dominum

375 1370 465 1428 καὶ
547 1371 752 1451 ἡμέρας
822 1372 952 1450 πρὸς
1040 1370 1226 1448 Κύριον
1296 1367 1680 1425 ἐκπεταννύσαν
1711 1385 1725 1400 ⁶
1800 1366 2012 1444 ἐπαγρυ-

2107 1379 2315 1423 manus
2347 1363 2782 1444 exporrigendo
2818 1384 2832 1424 :
2864 1372 2923 1426 et
2946 1363 3305 1428 creditarum
3337 1365 3509 1430 nobis
3529 1370 3748 1433 anima-

375 1472 531 1516 πνεῖν
586 1481 644 1516 τε
702 1460 831 1538 ὑπὲρ
889 1464 994 1515 τῶν
1063 1457 1562 1535 ἐμπεπιστευμένων
1615 1456 1749 1531 ἡμῖν
1806 1459 2012 1535 ψυχῶνΙ

2105 1466 2233 1510 rum
2266 1469 2444 1514 causa
2470 1452 2682 1532 vigilax
2720 1470 2875 1528 esse,
2909 1460 3085 1534 atque
3116 1453 3351 1518 ccelitus
3381 1456 3468 1519 eis
3492 1459 3743 1522 salutem

381 1549 469 1605 καὶ
527 1549 743 1614 ταύταις
799 1547 990 1605 ἀνωθεν
1074 1547 1388 1613 ἐξαιτεῖσθαι
1442 1546 1542 1613 τὴν
1605 1545 1892 1624 σωτηρίαν,
1951 1545 2012 1606 ὡς

2105 1555 2450 1621 exposcere,
2507 1541 2686 1604 veluti
2711 1559 2841 1622 quae
2895 1540 3129 1604 illarum
3169 1545 3411 1608 nomine
3452 1547 3746 1612 rationem

371 1636 534 1716 λόγον
585 1639 714 1716 ὑπὲρ
765 1637 936 1694 αὒτῶν
1006 1635 1291 1694 ἀποδοῦναι
1347 1633 1674 1715 ὀφείλουσαν,
1749 1631 1878 1712 ὅπερ
1920 1634 2012 1712 πρὲ

2105 1627 2407 1690 redditura
2435 1629 2532 1705 sit,
2559 1629 2714 1711 quod
2751 1631 2941 1710 ipsum
2962 1638 3100 1694 ante
3117 1651 3225 1694 nos
3239 1653 3484 1715 magnus
3505 1635 3608 1700 ille
3631 1638 3745 1700 do-

371 1728 528 1802 ἡμῶν
595 1728 623 1784 ὁ
696 1726 864 1806 μέγας
937 1723 1226 1783 ἐκδιδάσκει
1309 1722 1639 1787 Ἀπόστολος
1673 1741 1689 1757 ·
1777 1721 2012 1808 Πείθεσθε

2105 1724 2198 1808 cet
2221 1717 2560 1808 Apostolus,
2587 1718 2752 1808 hisce
2794 1717 2989 1808 verbis
3015 1736 3028 1782 :
3062 1718 3483 1804 Obtemperate
3509 1725 3606 1802 iis,
3638 1727 3740 1808 qui

373 1816 495 1895 γὰρ,
529 1817 680 1897 φησὶῖ
708 1829 826 1880 τοῖς
855 1814 1172 1894 ἡγουμένοις
1215 1816 1394 1897 ὑμῶν,
1418 1814 1506 1872 καὶ
1548 1811 1809 1872 ὑπείκετε.
1844 1806 2012 1868 Ἀὖτοῖ

2105 1805 2268 1897 vobis
2284 1814 2563 1888 praesunt,
2589 1814 2646 1869 et
2663 1806 3086 1897 obsecundato.
3107 1809 3254 1872 Nam
3278 1811 3394 1892 ipsi
3414 1805 3740 1878 vestrarum

374 1894 473 1983 γὰρ
539 1894 884 1983 ἀγρυπνοῦσιν
940 1904 1069 1982 ὑπὲρ
1136 1906 1242 1960 τῶν
1285 1894 1476 1983 ψυχξῶν
1516 1902 1685 1977 ὑμῶν,
1733 1902 1806 1963 ὡς
1862 1897 2012 1978 λόγον

2105 1894 2432 1983 animarum
2465 1914 2640 1958 causa
2670 1896 2932 1974 vigilant,
2967 1897 3241 1979 ianquam
3273 1900 3564 1966 rationem
3594 1904 3741 1968 red-

375 1982 760 2058 ἀποδώσοντες,
808 1995 868 2050 Ei
911 1992 1011 2071 γὰρ
1055 1993 1082 2047 ὁ
1135 1982 1449 2071 θρεμμάτων
1487 1987 1755 2068 προεστὼς
1785 1985 2012 2066 ἀλόγων,

2105 1982 2303 2045 dituri.
2338 1983 2566 2065 Quippe
2597 1985 2649 2046 si
2681 2004 2796 2046 non
2828 1986 2940 2047 fert
2969 1985 3235 2066 impune,
3270 1989 3372 2070 qui
3401 1991 3742 2055 carentibus

373 2080 486 2146 ἐνὸς
515 2079 684 2137 αὐτῶν
707 2079 1046 2143 ἀπολωλότος
1075 2079 1170 2139 ούκ
1187 2080 1548 2159 ἀτιμώρητος,
1570 2075 1756 2151 πολλῷ
1776 2075 1944 2146 δήπου
1954 2074 2012 2126 ϐε

2105 2071 2330 2134 ratione
2363 2073 2690 2153 pecudibus
2722 2085 2957 2154 praest,
2993 2073 3092 2136 ubi
3124 2093 3326 2138 earum
3356 2078 3450 2140 vel
3480 2098 3597 2142 una
3627 2098 3738 2160 pe-

372 2171 400 2225 ὁ
443 2173 628 2249 ψυχῆς
672 2168 1013 2245 καταμελων,
1059 2176 1151 2226 τοῦ
1201 2169 1522 2245 τιμιωτάτου
1579 2173 1674 2224 τοῦ
1724 2165 2012 2244 ἐγκοσμίων

2105 2161 2268 2222 rierit
2300 2182 2314 2221 :
2352 2162 2533 2223 multo
2567 2166 2752 2242 magis
2777 2163 2878 2244 qui
2909 2163 3167 2226 animam
3200 2166 3466 2248 negligit,
3492 2187 3620 2232 rem
3644 2189 3740 2233 su-

374 2259 668 2338 κτήματος,
700 2260 794 2316 οὐκ
821 2259 1114 2323 ἀνεύθυνος.

2105 2267 2206 2328 pra
2227 2250 2432 2312 mundi
2449 2268 2543 2312 rcs
2559 2251 2704 2313 alias
2727 2252 2966 2315 maximi
2999 2253 3196 2336 pretii,
3220 2256 3392 2338 culpa
3413 2275 3617 2321 carere
3637 2279 3740 2322 ne-

2099 2338 2246 2418 quit.

449 2423 519 2497 δ’,
553 2435 666 2514 Χρή
694 2457 752 2490 σε
809 2436 886 2510 μὴ
937 2435 1263 2512 ἀποκάμνειν
1331 2432 1661 2508 διδάσκοντα,
1735 2433 1872 2491 ἀλλὰ
1927 2433 2012 2491 δι-

2127 2515 2133 2517 _
2178 2426 2560 2510 4.0portette
2581 2429 2824 2491 minime
2849 2430 3574 2517 defatigaridocendo,sed
3597 2456 3740 2500 con-

370 2530 573 2590 ηνεκῶς
615 2526 704 2581 τὸν
743 2524 1206 2605 ἐγκεχειρισμένον
1261 2545 1343 2581 σοι
1386 2522 1514 2579 λαὸν
1569 2523 1634 2579 τὰ
1663 2524 1794 2602 πρὸς
1837 2546 2012 2593 σωτη-

2105 2515 2260 2578 tinuo
2281 2517 2761 2579 commendatum
2783 2518 2891 2581 tibi
2915 2521 3200 2601 populum
3221 2521 3283 2584 in
3295 2523 3392 2598 iis,
3411 2515 3542 2605 quae
3556 2525 3630 2586 ad
3650 2545 3740 2588 sa~

370 2613 481 2691 ρίαν
525 2611 842 2670 ἐκπαιδεύειν
887 2615 974 2669 καὶ
1021 2612 1086 2669 δι’
1147 2615 1354 2692 ἑαυτοῦ,
1410 2613 1498 2670 καὶ
1552 2609 1620 2668 δι’
1678 2613 1876 2692 ἐτέρου,
1921 2616 2012 2671 τοῦ

2105 2606 2276 2696 lutem
2309 2616 2595 2696 spectant,
2631 2616 2753 2696 tum
2782 2625 2888 2688 per
2911 2609 3164 2690 teipsum
3193 2612 3454 2689 erudire,
3484 2622 3608 2677 tum
3633 2633 3741 2696 per

369 2701 468 2767 τὴν
511 2702 760 2769 τοιαύτην
816 2700 1078 2758 διακονίαν
1121 2701 1416 2780 ἐκπληροῦν
1475 2698 1758 2777 δυναμένου
1790 2717 1806 2732 ⁶
1865 2699 2010 2768 ὅπως

2105 2693 2401 2773 tlium,qui
2417 2694 2712 2774 ejusmodi
2728 2696 2960 2758 muneri
2974 2697 3316 2762 satisfacere
3329 2700 3620 2781 possitzne
3634 2693 3740 2766 ne-

372 2790 450 2864 μὴ
492 2790 828 2867 καταμελῶν,
889 2797 957 2868 τῇ
1013 2798 1263 2868 κανονικῇ
1318 2789 1569 2870 αὖστηρίᾳ
1621 2791 1814 2848 σαυτὸν
1842 2790 2010 2870 ἐγκα-

2105 2783 2383 2871 gligenter
2405 2793 2461 2845 te
2485 2802 2697 2863 gerens
2717 2786 3016 2847 Severitati
3041 2789 3343 2851 canonicis
3359 2790 3738 2871 temetipsum

367 2880 635 2957 ταστήσης
663 2881 964 2942 ὑπεύθυνον,
1016 2878 1336 2946 Ἐπίσκοπος
1542 2879 1726 2960 φησὶν,
1783 2877 1821 2946 ἥ
1877 2869 2010 2959 πρε-

2105 2869 2307 2933 reddas
2327 2869 2670 2962 obnoxium.
2695 2872 2792 2936 Sic
2817 2873 2976 2935 enim
2995 2874 3101 2936 illa
3117 2876 3352 2939 statuit:
3386 2869 3738 2962 Episcopus,

371 2943 612 3048 σϐύτερος
663 2968 876 3045 ἀμελῶν
917 2981 1010 3030 τοῦ
1076 2968 1274 3050 κλήρου
1321 2943 1400 3039 -ἣι
1433 2943 1526 3027 τοῦ
1557 2943 1731 3043 ⁸λαοῦ,
1783 2943 1871 3027 καὶ
1920 2943 2011 3047 Ιμὴ

2105 2960 2538 3043 autpresbyter,
2565 2962 3005 3044 quiclerumvel
3036 2965 3318 3047 populum
3341 2943 3737 3047 negligit,.nec

369 3055 686 3116 ἐκπαιδεύων
714 3059 899 3122 αὐτοὺς
931 3059 1028 3127 τὴν
1056 3058 1349 3141 εὐλάϐειαν,
1396 3058 1719 3140 ἀφοριζέσθω
1748 3056 2012 3135 ἐπιμένων

368 3143 424 3201 δὲ
469 3153 536 3228 τῇ
562 3148 806 3228 ῥᾳθυμίᾳ,
839 3149 1203 3228 καθαιρείσθω.

447 3225 517 3299 ε’,
579 3238 694 3314 Χρὴ
751 3225 810 3293 σε
887 3238 966 3314 μὴ
997 3225 1101 3313 ⁷τῷ
1167 3241 1268 3305 τῆς
1323 3235 1595 3316 προεδρίας
1665 3235 2012 3316 ἐπαιρόμενον

363 3321 640 3400 ἀξιώματι,
726 3331 833 3382 τῶν
947 3325 1424 3406 ἐγκεχειρισμένων
1521 3323 2010 3398 κατεξανίστασθαι,

367 3411 512 3478 ὅπως
594 3413 672 3488 μή
753 3415 840 3470 καὶ
921 3413 1012 3471 τοῦ
1093 3419 1191 3482 τῆς
1246 3414 1727 3495 ταπεινοφροσύνης
1780 3411 2010 3490 ἐκπέσης

367 3507 727 3580 μακαρισμοῦ,
759 3504 847 3558 καί
873 3509 950 3577 τῷ
991 3507 1098 3558 τῶν
1134 3501 1469 3584 τυφουμένων
1523 3500 1820 3581 ἐγκλήματι
1876 3505 2010 3559 καθ-

366 3587 717 3658 υποϐληθείτ,ς
749 3605 763 3620 ⁸
850 3590 1012 3648 τύπον
1085 3589 1139 3647 δὲ
1211 3590 1413 3666 μᾶλλον
1495 3592 1681 3648 ἑαυτὸν
1761 3593 2011 3665 καθιστᾷν

367 3678 844 3759 ταπεινοφροσύνης
914 3692 1033 3743 τοῖς
1088 3681 1273 3758 ὁρῶσι,
1349 3679 1438 3736 καὶ
1511 3679 1727 3742 τούτους
1796 3675 1864 3735 δι⁹
1917 3677 2010 3758 ἕρ-

365 3788 475 3844 γων
537 3768 632 3832 τὰς
688 3774 780 3824 τοῦ
840 3769 1024 3847 Κυρίου
1067 3767 1284 3832 ἐντολὰς
1339 3774 1613 3848 παρορμᾶν
1662 3766 1957 3848 ἐκπληροῦν
1990 3783 2006 3800 ⁸

371 3878 399 3910 α
451 3855 652 3912 Μάθετε
701 3857 822 3936 γὰρ,
869 3859 1053 3938 φησὶν,
1097 3856 1374 3938 ἀπ’ῌὶμοῦ,
1405 3857 1486 3914 ὅτι
1549 3856 1716 3936 πρᾶός
1776 3859 1883 3934 εἶμι
1925 3860 2015 3914 καὶ

364 3944 607 4010 ταπεινὸς
637 3949 705 4022 τῇ
733 3936 936 4025 καρδία.
972 3969 1000 4001 ι
1038 3936 1158 4022 Καὶ,
1184 3936 1378 4011 υΟιινεῑις
1398 3950 1607 4025 πρῶτος
1629 3944 1683 4001 ἐν
1703 3946 1833 4023 ὑμῖν
1849 3945 2012 4004 ἐθέλει

245 4039 250 4042 ’
366 4034 531 4105 εἶναι,
577 4033 716 4091 ἔστω
739 4035 950 4091 πάντων
979 4035 1236 4114 ἔσχατος.

445 4125 510 4200 ς’
521 4115 553 4187 ’.
603 4132 700 4180 Δεῖ
753 4124 853 4191 τὴν
897 4125 996 4192 σὴν
1039 4123 1354 4205 θεοφίλειαν,
1415 4125 1511 4191 τὴν
1583 4122 1864 4193 ἐπαινετὴν
1908 4125 2010 4183 ἐπ-

363 4213 746 4292 αναιρουμένην
793 4213 1132 4281 ταπείνωσιν,
1184 4211 1350 4290 μηδὲν
1390 4211 1600 4279 ἀνάξιον
1643 4212 1697 4268 ἐν
1754 4227 1872 4280 τοῖς
1913 4216 2014 4271 ὑπὸ

366 4316 531 4382 χεῖρα
581 4302 957 4383 ἀρχιερατικῆς
997 4303 1318 4378 ὑπολήψεως
1361 4303 1766 4382 κιαπράττεσθαι
1803 4322 1816 4338 ο

362 4391 524 4460 ἡνίκα
564 4413 644 4454 τις
685 4391 883 4448 τούτων
939 4394 1026 4449 καὶ
1067 4391 1155 4449 ὅτε
1198 4394 1461 4468 ὀψόμενος
1505 4392 1670 4460 αὐτὴν
1706 4393 2008 4472 παραγίνη-

364 4503 473 4559 ται,
533 4479 611 4556 μὴ
679 4478 732 4546 ἐξ
783 4478 1030 4544 ἀπονοίας
1100 4483 1188 4538 καὶ
1255 4480 1560 4561 φυσιώσεως
1603 4481 1700 4550 τὴν
1758 4481 2013 4558 αύτοψίαν

363 4570 548 4626 τούτου
605 4568 693 4624 καὶ
729 4566 1070 4646 προσομιλίαν
1126 4568 1556 4627 διαναϐάλλεσθαι
1590 4588 1608 4607 ·
1654 4569 1776 4626 ἀλλ’
1830 4569 2014 4627 αὗτίκα

363 4660 451 4714 καὶ
491 4657 590 4724 τὴν
648 4654 966 4737 παραδοχὴν
1021 4658 1205 4716 τούτου
1258 4661 1550 4733 ποιεῖσθαι,
1607 4661 1693 4715 καὶ
1750 4660 1882 4738 πρὸς
1924 4656 2011 4714 δε-

362 4745 540 4812 ξίωσιν
569 4746 641 4808 ὣς
700 4742 816 4800 δέον
857 4743 1210 4826 προέρχεσθαι
1269 4743 1407 4826 (καθ’
1453 4747 1512 4802 ὃν
1577 4747 1772 4825 τρόπον
1826 4748 1861 4815 ἡ
1925 4767 2022 4822 με-

361 4835 579 4915 τριότης
621 4834 776 4920 ἡμῶν
818 4834 946 4912 πρὸς
974 4837 1072 4905 τήν
1121 4837 1270 4912 ὑμῶν
1325 4834 1621 4915 θεοφιλειαν
1689 4833 2016 4920 διατίθεται),

361 4920 590 5000 ἀκριϐῶς
649 4919 868 5002 εἰδυῖαν,
924 4923 998 4988 ὡς
1063 4925 1107 4980 εἰ
1170 4927 1259 4982 καὶ
1314 4930 1383 5000 τῇ
1438 4921 1686 5004 προεδρίᾳ
1736 4925 1797 4980 τὸ
1829 4931 2017 4999 μεῖζον

365 5009 732 5088 ἐκληρώσατο,
800 5007 920 5067 ἀλλ’
973 5011 1060 5068 οὗν
1124 5019 1192 5090 τῇ
1235 5013 1488 5089 ὁμοτιμία
1543 5017 1642 5079 τῆς
1700 5012 1932 5092 φύσεως,
1979 5011 2016 5081 ἢ

363 5099 452 5154 καὶ
518 5105 596 5172 τῷ
663 5096 990 5177 παραλλήλῳ
1053 5101 1152 5168 τῆς
1222 5108 1314 5158 τοῦ
1385 5103 1642 5180 παναγίου
1711 5101 2014 5177 Πνεύματος

241 5212 256 5223 ι
365 5185 649 5265 ἐνεργείας,
680 5184 799 5244 κατ’
829 5186 974 5246 οὐδὲν
1002 5187 1221 5249 ἔλαττον
1248 5192 1405 5266 ἡμῶν
1431 5187 1531 5241 68³⁵
1573 5192 1602 5248 ὁ
1643 5188 1877 5253 τοιοῦτος
1907 5187 2015 5246 δια-

362 5273 527 5354 φέρει.

2095 3067 2196 3109 eos
2227 3051 2500 3128 pietatem
2533 3050 2728 3128 docet,
2757 3059 3119 3132 segregator,
3171 3060 3230 3116 et
3260 3072 3647 3135 perseverans
3678 3059 3738 3119 in

2095 3139 2472 3217 negligentia,
2513 3139 2850 3219 deponitor.

2175 3233 2232 3290 5.
2259 3227 2503 3309 Oportet
2517 3237 2573 3290 te
2596 3248 2714 3291 non
2729 3239 2970 3309 propter
2981 3227 3327 3308 dignitatem
3340 3232 3520 3294 ofﬁcii
3536 3233 3735 3314 presi-

2095 3315 2728 3392 diselatum,adversus
2742 3315 3736 3400 tibicommendatosinsurgere,ne

2095 3404 2314 3484 pariter
2338 3413 2394 3466 et
2415 3404 2770 3468 humilitatis
2782 3404 3171 3467 felicitatione
3191 3415 3480 3483 careas,et
3499 3408 3738 3472 inﬂato-

2093 3511 2224 3555 rum
2249 3493 2477 3556 crimen
2500 3494 2804 3576 incurras;
2829 3493 2933 3555 sed
2955 3493 3148 3574 potius
3171 3493 3429 3576 teipsum
3453 3496 3738 3563 exhibere

2092 3581 2516 3664 spectantibus,
2545 3582 2880 3662 exemplum
2903 3581 3276 3655 humilitatis,
3303 3590 3362 3646 et
3397 3602 3500 3647 eos
3518 3585 3591 3649 ad
3615 3586 3735 3649 im-

2093 3671 2310 3752 plenda
2340 3671 2578 3735 Domini
2602 3671 2876 3734 mandata
2902 3670 3080 3733 fuctis
3106 3670 3255 3751 ipsis
3304 3673 3584 3738 excitare.
3617 3677 3733 3740 Di-

2093 3764 2265 3837 scite,
2285 3761 2495 3841 inquit,
2511 3779 2585 3824 ea:
2607 3779 2722 3837 me,
2745 3762 3038 3842 quoniam
3054 3761 3220 3824 mitis
3237 3777 3393 3837 sum,
3419 3763 3737 3829 ethumt‘lis

2095 3851 2296 3913 corde.
2332 3853 2502 3931 Item,
2535 3849 2814 3931 Quisquis
2843 3850 3000 3912 inter
3018 3868 3120 3913 vos
3163 3848 3389 3930 primus
3420 3869 3552 3915 esse
3583 3853 3734 3933 vult,

2096 3939 2454 4002 sitomnium
2485 3940 2756 4004 ultimus.

2177 4118 2234 4182 6.
2263 4117 2450 4180 Debet
2467 4125 2562 4179 tua
2590 4117 2775 4200 pietas
2797 4117 2970 4180 laude
2987 4116 3222 4198 dignam
3255 4118 3590 4200 suscipiens
3613 4120 3737 4182 hn-

2100 4205 2426 4282 militatem,
2455 4207 2606 4268 nihil
2636 4206 2943 4287 indignum
2975 4206 3410 4270 existimatione
3433 4208 3735 4288 pontificia

1889 4303 2008 4362 ἀλλ’
2030 4316 2076 4370 ι)
2099 4294 2254 4356 inter
2279 4294 2548 4356 subditos
2565 4298 2938 4358 committere
2967 4314 2982 4359 :
3010 4295 3116 4356 sed
3138 4295 3609 4375 quandocunque
3628 4296 3738 4356 ho-

2093 4402 2223 4444 rum
2253 4384 2466 4464 aliquis
2490 4384 2776 4446 invisendi
2802 4402 2978 4446 causa
2999 4383 3251 4458 accedit,
3271 4401 3389 4444 non
3407 4403 3477 4445 ex
3507 4382 3740 4444 insania

2096 4481 2153 4532 et
2182 4472 2483 4535 inﬂatione
2509 4472 2768 4534 hominis
2789 4479 3089 4553 aspectum
3109 4479 3167 4533 et
3187 4471 3605 4533 allocutionem
3630 4470 3742 4533 dif-

2096 4561 2299 4624 ferre:
2335 4561 2438 4624 sed
2496 4580 2630 4625 eum
2676 4561 2873 4624 statim
2923 4559 3260 4637 admittere,
3315 4577 3539 4641 proque
3571 4577 3738 4622 more

2105 4650 2341 4731 prodire
2367 4650 2438 4712 ad
2478 4651 2675 4732 ipsum
2735 4648 3151 4730 excipiendum
3186 4648 3399 4729 (qualis
3430 4655 3490 4710 et
3519 4656 3738 4710 nostrae

2105 4739 2529 4801 mediocritatis
2577 4758 2706 4802 esse
2762 4739 2912 4801 solet
2979 4737 3212 4800 affectio
3269 4755 3410 4818 erga
3458 4735 3736 4819 pietatem

2102 4829 2400 4908 vestram),
2421 4846 2556 4889 cum
2587 4835 2860 4889 accurate
2875 4826 3052 4904 norit,
3072 4825 3306 4889 tametsi
3324 4825 3552 4890 ratione
3579 4843 3735 4907 prae-

2101 4915 2338 4979 fecturae
2352 4918 2539 4997 major
2561 4916 2688 4997 ipsa
2711 4916 2824 4998 sit;
2859 4916 3026 4978 illum
3053 4924 3250 4978 tamen
3279 4916 3530 4978 alterum
3558 4921 3735 4977 natu-

2101 5024 2181 5067 ra:
2207 5005 2493 5084 dignitate
2525 5023 2749 5086 parem,
2799 5006 2890 5070 vel
2939 5005 3115 5067 etiam
3165 5004 3434 5069 instituta
3484 5003 3737 5086 Spiritus

2099 5095 2287 5157 sancti
2313 5095 2683 5157 efﬁcacitatis
2716 5094 3178 5178 comparatione,
3211 5094 3433 5157 nullius
3460 5099 3738 5175 respectu

2098 5183 2462 5247 discriminis
2488 5182 2834 5249 inferiorem
2865 5183 3039 5248 nobis
3069 5201 3221 5248 esse.

1671 5443 1937 5515 VARLE
1976 5439 2418 5521 LECTIONES.

440 5563 505 5616 68
532 5564 701 5639 δήπου
729 5565 953 5644 μᾶλλον.
1039 5565 1139 5618 68³⁸
1166 5570 1336 5647 ύμῶν.
