4160 6212
554 332 716 400 1139

1921 336 1953 398 J
1960 335 2052 397 US
2094 331 2246 397 CAN
2247 330 2349 397 ΟΝ
2355 333 2540 397 ICUM

3764 335 3917 401 1140

624 469 687 532 7.
707 465 896 533 Debet
915 471 1014 529 tua
1029 465 1240 548 pietas,
1260 465 1556 547 siquidem
1583 466 1764 529 malas
1783 467 1964 530 vitare
1986 466 2188 548 suspi-’

2351 454 2422 538 ζ’,
2486 475 2583 524 Δεῖ
2638 467 2737 535 τὴν
2780 468 2880 536 σὴν
2934 467 3249 550 θεοφίλειαν,
3311 469 3462 544 εἴπερ
3531 472 3626 534 τὰς
3678 472 3921 549 πονηρὰς

545 559 753 622 ciones
772 555 934 639 velit,
956 555 1052 633 iis,
1073 555 1176 637 qui
1212 555 1374 619 clero
1413 562 1830 631 accensentur,
1854 574 2054 620 rerum
2085 555 2193 619 ad-

544 644 1042 709 ministrationem
1055 651 1231 726 atque
1249 643 1746 708 aliasfunctiones
1759 644 2193 708 ecclesiasticas

541 733 606 796 in
635 750 846 796 manus
878 731 1138 795 tradere.
1192 734 1320 796 Hoc
1366 732 1526 795 enim
1558 740 1617 795 et
1669 752 1703 795 a
1747 751 1975 795 canone
2020 752 2189 797 sacro

541 828 900 904 praeceptum
953 828 1066 903 est,
1118 827 1176 883 et
1224 822 1391 885 omni
1433 840 1537 884 vos
1568 822 1792 885 offensa
1820 822 2068 887 liberat:
2102 823 2189 887 uti

539 910 773 973 scilicet
792 908 1226 973 administratio
1256 927 1457 973 rerum
1506 909 1788 974 Ecclesiae
1832 911 2188 974 testimoniis

536 1018 659 1063 non
687 1005 908 1076 careat,
940 1005 1007 1060 ut
1055 997 1221 1062 nulla
1254 1017 1501 1081 prorsus
1531 1018 1603 1063 ex
1649 1008 1818 1083 parte
1851 1000 2186 1065 sacerdotio

536 1090 791 1155 convicii
820 1087 987 1153 labes
1014 1096 1388 1170 aspergatur.

617 1268 678 1330 8.
710 1265 902 1331 Debet
929 1273 1032 1330 tua
1060 1267 1274 1349 pietas,
1323 1266 1373 1328 si
1397 1267 1532 1349 quis
1561 1267 1977 1350 episcoporum
2009 1268 2186 1332 vitam

539 1376 675 1420 cum
696 1364 886 1419 morte
916 1355 1318 1434 commutarit,
1344 1355 1586 1418 omnino
1610 1356 1757 1419 nihil
1787 1375 1856 1419 ex
1888 1356 2069 1419 rebus
2091 1357 2209 1438 ἱρο-

539 1446 664 1509 sius
694 1445 961 1508 auferre:
998 1463 1111 1507 nec
1156 1445 1408 1507 honesto
1439 1444 1682 1508 nomine
1713 1445 2186 1523 consuetudinis,

539 1533 905 1614 prohibitum
926 1532 1151 1615 rapinae
1166 1533 1463 1596 violentiae
1479 1552 1610 1615 quae
1620 1534 1852 1597 facinus
1885 1534 2185 1598 obvelare:

540 1623 648 1687 sed
677 1623 974 1687 universis
1001 1624 1378 1699 denuntiare,
1401 1623 1767 1699 futurum,ut
1798 1626 1996 1686 omnia
2028 1624 2188 1686 salva

2276 1626 2558 1707 τυραννίδος
2659 1625 3098 1704 ἀπηγορευμένην

2275 554 2548 637 ἐκφεύγειν
2575 554 2869 632 ὑπολήψεις
2914 555 3102 632 ἐθέλει,
3148 570 3265 623 τοῖς
3320 558 3375 615 ἐν
3401 565 3479 634 τῷ
3530 557 3715 638 κλήρῳ
3743 581 3921 616 κατα-

2274 644 2579 724 λεγομένοις
2634 646 2733 716 τήν
2788 668 2846 702 τε
2914 652 3023 703 τῶν
3067 647 3394 727 πραγμάτων
3450 648 3773 724 οἰκονομίαν,
3829 651 3926 704 καὶ

2274 735 2370 798 τὰς
2426 732 2587 798 ἄλλος
2691 734 3133 802 ἐκκλησιαστικὰς
3237 736 3548 816 ἐγχειρίζειν
3630 736 3924 800 διακονίας.

2271 829 2439 881 Τοῦτο
2462 824 2561 903 γὰρ
2598 822 2693 880 καὶ
2739 826 2768 880 ὁ
2824 825 2960 903 ἱερός
3014 826 3188 881 κανὼν
3243 824 3594 904 ἐγκελεύεται,
3650 828 3737 881 καὶ
3793 827 3926 901 ὑμῖν

2268 912 2332 967 τὸ
2358 911 2696 989 ἀπρόσκοπον
2751 909 3016 993 προξενεῖ,
3060 912 3196 969 ὥστε
3254 914 3332 990 μὴ
3390 913 3684 993 ἀμάρτυρον
3773 914 3922 970 εἶναι

2267 1000 2367 1069 τὴν
2408 1000 2506 1068 τῆς
2562 998 2881 1069 Ἐκκλησίας
2948 1001 3248 1079 οἰκονομίαν
3270 1020 3289 1039 ο
3333 1004 3420 1059 καὶ
3463 1002 3601 1078 μήτε
3659 1002 3925 1078 ἐντεῦθεν,

2269 1090 2405 1165 μήτε
2448 1089 2554 1164 μὴν
2599 1087 2871 1170 ἑτέρωθεν,
2929 1087 3188 1170 λοιδορίαν
3242 1098 3311 1169 τῇ
3351 1090 3603 1169 ἱερωσύνη
3660 1092 3922 1170 προστρί-

2271 1174 2475 1239 ϐεσθαι,

2349 1260 2431 1338 η’.
2479 1279 2576 1326 Δεῖ
2603 1271 2703 1339 τὴν
2745 1271 2843 1338 σὴν
2898 1271 3217 1353 θεοφιλειαν,
3248 1270 3301 1327 εἴ
3352 1272 3483 1330 ποτέ
3522 1295 3623 1329 τινι
3665 1274 3774 1328 τῶν
3808 1272 3933 1329 ἐπι·

2272 1360 2486 1417 σκόπων
2518 1362 2579 1417 τὸ
2635 1366 2729 1417 τοῦ
2772 1360 2884 1437 βίου
2937 1359 3088 1425 τέλος
3133 1358 3374 1441 ἀπέλθοι,
3431 1359 3597 1436 μηδὲν
3654 1360 3931 1438 μηδαμῶς

2272 1448 2332 1504 ἐκ
2385 1454 2490 1505 τῶν
2559 1452 2717 1508 αὐτοῦ
2758 1448 3090 1529 ἀφαιρεῖσθαι
3133 1449 3481 1528 πραγμάτων,
3542 1447 3683 1525 μηδὲ
3737 1456 3928 1525 σεμνῷ

2271 1537 2490 1613 ὀνόματι
2534 1538 2805 1604 συνηθείας
2862 1536 3181 1608 ἐπισκιάζειν
3234 1538 3334 1605 τὴν
3388 1543 3486 1605 τῆς
3543 1538 3789 1617 ἁρπαγῆς
3834 1540 3929 1594 καὶ

3209 1625 3392 1704 πρᾶξιν
3428 1647 3441 1660 ·
3526 1631 3927 1705 παρεγγυᾶσθαι

538 1720 984 1791 conserventur,
1019 1719 1082 1775 et
1110 1711 1438 1775 secundum
1468 1711 1656 1792 ipsius
1681 1723 1805 1774 met
1833 1712 2183 1793 dispositio—

2276 1713 2320 1771 δὲ
2375 1721 2527 1789 πᾶσι,
2575 1720 2688 1771 σῶα
2728 1715 2900 1775 πάντα
2955 1712 3409 1794 διαφυλάττεσθαι,
3482 1716 3567 1771 καὶ
3623 1717 3762 1774 κατᾶ
3820 1716 3925 1782 τὴν

537 1819 678 1864 ηοω
696 1813 725 1845 ιι
744 1800 1024 1883 quaelibet
1041 1800 1264 1863 relictae
1288 1800 1522 1881 species
1558 1800 2049 1864 administrentur
2081 1820 2095 1864 :
2121 1802 2183 1864 in

2276 1805 2429 1861 αὐτοῦ
2496 1803 2693 1859 ἐκείνου
2741 1800 2992 1876 διάταξιν,
3068 1801 3232 1869 οὕτως
3302 1801 3525 1860 ἕκαστον
3577 1810 3683 1859 τῶν
3738 1825 3926 1859 κατι-

541 1889 752 1972 primis
780 1907 1147 1972 quacunque
1174 1889 1266 1952 vel
1296 1889 1368 1951 ab
1400 1889 1503 1952 illo
1534 1898 1824 1970 tempore,
1879 1910 1993 1970 quo
2024 1909 2181 1973 prae-

2276 1892 2676 1969 Ktpatavopévwv
2723 1889 2872 1948 εἰδῶν
2930 1889 3240 1948 διοικεῖσθαι
3274 1908 3291 1925 ⁶
3343 1889 3571 1967 μάλιστα
3599 1889 3656 1947 δὲ
3723 1890 3830 1947 ὅσα
3885 1892 3925 1959 ἢ

539 1979 731 2042 fectus
759 1978 1124 2061 episc0patui
1149 1978 1348 2059 fuerit,
1382 1979 1802 2060 acquisiverit;
1833 1981 1923 2043 vel
1942 1979 1998 2043 ei
2029 1989 2184 2061 post-

2276 1981 2403 2037 κατὰ
2459 1982 2550 2037 τὸν
2619 1983 2824 2060 καιρὸν,
2897 1981 2953 2036 ὃν
3035 1981 3432 2060 προεχειρίσθη,
3494 1979 3748 2047 ἐκέκτητο
3787 1999 3802 2012 ⁸
3887 1981 3925 2047 ἢ

542 2070 784 2132 modum
816 2086 851 2131 a
905 2069 1170 2149 cognatis
1218 2070 1602 2133 accesserint.
1660 2068 1827 2142 Quod
1887 2070 1935 2131 si
1993 2075 2183 2132 morte

2276 2070 2409 2144 μετὰ
2432 2074 2595 2126 ταῦτα
2625 2069 2685 2125 ἐκ
2740 2074 3007 2148 συγγενῶν
3063 2073 3204 2144 αὐτῷ
3259 2068 3573 2147 προσετέθη,
3619 2067 3752 2126 [513'
3801 2069 3931 2134 ἐξά-

543 2156 852 2220 subitauea
878 2157 1055 2220 vitam
1076 2156 1322 2227 ﬁnierit,
1362 2175 1439 2219 ne
1469 2157 1556 2219 sic
1586 2157 1827 2239 quidem
1881 2158 2186 2220 facultates

546 2245 733 2327 ipsius
762 2245 942 2328 diripi
969 2245 1259 2309 auferrive
1288 2244 1508 2308 debent
1534 2267 1549 2328 ;
1581 2246 1683 2310 sed
1715 2247 1767 2309 si
1808 2247 1908 2329 qui
1959 2247 2188 2328 cognati

539 2335 671 2415 ejus
689 2344 942 2417 exstent,
972 2335 1091 2398 illis
1119 2353 1216 2397 res
1246 2335 1432 2417 ipsius
1462 2336 1720 2417 propriae
1751 2336 2181 2400 attribuantur:

541 2424 634 2486 sin
663 2425 812 2488 nulli
843 2425 990 2487 tales
1023 2425 1346 2506 supersint,
1379 2432 1522 2486 tunc
1572 2424 1864 2506 siquidem
1896 2426 2068 2506 inops
2100 2432 2190 2489 est

545 2513 801 2577 ecclesia
846 2514 942 2577 cui
1004 2513 1257 2596 praefuit,
1291 2521 1468 2595 atque
1495 2515 1709 2576 horum
1743 2513 1964 2594 indiga,
1996 2514 2185 2577 facul-

543 2610 690 2665 tates
710 2604 840 2684 ejus
869 2602 1118 2684 accipiet
1145 2602 1232 2664 :si
1259 2603 1523 2685 locuples
1544 2612 1603 2665 et
1643 2604 1943 2683 opulenta,
1977 2604 2185 2666 saltem

544 2698 612 2753 ut
661 2691 725 2752 in
755 2709 1047 2773 pauperes
1077 2692 1209 2770 ejns
1260 2691 1416 2754 bona
1463 2691 1912 2767 distribuantur,
1946 2710 2187 2772 operam

545 2779 691 2842 dare
727 2779 908 2856 debet
934 2800 950 2857 ;
974 2798 1093 2841 non
1115 2779 1318 2860 specie
1330 2780 1581 2861 quadam
1604 2779 1918 2842 dominicae
1935 2782 2189 2844 auctori-

547 2866 685 2933 tatis
715 2875 775 2930 et
801 2868 1109 2950 potestatis
1140 2868 1495 2943 invadendo,
1543 2885 1642 2929 res
1692 2867 1880 2948 ipsius
1927 2868 2185 2934 auferre.

2273 2181 2399 2215 πινα
2452 2159 2515 2215 τὸ
2564 2166 2657 2216 τοῦ
2722 2159 2835 2234 βίου
2893 2156 3043 2221 τέλος
3082 2159 3249 2233 τούτῳ
3300 2156 3531 2234 ἐπέλθοι,
3589 2157 3717 2235 μηδ’
3747 2158 3923 2221 οὕτως

2272 2247 2516 2327 ἁρπαγὴν
2570 2248 2657 2304 καὶ
2708 2246 2975 2326 ἀφαίρεσιν
3048 2253 3152 2304 τῶν
3223 2249 3528 2327 προσόντων
3579 2247 3722 2323 αὖτῷ
3776 2271 3927 2325 πρα-

2270 2337 2489 2415 γμάτων
2520 2337 2746 2415 γίνεσθαι
2781 2352 2795 2365 ⁸
2841 2333 2961 2392 ἀλλ’
3004 2337 3047 2392 εὶ
3090 2335 3186 2413 μὲν
3239 2350 3511 2415 συγγενεῖς
3550 2338 3722 2409 τούτῳ
3782 2335 3924 2403 εἴη-

2272 2447 2390 2505 σαν,
2450 2424 2665 2488 ἐκείνοις
2707 2425 2795 2480 καὶ
2849 2425 2916 2480 τὰ
2977 2424 3159 2480 τούτου
3214 2423 3326 2480 ἴδια
3384 2426 3778 2504 περιποιεῖσθαι
3817 2442 3834 2455 ’
3883 2427 3926 2480 εἰ

2268 2511 2431 2589 δὲμὴ
2473 2513 2697 2570 τοιοῦτοί
2737 2534 2874 2576 τινες
2933 2512 3066 2587 εἶεν,
3126 2512 3247 2569 τότε
3288 2514 3332 2570 εἰ
3375 2514 3473 2589 μὲν
3529 2513 3728 2591 ἄπορός
3774 2513 3923 2570 ἐστιν

2267 2603 2301 2670 ἡ
2361 2599 2480 2659 κατ’
2523 2603 2677 2659 αὐτὸν
2721 2599 3034 2675 Ἐκκλησία,
3084 2603 3171 2659 καὶ
3212 2609 3319 2658 τῶν
3370 2602 3619 2658 τοιούτων
3677 2600 3923 2675 ἐπιδεὴς,

2265 2689 2442 2757 ἐκείνη
2486 2691 2575 2747 καὶ
2629 2691 2693 2745 τὰ
2737 2689 2878 2764 αὐτῷ
2932 2691 3268 2769 προσήκοντα
3321 2689 3654 2765 ἀναλήψεται
3690 2706 3705 2721 ·

3807 2692 3822 2711 ν
3876 2688 3921 2721 ’δι

3776 2711 3827 2745 ει
3870 2709 3925 2745 ὗεν

2268 2777 2324 2834 ἐν
2352 2778 2564 2859 εὐπορίᾳ
2618 2779 2972 2852 καθειστήκει,
3018 2779 3136 2844 τοῖς
3165 2785 3286 2858 γοῦν
3342 2778 3532 2847 πένησι
3591 2786 3757 2836 ταῦτα
3813 2777 3927 2835 δια-

2268 2864 2489 2924 δίδοσθαι
2557 2867 2990 2947 παρασκευάζειν,
3071 2865 3207 2923 me;
3281 2868 3359 2944 μὴ
3418 2868 3681 2932 αὖθεντίας
3739 2869 3928 2945 τρόπῳ

548 2957 780 3039 Quippe
809 2956 859 3019 si
887 2956 1032 3038 quid
1062 2974 1096 3018 a
1121 2955 1289 3019 vobis
1332 2956 1626 3037 ejusmodi
1660 2962 1944 3017 tentatum
1986 2956 2184 3036 fuerit,

2276 2954 2357 3009 καὶ
2378 2953 2607 3039 ἐξουσίας
2662 2952 3000 3035 ἐπέρχεσθαι,
3059 2954 3147 3011 καί
3196 2977 3245 3010 τι
3287 2961 3393 3013 τῶν
3447 2955 3605 3014 αὗτοῦ
3660 2956 3925 3036 ἀφαιρεῖ-

548 3034 683 3109 ῖιιηῐ
696 3034 758 3109 id
791 3034 949 3128 quod
973 3044 1236 3109 ablatum
1261 3034 1440 3109 fuerit
1464 3045 1528 3107 in
1550 3044 1794 3126 duplum
1822 3034 2190 3125 restituetur;

2276 3045 2410 3102 σθαι.
2459 3034 2550 3108 Ὠς
2583 3041 2702 3122 εἴγε
2743 3034 2978 3101 τοιοῦτόν
3022 3066 3073 3099 τι
3101 3042 3225 3123 παρ’
3278 3045 3426 3119 ὑμῶν
3480 3034 3804 3120 τολμηθείη,
3840 3048 3928 3101 καὶ

549 3142 675 3200 tum
695 3133 827 3216 ipse
843 3153 962 3221 non
982 3134 1262 3216 exiguum
1277 3133 1351 3197 ad
1374 3142 1608 3215 tempus
1625 3135 2186 3198 excommunicatio-

543 3223 636 3287 nis
662 3242 851 3306 pinnae
877 3223 1182 3305 subjectus
1209 3225 1346 3287 eris.

622 3402 683 3467 9.
702 3400 911 3484 Siquis
935 3403 1378 3485 episcoporum,
1420 3401 1528 3465 tibi
1566 3401 1962 3480 subditorum,
1992 3402 2066 3466 ad
2095 3403 2187 3467 al-

548 3498 733 3555 tcram
763 3492 942 3554 vitam
994 3491 1512 3574 commigraverit;
1572 3491 1764 3571 pietas
1796 3498 1892 3553 tua
1921 3491 2095 3572 longe
2129 3511 2194 3555 se

544 3599 863 3644 removens
891 3581 965 3643 ab
997 3581 1160 3644 omni
1188 3580 1509 3662 cupiditate
1531 3581 1812 3653 humana,
1832 3580 1925 3643 vel
1943 3582 2138 3661 potius
2158 3600 2192 3643 a

547 3668 875 3733 simoniaco
902 3668 1044 3732 vitio
1066 3668 1317 3732 liberam
1335 3687 1469 3733 sese
1490 3669 1932 3743 demonstrans,
1959 3675 2016 3730 et
2031 3669 2193 3731 omni

548 3757 725 3821 modo
748 3766 929 3840 atque
949 3757 1228 3822 omnibus
1254 3758 1481 3821 viribus
1504 3757 1755 3836 gratiam
1779 3756 2037 3838 Spiritus
2059 3776 2195 3820 san-
2226 3783 2229 3786 ν

548 3848 626 3910 cti
645 3846 889 3909 minime
914 3847 1188 3909 venalem
1214 3865 1480 3924 servans,
1526 3845 1843 3928 Deumque
1874 3846 2064 3909 solum
2094 3847 2193 3909 in-

548 3943 883 4017 spectarem
908 3935 1174 3999 cordium
1193 3947 1532 3998 nostrorum
1554 3935 1814 4009 intuens,
1840 3953 1975 3997 eum
1996 3936 2187 3998 homi-

545 4042 685 4087 nem
712 4024 785 4086 ad
814 4022 1061 4104 gradum
1117 4023 1519 4106 episcopalem
1581 4024 1833 4086 evehere
1864 4023 2064 4100 debet,
2093 4025 2195 4106 qui

542 4112 890 4175 testimonia
902 4112 1035 4175 vita:
1048 4113 1337 4189 honestae,
1358 4112 1664 4189 doctrinae,
1691 4111 1922 4174 ordinis
1936 4120 1992 4175 et
2012 4114 2191 4176 studii

547 4200 877 4282 spiritualis
889 4200 1130 4274 habeat,
1152 4209 1209 4263 et
1220 4200 1335 4264 rite
1348 4201 1678 4265 secundum
1698 4219 1958 4263 canones
1971 4201 2194 4264 electus

546 4290 625 4354 sit
655 4310 671 4352 :
697 4298 760 4354 ut
788 4308 1000 4372 magna
1018 4289 1120 4352 illa
1166 4290 1537 4372 pontiﬁcatus
1563 4289 1816 4370 dignitas
1843 4289 2131 4353 immunis
2160 4309 2193 4353 a

2270 3132 2300 3187 8
2356 3128 2402 3186 δ’
2458 3129 2520 3187 ἂν
2562 3132 2861 3213 ἀφαιρεθείη
2933 3133 3007 3198 εἷς
3081 3133 3141 3188 τὸ
3197 3130 3469 3191 διπλάσιον
3523 3133 3931 3213 ἀναστραφήσε-

2269 3242 2379 3296 ται,
2451 3221 2540 3277 καὶ
2604 3221 2959 3295 ἀκοινωνησίᾳ
3027 3220 3113 3279 ἐπὶ
3179 3221 3431 3280 πλεῖστον
3471 3221 3926 3302 κυθυιιτοϐληθήσει⁸

2270 3309 2490 3389 χρόνον·

2350 3386 2420 3457 θ’.
2456 3405 2554 3456 Δεῖ
2581 3397 2648 3465 τὴ
2672 3398 2771 3467 σὴν
2802 3398 3119 3479 θεοφίλειαν,
3168 3398 3355 3456 εἴποτέ
3406 3423 3486 3465 τις
3524 3407 3631 3458 τῶν
3679 3399 3772 3457 ὑπ’
3832 3406 3929 3461 αὖε

2271 3487 2372 3554 τὴν
2425 3486 2718 3545 τελούντων
2773 3488 3083 3546 ἐπισκόπων
3147 3490 3279 3567 πρὸς
3346 3490 3445 3558 τὴν
3498 3489 3675 3547 ἐκεῖθε
3749 3512 3926 3566 μενα-

2274 3576 2428 3643 σταίη
2483 3574 2656 3651 ληξιν,
2702 3577 2899 3641 παντὸς
2967 3576 3285 3655 ἀνθρωπίνου
3355 3579 3544 3646 ἑαυτὴν
3628 3581 3927 3659 μακρόνω-

2273 3687 2368 3723 σαν
2399 3664 2790 3742 ἐλαττώματος,
2852 3663 3053 3740 μᾶλλον
3096 3664 3151 3721 δὲ
3192 3667 3290 3735 τῆς
3339 3669 3669 3743 σιμωνιακῆς
3731 3669 3925 3731 κακίας

2275 3753 2750 3835 ἐλευθεριάζουσαν,
2803 3755 2890 3810 καὶ
2944 3756 3100 3811 παντὶ
3157 3757 3334 3836 τρόπῳ
3391 3758 3479 3813 καὶ
3528 3757 3672 3832 πάσῃ
3704 3755 3926 3833 δυνάμει

2274 3844 2372 3911 τὴν
2429 3851 2522 3900 τοῦ
2565 3844 2865 3919 Πνεύματος
2919 3843 3059 3899 θείαν
3129 3845 3287 3923 χάριν
3351 3843 3578 3925 ἄπρατον
3636 3844 3927 3917 διασώζου-

2276 3954 2396 4005 σαν,
2441 3934 2572 4012 πρὸς
2617 3934 2777 4008 μόνον
2835 3932 2964 3987 Θεὸν
3007 3932 3097 3989 τὸν
3139 3937 3245 3989 τῶν
3294 3932 3518 4013 καρδιῶν
3565 3936 3725 4011 ἡμῶν
3779 3936 3925 3992 ἀπο-

2277 4019 2571 4078 ϐλέπουσαν
2601 4019 2809 4101 ἔφορον,
2852 4020 2944 4077 τὸν
2988 4020 3072 4077 ἐπὶ
3275 4029 3476 4098 σεμνῷ,
3521 4025 3607 4079 καὶ
3637 4022 3807 4102 λόγῳ,
3838 4026 3927 4079 καὶ

2276 4111 2591 4168 καταστάσει
2666 4115 2998 4186 πνευματικῇ
3081 4112 3537 4189 μαρτυμούμενον,
3607 4114 3694 4167 καὶ
3753 4135 3926 4169 κανο-

2274 4207 2433 4262 νικῶς
2464 4198 2842 4280 ψηφιζόμενον,
2899 4200 2972 4261 εἰς
3013 4199 3101 4254 τὸν
3158 4199 3501 4257 ἐπισκοπικὸν
3556 4200 3774 4279 ἀνάγειν
3817 4202 3924 4276 βι-

2239 4290 2428 4366 ’θμὸν,
2472 4288 2565 4344 ἵνα
2591 4285 2655 4354 δὴ
2685 4288 2772 4345 καὶ
2800 4288 2862 4342 τὸ
2904 4285 3041 4365 μέγα
3095 4293 3193 4356 τῆς
3248 4288 3641 4368 ἀρχιερωσύνης
3698 4289 3929 4359 ἀκαπιζ-

545 4382 980 4463 cauponatione
1010 4388 1416 4456 conservetur,
1448 4399 1516 4443 ac
1567 4388 1691 4441 tum
1731 4379 1859 4460 ipse
1888 4379 2190 4443 canonicis

2276 4377 2459 4435 λελτον
2508 4388 2822 4447 συντηροῖτο
2864 4374 3091 4457 ἀξίωμα,
3151 4378 3239 4434 καὶ
3293 4380 3446 4443 αὐτὸς
3499 4378 3594 4453 μὲν
3649 4381 3797 4458 παρὰ
3824 4380 3926 4445 τῆς

549 4469 955 4534 sanctionibus
983 4488 1103 4532 non
1126 4468 1569 4548 condemneris,
1593 4476 1716 4531 tum
1749 4467 1851 4530 ille
1892 4468 2014 4530 suis
2048 4488 2189 4550 pro-

546 4559 718 4623 batus
746 4560 860 4622 hoc
911 4558 1087 4621 modo
1115 4559 1189 4622 ad
1218 4558 1623 4641 episcopatum
1684 4557 1924 4640 propria
1980 4557 2189 4621 virtute

552 4648 819 4730 provehi,
845 4646 995 4710 liber
1016 4646 1088 4709 ab
1112 4649 1273 4710 omni
1297 4648 1375 4710 sit
1425 4649 1650 4713 offensa
1677 4665 1694 4724 ;
1720 4665 1832 4708 nec
1854 4646 2190 4727 spirituales

546 4737 610 4800 in
640 4737 808 4816 leges
844 4736 1205 4818 impingens,
1240 4755 1350 4799 nec
1379 4736 1720 4800 inevitabile
1765 4734 1872 4798 Dei
1891 4735 2187 4816 judicium

547 4825 835 4889 adversus
854 4844 987 4889 sese
1018 4843 1367 4908 provocans.

628 4922 725 4979 10.
757 4915 827 4979 In
849 4914 1013 4978 omni
1029 4916 1264 4978 actione
1283 4925 1457 4997 atque
1477 4915 1853 4997 tractatione,
1888 4933 2131 4997 prorsus
2158 4934 2194 4979 a

548 5004 899 5068 muneribus
914 5003 1220 5067 continere
1234 5011 1290 5066 te
1301 5003 1510 5080 debes,
1529 5010 1586 5066 et
1598 5012 1762 5066 certo
1776 5003 1952 5080 scire,
1976 5022 2189 5084 pecca-

547 5100 673 5156 tum
706 5091 1013 5176 quodlibet
1061 5092 1342 5174 simplum
1399 5092 1632 5174 perpeti
1680 5091 2038 5175 supplicium
2072 5113 2088 5155 :
2117 5093 2191 5155 ad

544 5179 718 5244 istam
750 5179 1333 5257 Simonis‘hzeresim,
1361 5180 1601 5263 duplam
1625 5181 1686 5242 in
1710 5198 1777 5242 ea
1799 5180 2190 5261 depraehenso

549 5269 1109 5334 condemnationem
1128 5269 1365 5334 afferre.
1390 5269 1764 5353 Quapropter
1791 5270 1917 5332 haec
1945 5269 2190 5335 omnino

545 5357 947 5424 exscindenda
973 5359 1156 5438 venit,
1183 5376 1252 5423 ac
1270 5376 1347 5423 ne
1362 5357 1896 5425 consuetudinibus
1918 5358 2184 5440 quidem,

2272 4465 2549 4534 κανονικῆς
2577 4464 2912 4541 θεσμοθεσίας
2956 4464 3305 4544 ἀκατάκριτος
3337 4466 3639 4546 ἐποφθείης,
3668 4462 3927 4529 κΞικεῖνος

2271 4554 2323 4623 ἐξ
2366 4556 2551 4613 ἑαυτοῦ
2597 4552 2732 4611 οὕτω
2774 4553 3192 4633 προχειρίζεσθαι
3222 4557 3342 4620 τοὺς
3391 4553 3523 4634 ἀμφ’
3551 4558 3703 4612 αὐτὸν
3749 4555 3930 4612 διδασ-

2270 4647 2518 4725 κόμενος,
2563 4644 2898 4722 ἀπρόσκοπος
2954 4641 3045 4709 εἴη
3077 4659 3092 4675 ⁸
3170 4644 3309 4719 μήτε
3365 4658 3485 4709 τοῖς
3541 4644 3931 4720 πνευματικοῖξ

2272 4734 2457 4811 νόμοις
2488 4732 2848 4813 προσκρούων,
2908 4732 3046 4805 μήτε
3106 4734 3164 4788 τὸ
3219 4732 3446 4812 ἄφυκτον
3475 4740 3564 4790 τοῦ
3588 4740 3719 4790 Θεοῦ
3748 4748 3932 4813 κρῖμα

2273 4821 2389 4880 καθ’
2432 4824 2618 4879 ἑαυτοῦ
2644 4818 3027 4894 ἐκκαλούμενος
3038 4869 3052 4882 .

2356 4902 2396 4968 ι’
2441 4921 2537 4968 Δεῖ
2567 4932 2626 4967 σε
2680 4909 2765 4964 ἐπὶ
2819 4908 2965 4984 πάσῃ
3019 4906 3200 4987 πράξει
3242 4911 3329 4966 καὶ
3372 4912 3732 4991 μεταχειρίσει
3793 4935 3933 4969 παν-

2273 5003 2469 5059 τάπασι
2512 4997 2692 5078 δώρων
2757 4995 3073 5076 ἀπέχεσθαι,
3134 4995 3363 5077 ἀκριϐῶς
3404 4998 3601 5073 εἰδότα,
3659 5002 3735 5066 ὡς
3782 5009 3936 5059 πᾶσα

2275 5092 2371 5169 μὲν
2429 5089 2659 5167 ἁμαρτία
2717 5084 2895 5154 ἁπλῆν
2952 5087 3051 5154 τὴν
3095 5088 3348 5167 τιμωρίαν
3404 5090 3678 5169 ὑφίσταται
3712 5106 3728 5121 ’
3780 5095 3818 5160 ἡ
3876 5090 3935 5148 δὲ

2272 5187 2364 5240 τοῦ
2424 5180 2663 5255 Σίμωνος
2719 5176 2920 5256 αἵρεσις
2963 5174 3154 5242 διπλῆν
3198 5175 3384 5256 ἐπάγει
3425 5185 3501 5253 τῷ
3550 5178 3732 5236 ἁλόντι
3763 5205 3928 5240 κατι-

2271 5293 2464 5352 κρισιν,
2540 5267 2634 5323 Διὸ
2697 5264 2780 5324 δεῖ
2842 5262 3112 5329 παντελῶς
3163 5267 3359 5336 ταύτην
3415 5269 3785 5351 περικόπτειν,
3847 5273 3939 5328 καὶ

2271 5357 2407 5438 μηδὲ
2474 5369 2597 5420 ταῖς
2652 5354 2963 5435 λεγομέναις
3012 5359 3303 5424 συνηθείαις
3361 5354 3567 5415 εἴσοδον
3622 5361 3712 5417 καὶ
3784 5384 3939 5441 παρ-

1884 5518 2155 5584 VARL’E-
2178 5510 2617 5587 LECTTONES.

621 5655 647 5685 ⁸
679 5643 1136 5733 testamentum.
