  <div class='ocr_page' id='page_1' title='image "/cluster/home/n/w/nwhite01/storage/ocr_20150623/119/hvd.32044073502494/578.png"; bbox 0 0 4160 6212; ppageno 0'>
   <div class='ocr_carea' id='block_1_1' title="bbox 265 298 416 364">
    <p class='ocr_par' dir='ltr' id='par_1_1' title="bbox 265 298 416 364">
     <span class='ocr_line' id='line_1_1' title="bbox 265 298 416 364; baseline 0.02 -3"><span class='ocrx_word' id='word_1_1' title='bbox 265 298 416 364; x_wconf 79' lang='grc'><strong>1141</strong></span> 
     </span>
    </p>
   </div>
   <div class='ocr_carea' id='block_1_2' title="bbox 1607 291 2318 360">
    <p class='ocr_par' dir='ltr' id='par_1_2' title="bbox 1607 291 2318 360">
     <span class='ocr_line' id='line_1_2' title="bbox 1607 291 2318 360; baseline -0.003 -1"><span class='ocrx_word' id='word_1_2' title='bbox 1607 291 2295 360; x_wconf 71' lang='grc' dir='ltr'>θΒίΕϐΟ-ΒΟΜΑΝΗΜ</span> <span class='ocrx_word' id='word_1_3' title='bbox 2305 344 2318 357; x_wconf 92' lang='grc'><strong>.</strong></span> 
     </span>
    </p>
   </div>
   <div class='ocr_carea' id='block_1_3' title="bbox 3492 297 3650 363">
    <p class='ocr_par' dir='ltr' id='par_1_3' title="bbox 3492 297 3650 363">
     <span class='ocr_line' id='line_1_3' title="bbox 3492 297 3650 363; baseline 0.013 -2"><span class='ocrx_word' id='word_1_4' title='bbox 3492 297 3650 363; x_wconf 77' lang='grc'>4142</span> 
     </span>
    </p>
   </div>
   <div class='ocr_carea' id='block_1_4' title="bbox 261 423 1925 515">
    <p class='ocr_par' dir='ltr' id='par_1_4' title="bbox 261 432 1912 515">
     <span class='ocr_line' id='line_1_4' title="bbox 289 432 1912 472; baseline -0.009 -13"><span class='ocrx_word' id='word_1_5' title='bbox 289 437 302 459; x_wconf 67' lang='grc' dir='ltr'>ν</span> <span class='ocrx_word' id='word_1_6' title='bbox 382 458 391 472; x_wconf 60' lang='grc'>,</span> <span class='ocrx_word' id='word_1_7' title='bbox 561 434 597 467; x_wconf 54' lang='grc' dir='ltr'>ν.</span> <span class='ocrx_word' id='word_1_8' title='bbox 888 436 901 453; x_wconf 72' lang='lat' dir='ltr'><strong>I</strong></span> <span class='ocrx_word' id='word_1_9' title='bbox 1018 435 1029 450; x_wconf 61' lang='grc' dir='ltr'>ἱ</span> <span class='ocrx_word' id='word_1_10' title='bbox 1362 432 1372 447; x_wconf 81' lang='grc' dir='ltr'>σ</span> <span class='ocrx_word' id='word_1_11' title='bbox 1620 436 1644 447; x_wconf 63' lang='grc' dir='ltr'><strong>ν</strong></span> <span class='ocrx_word' id='word_1_12' title='bbox 1817 434 1823 440; x_wconf 88' lang='lat'><strong><em>-</em></strong></span> <span class='ocrx_word' id='word_1_13' title='bbox 1893 456 1912 468; x_wconf 71' lang='grc'>⁶</span> 
     </span>
     <span class='ocr_line' id='line_1_5' title="bbox 261 432 1882 515; baseline -0.006 -23"><span class='ocrx_word' id='word_1_14' title='bbox 261 434 500 492; x_wconf 65' lang='grc' dir='ltr'>εισδδσιν</span> <span class='ocrx_word' id='word_1_15' title='bbox 562 457 729 515; x_wconf 37' lang='grc' dir='ltr'>εχσειν,</span> <span class='ocrx_word' id='word_1_16' title='bbox 808 445 906 493; x_wconf 86' lang='grc' dir='ltr'>Και</span> <span class='ocrx_word' id='word_1_17' title='bbox 976 456 1075 513; x_wconf 82' lang='grc' dir='ltr'>γαρ</span> <span class='ocrx_word' id='word_1_18' title='bbox 1130 436 1181 489; x_wconf 79' lang='grc' dir='ltr'>αἱ</span> <span class='ocrx_word' id='word_1_19' title='bbox 1251 432 1529 509; x_wconf 87' lang='grc' dir='ltr'>λεγομεναι</span> <span class='ocrx_word' id='word_1_20' title='bbox 1584 452 1736 487; x_wconf 90' lang='grc' dir='ltr'>αυται</span> <span class='ocrx_word' id='word_1_21' title='bbox 1792 448 1882 484; x_wconf 81' lang='grc' dir='ltr'>συν</span> 
     </span>
    </p>
   </div>
   <div class='ocr_carea' id='block_1_5' title="bbox 2009 423 3641 515">
    <p class='ocr_par' dir='ltr' id='par_1_5' title="bbox 2009 423 3641 515">
     <span class='ocr_line' id='line_1_6' title="bbox 2009 423 3641 515; baseline 0.004 -34"><span class='ocrx_word' id='word_1_22' title='bbox 2009 431 2410 515; x_wconf 79' lang='lat' dir='ltr'>q_ua3_voc_ant,</span> <span class='ocrx_word' id='word_1_23' title='bbox 2440 423 2637 515; x_wconf 79' lang='lat' dir='ltr'>aditus</span> <span class='ocrx_word' id='word_1_24' title='bbox 2668 431 2727 485; x_wconf 93' lang='lat' dir='ltr'>et</span> <span class='ocrx_word' id='word_1_25' title='bbox 2772 424 3033 486; x_wconf 83' lang='lat' dir='ltr'>fenestra</span> <span class='ocrx_word' id='word_1_26' title='bbox 3062 424 3590 515; x_wconf 81' lang='lat' dir='ltr'>patefaciendaest</span> <span class='ocrx_word' id='word_1_27' title='bbox 3626 446 3641 487; x_wconf 92' lang='lat'><strong>:</strong></span> 
     </span>
    </p>
   </div>
   <div class='ocr_carea' id='block_1_6' title="bbox 269 519 1918 604">
    <p class='ocr_par' dir='ltr' id='par_1_6' title="bbox 269 519 1918 604">
     <span class='ocr_line' id='line_1_7' title="bbox 269 519 1918 604; baseline -0.007 -21"><span class='ocrx_word' id='word_1_28' title='bbox 269 527 471 604; x_wconf 78' lang='grc' dir='ltr'>ήθειαι,</span> <span class='ocrx_word' id='word_1_29' title='bbox 579 523 921 604; x_wconf 74' lang='grc' dir='ltr'>φιλαργυαίας</span> <span class='ocrx_word' id='word_1_30' title='bbox 1033 521 1526 597; x_wconf 86' lang='grc' dir='ltr'>συνεισκωμάσασαι</span> <span class='ocrx_word' id='word_1_31' title='bbox 1635 519 1918 594; x_wconf 72' lang='grc' dir='ltr'>νοσήματι,</span> 
     </span>
    </p>
   </div>
   <div class='ocr_carea' id='block_1_7' title="bbox 272 605 1924 691">
    <p class='ocr_par' dir='ltr' id='par_1_7' title="bbox 272 605 1924 691">
     <span class='ocr_line' id='line_1_8' title="bbox 272 605 1924 691; baseline -0.006 -21"><span class='ocrx_word' id='word_1_32' title='bbox 272 611 415 673; x_wconf 63' lang='grc' dir='ltr'>οὐδέν</span> <span class='ocrx_word' id='word_1_33' title='bbox 460 610 704 691; x_wconf 76' lang='grc' dir='ltr'>ἔλαττον,</span> <span class='ocrx_word' id='word_1_34' title='bbox 764 612 807 667; x_wconf 77' lang='grc' dir='ltr'>εἰ</span> <span class='ocrx_word' id='word_1_35' title='bbox 864 612 941 687; x_wconf 83' lang='grc' dir='ltr'>μὴ</span> <span class='ocrx_word' id='word_1_36' title='bbox 986 612 1073 665; x_wconf 89' lang='grc' dir='ltr'>καὶ</span> <span class='ocrx_word' id='word_1_37' title='bbox 1137 608 1340 685; x_wconf 79' lang='grc' dir='ltr'>μᾶλλον</span> <span class='ocrx_word' id='word_1_38' title='bbox 1389 610 1460 673; x_wconf 79' lang='grc' dir='ltr'>εἷς</span> <span class='ocrx_word' id='word_1_39' title='bbox 1492 605 1776 673; x_wconf 80' lang='grc' dir='ltr'>καταδίκην</span> <span class='ocrx_word' id='word_1_40' title='bbox 1804 605 1924 667; x_wconf 79' lang='grc' dir='ltr'>τοὺς</span> 
     </span>
    </p>
   </div>
   <div class='ocr_carea' id='block_1_8' title="bbox 271 690 1919 781">
    <p class='ocr_par' dir='ltr' id='par_1_8' title="bbox 271 690 1919 781">
     <span class='ocr_line' id='line_1_9' title="bbox 271 690 1919 781; baseline -0.006 -23"><span class='ocrx_word' id='word_1_41' title='bbox 271 707 371 769; x_wconf 86' lang='grc' dir='ltr'>σῆς</span> <span class='ocrx_word' id='word_1_42' title='bbox 440 690 862 781; x_wconf 82' lang='grc' dir='ltr'>ἀρχιερωσύνης,</span> <span class='ocrx_word' id='word_1_43' title='bbox 925 698 1190 777; x_wconf 70' lang='grc' dir='ltr'>μετόχους</span> <span class='ocrx_word' id='word_1_44' title='bbox 1249 695 1625 772; x_wconf 78' lang='grc' dir='ltr'>ἁλισκομένους</span> <span class='ocrx_word' id='word_1_45' title='bbox 1683 690 1919 772; x_wconf 75' lang='grc' dir='ltr'>ἄγουσιν,</span> 
     </span>
    </p>
   </div>
   <div class='ocr_carea' id='block_1_9' title="bbox 270 781 1921 868">
    <p class='ocr_par' dir='ltr' id='par_1_9' title="bbox 270 781 1921 868">
     <span class='ocr_line' id='line_1_10' title="bbox 270 781 1921 868; baseline -0.007 -20"><span class='ocrx_word' id='word_1_46' title='bbox 270 792 355 849; x_wconf 80' lang='grc' dir='ltr'>ἐπὶ</span> <span class='ocrx_word' id='word_1_47' title='bbox 408 797 586 866; x_wconf 88' lang='grc' dir='ltr'>σεμνῴ</span> <span class='ocrx_word' id='word_1_48' title='bbox 661 788 977 868; x_wconf 76' lang='grc' dir='ltr'>προσωπείῳ</span> <span class='ocrx_word' id='word_1_49' title='bbox 1050 791 1146 854; x_wconf 76' lang='grc' dir='ltr'>τῆς</span> <span class='ocrx_word' id='word_1_50' title='bbox 1233 787 1470 859; x_wconf 88' lang='grc' dir='ltr'>Σίμωνος</span> <span class='ocrx_word' id='word_1_51' title='bbox 1542 781 1921 861; x_wconf 79' lang='grc' dir='ltr'>ἐνεργουμένης</span> 
     </span>
    </p>
   </div>
   <div class='ocr_carea' id='block_1_10' title="bbox 272 868 1919 959">
    <p class='ocr_par' dir='ltr' id='par_1_10' title="bbox 272 868 1919 959">
     <span class='ocr_line' id='line_1_11' title="bbox 272 868 1919 959; baseline -0.008 -22"><span class='ocrx_word' id='word_1_52' title='bbox 272 879 541 959; x_wconf 66' lang='grc' dir='ltr'>αἱρέσεως.</span> <span class='ocrx_word' id='word_1_53' title='bbox 598 879 695 935; x_wconf 82' lang='grc' dir='ltr'>Δεῖ</span> <span class='ocrx_word' id='word_1_54' title='bbox 726 878 826 956; x_wconf 78' lang='grc' dir='ltr'>γὰρ</span> <span class='ocrx_word' id='word_1_55' title='bbox 869 875 966 931; x_wconf 76' lang='grc' dir='ltr'>κᾶν</span> <span class='ocrx_word' id='word_1_56' title='bbox 1010 897 1187 951; x_wconf 70' lang='grc' dir='ltr'>σεμνμ</span> <span class='ocrx_word' id='word_1_57' title='bbox 1254 873 1473 949; x_wconf 82' lang='grc' dir='ltr'>ὀνόματι</span> <span class='ocrx_word' id='word_1_58' title='bbox 1532 868 1919 946; x_wconf 83' lang='grc' dir='ltr'>διαϐεϐλημένη</span> 
     </span>
    </p>
   </div>
   <div class='ocr_carea' id='block_1_11' title="bbox 268 959 1920 1049">
    <p class='ocr_par' dir='ltr' id='par_1_11' title="bbox 268 959 1920 1049">
     <span class='ocr_line' id='line_1_12' title="bbox 268 959 1920 1049; baseline -0.007 -23"><span class='ocrx_word' id='word_1_59' title='bbox 268 968 451 1049; x_wconf 80' lang='grc' dir='ltr'>πρᾶξις</span> <span class='ocrx_word' id='word_1_60' title='bbox 520 965 878 1039; x_wconf 87' lang='grc' dir='ltr'>καλυπτηται,</span> <span class='ocrx_word' id='word_1_61' title='bbox 955 965 1041 1020; x_wconf 85' lang='grc' dir='ltr'>καὶ</span> <span class='ocrx_word' id='word_1_62' title='bbox 1110 963 1303 1029; x_wconf 87' lang='grc' dir='ltr'>ταύτην</span> <span class='ocrx_word' id='word_1_63' title='bbox 1376 962 1533 1017; x_wconf 86' lang='grc' dir='ltr'>παντὶ</span> <span class='ocrx_word' id='word_1_64' title='bbox 1588 959 1768 1036; x_wconf 86' lang='grc' dir='ltr'>τρόπῳ</span> <span class='ocrx_word' id='word_1_65' title='bbox 1825 959 1920 1015; x_wconf 80' lang='grc' dir='ltr'>ἐκ-</span> 
     </span>
    </p>
   </div>
   <div class='ocr_carea' id='block_1_12' title="bbox 268 1047 1922 1137">
    <p class='ocr_par' dir='ltr' id='par_1_12' title="bbox 268 1047 1922 1137">
     <span class='ocr_line' id='line_1_13' title="bbox 268 1047 1922 1137; baseline -0.008 -22"><span class='ocrx_word' id='word_1_66' title='bbox 268 1047 568 1137; x_wconf 80' lang='grc' dir='ltr'>τρέπεσθαι,</span> <span class='ocrx_word' id='word_1_67' title='bbox 626 1056 713 1112; x_wconf 83' lang='grc' dir='ltr'>καὶ</span> <span class='ocrx_word' id='word_1_68' title='bbox 769 1056 1161 1132; x_wconf 85' lang='grc' dir='ltr'>παραιτεῖσθαι,</span> <span class='ocrx_word' id='word_1_69' title='bbox 1224 1052 1312 1107; x_wconf 86' lang='grc' dir='ltr'>καὶ</span> <span class='ocrx_word' id='word_1_70' title='bbox 1383 1049 1585 1126; x_wconf 78' lang='grc' dir='ltr'>μᾶλλον</span> <span class='ocrx_word' id='word_1_71' title='bbox 1643 1049 1739 1116; x_wconf 72' lang='grc' dir='ltr'>τῆς</span> <span class='ocrx_word' id='word_1_72' title='bbox 1783 1047 1922 1137; x_wconf 68' lang='grc' dir='ltr'>Δἀνα-</span> 
     </span>
    </p>
   </div>
   <div class='ocr_carea' id='block_1_13' title="bbox 182 1134 1919 1221">
    <p class='ocr_par' dir='ltr' id='par_1_13' title="bbox 182 1134 1919 1221">
     <span class='ocr_line' id='line_1_14' title="bbox 182 1134 1919 1221; baseline -0.006 -18"><span class='ocrx_word' id='word_1_73' title='bbox 182 1156 187 1159; x_wconf 85' lang='grc'><em>’</em></span> <span class='ocrx_word' id='word_1_74' title='bbox 270 1134 684 1221; x_wconf 77' lang='grc' dir='ltr'>κεκαλυμμένως</span> <span class='ocrx_word' id='word_1_75' title='bbox 715 1141 977 1211; x_wconf 84' lang='grc' dir='ltr'>δηλούσης</span> <span class='ocrx_word' id='word_1_76' title='bbox 1019 1143 1079 1197; x_wconf 85' lang='grc' dir='ltr'>τὸ</span> <span class='ocrx_word' id='word_1_77' title='bbox 1127 1139 1382 1216; x_wconf 84' lang='grc' dir='ltr'>τόλμημα</span> <span class='ocrx_word' id='word_1_78' title='bbox 1416 1155 1429 1168; x_wconf 91' lang='lat'><strong>&#39;</strong></span> <span class='ocrx_word' id='word_1_79' title='bbox 1473 1139 1539 1195; x_wconf 90' lang='grc' dir='ltr'>τά</span> <span class='ocrx_word' id='word_1_80' title='bbox 1568 1159 1626 1194; x_wconf 88' lang='grc' dir='ltr'>τε</span> <span class='ocrx_word' id='word_1_81' title='bbox 1654 1137 1753 1217; x_wconf 83' lang='grc' dir='ltr'>γὰρ</span> <span class='ocrx_word' id='word_1_82' title='bbox 1782 1134 1919 1193; x_wconf 88' lang='grc' dir='ltr'>λαν-</span> 
     </span>
    </p>
   </div>
   <div class='ocr_carea' id='block_1_14' title="bbox 270 1225 1918 1308">
    <p class='ocr_par' dir='ltr' id='par_1_14' title="bbox 270 1225 1918 1308">
     <span class='ocr_line' id='line_1_15' title="bbox 270 1225 1918 1308; baseline -0.007 -17"><span class='ocrx_word' id='word_1_83' title='bbox 270 1235 493 1292; x_wconf 87' lang='grc' dir='ltr'>θάνοντα</span> <span class='ocrx_word' id='word_1_84' title='bbox 536 1239 640 1289; x_wconf 84' lang='grc' dir='ltr'>τῶν</span> <span class='ocrx_word' id='word_1_85' title='bbox 694 1230 887 1306; x_wconf 81' lang='grc' dir='ltr'>ἑλκῶν,</span> <span class='ocrx_word' id='word_1_86' title='bbox 945 1227 1298 1308; x_wconf 87' lang='grc' dir='ltr'>δυσιατώτερά</span> <span class='ocrx_word' id='word_1_87' title='bbox 1355 1250 1470 1291; x_wconf 90' lang='grc' dir='ltr'>πως</span> <span class='ocrx_word' id='word_1_88' title='bbox 1514 1225 1670 1283; x_wconf 70' lang='grc' dir='ltr'>εἴωθε</span> <span class='ocrx_word' id='word_1_89' title='bbox 1705 1225 1918 1305; x_wconf 88' lang='grc' dir='ltr'>τυγχά-</span> 
     </span>
    </p>
   </div>
   <div class='ocr_carea' id='block_1_15' title="bbox 271 1314 1920 1403">
    <p class='ocr_par' dir='ltr' id='par_1_15' title="bbox 271 1314 1920 1403">
     <span class='ocr_line' id='line_1_16' title="bbox 271 1314 1920 1403; baseline -0.006 -23"><span class='ocrx_word' id='word_1_90' title='bbox 271 1344 403 1403; x_wconf 88' lang='grc' dir='ltr'>νειν,</span> <span class='ocrx_word' id='word_1_91' title='bbox 465 1323 553 1379; x_wconf 82' lang='grc' dir='ltr'>καὶ</span> <span class='ocrx_word' id='word_1_92' title='bbox 594 1323 660 1377; x_wconf 70' lang='grc' dir='ltr'>τὰ</span> <span class='ocrx_word' id='word_1_93' title='bbox 699 1319 924 1377; x_wconf 71' lang='grc' dir='ltr'>ὕπουλον</span> <span class='ocrx_word' id='word_1_94' title='bbox 968 1318 1165 1399; x_wconf 78' lang='grc' dir='ltr'>ἔχοντα</span> <span class='ocrx_word' id='word_1_95' title='bbox 1223 1317 1321 1385; x_wconf 74' lang='grc' dir='ltr'>τὴν</span> <span class='ocrx_word' id='word_1_96' title='bbox 1391 1317 1739 1395; x_wconf 77' lang='grc' dir='ltr'>παρανομίαν,</span> <span class='ocrx_word' id='word_1_97' title='bbox 1797 1314 1920 1393; x_wconf 75' lang='grc' dir='ltr'>ρᾴον</span> 
     </span>
    </p>
   </div>
   <div class='ocr_carea' id='block_1_16' title="bbox 271 1402 1920 1489">
    <p class='ocr_par' dir='ltr' id='par_1_16' title="bbox 271 1402 1920 1489">
     <span class='ocr_line' id='line_1_17' title="bbox 271 1402 1920 1489; baseline -0.007 -20"><span class='ocrx_word' id='word_1_98' title='bbox 271 1410 475 1489; x_wconf 78' lang='grc' dir='ltr'>μᾶλλον</span> <span class='ocrx_word' id='word_1_99' title='bbox 505 1410 541 1479; x_wconf 78' lang='grc' dir='ltr'><strong>ἢ</strong></span> <span class='ocrx_word' id='word_1_100' title='bbox 571 1412 665 1466; x_wconf 87' lang='grc' dir='ltr'><strong>καί</strong></span> <span class='ocrx_word' id='word_1_101' title='bbox 697 1410 763 1489; x_wconf 41' lang='lat' dir='ltr'>rga</span> <span class='ocrx_word' id='word_1_102' title='bbox 807 1405 1049 1488; x_wconf 82' lang='grc' dir='ltr'>πρόδηλα</span> <span class='ocrx_word' id='word_1_103' title='bbox 1106 1412 1210 1463; x_wconf 85' lang='grc' dir='ltr'>τῶν</span> <span class='ocrx_word' id='word_1_104' title='bbox 1255 1405 1621 1481; x_wconf 84' lang='grc' dir='ltr'>ἀτοπημάτων</span> <span class='ocrx_word' id='word_1_105' title='bbox 1679 1404 1751 1468; x_wconf 81' lang='grc' dir='ltr'>είς</span> <span class='ocrx_word' id='word_1_106' title='bbox 1799 1402 1920 1466; x_wconf 80' lang='grc' dir='ltr'>τοὺς</span> 
     </span>
    </p>
   </div>
   <div class='ocr_carea' id='block_1_17' title="bbox 273 1484 1923 1578">
    <p class='ocr_par' dir='ltr' id='par_1_17' title="bbox 273 1484 1923 1578">
     <span class='ocr_line' id='line_1_18' title="bbox 273 1484 1923 1578; baseline -0.007 -19"><span class='ocrx_word' id='word_1_107' title='bbox 273 1484 508 1563; x_wconf 76' lang='grc' dir='ltr'>πολλοὺς</span> <span class='ocrx_word' id='word_1_108' title='bbox 590 1484 956 1578; x_wconf 57' lang='grc' dir='ltr'>καταξέρεται.</span> <span class='ocrx_word' id='word_1_109' title='bbox 1036 1495 1166 1555; x_wconf 76' lang='grc' dir='ltr'>Οὔτε</span> <span class='ocrx_word' id='word_1_110' title='bbox 1235 1495 1324 1552; x_wconf 79' lang='grc' dir='ltr'>οὖν</span> <span class='ocrx_word' id='word_1_111' title='bbox 1404 1493 1507 1551; x_wconf 82' lang='grc' dir='ltr'>ἀπὸ</span> <span class='ocrx_word' id='word_1_112' title='bbox 1586 1491 1735 1560; x_wconf 80' lang='grc' dir='ltr'>δίκης</span> <span class='ocrx_word' id='word_1_113' title='bbox 1806 1491 1923 1549; x_wconf 70' lang='grc' dir='ltr'>οὔτε</span> 
     </span>
    </p>
   </div>
   <div class='ocr_carea' id='block_1_18' title="bbox 276 1578 1921 1671">
    <p class='ocr_par' dir='ltr' id='par_1_18' title="bbox 276 1578 1921 1671">
     <span class='ocr_line' id='line_1_19' title="bbox 276 1578 1921 1671; baseline -0.005 -27"><span class='ocrx_word' id='word_1_114' title='bbox 276 1594 648 1671; x_wconf 78' lang='grc' dir='ltr'>χρηματικῆς,</span> <span class='ocrx_word' id='word_1_115' title='bbox 734 1584 848 1642; x_wconf 74' lang='grc' dir='ltr'>οὔτε</span> <span class='ocrx_word' id='word_1_116' title='bbox 908 1585 1313 1665; x_wconf 57' lang='grc' dir='ltr'>ἐγκληματικῖκ</span> <span class='ocrx_word' id='word_1_117' title='bbox 1370 1580 1668 1671; x_wconf 59' lang='grc' dir='ltr'>τοσύνολον</span> <span class='ocrx_word' id='word_1_118' title='bbox 1717 1578 1921 1671; x_wconf 81' lang='grc' dir='ltr'>λαμϐά·</span> 
     </span>
    </p>
   </div>
   <div class='ocr_carea' id='block_1_19' title="bbox 2004 508 3647 594">
    <p class='ocr_par' dir='ltr' id='par_1_19' title="bbox 2004 508 3647 594">
     <span class='ocr_line' id='line_1_20' title="bbox 2004 508 3647 594; baseline 0.003 -24"><span class='ocrx_word' id='word_1_119' title='bbox 2004 508 2238 571; x_wconf 82' lang='lat' dir='ltr'>Etenim</span> <span class='ocrx_word' id='word_1_120' title='bbox 2270 510 2382 587; x_wconf 69' lang='lat' dir='ltr'>hae,</span> <span class='ocrx_word' id='word_1_121' title='bbox 2417 531 2547 593; x_wconf 67' lang='lat' dir='ltr'>quae</span> <span class='ocrx_word' id='word_1_122' title='bbox 2577 511 2859 575; x_wconf 86' lang='lat' dir='ltr'>dicuntur</span> <span class='ocrx_word' id='word_1_123' title='bbox 2889 512 3375 594; x_wconf 77' lang='lat' dir='ltr'>consuetudines,</span> <span class='ocrx_word' id='word_1_124' title='bbox 3406 512 3493 575; x_wconf 91' lang='lat' dir='ltr'>uti</span> <span class='ocrx_word' id='word_1_125' title='bbox 3511 533 3647 576; x_wconf 93' lang='lat' dir='ltr'>cum</span> 
     </span>
    </p>
   </div>
   <div class='ocr_carea' id='block_1_20' title="bbox 2005 598 3648 682">
    <p class='ocr_par' dir='ltr' id='par_1_20' title="bbox 2005 598 3648 682">
     <span class='ocr_line' id='line_1_21' title="bbox 2005 598 3648 682; baseline 0.002 -23"><span class='ocrx_word' id='word_1_126' title='bbox 2005 598 2263 661; x_wconf 84' lang='lat' dir='ltr'>avaritiae</span> <span class='ocrx_word' id='word_1_127' title='bbox 2289 599 2498 662; x_wconf 91' lang='lat' dir='ltr'>morbo</span> <span class='ocrx_word' id='word_1_128' title='bbox 2529 601 2923 682; x_wconf 72' lang='lat' dir='ltr'>irrepserunt,</span> <span class='ocrx_word' id='word_1_129' title='bbox 2957 600 3038 663; x_wconf 89' lang='lat' dir='ltr'>ita</span> <span class='ocrx_word' id='word_1_130' title='bbox 3095 620 3215 663; x_wconf 90' lang='lat' dir='ltr'>non</span> <span class='ocrx_word' id='word_1_131' title='bbox 3244 600 3442 665; x_wconf 91' lang='lat' dir='ltr'>minus</span> <span class='ocrx_word' id='word_1_132' title='bbox 3473 618 3648 682; x_wconf 91' lang='lat' dir='ltr'>quam</span> 
     </span>
    </p>
   </div>
   <div class='ocr_carea' id='block_1_21' title="bbox 2006 686 3652 770">
    <p class='ocr_par' dir='ltr' id='par_1_21' title="bbox 2006 686 3652 770">
     <span class='ocr_line' id='line_1_22' title="bbox 2006 686 3652 770; baseline 0.002 -23"><span class='ocrx_word' id='word_1_133' title='bbox 2006 686 2157 763; x_wconf 74' lang='lat' dir='ltr'>haec,</span> <span class='ocrx_word' id='word_1_134' title='bbox 2193 688 2484 769; x_wconf 87' lang='lat' dir='ltr'>siquidem</span> <span class='ocrx_word' id='word_1_135' title='bbox 2519 709 2637 752; x_wconf 92' lang='lat' dir='ltr'>non</span> <span class='ocrx_word' id='word_1_136' title='bbox 2658 690 2834 752; x_wconf 90' lang='lat' dir='ltr'>etiam</span> <span class='ocrx_word' id='word_1_137' title='bbox 2860 690 3067 770; x_wconf 82' lang='lat' dir='ltr'>magis,</span> <span class='ocrx_word' id='word_1_138' title='bbox 3100 690 3172 751; x_wconf 89' lang='lat' dir='ltr'>ad</span> <span class='ocrx_word' id='word_1_139' title='bbox 3197 688 3652 752; x_wconf 82' lang='lat' dir='ltr'>condemnatio-</span> 
     </span>
    </p>
   </div>
   <div class='ocr_carea' id='block_1_22' title="bbox 2007 777 3657 860">
    <p class='ocr_par' dir='ltr' id='par_1_22' title="bbox 2007 777 3657 860">
     <span class='ocr_line' id='line_1_23' title="bbox 2007 777 3657 860; baseline 0.003 -24"><span class='ocrx_word' id='word_1_140' title='bbox 2007 794 2144 837; x_wconf 87' lang='lat' dir='ltr'>nem</span> <span class='ocrx_word' id='word_1_141' title='bbox 2180 777 2511 859; x_wconf 83' lang='lat' dir='ltr'>pontifices,</span> <span class='ocrx_word' id='word_1_142' title='bbox 2548 780 2645 860; x_wconf 88' lang='lat' dir='ltr'>qui</span> <span class='ocrx_word' id='word_1_143' title='bbox 2676 779 2890 841; x_wconf 90' lang='lat' dir='ltr'>harum</span> <span class='ocrx_word' id='word_1_144' title='bbox 2924 779 3241 860; x_wconf 83' lang='lat' dir='ltr'>participes</span> <span class='ocrx_word' id='word_1_145' title='bbox 3270 778 3406 841; x_wconf 88' lang='lat' dir='ltr'>facti</span> <span class='ocrx_word' id='word_1_146' title='bbox 3445 778 3657 860; x_wconf 92' lang='lat' dir='ltr'>depre-</span> 
     </span>
    </p>
   </div>
   <div class='ocr_carea' id='block_1_23' title="bbox 2005 864 3656 949">
    <p class='ocr_par' dir='ltr' id='par_1_23' title="bbox 2005 864 3656 949">
     <span class='ocr_line' id='line_1_24' title="bbox 2005 864 3656 949; baseline 0.003 -23"><span class='ocrx_word' id='word_1_147' title='bbox 2005 864 2375 941; x_wconf 90' lang='lat' dir='ltr'>henduntur,</span> <span class='ocrx_word' id='word_1_148' title='bbox 2397 868 3006 948; x_wconf 85' lang='lat' dir='ltr'>pertrahunt;quando</span> <span class='ocrx_word' id='word_1_149' title='bbox 3020 868 3261 949; x_wconf 87' lang='lat' dir='ltr'>quidem</span> <span class='ocrx_word' id='word_1_150' title='bbox 3276 867 3385 928; x_wconf 89' lang='lat' dir='ltr'>snb</span> <span class='ocrx_word' id='word_1_151' title='bbox 3403 866 3656 931; x_wconf 85' lang='lat' dir='ltr'>honesta</span> 
     </span>
    </p>
   </div>
   <div class='ocr_carea' id='block_1_24' title="bbox 2006 953 3655 1021">
    <p class='ocr_par' dir='ltr' id='par_1_24' title="bbox 2006 953 3655 1021">
     <span class='ocr_line' id='line_1_25' title="bbox 2006 953 3655 1021; baseline 0.002 -5"><span class='ocrx_word' id='word_1_152' title='bbox 2006 955 2168 1016; x_wconf 87' lang='lat' dir='ltr'><strong>larva</strong></span> <span class='ocrx_word' id='word_1_153' title='bbox 2207 953 2466 1017; x_wconf 90' lang='lat' dir='ltr'>Simonis</span> <span class='ocrx_word' id='word_1_154' title='bbox 2488 956 2737 1020; x_wconf 66' lang='lat' dir='ltr'>haeresis</span> <span class='ocrx_word' id='word_1_155' title='bbox 2766 965 3100 1021; x_wconf 86' lang='lat' dir='ltr'>exercetur.</span> <span class='ocrx_word' id='word_1_156' title='bbox 3134 956 3451 1020; x_wconf 91' lang='lat' dir='ltr'>Famosum</span> <span class='ocrx_word' id='word_1_157' title='bbox 3484 976 3655 1019; x_wconf 92' lang='lat' dir='ltr'>nam-</span> 
     </span>
    </p>
   </div>
   <div class='ocr_carea' id='block_1_25' title="bbox 2004 1042 3653 1122">
    <p class='ocr_par' dir='ltr' id='par_1_25' title="bbox 2004 1042 3653 1122">
     <span class='ocr_line' id='line_1_26' title="bbox 2004 1042 3653 1122; baseline 0.003 -19"><span class='ocrx_word' id='word_1_158' title='bbox 2004 1061 2119 1122; x_wconf 93' lang='lat' dir='ltr'>que</span> <span class='ocrx_word' id='word_1_159' title='bbox 2150 1042 2399 1115; x_wconf 80' lang='lat' dir='ltr'>facinus,</span> <span class='ocrx_word' id='word_1_160' title='bbox 2425 1044 2565 1107; x_wconf 90' lang='lat' dir='ltr'>licet</span> <span class='ocrx_word' id='word_1_161' title='bbox 2603 1045 2855 1107; x_wconf 86' lang='lat' dir='ltr'>honesto</span> <span class='ocrx_word' id='word_1_162' title='bbox 2883 1044 3174 1107; x_wconf 89' lang='lat' dir='ltr'>vocabulo</span> <span class='ocrx_word' id='word_1_163' title='bbox 3204 1046 3456 1122; x_wconf 76' lang='lat' dir='ltr'>veletur,</span> <span class='ocrx_word' id='word_1_164' title='bbox 3486 1045 3653 1108; x_wconf 89' lang='lat' dir='ltr'>omni</span> 
     </span>
    </p>
   </div>
   <div class='ocr_carea' id='block_1_26' title="bbox 2005 1131 3651 1216">
    <p class='ocr_par' dir='ltr' id='par_1_26' title="bbox 2005 1131 3651 1216">
     <span class='ocr_line' id='line_1_27' title="bbox 2005 1131 3651 1216; baseline 0.003 -24"><span class='ocrx_word' id='word_1_165' title='bbox 2005 1131 2180 1193; x_wconf 93' lang='lat' dir='ltr'>modo</span> <span class='ocrx_word' id='word_1_166' title='bbox 2203 1131 2504 1194; x_wconf 88' lang='lat' dir='ltr'>vitandum</span> <span class='ocrx_word' id='word_1_167' title='bbox 2530 1140 2587 1195; x_wconf 93' lang='lat' dir='ltr'>et</span> <span class='ocrx_word' id='word_1_168' title='bbox 2607 1133 2994 1196; x_wconf 88' lang='lat' dir='ltr'>aversandum</span> <span class='ocrx_word' id='word_1_169' title='bbox 3022 1143 3109 1196; x_wconf 91' lang='lat' dir='ltr'>est</span> <span class='ocrx_word' id='word_1_170' title='bbox 3136 1133 3438 1216; x_wconf 92' lang='lat' dir='ltr'>;adeoque</span> <span class='ocrx_word' id='word_1_171' title='bbox 3466 1135 3651 1215; x_wconf 85' lang='lat' dir='ltr'>magis</span> 
     </span>
    </p>
   </div>
   <div class='ocr_carea' id='block_1_27' title="bbox 2004 1219 3651 1305">
    <p class='ocr_par' dir='ltr' id='par_1_27' title="bbox 2004 1219 3651 1305">
     <span class='ocr_line' id='line_1_28' title="bbox 2004 1219 3651 1305; baseline 0.004 -24"><span class='ocrx_word' id='word_1_172' title='bbox 2004 1219 2205 1293; x_wconf 86' lang='lat' dir='ltr'>etiam,</span> <span class='ocrx_word' id='word_1_173' title='bbox 2230 1240 2406 1300; x_wconf 90' lang='lat' dir='ltr'>quam</span> <span class='ocrx_word' id='word_1_174' title='bbox 2431 1221 2515 1297; x_wconf 88' lang='lat' dir='ltr'>id,</span> <span class='ocrx_word' id='word_1_175' title='bbox 2560 1222 2717 1303; x_wconf 90' lang='lat' dir='ltr'>quod</span> <span class='ocrx_word' id='word_1_176' title='bbox 2756 1226 2962 1303; x_wconf 89' lang='lat' dir='ltr'>aperte</span> <span class='ocrx_word' id='word_1_177' title='bbox 3001 1222 3197 1287; x_wconf 88' lang='lat' dir='ltr'>scelus</span> <span class='ocrx_word' id='word_1_178' title='bbox 3221 1225 3417 1298; x_wconf 91' lang='lat' dir='ltr'>ipsum</span> <span class='ocrx_word' id='word_1_179' title='bbox 3441 1241 3562 1305; x_wconf 70' lang='lat' dir='ltr'>prae</span> <span class='ocrx_word' id='word_1_180' title='bbox 3585 1242 3651 1287; x_wconf 91' lang='lat' dir='ltr'>se</span> 
     </span>
    </p>
   </div>
   <div class='ocr_carea' id='block_1_28' title="bbox 2004 1307 3653 1375">
    <p class='ocr_par' dir='ltr' id='par_1_28' title="bbox 2004 1307 3653 1375">
     <span class='ocr_line' id='line_1_29' title="bbox 2004 1307 3653 1375; baseline 0.004 -8"><span class='ocrx_word' id='word_1_181' title='bbox 2004 1307 2140 1369; x_wconf 84' lang='lat' dir='ltr'>fert.</span> <span class='ocrx_word' id='word_1_182' title='bbox 2176 1309 2435 1371; x_wconf 88' lang='lat' dir='ltr'>Latenlia</span> <span class='ocrx_word' id='word_1_183' title='bbox 2493 1310 2778 1373; x_wconf 90' lang='lat' dir='ltr'>nimirum</span> <span class='ocrx_word' id='word_1_184' title='bbox 2838 1311 3041 1375; x_wconf 89' lang='lat' dir='ltr'>ulcera</span> <span class='ocrx_word' id='word_1_185' title='bbox 3093 1311 3396 1375; x_wconf 86' lang='lat' dir='ltr'>difficilius</span> <span class='ocrx_word' id='word_1_186' title='bbox 3452 1311 3653 1375; x_wconf 88' lang='lat' dir='ltr'>sanari</span> 
     </span>
    </p>
   </div>
   <div class='ocr_carea' id='block_1_29' title="bbox 2005 1396 3652 1484">
    <p class='ocr_par' dir='ltr' id='par_1_29' title="bbox 2005 1396 3652 1484">
     <span class='ocr_line' id='line_1_30' title="bbox 2005 1396 3652 1484; baseline 0.005 -27"><span class='ocrx_word' id='word_1_187' title='bbox 2005 1396 2220 1471; x_wconf 85' lang='lat' dir='ltr'>solent,</span> <span class='ocrx_word' id='word_1_188' title='bbox 2255 1405 2313 1460; x_wconf 94' lang='lat' dir='ltr'>et</span> <span class='ocrx_word' id='word_1_189' title='bbox 2340 1397 2598 1463; x_wconf 87' lang='lat' dir='ltr'>absurda</span> <span class='ocrx_word' id='word_1_190' title='bbox 2648 1400 2932 1474; x_wconf 76' lang='lat' dir='ltr'>facinora,</span> <span class='ocrx_word' id='word_1_191' title='bbox 2968 1400 3187 1484; x_wconf 91' lang='lat' dir='ltr'>quibus</span> <span class='ocrx_word' id='word_1_192' title='bbox 3219 1402 3373 1465; x_wconf 91' lang='lat' dir='ltr'>inest</span> <span class='ocrx_word' id='word_1_193' title='bbox 3402 1400 3652 1465; x_wconf 86' lang='lat' dir='ltr'>subdola</span> 
     </span>
    </p>
   </div>
   <div class='ocr_carea' id='block_1_30' title="bbox 2005 1487 3649 1570">
    <p class='ocr_par' dir='ltr' id='par_1_30' title="bbox 2005 1487 3649 1570">
     <span class='ocr_line' id='line_1_31' title="bbox 2005 1487 3649 1570; baseline 0.004 -24"><span class='ocrx_word' id='word_1_194' title='bbox 2005 1487 2273 1568; x_wconf 75' lang='lat' dir='ltr'>quaedam</span> <span class='ocrx_word' id='word_1_195' title='bbox 2304 1488 2589 1569; x_wconf 83' lang='lat' dir='ltr'>nequitia,</span> <span class='ocrx_word' id='word_1_196' title='bbox 2625 1488 2799 1570; x_wconf 80' lang='lat' dir='ltr'>longe</span> <span class='ocrx_word' id='word_1_197' title='bbox 2827 1507 2893 1551; x_wconf 91' lang='lat' dir='ltr'>se</span> <span class='ocrx_word' id='word_1_198' title='bbox 2922 1490 3153 1554; x_wconf 85' lang='lat' dir='ltr'>facilius</span> <span class='ocrx_word' id='word_1_199' title='bbox 3182 1490 3245 1552; x_wconf 91' lang='lat' dir='ltr'>in</span> <span class='ocrx_word' id='word_1_200' title='bbox 3265 1489 3473 1570; x_wconf 83' lang='lat' dir='ltr'>vulgus</span> <span class='ocrx_word' id='word_1_201' title='bbox 3494 1490 3649 1554; x_wconf 91' lang='lat' dir='ltr'>insi-</span> 
     </span>
    </p>
   </div>
   <div class='ocr_carea' id='block_1_31' title="bbox 2006 1578 3649 1661">
    <p class='ocr_par' dir='ltr' id='par_1_31' title="bbox 2006 1578 3649 1661">
     <span class='ocr_line' id='line_1_32' title="bbox 2006 1578 3649 1661; baseline 0.004 -25"><span class='ocrx_word' id='word_1_202' title='bbox 2006 1583 2209 1653; x_wconf 90' lang='lat' dir='ltr'>nuant,</span> <span class='ocrx_word' id='word_1_203' title='bbox 2234 1596 2409 1657; x_wconf 88' lang='lat' dir='ltr'>quam</span> <span class='ocrx_word' id='word_1_204' title='bbox 2441 1596 2572 1657; x_wconf 59' lang='lat' dir='ltr'>qua!</span> <span class='ocrx_word' id='word_1_205' title='bbox 2595 1578 2907 1641; x_wconf 89' lang='lat' dir='ltr'>manifesta</span> <span class='ocrx_word' id='word_1_206' title='bbox 2938 1587 3097 1643; x_wconf 91' lang='lat' dir='ltr'>sunt.</span> <span class='ocrx_word' id='word_1_207' title='bbox 3123 1578 3199 1644; x_wconf 91' lang='lat' dir='ltr'>Ut</span> <span class='ocrx_word' id='word_1_208' title='bbox 3226 1597 3365 1661; x_wconf 80' lang='lat' dir='ltr'>ergo</span> <span class='ocrx_word' id='word_1_209' title='bbox 3396 1598 3507 1643; x_wconf 93' lang='lat' dir='ltr'>nec</span> <span class='ocrx_word' id='word_1_210' title='bbox 3528 1580 3649 1643; x_wconf 91' lang='lat' dir='ltr'>litis</span> 
     </span>
    </p>
   </div>
   <div class='ocr_carea' id='block_1_32' title="bbox 276 1665 1925 1754">
    <p class='ocr_par' dir='ltr' id='par_1_32' title="bbox 276 1665 1917 1754">
     <span class='ocr_line' id='line_1_33' title="bbox 276 1665 1917 1754; baseline -0.005 -21"><span class='ocrx_word' id='word_1_211' title='bbox 276 1665 406 1753; x_wconf 65' lang='grc' dir='ltr'>νειν,</span> <span class='ocrx_word' id='word_1_212' title='bbox 440 1678 575 1754; x_wconf 85' lang='grc' dir='ltr'>μετά</span> <span class='ocrx_word' id='word_1_213' title='bbox 614 1682 712 1742; x_wconf 68' lang='grc' dir='ltr'>τῆς</span> <span class='ocrx_word' id='word_1_214' title='bbox 739 1685 830 1734; x_wconf 80' lang='grc' dir='ltr'>τοῦ</span> <span class='ocrx_word' id='word_1_215' title='bbox 859 1676 1007 1753; x_wconf 81' lang='grc' dir='ltr'>ἁγίου</span> <span class='ocrx_word' id='word_1_216' title='bbox 1056 1674 1361 1749; x_wconf 87' lang='grc' dir='ltr'>Πνεύματος</span> <span class='ocrx_word' id='word_1_217' title='bbox 1390 1671 1620 1738; x_wconf 81' lang='grc' dir='ltr'>ἐξουσίας</span> <span class='ocrx_word' id='word_1_218' title='bbox 1650 1668 1917 1727; x_wconf 79' lang='grc' dir='ltr'>διαταττόο</span> 
     </span>
    </p>
   </div>
   <div class='ocr_carea' id='block_1_33' title="bbox 2009 1665 3652 1754">
    <p class='ocr_par' dir='ltr' id='par_1_33' title="bbox 2009 1665 3652 1754">
     <span class='ocr_line' id='line_1_34' title="bbox 2009 1665 3652 1754; baseline 0.004 -28"><span class='ocrx_word' id='word_1_219' title='bbox 2009 1682 2204 1754; x_wconf 81' lang='lat' dir='ltr'>rausa,</span> <span class='ocrx_word' id='word_1_220' title='bbox 2231 1666 2320 1727; x_wconf 88' lang='lat' dir='ltr'>vel</span> <span class='ocrx_word' id='word_1_221' title='bbox 2346 1665 2559 1740; x_wconf 86' lang='lat' dir='ltr'>civilis,</span> <span class='ocrx_word' id='word_1_222' title='bbox 2583 1667 2674 1729; x_wconf 93' lang='lat' dir='ltr'>vel</span> <span class='ocrx_word' id='word_1_223' title='bbox 2710 1667 3059 1744; x_wconf 88' lang='lat' dir='ltr'>criminalis,</span> <span class='ocrx_word' id='word_1_224' title='bbox 3083 1668 3145 1730; x_wconf 90' lang='lat' dir='ltr'>in</span> <span class='ocrx_word' id='word_1_225' title='bbox 3168 1668 3508 1731; x_wconf 87' lang='lat' dir='ltr'>universum</span> <span class='ocrx_word' id='word_1_226' title='bbox 3535 1670 3652 1732; x_wconf 88' lang='lat' dir='ltr'>ali-</span> 
     </span>
    </p>
   </div>
   <div class='ocr_carea' id='block_1_34' title="bbox 272 1759 1923 1845">
    <p class='ocr_par' dir='ltr' id='par_1_34' title="bbox 272 1759 1923 1845">
     <span class='ocr_line' id='line_1_35' title="bbox 272 1759 1923 1845; baseline -0.007 -20"><span class='ocrx_word' id='word_1_227' title='bbox 272 1772 429 1845; x_wconf 88' lang='grc' dir='ltr'>μεθα,</span> <span class='ocrx_word' id='word_1_228' title='bbox 479 1765 593 1823; x_wconf 72' lang='grc' dir='ltr'>οὗτε</span> <span class='ocrx_word' id='word_1_229' title='bbox 637 1765 741 1821; x_wconf 74' lang='grc' dir='ltr'>ἀπὸ</span> <span class='ocrx_word' id='word_1_230' title='bbox 794 1765 1173 1844; x_wconf 75' lang='grc' dir='ltr'>προχειρίσεως</span> <span class='ocrx_word' id='word_1_231' title='bbox 1203 1761 1521 1840; x_wconf 78' lang='grc' dir='ltr'>ἡγουμένου,</span> <span class='ocrx_word' id='word_1_232' title='bbox 1581 1760 1617 1829; x_wconf 73' lang='grc' dir='ltr'><strong>ἢ</strong></span> <span class='ocrx_word' id='word_1_233' title='bbox 1660 1759 1923 1840; x_wconf 77' lang='grc' dir='ltr'>ἀρχιμαν-</span> 
     </span>
    </p>
   </div>
   <div class='ocr_carea' id='block_1_35' title="bbox 271 1847 1925 1937">
    <p class='ocr_par' dir='ltr' id='par_1_35' title="bbox 271 1847 1925 1937">
     <span class='ocr_line' id='line_1_36' title="bbox 271 1847 1925 1937; baseline -0.007 -23"><span class='ocrx_word' id='word_1_234' title='bbox 271 1856 461 1937; x_wconf 87' lang='grc' dir='ltr'>δρίτου,</span> <span class='ocrx_word' id='word_1_235' title='bbox 510 1854 547 1923; x_wconf 72' lang='grc' dir='ltr'><strong>ἢ</strong></span> <span class='ocrx_word' id='word_1_236' title='bbox 603 1853 826 1933; x_wconf 56' lang='grc' dir='ltr'>ἐξάρχου)</span> <span class='ocrx_word' id='word_1_237' title='bbox 884 1851 998 1909; x_wconf 62' lang='grc' dir='ltr'>οὔτε</span> <span class='ocrx_word' id='word_1_238' title='bbox 1059 1853 1166 1928; x_wconf 72' lang='grc' dir='ltr'>μὴν</span> <span class='ocrx_word' id='word_1_239' title='bbox 1223 1850 1327 1907; x_wconf 80' lang='grc' dir='ltr'>ἀπὸ</span> <span class='ocrx_word' id='word_1_240' title='bbox 1401 1847 1668 1929; x_wconf 73' lang='grc' dir='ltr'>προϐολῆς</span> <span class='ocrx_word' id='word_1_241' title='bbox 1727 1847 1925 1905; x_wconf 79' lang='grc' dir='ltr'>οἰκονό-</span> 
     </span>
    </p>
   </div>
   <div class='ocr_carea' id='block_1_36' title="bbox 271 1936 1923 2023">
    <p class='ocr_par' dir='ltr' id='par_1_36' title="bbox 271 1936 1923 2023">
     <span class='ocr_line' id='line_1_37' title="bbox 271 1936 1923 2023; baseline -0.007 -20"><span class='ocrx_word' id='word_1_242' title='bbox 271 1936 395 2023; x_wconf 82' lang='grc' dir='ltr'>μου,</span> <span class='ocrx_word' id='word_1_243' title='bbox 454 1944 490 2012; x_wconf 75' lang='grc' dir='ltr'><strong>ἢ</strong></span> <span class='ocrx_word' id='word_1_244' title='bbox 534 1943 854 2022; x_wconf 81' lang='grc' dir='ltr'>μειζοτέρου,</span> <span class='ocrx_word' id='word_1_245' title='bbox 903 1940 1016 1999; x_wconf 69' lang='grc' dir='ltr'>ο·Ἠέ</span> <span class='ocrx_word' id='word_1_246' title='bbox 1072 1964 1132 2020; x_wconf 90' lang='grc' dir='ltr'>γε</span> <span class='ocrx_word' id='word_1_247' title='bbox 1179 1940 1263 2021; x_wconf 84' lang='grc' dir='ltr'>(τὸ</span> <span class='ocrx_word' id='word_1_248' title='bbox 1320 1937 1746 2019; x_wconf 73' lang='grc' dir='ltr'>φρικωδέστερον)</span> <span class='ocrx_word' id='word_1_249' title='bbox 1818 1936 1923 1992; x_wconf 80' lang='grc' dir='ltr'>ἀπὸ</span> 
     </span>
    </p>
   </div>
   <div class='ocr_carea' id='block_1_37' title="bbox 271 2024 1923 2113">
    <p class='ocr_par' dir='ltr' id='par_1_37' title="bbox 271 2024 1923 2113">
     <span class='ocr_line' id='line_1_38' title="bbox 271 2024 1923 2113; baseline -0.007 -23"><span class='ocrx_word' id='word_1_250' title='bbox 271 2032 599 2113; x_wconf 71' lang='grc' dir='ltr'>⁸χειροτονίας</span> <span class='ocrx_word' id='word_1_251' title='bbox 655 2029 922 2110; x_wconf 80' lang='grc' dir='ltr'>διακόνου,</span> <span class='ocrx_word' id='word_1_252' title='bbox 980 2029 1016 2098; x_wconf 75' lang='grc' dir='ltr'>ἢ</span> <span class='ocrx_word' id='word_1_253' title='bbox 1078 2026 1445 2108; x_wconf 84' lang='grc' dir='ltr'>πρεσϐυτέρου,</span> <span class='ocrx_word' id='word_1_254' title='bbox 1519 2026 1555 2094; x_wconf 73' lang='grc' dir='ltr'>ἢ</span> <span class='ocrx_word' id='word_1_255' title='bbox 1610 2024 1923 2091; x_wconf 87' lang='grc' dir='ltr'>ἐπισκόπου,</span> 
     </span>
    </p>
   </div>
   <div class='ocr_carea' id='block_1_38' title="bbox 273 2112 1925 2197">
    <p class='ocr_par' dir='ltr' id='par_1_38' title="bbox 273 2112 1925 2197">
     <span class='ocr_line' id='line_1_39' title="bbox 273 2112 1925 2197; baseline -0.006 -18"><span class='ocrx_word' id='word_1_256' title='bbox 273 2112 515 2197; x_wconf 65' lang='grc' dir='ltr'>οὐδαμῶς</span> <span class='ocrx_word' id='word_1_257' title='bbox 571 2118 688 2179; x_wconf 73' lang='grc' dir='ltr'>οὒδὲ</span> <span class='ocrx_word' id='word_1_258' title='bbox 743 2117 860 2175; x_wconf 88' lang='grc' dir='ltr'>καθ’</span> <span class='ocrx_word' id='word_1_259' title='bbox 931 2116 1236 2189; x_wconf 73' lang='grc' dir='ltr'>οἱονδήποτε</span> <span class='ocrx_word' id='word_1_260' title='bbox 1286 2117 1504 2195; x_wconf 86' lang='grc' dir='ltr'>τρόπου,</span> <span class='ocrx_word' id='word_1_261' title='bbox 1552 2112 1668 2172; x_wconf 71' lang='grc' dir='ltr'>οὕτε</span> <span class='ocrx_word' id='word_1_262' title='bbox 1698 2117 1800 2193; x_wconf 83' lang='grc' dir='ltr'>πρὸ</span> <span class='ocrx_word' id='word_1_263' title='bbox 1829 2118 1925 2180; x_wconf 78' lang='grc' dir='ltr'>τῆς</span> 
     </span>
    </p>
   </div>
   <div class='ocr_carea' id='block_1_39' title="bbox 276 2203 1927 2292">
    <p class='ocr_par' dir='ltr' id='par_1_39' title="bbox 276 2203 1927 2292">
     <span class='ocr_line' id='line_1_40' title="bbox 276 2203 1927 2292; baseline -0.007 -25"><span class='ocrx_word' id='word_1_264' title='bbox 276 2212 605 2292; x_wconf 80' lang='grc' dir='ltr'>χειροτονίας</span> <span class='ocrx_word' id='word_1_265' title='bbox 675 2207 791 2264; x_wconf 68' lang='grc' dir='ltr'>οὔτε</span> <span class='ocrx_word' id='word_1_266' title='bbox 862 2208 995 2283; x_wconf 87' lang='grc' dir='ltr'>μετά</span> <span class='ocrx_word' id='word_1_267' title='bbox 1091 2207 1190 2274; x_wconf 78' lang='grc' dir='ltr'>τὴν</span> <span class='ocrx_word' id='word_1_268' title='bbox 1286 2203 1618 2285; x_wconf 77' lang='grc' dir='ltr'>χειροτονίαν</span> <span class='ocrx_word' id='word_1_269' title='bbox 1689 2208 1927 2281; x_wconf 80' lang='grc' dir='ltr'>προσῆκε</span> 
     </span>
    </p>
   </div>
   <div class='ocr_carea' id='block_1_40' title="bbox 272 2288 1925 2374">
    <p class='ocr_par' dir='ltr' id='par_1_40' title="bbox 272 2288 1925 2374">
     <span class='ocr_line' id='line_1_41' title="bbox 272 2288 1925 2374; baseline -0.005 -21"><span class='ocrx_word' id='word_1_270' title='bbox 272 2288 581 2371; x_wconf 77' lang='grc' dir='ltr'>λαμϐάνειν.</span> <span class='ocrx_word' id='word_1_271' title='bbox 628 2302 793 2353; x_wconf 77' lang='grc' dir='ltr'>Τοῦτο</span> <span class='ocrx_word' id='word_1_272' title='bbox 820 2297 939 2374; x_wconf 73' lang='grc' dir='ltr'>γὰρ,</span> <span class='ocrx_word' id='word_1_273' title='bbox 976 2294 1160 2370; x_wconf 74' lang='grc' dir='ltr'>οἶμαι,</span> <span class='ocrx_word' id='word_1_274' title='bbox 1206 2294 1441 2356; x_wconf 72' lang='grc' dir='ltr'>καὶτοῖς</span> <span class='ocrx_word' id='word_1_275' title='bbox 1486 2291 1709 2370; x_wconf 78' lang='grc' dir='ltr'>ἀπείρως</span> <span class='ocrx_word' id='word_1_276' title='bbox 1740 2288 1925 2371; x_wconf 75' lang='grc' dir='ltr'>ἔχουτι</span> 
     </span>
    </p>
   </div>
   <div class='ocr_carea' id='block_1_41' title="bbox 275 2378 1922 2466">
    <p class='ocr_par' dir='ltr' id='par_1_41' title="bbox 275 2378 1922 2466">
     <span class='ocr_line' id='line_1_42' title="bbox 275 2378 1922 2466; baseline -0.005 -24"><span class='ocrx_word' id='word_1_277' title='bbox 275 2387 393 2466; x_wconf 87' lang='grc' dir='ltr'>περὶ</span> <span class='ocrx_word' id='word_1_278' title='bbox 440 2387 561 2448; x_wconf 74' lang='grc' dir='ltr'>τοῦς</span> <span class='ocrx_word' id='word_1_279' title='bbox 618 2384 841 2449; x_wconf 82' lang='grc' dir='ltr'>κανόνας</span> <span class='ocrx_word' id='word_1_280' title='bbox 892 2384 1012 2446; x_wconf 81' lang='grc' dir='ltr'>τοὺς</span> <span class='ocrx_word' id='word_1_281' title='bbox 1054 2385 1245 2462; x_wconf 77' lang='grc' dir='ltr'>θείους,</span> <span class='ocrx_word' id='word_1_282' title='bbox 1303 2378 1599 2447; x_wconf 82' lang='grc' dir='ltr'>κατάδηλον</span> <span class='ocrx_word' id='word_1_283' title='bbox 1655 2379 1922 2459; x_wconf 77' lang='grc' dir='ltr'>ἐμφανίζει</span> 
     </span>
    </p>
   </div>
   <div class='ocr_carea' id='block_1_42' title="bbox 273 2469 1925 2546">
    <p class='ocr_par' dir='ltr' id='par_1_42' title="bbox 273 2469 1925 2546">
     <span class='ocr_line' id='line_1_43' title="bbox 273 2469 1925 2546; baseline -0.005 -15"><span class='ocrx_word' id='word_1_284' title='bbox 273 2476 373 2543; x_wconf 71' lang='grc' dir='ltr'>τὴν</span> <span class='ocrx_word' id='word_1_285' title='bbox 402 2474 620 2531; x_wconf 80' lang='grc' dir='ltr'>ἀτοπίαν</span> <span class='ocrx_word' id='word_1_286' title='bbox 656 2493 669 2507; x_wconf 87' lang='grc'><strong>·</strong></span> <span class='ocrx_word' id='word_1_287' title='bbox 745 2472 824 2529; x_wconf 77' lang='grc' dir='ltr'>διὸ</span> <span class='ocrx_word' id='word_1_288' title='bbox 853 2472 936 2529; x_wconf 83' lang='grc' dir='ltr'>δεῖ</span> <span class='ocrx_word' id='word_1_289' title='bbox 987 2473 1315 2530; x_wconf 84' lang='grc' dir='ltr'>παντάπασιν</span> <span class='ocrx_word' id='word_1_290' title='bbox 1362 2471 1414 2527; x_wconf 88' lang='grc' dir='ltr'>ἐν</span> <span class='ocrx_word' id='word_1_291' title='bbox 1464 2476 1593 2525; x_wconf 83' lang='grc' dir='ltr'>πᾶσι</span> <span class='ocrx_word' id='word_1_292' title='bbox 1636 2481 1751 2533; x_wconf 88' lang='grc' dir='ltr'>τοῖς</span> <span class='ocrx_word' id='word_1_293' title='bbox 1782 2469 1925 2546; x_wconf 77' lang='grc' dir='ltr'>εἰρη-</span> 
     </span>
    </p>
   </div>
   <div class='ocr_carea' id='block_1_43' title="bbox 276 2553 1921 2641">
    <p class='ocr_par' dir='ltr' id='par_1_43' title="bbox 276 2553 1921 2641">
     <span class='ocr_line' id='line_1_44' title="bbox 276 2553 1921 2641; baseline -0.005 -22"><span class='ocrx_word' id='word_1_294' title='bbox 276 2564 477 2640; x_wconf 87' lang='grc' dir='ltr'>μένοις,</span> <span class='ocrx_word' id='word_1_295' title='bbox 513 2564 599 2619; x_wconf 85' lang='grc' dir='ltr'>καὶ</span> <span class='ocrx_word' id='word_1_296' title='bbox 629 2575 770 2636; x_wconf 74' lang='grc' dir='ltr'>τοῖς,</span> <span class='ocrx_word' id='word_1_297' title='bbox 806 2564 879 2625; x_wconf 83' lang='grc' dir='ltr'>ὡς</span> <span class='ocrx_word' id='word_1_298' title='bbox 910 2562 1072 2641; x_wconf 79' lang='grc' dir='ltr'>εἰκὸς,</span> <span class='ocrx_word' id='word_1_299' title='bbox 1128 2558 1663 2639; x_wconf 87' lang='grc' dir='ltr'>παραλελειμμένοις,</span> <span class='ocrx_word' id='word_1_300' title='bbox 1723 2553 1921 2621; x_wconf 75' lang='grc' dir='ltr'>ἅθώους</span> 
     </span>
    </p>
   </div>
   <div class='ocr_carea' id='block_1_44' title="bbox 276 2646 1921 2733">
    <p class='ocr_par' dir='ltr' id='par_1_44' title="bbox 276 2646 1921 2733">
     <span class='ocr_line' id='line_1_45' title="bbox 276 2646 1921 2733; baseline -0.005 -24"><span class='ocrx_word' id='word_1_301' title='bbox 276 2655 370 2717; x_wconf 77' lang='grc' dir='ltr'>τας</span> <span class='ocrx_word' id='word_1_302' title='bbox 404 2666 597 2733; x_wconf 73' lang='grc' dir='ltr'>χεῖρας</span> <span class='ocrx_word' id='word_1_303' title='bbox 641 2649 991 2731; x_wconf 75' lang='grc' dir='ltr'>φυλάττοντα,</span> <span class='ocrx_word' id='word_1_304' title='bbox 1024 2651 1112 2706; x_wconf 84' lang='grc' dir='ltr'>καὶ</span> <span class='ocrx_word' id='word_1_305' title='bbox 1153 2650 1254 2727; x_wconf 90' lang='grc' dir='ltr'>πρό</span> <span class='ocrx_word' id='word_1_306' title='bbox 1296 2671 1356 2727; x_wconf 91' lang='grc' dir='ltr'>γε</span> <span class='ocrx_word' id='word_1_307' title='bbox 1398 2655 1503 2706; x_wconf 82' lang='grc' dir='ltr'>τῶν</span> <span class='ocrx_word' id='word_1_308' title='bbox 1549 2650 1747 2727; x_wconf 81' lang='grc' dir='ltr'>χειρῶν</span> <span class='ocrx_word' id='word_1_309' title='bbox 1801 2646 1921 2708; x_wconf 82' lang='grc' dir='ltr'>τοὺς</span> 
     </span>
    </p>
   </div>
   <div class='ocr_carea' id='block_1_45' title="bbox 280 2732 1926 2821">
    <p class='ocr_par' dir='ltr' id='par_1_45' title="bbox 280 2732 1926 2821">
     <span class='ocr_line' id='line_1_46' title="bbox 280 2732 1926 2821; baseline -0.006 -23"><span class='ocrx_word' id='word_1_310' title='bbox 280 2742 590 2821; x_wconf 83' lang='grc' dir='ltr'>λογισμοὺς,</span> <span class='ocrx_word' id='word_1_311' title='bbox 649 2740 785 2797; x_wconf 60' lang='grc' dir='ltr'>οἶτω</span> <span class='ocrx_word' id='word_1_312' title='bbox 851 2741 942 2795; x_wconf 78' lang='grc' dir='ltr'>τὸν</span> <span class='ocrx_word' id='word_1_313' title='bbox 998 2743 1095 2805; x_wconf 75' lang='grc' dir='ltr'>τῆς</span> <span class='ocrx_word' id='word_1_314' title='bbox 1160 2738 1557 2817; x_wconf 72' lang='grc' dir='ltr'>ἀρχιερωσύνης</span> <span class='ocrx_word' id='word_1_315' title='bbox 1614 2732 1926 2814; x_wconf 75' lang='grc' dir='ltr'>μεταχειρί-</span> 
     </span>
    </p>
   </div>
   <div class='ocr_carea' id='block_1_46' title="bbox 276 2824 1926 2905">
    <p class='ocr_par' dir='ltr' id='par_1_46' title="bbox 276 2824 1926 2905">
     <span class='ocr_line' id='line_1_47' title="bbox 276 2824 1926 2905; baseline -0.006 -18"><span class='ocrx_word' id='word_1_316' title='bbox 276 2834 451 2903; x_wconf 84' lang='grc' dir='ltr'>ζεσθαι</span> <span class='ocrx_word' id='word_1_317' title='bbox 494 2831 680 2905; x_wconf 79' lang='grc' dir='ltr'>νόμον,</span> <span class='ocrx_word' id='word_1_318' title='bbox 741 2826 912 2884; x_wconf 80' lang='grc' dir='ltr'>εἶδότα</span> <span class='ocrx_word' id='word_1_319' title='bbox 970 2828 1056 2883; x_wconf 84' lang='grc' dir='ltr'>καὶ</span> <span class='ocrx_word' id='word_1_320' title='bbox 1100 2826 1474 2903; x_wconf 81' lang='grc' dir='ltr'>πεπεισμένον,</span> <span class='ocrx_word' id='word_1_321' title='bbox 1530 2826 1603 2888; x_wconf 80' lang='grc' dir='ltr'>ὡς</span> <span class='ocrx_word' id='word_1_322' title='bbox 1661 2826 1689 2880; x_wconf 85' lang='grc' dir='ltr'>ὁ</span> <span class='ocrx_word' id='word_1_323' title='bbox 1732 2824 1926 2889; x_wconf 78' lang='grc' dir='ltr'>ταύτης</span> 
     </span>
    </p>
   </div>
   <div class='ocr_carea' id='block_1_47' title="bbox 2008 1752 3653 1839">
    <p class='ocr_par' dir='ltr' id='par_1_47' title="bbox 2008 1752 3653 1839">
     <span class='ocr_line' id='line_1_48' title="bbox 2008 1752 3653 1839; baseline 0.005 -26"><span class='ocrx_word' id='word_1_324' title='bbox 2008 1752 2147 1833; x_wconf 88' lang='lat' dir='ltr'>quid</span> <span class='ocrx_word' id='word_1_325' title='bbox 2161 1755 2878 1836; x_wconf 87' lang='lat' dir='ltr'>accipias,interveniente</span> <span class='ocrx_word' id='word_1_326' title='bbox 2897 1756 3149 1839; x_wconf 87' lang='lat' dir='ltr'>Spiritus</span> <span class='ocrx_word' id='word_1_327' title='bbox 3163 1757 3349 1820; x_wconf 87' lang='lat' dir='ltr'>sancti</span> <span class='ocrx_word' id='word_1_328' title='bbox 3365 1766 3653 1839; x_wconf 83' lang='lat' dir='ltr'>potestate</span> 
     </span>
    </p>
   </div>
   <div class='ocr_carea' id='block_1_48' title="bbox 2011 1843 3651 1927">
    <p class='ocr_par' dir='ltr' id='par_1_48' title="bbox 2011 1843 3651 1927">
     <span class='ocr_line' id='line_1_49' title="bbox 2011 1843 3651 1927; baseline 0.004 -25"><span class='ocrx_word' id='word_1_329' title='bbox 2011 1843 2363 1905; x_wconf 89' lang='lat' dir='ltr'>mandamus</span> <span class='ocrx_word' id='word_1_330' title='bbox 2390 1866 2403 1903; x_wconf 91' lang='lat'><strong>:</strong></span> <span class='ocrx_word' id='word_1_331' title='bbox 2438 1860 2549 1906; x_wconf 91' lang='lat' dir='ltr'>nec</span> <span class='ocrx_word' id='word_1_332' title='bbox 2579 1845 2719 1907; x_wconf 92' lang='lat' dir='ltr'>item</span> <span class='ocrx_word' id='word_1_333' title='bbox 2751 1854 2993 1927; x_wconf 90' lang='lat' dir='ltr'>propter</span> <span class='ocrx_word' id='word_1_334' title='bbox 3021 1845 3273 1923; x_wconf 88' lang='lat' dir='ltr'>abbatis,</span> <span class='ocrx_word' id='word_1_335' title='bbox 3306 1847 3398 1908; x_wconf 90' lang='lat' dir='ltr'>vel</span> <span class='ocrx_word' id='word_1_336' title='bbox 3449 1848 3651 1909; x_wconf 89' lang='lat' dir='ltr'>archi-</span> 
     </span>
    </p>
   </div>
   <div class='ocr_carea' id='block_1_49' title="bbox 2011 1931 3650 2017">
    <p class='ocr_par' dir='ltr' id='par_1_49' title="bbox 2011 1931 3650 2017">
     <span class='ocr_line' id='line_1_50' title="bbox 2011 1931 3650 2017; baseline 0.005 -27"><span class='ocrx_word' id='word_1_337' title='bbox 2011 1931 2342 2008; x_wconf 63' lang='lat' dir='ltr'>mandritm,</span> <span class='ocrx_word' id='word_1_338' title='bbox 2375 1933 2469 1995; x_wconf 94' lang='lat' dir='ltr'>vel</span> <span class='ocrx_word' id='word_1_339' title='bbox 2499 1932 2674 2012; x_wconf 84' lang='lat' dir='ltr'>legati</span> <span class='ocrx_word' id='word_1_340' title='bbox 2709 1934 2837 2015; x_wconf 79' lang='lat'>(50)</span> <span class='ocrx_word' id='word_1_341' title='bbox 2868 1934 3339 2017; x_wconf 73' lang='lat' dir='ltr'>przefectionem,</span> <span class='ocrx_word' id='word_1_342' title='bbox 3375 1934 3495 1998; x_wconf 91' lang='lat' dir='ltr'>imo</span> <span class='ocrx_word' id='word_1_343' title='bbox 3538 1955 3650 1999; x_wconf 88' lang='lat' dir='ltr'>ne-</span> 
     </span>
    </p>
   </div>
   <div class='ocr_carea' id='block_1_50' title="bbox 2011 2019 3656 2106">
    <p class='ocr_par' dir='ltr' id='par_1_50' title="bbox 2011 2019 3656 2106">
     <span class='ocr_line' id='line_1_51' title="bbox 2011 2019 3656 2106; baseline 0.004 -26"><span class='ocrx_word' id='word_1_344' title='bbox 2011 2019 2249 2100; x_wconf 87' lang='lat' dir='ltr'>quidem</span> <span class='ocrx_word' id='word_1_345' title='bbox 2285 2030 2532 2102; x_wconf 84' lang='lat' dir='ltr'>propter</span> <span class='ocrx_word' id='word_1_346' title='bbox 2562 2022 2993 2086; x_wconf 86' lang='lat' dir='ltr'>institutionem</span> <span class='ocrx_word' id='word_1_347' title='bbox 3014 2024 3331 2100; x_wconf 66' lang='lat' dir='ltr'>aeconomi,</span> <span class='ocrx_word' id='word_1_348' title='bbox 3357 2024 3446 2086; x_wconf 93' lang='lat' dir='ltr'>vel</span> <span class='ocrx_word' id='word_1_349' title='bbox 3464 2026 3656 2106; x_wconf 86' lang='lat' dir='ltr'>majo-</span> 
     </span>
    </p>
   </div>
   <div class='ocr_carea' id='block_1_51' title="bbox 2010 2108 3654 2194">
    <p class='ocr_par' dir='ltr' id='par_1_51' title="bbox 2010 2108 3654 2194">
     <span class='ocr_line' id='line_1_52' title="bbox 2010 2108 3654 2194; baseline 0.004 -25"><span class='ocrx_word' id='word_1_350' title='bbox 2010 2108 2093 2169; x_wconf 92' lang='lat' dir='ltr'>ris</span> <span class='ocrx_word' id='word_1_351' title='bbox 2122 2128 2138 2184; x_wconf 90' lang='lat'><strong>;</strong></span> <span class='ocrx_word' id='word_1_352' title='bbox 2171 2110 2327 2189; x_wconf 92' lang='lat' dir='ltr'>quod</span> <span class='ocrx_word' id='word_1_353' title='bbox 2361 2110 2708 2173; x_wconf 89' lang='lat' dir='ltr'>horribilius</span> <span class='ocrx_word' id='word_1_354' title='bbox 2740 2111 3023 2192; x_wconf 89' lang='lat' dir='ltr'>denique,</span> <span class='ocrx_word' id='word_1_355' title='bbox 3067 2131 3186 2175; x_wconf 92' lang='lat' dir='ltr'>non</span> <span class='ocrx_word' id='word_1_356' title='bbox 3216 2121 3456 2194; x_wconf 88' lang='lat' dir='ltr'>propter</span> <span class='ocrx_word' id='word_1_357' title='bbox 3484 2114 3654 2177; x_wconf 90' lang='lat' dir='ltr'>ordi-</span> 
     </span>
    </p>
   </div>
   <div class='ocr_carea' id='block_1_52' title="bbox 2011 2198 3651 2284">
    <p class='ocr_par' dir='ltr' id='par_1_52' title="bbox 2011 2198 3651 2284">
     <span class='ocr_line' id='line_1_53' title="bbox 2011 2198 3651 2284; baseline 0.004 -26"><span class='ocrx_word' id='word_1_358' title='bbox 2011 2198 2314 2259; x_wconf 90' lang='lat' dir='ltr'>nationem</span> <span class='ocrx_word' id='word_1_359' title='bbox 2371 2198 2627 2276; x_wconf 89' lang='lat' dir='ltr'>diaconi,</span> <span class='ocrx_word' id='word_1_360' title='bbox 2683 2199 2773 2263; x_wconf 89' lang='lat' dir='ltr'>vel</span> <span class='ocrx_word' id='word_1_361' title='bbox 2836 2200 3191 2282; x_wconf 81' lang='lat' dir='ltr'>presbyteri,</span> <span class='ocrx_word' id='word_1_362' title='bbox 3239 2201 3330 2264; x_wconf 90' lang='lat' dir='ltr'>vel</span> <span class='ocrx_word' id='word_1_363' title='bbox 3363 2202 3651 2284; x_wconf 88' lang='lat' dir='ltr'>episcopi,</span> 
     </span>
    </p>
   </div>
   <div class='ocr_carea' id='block_1_53' title="bbox 2011 2286 3655 2367">
    <p class='ocr_par' dir='ltr' id='par_1_53' title="bbox 2011 2286 3655 2367">
     <span class='ocr_line' id='line_1_54' title="bbox 2011 2286 3655 2367; baseline 0.005 -21"><span class='ocrx_word' id='word_1_364' title='bbox 2011 2286 2330 2367; x_wconf 87' lang='lat' dir='ltr'>quidquam</span> <span class='ocrx_word' id='word_1_365' title='bbox 2360 2306 2606 2367; x_wconf 89' lang='lat' dir='ltr'>prorsus</span> <span class='ocrx_word' id='word_1_366' title='bbox 2641 2289 2762 2351; x_wconf 93' lang='lat' dir='ltr'>ullo</span> <span class='ocrx_word' id='word_1_367' title='bbox 2796 2290 2995 2366; x_wconf 92' lang='lat' dir='ltr'>modo,</span> <span class='ocrx_word' id='word_1_368' title='bbox 3028 2308 3142 2353; x_wconf 92' lang='lat' dir='ltr'>nec</span> <span class='ocrx_word' id='word_1_369' title='bbox 3170 2299 3312 2353; x_wconf 88' lang='lat' dir='ltr'>ante</span> <span class='ocrx_word' id='word_1_370' title='bbox 3334 2290 3655 2354; x_wconf 87' lang='lat' dir='ltr'>ordinatio-</span> 
     </span>
    </p>
   </div>
   <div class='ocr_carea' id='block_1_54' title="bbox 2009 2377 3655 2456">
    <p class='ocr_par' dir='ltr' id='par_1_54' title="bbox 2009 2377 3655 2456">
     <span class='ocr_line' id='line_1_55' title="bbox 2009 2377 3655 2456; baseline 0.006 -22"><span class='ocrx_word' id='word_1_371' title='bbox 2009 2393 2170 2451; x_wconf 91' lang='lat' dir='ltr'>nem,</span> <span class='ocrx_word' id='word_1_372' title='bbox 2201 2394 2309 2436; x_wconf 88' lang='lat' dir='ltr'>nec</span> <span class='ocrx_word' id='word_1_373' title='bbox 2332 2384 2462 2456; x_wconf 93' lang='lat' dir='ltr'>post</span> <span class='ocrx_word' id='word_1_374' title='bbox 2482 2377 2923 2442; x_wconf 85' lang='lat' dir='ltr'>ordinationem</span> <span class='ocrx_word' id='word_1_375' title='bbox 2943 2396 3183 2441; x_wconf 88' lang='lat' dir='ltr'>sumere</span> <span class='ocrx_word' id='word_1_376' title='bbox 3204 2380 3501 2444; x_wconf 90' lang='lat' dir='ltr'>convenit.</span> <span class='ocrx_word' id='word_1_377' title='bbox 3528 2380 3655 2444; x_wconf 88' lang='lat' dir='ltr'>Hoc</span> 
     </span>
    </p>
   </div>
   <div class='ocr_carea' id='block_1_55' title="bbox 2006 2463 3650 2550">
    <p class='ocr_par' dir='ltr' id='par_1_55' title="bbox 2006 2463 3650 2550">
     <span class='ocr_line' id='line_1_56' title="bbox 2006 2463 3650 2550; baseline 0.004 -25"><span class='ocrx_word' id='word_1_378' title='bbox 2006 2463 2163 2525; x_wconf 90' lang='lat' dir='ltr'>enim</span> <span class='ocrx_word' id='word_1_379' title='bbox 2199 2484 2373 2545; x_wconf 88' lang='lat' dir='ltr'>quam</span> <span class='ocrx_word' id='word_1_380' title='bbox 2405 2465 2478 2526; x_wconf 91' lang='lat' dir='ltr'>sit</span> <span class='ocrx_word' id='word_1_381' title='bbox 2532 2465 2875 2544; x_wconf 91' lang='lat' dir='ltr'>absurdum,</span> <span class='ocrx_word' id='word_1_382' title='bbox 2935 2474 2998 2530; x_wconf 90' lang='lat' dir='ltr'>ut</span> <span class='ocrx_word' id='word_1_383' title='bbox 3034 2467 3309 2550; x_wconf 89' lang='lat' dir='ltr'>equidem</span> <span class='ocrx_word' id='word_1_384' title='bbox 3365 2468 3650 2547; x_wconf 79' lang='lat' dir='ltr'>arbitror,</span> 
     </span>
    </p>
   </div>
   <div class='ocr_carea' id='block_1_56' title="bbox 2005 2553 3650 2638">
    <p class='ocr_par' dir='ltr' id='par_1_56' title="bbox 2005 2553 3650 2638">
     <span class='ocr_line' id='line_1_57' title="bbox 2005 2553 3650 2638; baseline 0.005 -24"><span class='ocrx_word' id='word_1_385' title='bbox 2005 2553 2179 2614; x_wconf 90' lang='lat' dir='ltr'>etiam</span> <span class='ocrx_word' id='word_1_386' title='bbox 2195 2566 2507 2616; x_wconf 87' lang='lat' dir='ltr'>sacrorum</span> <span class='ocrx_word' id='word_1_387' title='bbox 2526 2574 2819 2617; x_wconf 91' lang='lat' dir='ltr'>canonum</span> <span class='ocrx_word' id='word_1_388' title='bbox 2840 2556 3136 2638; x_wconf 91' lang='lat' dir='ltr'>imperitis</span> <span class='ocrx_word' id='word_1_389' title='bbox 3148 2564 3233 2619; x_wconf 91' lang='lat' dir='ltr'>est</span> <span class='ocrx_word' id='word_1_390' title='bbox 3250 2557 3650 2622; x_wconf 88' lang='lat' dir='ltr'>manifestum.</span> 
     </span>
    </p>
   </div>
   <div class='ocr_carea' id='block_1_57' title="bbox 2008 2639 3653 2727">
    <p class='ocr_par' dir='ltr' id='par_1_57' title="bbox 2008 2639 3653 2727">
     <span class='ocr_line' id='line_1_58' title="bbox 2008 2639 3653 2727; baseline 0.004 -26"><span class='ocrx_word' id='word_1_391' title='bbox 2008 2639 2377 2723; x_wconf 90' lang='lat' dir='ltr'>Quapropter</span> <span class='ocrx_word' id='word_1_392' title='bbox 2422 2644 2666 2707; x_wconf 89' lang='lat' dir='ltr'>omnino</span> <span class='ocrx_word' id='word_1_393' title='bbox 2695 2645 2756 2705; x_wconf 91' lang='lat' dir='ltr'>in</span> <span class='ocrx_word' id='word_1_394' title='bbox 2808 2644 3088 2709; x_wconf 90' lang='lat' dir='ltr'>omnibus</span> <span class='ocrx_word' id='word_1_395' title='bbox 3136 2643 3435 2722; x_wconf 88' lang='lat' dir='ltr'>indicatis,</span> <span class='ocrx_word' id='word_1_396' title='bbox 3472 2653 3530 2707; x_wconf 93' lang='lat' dir='ltr'>et</span> <span class='ocrx_word' id='word_1_397' title='bbox 3559 2646 3653 2727; x_wconf 91' lang='lat' dir='ltr'>iis,</span> 
     </span>
    </p>
   </div>
   <div class='ocr_carea' id='block_1_58' title="bbox 2010 2732 3653 2814">
    <p class='ocr_par' dir='ltr' id='par_1_58' title="bbox 2010 2732 3653 2814">
     <span class='ocr_line' id='line_1_59' title="bbox 2010 2732 3653 2814; baseline 0.004 -23"><span class='ocrx_word' id='word_1_398' title='bbox 2010 2748 2137 2810; x_wconf 65' lang='lat' dir='ltr'>qum</span> <span class='ocrx_word' id='word_1_399' title='bbox 2172 2732 2439 2794; x_wconf 88' lang='lat' dir='ltr'>fortassis</span> <span class='ocrx_word' id='word_1_400' title='bbox 2468 2732 2689 2795; x_wconf 89' lang='lat' dir='ltr'>omissa</span> <span class='ocrx_word' id='word_1_401' title='bbox 2718 2744 2877 2809; x_wconf 89' lang='lat' dir='ltr'>sunt,</span> <span class='ocrx_word' id='word_1_402' title='bbox 2936 2752 3147 2796; x_wconf 88' lang='lat' dir='ltr'>manus</span> <span class='ocrx_word' id='word_1_403' title='bbox 3178 2750 3358 2814; x_wconf 88' lang='lat' dir='ltr'>puras</span> <span class='ocrx_word' id='word_1_404' title='bbox 3389 2752 3653 2812; x_wconf 88' lang='lat' dir='ltr'>servans,</span> 
     </span>
    </p>
   </div>
   <div class='ocr_carea' id='block_1_59' title="bbox 2010 2820 3657 2904">
    <p class='ocr_par' dir='ltr' id='par_1_59' title="bbox 2010 2820 3657 2904">
     <span class='ocr_line' id='line_1_60' title="bbox 2010 2820 3657 2904; baseline 0.002 -23"><span class='ocrx_word' id='word_1_405' title='bbox 2010 2829 2069 2881; x_wconf 92' lang='lat' dir='ltr'>et</span> <span class='ocrx_word' id='word_1_406' title='bbox 2096 2820 2336 2901; x_wconf 88' lang='lat' dir='ltr'>quidem</span> <span class='ocrx_word' id='word_1_407' title='bbox 2368 2832 2506 2883; x_wconf 88' lang='lat' dir='ltr'>ante</span> <span class='ocrx_word' id='word_1_408' title='bbox 2538 2840 2771 2895; x_wconf 85' lang='lat' dir='ltr'>manus,</span> <span class='ocrx_word' id='word_1_409' title='bbox 2798 2824 2957 2904; x_wconf 83' lang='lat' dir='ltr'>ipsas</span> <span class='ocrx_word' id='word_1_410' title='bbox 2977 2822 3394 2904; x_wconf 79' lang='lat' dir='ltr'>cogitationes;</span> <span class='ocrx_word' id='word_1_411' title='bbox 3429 2822 3511 2885; x_wconf 89' lang='lat' dir='ltr'>ita</span> <span class='ocrx_word' id='word_1_412' title='bbox 3532 2823 3657 2885; x_wconf 90' lang='lat' dir='ltr'>sci-</span> 
     </span>
    </p>
   </div>
   <div class='ocr_carea' id='block_1_60' title="bbox 276 2907 1925 2998">
    <p class='ocr_par' dir='ltr' id='par_1_60' title="bbox 276 2910 1923 2998">
     <span class='ocr_line' id='line_1_61' title="bbox 276 2910 1923 2998; baseline -0.006 -23"><span class='ocrx_word' id='word_1_413' title='bbox 276 2919 522 2998; x_wconf 80' lang='grc' dir='ltr'>παρορῶν</span> <span class='ocrx_word' id='word_1_414' title='bbox 551 2918 643 2979; x_wconf 79' lang='grc' dir='ltr'>τὰς</span> <span class='ocrx_word' id='word_1_415' title='bbox 699 2915 913 2979; x_wconf 73' lang='grc' dir='ltr'>ἐντολὰς</span> <span class='ocrx_word' id='word_1_416' title='bbox 970 2916 1058 2971; x_wconf 81' lang='grc' dir='ltr'>καὶ</span> <span class='ocrx_word' id='word_1_417' title='bbox 1114 2915 1521 2994; x_wconf 76' lang='grc' dir='ltr'>προστάγματα,</span> <span class='ocrx_word' id='word_1_418' title='bbox 1569 2916 1673 2992; x_wconf 76' lang='grc' dir='ltr'>οὐχ</span> <span class='ocrx_word' id='word_1_419' title='bbox 1723 2910 1923 2985; x_wconf 78' lang='grc' dir='ltr'>ἡμετέ-</span> 
     </span>
    </p>
   </div>
   <div class='ocr_carea' id='block_1_61' title="bbox 2009 2907 3657 2998">
    <p class='ocr_par' dir='ltr' id='par_1_61' title="bbox 2009 2907 3657 2992">
     <span class='ocr_line' id='line_1_62' title="bbox 2009 2907 3657 2992; baseline 0.003 -23"><span class='ocrx_word' id='word_1_420' title='bbox 2009 2907 2149 2971; x_wconf 91' lang='lat' dir='ltr'>licet</span> <span class='ocrx_word' id='word_1_421' title='bbox 2177 2909 2445 2971; x_wconf 88' lang='lat' dir='ltr'>muneris</span> <span class='ocrx_word' id='word_1_422' title='bbox 2497 2910 2786 2991; x_wconf 89' lang='lat' dir='ltr'>pontificii</span> <span class='ocrx_word' id='word_1_423' title='bbox 2839 2912 3028 2992; x_wconf 79' lang='lat' dir='ltr'>legem</span> <span class='ocrx_word' id='word_1_424' title='bbox 3090 2911 3295 2974; x_wconf 87' lang='lat' dir='ltr'>subire</span> <span class='ocrx_word' id='word_1_425' title='bbox 3352 2910 3560 2989; x_wconf 87' lang='lat' dir='ltr'>debes,</span> <span class='ocrx_word' id='word_1_426' title='bbox 3596 2919 3657 2974; x_wconf 93' lang='lat' dir='ltr'>et</span> 
     </span>
    </p>
   </div>
   <div class='ocr_carea' id='block_1_62' title="bbox 278 3001 1928 3087">
    <p class='ocr_par' dir='ltr' id='par_1_62' title="bbox 278 3001 1928 3087">
     <span class='ocr_line' id='line_1_63' title="bbox 278 3001 1928 3087; baseline -0.006 -24"><span class='ocrx_word' id='word_1_427' title='bbox 278 3030 372 3087; x_wconf 90' lang='grc' dir='ltr'>ρας</span> <span class='ocrx_word' id='word_1_428' title='bbox 428 3006 759 3085; x_wconf 82' lang='grc' dir='ltr'>παραινέσεις</span> <span class='ocrx_word' id='word_1_429' title='bbox 810 3004 1010 3079; x_wconf 88' lang='grc' dir='ltr'>ἀθετεῖ,</span> <span class='ocrx_word' id='word_1_430' title='bbox 1079 3002 1215 3059; x_wconf 85' lang='grc' dir='ltr'>ἀλλά</span> <span class='ocrx_word' id='word_1_431' title='bbox 1269 3006 1375 3060; x_wconf 67' lang='grc' dir='ltr'>τῶν</span> <span class='ocrx_word' id='word_1_432' title='bbox 1431 3002 1582 3058; x_wconf 90' lang='grc' dir='ltr'>θείων</span> <span class='ocrx_word' id='word_1_433' title='bbox 1632 3001 1720 3056; x_wconf 85' lang='grc' dir='ltr'>καὶ</span> <span class='ocrx_word' id='word_1_434' title='bbox 1774 3002 1928 3078; x_wconf 82' lang='grc' dir='ltr'>ἱερῶν</span> 
     </span>
    </p>
   </div>
   <div class='ocr_carea' id='block_1_63' title="bbox 278 3090 1931 3175">
    <p class='ocr_par' dir='ltr' id='par_1_63' title="bbox 278 3090 1931 3175">
     <span class='ocr_line' id='line_1_64' title="bbox 278 3090 1931 3175; baseline -0.005 -22"><span class='ocrx_word' id='word_1_435' title='bbox 278 3097 514 3154; x_wconf 87' lang='grc' dir='ltr'>κανόνων</span> <span class='ocrx_word' id='word_1_436' title='bbox 568 3095 867 3175; x_wconf 78' lang='grc' dir='ltr'>ὑπερόπτης</span> <span class='ocrx_word' id='word_1_437' title='bbox 926 3094 1151 3172; x_wconf 80' lang='grc' dir='ltr'>γίνεται,</span> <span class='ocrx_word' id='word_1_438' title='bbox 1195 3094 1282 3149; x_wconf 85' lang='grc' dir='ltr'>καὶ</span> <span class='ocrx_word' id='word_1_439' title='bbox 1342 3092 1441 3160; x_wconf 77' lang='grc' dir='ltr'>τὴν</span> <span class='ocrx_word' id='word_1_440' title='bbox 1494 3090 1553 3148; x_wconf 91' lang='grc' dir='ltr'>ἐκ</span> <span class='ocrx_word' id='word_1_441' title='bbox 1594 3090 1792 3148; x_wconf 88' lang='grc' dir='ltr'>τούτων</span> <span class='ocrx_word' id='word_1_442' title='bbox 1836 3090 1931 3145; x_wconf 76' lang='grc' dir='ltr'>οὐκ</span> 
     </span>
    </p>
   </div>
   <div class='ocr_carea' id='block_1_64' title="bbox 279 3177 1931 3258">
    <p class='ocr_par' dir='ltr' id='par_1_64' title="bbox 279 3177 1931 3258">
     <span class='ocr_line' id='line_1_65' title="bbox 279 3177 1931 3258; baseline -0.005 -17"><span class='ocrx_word' id='word_1_443' title='bbox 279 3183 577 3258; x_wconf 75' lang='grc' dir='ltr'>ἐκφεύξεται</span> <span class='ocrx_word' id='word_1_444' title='bbox 630 3181 937 3249; x_wconf 81' lang='grc' dir='ltr'>καταδίκην,</span> <span class='ocrx_word' id='word_1_445' title='bbox 1026 3184 1119 3239; x_wconf 81' lang='grc' dir='ltr'>Διὸ</span> <span class='ocrx_word' id='word_1_446' title='bbox 1193 3183 1281 3237; x_wconf 88' lang='grc' dir='ltr'>καὶ</span> <span class='ocrx_word' id='word_1_447' title='bbox 1337 3183 1427 3237; x_wconf 82' lang='grc' dir='ltr'>τὸν</span> <span class='ocrx_word' id='word_1_448' title='bbox 1495 3179 1780 3258; x_wconf 88' lang='grc' dir='ltr'>λεγόμενον</span> <span class='ocrx_word' id='word_1_449' title='bbox 1849 3177 1931 3233; x_wconf 83' lang='grc' dir='ltr'>ἐν·</span> 
     </span>
    </p>
   </div>
   <div class='ocr_carea' id='block_1_65' title="bbox 281 3248 1929 3355">
    <p class='ocr_par' dir='ltr' id='par_1_65' title="bbox 281 3248 1929 3355">
     <span class='ocr_line' id='line_1_66' title="bbox 281 3248 1929 3355; baseline -0.007 -23"><span class='ocrx_word' id='word_1_450' title='bbox 281 3248 560 3355; x_wconf 76' lang='grc' dir='ltr'>θρόνισμὸν</span> <span class='ocrx_word' id='word_1_451' title='bbox 614 3272 672 3330; x_wconf 71' lang='grc' dir='ltr'>οὒ</span> <span class='ocrx_word' id='word_1_452' title='bbox 728 3275 805 3347; x_wconf 77' lang='grc' dir='ltr'>τῷ</span> <span class='ocrx_word' id='word_1_453' title='bbox 859 3277 1246 3352; x_wconf 77' lang='grc' dir='ltr'>χειροτονοῦντι</span> <span class='ocrx_word' id='word_1_454' title='bbox 1308 3268 1410 3349; x_wconf 60' lang='grc' dir='ltr'>(μὴ</span> <span class='ocrx_word' id='word_1_455' title='bbox 1466 3248 1721 3348; x_wconf 78' lang='grc' dir='ltr'>γένοιτο),</span> <span class='ocrx_word' id='word_1_456' title='bbox 1793 3264 1929 3322; x_wconf 87' lang='grc' dir='ltr'>ἀλλά</span> 
     </span>
    </p>
   </div>
   <div class='ocr_carea' id='block_1_66' title="bbox 274 3354 1924 3441">
    <p class='ocr_par' dir='ltr' id='par_1_66' title="bbox 274 3354 1924 3441">
     <span class='ocr_line' id='line_1_67' title="bbox 274 3354 1924 3441; baseline -0.007 -21"><span class='ocrx_word' id='word_1_457' title='bbox 274 3354 392 3426; x_wconf 87' lang='grc' dir='ltr'>τοῖς</span> <span class='ocrx_word' id='word_1_458' title='bbox 421 3360 760 3441; x_wconf 77' lang='grc' dir='ltr'>ἐνδεεστέροις</span> <span class='ocrx_word' id='word_1_459' title='bbox 788 3360 894 3417; x_wconf 80' lang='grc' dir='ltr'>τῶν</span> <span class='ocrx_word' id='word_1_460' title='bbox 926 3358 1214 3438; x_wconf 83' lang='grc' dir='ltr'>κληρικῶν,</span> <span class='ocrx_word' id='word_1_461' title='bbox 1249 3358 1285 3426; x_wconf 69' lang='grc' dir='ltr'>ἢ</span> <span class='ocrx_word' id='word_1_462' title='bbox 1310 3360 1535 3421; x_wconf 79' lang='grc' dir='ltr'>καὶτοῖς</span> <span class='ocrx_word' id='word_1_463' title='bbox 1559 3354 1924 3422; x_wconf 79' lang='grc' dir='ltr'>ἐκκλησιαστιο</span> 
     </span>
    </p>
   </div>
   <div class='ocr_carea' id='block_1_67' title="bbox 275 3441 1926 3527">
    <p class='ocr_par' dir='ltr' id='par_1_67' title="bbox 275 3441 1926 3527">
     <span class='ocr_line' id='line_1_68' title="bbox 275 3441 1926 3527; baseline -0.007 -18"><span class='ocrx_word' id='word_1_464' title='bbox 275 3453 376 3518; x_wconf 74' lang='grc' dir='ltr'>κὴν</span> <span class='ocrx_word' id='word_1_465' title='bbox 410 3449 580 3518; x_wconf 78' lang='grc' dir='ltr'>ἄλλην</span> <span class='ocrx_word' id='word_1_466' title='bbox 621 3450 909 3527; x_wconf 52' lang='grc' dir='ltr'>ὑπηρεσίαν</span> <span class='ocrx_word' id='word_1_467' title='bbox 948 3446 1177 3519; x_wconf 78' lang='grc' dir='ltr'>τελοῦσι,</span> <span class='ocrx_word' id='word_1_468' title='bbox 1208 3448 1345 3505; x_wconf 85' lang='grc' dir='ltr'>κατά</span> <span class='ocrx_word' id='word_1_469' title='bbox 1393 3445 1673 3523; x_wconf 81' lang='grc' dir='ltr'>ἀναλογίαν</span> <span class='ocrx_word' id='word_1_470' title='bbox 1700 3448 1800 3511; x_wconf 74' lang='grc' dir='ltr'>τῆς</span> <span class='ocrx_word' id='word_1_471' title='bbox 1831 3441 1926 3499; x_wconf 85' lang='grc' dir='ltr'>ἐκ-</span> 
     </span>
    </p>
   </div>
   <div class='ocr_carea' id='block_1_68' title="bbox 280 3531 1927 3616">
    <p class='ocr_par' dir='ltr' id='par_1_68' title="bbox 280 3531 1927 3616">
     <span class='ocr_line' id='line_1_69' title="bbox 280 3531 1927 3616; baseline -0.007 -19"><span class='ocrx_word' id='word_1_472' title='bbox 280 3539 663 3607; x_wconf 79' lang='grc' dir='ltr'>κλησιαστικῆς</span> <span class='ocrx_word' id='word_1_473' title='bbox 692 3538 935 3616; x_wconf 76' lang='grc' dir='ltr'>εύπορίας</span> <span class='ocrx_word' id='word_1_474' title='bbox 957 3534 1281 3614; x_wconf 81' lang='grc' dir='ltr'>διοριζόμεθα</span> <span class='ocrx_word' id='word_1_475' title='bbox 1294 3533 1541 3593; x_wconf 83' lang='grc' dir='ltr'>δίδοσθαι.</span> <span class='ocrx_word' id='word_1_476' title='bbox 1569 3532 1804 3612; x_wconf 76' lang='grc' dir='ltr'>Εὒπόρου</span> <span class='ocrx_word' id='word_1_477' title='bbox 1828 3531 1927 3611; x_wconf 81' lang='grc' dir='ltr'>γὰρ</span> 
     </span>
    </p>
   </div>
   <div class='ocr_carea' id='block_1_69' title="bbox 282 3621 1925 3705">
    <p class='ocr_par' dir='ltr' id='par_1_69' title="bbox 282 3621 1925 3705">
     <span class='ocr_line' id='line_1_70' title="bbox 282 3621 1925 3705; baseline -0.006 -20"><span class='ocrx_word' id='word_1_478' title='bbox 282 3634 382 3696; x_wconf 78' lang='grc' dir='ltr'>τῆς</span> <span class='ocrx_word' id='word_1_479' title='bbox 423 3629 717 3696; x_wconf 70' lang='grc' dir='ltr'>ἐπισκοπῆς</span> <span class='ocrx_word' id='word_1_480' title='bbox 770 3625 1177 3701; x_wconf 85' lang='grc' dir='ltr'>καθισταμένης,</span> <span class='ocrx_word' id='word_1_481' title='bbox 1239 3624 1533 3705; x_wconf 69' lang='grc' dir='ltr'>εὐεργεσίας</span> <span class='ocrx_word' id='word_1_482' title='bbox 1590 3623 1736 3701; x_wconf 78' lang='grc' dir='ltr'>μέρει</span> <span class='ocrx_word' id='word_1_483' title='bbox 1804 3621 1925 3683; x_wconf 82' lang='grc' dir='ltr'>τοὺς</span> 
     </span>
    </p>
   </div>
   <div class='ocr_carea' id='block_1_70' title="bbox 282 3708 1924 3797">
    <p class='ocr_par' dir='ltr' id='par_1_70' title="bbox 282 3708 1924 3797">
     <span class='ocr_line' id='line_1_71' title="bbox 282 3708 1924 3797; baseline -0.005 -24"><span class='ocrx_word' id='word_1_484' title='bbox 282 3719 667 3797; x_wconf 73' lang='grc' dir='ltr'>ὑπηρετοῦντας</span> <span class='ocrx_word' id='word_1_485' title='bbox 696 3730 818 3780; x_wconf 53' lang='grc' dir='ltr'>ταῖς</span> <span class='ocrx_word' id='word_1_486' title='bbox 850 3713 1318 3782; x_wconf 77' lang='grc' dir='ltr'>ἐκκλησιαστικαῖς</span> <span class='ocrx_word' id='word_1_487' title='bbox 1365 3712 1672 3791; x_wconf 86' lang='grc' dir='ltr'>διακονίαις,</span> <span class='ocrx_word' id='word_1_488' title='bbox 1706 3708 1924 3788; x_wconf 88' lang='grc' dir='ltr'>ἀπορώ-</span> 
     </span>
    </p>
   </div>
   <div class='ocr_carea' id='block_1_71' title="bbox 281 3801 1924 3886">
    <p class='ocr_par' dir='ltr' id='par_1_71' title="bbox 281 3801 1924 3886">
     <span class='ocr_line' id='line_1_72' title="bbox 281 3801 1924 3886; baseline -0.006 -20"><span class='ocrx_word' id='word_1_489' title='bbox 281 3829 433 3886; x_wconf 85' lang='grc' dir='ltr'>τερον</span> <span class='ocrx_word' id='word_1_490' title='bbox 462 3809 551 3863; x_wconf 85' lang='grc' dir='ltr'>τὸν</span> <span class='ocrx_word' id='word_1_491' title='bbox 579 3808 690 3883; x_wconf 88' lang='grc' dir='ltr'>βίον</span> <span class='ocrx_word' id='word_1_492' title='bbox 718 3803 1101 3884; x_wconf 83' lang='grc' dir='ltr'>κεκτημένους,</span> <span class='ocrx_word' id='word_1_493' title='bbox 1147 3802 1556 3885; x_wconf 70' lang='grc' dir='ltr'>δωροφορεῖσθαι</span> <span class='ocrx_word' id='word_1_494' title='bbox 1600 3801 1801 3858; x_wconf 87' lang='grc' dir='ltr'>ἐκεῖθεν</span> <span class='ocrx_word' id='word_1_495' title='bbox 1832 3801 1924 3856; x_wconf 70' lang='grc' dir='ltr'>εὖ·</span> 
     </span>
    </p>
   </div>
   <div class='ocr_carea' id='block_1_72' title="bbox 282 3895 822 3975">
    <p class='ocr_par' dir='ltr' id='par_1_72' title="bbox 282 3895 822 3975">
     <span class='ocr_line' id='line_1_73' title="bbox 282 3895 822 3975; baseline 0.002 -23"><span class='ocrx_word' id='word_1_496' title='bbox 282 3895 450 3959; x_wconf 87' lang='grc' dir='ltr'>δόλως</span> <span class='ocrx_word' id='word_1_497' title='bbox 481 3896 822 3975; x_wconf 81' lang='grc' dir='ltr'>ἀπείργομεν.</span> 
     </span>
    </p>
   </div>
   <div class='ocr_carea' id='block_1_73' title="bbox 2012 2998 3658 3083">
    <p class='ocr_par' dir='ltr' id='par_1_73' title="bbox 2012 2998 3658 3083">
     <span class='ocr_line' id='line_1_74' title="bbox 2012 2998 3658 3083; baseline 0.003 -25"><span class='ocrx_word' id='word_1_498' title='bbox 2012 3005 2167 3059; x_wconf 87' lang='lat' dir='ltr'>certa</span> <span class='ocrx_word' id='word_1_499' title='bbox 2196 3016 2330 3059; x_wconf 93' lang='lat' dir='ltr'>cum</span> <span class='ocrx_word' id='word_1_500' title='bbox 2360 2998 2543 3060; x_wconf 86' lang='lat' dir='ltr'>animi</span> <span class='ocrx_word' id='word_1_501' title='bbox 2565 3001 2950 3080; x_wconf 90' lang='lat' dir='ltr'>persuasione</span> <span class='ocrx_word' id='word_1_502' title='bbox 2972 2999 3129 3063; x_wconf 92' lang='lat' dir='ltr'>scire</span> <span class='ocrx_word' id='word_1_503' title='bbox 3161 3019 3321 3077; x_wconf 88' lang='lat' dir='ltr'>eum,</span> <span class='ocrx_word' id='word_1_504' title='bbox 3348 3002 3449 3083; x_wconf 91' lang='lat' dir='ltr'>qui</span> <span class='ocrx_word' id='word_1_505' title='bbox 3480 3001 3658 3063; x_wconf 88' lang='lat' dir='ltr'>hasce</span> 
     </span>
    </p>
   </div>
   <div class='ocr_carea' id='block_1_74' title="bbox 2013 3086 3661 3169">
    <p class='ocr_par' dir='ltr' id='par_1_74' title="bbox 2013 3086 3661 3169">
     <span class='ocr_line' id='line_1_75' title="bbox 2013 3086 3661 3169; baseline 0.003 -22"><span class='ocrx_word' id='word_1_506' title='bbox 2013 3086 2441 3167; x_wconf 84' lang='lat' dir='ltr'>praeceptiones</span> <span class='ocrx_word' id='word_1_507' title='bbox 2472 3095 2647 3169; x_wconf 89' lang='lat' dir='ltr'>atque</span> <span class='ocrx_word' id='word_1_508' title='bbox 2679 3090 2956 3151; x_wconf 89' lang='lat' dir='ltr'>mandata</span> <span class='ocrx_word' id='word_1_509' title='bbox 2981 3090 3152 3152; x_wconf 86' lang='lat' dir='ltr'>flocci</span> <span class='ocrx_word' id='word_1_510' title='bbox 3179 3089 3374 3166; x_wconf 86' lang='lat' dir='ltr'>faciat,</span> <span class='ocrx_word' id='word_1_511' title='bbox 3408 3108 3528 3152; x_wconf 92' lang='lat' dir='ltr'>non</span> <span class='ocrx_word' id='word_1_512' title='bbox 3558 3088 3661 3152; x_wconf 89' lang='lat' dir='ltr'>ad-</span> 
     </span>
    </p>
   </div>
   <div class='ocr_carea' id='block_1_75' title="bbox 2014 3174 3658 3242">
    <p class='ocr_par' dir='ltr' id='par_1_75' title="bbox 2014 3174 3658 3242">
     <span class='ocr_line' id='line_1_76' title="bbox 2014 3174 3658 3242; baseline 0.002 -7"><span class='ocrx_word' id='word_1_513' title='bbox 2014 3174 2367 3237; x_wconf 90' lang='lat' dir='ltr'>monitiones</span> <span class='ocrx_word' id='word_1_514' title='bbox 2398 3183 2629 3239; x_wconf 90' lang='lat' dir='ltr'>nostras</span> <span class='ocrx_word' id='word_1_515' title='bbox 2684 3177 2858 3239; x_wconf 87' lang='lat' dir='ltr'>nihili</span> <span class='ocrx_word' id='word_1_516' title='bbox 2888 3178 3084 3242; x_wconf 88' lang='lat' dir='ltr'>facere</span> <span class='ocrx_word' id='word_1_517' title='bbox 3116 3195 3129 3241; x_wconf 95' lang='lat'>:</span> <span class='ocrx_word' id='word_1_518' title='bbox 3160 3178 3267 3240; x_wconf 91' lang='lat' dir='ltr'>sed</span> <span class='ocrx_word' id='word_1_519' title='bbox 3322 3177 3658 3239; x_wconf 89' lang='lat' dir='ltr'>divinorum</span> 
     </span>
    </p>
   </div>
   <div class='ocr_carea' id='block_1_76' title="bbox 2012 3273 3661 3348">
    <p class='ocr_par' dir='ltr' id='par_1_76' title="bbox 2012 3273 3661 3348">
     <span class='ocr_line' id='line_1_77' title="bbox 2012 3273 3661 3348; baseline 0.002 -25"><span class='ocrx_word' id='word_1_520' title='bbox 2012 3282 2442 3345; x_wconf 90' lang='lat' dir='ltr'>sacrorumque</span> <span class='ocrx_word' id='word_1_521' title='bbox 2472 3282 2770 3327; x_wconf 86' lang='lat' dir='ltr'>canonum</span> <span class='ocrx_word' id='word_1_522' title='bbox 2832 3273 3304 3348; x_wconf 90' lang='lat' dir='ltr'>contemptorem</span> <span class='ocrx_word' id='word_1_523' title='bbox 3354 3283 3515 3340; x_wconf 90' lang='lat' dir='ltr'>esse,</span> <span class='ocrx_word' id='word_1_524' title='bbox 3547 3282 3661 3327; x_wconf 86' lang='lat' dir='ltr'>nec</span> 
     </span>
    </p>
   </div>
   <div class='ocr_carea' id='block_1_77' title="bbox 2010 3352 3661 3434">
    <p class='ocr_par' dir='ltr' id='par_1_77' title="bbox 2010 3352 3661 3434">
     <span class='ocr_line' id='line_1_78' title="bbox 2010 3352 3661 3434; baseline -0.001 -19"><span class='ocrx_word' id='word_1_525' title='bbox 2010 3352 2570 3415; x_wconf 86' lang='lat' dir='ltr'>condemnationem</span> <span class='ocrx_word' id='word_1_526' title='bbox 2603 3355 2677 3417; x_wconf 90' lang='lat' dir='ltr'>ab</span> <span class='ocrx_word' id='word_1_527' title='bbox 2705 3353 2793 3416; x_wconf 93' lang='lat' dir='ltr'>eis</span> <span class='ocrx_word' id='word_1_528' title='bbox 2836 3354 3217 3433; x_wconf 84' lang='lat' dir='ltr'>irrogandam</span> <span class='ocrx_word' id='word_1_529' title='bbox 3249 3354 3661 3434; x_wconf 76' lang='lat' dir='ltr'>eﬂ‘ugiturum.</span> 
     </span>
    </p>
   </div>
   <div class='ocr_carea' id='block_1_78' title="bbox 2010 3442 3661 3523">
    <p class='ocr_par' dir='ltr' id='par_1_78' title="bbox 2010 3442 3661 3523">
     <span class='ocr_line' id='line_1_79' title="bbox 2010 3442 3661 3523; baseline 0 -18"><span class='ocrx_word' id='word_1_530' title='bbox 2010 3445 2206 3523; x_wconf 88' lang='lat' dir='ltr'>Atque</span> <span class='ocrx_word' id='word_1_531' title='bbox 2231 3442 2383 3504; x_wconf 86' lang='lat' dir='ltr'>hanc</span> <span class='ocrx_word' id='word_1_532' title='bbox 2414 3442 2488 3504; x_wconf 95' lang='lat' dir='ltr'>ob</span> <span class='ocrx_word' id='word_1_533' title='bbox 2520 3461 2757 3506; x_wconf 88' lang='lat' dir='ltr'>causam</span> <span class='ocrx_word' id='word_1_534' title='bbox 2781 3443 3117 3518; x_wconf 89' lang='lat' dir='ltr'>statuimus,</span> <span class='ocrx_word' id='word_1_535' title='bbox 3136 3450 3202 3506; x_wconf 91' lang='lat' dir='ltr'>ut</span> <span class='ocrx_word' id='word_1_536' title='bbox 3227 3442 3661 3505; x_wconf 88' lang='lat' dir='ltr'>inthronismus</span> 
     </span>
    </p>
   </div>
   <div class='ocr_carea' id='block_1_79' title="bbox 2008 3530 3658 3614">
    <p class='ocr_par' dir='ltr' id='par_1_79' title="bbox 2008 3530 3658 3614">
     <span class='ocr_line' id='line_1_80' title="bbox 2008 3530 3658 3614; baseline 0.001 -23"><span class='ocrx_word' id='word_1_537' title='bbox 2008 3531 2125 3605; x_wconf 67' lang='grc'>(51)</span> <span class='ocrx_word' id='word_1_538' title='bbox 2162 3549 2338 3611; x_wconf 79' lang='lat' dir='ltr'>quem</span> <span class='ocrx_word' id='word_1_539' title='bbox 2366 3539 2596 3613; x_wconf 89' lang='lat' dir='ltr'>vocant,</span> <span class='ocrx_word' id='word_1_540' title='bbox 2631 3551 2750 3594; x_wconf 89' lang='lat' dir='ltr'>non</span> <span class='ocrx_word' id='word_1_541' title='bbox 2775 3532 2854 3614; x_wconf 92' lang='lat' dir='ltr'>ei,</span> <span class='ocrx_word' id='word_1_542' title='bbox 2879 3532 2980 3614; x_wconf 90' lang='lat' dir='ltr'>qui</span> <span class='ocrx_word' id='word_1_543' title='bbox 3008 3530 3245 3595; x_wconf 88' lang='lat' dir='ltr'>ordinat</span> <span class='ocrx_word' id='word_1_544' title='bbox 3311 3530 3658 3612; x_wconf 90' lang='lat' dir='ltr'>episcopum</span> 
     </span>
    </p>
   </div>
   <div class='ocr_carea' id='block_1_80' title="bbox 2018 3618 3662 3703">
    <p class='ocr_par' dir='ltr' id='par_1_80' title="bbox 2018 3618 3662 3703">
     <span class='ocr_line' id='line_1_81' title="bbox 2018 3618 3662 3703; baseline 0 -22"><span class='ocrx_word' id='word_1_545' title='bbox 2018 3618 2186 3695; x_wconf 84' lang='lat' dir='ltr'>(absit</span> <span class='ocrx_word' id='word_1_546' title='bbox 2217 3627 2281 3681; x_wconf 90' lang='lat' dir='ltr'>ut</span> <span class='ocrx_word' id='word_1_547' title='bbox 2309 3621 2421 3682; x_wconf 91' lang='lat' dir='ltr'>hoc</span> <span class='ocrx_word' id='word_1_548' title='bbox 2477 3621 2622 3699; x_wconf 87' lang='lat' dir='ltr'>ﬁat),</span> <span class='ocrx_word' id='word_1_549' title='bbox 2682 3621 2787 3684; x_wconf 92' lang='lat' dir='ltr'>sed</span> <span class='ocrx_word' id='word_1_550' title='bbox 2839 3618 3201 3703; x_wconf 88' lang='lat' dir='ltr'>pauperibus</span> <span class='ocrx_word' id='word_1_551' title='bbox 3257 3619 3527 3702; x_wconf 84' lang='lat' dir='ltr'>clericis,</span> <span class='ocrx_word' id='word_1_552' title='bbox 3568 3619 3662 3682; x_wconf 89' lang='lat' dir='ltr'>vel</span> 
     </span>
    </p>
   </div>
   <div class='ocr_carea' id='block_1_81' title="bbox 2008 3706 3660 3791">
    <p class='ocr_par' dir='ltr' id='par_1_81' title="bbox 2008 3706 3660 3791">
     <span class='ocr_line' id='line_1_82' title="bbox 2008 3706 3660 3791; baseline -0.001 -20"><span class='ocrx_word' id='word_1_553' title='bbox 2008 3708 2124 3771; x_wconf 91' lang='lat' dir='ltr'>alio</span> <span class='ocrx_word' id='word_1_554' title='bbox 2155 3708 2411 3790; x_wconf 88' lang='lat' dir='ltr'>quodam</span> <span class='ocrx_word' id='word_1_555' title='bbox 2446 3709 2852 3773; x_wconf 89' lang='lat' dir='ltr'>ecclesiastico</span> <span class='ocrx_word' id='word_1_556' title='bbox 2884 3706 3530 3791; x_wconf 75' lang='lat' dir='ltr'>munerefungentibus</span> <span class='ocrx_word' id='word_1_557' title='bbox 3556 3724 3660 3769; x_wconf 88' lang='lat' dir='ltr'>ra-</span> 
     </span>
    </p>
   </div>
   <div class='ocr_carea' id='block_1_82' title="bbox 2007 3796 3663 3875">
    <p class='ocr_par' dir='ltr' id='par_1_82' title="bbox 2007 3796 3663 3875">
     <span class='ocr_line' id='line_1_83' title="bbox 2007 3796 3663 3875; baseline 0 -16"><span class='ocrx_word' id='word_1_558' title='bbox 2007 3798 2171 3860; x_wconf 89' lang='lat' dir='ltr'>tione</span> <span class='ocrx_word' id='word_1_559' title='bbox 2203 3798 2545 3861; x_wconf 88' lang='lat' dir='ltr'>facultatum</span> <span class='ocrx_word' id='word_1_560' title='bbox 2579 3799 3118 3862; x_wconf 89' lang='lat' dir='ltr'>ecclesiasticarum</span> <span class='ocrx_word' id='word_1_561' title='bbox 3173 3797 3395 3875; x_wconf 88' lang='lat' dir='ltr'>habita,</span> <span class='ocrx_word' id='word_1_562' title='bbox 3457 3796 3663 3861; x_wconf 92' lang='lat' dir='ltr'>detur.</span> 
     </span>
    </p>
   </div>
   <div class='ocr_carea' id='block_1_83' title="bbox 2008 3885 3657 3970">
    <p class='ocr_par' dir='ltr' id='par_1_83' title="bbox 2008 3885 3657 3970">
     <span class='ocr_line' id='line_1_84' title="bbox 2008 3885 3657 3970; baseline 0.002 -23"><span class='ocrx_word' id='word_1_563' title='bbox 2008 3885 2235 3968; x_wconf 88' lang='lat' dir='ltr'>Quippe</span> <span class='ocrx_word' id='word_1_564' title='bbox 2272 3886 2323 3949; x_wconf 91' lang='lat' dir='ltr'>si</span> <span class='ocrx_word' id='word_1_565' title='bbox 2370 3888 2638 3970; x_wconf 89' lang='lat' dir='ltr'>locuples</span> <span class='ocrx_word' id='word_1_566' title='bbox 2695 3888 2773 3950; x_wconf 91' lang='lat' dir='ltr'>sit</span> <span class='ocrx_word' id='word_1_567' title='bbox 2830 3887 3231 3970; x_wconf 90' lang='lat' dir='ltr'>episcopatus,</span> <span class='ocrx_word' id='word_1_568' title='bbox 3281 3905 3657 3970; x_wconf 89' lang='lat' dir='ltr'>nequaquam</span> 
     </span>
    </p>
   </div>
   <div class='ocr_carea' id='block_1_84' title="bbox 284 3976 3652 4065">
    <p class='ocr_par' dir='ltr' id='par_1_84' title="bbox 284 3976 3652 4065">
     <span class='ocr_line' id='line_1_85' title="bbox 284 3976 3652 4065; baseline -0.003 -17"><span class='ocrx_word' id='word_1_569' title='bbox 284 3983 697 4065; x_wconf 88' lang='lat' dir='ltr'>prohibemus,</span> <span class='ocrx_word' id='word_1_570' title='bbox 731 3981 1046 4063; x_wconf 91' lang='lat' dir='ltr'>quominus</span> <span class='ocrx_word' id='word_1_571' title='bbox 1088 3981 1150 4043; x_wconf 91' lang='lat' dir='ltr'>in</span> <span class='ocrx_word' id='word_1_572' title='bbox 1195 3999 1319 4057; x_wconf 91' lang='lat' dir='ltr'>eos,</span> <span class='ocrx_word' id='word_1_573' title='bbox 1355 3979 1455 4061; x_wconf 91' lang='lat' dir='ltr'>qui</span> <span class='ocrx_word' id='word_1_574' title='bbox 1494 3976 1845 4041; x_wconf 90' lang='lat' dir='ltr'>ministeriis</span> <span class='ocrx_word' id='word_1_575' title='bbox 1892 3976 2311 4039; x_wconf 87' lang='lat' dir='ltr'>ecclesiasticis</span> <span class='ocrx_word' id='word_1_576' title='bbox 2351 3977 2699 4054; x_wconf 87' lang='lat' dir='ltr'>inserviunt,</span> <span class='ocrx_word' id='word_1_577' title='bbox 2735 3987 2791 4040; x_wconf 91' lang='lat' dir='ltr'>et</span> <span class='ocrx_word' id='word_1_578' title='bbox 2828 3977 3070 4057; x_wconf 89' lang='lat' dir='ltr'>inopem</span> <span class='ocrx_word' id='word_1_579' title='bbox 3099 3977 3280 4041; x_wconf 91' lang='lat' dir='ltr'>vitam</span> <span class='ocrx_word' id='word_1_580' title='bbox 3312 3978 3652 4056; x_wconf 88' lang='lat' dir='ltr'>traducunt,</span> 
     </span>
    </p>
   </div>
   <div class='ocr_carea' id='block_1_85' title="bbox 280 4066 2098 4150">
    <p class='ocr_par' dir='ltr' id='par_1_85' title="bbox 280 4066 2098 4150">
     <span class='ocr_line' id='line_1_86' title="bbox 280 4066 2098 4150; baseline -0.003 -18"><span class='ocrx_word' id='word_1_581' title='bbox 280 4073 441 4134; x_wconf 91' lang='lat' dir='ltr'>velut</span> <span class='ocrx_word' id='word_1_582' title='bbox 471 4090 539 4134; x_wconf 84' lang='lat' dir='ltr'>ex</span> <span class='ocrx_word' id='word_1_583' title='bbox 571 4069 986 4147; x_wconf 89' lang='lat' dir='ltr'>beneficentia,</span> <span class='ocrx_word' id='word_1_584' title='bbox 1019 4069 1366 4132; x_wconf 88' lang='lat' dir='ltr'>munuscula</span> <span class='ocrx_word' id='word_1_585' title='bbox 1395 4068 1664 4150; x_wconf 67' lang='lat' dir='ltr'>quaedam</span> <span class='ocrx_word' id='word_1_586' title='bbox 1698 4066 2098 4129; x_wconf 86' lang='lat' dir='ltr'>conferantur.</span> 
     </span>
    </p>
   </div>
   <div class='ocr_carea' id='block_1_86' title="bbox 365 4152 1931 4240">
    <p class='ocr_par' dir='ltr' id='par_1_86' title="bbox 365 4152 1931 4240">
     <span class='ocr_line' id='line_1_87' title="bbox 365 4152 1931 4240; baseline -0.005 -21"><span class='ocrx_word' id='word_1_587' title='bbox 365 4152 461 4224; x_wconf 74' lang='grc' dir='ltr'>ια’.</span> <span class='ocrx_word' id='word_1_588' title='bbox 500 4170 597 4219; x_wconf 82' lang='grc' dir='ltr'>Δεῖ</span> <span class='ocrx_word' id='word_1_589' title='bbox 649 4163 748 4229; x_wconf 71' lang='grc' dir='ltr'>τὴν</span> <span class='ocrx_word' id='word_1_590' title='bbox 803 4161 903 4229; x_wconf 67' lang='grc' dir='ltr'>σήν</span> <span class='ocrx_word' id='word_1_591' title='bbox 961 4160 1250 4240; x_wconf 72' lang='grc' dir='ltr'>θεοφίλειαν</span> <span class='ocrx_word' id='word_1_592' title='bbox 1308 4160 1410 4239; x_wconf 81' lang='grc' dir='ltr'>πρὸ</span> <span class='ocrx_word' id='word_1_593' title='bbox 1438 4159 1649 4215; x_wconf 87' lang='grc' dir='ltr'>πάντων</span> <span class='ocrx_word' id='word_1_594' title='bbox 1678 4158 1765 4213; x_wconf 82' lang='grc' dir='ltr'>καὶ</span> <span class='ocrx_word' id='word_1_595' title='bbox 1796 4157 1931 4232; x_wconf 83' lang='grc' dir='ltr'>μετᾶ</span> 
     </span>
    </p>
   </div>
   <div class='ocr_carea' id='block_1_87' title="bbox 282 4245 1928 4331">
    <p class='ocr_par' dir='ltr' id='par_1_87' title="bbox 282 4245 1928 4331">
     <span class='ocr_line' id='line_1_88' title="bbox 282 4245 1928 4331; baseline -0.005 -22"><span class='ocrx_word' id='word_1_596' title='bbox 282 4254 493 4310; x_wconf 85' lang='grc' dir='ltr'>πάντων</span> <span class='ocrx_word' id='word_1_597' title='bbox 522 4259 615 4307; x_wconf 72' lang='grc' dir='ltr'>τοῦ</span> <span class='ocrx_word' id='word_1_598' title='bbox 669 4256 768 4319; x_wconf 77' lang='grc' dir='ltr'>τῆς</span> <span class='ocrx_word' id='word_1_599' title='bbox 827 4249 1254 4331; x_wconf 76' lang='grc' dir='ltr'>φιλοχρηματίας</span> <span class='ocrx_word' id='word_1_600' title='bbox 1310 4250 1398 4305; x_wconf 83' lang='grc' dir='ltr'>καὶ</span> <span class='ocrx_word' id='word_1_601' title='bbox 1452 4245 1749 4313; x_wconf 73' lang='grc' dir='ltr'>πλεονεξίας</span> <span class='ocrx_word' id='word_1_602' title='bbox 1819 4246 1928 4301; x_wconf 85' lang='grc' dir='ltr'>πά-</span> 
     </span>
    </p>
   </div>
   <div class='ocr_carea' id='block_1_88' title="bbox 280 4335 1927 4421">
    <p class='ocr_par' dir='ltr' id='par_1_88' title="bbox 280 4335 1927 4421">
     <span class='ocr_line' id='line_1_89' title="bbox 280 4335 1927 4421; baseline -0.005 -22"><span class='ocrx_word' id='word_1_603' title='bbox 280 4347 399 4404; x_wconf 86' lang='grc' dir='ltr'>θους</span> <span class='ocrx_word' id='word_1_604' title='bbox 456 4341 683 4421; x_wconf 71' lang='grc' dir='ltr'>καθαρὰν</span> <span class='ocrx_word' id='word_1_605' title='bbox 737 4340 926 4407; x_wconf 73' lang='grc' dir='ltr'>ἑαυτὴν</span> <span class='ocrx_word' id='word_1_606' title='bbox 983 4351 1285 4417; x_wconf 76' lang='grc' dir='ltr'>συντηρεῖν,</span> <span class='ocrx_word' id='word_1_607' title='bbox 1358 4349 1475 4402; x_wconf 87' lang='grc' dir='ltr'>τοῖς</span> <span class='ocrx_word' id='word_1_608' title='bbox 1546 4338 1753 4400; x_wconf 73' lang='grc' dir='ltr'>οἰκείοις</span> <span class='ocrx_word' id='word_1_609' title='bbox 1826 4335 1927 4391; x_wconf 80' lang='grc' dir='ltr'>ἐπ-</span> 
     </span>
    </p>
   </div>
   <div class='ocr_carea' id='block_1_89' title="bbox 284 4424 1929 4510">
    <p class='ocr_par' dir='ltr' id='par_1_89' title="bbox 284 4424 1929 4510">
     <span class='ocr_line' id='line_1_90' title="bbox 284 4424 1929 4510; baseline -0.005 -22"><span class='ocrx_word' id='word_1_610' title='bbox 284 4430 614 4510; x_wconf 85' lang='grc' dir='ltr'>αρκουμένην</span> <span class='ocrx_word' id='word_1_611' title='bbox 648 4447 663 4461; x_wconf 82' lang='grc'><strong><em>⁸</em></strong></span> <span class='ocrx_word' id='word_1_612' title='bbox 717 4432 805 4486; x_wconf 89' lang='grc' dir='ltr'>καὶ</span> <span class='ocrx_word' id='word_1_613' title='bbox 862 4431 999 4505; x_wconf 75' lang='grc' dir='ltr'>μήτε</span> <span class='ocrx_word' id='word_1_614' title='bbox 1042 4428 1221 4507; x_wconf 58' lang='grc' dir='ltr'>τρόπῳ</span> <span class='ocrx_word' id='word_1_615' title='bbox 1282 4428 1384 4482; x_wconf 84' lang='grc' dir='ltr'>τινὶ</span> <span class='ocrx_word' id='word_1_616' title='bbox 1435 4428 1501 4482; x_wconf 80' lang='grc' dir='ltr'>τὰ</span> <span class='ocrx_word' id='word_1_617' title='bbox 1552 4424 1802 4505; x_wconf 89' lang='grc' dir='ltr'>ἀλλότρια</span> <span class='ocrx_word' id='word_1_618' title='bbox 1846 4427 1929 4481; x_wconf 82' lang='grc' dir='ltr'>οἷ-</span> 
     </span>
    </p>
   </div>
   <div class='ocr_carea' id='block_1_90' title="bbox 283 4515 1926 4595">
    <p class='ocr_par' dir='ltr' id='par_1_90' title="bbox 283 4515 1926 4595">
     <span class='ocr_line' id='line_1_91' title="bbox 283 4515 1926 4595; baseline -0.005 -16"><span class='ocrx_word' id='word_1_619' title='bbox 283 4522 690 4593; x_wconf 85' lang='grc' dir='ltr'>κειοποιεῖσθαι,</span> <span class='ocrx_word' id='word_1_620' title='bbox 777 4519 855 4595; x_wconf 74' lang='grc' dir='ltr'>μὴ</span> <span class='ocrx_word' id='word_1_621' title='bbox 940 4515 1207 4580; x_wconf 79' lang='grc' dir='ltr'>δουλικοῖς</span> <span class='ocrx_word' id='word_1_622' title='bbox 1286 4515 1609 4593; x_wconf 75' lang='grc' dir='ltr'>ἐπιτάγμασι</span> <span class='ocrx_word' id='word_1_623' title='bbox 1667 4516 1926 4595; x_wconf 79' lang='grc' dir='ltr'>κατατρῦ-</span> 
     </span>
    </p>
   </div>
   <div class='ocr_carea' id='block_1_91' title="bbox 284 4605 1931 4691">
    <p class='ocr_par' dir='ltr' id='par_1_91' title="bbox 284 4605 1931 4691">
     <span class='ocr_line' id='line_1_92' title="bbox 284 4605 1931 4691; baseline -0.002 -26"><span class='ocrx_word' id='word_1_624' title='bbox 284 4632 407 4691; x_wconf 80' lang='grc' dir='ltr'>χειν</span> <span class='ocrx_word' id='word_1_625' title='bbox 448 4610 509 4665; x_wconf 81' lang='grc' dir='ltr'>τὸ</span> <span class='ocrx_word' id='word_1_626' title='bbox 564 4607 889 4688; x_wconf 78' lang='grc' dir='ltr'>ὑποχείριον,</span> <span class='ocrx_word' id='word_1_627' title='bbox 946 4606 981 4675; x_wconf 75' lang='grc' dir='ltr'><strong>ἢ</strong></span> <span class='ocrx_word' id='word_1_628' title='bbox 1040 4606 1353 4686; x_wconf 85' lang='grc' dir='ltr'>βαρυτάταις</span> <span class='ocrx_word' id='word_1_629' title='bbox 1408 4605 1741 4681; x_wconf 74' lang='grc' dir='ltr'>ἐπιτιμήσεσι</span> <span class='ocrx_word' id='word_1_630' title='bbox 1811 4606 1931 4669; x_wconf 83' lang='grc' dir='ltr'>τοὺς</span> 
     </span>
    </p>
   </div>
   <div class='ocr_carea' id='block_1_92' title="bbox 285 4692 1932 4775">
    <p class='ocr_par' dir='ltr' id='par_1_92' title="bbox 285 4692 1932 4775">
     <span class='ocr_line' id='line_1_93' title="bbox 285 4692 1932 4775; baseline -0.003 -21"><span class='ocrx_word' id='word_1_631' title='bbox 285 4698 365 4775; x_wconf 61' lang='grc' dir='ltr'>μὴ</span> <span class='ocrx_word' id='word_1_632' title='bbox 425 4695 735 4759; x_wconf 78' lang='grc' dir='ltr'>ὑπείκοντας</span> <span class='ocrx_word' id='word_1_633' title='bbox 792 4694 1202 4771; x_wconf 85' lang='grc' dir='ltr'>ἀνταμύνεσθαι,</span> <span class='ocrx_word' id='word_1_634' title='bbox 1273 4694 1367 4752; x_wconf 82' lang='grc' dir='ltr'>’ίνα</span> <span class='ocrx_word' id='word_1_635' title='bbox 1420 4707 1535 4759; x_wconf 84' lang='grc' dir='ltr'>τοῖς</span> <span class='ocrx_word' id='word_1_636' title='bbox 1592 4692 1786 4773; x_wconf 80' lang='grc' dir='ltr'>ἔργοις,</span> <span class='ocrx_word' id='word_1_637' title='bbox 1845 4695 1932 4749; x_wconf 77' lang='grc' dir='ltr'>καὶ</span> 
     </span>
    </p>
   </div>
   <div class='ocr_carea' id='block_1_93' title="bbox 283 4781 1931 4865">
    <p class='ocr_par' dir='ltr' id='par_1_93' title="bbox 283 4781 1931 4865">
     <span class='ocr_line' id='line_1_94' title="bbox 283 4781 1931 4865; baseline -0.004 -21"><span class='ocrx_word' id='word_1_638' title='bbox 283 4790 345 4845; x_wconf 82' lang='grc' dir='ltr'>τὸ</span> <span class='ocrx_word' id='word_1_639' title='bbox 428 4791 526 4854; x_wconf 77' lang='grc' dir='ltr'>τῆς</span> <span class='ocrx_word' id='word_1_640' title='bbox 610 4785 895 4865; x_wconf 81' lang='grc' dir='ltr'>ἱερωσύνης</span> <span class='ocrx_word' id='word_1_641' title='bbox 977 4791 1242 4860; x_wconf 79' lang='grc' dir='ltr'>κοσμῆται</span> <span class='ocrx_word' id='word_1_642' title='bbox 1325 4781 1552 4862; x_wconf 77' lang='grc' dir='ltr'>ἀξίωμα,</span> <span class='ocrx_word' id='word_1_643' title='bbox 1636 4783 1723 4838; x_wconf 86' lang='grc' dir='ltr'>καὶ</span> <span class='ocrx_word' id='word_1_644' title='bbox 1780 4783 1931 4844; x_wconf 63' lang='grc' dir='ltr'>αὒτος</span> 
     </span>
    </p>
   </div>
   <div class='ocr_carea' id='block_1_94' title="bbox 285 4870 1933 4954">
    <p class='ocr_par' dir='ltr' id='par_1_94' title="bbox 285 4870 1933 4954">
     <span class='ocr_line' id='line_1_95' title="bbox 285 4870 1933 4954; baseline -0.005 -21"><span class='ocrx_word' id='word_1_645' title='bbox 285 4876 409 4943; x_wconf 74' lang='grc' dir='ltr'>εἴης</span> <span class='ocrx_word' id='word_1_646' title='bbox 494 4879 682 4942; x_wconf 79' lang='grc' dir='ltr'>θεϊκῆς</span> <span class='ocrx_word' id='word_1_647' title='bbox 765 4894 822 4928; x_wconf 88' lang='grc' dir='ltr'>τε</span> <span class='ocrx_word' id='word_1_648' title='bbox 906 4873 993 4927; x_wconf 83' lang='grc' dir='ltr'>καὶ</span> <span class='ocrx_word' id='word_1_649' title='bbox 1076 4872 1401 4952; x_wconf 83' lang='grc' dir='ltr'>ἀνθρωπίνης</span> <span class='ocrx_word' id='word_1_650' title='bbox 1458 4870 1717 4954; x_wconf 55' lang='grc' dir='ltr'>ἀνώξερος</span> <span class='ocrx_word' id='word_1_651' title='bbox 1750 4872 1933 4947; x_wconf 59' lang='grc' dir='ltr'>ξκατα-</span> 
     </span>
    </p>
   </div>
   <div class='ocr_carea' id='block_1_95' title="bbox 286 4964 531 5043">
    <p class='ocr_par' dir='ltr' id='par_1_95' title="bbox 286 4964 531 5043">
     <span class='ocr_line' id='line_1_96' title="bbox 286 4964 531 5043; baseline -0.008 -22"><span class='ocrx_word' id='word_1_652' title='bbox 286 4964 531 5043; x_wconf 83' lang='grc' dir='ltr'>κρίσεως.</span> 
     </span>
    </p>
   </div>
   <div class='ocr_carea' id='block_1_96' title="bbox 372 5040 1930 5130">
    <p class='ocr_par' dir='ltr' id='par_1_96' title="bbox 372 5040 1930 5130">
     <span class='ocr_line' id='line_1_97' title="bbox 372 5040 1930 5130; baseline -0.001 -23"><span class='ocrx_word' id='word_1_653' title='bbox 372 5040 469 5127; x_wconf 76' lang='grc' dir='ltr'>ιβ’.</span> <span class='ocrx_word' id='word_1_654' title='bbox 542 5060 638 5107; x_wconf 82' lang='grc' dir='ltr'>Δεῖ</span> <span class='ocrx_word' id='word_1_655' title='bbox 695 5072 753 5107; x_wconf 89' lang='grc' dir='ltr'>σε</span> <span class='ocrx_word' id='word_1_656' title='bbox 809 5057 984 5107; x_wconf 69' lang='grc' dir='ltr'>πᾶσιν</span> <span class='ocrx_word' id='word_1_657' title='bbox 1030 5047 1294 5130; x_wconf 84' lang='grc' dir='ltr'>ἀκρίϐειαν</span> <span class='ocrx_word' id='word_1_658' title='bbox 1354 5048 1407 5105; x_wconf 85' lang='grc' dir='ltr'>ἐν</span> <span class='ocrx_word' id='word_1_659' title='bbox 1462 5062 1580 5114; x_wconf 79' lang='grc' dir='ltr'>τοῖς</span> <span class='ocrx_word' id='word_1_660' title='bbox 1627 5062 1930 5111; x_wconf 71' lang='grc' dir='ltr'>κανονικοῗς</span> 
     </span>
    </p>
   </div>
   <div class='ocr_carea' id='block_1_97' title="bbox 290 5136 1933 5219">
    <p class='ocr_par' dir='ltr' id='par_1_97' title="bbox 290 5136 1933 5219">
     <span class='ocr_line' id='line_1_98' title="bbox 290 5136 1933 5219; baseline -0.001 -24"><span class='ocrx_word' id='word_1_661' title='bbox 290 5140 456 5195; x_wconf 81' lang='grc' dir='ltr'>ἅπασι</span> <span class='ocrx_word' id='word_1_662' title='bbox 539 5136 952 5196; x_wconf 87' lang='grc' dir='ltr'>καταϐάλλεσθαι</span> <span class='ocrx_word' id='word_1_663' title='bbox 1022 5139 1323 5219; x_wconf 77' lang='grc' dir='ltr'>πράγμασιν</span> <span class='ocrx_word' id='word_1_664' title='bbox 1358 5154 1373 5170; x_wconf 87' lang='grc'><em>’</em></span> <span class='ocrx_word' id='word_1_665' title='bbox 1449 5137 1808 5216; x_wconf 81' lang='grc' dir='ltr'>ἐγκαλούντων</span> <span class='ocrx_word' id='word_1_666' title='bbox 1873 5137 1933 5193; x_wconf 81' lang='grc' dir='ltr'>τέ</span> 
     </span>
    </p>
   </div>
   <div class='ocr_carea' id='block_1_98' title="bbox 289 5225 1930 5307">
    <p class='ocr_par' dir='ltr' id='par_1_98' title="bbox 289 5225 1930 5307">
     <span class='ocr_line' id='line_1_99' title="bbox 289 5225 1930 5307; baseline 0.001 -26"><span class='ocrx_word' id='word_1_667' title='bbox 289 5250 471 5307; x_wconf 70' lang='grc' dir='ltr'>τινων,</span> <span class='ocrx_word' id='word_1_668' title='bbox 531 5228 617 5283; x_wconf 83' lang='grc' dir='ltr'>καὶ</span> <span class='ocrx_word' id='word_1_669' title='bbox 674 5225 970 5307; x_wconf 87' lang='grc' dir='ltr'>παράϐασιν</span> <span class='ocrx_word' id='word_1_670' title='bbox 1040 5230 1208 5303; x_wconf 64' lang='grc' dir='ltr'>αυτῷν</span> <span class='ocrx_word' id='word_1_671' title='bbox 1262 5227 1666 5307; x_wconf 81' lang='grc' dir='ltr'>προτεινόντων,</span> <span class='ocrx_word' id='word_1_672' title='bbox 1736 5227 1930 5304; x_wconf 84' lang='grc' dir='ltr'>ἐπιμε-</span> 
     </span>
    </p>
   </div>
   <div class='ocr_carea' id='block_1_99' title="bbox 2098 4154 3655 4237">
    <p class='ocr_par' dir='ltr' id='par_1_99' title="bbox 2098 4154 3655 4237">
     <span class='ocr_line' id='line_1_100' title="bbox 2098 4154 3655 4237; baseline -0.001 -20"><span class='ocrx_word' id='word_1_673' title='bbox 2098 4155 2187 4217; x_wconf 84' lang='grc'>11.</span> <span class='ocrx_word' id='word_1_674' title='bbox 2226 4154 2411 4218; x_wconf 92' lang='lat' dir='ltr'>Debet</span> <span class='ocrx_word' id='word_1_675' title='bbox 2442 4162 2538 4217; x_wconf 87' lang='lat' dir='ltr'>tua</span> <span class='ocrx_word' id='word_1_676' title='bbox 2564 4156 2754 4237; x_wconf 89' lang='lat' dir='ltr'>pietas</span> <span class='ocrx_word' id='word_1_677' title='bbox 2775 4163 2911 4219; x_wconf 87' lang='lat' dir='ltr'>ante</span> <span class='ocrx_word' id='word_1_678' title='bbox 2934 4156 3154 4233; x_wconf 89' lang='lat' dir='ltr'>omnia,</span> <span class='ocrx_word' id='word_1_679' title='bbox 3182 4156 3414 4219; x_wconf 89' lang='lat' dir='ltr'>etinter</span> <span class='ocrx_word' id='word_1_680' title='bbox 3434 4154 3655 4236; x_wconf 89' lang='lat' dir='ltr'>omnia,</span> 
     </span>
    </p>
   </div>
   <div class='ocr_carea' id='block_1_100' title="bbox 2013 4242 3657 4327">
    <p class='ocr_par' dir='ltr' id='par_1_100' title="bbox 2013 4242 3657 4327">
     <span class='ocr_line' id='line_1_101' title="bbox 2013 4242 3657 4327; baseline 0.002 -25"><span class='ocrx_word' id='word_1_681' title='bbox 2013 4259 2077 4303; x_wconf 93' lang='lat' dir='ltr'>se</span> <span class='ocrx_word' id='word_1_682' title='bbox 2104 4242 2289 4323; x_wconf 91' lang='lat' dir='ltr'>ipsam</span> <span class='ocrx_word' id='word_1_683' title='bbox 2320 4243 2392 4306; x_wconf 87' lang='lat' dir='ltr'>ab</span> <span class='ocrx_word' id='word_1_684' title='bbox 2415 4245 2673 4308; x_wconf 71' lang='lat' dir='ltr'>avaritiae</span> <span class='ocrx_word' id='word_1_685' title='bbox 2693 4245 2831 4307; x_wconf 90' lang='lat' dir='ltr'>vitio</span> <span class='ocrx_word' id='word_1_686' title='bbox 2860 4264 3073 4327; x_wconf 88' lang='lat' dir='ltr'>puram</span> <span class='ocrx_word' id='word_1_687' title='bbox 3097 4252 3155 4308; x_wconf 93' lang='lat' dir='ltr'>et</span> <span class='ocrx_word' id='word_1_688' title='bbox 3176 4244 3505 4308; x_wconf 89' lang='lat' dir='ltr'>immunem</span> <span class='ocrx_word' id='word_1_689' title='bbox 3530 4261 3657 4305; x_wconf 88' lang='lat' dir='ltr'>ser-</span> 
     </span>
    </p>
   </div>
   <div class='ocr_carea' id='block_1_101' title="bbox 2011 4333 3659 4415">
    <p class='ocr_par' dir='ltr' id='par_1_101' title="bbox 2011 4333 3659 4415">
     <span class='ocr_line' id='line_1_102' title="bbox 2011 4333 3659 4415; baseline 0.001 -23"><span class='ocrx_word' id='word_1_690' title='bbox 2011 4350 2154 4395; x_wconf 88' lang='lat' dir='ltr'>vare</span> <span class='ocrx_word' id='word_1_691' title='bbox 2183 4333 2424 4415; x_wconf 89' lang='lat' dir='ltr'>suisque</span> <span class='ocrx_word' id='word_1_692' title='bbox 2485 4334 2859 4397; x_wconf 87' lang='lat' dir='ltr'>facultatibus</span> <span class='ocrx_word' id='word_1_693' title='bbox 2915 4351 3047 4397; x_wconf 91' lang='lat' dir='ltr'>esse</span> <span class='ocrx_word' id='word_1_694' title='bbox 3107 4340 3426 4409; x_wconf 87' lang='lat' dir='ltr'>contenta;</span> <span class='ocrx_word' id='word_1_695' title='bbox 3462 4349 3659 4412; x_wconf 91' lang='lat' dir='ltr'>neque</span> 
     </span>
    </p>
   </div>
   <div class='ocr_carea' id='block_1_102' title="bbox 2014 4420 3654 4500">
    <p class='ocr_par' dir='ltr' id='par_1_102' title="bbox 2014 4420 3654 4500">
     <span class='ocr_line' id='line_1_103' title="bbox 2014 4420 3654 4500; baseline 0 -19"><span class='ocrx_word' id='word_1_696' title='bbox 2014 4421 2136 4482; x_wconf 91' lang='lat' dir='ltr'>ullo</span> <span class='ocrx_word' id='word_1_697' title='bbox 2188 4423 2363 4486; x_wconf 89' lang='lat' dir='ltr'>modo</span> <span class='ocrx_word' id='word_1_698' title='bbox 2396 4442 2493 4485; x_wconf 91' lang='lat' dir='ltr'>res</span> <span class='ocrx_word' id='word_1_699' title='bbox 2524 4424 2749 4485; x_wconf 89' lang='lat' dir='ltr'>alienas</span> <span class='ocrx_word' id='word_1_700' title='bbox 2800 4421 3133 4485; x_wconf 88' lang='lat' dir='ltr'>iuvadendo</span> <span class='ocrx_word' id='word_1_701' title='bbox 3166 4421 3282 4484; x_wconf 93' lang='lat' dir='ltr'>sibi</span> <span class='ocrx_word' id='word_1_702' title='bbox 3330 4420 3654 4500; x_wconf 91' lang='lat' dir='ltr'>vindicare,</span> 
     </span>
    </p>
   </div>
   <div class='ocr_carea' id='block_1_103' title="bbox 2016 4506 3658 4593">
    <p class='ocr_par' dir='ltr' id='par_1_103' title="bbox 2016 4506 3658 4593">
     <span class='ocr_line' id='line_1_104' title="bbox 2016 4506 3658 4593; baseline -0.001 -22"><span class='ocrx_word' id='word_1_703' title='bbox 2016 4529 2206 4593; x_wconf 92' lang='lat' dir='ltr'>neque</span> <span class='ocrx_word' id='word_1_704' title='bbox 2258 4512 2574 4574; x_wconf 91' lang='lat' dir='ltr'>servilibus</span> <span class='ocrx_word' id='word_1_705' title='bbox 2605 4512 2873 4593; x_wconf 89' lang='lat' dir='ltr'>imperiis</span> <span class='ocrx_word' id='word_1_706' title='bbox 2926 4510 3198 4572; x_wconf 90' lang='lat' dir='ltr'>subditos</span> <span class='ocrx_word' id='word_1_707' title='bbox 3246 4511 3531 4590; x_wconf 79' lang='lat' dir='ltr'>affligere,</span> <span class='ocrx_word' id='word_1_708' title='bbox 3562 4506 3658 4571; x_wconf 90' lang='lat' dir='ltr'>vel</span> 
     </span>
    </p>
   </div>
   <div class='ocr_carea' id='block_1_104' title="bbox 2014 4596 3656 4683">
    <p class='ocr_par' dir='ltr' id='par_1_104' title="bbox 2014 4596 3656 4683">
     <span class='ocr_line' id='line_1_105' title="bbox 2014 4596 3656 4683; baseline -0.004 -20"><span class='ocrx_word' id='word_1_709' title='bbox 2014 4603 2207 4683; x_wconf 90' lang='lat' dir='ltr'>poenis</span> <span class='ocrx_word' id='word_1_710' title='bbox 2260 4600 2623 4681; x_wconf 84' lang='lat' dir='ltr'>gravissimis</span> <span class='ocrx_word' id='word_1_711' title='bbox 2674 4619 2792 4662; x_wconf 93' lang='lat' dir='ltr'>non</span> <span class='ocrx_word' id='word_1_712' title='bbox 2850 4598 3329 4661; x_wconf 89' lang='lat' dir='ltr'>obsecundantes</span> <span class='ocrx_word' id='word_1_713' title='bbox 3388 4596 3656 4660; x_wconf 89' lang='lat' dir='ltr'>vicissim</span> 
     </span>
    </p>
   </div>
   <div class='ocr_carea' id='block_1_105' title="bbox 2014 4684 3659 4770">
    <p class='ocr_par' dir='ltr' id='par_1_105' title="bbox 2014 4684 3659 4770">
     <span class='ocr_line' id='line_1_106' title="bbox 2014 4684 3659 4770; baseline -0.003 -19"><span class='ocrx_word' id='word_1_714' title='bbox 2014 4689 2224 4751; x_wconf 91' lang='lat' dir='ltr'>ulcisci</span> <span class='ocrx_word' id='word_1_715' title='bbox 2262 4709 2276 4749; x_wconf 90' lang='lat'><strong>:</strong></span> <span class='ocrx_word' id='word_1_716' title='bbox 2309 4708 2422 4770; x_wconf 91' lang='lat' dir='ltr'>quo</span> <span class='ocrx_word' id='word_1_717' title='bbox 2480 4688 2707 4751; x_wconf 91' lang='lat' dir='ltr'>scilicet</span> <span class='ocrx_word' id='word_1_718' title='bbox 2755 4686 2860 4749; x_wconf 87' lang='lat' dir='ltr'>abs</span> <span class='ocrx_word' id='word_1_719' title='bbox 2919 4694 2977 4750; x_wconf 87' lang='lat' dir='ltr'>te</span> <span class='ocrx_word' id='word_1_720' title='bbox 3023 4686 3345 4750; x_wconf 90' lang='lat' dir='ltr'>saeerdolii</span> <span class='ocrx_word' id='word_1_721' title='bbox 3404 4684 3659 4767; x_wconf 76' lang='lat' dir='ltr'>dignitas</span> 
     </span>
    </p>
   </div>
   <div class='ocr_carea' id='block_1_106' title="bbox 2015 4775 3658 4858">
    <p class='ocr_par' dir='ltr' id='par_1_106' title="bbox 2015 4775 3658 4858">
     <span class='ocr_line' id='line_1_107' title="bbox 2015 4775 3658 4858; baseline -0.002 -19"><span class='ocrx_word' id='word_1_722' title='bbox 2015 4778 2184 4840; x_wconf 89' lang='lat' dir='ltr'>factis</span> <span class='ocrx_word' id='word_1_723' title='bbox 2214 4785 2479 4851; x_wconf 88' lang='lat' dir='ltr'>ornetur,</span> <span class='ocrx_word' id='word_1_724' title='bbox 2513 4784 2686 4857; x_wconf 89' lang='lat' dir='ltr'>atque</span> <span class='ocrx_word' id='word_1_725' title='bbox 2717 4776 2894 4839; x_wconf 89' lang='lat' dir='ltr'>etiam</span> <span class='ocrx_word' id='word_1_726' title='bbox 2948 4776 3080 4858; x_wconf 91' lang='lat' dir='ltr'>ipse</span> <span class='ocrx_word' id='word_1_727' title='bbox 3108 4784 3235 4839; x_wconf 90' lang='lat' dir='ltr'>tum</span> <span class='ocrx_word' id='word_1_728' title='bbox 3266 4775 3501 4851; x_wconf 71' lang='lat' dir='ltr'>divinae,</span> <span class='ocrx_word' id='word_1_729' title='bbox 3532 4782 3658 4838; x_wconf 90' lang='lat' dir='ltr'>tum</span> 
     </span>
    </p>
   </div>
   <div class='ocr_carea' id='block_1_107' title="bbox 2015 4863 3657 4948">
    <p class='ocr_par' dir='ltr' id='par_1_107' title="bbox 2015 4863 3657 4948">
     <span class='ocr_line' id='line_1_108' title="bbox 2015 4863 3657 4948; baseline -0.003 -18"><span class='ocrx_word' id='word_1_730' title='bbox 2015 4868 2293 4930; x_wconf 71' lang='lat' dir='ltr'>humanae</span> <span class='ocrx_word' id='word_1_731' title='bbox 2321 4863 2805 4928; x_wconf 89' lang='lat' dir='ltr'>coudemnationi</span> <span class='ocrx_word' id='word_1_732' title='bbox 2835 4883 3211 4948; x_wconf 87' lang='lat' dir='ltr'>nequaquam</span> <span class='ocrx_word' id='word_1_733' title='bbox 3233 4864 3316 4927; x_wconf 88' lang='lat' dir='ltr'>sis</span> <span class='ocrx_word' id='word_1_734' title='bbox 3337 4863 3657 4927; x_wconf 82' lang='lat' dir='ltr'>obnoxius.</span> 
     </span>
    </p>
   </div>
   <div class='ocr_carea' id='block_1_108' title="bbox 2103 5031 3659 5125">
    <p class='ocr_par' dir='ltr' id='par_1_108' title="bbox 2103 5031 3659 5125">
     <span class='ocr_line' id='line_1_109' title="bbox 2103 5031 3659 5125; baseline -0.003 -19"><span class='ocrx_word' id='word_1_735' title='bbox 2103 5046 2195 5107; x_wconf 79' lang='grc'><strong>12.</strong></span> <span class='ocrx_word' id='word_1_736' title='bbox 2220 5042 2287 5105; x_wconf 93' lang='lat' dir='ltr'>In</span> <span class='ocrx_word' id='word_1_737' title='bbox 2312 5041 2587 5105; x_wconf 91' lang='lat' dir='ltr'>omnibus</span> <span class='ocrx_word' id='word_1_738' title='bbox 2609 5041 2813 5122; x_wconf 86' lang='lat' dir='ltr'>rebus,</span> <span class='ocrx_word' id='word_1_739' title='bbox 2837 5042 2909 5107; x_wconf 90' lang='lat' dir='ltr'>ad</span> <span class='ocrx_word' id='word_1_740' title='bbox 2932 5031 3189 5106; x_wconf 87' lang='lat' dir='ltr'>canones</span> <span class='ocrx_word' id='word_1_741' title='bbox 3221 5038 3659 5125; x_wconf 88' lang='lat' dir='ltr'>spectantibus,</span> 
     </span>
    </p>
   </div>
   <div class='ocr_carea' id='block_1_109' title="bbox 2014 5128 3663 5211">
    <p class='ocr_par' dir='ltr' id='par_1_109' title="bbox 2014 5128 3663 5211">
     <span class='ocr_line' id='line_1_110' title="bbox 2014 5128 3663 5211; baseline -0.002 -15"><span class='ocrx_word' id='word_1_742' title='bbox 2014 5131 2451 5196; x_wconf 85' lang='lat' dir='ltr'>accurationem</span> <span class='ocrx_word' id='word_1_743' title='bbox 2469 5149 2761 5195; x_wconf 90' lang='lat' dir='ltr'>summam</span> <span class='ocrx_word' id='word_1_744' title='bbox 2787 5131 3071 5196; x_wconf 90' lang='lat' dir='ltr'>adhibere</span> <span class='ocrx_word' id='word_1_745' title='bbox 3090 5131 3304 5209; x_wconf 92' lang='lat' dir='ltr'>debes,</span> <span class='ocrx_word' id='word_1_746' title='bbox 3318 5138 3378 5195; x_wconf 91' lang='lat' dir='ltr'>et</span> <span class='ocrx_word' id='word_1_747' title='bbox 3401 5128 3503 5193; x_wconf 93' lang='lat' dir='ltr'>ubi</span> <span class='ocrx_word' id='word_1_748' title='bbox 3526 5128 3663 5211; x_wconf 88' lang='lat' dir='ltr'>qui-</span> 
     </span>
    </p>
   </div>
   <div class='ocr_carea' id='block_1_110' title="bbox 2014 5219 3662 5301">
    <p class='ocr_par' dir='ltr' id='par_1_110' title="bbox 2014 5219 3662 5301">
     <span class='ocr_line' id='line_1_111' title="bbox 2014 5219 3662 5301; baseline -0.002 -17"><span class='ocrx_word' id='word_1_749' title='bbox 2014 5221 2149 5284; x_wconf 88' lang='lat' dir='ltr'>dam</span> <span class='ocrx_word' id='word_1_750' title='bbox 2180 5222 2596 5284; x_wconf 89' lang='lat' dir='ltr'>accusationes</span> <span class='ocrx_word' id='word_1_751' title='bbox 2624 5219 2961 5301; x_wconf 89' lang='lat' dir='ltr'>instituunt,</span> <span class='ocrx_word' id='word_1_752' title='bbox 2995 5220 3133 5285; x_wconf 89' lang='lat' dir='ltr'>etin</span> <span class='ocrx_word' id='word_1_753' title='bbox 3162 5237 3424 5284; x_wconf 88' lang='lat' dir='ltr'>canones</span> <span class='ocrx_word' id='word_1_754' title='bbox 3454 5235 3662 5300; x_wconf 88' lang='lat' dir='ltr'>pecca-</span> 
     </span>
    </p>
   </div>
   <div class='ocr_carea' id='block_1_111' title="bbox 1843 5398 2091 5466">
    <p class='ocr_par' dir='ltr' id='par_1_111' title="bbox 1843 5398 2091 5466">
     <span class='ocr_line' id='line_1_112' title="bbox 1843 5398 2091 5466; baseline -0.004 -2"><span class='ocrx_word' id='word_1_755' title='bbox 1843 5398 2091 5466; x_wconf 70' lang='lat' dir='ltr'>NOTAE.</span> 
     </span>
    </p>
   </div>
   <div class='ocr_carea' id='block_1_112' title="bbox 378 5536 1638 5705">
    <p class='ocr_par' dir='ltr' id='par_1_112' title="bbox 378 5536 1638 5705">
     <span class='ocr_line' id='line_1_113' title="bbox 400 5536 1638 5626; baseline -0.006 -18"><span class='ocrx_word' id='word_1_756' title='bbox 400 5542 502 5625; x_wconf 81' lang='lat'>50)</span> <span class='ocrx_word' id='word_1_757' title='bbox 548 5540 675 5626; x_wconf 85' lang='lat' dir='ltr'>Hoc</span> <span class='ocrx_word' id='word_1_758' title='bbox 703 5546 814 5615; x_wconf 90' lang='lat' dir='ltr'>est,</span> <span class='ocrx_word' id='word_1_759' title='bbox 844 5539 1076 5622; x_wconf 70' lang='lat' dir='ltr'>vicarii,</span> <span class='ocrx_word' id='word_1_760' title='bbox 1106 5538 1231 5603; x_wconf 88' lang='lat' dir='ltr'>sive</span> <span class='ocrx_word' id='word_1_761' title='bbox 1258 5536 1638 5620; x_wconf 77' lang='lat' dir='ltr'>suifragauei.</span> 
     </span>
     <span class='ocr_line' id='line_1_114' title="bbox 378 5543 1638 5705; baseline -0.007 -16"><span class='ocrx_word' id='word_1_762' title='bbox 378 5543 504 5705; x_wconf 46' lang='lat' dir='ltr'>E51)</span> <span class='ocrx_word' id='word_1_763' title='bbox 551 5619 846 5703; x_wconf 64' lang='lat' dir='ltr'>Sportula;</span> <span class='ocrx_word' id='word_1_764' title='bbox 873 5619 1041 5702; x_wconf 88' lang='lat' dir='ltr'>quasi</span> <span class='ocrx_word' id='word_1_765' title='bbox 1070 5619 1373 5703; x_wconf 67' lang='lat' dir='ltr'>quaedam,</span> <span class='ocrx_word' id='word_1_766' title='bbox 1403 5637 1535 5701; x_wconf 70' lang='lat' dir='ltr'>quae</span> <span class='ocrx_word' id='word_1_767' title='bbox 1555 5635 1638 5700; x_wconf 75' lang='grc' dir='ltr'>ρο]</span> 
     </span>
    </p>
   </div>
   <div class='ocr_carea' id='block_1_113' title="bbox 408 5610 3370 5703">
    <p class='ocr_par' dir='ltr' id='par_1_113' title="bbox 408 5610 3370 5703">
     <span class='ocr_line' id='line_1_115' title="bbox 408 5610 3370 5703; baseline -0.003 -18"><span class='ocrx_word' id='word_1_768' title='bbox 408 5610 504 5703; x_wconf 80' lang='lat'>51&#39;)</span> <span class='ocrx_word' id='word_1_769' title='bbox 551 5610 846 5703; x_wconf 67' lang='lat' dir='ltr'>Spertulaz</span> <span class='ocrx_word' id='word_1_770' title='bbox 873 5619 1041 5702; x_wconf 88' lang='lat' dir='ltr'>quasi</span> <span class='ocrx_word' id='word_1_771' title='bbox 1060 5610 1373 5703; x_wconf 70' lang='lat' dir='ltr'>quaedam,</span> <span class='ocrx_word' id='word_1_772' title='bbox 1403 5610 1535 5701; x_wconf 70' lang='lat' dir='ltr'>quae</span> <span class='ocrx_word' id='word_1_773' title='bbox 1555 5615 1972 5700; x_wconf 86' lang='lat' dir='ltr'>pendebantur</span> <span class='ocrx_word' id='word_1_774' title='bbox 2000 5619 2075 5691; x_wconf 81' lang='lat' dir='ltr'>ab</span> <span class='ocrx_word' id='word_1_775' title='bbox 2105 5612 2415 5699; x_wconf 86' lang='lat' dir='ltr'>episcopo,</span> <span class='ocrx_word' id='word_1_776' title='bbox 2451 5627 2585 5674; x_wconf 88' lang='lat' dir='ltr'>cum</span> <span class='ocrx_word' id='word_1_777' title='bbox 2615 5611 2677 5675; x_wconf 90' lang='lat' dir='ltr'>in</span> <span class='ocrx_word' id='word_1_778' title='bbox 2705 5610 2931 5678; x_wconf 53' lang='lat' dir='ltr'>solium»</span> <span class='ocrx_word' id='word_1_779' title='bbox 2948 5612 3370 5681; x_wconf 88' lang='lat' dir='ltr'>collocabatur.</span> 
     </span>
    </p>
   </div>
  </div>
