4160 6212
534 351 684 418 1143

1909 350 1940 415 J
1947 354 2040 418 US
2079 346 2521 415 CANONICUM

3739 340 3895 401 1144

528 487 651 544 tum
684 501 818 546 esse
840 482 1244 565 pratendunt,
1278 501 1405 545 rem
1458 501 1696 545 omnem
1727 482 2173 563 investigatione

2267 481 2474 562 ίεστέρᾳ
2534 482 2760 548 ἐξετάσει
2816 480 3099 561 διερευνᾷν,
3159 483 3245 536 καὶ
3301 480 3396 546 τὴν
3450 476 3718 555 διόρθωσιν
3783 480 3895 529 τῶν

527 569 800 649 diligenti
848 569 1236 653 perscrutari,
1285 578 1347 633 et
1401 589 1531 653 qua
1559 570 1875 633 commissa
1903 580 2061 646 sunt,
2094 571 2175 633 ita

527 658 867 739 corrigere:
922 667 987 722 ut
1048 660 1175 741 pari
1229 659 1472 740 quidem
1521 659 1933 723 benevolentia
1992 660 2173 740 partis

529 746 837 830 utriusque
861 749 1122 811 rationes
1151 747 1474 830 expendas,
1499 748 2044 811 atobservationum
2067 767 2171 811 ca-

529 833 883 898 nonicarum
913 836 1146 902 lancem
1179 836 1470 920 sequaris,
1493 835 1688 920 iisque
1708 837 1935 916 singula
1955 837 2175 918 dirigas

530 930 592 985 et
621 923 824 988 ﬁnias.

612 1011 716 1078 13.
747 1012 937 1078 Debet
967 1019 1065 1077 tua
1110 1012 1299 1096 pietas
1346 1012 1533 1076 sacris
1581 1011 1834 1076 cimeliis
1866 1013 2178 1077 maximam

528 1100 817 1165 adhibere
851 1119 1053 1166 curam
1081 1109 1261 1182 atque
1283 1101 1742 1183 providentiam,
1777 1111 1926 1164 utea
1949 1101 2182 1164 scilicet

531 1189 607 1252 ad
633 1198 1049 1254 ornamentum
1069 1190 1694 1254 ecclesiadetrimenti
1713 1191 2178 1272 omnisexpertia

531 1287 980 1356 conserventur,
1035 1279 1126 1341 vel
1173 1277 1614 1342 incrementum
1671 1297 1929 1360 quoque,
1966 1279 2017 1341 si
2047 1280 2176 1342 fieri

535 1367 748 1449 possit,
780 1366 1018 1448 capiant
1051 1386 1064 1426 :
1096 1365 1422 1448 itidemque
1451 1375 1664 1430 catera
1685 1367 1928 1448 pradia,
1953 1386 2082 1448 qua
2100 1367 2174 1430 ad

527 1474 704 1518 usum
735 1455 1006 1519 ecclesia
1041 1456 1379 1531 conferunt,
1438 1475 1558 1517 non
1587 1457 1840 1518 alienata
1883 1475 2120 1519 servare
2150 1477 2165 1518 :

531 1563 662 1626 qua
684 1544 988 1606 nonnullis
1012 1545 1453 1625 empbyteutico
1494 1545 1634 1625 jure
1663 1545 1911 1607 concedi
1956 1545 2172 1621 solent,

532 1651 668 1695 cum
698 1639 902 1694 nostro
931 1651 1226 1695 consensu
1246 1633 1666 1696 administrare
1691 1654 1703 1696 :
1728 1633 2016 1715 quidquid
2037 1633 2177 1696 inde

533 1720 852 1801 colligitur,
885 1721 958 1784 ad
987 1721 1268 1784 Ecclesia
1323 1721 1785 1784 stabilimentum
1809 1723 2169 1804 expendere.

2254 570 2644 651 ἡμαρτημένων
2695 574 3006 628 ποιεῖσθαι·
3066 567 3164 647 ἴσῃ
3219 569 3316 643 μὲν
3360 572 3429 643 τῇ
3456 565 3626 636 εύνοίᾳ
3653 563 3894 651 impoti:

2255 649 2563 740 pmv'pspt‘bv
2592 659 2713 723 τοὺς
2770 658 2958 738 λόγους
3011 656 3410 737 διευκρινοῦντα,
3486 661 3553 731 τῇ
3609 654 3807 728 στάθμῇ
3833 649 3896 705 δῖ

2254 755 2360 806 τῶν
2388 754 2674 808 κανονικῶν
2704 748 3166 828 παρατηρημάτων
3217 745 3492 822 ἑπόμενον,
3549 743 3636 800 καὶ
3689 741 3897 800 τούτοις

2263 836 2460 894 ἕκαστα
2499 835 2824 895 διευθύνοντά
2852 858 2910 893 τε
2939 837 3026 893 καὶ
3053 834 3450 915 περαιούμενον.

2341 1003 2438 1094 ιγ’.
2473 1022 2570 1071 Δεῖ
2597 1015 2694 1082 την
2725 1014 2823 1082 σήν
2863 1012 3155 1092 θεοφίλειαν
3211 1026 3328 1076 τοῖς
3382 1013 3542 1089 ἱεροις
3595 1004 3895 1082 κειμηλίοις

2260 1102 2516 1182 μεγίστην
2571 1100 2991 1160 καταϐάλλεσθαι
3052 1102 3323 1181 πρόνοιαν,
3392 1098 3528 1157 ὥστε
3603 1102 3760 1152 ταῦτα
3813 1095 3899 1156 εἰς

2258 1181 2456 1266 κόσμον
2509 1191 2603 1258 τῆς
2672 1189 2992 1258 Ἐκκλησίας
3048 1189 3205 1267 ἀσινῇ
3259 1187 3619 1262 διασώζεσθαι,
3681 1183 3716 1250 ἢ
3799 1181 3896 1236 καὶ

2257 1277 2492 1355 αὔξησιν,
2527 1280 2571 1334 εί
2626 1283 2742 1336 οἷον
2784 1278 2843 1335 τὲ
2890 1277 3051 1350 ἐστιν,
3098 1276 3433 1358 ἐπιδέχεσθαι
3468 1293 3482 1307 ·
3541 1274 3608 1335 τά
3659 1293 3711 1327 τε
3755 1268 3898 1325 ἄλλα

2257 1367 2477 1435 ἀκίνητα
2525 1369 2793 1449 κτήματα,
2843 1368 2942 1424 ὅσα
3009 1391 3069 1448 γε
3132 1369 3204 1432 εἰς
3263 1367 3360 1431 τὴν
3413 1374 3510 1438 τῆς
3574 1359 3896 1427 Ἐκκλησῖας

2255 1455 2498 1513 συντελεῖ
2559 1457 2763 1536 χρείαν,
2809 1457 3132 1525 ἀνεκποίητα
3172 1467 3451 1535 συντηρεῖδ
3481 1469 3497 1484 ⁸
3557 1453 3622 1508 τά
3666 1473 3721 1506 τε
3789 1449 3898 1524 ἐμ-

2255 1546 2589 1626 φυτευτικοῖς
2661 1545 2879 1610 δικαίοις
2953 1545 3354 1626 ἐγχειριζόμενά
3411 1566 3542 1623 τισι,
3608 1541 3736 1616 μετὰ
3793 1541 3897 1603 τῆς

2255 1625 2516 1712 ἡμετέρας
2556 1634 2775 1712 γνώμης
2823 1625 3121 1710 οἰκονομεῖν
3161 1655 3172 1666 ·
3231 1635 3322 1690 καὶ
3375 1634 3436 1690 τὸ
3492 1632 3717 1688 ἐντεῦθεν
3769 1625 3898 1705 ἐρα-

2259 1721 2526 1797 νιζόμενον
2608 1724 2680 1786 εἰς
2761 1724 2862 1791 τὴν
2943 1728 3043 1789 τῆς
3127 1720 3445 1789 Ἐκκλησίας
3527 1716 3898 1800 προσδαπανᾷν

534 1809 684 1873 Nam
708 1816 767 1871 et
788 1809 1071 1872 sacerille
1093 1828 1281 1872 canon
1294 1810 1694 1891 apostolorum
1708 1811 1794 1874 sic
1808 1812 1909 1875 ait:
1923 1813 2172 1893 «Cujus-

2267 1810 2613 1870 ἱπισύστασιν.
2683 1814 2780 1870 Καὶ
2831 1813 2930 1891 γὰρ
2985 1813 3072 1868 καὶ
3131 1813 3158 1868 ὁ
3214 1813 3349 1891 ἱερὸς
3411 1813 3514 1866 τῶν
3583 1804 3896 1864 ἀποστόλων

533 1898 678 1962 libet
707 1899 902 1977 gentis
931 1900 1196 1982 episcopi
1254 1901 1409 1962 scire
1439 1899 1678 1977 debent,
1711 1901 1812 1982 qui
1842 1902 1920 1963 sit
1965 1920 2173 1965 eorum

2267 1900 2426 1958 μιανὼν
2458 1899 2594 1957 οὕτω
2622 1901 2750 1980 φησί
2783 1916 2797 1930 ⁶
2831 1923 2853 1956 ε
2889 1901 3021 1964 Τοὺς
3069 1900 3384 1964 ἐπισκόπους
3438 1900 3632 1961 παντὸς
3692 1895 3898 1969 ἔθνους,

533 1989 755 2070 primas
783 2009 798 2051 :
835 2007 1030 2071 neque
1060 2007 1567 2072 supervacaneum
1599 1988 1921 2070 quidquam
1950 1991 2174 2073 absque

532 2076 691 2139 illius
710 2077 1007 2140 sententia
1024 2078 1243 2142 facere.
1272 2103 1299 2135 ι
1324 2077 1487 2139 Idem
1511 2077 1708 2140 habita
1721 2097 1956 2161 quoque
1981 2083 2177 2142 Vene-

533 2165 713 2228 tbalis
741 2175 945 2229 sancta
965 2167 1225 2248 synodus
1245 2167 1572 2242 afﬁrmans,
1593 2167 1880 2230 decrevit:
1907 2167 2026 2230 «Ne
2047 2169 2178 2250 quis

535 2255 1028 2337 metropolitanus
1053 2264 1110 2318 et
1128 2257 1442 2338 episcopus
1460 2256 1779 2338 quidquam
1805 2265 1935 2335 agat
1953 2257 2176 2338 absque

531 2342 635 2406 illo
682 2343 784 2425 qui
833 2345 1111 2408 thronum
1173 2344 1565 2427 apostolicum
1622 2345 1933 2425 gubernat.
1973 2371 1995 2404 ι
2025 2345 2178 2418 Quin

535 2433 715 2494 etiam
741 2433 988 2495 canonis
1011 2432 1258 2496 alterius
1279 2433 1407 2496 hac
1434 2432 1613 2495 verba
1633 2444 1805 2498 sunt:
1835 2456 1863 2493 ‹
1895 2434 2180 2497 Similiter

535 2520 780 2602 placuit,
799 2531 863 2584 ut
889 2519 1223 2602 presbyteri
1253 2529 1469 2602 prater
1497 2523 1850 2584 sententiam
1875 2523 2180 2605 episcopo-

532 2625 666 2670 rum
699 2628 965 2683 suorum,
1002 2611 1132 2692 ejus
1163 2610 1456 2690 ecclesia,
1487 2609 1558 2671 ad
1586 2611 1759 2690 cujus
1781 2611 2179 2673 sacerdotium

534 2695 794 2759 ordinati
813 2705 974 2774 sunt,
995 2716 1124 2760 rem
1147 2698 1394 2762 minime
1419 2697 1768 2761 distrahant.
1801 2723 1825 2758 ι
1855 2699 1979 2772 Quo
2003 2700 2180 2762 etiam

532 2783 709 2845 modo
741 2803 861 2846 non
892 2784 1032 2847 licet
1056 2785 1354 2867 episcopis
1393 2785 1665 2848 ecclesia
1694 2787 1916 2868 pradia
1960 2787 2179 2850 distra-

533 2872 702 2948 here,
736 2872 1048 2952 ignorante
1078 2873 1327 2954 synodo.

619 2961 714 3023 l4.
741 2959 928 3026 Debet
948 2968 1048 3023 tua
1068 2961 1282 3043 pietas,
1305 2961 1357 3023 si
1372 2979 1546 3043 quem
1566 2961 1976 3042 ejusabbatem
1998 2963 2181 3027 rebus

2256 1986 2441 2044 εἰδέναι
2471 1989 2582 2069 χρὴ
2624 1991 2717 2044 τὸν
2759 1990 2954 2046 ἑαυτῶν
3011 1995 3242 2068 πρῶτον,
3286 1989 3373 2044 καὶ
3431 1984 3594 2062 μηδὲν
3650 1984 3898 2063 περιττὸν

2257 2073 2378 2132 ἄνευ
2423 2081 2520 2144 τῆς
2573 2076 2768 2134 ἐκείνου
2823 2078 3069 2157 πράττειν
3125 2077 3369 2156 γνώμης,
3435 2099 3463 2129 ι
3525 2077 3594 2132 Τὸ
3653 2074 3780 2129 αὗτὸ
3841 2069 3894 2126 δὲ

2256 2167 2344 2222 καὶ
2370 2167 2405 2233 ἠ
2434 2164 2487 2220 ἐν
2531 2165 2832 2230 Βενεθάλοις
2893 2167 3017 2245 ἁγία
3061 2163 3270 2230 σύνοδος
3322 2161 3706 2241 διαϐεϐαιοῦσα,
3768 2161 3901 2217 ἐκύ-

2258 2275 2422 2333 ρωσεν
2459 2273 2473 2289 ⁶
2513 2278 2541 2310 α
2605 2246 2696 2319 Ὠς
2753 2255 3149 2335 μητροπολίτην
3207 2255 3412 2311 ἅπαντα
3456 2255 3542 2309 καὶ
3611 2252 3900 2308 ἐπίσκοπον

2259 2341 2425 2419 μηδὲν
2480 2349 2680 2424 χρῆναι
2736 2346 3007 2423 πράττειν,
3065 2345 3187 2402 ἄνευ
3247 2349 3340 2400 τοῦ
3401 2344 3492 2398 τὸν
3549 2339 3902 2397 ἀποστολικὸν

2258 2433 2438 2512 θρόνον
2504 2434 2788 2497 ἰθύνοντος.
2848 2457 2876 2490 ι
2950 2432 3114 2490 Ἀλλὰ
3169 2435 3256 2489 καὶ
3298 2432 3469 2510 ἕτερος
3527 2432 3662 2509 ἱερὸς
3723 2431 3901 2485 κανὼν

2260 2519 2360 2577 ὧδέ
2389 2539 2569 2602 φησιν’
2610 2543 2635 2577 ε
2674 2513 2898 2592 Ὀμοίως
2941 2522 3148 2601 ἤρεσεν,
3178 2522 3314 2578 ὥστε
3357 2523 3477 2584 τοὺς
3524 2517 3903 2599 πρεσϐυτέρους

2261 2610 2402 2688 παρὰ
2457 2609 2679 2689 γνώμην
2721 2612 2828 2667 τῶν
2882 2609 3021 2668 ἰδίων
3064 2611 3365 2668 ἐπισκόπων
3408 2616 3626 2690 πρᾶγμα
3683 2608 3761 2682 μὴ
3807 2629 3904 2698 πι-

2261 2698 2511 2778 πράσκειν
2565 2703 2664 2766 τῆς
2724 2698 3064 2774 Ἐκκλησίας,
3111 2699 3165 2754 ἐν
3219 2701 3255 2775 ᾗ
3304 2699 3662 2778 καθιέρωνται,
3721 2720 3748 2749 ι
3837 2705 3905 2752 Ον

2263 2788 2456 2867 τρόπον
2512 2789 2601 2845 καὶ
2653 2802 2770 2853 τοῖς
2829 2787 3135 2854 ἐπισκόποις
3192 2792 3288 2848 οὐκ
3355 2787 3519 2853 ἔξεστι
3587 2787 3908 2864 πιπράσκειν

2260 2877 2434 2959 χωρία
2463 2883 2562 2945 τῆς
2593 2876 2899 2959 ἐκκλησίας,
2932 2878 3224 2956 ἀγνοούσης
3252 2882 3349 2944 τῆς
3393 2874 3629 2939 συνόδου.

2342 2955 2431 3025 ιδ’.
2495 2976 2592 3024 Δεῖ
2635 2973 2731 3034 τὴν
2775 2967 2874 3035 σὴν
2919 2966 3234 3046 θεοφίλειαν,
3281 2964 3466 3023 εἵποτέ
3495 2989 3594 3022 τινι
3635 2972 3744 3021 τῶν
3773 2959 3909 3041 ἀμφ’

535 3048 818 3113 humanis
847 3048 1136 3141 excedere
1179 3049 1500 3141 contingat,
1525 3052 1780 3131 primum
1814 3051 2052 3132 quidem
2083 3071 2179 3115 res

2267 3055 2428 3122 αὐτὴν
2457 3055 2767 3134 ἡγουμένων
2796 3057 2831 3125 ἡ
2889 3056 2993 3112 άπὸ
3033 3063 3138 3112 τῶν
3183 3054 3410 3111 ἐντεῦθεν
3455 3053 3624 3120 ἔξώος
3651 3053 3903 3133 γένηται,

536 3155 658 3214 eas,
686 3155 817 3219 qua
832 3137 988 3218 apud
1009 3137 1210 3219 ipsum
1232 3137 1511 3211 existunt,
1534 3138 1607 3200 ad
1657 3140 1787 3220 ejus
1815 3140 2180 3204 functionem

535 3230 770 3294 scilicet
803 3238 1169 3312 spectantes,
1199 3231 1292 3296 vel
1324 3231 1500 3293 etiam
1529 3231 1581 3294 si
1609 3251 1740 3314 qua
1769 3243 1998 3296 exstant
2026 3235 2179 3313 alia,

533 3321 680 3383 citra
727 3319 912 3383 ullam
968 3319 1415 3384 innovationem
1479 3322 1643 3384 omni
1703 3323 1876 3386 modo
1908 3342 2181 3402 servare;

532 3423 732 3491 neque
805 3409 1256 3473 consuetudinis
1321 3416 1606 3492 pratextu
1659 3411 1910 3488 nefario,
1971 3432 2182 3476 manus

531 3497 782 3579 injustas
801 3497 890 3561 eis
910 3498 1158 3564 inferre.
1187 3498 1415 3562 Deinde
1437 3517 1576 3562 vero
1599 3518 1758 3578 eum,
1787 3501 1884 3564 cui
1908 3502 2181 3565 testimo-

533 3587 698 3649 nium
731 3586 970 3668 pietatis
1000 3595 1062 3652 et
1093 3587 1425 3670 prudentia
1479 3589 1754 3651 monachi
1783 3589 2073 3667 tribuunt,
2107 3591 2177 3653 ad

530 3677 631 3758 buj
641 3695 709 3738 us
724 3677 1089 3756 praefectura
1105 3677 1355 3757 gradum
1379 3677 1729 3756 provehere:
1759 3678 1937 3740 nullis
1957 3680 2184 3743 scilicet

535 3765 711 3828 donis
738 3766 1299 3846 intervenientibus,
1361 3783 1491 3846 qua
1522 3766 1652 3847 capi
1681 3765 1831 3829 citra
1854 3768 2188 3849 periculum

533 3853 833 3934 pontiﬁcis
855 3863 1162 3935 nequeunt
1189 3875 1206 3932 ;
1237 3863 1296 3916 et
1325 3853 1402 3929 ei,
1452 3853 1552 3934 qui
1587 3872 1656 3915 ea
1685 3855 1922 3919 dedisse
1951 3857 2186 3940 depra-

533 3942 758 4005 hensus
787 3941 986 4016 tulerit,
1018 3942 1243 4024 absque
1273 3941 1794 4005 commiseratione
1818 3962 2049 4027 poenam
2086 3966 2186 4010 ca-

535 4048 693 4092 none
720 4029 1023 4092 decretam
1047 4031 1327 4094 afferunt.

621 4119 715 4183 l5.
730 4116 1094 4180 Exhortandi
1113 4117 1502 4200 sunt,quibus
1520 4117 1734 4181 tradita
1751 4123 2178 4186 monachorum

534 4214 627 4270 est
647 4207 1018 4288 prafectura,
1040 4215 1103 4271 ut
1120 4207 1208 4270 eis
1228 4209 1329 4289 qui
1352 4206 1671 4270 solitariam
1695 4209 1766 4272 ad
1793 4209 1966 4272 vitam
2002 4229 2180 4275 acce-

534 4295 708 4371 dunt,
733 4295 1169 4360 interveniente
1190 4305 1476 4360 consueto
1502 4305 1768 4375 tempore
1783 4310 1960 4380 atque
1986 4303 2183 4382 explo-

2263 3149 2448 3222 πρῶτα
2477 3145 2573 3220 μὲν
2628 3145 2694 3200 τὰ
2743 3145 2914 3219 τούτῳ
2955 3145 3242 3224 προσόντα,
3303 3142 3402 3200 ὅσα
3442 3165 3503 3222 γε
3560 3145 3633 3206 εἰς
3691 3145 3905 3220 ὑπηρε-

2264 3231 2377 3288 σίαν
2430 3229 2620 3312 ἐτέλει,
2674 3232 2710 3300 ἢ
2753 3233 2798 3288 εί
2853 3233 2940 3292 καί
2991 3254 3108 3289 τινα)
3157 3229 3291 3287 ἄλλα
3349 3231 3648 3311 πρόσεστιν,
3684 3231 3908 3286 ἆκαινο-

2262 3318 2473 3395 τόμητα
2528 3321 2665 3377 κατὰ
2706 3321 2877 3378 πάντα
2917 3321 3111 3399 τρόπον
3153 3333 3362 3400 τηρεῖν,
3420 3321 3506 3375 καὶ
3548 3320 3628 3394 μὴ
3669 3325 3751 3391 τῷ
3805 3321 3911 3384 τῆς

2264 3410 2534 3474 συνηθείας
2563 3411 2871 3490 παρανόμῳ,
2905 3410 3251 3490 προσχήματι
3308 3422 3501 3489 χεῖρας
3550 3411 3736 3472 αὐτοῖς
3781 3409 3908 3464 ἐπι-

2263 3491 2476 3552 ϐάλλειν
2533 3488 2761 3562 ἀδίκους,
2837 3488 3079 3555 ’Ἔπειτα
3110 3495 3164 3553 δὲ
3219 3488 3322 3553 τὸν
3367 3493 3449 3553 ἐπ’
3521 3494 3765 3568 εύλαϐείᾳ
3825 3498 3914 3551 καὶ

2264 3583 2462 3640 συνέσει
2503 3586 2646 3660 παρὰ
2700 3591 2804 3642 τῶν
2864 3591 3117 3665 μοναχῶν
3180 3585 3621 3663 μαρτυρούμενον,
3683 3586 3758 3647 εἰς
3820 3585 3914 3638 τὸν

2262 3678 2361 3740 τῆς
2418 3676 2764 3754 ἡγουμενείας
2822 3676 3019 3753 βαθμὸν
3077 3676 3494 3754 προχειροζεσθαι
3529 3689 3542 3703 ⁸
3623 3672 3753 3754 δίχα
3803 3673 3911 3740 δη-

2270 3761 2446 3819 λονότι
2490 3763 2814 3840 λημμάτων,
2874 3764 2906 3819 ἃ
2966 3765 3053 3820 καὶ
3104 3769 3170 3840 τῇ
3253 3763 3616 3842 ἀρχιερωσύνη
3674 3762 3914 3818 κίνδυνον

2269 3852 2478 3933 ἐπάγει,
2510 3855 2597 3908 καὶ
2627 3859 2702 3927 τῷ
2732 3851 2910 3910 ἁλόντι
2941 3852 3038 3919 τὴν
3096 3851 3157 3907 ἐκ
3211 3858 3302 3909 τοῦ
3332 3852 3549 3916 κανόνος
3581 3852 3910 3916 ἆσυμπαθῶς

2269 3940 2467 4017 ἄμυναν
2503 3939 2756 4022 ἐπιφέρει·

2346 4111 2432 4182 ιε’.
2468 4121 2581 4200 Χρή
2639 4132 2754 4183 τοῖς
2784 4121 2882 4188 την
2913 4119 3214 4177 ἐπιστασίαν
3271 4125 3374 4175 τῶν
3432 4121 3688 4200 μοναχῶν
3720 4119 3916 4199 ἐγχει-

2265 4208 2552 4289 ριζομένοις
2607 4215 2934 4287 παρεγγυᾷν,
2989 4215 3066 4283 τῷ
3135 4207 3496 4284 νενομισμένῳ
3565 4209 3749 4289 χρόνῳ
3821 4211 3915 4264 καὶ

2261 4305 2331 4375 τῇ
2400 4299 2742 4378 προσηκούσῃ
2810 4295 3088 4373 δοκιμασίᾳ
3171 4298 3292 4361 τοὺς
3362 4305 3437 4371 τῷ
3517 4299 3738 4376 μονήρει
3814 4299 3921 4374 βέῳ

531 4383 763 4447 ratione
784 4383 1007 4462 debita,
1030 4385 1255 4448 tribuat
1276 4385 1544 4448 habitum
1559 4385 1920 4465 angelicum,
1936 4391 2179 4471 etplene

2267 4388 2719 4467 προστιθεμένους,
2779 4396 2871 4446 τοῦ
2940 4408 2996 4442 τε
3065 4386 3348 4466 ἆγγελικοῦ
3416 4384 3690 4451 καταξιοῦν
3752 4390 3914 4466 σχή-

534 4472 818 4536 tondeat:
846 4492 964 4555 quo
995 4475 1598 4555 perexercitationem
1631 4473 1968 4538 diuturnam
1991 4497 2187 4543 mores

533 4578 740 4624 eorum
791 4561 1248 4644 perspiciantur,
1308 4574 1488 4646 atque
1531 4560 1794 4625 habitum
1857 4569 2179 4647 consecuti,

535 4657 880 4714 constantes
907 4649 970 4714 in
1000 4650 1158 4714 bono
1183 4657 1592 4734 permaneant.

615 4827 714 4892 16.
748 4825 892 4892 Cum
924 4827 1328 4892 aliasolitaria
1348 4831 1479 4892 vita
1499 4829 1934 4908 convenientia,
1967 4851 2185 4895 secun-

533 4916 1026 4980 dumsanctiones
1047 4920 1286 4982 Patrum
1314 4919 1588 4998 regulare
1611 4918 1795 4982 debes
1820 4936 1834 4982 :
1863 4927 1982 4982 tum
2008 4940 2186 4984 senes

535 5011 595 5068 et
622 5013 816 5070 castos
866 5005 1182 5070 enuuchos
1242 5025 1534 5088 quarere,
1585 5006 1687 5088 qui
1739 5007 2094 5070 mulieribus
2123 5010 2184 5071 in

532 5093 794 5157 semneis
816 5094 948 5175 (50)
977 5111 1206 5157 sacram
1237 5094 1671 5158 institutionem
1701 5095 1775 5156 ad
1798 5095 2186 5177 intelligenda

535 5183 812 5264 mysteria
859 5181 1192 5265 suscipiant
1225 5205 1242 5246 :
1289 5203 1367 5247 ex
1419 5182 1633 5246 iisdem
1667 5190 1794 5246 tum
1826 5188 2186 5247 commercia

533 5273 1023 5352 promiscuasque
1053 5271 1256 5335 turbas
1274 5271 1580 5336 hominum
1608 5271 2044 5336 mundanorum
2067 5274 2184 5336 tol-

535 5357 682 5438 lere,
715 5366 840 5423 tum
869 5357 1187 5441 duplorum
1221 5358 1378 5444 (qua
1404 5362 1636 5434 vocant)
1688 5361 2182 5425 monasteriorum

2269 4499 2460 4558 ματος,
2493 4478 2580 4534 καὶ
2635 4477 2736 4542 τὴν
2788 4475 2986 4534 τελείαν
3040 4475 3330 4555 ἆπόκαρσιν
3391 4477 3654 4531 ποιεῖσθαι
3687 4493 3699 4506 ·
3764 4474 3916 4539 ὅπως

2266 4565 2328 4622 ἂν
2371 4573 2437 4643 τῇ
2493 4565 2678 4646 χρονίᾳ
2733 4566 2992 4643 γυμνασίᾳ
3037 4565 3122 4623 καὶ
3153 4567 3181 4621 ὁ
3224 4565 3416 4642 τρόπος
3474 4567 3641 4637 αύτῷν
3667 4562 3918 4642 ’ἐμφανής

2265 4655 2382 4728 εἴη,
2419 4656 2508 4711 καὶ
2533 4655 2678 4711 αὐτοὶ
2732 4653 2914 4731 πάγιοι
2945 4655 3075 4733 πρὸς
3103 4655 3164 4710 τὸ
3208 4651 3370 4709 καλὸν
3427 4653 3612 4709 τούτου
3654 4653 3921 4732 τυχόντες

2267 4744 2583 4821 διαμένοιεν.

2349 4822 2470 4907 ις’.
2534 4840 2630 4887 Δεῖ
2686 4851 2744 4886 σε
2817 4831 2884 4886 τά
2939 4853 2995 4887 τε
3051 4829 3186 4887 ἄλλα
3228 4837 3294 4907 τῇ
3351 4827 3610 4906 μοναδικῇ
3667 4827 3920 4903 πολιτεὲα

2267 4920 2512 5002 ἁρμόδια,
2575 4919 2710 4976 κατὰ
2759 4920 2880 4983 τοὺς
2954 4920 3237 4999 πατρικοὺς
3320 4920 3601 4990 κανονίζειν
3655 4920 3920 4994 θεσμοὺς,

2268 5013 2353 5068 καὶ
2432 5010 2686 5090 γηραιοὺς
2771 5011 2857 5066 καὶ
2941 5009 3211 5088 σώφρονας
3295 5010 3573 5088 εὐνούχους
3658 5007 3711 5063 ἐν
3803 5023 3925 5071 τοῖς

2266 5099 2581 5178 γυναικείοις
2664 5100 2925 5174 σεμνείοις
3007 5099 3105 5165 τὴν
3188 5098 3327 5156 θείαν
3402 5095 3667 5154 ἐπιτελεῖν
3745 5120 3927 5172 μυστ-

2265 5189 2498 5268 αγωγίαν
2571 5185 2844 5258 ἐπιζητεῖν
2879 5207 2893 5220 ο
2941 5188 3028 5243 καὶ
3081 5185 3356 5243 ἐκκόπτειν
3399 5186 3499 5261 μὲν
3548 5185 3759 5242 ἐκεῖθεν
3825 5189 3924 5250 τὰς

2266 5275 2526 5352 ἐπιμιξίας
2611 5278 2696 5332 καὶ
2780 5276 3092 5356 ἀναφύρσεις
3203 5279 3308 5332 τῶν
3390 5281 3688 5353 κοσμικῶν,
3778 5275 3926 5332 ἁπο-

2265 5363 2463 5438 διιστᾷν
2521 5363 2574 5421 δὲ
2617 5365 2710 5432 τὰς
2748 5372 2853 5422 τῶν
2911 5364 3212 5444 λεγομένων
3254 5361 3451 5421 διπλῶν
3519 5366 3926 5444 μοναστηρίων,

1866 5520 2114 5585 VARLE
2154 5521 2591 5589 LEGTIONES.

619 5636 737 5720 (52)
769 5636 894 5703 Hoc
921 5647 1033 5722 est,
1067 5637 1221 5703 locis
1248 5638 1324 5704 ad
1355 5638 1805 5707 exercitationes
1834 5658 2052 5723 graves
2083 5651 2142 5706 et
2168 5641 2448 5709 honestas
2475 5640 2805 5710 destinatis.
