4160 6212
323 372 478 435 1145

1647 365 2365 434 GR/ECO-ROMANUM.

3537 357 3700 421 1146

316 500 472 581 εἴπερ
528 503 627 557 εἰσὶ
698 501 836 557 κατὰ
875 502 970 557 τὸν
996 501 1181 581 τόπον,
1217 504 1493 583 συναφείας
1534 522 1592 558 τε
1655 502 1747 557 καὶ
1796 520 1975 580 παρα-

2059 497 2450 579 siquidemeo
2482 497 2597 559 loci
2626 496 2767 572 sint,
2824 493 3283 583 conjunctiones
3334 502 3393 556 et
3449 491 3705 583 nefarias

319 590 513 668 νόμους
557 586 941 667 συνδιατριϐάς.
1000 587 1152 647 οετω
1204 595 1391 652 ταῦτα.
1438 589 1537 648 Καὶ
1593 587 1647 644 εἴ
1702 611 1753 644 τι
1802 587 1977 667 ἕτερον

318 679 347 737 ὅ
415 700 474 737 τε
533 679 713 759 καιρὸς
769 679 857 735 καὶ
916 678 953 746 ἡ
1024 678 1182 759 χρεία
1254 675 1630 758 προϐάλλοιτο,
1690 677 1827 752 μετὰ
1880 675 1977 744 τῆς

318 767 604 837 ἐπαινετῆς
659 768 749 826 καὶ
807 768 1187 848 προσηκούσης
1264 768 1350 824 καὶ
1422 765 1690 848 θεοφιλοῦς
1746 763 1978 832 σπουδῆς

318 856 626 938 ἐκπληρῶν,
673 857 852 925 πάσης
913 856 1010 933 μὲν
1060 853 1230 924 λκϐἧς
1285 857 1375 912 καὶ
1428 853 1716 923 καταδίκης
1777 852 1976 934 ἐξαιρεο

315 948 456 1025 θήσῃ
504 963 521 980 ⁸
568 948 641 1011 είς
684 946 888 1022 κόσμον
930 942 986 1001 δὲ
1019 950 1126 1009 τῶς
1170 942 1514 1024 Ἐκκλησίας,
1559 946 1648 1001 καὶ
1690 941 1841 1009 δόξαν
1884 948 1978 999 τοῦ

318 1037 382 1092 τὸ
412 1038 610 1093 οἱκεϊον
641 1039 780 1112 αἷμα
830 1035 961 1113 ὑπὲρ
1031 1036 1194 1102 αὒτῆς
1251 1032 1565 1115 ἒαχέαντος,
1610 1040 1835 1109 Χριστοῦ
1886 1037 1979 1089 τοῦ

320 1123 569 1192 ἀληθινοῦ
609 1130 741 1181 Θεοῦ
792 1123 971 1201 ἡμῶν,
1016 1123 1223 1203 όφθήση
1255 1140 1273 1159 ⁸
1373 1121 1503 1201 ὅπερ
1558 1123 1646 1179 καὶ
1699 1119 1979 1196 ἐλπίζομεν

322 1214 410 1269 καὶ
439 1214 707 1293 εὐχόμεθα
739 1232 755 1248 ⁸
818 1214 906 1273 καὶ
969 1214 1106 1289 μετὰ
1146 1211 1395 1292 μεγάλων
1456 1211 1564 1269 τῶν
1635 1207 1858 1267 ἐλπίδων
1905 1211 1978 1273 εἷς

321 1300 421 1369 τήν
491 1299 909 1376 ἐναποκειμένην
963 1301 1087 1365 τοῖς
1142 1301 1308 1380 ἁγίοις
1373 1300 1805 1380 παραπεμφθήσῃ
1861 1320 1972 1373 μα-

319 1388 632 1467 καριότητα,
687 1387 807 1446 ἔνθα
854 1389 1067 1446 πάντων
1123 1389 1159 1457 ἡ
1219 1386 1634 1469 προσδοκωμένη
1692 1386 1972 1469 κατάπαυ-

320 1457 402 1543 σις
430 1476 659 1557 γένοιτο,
691 1477 753 1534 ἐκ
801 1484 1010 1555 Χριστῷ
1062 1457 1273 1546 Ἰησοῦ.
1297 1484 1376 1554 τῷ
1649 1478 1825 1553 ἡμῶν.
1867 1457 1973 1534 εὃτι

321 1566 481 1630 αὖτός
542 1564 654 1623 ἐστι
709 1571 817 1622 τῶν
873 1565 1082 1644 ἀγαθῶν
1151 1564 1314 1644 δοτὴρ
1367 1569 1457 1625 καὶ
1525 1565 1838 1646 πληρωτὴς,
1884 1565 1973 1622 καὶ

319 1653 462 1729 αὒτῷ
501 1653 692 1735 πρέπει
739 1653 872 1730 τιμὴ
924 1656 1011 1714 καὶ
1038 1652 1180 1730 δόξα,
1238 1661 1328 1710 νῦν
1359 1655 1448 1712 καὶ
1497 1655 1570 1718 είς
1599 1655 1721 1718 τοὺς
1754 1654 1969 1716 αἰῶνας.

326 1740 526 1818 Ἀμήν.

566 1850 590 1886 ι
644 1818 933 1906 ’Ἑνταλμα
973 1827 1239 1906 διδόμενον
1264 1843 1383 1896 τοτς
1415 1829 1682 1910 ἐξάρχοις,
1719 1854 1747 1884 ι

405 1914 487 1981 α’.
520 1926 619 1975 Δετ
637 1919 735 1982 τὴν
778 1919 882 1987 σὴν
928 1916 1219 1997 εὖλάϐειεν,
1266 1920 1366 1988 τὴν
1396 1919 1701 1977 ἐπιστασίαν
1730 1919 1818 1975 καὶ
1849 1919 1975 1997 πρό-

324 2029 468 2064 νοιαν
541 2013 649 2065 τῶν
746 2012 1151 2089 πατριαρχικῶν
1239 2009 1608 2089 μοναστηρίων
1693 2007 1838 2087 παρὰ
1877 2012 1976 2075 τῆς

2059 584 2540 648 conversationes
2570 601 2899 647 removere.
2961 582 3153 664 Atque
3203 582 3330 643 hanc
3376 579 3614 661 quidem
3642 579 3705 640 in

2058 673 2218 737 hunc
2246 673 2510 737 modum.
2546 672 2671 747 Quo
2698 672 2749 733 si
2805 672 2948 753 quid
3002 670 3162 734 aliud
3219 668 3326 731 tibi
3384 668 3471 730 vel
3508 668 3703 749 ipsum

2059 772 2315 845 tempus,
2342 762 2433 825 vel
2471 762 2795 826 necessitas
2824 762 3053 834 offerat,
3081 759 3140 821 id
3172 758 3224 821 si
3255 756 3559 836 laudabili,
3593 759 3702 820 de-

2059 862 2253 927 cente,
2284 852 2569 932 religioso
2595 851 2794 914 studio
2828 848 3126 932 perficies,
3178 847 3342 909 omni
3390 854 3572 909 temet
3597 864 3700 907 re-

2060 941 2474 1022 prehensione
2505 950 2563 1002 et
2607 937 3112 1003 condemnatione
3142 935 3392 1017 eximes,
3427 933 3708 997 Ecclesiae

2058 1042 2408 1096 ornamento
2440 1033 2581 1107 eris,
2610 1031 2815 1112 gloriae
2838 1030 3057 1093 Christi
3080 1028 3202 1090 veri
3227 1026 3335 1089 Dei
3365 1024 3573 1101 nostri,
3605 1025 3707 1106 qui

2058 1121 2406 1202 sanguinem
2466 1141 2570 1203 pro
2627 1121 2892 1185 Ecciesia
2948 1138 3118 1182 suum
3177 1115 3452 1199 profudit,
3485 1113 3707 1177 servies

2059 1208 2172 1291 (uti
2199 1210 2463 1273 futurum
2497 1229 2805 1292 Speramus
2840 1219 2897 1270 et
2949 1206 3270 1289 optamus),
3322 1222 3454 1267 cum
3490 1222 3702 1283 magna

2055 1317 2161 1378 spe
2190 1298 2449 1379 denique
2469 1300 2541 1361 ad
2569 1299 2731 1360 illam
2751 1297 2975 1361 sanctis
3018 1298 3343 1377 repositam
3364 1292 3700 1355 beatitatem

2054 1387 2460 1466 ablegaberis:
2493 1388 2595 1450 ubi
2636 1388 2877 1469 requies
2917 1393 3189 1467 exoptata
3234 1382 3535 1461 contingat
3564 1380 3702 1442 uni-

2054 1475 2267 1550 versis,
2301 1476 2362 1537 iu
2394 1475 2627 1539 Christo
2648 1476 2789 1539 Jesu
2840 1474 3094 1538 Domino
3135 1480 3339 1534 nostto
3368 1490 3381 1534 :
3419 1470 3699 1552 quoniam

2057 1563 2188 1645 ipse
2216 1563 2508 1627 bonorum
2539 1564 2786 1644 largitor
2816 1572 2907 1626 est
2962 1572 3020 1627 et
3068 1562 3410 1636 absolutor;
3472 1558 3569 1621 cui
3601 1576 3705 1640 par

2059 1660 2149 1713 est
2171 1652 2354 1715 tribui
2384 1653 2674 1716 honorom
2697 1661 2878 1735 atque
2899 1652 3170 1733 gloriam.
3196 1670 3354 1713 nunc
3384 1658 3444 1713 et
3466 1647 3704 1711 saeculis

1996 1781 2037 1831 Β
2059 1739 2325 1803 infinitis.
2360 1743 2577 1831 Amen.

2205 1829 2566 1893 Mandatum
2597 1831 2756 1912 quod
2816 1832 3036 1912 legatis
3068 1828 3190 1906 (52)
3211 1828 3356 1891 dari
3383 1827 3560 1891 solet.

2142 1920 2162 1980 l
2183 1917 2391 1981 .Debet
2406 1926 2503 1981 tua
2517 1919 3014 2000 reverentia,quae
3027 1918 3438 1999 praefecturam
3455 1924 3512 1978 et
3526 1934 3699 1977 cura-

2057 2006 2279 2069 tionem
2318 2008 2798 2089 patriarchalium
2861 2007 3355 2069 monasteriorum
3415 2025 3448 2067 a
3504 2017 3707 2066 nostra

322 2098 480 2171 ἡμῶν
509 2096 855 2176 μετριότητος
898 2095 1317 2177 ἀναδεδεγμένην
1364 2096 1451 2171 69,
1511 2097 1647 2173 μετᾶ
1687 2102 1785 2164 τῆς
1815 2097 1975 2153 ἔπαι-

2059 2096 2467 2160 mediocritate
2496 2107 2666 2159 nacta
2697 2105 2806 2174 est,
2840 2116 2975 2159 cum
3010 2095 3293 2159 laudabili
3341 2093 3705 2156 conscientia

321 2188 477 2249 νετῆς
536 2183 885 2257 συνειδήσεως
993 2184 1203 2256 πολλήν
1300 2183 1589 2265 ἀναλαϐεῖν
1670 2184 1975 2262 ἐπιμέλειαν

2060 2185 2308 2247 multum
2342 2184 2665 2264 diligentiae
2710 2206 2778 2247 ac
2836 2185 3015 2247 studii
3072 2185 3401 2266 suscipere,
3455 2182 3539 2244 uti
3570 2202 3703 2263 qua:

322 2275 412 2331 καὶ
460 2272 717 2349 σπουδὴν,
771 2277 846 2340 ὡς
903 2276 1007 2355 οὐχ
1046 2277 1185 2351 ἡμῖν
1243 2276 1404 2350 μόνον
1472 2277 1562 2332 τὸν
1616 2276 1733 2355 περὶ
1774 2275 1975 2332 τούτων

2061 2291 2179 2334 uon
2202 2273 2392 2335 solum
2416 2274 2583 2336 nobis
2620 2275 2830 2336 horum
2857 2272 3069 2336 debeat
3098 2273 3392 2336 rationem
3416 2271 3697 2353 reddere,

322 2361 480 2442 λόγον
522 2362 831 2445 ὀφείλουσαν
883 2361 1191 2443 ἀποδοῦναι,
1255 2362 1391 2420 ἆλλά
1431 2384 1494 2443 γε
1548 2364 1636 2419 καὶ
1690 2364 1792 2443 πρὸ
1820 2364 1974 2439 ἡμῶν

2058 2378 2259 2423 verum
2282 2362 2457 2424 etiam
2481 2371 2616 2425 ante
2633 2382 2761 2439 nos,
2788 2361 3111 2445 iuspectori
3148 2364 3411 2423 omnium
3442 2364 3562 2422 Deo
3589 2381 3603 2420 :
3633 2378 3701 2420 ac

323 2458 403 2527 τῷ
428 2451 639 2509 πάντων
695 2450 868 2532 ὲφόρῳ
922 2459 1037 2527 Θεῷ
1107 2469 1122 2484 ·
1198 2448 1286 2509 καὶ
1369 2454 1506 2529 μήτε
1601 2453 1731 2532 πρὸς
1790 2452 1972 2532 χάριν,

2059 2468 2253 2531 neque
2281 2452 2524 2530 gratiam
2556 2470 2752 2533 neque
2790 2450 3189 2527 inimicitiam,
3225 2469 3418 2532 neque
3449 2450 3693 2529 donum,

326 2540 464 2616 μήτε
517 2541 649 2617 πρὸς
720 2538 940 2620 ἔχθραν,
1026 2540 1163 2615 μήτε
1216 2542 1346 2619 πρὸς
1414 2540 1603 2619 δῶρον,
1676 2541 1815 2617 μήτε
1842 2543 1975 2621 πρὸς

2059 2557 2250 2621 neque
2268 2558 2698 2622 preces,neque
2711 2540 3034 2622 quidquam
3053 2538 3212 2601 aliud
3230 2540 3288 2600 in
3304 2537 3482 2601 rebus
3497 2539 3701 2600 huma-

331 2626 691 2707 παράκλησιν,
750 2630 891 2705 μήτε
945 2630 1076 2708 πρὸς
1143 2628 1275 2687 ἄλλο
1343 2652 1395 2686 τι
1462 2637 1570 2687 τῶν
1638 2629 1975 2709 ἀνθρωπίνων

2060 2631 2152 2689 nis
2178 2628 2574 2710 respiciendo,
2611 2628 3004 2691 minisicrium
3030 2629 3322 2709 ejusmodi
3351 2627 3518 2690 obire
3545 2645 3558 2690 :
3593 2625 3699 2688 sed

326 2715 736 2792 ἀποκλίνουσαν,
837 2717 1290 2799 μεταχειρίζεσθαι
1376 2718 1474 2786 τὴν
1548 2718 1797 2785 τοιαύτην
1869 2718 1975 2775 δια-

2060 2716 2259 2778 omnia
2289 2717 2618 2780 secundum
2650 2718 2968 2780 canonicas
3016 2718 3199 2797 leges,
3262 2726 3321 2779 et
3352 2716 3696 2778 mandatum

327 2805 505 2863 κονίαν
537 2824 553 2841 ⁸
598 2804 735 2863 ἆλλᾶ
785 2808 920 2863 κατὰ
971 2808 1091 2870 τοὺς
1147 2809 1451 2871 κανονικοὺς
1515 2808 1739 2884 θεσμοὺς
1808 2808 1975 2865 πάντα

2060 2814 2327 2867 nostrum
2352 2824 2554 2885 agere,
2569 2807 2832 2889 citraque
2851 2824 3169 2885 gravavnen
3210 2814 3267 2868 et
3289 2824 3439 2867 onus
3453 2805 3695 2885 aliquod

331 2894 604 2975 πράττειν,
655 2895 743 2952 καὶ
782 2897 919 2953 κατὰ
986 2895 1084 2963 τὴν
1124 2896 1383 2975 ἡμετέραν
1455 2894 1735 2975 διαταγήν,
1806 2897 1975 2954 ἀνεπ-

2057 2894 2334 2963 aliorum.
2368 2894 2719 2957 visitationis
2774 2914 3023 2958 munere
3080 2894 3346 2974 defungi,
3392 2912 3524 2956 cum
3560 2913 3700 2955 usus

327 2989 510 3066 αχθῶς
564 3006 622 3041 τε
676 2986 765 3043 καὶ
831 2983 1037 3065 ἀϐαρῶς
1090 2986 1188 3054 τὴν
1243 2985 1478 3066 περίοδον
1551 2991 1842 3062 ποιεῖσθαι,
1886 2986 1975 3045 ὅτε

2060 2983 2353 3062 postulat:
2390 3001 2464 3044 ne
2496 2984 2726 3046 scilicet
2759 2984 2844 3046 illi
2869 2993 3108 3066 propter
3131 2985 3417 3046 comitum
3438 2982 3692 3044 multitu-

324 3074 478 3154 χρεία
509 3071 668 3131 καλεῖ
698 3093 716 3111 ο
748 3074 841 3131 ’ίνα
871 3074 948 3147 μὴ
990 3081 1068 3151 τῷ
1095 3074 1283 3143 πλὴθει
1312 3078 1401 3134 καί
1439 3090 1554 3140 τοῖς
1585 3076 1820 3135 πλείοσιν
1850 3076 1974 3133 ἁνα-

2057 3070 2279 3143 dinem,
2315 3081 2379 3134 et
2406 3072 2663 3152 majores
2694 3080 2987 3154 sumptus,
3039 3081 3218 3154 atque
3247 3075 3421 3137 etiam
3455 3085 3700 3153 propter

322 3160 588 3244 λώμασιν,
636 3161 711 3219 ἔτι
761 3160 817 3218 δὲ
870 3164 959 3220 καὶ
999 3169 1068 3241 τῇ
1135 3164 1333 3243 ἀκαίρῳ
1401 3164 1675 3243 ἐπιδημίᾳ,
1736 3166 1847 3222 ἀντὶ
1875 3165 1971 3234 τῆς

2057 3158 2456 3240 importunum
2515 3159 2857 3235 adventum,
2936 3161 3116 3221 futuri
3190 3159 3487 3223 commodi
3544 3160 3696 3230 loco.

325 3249 629 3328 μελλούσης
671 3250 952 3334 ὠφελείας,
982 3250 1087 3321 ἤδη
1145 3254 1411 3334 παροῦσάν
1462 3277 1520 3311 τε
1548 3256 1635 3311 καὶ
1663 3254 1971 3334 ἐνεργοῦσαν

2057 3266 2316 3329 praesens
2339 3258 2400 3310 et
2426 3266 2647 3327 urgens
2676 3248 2957 3309 damnum
2979 3268 3043 3310 se
3082 3249 3317 3313 videant
3367 3248 3699 3330 percipere.

325 3340 425 3408 τὴν
480 3337 684 3417 βλάϐην
765 3340 956 3406 αὐτοὺς
1028 3340 1245 3422 ἐνορῶσι
1312 3341 1842 3419 καταλαμϐάνουσαν.
1876 3343 1973 3400 Καὶ

2057 3335 2286 3418 Quippe
2327 3336 2378 3397 si
2409 3336 2716 3416 corporale
2766 3336 3063 3416 quoddam
3116 3356 3184 3399 ex
3233 3337 3549 3418 praesentia
3604 3344 3700 3397 tua

326 3429 426 3508 γὰρ
457 3430 501 3486 εί
544 3426 858 3505 σωματικήν
913 3451 1029 3486 τινα
1098 3430 1159 3487 ὲκ
1209 3434 1310 3499 τῆς
1377 3434 1477 3498 σῆς
1518 3434 1801 3512 παρουσίας
1855 3453 1974 3487 συν-

2057 3424 2477 3487 detrimentum
2509 3425 2953 3512 sentiant,nec
3000 3424 3183 3486 animi
3236 3427 3483 3487 salutem
3520 3424 3697 3506 polli-

321 3516 585 3575 αίσθονταὶ
640 3516 867 3595 βλάϐην,
923 3516 1039 3578 οὐδὲ
1096 3519 1195 3587 τὴν
1236 3520 1475 3601 ψυχικὴν
1526 3511 1974 3601 ἐπαγγελλομένῳ

2057 3513 2210 3601 centi
2237 3513 2342 3601 tibi
2362 3512 2543 3573 fidem
2568 3511 2998 3601 habiturisunt.
3036 3512 3337 3601 Praeterea
3386 3521 3441 3574 te
3484 3531 3696 3591 purum

324 3606 658 3663 πιστεύσουσι
701 3606 991 3686 σωτηρίαν,
1051 3608 1149 3666 Καὶ
1190 3600 1349 3687 πρός
1377 3631 1439 3687 γε
1492 3611 1700 3674 τούτοις
1757 3609 1817 3666 ἐκ
1859 3609 1969 3665 πά-

2057 3609 2111 3663 et
2142 3600 2515 3682 impollutum
2542 3600 2614 3662 ab
2646 3600 2810 3661 omni
2835 3600 3166 3680 captatione
3218 3618 3531 3662 munerum
3568 3619 3699 3681 per-

324 3715 424 3761 σης
480 3693 815 3773 δωροληψίας
870 3695 934 3746 70
1001 3697 1232 3776 καθαρὰν
1298 3697 1461 3766 αὐτὴν
1531 3699 1619 3755 καὶ
1676 3697 1969 3775 ἆμόλυντον

2057 3697 2229 3771 petuo
2256 3689 2543 3764 servabis,
2596 3708 2665 3750 ac
2714 3708 2907 3771 neque
2966 3689 3496 3752 consuetudinibus
3532 3706 3702 3771 quas

323 3780 661 3861 διατηρήσεις
695 3798 708 3813 ⁸
767 3785 854 3840 καὶ
911 3785 1049 3860 μήτε
1103 3798 1226 3850 ταῖς
1310 3786 1623 3865 λεγομέναις
1678 3786 1972 3854 συνηθείαις

2057 3784 2286 3852 vocant,
2326 3777 2485 3839 nullo
2519 3777 2693 3839 modo
2743 3777 3285 3853 contaminaheris;
3319 3798 3513 3860 neque
3547 3779 3698 3841 alius

324 3869 678 3942 ὁπωσδήποτε
735 3877 1190 3954 καταχρανθῆναι,
1236 3864 1393 3949 μήτε
1433 3875 1629 3956 ἑτέροις
1655 3876 1975 3956 πρόσκομμα

2057 3865 2419 3928 offendicula
2452 3866 2591 3927 eris.
2626 3864 2755 3928 Non
2787 3866 2947 3928 enim
2976 3865 3243 3929 vocabuli
3281 3869 3559 3930 honestas
3581 3869 3699 3930 im-

325 3959 563 4039 γενέσθαι
598 3979 611 3992 ⁸
642 3963 701 4019 οὗ
728 3963 827 4041 γὰρ
867 3953 910 4031 ἡγ
951 3963 1213 4037 σεμνότης
1243 3966 1335 4019 τοῦ
1395 3953 1656 4040 ὀνόματος
1700 3953 1808 4031 τὴν
1854 3961 1975 4020 δυσ-

2057 3955 2335 4036 pietatem
2366 3953 2505 4017 facti
2535 3963 2814 4035 excusat;
2865 3955 2969 4017 sed
3017 3955 3107 4017 rei
3150 3956 3483 4032 scelerilas,
3515 3956 3702 4037 ipsius

320 4046 528 4106 σέϐειαν
583 4051 928 4123 αποσκευάζει
1013 4051 1108 4120 τῆς
1152 4050 1388 4132 πραξεως
1429 4071 1444 4087 ⁸
1505 4052 1643 4110 ἀλλὰ
1685 4053 1746 4109 τὸ
1803 4052 1975 4131 παρά-

2057 4044 2234 4105 eliam
2266 4042 2686 4124 appellatiouis
2718 4042 3037 4106 bonitatem
3066 4044 3379 4109 deminuit.
3407 4045 3702 4108 Nimirum

325 4159 488 4213 νομον
542 4145 635 4195 τοῦ
700 4161 1038 4221 πραγματος,
1095 4141 1184 4197 καὶ
1238 4145 1336 4208 τῆς
1380 4140 1665 4217 ὀνομασίας
1711 4141 1971 4213 ὲκκακίζει

2057 4134 2156 4215 qui
2189 4132 2458 4213 praecipit
2487 4132 2665 4212 alliis,
2697 4142 2758 4195 ut
2785 4133 2946 4213 juste
2978 4152 3044 4195 se
3101 4145 3307 4214 gerant
3362 4136 3542 4198 etiam
3574 4136 3704 4217 ipse

324 4226 424 4293 τὴν
452 4224 757 4293 δεξιότητα.
791 4228 886 4285 Καὶ
942 4229 1042 4306 γὰρ
1098 4231 1127 4284 ὁ
1189 4228 1395 4308 ἑτέρους
1450 4228 1846 4309 δικαιοπραγεῖν
1878 4251 1970 4285 νο-

2057 4222 2145 4284 vel
2178 4222 2251 4284 ab
2284 4222 2443 4283 omni
2477 4221 2819 4303 suspicione
2851 4222 3084 4304 injutize
3114 4243 3294 4303 purus
3336 4244 3466 4287 esse
3497 4224 3698 4287 debet.

326 4316 586 4391 μοθετῶν,
618 4315 775 4381 αὐτὸς
819 4318 904 4373 καὶ
963 4321 1062 4384 τῆς
1104 4327 1197 4376 τοῦ
1246 4314 1451 4374 ἀδικεῖν
1505 4318 1824 4394 ὑπολήψεως
1867 4340 1971 4374 κα·-

2057 4310 2233 4373 Euim
2268 4328 2405 4372 vero
2436 4310 2482 4372 si
2507 4311 2861 4392 praeterhac
2882 4310 3147 4390 injunctu
3174 4312 3280 4372 tibi
3302 4332 3407 4392 per
3437 4313 3701 4392 Scriptu-

322 4404 478 4483 θαρὸς
533 4401 727 4481 ὀφείλει
810 4405 1167 4468 καθίστασθαι,
1269 4407 1330 4464 Ei
1431 4406 1612 4482 μέντοι
1698 4407 1840 4485 παρᾶ
1907 4408 1972 4462 τα

2057 4418 2180 4461 ram
2203 4398 2387 4480 (quod
2420 4398 2592 4478 absit,
2630 4418 2823 4478 neque
2853 4398 3138 4459 Dominus
3188 4400 3313 4460 fieri
3341 4400 3697 4479 permiserit)

330 4492 615 4573 ἐγγραφως
688 4514 771 4550 σοι
854 4491 1236 4571 διατεταγμένα
1286 4495 1344 4573 (ὃ
1374 4494 1452 4571 μὴ
1547 4496 1776 4574 γένοιτο,
1836 4493 1972 4570 μηδὲ

2057 4489 2356 4549 diversum
2390 4488 2670 4567 quiddam
2699 4487 2873 4547 fuerit
2905 4496 3120 4557 actum.
3156 4498 3213 4549 et
3237 4488 3484 4565 alicujus
3515 4507 3584 4550 ex
3609 4489 3704 4550 his

328 4577 439 4656 δώῃ
502 4578 708 4661 Κύριος)
764 4579 896 4639 ἄλλο
962 4604 1014 4637 τι
1083 4580 1457 4663 διαπραχθείη,
1533 4585 1625 4640 καὶ
1678 4583 1971 4662 παράὄασίς

2060 4576 2352 4663 mandatis
2374 4583 2660 4637 attentata
2684 4574 2921 4636 violatio
2949 4595 2966 4651 ;
2992 4575 3268 4656 maxime,
3295 4576 3344 4636 si
3379 4585 3698 4638 consuetu~

327 4690 469 4733 τινος
539 4675 644 4726 τῶν
732 4669 1193 4749 παραγγελμάτων
1280 4662 1682 4748 ἐπιτολμηθείη,
1742 4670 1974 4747 μάλιστα

2060 4662 2347 4746 dineszvel
2363 4664 2739 4743 temetipsum
2754 4663 3108 4742 exig«-re,vel
3132 4664 3310 4723 alium
3338 4684 3698 4746 quemquam

324 4755 381 4813 δὲ
411 4758 456 4813 εί
484 4757 756 4824 συνηθείας
803 4757 839 4826 ἢ
888 4759 1069 4833 αὐτὸς,
1132 4758 1168 4827 ἢ
1227 4757 1403 4839 ἕτερός
1456 4782 1536 4823 τις
1593 4766 1700 4817 τῶν
1743 4781 1972 4817 συνεπο-

2058 4773 2125 4815 ex
2150 4750 2463 4814 comitibus
2484 4752 2598 4813 luis
2622 4761 2988 4839 compertum
3013 4751 3225 4829 fuerit;
3256 4752 3486 4814 aliudve
3511 4754 3699 4815 detri-

325 4845 500 4922 μὲνων
544 4867 627 4903 σοι
685 4846 926 4903 ἀπαιτῶν
971 4847 1257 4927 φωραθείη,
1400 4845 1571 4917 ἄλλην
1639 4850 1756 4905 τινὰ
1781 4850 1974 4926 ζημίαν

2060 4849 2324 4903 mentum
2372 4839 2669 4921 quoddam
2733 4838 2817 4900 eis
2870 4839 3101 4914 inferri,
3163 4841 3265 4922 qui
3309 4842 3698 4905 reverentiam

326 4934 588 5015 ἐπιφέρων
645 4948 761 4999 τοῖς
809 4935 898 4991 lani
946 4934 1235 5015 ἀπαλλαγῇ
1294 4937 1488 5014 ζημίας
1547 4943 1730 5019 ψυχῆς
1773 4959 1829 4994 τε
1888 4940 1972 4994 καὶ

2062 4938 2215 4991 tuam
2253 4929 2556 5010 excipiunt
2588 4947 2659 4991 eo
2695 4928 2956 5004 nomine,
2993 4937 3053 4990 ut
3108 4928 3290 4991 animi
3314 4931 3701 5012 corporisque

328 5023 577 5097 σώματος
624 5021 1040 5104 ὑποδεχομένοις
1105 5024 1203 5092 τὴν
1271 5025 1372 5093 σὴν
1449 5017 1721 5085 εὐλάϐειαν
1754 5044 1769 5060 ·
1829 5025 1973 5089 ὅστις

2057 5019 2290 5080 damnis
2324 5018 2656 5081 liberentur
2687 5036 2700 5081 :
2738 5017 3010 5101 quisquis
3036 5018 3214 5099 igitur
3262 5020 3321 5080 in
3364 5020 3701 5100 hujusmodi

327 5112 417 5167 οὖν
459 5116 535 5184 τῷ
592 5111 817 5185 τοιούτῳ
873 5113 1134 5188 νοσήματι
1206 5113 1363 5177 ἁλοὺς
1428 5114 1714 5196 φωραθείη,
1775 5112 1826 5180 ἐξ
1875 5118 1975 5175 αὖ·

2062 5107 2204 5170 ι-ἱιίο
2234 5107 2646 5188 deprehensus
2679 5107 2876 5185 fuerit,
2911 5107 2989 5169 ob
3038 5109 3148 5170 hoc
3188 5107 3384 5190 ipsum
3411 5109 3701 5171 nefarium

324 5202 424 5266 τῆς
482 5197 685 5268 ἐκείνης
755 5200 852 5269 τῆς
939 5202 1244 5280 παρανόμου
1334 5202 1573 5283 πράξεως
1632 5202 1767 5260 ἔστω
1822 5204 1975 5281 γινώ-

2060 5198 2309 5280 facinus,
2341 5197 2513 5275 sciat,
2542 5197 2795 5278 primum
2818 5198 3057 5282 quidem
3091 5217 3154 5262 se
3201 5199 3387 5262 sacris
3415 5218 3449 5262 a
3481 5209 3697 5283 myste-

1643 5334 1901 5400 VARUE
1942 5331 2383 5401 LECTIONES.

405 5464 474 5520 69
498 5466 579 5534 al,
612 5466 923 5549 δεξαμένην.
1009 5470 1073 5524 ⁷ο
1103 5471 1466 5553 δωσοληψίας.

1893 5601 2139 5678 NOTAE.

411 5732 542 5818 (32)
570 5732 824 5802 Vicariis
853 5738 980 5806 sive
1004 5741 1411 5824 suﬂ'ragaueis.
