4160 6212
343 322 497 388 1149

1656 324 2366 394 GMGO-ROMANUM.

3554 326 3710 394 1150

412 450 515 535 ς’.
569 461 668 518 Δεῖ
711 462 809 530 τὴν
839 463 939 530 σὴν
983 462 1255 523 εὐλάϐειαν
1283 465 1625 542 ἐντείλασθαι,
1647 472 1738 523 τοῦ
1762 466 1821 522 τὸ
1840 466 1969 543 tepet

2144 457 2203 522 6.
2236 457 2550 540 Percipere
2583 467 2679 521 tua
2710 459 3042 523 reverentia
3070 460 3272 542 debet,
3336 468 3396 522 ut
3425 467 3710 541 quotquot

332 548 570 614 ἅπαντας
602 549 945 626 ἐκμανθάνειν
983 551 1279 632 ψαλτήριον
1326 555 1446 618 τοὺς
1476 554 1530 610 ἐν
1572 562 1649 630 τῷ
1696 560 1980 632 μοναχικῷ

331 641 580 719 σχήματι
641 638 1131 720 καταλάγομένους,
1204 644 1293 699 καὶ
1324 644 1427 719 ,μὴ
1521 642 1720 701 δούλων
1790 642 1979 700 ἀθλίων

337 726 500 807 λόγον
529 726 773 809 ὅπέχειν,
819 731 907 786 καὶ
976 731 1039 786 τὸ
1096 736 1199 787 πᾶν
1254 729 1553 791 ἀναλίσκειν
1596 734 1670 795 εἷς
1722 732 1819 799 τὴν
1875 730 1979 787 τῶν

334 820 542 896 γηΐνων
597 817 866 899 ἐργασίαν,
913 817 997 875 διὰ
1048 821 1144 888 τὴν
1214 819 1451 900 ἀκρισίαν
1507 826 1612 876 τῶν
1639 824 1977 899 καθηγουμε-

336 908 613 983 νευόντων,
685 907 723 976 ἢ
781 907 1056 987 παρακοὴν
1109 913 1215 965 τῶν
1298 908 1821 986 καθυποτατομένων,
1895 909 1981 965 καὶ

338 992 580 1063 ἄκηδίαν,

418 1074 490 1157 ζ’.
528 1094 626 1142 Δεῖ
651 1085 752 1153 τὴν
781 1085 881 1153 σὴν
914 1084 1183 1143 εὐλάϐειαν
1212 1092 1533 1167 παρεγγυᾷν,
1559 1088 1841 1159 ἀναζητεῖν
1861 1086 1977 1149 τοὺς

333 1174 658 1253 ἡγουμένους
710 1176 830 1241 τοὺς
899 1174 1392 1242 λειποτακτοῦντας,
1441 1178 1734 1258 μοναχοὺς,
1792 1177 1879 1233 καὶ
1907 1176 1978 1237 εἷς

327 1263 428 1331 τὴν
497 1264 690 1320 οἰκείαν
760 1266 946 1328 αὐτοὺς
1017 1263 1420 1345 ἐπαναστρέφειν
1484 1267 1754 1343 ὑποταγήν
1796 1280 1810 1293 ⁸
1859 1264 1978 1325 τοὺς

334 1350 391 1407 δῖ
436 1354 513 1428 μὴ
546 1351 896 1429 βουλομένους
937 1361 1092 1413 τοῦτο
1148 1368 1350 1436 ποιεῖν,
1407 1353 1523 1434 εἴγε
1576 1353 1832 1433 εὐλόγως,
1865 1375 1975 1409 πα-

330 1439 592 1521 ραδιδόναι
649 1442 702 1499 ἐν
760 1442 957 1523 ἑτέροις
1029 1445 1398 1524 μοναστηρίοις
1448 1445 1519 1508 εἰς
1590 1440 1831 1506 εὐλαϐεῒς
1880 1439 1974 1497 καῖ

325 1534 416 1589 τὸν
470 1536 614 1591 θετον
670 1532 833 1612 φόϐον
904 1532 1162 1591 διδάσκειν
1252 1534 1557 1611 δυναμένοις
1624 1532 1967 1611 ἡγουμένους.

333 1619 642 1687 Διδακτικὸς
671 1621 734 1671 72
762 1625 861 1702 γὰρ
887 1626 1030 1682 εστιν
1056 1627 1190 1681 ore")
1213 1633 1343 1683 Θεοῦ
1370 1622 1554 1704 φόϐος,
1595 1622 1767 1686 καθώς
1812 1644 1972 1701 φησιν

333 1714 361 1767 ὁ
392 1713 676 1791 Προφήτης
713 1729 729 1748 ⁸
766 1720 947 1795 Δεῦτε,
978 1713 1155 1789 τέκνα,
1203 1712 1458 1771 ἀκούσατέ
1512 1735 1634 1788 μου.
1666 1708 1836 1767 Φόϐον
1864 1721 1968 1768 Κυ-

330 1798 439 1879 ρίου
460 1797 655 1879 ,διδάξω
683 1802 817 1877 ὑμᾶς
829 1850 843 1865 ,

408 1877 488 1955 η’.
538 1898 635 1946 Δεῖ
661 1890 760 1959 τὴν
790 1891 889 1958 σὴν
939 1886 1211 1949 εὐλάϐειαν
1248 1891 1369 1956 τοὺς
1426 1894 1482 1947 ἓν
1536 1889 1848 1968 γυναικείοις
1881 1912 1975 1964 μο-

330 1980 632 2058 ναστηρίοις
662 1981 923 2059 ἠνῖεράν
980 1978 1285 2060 ὀφείλοντας
1353 1980 1640 2060 ἱερουργίαν
1684 1976 1967 2051 ἐπιτελεῖν,

332 2065 626 2145 γηραλέους
686 2081 825 2125 εῖναι
896 2068 1295 2147 προτρέπεσθαι,
1363 2069 1457 2125 καὶ
1499 2067 1775 2146 εὐνούχους
1810 2082 1824 2097 ⁸
1882 2065 1974 2122 Ἵνα

331 2155 409 2231 μὴ
478 2152 783 2235 διασύρηται
839 2159 874 2225 ἡ
918 2164 1023 2213 τῶν
1078 2156 1346 2236 παρθένων
1399 2156 1658 2233 ὐκόληψις
1701 2156 1802 2212 ὑπό
1869 2158 1972 2211 τῶν

328 2244 649 2324 αἱρουμένων
693 2242 1036 2324 διαλοιὼρεῖν
1065 2246 1185 2309 τοὺς
1215 2246 1462 2312 πλησίον.

409 2321 479 2394 θ’.
518 2340 614 2390 Δεῖ
643 2334 741 2401 τὴν
770 2334 871 2401 σὴν
919 2321 1189 2392 εὐλάϐειαν
1234 2333 1561 2391 ἐντέλλεσθαι
1620 2347 1736 2398 τοῖς
1800 2337 1967 2413 ἡγου-

335 2419 537 2500 μένοις,
566 2423 686 2487 τοὺς
742 2421 793 2479 ἐν
837 2423 1033 2502 ἑτέροις
1092 2432 1457 2502 μοναστηρίοις
1525 2423 1617 2488 τάς
1686 2444 1743 2479 τε
1773 2424 1967 2492 συνθή-

333 2531 431 2573 κας
487 2513 575 2566 καὶ
629 2510 983 2590 ἐξαγορεύσεις
1056 2513 1468 2588 ποιησαμένους»
1553 2511 1673 2568 ἄνευ
1750 2514 1968 2591 Vibii?"

332 2605 425 2653 τοῦ
482 2599 857 2678 ἀποκείραντος
945 2601 1021 2676 μὴ
1114 2599 1519 2681 προσδέχεσθαι,
1578 2600 1714 2657 ἀλλά
1770 2599 1969 2676 σπουδῇ⁸

329 2687 477 2764 πάσῃ
530 2692 822 2768 κεχρῆσθαι
865 2689 994 2767 πρὸς
1064 2691 1124 2745 τὸ
1179 2692 1371 2746 πείθειν
1428 2689 1613 2753 αὐτοὺς
1670 2692 1741 2752 εἰς
1771 2690 1870 2756 τὴν
1900 2690 1969 2744 οἶ-

326 2777 470 2831 κείαν
503 2776 878 2857 παλινδρομεῖν
908 2779 1098 2853 μονήν,
1158 2778 1289 2841 Τοὺς
1345 2777 1399 2834 δὲ
1467 2780 1620 2836 τοῦτο
1650 2778 1967 2857 παραλόγως

326 2863 773 2940 κατατολμῶντας
844 2878 1043 2940 ποιεῖν,
1103 2865 1350 2941 ἐπιτιμᾷν
1420 2868 1509 2923 καὶ
1554 2866 1834 2946 ἀφορίζειν,
1894 2870 1967 2932 ὡς

326 2951 493 3018 ἐξίσου
520 2966 637 3017 τοῖς
668 2951 1097 3032 ἀνδραποδισταῖς
1124 2955 1543 3033 ἁμαρτάνοντας.

410 3118 467 3192 ι’,
518 3138 615 3187 Δεῖ
640 3130 739 3198 τὴν
794 3132 894 3198 σὴν
950 3129 1219 3191 εὐλάϐειαν
1275 3145 1393 3198 τοῖς
1448 3133 1763 3211 ἡγουμένοις
1806 3156 1972 3211 πρασ-

330 3218 558 3293 τάττειν,
618 3225 726 3277 τῶν
834 3220 1273 3299 ὑποτεταγμένων
1369 3220 1674 3279 διακωλύειν
1764 3225 1857 3287 τὰς
1915 3223 1967 3278 ἐν

332 3320 455 3372 ταῖς
484 3307 670 3365 πόλεσι
726 3307 972 3389 προδους.
1046 3310 1220 3365 πᾶσάν
1274 3331 1332 3365 τε
1387 3311 1738 3389 προσπαθειαν
1767 3332 1965 3389 συγγε-

328 3402 431 3452 νῶν
460 3399 546 3453 καὶ
587 3398 775 3480 φίλων,
820 3399 915 3456 καὶ
958 3399 1051 3462 τὰς
1117 3397 1410 3477 λεγομένας
1458 3401 1754 3464 συντεκνίας
1785 3399 1965 3456 τέλεον

327 3483 601 3543 ἐκκόπτειν
635 3504 651 3520 ⁸
704 3488 779 3545 ἔτι
835 3510 896 3568 γε
946 3489 1053 3563 μὴν
1107 3490 1196 3544 καὶ
1253 3489 1346 3552 τὰς
1377 3489 1512 3563 μετὰ
1549 3496 1811 3567 γυναικῶν
1841 3487 1967 3545 διαί-

326 3595 421 3637 τας
462 3576 551 3631 καὶ
624 3576 955 3657 ἀναφύρσεις.
990 3578 1063 3635 Οὐ
1131 3578 1230 3657 γὰρ
1284 3575 1571 3650 μοναδικῆς
1623 3587 1783 3636 ταῦτα
1838 3582 1935 3635 καθ

326 3665 578 3733 εστήκασι
620 3664 814 3730 τάξεως
845 3664 1080 3741 σύμϐολα
1091 3714 1103 3727 .

412 3829 506 3901 ια’.
571 3849 666 3897 Δεῖ
694 3842 793 3909 τὴν
851 3843 948 3910 σὴν
1021 3841 1289 3905 εὐλάϐειαν
1360 3842 1670 3923 προτρέπειν
1739 3845 1962 3917 πάντας,

330 3931 596 3996 νηστείαις
626 3932 713 3986 καὶ
757 3928 965 4001 δεήσεσι
1017 3933 1153 3988 κατά
1197 3933 1315 3996 τοὺς
1366 3935 1647 4010 πατρικοὺς
1690 3935 1778 3991 καὶ
1806 3957 1966 3991 πνευ-

330 4020 586 4092 ματικοὺς
657 4020 846 4084 τύπους
916 4021 1220 4102 σχολάζειν,
1282 4024 1361 4099 μὴ
1425 4024 1517 4079 τὸν
1587 4022 1815 4103 χυδαῖον
1856 4026 1965 4101 βίον

327 4105 669 4182 μεταδιώκειν
704 4128 719 4143 ·
785 4112 937 4166 τοῦτο
993 4111 1089 4187 μὲν
1142 4112 1272 4191 ὑπὲρ
1326 4117 1422 4178 τῆς
1481 4113 1673 4185 αὐτῶν,
1733 4113 1968 4173 τοῦτοδὲ

323 4198 410 4252 καὶ
438 4197 569 4274 ὑπὲρ
613 4203 713 4265 τῆς
743 4205 834 4255 τοῦ
878 4206 1056 4257 κοινοῦ
1111 4200 1374 4278 σωτηρίας
1410 4215 1423 4229 ⁸
1455 4214 1575 4263 τοῖς
1633 4222 1689 4256 τε
1746 4201 1966 4259 ἐνδεέσιν

320 4286 422 4353 ὅση
481 4286 700 4365 δύναμις
757 4291 821 4345 τὰ
882 4288 1065 4347 δέοντα
1153 4290 1505 4369 εὐαγγελικὼς
1590 4291 1962 4372 ἐπιχορηγεῖν,

324 4377 396 4440 εἷς
428 4376 640 4434 πλείονα
694 4384 800 4434 τῶν
830 4380 1020 4459 ψυχῶδ
1077 4381 1247 4438 αὐτῶν
1299 4378 1566 4438 εὐόδωσεν,
1597 4402 1653 4436 τε
1696 4384 1782 4438 καὶ
1812 4404 1965 4462 περι-

324 4465 558 4532 ποίησιν,

410 4544 503 4633 ιβ’.
542 4566 637 4614 Δεῖ
665 4557 765 4623 τὴν
828 4556 926 4624 σὴν
985 4554 1254 4617 εὐλάϐειαν
1311 4555 1746 4637 διαμαρτύρασθαι
1791 4566 1970 4642 πςῐισιν⁷

329 4644 382 4700 οἵ
467 4645 881 4725 φροντιστηρίων
994 4644 1358 4720 ἐπιμελεῖσθαι
1440 4647 1743 4727 ἐτάχθησαν
1799 4650 1972 4729 ἱερῶν,

329 4743 421 4793 τοῦ
449 4736 527 4808 μὴ
584 4734 879 4813 ἀποκείρειν
938 4734 1206 4813 μοναχοὺς
1343 4736 1653 4814 μοναστρίας
1710 4738 1809 4813 πρὸ
1861 4760 1971 4815 τρι-

2063 544 2299 609 habitus
2331 549 2910 611 monasticicmtibus
2931 556 3343 629 aggregantur,
3390 564 3701 610 sacrosan—

2062 642 2220 697 ctum
2255 638 2598 717 psalterium
2630 639 2917 712 ediscant,
2952 657 3062 700 nec
3109 640 3343 700 illorum
3378 636 3705 699 infelicium

2066 742 2370 788 servorum
2405 728 2591 809 culpa:
2620 730 2763 789 fiant
2819 729 2891 790 ad
2943 728 3115 802 ﬁnes,
3171 746 3362 808 neque
3412 734 3602 787 totum
3648 724 3704 784 in

2063 831 2263 874 rerum
2298 817 2665 879 terrestrium
2725 818 3012 878 culturam
3050 816 3407 896 expendant,
3466 820 3708 894 propter

2062 898 2425 982 imperitiam
2482 906 2918 986 praefectorum,
2973 904 3065 967 vel
3120 903 3590 965 inobedientiam
3651 911 3707 963 et

2063 992 2396 1054 socordiam
2428 995 2826 1058 subditorum.

2142 1080 2201 1142 7.
2235 1081 2474 1145 Monere
2504 1092 2595 1145 tua
2621 1083 2951 1145 reverentia
2993 1082 3192 1158 debet,
3240 1089 3303 1143 ut
3330 1080 3574 1143 abbates
3603 1097 3707 1142 eos

2064 1170 2385 1233 monachos
2408 1172 2751 1254 perquirant
2777 1173 2877 1254 qui
2902 1172 3171 1235 ordinem
3197 1171 3503 1244 deserunt,
3531 1177 3705 1249 atque

2061 1256 2222 1336 ipsos
2254 1259 2325 1320 ad
2379 1260 2781 1323 obedientiam
2831 1280 2996 1323 suam
3057 1262 3382 1323 reducant:
3438 1259 3537 1340 qui
3592 1259 3705 1319 hoc

2058 1354 2335 1408 recusant
2357 1347 2575 1425 facere,
2602 1350 2901 1429 siquidem
2930 1368 2999 1411 ex
3044 1358 3204 1411 certa
3224 1350 3479 1420 ratione,
3506 1346 3565 1407 in
3587 1346 3702 1407 alia

2059 1434 2293 1495 tradant
2314 1438 2677 1500 mona~~teria
2696 1438 2987 1518 religiosis
3000 1437 3347 1519 quibusdam
3363 1434 3697 1515 abbatibus,

2058 1522 2158 1603 qui
2204 1522 2479 1587 timorem
2534 1525 2797 1587 divinum
2843 1527 3058 1587 docere
3113 1525 3359 1606 possint.
3416 1528 3565 1587 Nam
3594 1525 3697 1583 Dei

2058 1621 2251 1674 metus
2277 1614 2520 1677 omnino
2574 1616 2852 1696 quiddam
2880 1623 2969 1676 est
2990 1614 3305 1694 ejusmodi,
3358 1612 3514 1693 quod
3549 1613 3699 1673 tradi

2056 1700 2326 1763 docendo
2347 1704 2549 1784 possit,
2570 1703 3068 1785 quemadmodum
3097 1701 3275 1764 Vates
3306 1702 3385 1763 ait
3410 1720 3423 1765 ε
3450 1702 3695 1772 Adeste,

1995 1825 2035 1873 Β
2058 1789 2187 1865 filii,
2222 1791 2420 1853 audite
2445 1812 2574 1855 me:
2616 1794 2887 1855 timorem
2925 1793 3159 1856 Domini
3189 1792 3416 1854 docebo
3448 1807 3574 1852 vos.

2137 1882 2191 1943 8.
2224 1884 2449 1944 Auctor
2479 1902 2609 1943 esse
2638 1882 2971 1944 reverentia
3004 1891 3098 1942 tua
3120 1880 3319 1955 debet,
3347 1888 3410 1941 ut
3432 1879 3532 1960 qui
3555 1896 3690 1939 mu-

2056 1967 2305 2031 lieribus
2354 1971 2414 2032 in
2473 1972 2845 2033 monasteriis
2912 1990 3141 2032 sacram
3225 1969 3393 2031 obire
3472 1967 3698 2028 debent

2052 2056 2441 2135 functionem,
2477 2079 2652 2122 senes
2683 2061 2800 2122 sint
2858 2069 2915 2120 et
2944 2058 3225 2131 eunuchi,
3281 2076 3355 2119 ne
3405 2055 3695 2134 virginum

2058 2147 2410 2210 existimatio
2442 2149 2732 2211 laceretur
2763 2149 2834 2211 ab
2853 2149 2946 2225 iis,
2973 2149 3186 2229 quibus
3212 2147 3419 2226 volupe
3443 2153 3530 2207 est
3552 2161 3692 2224 pro-

2055 2237 2245 2297 ximos
2273 2237 2556 2299 conviciis
2589 2239 2991 2319 proscindere.

2135 2324 2192 2385 9.
2218 2324 2405 2387 Debet
2448 2336 2544 2388 tua
2586 2327 2921 2389 reverentia
2981 2324 3259 2386 mandare
3289 2321 3600 2385 abbatibus
3634 2329 3697 2380 ut

2055 2429 2178 2493 eos,
2213 2414 2313 2494 qui
2363 2415 2494 2476 aliis
2551 2416 2609 2476 in
2663 2415 3038 2477 monasteriis
3088 2421 3256 2492 pacta
3303 2420 3593 2473 conventa
3644 2422 3698 2470 et

2051 2501 2452 2564 confessiones
2480 2503 2749 2565 fecerunt
2799 2504 3024 2583 absque
3055 2501 3211 2563 illius
3241 2498 3557 2572 sententia,
3592 2497 3690 2577 qui

2051 2590 2295 2670 capillos
2351 2612 2554 2654 eorum
2632 2593 2911 2666 totondit,
2985 2610 3098 2653 non
3177 2589 3522 2651 admittant:
3583 2589 3686 2647 sed

2051 2698 2288 2741 omnem
2318 2682 2640 2744 adhibeant
2685 2682 3048 2762 diligentiam
3097 2689 3271 2760 atque
3310 2678 3595 2751 studium,
3629 2685 3691 2735 ut

2049 2771 2197 2851 ipsis
2223 2775 2643 2851 persuadeant,
2664 2794 2777 2856 quo
2802 2791 2969 2836 suam
2993 2773 3064 2834 ad
3090 2771 3455 2833 mansionem
3479 2788 3684 2830 recur-

2047 2875 2207 2925 rant.
2234 2864 2349 2927 Eos
2380 2868 2626 2948 veroqui
2658 2866 3170 2948 praeterrationem
3204 2862 3517 2925 admittere
3542 2861 3687 2922 tales

2048 2962 2289 3029 audent,
2325 2956 2533 3037 punies
2553 2965 2725 3037 atque
2775 2954 3141 3035 segregabis,
3194 2952 3372 3014 veluti
3424 2969 3530 3031 par
3560 2968 3691 3012 cum

2054 3041 2354 3123 plagiariis
2384 3046 2616 3108 crimen
2649 3046 3113 3107 committentes.

2136 3133 2233 3196 10.
2252 3132 2579 3197 Abbatibus
2595 3134 2930 3196 reverentia
2949 3140 3045 3194 tua
3063 3130 3386 3212 praecipere
3405 3127 3603 3207 debet,
3632 3137 3693 3189 ut

2051 3220 2166 3283 sibi
2196 3222 2566 3285 subditorum
2603 3242 2710 3303 per
2740 3222 2919 3284 urbes
2950 3222 3010 3282 in
3046 3219 3344 3300 publicum
3401 3218 3693 3297 prodeun-

2053 3310 2195 3373 tium
2216 3309 2724 3374 obambulationes
2758 3310 3135 3392 prohibeant,
3168 3316 3342 3388 atque
3372 3324 3609 3367 omnem
3632 3306 3688 3366 in

2051 3400 2137 3461 eis
2168 3417 2307 3479 erga
2334 3409 2613 3479 cognatos
2643 3410 2701 3462 et
2729 3400 2953 3462 amicos
3002 3396 3486 3478 propensionem.
3512 3412 3691 3475 quas-

2049 3506 2167 3569 que
2249 3488 2737 3569 compaternitate
2810 3495 3018 3548 vocant
3092 3492 3148 3546 et
3215 3483 3694 3545 eonversationes

2049 3584 2226 3656 atque
2281 3576 2619 3657 promiscua
2680 3595 2812 3637 cum
2892 3573 3240 3636 mulieribus
3307 3571 3734 3645 commercia,.

2050 3665 2287 3745 penitus
2320 3664 2664 3747 exstirpcnt.
2700 3664 2828 3727 Non
2878 3662 3037 3724 enim
3086 3663 3177 3723 ha:
3216 3660 3526 3722 monastici
3556 3670 3693 3721 sunt

2054 3754 2282 3817 ordinis
2313 3762 2571 3817 tessera}.
3736 3833 3739 3838 _

2136 3845 2159 3903 1
2184 3851 2205 3903 l
2247 3842 2557 3906 Exhortari
2577 3843 2907 3906 reverentia
2924 3850 3019 3903 tua
3034 3840 3211 3903 debet
3230 3838 3689 3919 omnes,utjeju-

2052 3931 2167 3993 niis
2192 3941 2363 4012 atque
2396 3932 3005 4013 precibussecundum
3022 3930 3265 4012 patritos
3282 3928 3693 4009 etspirttuales

2052 4021 2200 4082 ritus
2220 4032 2450 4103 vacent,
2483 4042 2600 4084 non
2624 4028 2752 4086 vita:
2781 4021 3036 4100 vulgaris
3068 4019 3309 4098 vestigia
3335 4027 3690 4099 sequantur:

2051 4109 2303 4170 alterum
2321 4119 2761 4191 proptersuam,
2786 4112 3036 4172 alterum
3053 4118 3290 4189 propter
3316 4126 3694 4167 communem

2049 4198 2302 4259 aliorum
2343 4200 2691 4262 utilitatem:
2742 4208 2919 4280 utque
2941 4215 3043 4279 pro
3088 4197 3335 4269 viribus,
3361 4196 3688 4258 secundum

2049 4286 2196 4349 illud
2232 4289 2634 4367 evangelicum
2654 4284 3459 4369 prmceptum,indigentibus
3492 4303 3687 4344 neces-

2048 4376 2203 4438 saria
2219 4378 2619 4457 suppeditent,
2646 4379 2716 4439 ad
2745 4377 3025 4456 majorem
3040 4376 3368 4436 animarum
3387 4372 3652 4452 prosperi
3666 4406 3689 4415 -

1990 4491 2033 4541 ι)
2057 4473 2234 4526 tatem
2268 4476 2326 4527 et
2355 4468 2836 4548 acquisitionem.

2149 4556 2216 4617 12
2257 4554 2442 4617 Debet
2464 4554 2897 4618 tuarevercntia
2923 4550 3243 4613 contestari
3260 4551 3329 4611 ad
3359 4552 3688 4626 universos,

2059 4642 2158 4721 qui
2182 4661 2488 4706 sacrorum
2522 4656 2580 4705 ut
2607 4643 3168 4725 phromisteriorum
3195 4656 3392 4700 curam
3414 4637 3690 4709 habeant,

2059 4732 2312 4794 ordinati
2343 4743 2501 4805 sunt,
2539 4753 2612 4795 ne
2644 4733 2966 4794 monachos
3023 4739 3121 4790 aut
3175 4728 3527 4787 monastrias
3556 4739 3692 4787 ante

328 4831 473 4887 ετοῦς
532 4822 867 4902 δοκιμασίας,
940 4824 1027 4877 καὶ
1109 4823 1227 4878 τότε
1323 4824 1617 4904 ἀποκείρειν
1700 4826 1818 4889 τοὺς
1876 4826 1969 4901 μὶν

2058 4821 2304 4882 triennii
2339 4823 2619 4885 tondeant
2670 4821 3175 4901 explorationem;
3226 4835 3340 4897 quo
3374 4816 3689 4896 praeterito,

322 4913 536 4992 ἄρρενας
615 4913 720 4968 ἀπὸ
816 4908 1341 4976 πεντεκαιδεκαετοῡς
1425 4914 1619 4993 χρόνου
1657 4933 1669 4947 ·
1760 4916 1854 4978 τὰς
1918 4913 1969 4970 δέ

2057 4929 2251 4972 mares
2273 4914 2512 4992 quidem
2532 4912 2966 4994 postdecimum
2993 4906 3691 4994 quintumaatatisannmn

319 5014 597 5080 γυναῖκας,
656 5002 762 5057 ἀπὸ
834 4998 1362 5065 ἐπτακαιδεκαετοῦς.
1445 5002 1608 5060 Τοῦτο
1695 5004 1793 5081 γὰρ
1850 5017 1969 5065 τοτς

2057 4998 2333 5061 tondeant
2360 5021 2372 5058 τ
2400 4993 2672 5075 feminas,
2704 5019 2844 5062 vero
2878 4995 3320 5080 postdecimum
3346 4993 3689 5073 septimum.

320 5102 601 5169 πατρικοῖς
654 5088 989 5147 διατυποῦται
1039 5093 1283 5165 θεσμοῖς.
1331 5093 1403 5149 Τὸ
1458 5093 1557 5171 γὰρ
1610 5092 1751 5170 παρὰ
1806 5098 1968 5147 ταῦτα

2057 5085 2178 5149 Hoc
2201 5090 2359 5151 enim
2392 5090 2619 5170 patritis
2650 5098 2738 5151 est
2758 5088 3054 5151 sancitum
3076 5083 3325 5164 legibus.
3354 5084 3501 5146 Nam
3534 5083 3690 5163 quod

326 5178 632 5258 γινομένον,
690 5181 1000 5260 συγχύσεως
1051 5180 1137 5235 καὶ
1192 5186 1445 5261 ταραχῶν
1497 5177 1815 5237 ὡσταπολλὰ
1870 5177 1968 5233 δεί-

2058 5186 2269 5256 praeter
2297 5180 2419 5240 haec
2449 5180 2577 5240 fieri
2599 5178 2905 5258 contingit,
2956 5175 3304 5256 plerumque
3325 5172 3692 5235 confusionis

322 5289 499 5326 κνυταο
534 5266 728 5326 α’ίτιον.

2057 5273 2111 5326 et
2136 5264 2437 5327 turbarum
2470 5286 2704 5329 causam
2738 5285 2868 5329 esse
2891 5272 3143 5327 constat.

408 5345 502 5437 ιγ’.
559 5366 656 5413 Δεῖ
696 5357 795 5425 τὴν
854 5357 952 5426 σὴν
1011 5353 1284 5415 εὐλαϐειαν
1338 5355 1501 5418 ἅπασι
1558 5369 1852 5437 ποραινεῖν,
1885 5361 1969 5423 οἷς

2142 5356 2236 5418 13.
2267 5355 2456 5418 Debet
2472 5355 2805 5418 reverentia
2829 5365 2926 5418 tua
2946 5350 3531 5424 monereuniversos,
3559 5350 3692 5431 qui-

1644 5522 1900 5589 VARI/E
1943 5521 2370 5592 LECTIONES.

399 5687 463 5737 72
503 5685 765 5751 διδακτός.
