4160 6212
288 278 445 343 1153

283 411 472 467 ελόντα
521 415 699 491 φᾶναι)
753 413 934 468 ἰκανὸν
1001 413 1119 489 περὶ

282 501 426 580 γίαν,
485 500 639 579 ε’ἔπερ
706 501 824 558 τινὰ
897 498 1096 579 ἕτερον,
1178 500 1449 567 ἀνατίθησι
1507 504 1595 558 καὶ
1663 505 1793 571 αὕτη
1862 509 1939 579 τῷ

286 589 494 666 ῥηθέντι
550 587 936 667 καθηγουμένῳ
1011 590 1111 656 τὴν
1179 590 1428 657 τοιαύτην
1511 589 1794 665 διακονίαν,
1854 591 1938 650 διὰ

284 687 377 736 τοῦ
427 681 685 759 παρόντος
756 683 920 747 αὐτῆς
978 679 1305 756 ἐντάλματος
1339 697 1354 713 ⁰
1416 679 1482 738 δι’
1532 683 1592 739 οὗ
1661 685 1746 741 καὶ
1796 682 1934 741 ἐνδι-

291 766 419 824 δωσι
478 770 646 844 τούτῳ
704 767 995 846 ἀνακρίνειν
1065 769 1186 832 τοὺς
1255 771 1714 850 προσερχομένους
1770 775 1932 847 αύτῷ,

291 860 378 915 καὶ
447 859 514 916 τὰ
570 859 624 914 ἐν
678 859 823 936 βάθει
879 859 1077 914 τούτων
1149 859 1360 938 ἐρευνᾷν
1441 859 1794 936 διανοήματα,
1850 864 1938 919 καὶ

295 948 388 1010 τὰς
432 947 644 1026 πράξεις
699 947 1143 1024 καταμανθάνειν,
1215 946 1295 1027 ἐφ’
1353 951 1398 1022 ᾦ
1453 951 1546 1012 τὰς
1615 950 1785 1030 ἀρχὰς
1841 951 1938 1026 μὲν

295 1039 382 1093 καί
409 1038 501 1101 τὰς
545 1037 712 1101 αἰτίας
739 1040 838 1112 (ὡς
870 1037 987 1094 οἷόν
1017 1034 1098 1114 τε)
1160 1035 1393 1094 σπεύδειν
1444 1041 1610 1113 ἱστᾷν,
1643 1043 1730 1096 καὶ
1757 1039 1936 1098 τέλεον

296 1125 611 1182 ἀνακόπτειν
650 1143 664 1156 ⁸
726 1129 791 1181 τὰ
845 1124 899 1181 δὲ
956 1124 1083 1192 τέλη
1164 1127 1250 1181 καὶ
1325 1125 1656 1205 ἐνεργήματα
1715 1129 1938 1186 εὒθύνειν

297 1221 612 1278 κανονικῶς.
673 1216 810 1294 Πρὸς
881 1214 972 1280 τὰς
1044 1213 1174 1280 ἕξεις
1246 1214 1445 1295 μέντοι,
1526 1219 1612 1272 καὶ
1661 1215 1938 1292 διαθέσεις,

299 1305 386 1360 καὶ
440 1304 533 1367 τὰς
603 1302 848 1380 δυνάμεις
893 1311 999 1360 τῶν
1054 1305 1518 1383 προσερχομένων,
1567 1307 1654 1362 καὶ
1707 1307 1938 1375 ποιότη-

298 1414 418 1465 τας,
497 1393 689 1472 ὀφείλει
762 1391 1038 1471 ἀναλόγως
1130 1391 1642 1470 μεταῤῥοθμίζεσθαι,
1701 1398 1787 1451 καὶ
1852 1398 1940 1474 γί-

301 1484 472 1536 νεσθαι
501 1494 618 1544 τοῖς
649 1488 778 1538 πᾶσι
826 1483 892 1538 τὰ
939 1482 1135 1555 πάντα,
1189 1489 1274 1538 νῦν
1334 1483 1431 1557 μὲν
1474 1481 1709 1563 ἐπέχων,
1771 1492 1858 1541 νῦν
1888 1483 1941 1540 δὲ

296 1569 477 1635 ἀνιείς.
543 1572 640 1627 Καὶ
709 1579 794 1627 νῦν
867 1570 963 1644 μὲν
1025 1584 1140 1635 τοῒς
1212 1571 1611 1649 αὖστηροτέροις
1668 1576 1945 1652 χρώμενος

1614 275 2188 345 ϐΒᾸζΟΟ-ΒΟΜΑΝ
2197 275 2304 340 UM
2315 326 2329 341 .

1210 412 1307 478 τὴν
1378 414 1626 480 τοιαύτην
1695 414 1934 495 λειτουρ-

2031 411 2216 488 decet;
2248 431 2316 474 ac
2346 412 2606 475 breviter
2626 415 2712 477 uti
2747 433 2846 476 res
2886 425 3234 497 exponatur,
3263 419 3408 481 adeo
3425 422 3657 483 muneri

3498 283 3652 350 1154

2021 501 2160 562 huic
2191 501 2491 576 idoneum,
2521 513 2581 564 ut
2604 505 2916 586 quisquam
2948 505 3098 566 alius
3132 525 3263 569 esse
3296 509 3478 588 possit
3505 533 3515 570 :
3538 520 3661 572 tra-

2019 589 2104 650 dit
2130 599 2188 651 et
2218 591 2344 670 ipsa
2376 593 2531 652 dicto
2559 593 2756 653 abbati
2780 593 3078 672 ejusmodi
3103 595 3528 672 ministerium,
3560 616 3665 677 per

2021 679 2133 740 hoc
2159 697 2421 760 praesens
2446 683 2782 743 mandatum
2815 703 3025 744 suum:
3066 703 3178 765 quo
3211 687 3386 746 etiam
3414 696 3664 767 potesta-

2019 774 2138 829 tcm
2167 768 2277 848 ipsi
2303 769 2446 831 lacit
2471 771 2850 833 examinandi
2882 791 3006 846 eos,
3035 773 3133 853 qui
3157 774 3226 835 ad
3259 775 3453 855 ipsqu
3485 795 3661 839 acce-

2019 855 2252 923 dunt.et
2281 860 2666 938 cogitationes
2700 860 2936 922 illorum
2969 860 3028 922 in
3063 863 3180 923 imo
3237 883 3479 926 recessu
3514 885 3657 946 per-

2019 947 2414 1029 scrutandi,et
2436 952 2704 1013 actiones
2719 952 3208 1029 cognoscendi;ut
3231 967 3352 1014 tum
3377 955 3666 1036 principia

2021 1043 2079 1094 et
2132 1054 2358 1111 causas,
2413 1050 2699 1118 quantum
2758 1041 2884 1120 ejus
2943 1039 3071 1102 fieri
3131 1042 3336 1121 possit,
3389 1043 3662 1106 inhibere

2019 1125 2277 1198 studeat,
2316 1145 2383 1188 ac
2409 1147 2651 1207 prorsus
2691 1146 3000 1192 resecare:
3031 1136 3150 1190 tum
3186 1132 3334 1193 ﬁnes
3367 1143 3420 1194 et
3455 1133 3663 1196 allecta

2020 1214 2346 1276 secundum
2382 1235 2642 1278 canones
2671 1223 2950 1294 corrigat.
2987 1218 3076 1278 Ad
3108 1218 3346 1281 habitus
3377 1229 3571 1282 tamen
3605 1231 3663 1282 et

2021 1300 2457 1394 dispositiones,
2493 1315 2548 1366 ct
2571 1307 2723 1366 vires
2741 1306 3180 1383 accedentium,
3225 1319 3282 1370 et
3320 1313 3654 1394 qualitates,

2021 1392 2473 1477 accommodare
2519 1413 2581 1455 se
2629 1397 2858 1457 ratione
2906 1395 3161 1477 quadam
3213 1399 3421 1460 harum
3465 1392 3663 1462 habita

2025 1476 2408 1560 debet,atque
2439 1483 2716 1544 omnibus
2749 1476 2948 1547 omnia
2979 1488 3107 1550 ﬁeri
3137 1505 3150 1550 :
3179 1506 3332 1548 nunc
3357 1488 3660 1563 inhibens,

2031 1584 2184 1627 nunc
2201 1573 2696 1633 remittensmunc
2719 1575 3142 1638 austerioribus
3161 1587 3333 1640 utens
3353 1578 3662 1656 remediis,

294 1661 402 1718 τῶν
459 1659 767 1738 φαρμάκων,
830 1669 913 1718 νῦν
967 1657 1021 1715 δὲ
1077 1661 1165 1715 καὶ
1205 1661 1266 1715 τὸ
1334 1658 1591 1737 γλυκάζον
1656 1683 1945 1742 συγκεραν-

2033 1674 2191 1716 nunc
2220 1657 2475 1738 aliquam
2502 1660 2876 1724 dulcedinem
2896 1665 3265 1728 admiscens:
3299 1666 3444 1727 alias
3465 1668 3659 1729 redar-

297 1750 408 1812 νύς,
446 1739 684 1805 ’Ἄλλοτε
713 1747 976 1828 ἐλέγχων,
1035 1747 1295 1822 ἐπιτιμῶν
1328 1767 1344 1782 ο
1391 1746 1580 1804 ἄλλοτε
1640 1749 1800 1806 πάλιν
1819 1739 1942 1808 ⁷πα·-

297 1837 564 1919 ρακαλῶν,
617 1838 867 1897 νουθετῶν
903 1855 918 1871 °
969 1838 1057 1894 καὶ
1112 1839 1267 1893 παντὶ
1335 1839 1514 1916 τρόπῳ
1557 1839 1623 1894 τὰ
1672 1841 1801 1918 πρὸς
1831 1862 1942 1896 σω-

299 1930 483 2004 τηρίαν
539 1934 644 1984 τῶν
705 1925 1067 2002 ἀνακειμένων
1121 1925 1262 2001 αὒτῷ
1329 1931 1521 2007 ψυχῶν
1576 1925 1942 2003 διοικονομού-

302 2038 486 2092 μενος.
534 2017 631 2073 Διὰ
657 2017 757 2094 γὰρ
786 2025 938 2073 τοῦτο
979 2018 1066 2071 καὶ
1121 2013 1267 2084 δήσει
1339 2015 1433 2091 μὲν
1465 2015 1519 2070 ἐν
1575 2030 1692 2079 τοῖς
1721 2016 1810 2073 ὑπ’
1841 2022 1942 2077 αὒ-

300 2109 391 2162 τὸν
422 2107 453 2161 ἃ
483 2103 714 2179 δεθῆναι,
775 2103 918 2161 λύσει
976 2101 1029 2158 δὲ
1099 2104 1240 2168 αὖθις
1305 2106 1368 2160 τὰ
1425 2103 1622 2170 λύσεως
1653 2104 1769 2172 ἄξια
1807 2121 1823 2138 ⁶
1856 2110 1942 2164 καὶ

301 2197 422 2259 τοὺς
465 2205 554 2253 τοῦ
606 2190 730 2270 τῇδε
799 2193 914 2249 ϐίου
967 2193 1376 2268 μεθισταμένους
1447 2194 1538 2250 σὺν
1598 2195 1778 2275 ἀφέσει
1837 2203 1940 2252 τῶν

299 2282 664 2358 ἐπταισμένων
717 2284 790 2348 εἰς
839 2283 906 2337 τα
995 2280 1169 2337 ἐκεῖσε
1255 2283 1599 2360 παραπέμψει
1663 2281 1945 2355 δικαιωτή-

305 2373 442 2450 ρεία.
501 2371 878 2451 Ἐκχωρουμεν
975 2368 1029 2426 δὲ
1076 2372 1245 2444 τούτῳ
1339 2371 1610 2449 ἀποκιρειν
1681 2375 1766 2428 καὶ
1822 2375 1941 2438 τοὺς

301 2467 454 2516 τοῦτο
505 2459 836 2538 αἱρουμένους
903 2459 957 2516 ἐν
1013 2467 1082 2536 τῇ
1151 2466 1263 2536 ζωῇ
1332 2459 1523 2539 αὔτων,
1584 2461 1694 2516 εἴτε
1749 2464 1835 2519 καὶ
1889 2463 1944 2518 ἐν

302 2563 426 2614 ταῖς
455 2547 775 2613 τελευταίαις
807 2548 1128 2613 ἀναπνοσατς
1162 2564 1175 2578 ’
1239 2549 1372 2624 μετὰ
1409 2551 1777 2628 συντηρήσεως
1808 2551 1942 2627 μέν-

304 2660 384 2694 τοι
465 2643 568 2693 τών
638 2637 1104 2716 παρατηρημὰτων
1168 2643 1261 2693 τοῦ
1319 2646 1614 2716 μοναχικοῦ
1683 2639 1942 2718 ἐπαγγέλ-

307 2748 498 2801 ματος,
531 2730 630 2792 τῆς
683 2747 740 2781 τε
789 2723 991 2793 δηλαδὴ
1049 2729 1276 2805 καθαρᾶς
1346 2725 1801 2805 ἐξομολογήσεως,
1834 2735 1939 2786 τῶν

305 2815 590 2893 ἆποταγῶν
664 2837 745 2890 τε,
823 2817 911 2871 καὶ
997 2821 1290 2894 συνταγῶν,
1358 2817 1445 2872 καὶ
1513 2817 1608 2884 τῆς
1652 2819 1782 2896 πρὸς
1853 2821 1946 2875 τὸν

2030 1745 2606 1828 guens,increpans;
2637 1751 2785 1812 alias
2815 1771 3050 1815 rursum
3083 1753 3426 1830 obsecrans,
3463 1755 3667 1818 admo-

2025 1852 2175 1924 nens
2201 1852 2212 1897 :
2241 1837 2403 1898 omni
2433 1839 2692 1919 denique
2727 1841 2900 1902 modo
2933 1843 3284 1924 dispensans
3313 1863 3403 1917 ea,
3433 1863 3565 1922 quae
3590 1846 3662 1906 ad

2025 1922 2273 1986 salutem
2292 1925 2791 1991 animarumrura:
2813 1948 2934 1992 suae
2951 1922 3310 1996 creditarum
3341 1932 3659 2012 pertinent.

2025 2013 2172 2101 Nam
2207 2023 2515 2094 propterea
2537 2016 3193 2095 ligabitintersubditos
3223 2021 3504 2101 sibi,quae
3524 2020 3665 2100 liga-

2027 2100 2120 2174 ri;
2169 2119 2523 2183 rursumque.
2572 2109 2778 2180 solvet,
2833 2126 2964 2188 qua;
3012 2109 3157 2169 solvi
3228 2100 3572 2170 merentur:
3603 2119 3661 2171 et

2026 2188 2344 2280 migrantes
2375 2211 2443 2252 ex
2463 2193 2571 2254 hac
2589 2193 2863 2263 vita,cum
2892 2196 3245 2258 remissione
3278 2197 3658 2280 delictorum,

2025 2277 2097 2337 ad
2127 2277 2372 2340 alterius
2403 2281 2532 2343 vitae
2557 2281 2868 2345 tribunalia
2899 2285 3176 2348 dimittet.
3208 2285 3416 2346 Eidem
3450 2277 3660 2348 conce-l

2027 2365 2243 2449 dimus,
2273 2378 2334 2428 ut
2377 2369 2491 2430 illis
2525 2380 2822 2433 tonsuram
2867 2373 3258 2452 impertiatur,
3292 2373 3392 2454 qui
3419 2392 3547 2434 eam
3570 2375 3658 2435 vel

2024 2455 2086 2515 in
2111 2457 2223 2516 vita
2247 2476 2374 2533 sua,
2404 2462 2489 2521 vel
2526 2461 2698 2522 etiam
2735 2463 2793 2522 in
2835 2463 3116 2524 extremis
3163 2463 3662 2543 respirationibus

2027 2554 2341 2625 expetunt:
2380 2547 2456 2607 ita
2491 2556 2708 2630 tamen,
2741 2550 3266 2612 utobservationes
3301 2552 3663 2614 monachica:

2026 2633 2406 2715 professionis
2437 2656 2553 2697 non
2587 2640 2953 2715 omittantur;
2975 2638 3410 2719 puranimirum
3425 2641 3664 2703 confes-

2026 2722 2138 2796 sio,
2167 2723 2611 2805 valedictiones,
2647 2727 3078 2807 cooptationes,
3122 2736 3180 2792 et
3212 2727 3544 2808 depositum
3578 2729 3655 2790 il-

2027 2811 2165 2891 lius,
2199 2811 2298 2892 qui
2331 2814 2626 2887 tondetur,
2676 2816 2746 2876 ad
2793 2824 3232 2895 susceptorem.
3267 2815 3468 2896 Itaque
3508 2836 3663 2897 prae-

305 2904 570 2984 ἀνάδοχον
641 2905 1086 2983 παρακαταθήκης
1167 2911 1258 2962 τοῦ
1341 2905 1773 2983 ἀποκειρομένου,
1850 2910 1945 2965 Καὶ

2031 2900 2300 2963 sentibus
2314 2902 2477 2964 hisce
2499 2903 2712 2965 litteris
2744 2904 3168 2966 mediocritatis
3189 2912 3423 2976 nostra},
3453 2905 3667 2983 quibus

306 2992 474 3048 τοίνυν
527 2993 806 3070 προσέσται
861 2999 938 3066 τῷ
1016 2990 1345 3073 διαληφθέντι
1409 2993 1792 3071 καθηγουμένῳ
1852 3005 1945 3052 Δο-

2031 2989 2288 3052 mandati
2335 2991 2589 3053 formula
2634 2994 2989 3073 continetur,
3023 2994 3263 3071 majoris
3292 2994 3665 3056 certitudinis

309 3080 465 3156 σιθέῳ
494 3082 555 3136 τὸ
594 3081 758 3160 παρὸν
811 3079 1146 3157 ὲνταλτήριον
1202 3103 1422 3160 γραμμα
1489 3086 1587 3151 τῆς
1642 3083 1797 3157 ἡμῶν
1844 3106 1944 3161 με-

316 3170 593 3248 τριότητος
623 3171 695 3234 εἰς
725 3168 1035 3250 ἀσφάλειαν.

501 3293 525 3329 ιι
578 3262 865 3350 ’Ἐνταλμα
893 3270 1160 3348 διδόμενον
1204 3272 1323 3338 τοῖς
1351 3274 1688 3352 ἡγούμενοις.
1727 3297 1752 3333 ι

392 3366 450 3434 Ὀ
520 3383 625 3432 τῶν
696 3373 1028 3442 Ἐκκλησιῶν
1095 3372 1429 3456 διδάσκαλος,
1515 3379 1542 3432 ὁ
1610 3375 1710 3440 ἕως
1776 3399 1952 3457 τριτου

309 3468 526 3545 ούρανοῦ
579 3463 950 3546 ἀναϐεϐηκὼς,
1021 3466 1108 3521 καὶ
1165 3465 1393 3530 ἀκούσας
1462 3464 1658 3544 ἅῤῥητα
1713 3467 1947 3544 ῥήματα,

309 3555 551 3616 κάκεῖθεν
578 3555 904 3634 ἀρυσάμενος
953 3555 1040 3611 καὶ
1094 3553 1299 3633 ἐκχέων
1354 3555 1424 3618 εἷς
1495 3556 1664 3611 πάντα
1707 3557 1772 3612 τὰ
1829 3555 1951 3623 ἔθνη

311 3645 412 3713 τὴν
467 3646 608 3701 θείαν
663 3642 994 3700 διδασκαλίαν
1065 3649 1156 3699 τοῦ
1211 3643 1358 3720 ἁγίου
1427 3643 1768 3722 Εὖαγγελίου,
1818 3646 1949 3724 πρὸς

309 3735 402 3788 τὸν
434 3733 583 3811 ἅγιον
637 3742 792 3790 Τιτον
841 3731 1078 3813 γράφων,
1134 3730 1298 3796 οὕτως
1368 3730 1469 3812 ἔφη
1504 3749 1518 3762 ’
1601 3733 1952 3800 Κατάστησον

311 3821 428 3878 καθ’
500 3822 730 3889 ἑκάστην
799 3818 1116 3888 Ἐκκλησίαν
1169 3818 1545 3900 πρεσϐυτέρους
1621 3824 1708 3878 καὶ
1777 3823 1948 3900 ἡγου-

311 3910 525 3986 μένους,
558 3912 632 3974 ὡς
682 3910 789 3988 ἐγώ
831 3931 912 3966 σοι
955 3907 1282 3985 διεταξάμεν.
1329 3911 1504 3987 Ταύτῃ
1554 3912 1640 3967 οὖν
1682 3917 1752 3988 τῇ
1802 3909 1950 3968 διδα-

313 3998 505 4074 σκαλίᾳ
555 3998 973 4056 ἒπακολουθοῦσα
1041 4000 1076 4068 ἡ
1133 4000 1291 4076 ἡμῶν
1334 3999 1642 4076 μετριότης,
1724 4021 1952 4080 προχει-

310 4091 502 4168 ρίζεται
529 4089 630 4156 τὴν
657 4087 926 4146 εὐλάϐειαν
993 4089 1139 4165 ὑμῶν
1188 4090 1260 4153 εἷς
1317 4089 1380 4144 τὸ
1435 4088 1710 4167 εἰρημένον
1769 4089 1953 4166 εὐαγὲς

315 4178 694 4259 μοναστήριον,
751 4179 840 4235 καὶ
920 4178 1209 4258 ἐπικρατῆς
1266 4177 1422 4236 αὐτοῦ
1476 4179 1654 4256 γενοῦ,
1716 4177 1828 4253 ἅμα
1857 4177 1955 4234 καὶ

313 4267 525 4324 πάντων
601 4272 708 4324 τῶν
789 4265 1034 4323 ἀνέκαθεν
1117 4264 1508 4341 δικαιωμάτων,
1593 4271 1759 4323 ποιῶν
1828 4273 1956 4322 πᾶσι

313 4355 413 4424 τήν
470 4353 734 4436 φροντίδα,
805 4357 891 4412 καὶ
949 4355 1048 4422 τὴν
1100 4353 1358 4422 διοίκηστν
1423 4365 1517 4414 τοῦ
1583 4359 1740 4414 αὖτοῦ
1783 4377 1956 4430 μονα-

314 4444 528 4524 στηρίου
567 4463 583 4478 ⁸
628 4449 812 4523 πρῶτα
862 4445 960 4520 μὲν
1007 4443 1104 4511 τὴν
1163 4446 1360 4514 συνήθη
1413 4441 1712 4521 δοξολογίαν
1739 4443 1828 4500 καὶ
1859 4442 1956 4499 αἵ-

315 4555 456 4590 νεσιν
510 4533 838 4610 ἀναπέμπων
895 4535 1065 4614 Κυρίῳ
1118 4541 1194 4608 τῷ
1281 4538 1396 4606 Θεῷ
1445 4535 1600 4608 ἡμῶν
1658 4533 1792 4608 μετὰ
1852 4537 1958 4588 τῶν

311 4623 751 4703 ὑποτεταγμένων
798 4629 1080 4703 μοναχῶν,
1137 4620 1338 4702 ὄρθρον,
1409 4623 1496 4678 καὶ
1560 4618 1843 4701 λοχηηπ
1868 4622 1956 4678 καὶ

310 4713 403 4776 τὰς
461 4711 791 4792 ἁρμοζούσας
833 4713 996 4792 ὥρας.
1061 4710 1166 4770 Εἶθ’
1239 4711 1404 4774 οὕτως
1474 4712 1560 4766 καὶ
1602 4710 1956 4791 φωταγωγίαν

308 4801 408 4869 τὴν
431 4805 814 4882 αὖταρκοῦσαν,
844 4803 932 4858 καί
989 4800 1041 4856 εἴ
1096 4824 1146 4857 τι
1210 4799 1257 4857 δ’
1300 4801 1362 4857 ἃν
1404 4798 1674 4867 ἐπιδέηται
1705 4801 1734 4855 ὁ
1764 4799 1957 4877 εύαγῆς

309 4891 451 4954 οἰκος
535 4893 608 4955 εἷς
667 4890 1020 4969 ἐπανόρθωσιν
1089 4891 1392 4967 κτισμάτων
1449 4890 1537 4947 καὶ
1595 4887 1783 4955 ἑτέρων
1827 4910 1959 4967 πρα-

309 4979 552 5056 γμάτων.
588 4969 740 5046 ’Ἠδη
768 4979 867 5057 γὰρ
918 4984 1092 5035 πᾶσαν
1143 4977 1384 5059 φροντίδα
1455 4976 1801 5052 ἆνατιθὲμεθὰ
1845 4998 1952 5051 σοι,

309 5069 383 5129 ὡς
416 5066 673 5147 ὀφείλοντι
701 5069 912 5125 πάντων
939 5072 1278 5148 προνοεῖσθαι
1322 5066 1596 5144 ἐμμελῶς.

2031 3097 2206 3141 causa
2237 3079 2430 3142 dictus
2460 3080 2641 3142 abbas
2675 3082 2990 3144 Dositheus
3019 3088 3237 3144 utetur.

2109 3270 2488 3352 Mandatum,
2520 3274 2674 3352 quod
2705 3271 3016 3334 abbatibus
3042 3270 3350 3351 prioribus
3379 3271 3583 3334 datur.

2111 3371 2512 3434 Ecclesiaruin
2545 3375 2644 3436 ile
2676 3375 2902 3447 doctor,
2945 3373 3046 3454 qui
3094 3372 3165 3434 ad
3212 3373 3450 3434 tertium
3481 3392 3671 3454 usque

2033 3461 2248 3522 malum
2280 3461 2572 3543 ascendit,
2599 3471 2656 3524 et
2684 3462 2903 3524 audivit
2925 3461 3248 3523 ineffabilia
3268 3460 3470 3534 verba,
3496 3470 3671 3543 atque

2033 3549 2173 3610 hinc
2203 3549 2458 3612 divinam
2500 3551 2688 3612 sancti
2728 3550 3024 3630 Evangelii
3069 3549 3398 3611 doctrinam
3449 3550 3665 3628 hausit,

2034 3657 2207 3718 quam
2235 3638 2293 3699 in
2325 3657 2535 3700 omnes
2564 3647 2770 3718 gentes
2800 3638 3029 3719 eﬂ‘udit,
3062 3639 3132 3700 ad
3169 3645 3438 3699 sanctum
3468 3637 3663 3699 Titum

2033 3726 2328 3804 scribens,
2363 3727 2488 3789 haec
2517 3727 2699 3790 verba
2752 3728 2945 3809 posuit
2978 3751 2994 3805 ;
3028 3727 3381 3791 Constituito
3411 3725 3674 3808 qualibet

2033 3815 2095 3877 in
2123 3817 2374 3879 ecclesia
2395 3817 2770 3898 presbyteros
2784 3818 3418 3898 etprazsules,quemad
3429 3816 3560 3878 mod
3571 3835 3670 3878 um

2035 3925 2144 3982 ego
2198 3905 2302 3967 tibi
2350 3909 2627 3988 praecepi.
2674 3909 2836 3969 Hanc
2885 3925 3025 3985 ergo
3058 3905 3387 3968 doctrinam
3417 3924 3673 3987 sequens

2036 3994 2416 4056 mediocritas
2448 4011 2652 4059 nostra
2678 3997 2828 4078 (53),
2855 3995 3119 4078 praefecit
3149 3994 3544 4058 reverentiam
3567 4013 3671 4057 ve-

2035 4091 2215 4144 stram
2241 4082 2500 4146 indicato
2521 4085 2798 4164 religioso
2829 4083 3192 4147 monasterio
3219 4105 3232 4142 :
3259 4083 3428 4164 cujus
3449 4091 3508 4144 tu
3541 4101 3677 4164 pos-

2041 4172 2369 4234 sessionem
2436 4173 2709 4254 accipito,
2769 4193 2903 4236 cum
2964 4173 3241 4236 omnibus
3298 4171 3676 4252 superiorum

2041 4268 2407 4340 temporums
2427 4262 2688 4342 juribus;
2721 4281 2924 4325 curam
2947 4281 3080 4324 cum
3105 4261 3352 4322 aliorum
3380 4260 3670 4337 omnium,

2043 4357 2165 4410 tum
2205 4351 2739 4413 administrationis
2780 4351 3046 4430 ejusdem
3090 4348 3430 4410 monasterii
3455 4348 3541 4408 sic
3563 4365 3674 4427 ge-

2039 4447 2274 4513 rens,ut
2303 4441 2557 4520 primum
2591 4450 2930 4502 consuetam
2964 4435 3423 4501 celebrationem
3455 4454 3523 4496 ac
3543 4435 3675 4496 lau-

2040 4528 2176 4587 dem
2197 4525 2446 4590 Domino
2476 4536 2591 4592 er
2624 4537 2826 4590 nostro
2857 4543 3090 4588 sursum
3126 4523 3345 4604 mittas,
3385 4540 3501 4583 una
3542 4541 3676 4583 cum

2039 4614 2325 4694 subjectis
2357 4616 2463 4678 tibi
2497 4617 2825 4690 monachis,
2853 4622 2965 4674 tam
2993 4629 3190 4687 mane,
3221 4629 3396 4691 quam
3419 4610 3674 4692 vesperi,

2039 4706 2300 4769 lucernis
2329 4709 2622 4790 accensis,
2678 4707 2927 4787 aliisque
2957 4703 3436 4783 competentibus
3474 4703 3678 4780 horis;

2039 4794 2261 4859 deinde
2293 4806 2574 4878 quantum
2597 4797 2740 4860 satis
2771 4804 2861 4856 est
2889 4792 3271 4854 luminarium
3305 4801 3682 4873 procures,et

2040 4884 2088 4946 si
2132 4885 2273 4965 quid
2308 4887 2606 4966 religiosae
2633 4883 2836 4948 domui
2867 4901 3016 4963 Opus
3045 4882 3160 4943 erit
3187 4882 3258 4942 ad
3293 4881 3676 4943 refectionem

2039 4975 2426 5039 azdiiiciorum
2459 4977 2824 5056 aliarumque
2855 4990 3076 5035 rerum.
3104 4970 3352 5036 Omnem
3383 4971 3540 5033 enim
3565 4970 3679 5032 sol~

2038 5062 2410 5126 licitudinem
2445 5066 2550 5128 tibi
2579 5084 2734 5127 nunc
2765 5061 3152 5144 imponimus,
3185 5059 3271 5122 uti
3291 5060 3395 5140 qui
3429 5058 3681 5133 diligen-

2035 5159 2126 5213 ter
2154 5153 2450 5216 universis
2480 5153 2823 5236 prospicere
2853 5151 3098 5217 debeas.

1634 5317 1888 5384 VARLE
1929 5319 2379 5387 LECTIONES.

391 5400 456 5452 74
479 5399 834 5486 λυχνοκαῒαν.

1881 5535 2106 5607 NOTAE

392 5619 524 5703 (53)
558 5618 755 5684 Verba
783 5620 1132 5702 patriarchae
