4160 6212
528 321 679 385 1155
910 340 913 341 ⁷
1888 314 2020 376 JUS
2058 315 2145 377 CA

2227 313 2504 378 )NICUM
3726 314 3866 380 1156

600 451 962 515 Faciendum
998 448 1251 511 maximo
1282 445 1386 511 tibi
1420 446 1642 520 studio,
1674 464 1749 506 ne
1781 443 1881 526 qui
1914 445 2145 507 tonden-

2326 446 2454 502 Δέον
2514 468 2573 503 σε
2629 446 2682 503 ἐν
2734 445 3009 522 ἐπιμελείᾳ
3064 448 3287 527 μεγίστῃ
3355 448 3443 504 καὶ
3497 455 3649 505 τοῦτο
3697 449 3873 506 ποιεῖ-

524 552 637 618 tur,
676 543 735 603 in
781 541 896 603 alia
948 538 1213 620 quamvis
1262 537 1604 599 monasterii
1656 535 1957 597 functione
2002 535 2145 614 prius

2243 538 2358 591 σθαι
2389 534 2524 591 ὥστε
2576 536 2697 600 τοὺς
2757 535 3198 615 ἀποκειρομένους
3257 539 3333 613 μή
3390 534 3641 615 πρότερον
3693 537 3749 592 ἐν
3776 537 3874 593 ἐτέ-

520 640 852 704 versentur,
904 628 1045 689 licet
1100 627 1171 688 ad
1228 626 1481 706 aliquam
1546 625 1753 685 harum
1787 623 1990 685 idonei
2020 623 2145 698 sint,

2244 645 2306 701 ρᾳ
2336 622 2681 696 οἰᾳδηποτοῦν
2712 630 2811 692 τῆς
2870 631 3040 701 μονῆς
3099 624 3340 705 ἀπασχο)
3354 625 3435 682 ἐϊν
3491 623 3747 708 διακονίᾳ,
3790 628 3875 681 κᾶν

521 740 696 801 quam
730 728 889 781 recte
921 712 1261 798 psalterium
1297 714 1677 790 edidicerint,
1712 731 1829 773 una
1860 731 1991 773 cum
2024 712 2145 772 uni-

2242 709 2419 777 δεξιῶς
2475 716 2606 791 πρὸς
2664 735 2780 768 τινα
2848 720 2952 771 τῶν
3001 715 3247 772 τοιούτων
3305 712 3494 794 ἔχωσι,
3568 717 3687 794 πρὶν
3738 717 3796 771 ἂν
3822 717 3876 770 τὸ

518 799 686 871 versa
719 807 948 887 reliqua
977 804 1132 867 serie
1158 822 1357 865 rerum
1385 820 1760 882 earum,quas
1788 800 1937 862 citra
1954 818 2145 879 excep-

2241 799 2530 880 ψαλτήριον
2588 800 2766 865 καλῶς
2851 802 3138 879 ἐκμάθωσι,
3202 802 3299 860 καί
3352 803 3451 870 τὴν
3495 802 3693 871 λοιπὴν
3751 803 3875 860 ἄπα-

519 899 739 959 tionem
760 904 817 958 et
848 894 1291 956 excusationem
1326 891 1481 952 scire
1508 891 1778 971 quemvis
1801 890 2145 950 monachum

2238 911 2335 944 σαν
2392 890 2722 964 ἀκολουθίαν,
2807 890 2875 959 ἢν
2956 893 3223 970 προσῆκόν
3309 890 3450 947 ἐστιν
3506 891 3869 972 ἀπαραιτήτως

518 986 822 1055 convenit;
858 994 916 1046 et
945 1000 1190 1064 quarum
1238 999 1371 1042 cum
1440 978 1813 1059 ignoratione
1864 998 1981 1039 non
2032 977 2145 1039 exi-

2240 980 2392 1034 παντὶ
2421 986 2647 1059 μοναχῷ
2717 977 3096 1057 ἐξεπίστασθαι,
3142 982 3210 1047 ἧς
3264 988 3333 1058 τῇ
3360 981 3541 1058 ἀγνοίᾳ
3603 984 3664 1039 οὗ
3692 984 3868 1059 μικρός

517 1098 695 1158 guum
742 1077 935 1139 ordini
992 1074 1253 1136 solitario
1329 1073 1657 1154 periculum
1721 1080 1810 1133 est
1866 1071 2155 1151 conjunc-

522 1178 668 1230 tum.

603 1260 890 1318 Prmterea
922 1254 1160 1316 selectis
1192 1250 1545 1333 quibusdam
1596 1250 1704 1311 sub
1752 1258 1806 1310 te
1850 1247 2154 1310 monachis

520 1347 830 1409 universos
904 1340 1251 1403 monasterii
1305 1340 1532 1402 reditus
1587 1350 1645 1400 et
1702 1356 1991 1419 expensas
2051 1355 2156 1417 per

517 1435 870 1515 scripturam
907 1441 1073 1492 notas
1102 1433 1294 1492 facere
1325 1428 1528 1506 debes,
1559 1436 1617 1489 et
1650 1430 1725 1490 ita
1755 1427 2028 1488 subditos
2049 1426 2150 1487 tibi

516 1522 812 1586 solitarios
864 1539 1069 1581 omnes
1109 1519 1168 1579 in
1220 1517 1413 1579 ofﬁcio
1465 1517 1792 1578 continere.
1832 1516 2060 1576 nullum
2092 1523 2157 1576 ut

518 1612 813 1694 peculium
846 1608 1139 1671 habeant:
1175 1626 1244 1669 ac
1268 1606 1454 1669 robur
1484 1606 1645 1667 dabit
1676 1606 1836 1668 vobis
1867 1605 2154 1669 Dominus

516 1703 696 1776 Deus,
717 1698 818 1781 qui
839 1716 1045 1760 omnes
1066 1696 1337 1759 homines
1360 1696 1549 1756 salvos
1567 1713 1697 1756 esse
1720 1695 1860 1770 vult,
1886 1703 1949 1754 ut
1973 1712 2153 1774 Opera

516 1791 811 1870 religiosa,
849 1795 905 1849 et
937 1787 1044 1870 ipsi
1069 1794 1234 1864 grata
1254 1784 1501 1864 faciatis,
1535 1803 1653 1846 una
1676 1804 1810 1846 cum
1838 1784 2148 1859 universis,

516 1881 619 1962 qui
675 1877 980 1940 vobiscum
1036 1883 1172 1936 sunt
1228 1872 1531 1936 fratribus.
1586 1873 1927 1934 Memineris
1974 1871 2149 1933 etiam

513 1960 836 2050 pauperum
861 1966 1102 2027 fratrum
1139 1972 1499 2036 nostrorum,
1531 1970 1588 2023 et
1618 1980 1750 2024 cum
1784 1961 2060 2034 universa
2090 1960 2150 2022 in

512 2057 744 2122 Christo
773 2053 1141 2117 fraternitate
1172 2071 1276 2135 pro
1309 2050 1480 2112 nobis
1512 2069 1722 2131 preces
1748 2050 1997 2111 fundito.

512 2242 760 2302 Litterae
787 2234 1320 2315 commemtutitiw,
1342 2249 1473 2312 qua:
1502 2250 1539 2294 α
1555 2233 1917 2313 patriarcha
1950 2232 2146 2315 Cons-

551 2318 1077 2397 tantinopolitano,
1112 2311 1317 2376 recens
1351 2311 1667 2394 ordinato,
1699 2315 1861 2375 mitti
1889 2311 2102 2375 solent.

586 2499 875 2572 Quoniam
893 2505 1168 2559 statutum
1186 2497 1656 2559 ecclesiasticum
1674 2493 1947 2566 obtinuit,
1967 2504 2030 2558 ut
2046 2494 2148 2575 qui

508 2606 722 2650 recens
771 2606 904 2647 cum
956 2586 1239 2664 dignitate
1286 2584 1657 2666 patriaruhali
1698 2584 1885 2645 evecti
1913 2583 2145 2645 suntad

511 2677 790 2738 thronum
822 2674 1384 2754 Constantinopolis,
1409 2673 1744 2735 ethabenas
1774 2672 2147 2734 administra-

512 2764 687 2827 tionis
717 2782 898 2825 sacrm
929 2761 1042 2823 sibi
1080 2771 1487 2842 sumpserunt,
1533 2761 1749 2841 popqu
1792 2761 2028 2822 Domini
2060 2762 2146 2822 eis

506 2851 1021 2931 commisso,prius
1033 2851 1252 2911 ornatis
1268 2848 1579 2929 pastoricia
1592 2848 1878 2927 dignitate
1901 2849 2145 2928 patriar~

505 2942 634 3004 chis
667 2959 770 3022 per
802 2940 1050 3015 litteras,
1074 2940 1147 2999 de
1178 2938 1357 3000 rectis
1383 2937 1756 3015 dogmatibus
1785 2938 2142 3016 significent.

505 3046 788 3134 tanquam.
832 3032 1302 3135 exploratoribus
1334 3041 1397 3135 et
1430 3030 1688 3135 arbitris.
1710 3029 1968 3135 probatae
2006 3032 2145 3131 ﬁdei
2163 3083 2204 3135 ο

505 3143 652 3199 suae;
684 3132 748 3184 ut
774 3122 914 3183 inde
950 3121 1206 3183 societas
1231 3121 1500 3201 ejusdem
1525 3116 1827 3196 religionis
1859 3118 2145 3182 illustrius

503 3214 767 3284 elucens,
790 3210 1273 3292 conjunctionem
1294 3210 1353 3271 in
1380 3212 1498 3272 Deo
1518 3207 1877 3272 strictiorem
1902 3210 2144 3285 efﬁciat;

502 3311 731 3384 patrum
765 3300 1185 3364 consuetudini
1217 3309 1515 3380 parentes,
1541 3299 1770 3375 litteras
1791 3298 1970 3361 hasce
1988 3318 2143 3361 com-

504 3393 875 3455 mendatitias
906 3409 1242 3466 exaramus,
1274 3409 1406 3469 quae
1438 3386 1816 3468 compedium
1848 3388 2141 3469 quoddam

502 3490 616 3542 tam
655 3489 798 3544 actae
826 3500 861 3543 a
891 3480 1059 3542 nobis
1092 3479 1246 3556 vitaz,
1280 3497 1453 3560 quam
1486 3476 1796 3540 sententiae
1825 3476 1899 3539 de
1928 3477 2142 3540 doctri-

501 3590 577 3633 na
602 3579 838 3648 nostraa,
872 3569 1237 3633 contineant.

581 3748 828 3828 Majores
860 3747 1029 3809 nobis
1060 3747 1222 3809 fuere
1256 3744 1337 3825 pii
1370 3752 1641 3825 parentes
1670 3744 1730 3806 in
1763 3744 1970 3806 eadem
2004 3764 2139 3806 cum

499 3837 619 3898 illis
652 3836 989 3898 sententia:
1014 3833 1600 3912 haereditas,accepta
1620 3833 1785 3913 quasi
1807 3853 1910 3913 per
1935 3851 2143 3895 manus

499 3924 651 3986 ﬁdes
667 3927 1013 3986 orthodoxa.
1047 3922 1258 3984 Nullus
1280 3928 1440 3982 entm
1463 3921 1523 3981 in
1549 3921 1720 3982 nobis
1736 3922 1956 3983 exstitit
1974 3941 2143 3984 amor

502 4031 707 4073 rerum
738 4009 1457 4073 caducarumJnstitutum
1480 4009 1811 4084 animi,vita
1827 4011 2144 4089 tranquilla

500 4108 794 4162 mercatus
823 4098 1126 4174 doctrinm,
1171 4097 1385 4159 virtute
1436 4097 1816 4177 praeditorum
1868 4099 2136 4163 imitatio.

498 4189 837 4253 Secundum
871 4187 997 4249 haec
1028 4204 1259 4249 morum
1303 4185 1556 4247 mutatio
1589 4186 1839 4268 vitaeque
1859 4189 2142 4252 solitariae

497 4277 780 4340 studium.
814 4276 1064 4338 Tantum
1095 4273 1345 4352 satis,ad
1367 4276 1810 4354 exprimendam
1834 4278 2003 4358 quasi
2025 4278 2140 4339 for-

498 4386 655 4429 mam
686 4367 820 4430 vitae
856 4378 1097 4429 nostrae.

580 4456 744 4529 Quod
776 4456 984 4519 attinet
1005 4453 1332 4516 doctrinam
1349 4452 1486 4515 ﬁdei
1514 4470 1527 4515 :
1554 4451 1862 4515 Credimus
1878 4454 1937 4515 in
1956 4474 2140 4516 unum

497 4545 708 4610 Deum.
743 4547 816 4607 Et
858 4563 989 4626 quin
1037 4551 1367 4624 sequuntur
1412 4542 1577 4623 (54):
1612 4540 1802 4604 Unam
1861 4542 2140 4605 deitatem

496 4633 894 4713 agnoscimus,
931 4650 1061 4712 quae
1103 4631 1293 4692 tribus
1337 4629 1398 4691 in
1440 4631 1712 4710 personis
1756 4632 2137 4710 gloriﬁcatur,

497 4733 705 4786 natura
716 4723 955 4803 quidem
976 4718 1428 4795 indivisam,sed
1442 4718 1777 4781 distinctam
1801 4722 2137 4801 proprieta-

495 4814 790 4876 tibus.Am
801 4812 1026 4892 plector
1046 4819 1277 4872 sanctas
1296 4825 1377 4870 vn
1399 4809 1652 4889 synodos
1675 4809 2063 4884 universales,
2082 4820 2140 4873 et

496 4901 568 4963 ab
602 4901 688 4963 eis
718 4908 931 4962 statuta
960 4899 1186 4979 recipio
1218 4906 1276 4959 et
1305 4905 1547 4974 accepto
1595 4897 1794 4959 omnia
1834 4916 1848 4960 :
1885 4899 2136 4980 primam

496 4990 735 5071 quidem
768 4988 945 5050 veluti
980 5005 1113 5068 quae
1138 4985 1346 5048 Arium
1394 4985 1704 5065 dejecerit,
1755 4987 1849 5049 cui
1879 5006 1913 5048 a
1940 4988 2137 5053 furore

494 5096 833 5161 cognomen.
853 5076 961 5138 fuit
988 5075 1265 5151 inditum,
1293 5091 1425 5135 cum
1443 5073 1702 5136 alienum
1734 5074 2002 5139 facereta
2026 5097 2131 5138 na-

495 5175 627 5231 tura
655 5167 847 5229 Patris
876 5165 1127 5228 Filium:
1164 5165 1432 5240 alteram,
1468 5163 1645 5225 veluti
1686 5182 1816 5244 quae
1860 5164 2132 5228 insanum

494 5257 904 5321 Macedoniam
950 5252 1337 5330 damnaverit,
1373 5251 1768 5333 blasphemias
1799 5253 1872 5315 de
1911 5256 2133 5336 Spiritu

2237 1069 2322 1122 xxi
2353 1070 2381 1122 ὁ
2410 1069 2588 1148 τυχὼν
2659 1074 2736 1143 τῷ
2793 1076 2899 1125 τῶν
2946 1076 3203 1149 μοναχῶν
3272 1071 3623 1151 πρόσεστι....
3653 1071 3718 1122 75
3775 1073 3867 1127 τά·

2237 1178 2422 1233 γματι.

2321 1246 2453 1321 Πρὸς
2536 1246 2737 1309 τούτοις
2808 1244 2920 1303 δέον
2979 1269 3038 1303 σε
3102 1247 3394 1328 ἐγγράφους
3450 1253 3537 1307 καὶ
3602 1248 3871 1320 διαδήλους

2234 1341 2354 1397 τοῦς
2384 1336 2483 1389 ὑπὸ
2516 1335 2581 1391 ait
2610 1340 2715 1389 τῶν
2756 1334 2763 1339 ’
2794 1334 3073 1415 ἐκκρίτων,
3114 1352 3386 1418 μοναχοϊς
3440 1341 3612 1405 πάσας
3654 1341 3746 1405 τὰς
3778 1345 3870 1405 τῆς

2237 1427 2404 1496 μονῆς
2464 1420 2688 1488 εἰσόδους
2756 1447 2813 1481 τε
2870 1426 2958 1481 καὶ
3009 1422 3211 1490 ἐξόδους
3267 1429 3740 1507 καταπράττεσθαι,
3792 1430 3872 1485 καὶ

2237 1509 2387 1574 ἐκτὸς
2444 1510 2737 1568 πεκουλίων
2808 1527 3088 1593 συντηρεῖν
3173 1515 3291 1580 τοὺς
3345 1518 3447 1571 ὑπὸ
3516 1516 3574 1573 σὲ
3642 1517 3870 1579 ἅπαντας

2237 1598 2558 1672 μονάζοντας
2595 1619 2607 1634 ·
2654 1602 2741 1657 καὶ
2814 1600 3079 1681 ἐνισχύσει
3133 1602 3271 1677 ὑμᾶς
3343 1604 3526 1682 Κύριος
3596 1607 3624 1660 ὁ
3668 1606 3869 1680 Θεὸς,ὁ

2234 1685 2398 1743 θέλων
2467 1688 2665 1754 πάντας
2733 1689 3035 1768 ἀνθρώπους
3132 1694 3391 1770 σωθῆναι,
3452 1692 3753 1771 ἐργάζεσθαι
3806 1694 3865 1748 τὰ

2235 1783 2332 1842 τὴς
2364 1773 2634 1842 εὐλαϐείας
2692 1780 2780 1834 καὶ
2836 1781 2935 1845 τῆς
2991 1779 3261 1858 ἀρεσκείας
3319 1780 3477 1840 αὐτοῦ
3533 1780 3679 1862 ἔργα,
3739 1783 3865 1857 μετὰ

2234 1865 2444 1922 πάντων
2500 1867 2604 1924 τῶν
2676 1867 2933 1925 συνόντων
3003 1870 3130 1944 ὑμῖν
3174 1867 3433 1950 ἀδελφῶν,
3494 1873 3591 1928 Καὶ
3656 1872 3864 1947 πνημό-

2234 1975 2382 2011 νευσε
2436 1958 2523 2012 καὶ
2578 1961 2685 2012 τῶν
2741 1963 2977 2037 πτωχῶν
3050 1954 3287 2038 ἀδελφῶν
3340 1961 3520 2035 ἡμῶν,
3578 1961 3665 2016 καὶ
3719 1963 3864 2035 ἡμῶν

2233 2044 2528 2124 ὖπερεύχου
2610 2047 2747 2121 μετὰ
2814 2047 2992 2114 πάσης
3078 2048 3178 2114 τῆς
3254 2046 3308 2105 ἐν
3392 2055 3598 2128 Χριστῷ
3654 2048 3865 2128 an),ch

2232 2154 2414 2199 τητος,

2236 2249 2263 2281 ιι
2296 2229 2594 2297 Συστατικὴ
2649 2229 2928 2308 ἐπιστολὴ,
3004 2232 3326 2310 πεμπομένη
3383 2234 3525 2312 παρά
3591 2242 3683 2292 τοῦ
3764 2255 3861 2288 πα-

2308 2317 2561 2397 τριάρχου
2642 2320 2738 2387 τῆς
2840 2320 3462 2398 Κωνσταντινουπόλεως,
3545 2320 3657 2401 ἄρτι
3741 2342 3858 2400 χει-

2310 2406 2702 2483 ροτονηθέντος.
2744 2432 2771 2464 ιι

2311 2496 2527 2567 Ἐπειδὴ
2605 2500 2869 2578 θέσπισμα
2951 2503 3307 2583 ἐπεκράτησεν
3408 2504 3853 2572 ἐκκλησιαστικὸν,

2229 2588 2350 2650 τοὺς
2381 2585 2494 2666 ἄρτι
2549 2596 2949 2670 πατριαρχικῶς
3007 2591 3092 2650 ἐπὶ
3147 2595 3238 2649 τὸν
3306 2594 3483 2672 θρόνον
3544 2604 3858 2651 Κωνσταντι-

2228 2675 2526 2741 νουπόλεως
2584 2677 2854 2757 ἀρθέντας,
2916 2683 3001 2738 καὶ
3057 2682 3150 2746 τάς
3220 2684 3524 2763 ἱεραρχικάς
3567 2682 3719 2750 ἠλίας
3748 2680 3855 2737 δια-

2228 2764 2585 2840 ζιυσαμένους,
2616 2769 2704 2824 καὶ
2732 2770 2822 2825 τὸν
2851 2768 2980 2825 λαὸν
3051 2773 3235 2849 Κυρίου
3289 2772 3680 2846 πιστευθέντας,
3752 2783 3857 2831 τοῖς

2230 2853 2624 2933 προτελεσθετσι
2712 2858 2810 2926 τὴν
2893 2862 3245 2934 ποιμαντικήν
3325 2859 3459 2926 ἐξίαν
3517 2861 3858 2939 πατριάρχαις

2229 2945 2346 3030 περὶ
2387 2949 2494 3001 τῶν
2535 2945 2701 3029 ὀρθῶν
2758 2945 3036 3027 δογμάτων
3090 2948 3408 3030 ἐπιστεῖλαι,
3472 2950 3710 3028 καθάπερ
3738 2949 3860 3004 τισὶν

2228 3029 2533 3097 ἐξετασταῖς
2586 3036 2672 3091 καὶ
2723 3033 3046 3115 διαγνώμοσι
3101 3045 3193 3093 τοῦ
3258 3040 3397 3117 παρὰ
3451 3040 3592 3118 σφίσι
3636 3037 3861 3113 δοκιμίου

2228 3122 2320 3190 τῆς
2366 3124 2611 3204 πίστεως,
2646 3123 2723 3180 ’ίν’
2752 3125 2983 3185 ἐντεῦθεν
3037 3128 3072 3195 ἡ
3115 3129 3357 3183 κοινωνία
3413 3134 3505 3184 τοῦ
3536 3125 3857 3202 σεϐάσματος

2227 3208 2596 3292 ἀριδηλότερον
2654 3213 3037 3290 ἀναλάμψασα,
3103 3219 3204 3284 τὴν
3276 3218 3410 3274 κατά
3465 3219 3595 3273 Θεὸν
3681 3216 3859 3271 ἕνωσιν

2227 3299 2542 3379 οἰκειοτέραν
2602 3301 3017 3382 ἐναπεργάσηται
3051 3321 3066 3337 ⁸
3148 3305 3448 3380 πειθόμενοι
3503 3313 3571 3382 τῇ
3625 3304 3859 3375 συνηθείᾳ

2224 3394 2328 3445 τῶν
2380 3390 2641 3469 πατέρων,
2714 3393 2811 3460 τὴν
2864 3393 2963 3449 ἀνὰ
3031 3408 3225 3474 χεῖρας
3302 3395 3499 3461 ταύτην
3547 3394 3857 3460 συστατικήν

2224 3476 2510 3545 ἐπιστολὴν
2592 3479 3013 3563 ἐγχαράττομεν,
3091 3483 3350 3559 ἐπιτομήν
3427 3505 3540 3539 τινα
3592 3489 3692 3540 τοῦ
3748 3480 3855 3539 καθ’

2223 3568 2363 3641 ἡμᾶς
2432 3567 2545 3644 βίου
2602 3570 2688 3625 καὶ
2742 3578 2833 3627 τοῦ
2904 3568 3226 3650 δογματικοῦ
3300 3574 3647 3652 φρονήματος
3704 3593 3855 3649 περι-

2225 3655 2474 3735 έχουσαν.

2307 3736 2470 3820 Ἠμτν
2530 3745 2763 3815 εὐσεϐεῖς
2822 3749 3093 3829 πρόγονοι,
3181 3752 3489 3831 γεννήτορες
3550 3751 3862 3831 ὁμογνῶμο-

2224 3855 2308 3897 νες
2354 3838 2535 3899 αὐτοῖς
2571 3855 2583 3868 ·
2615 3836 2837 3918 κλῆρος,
2871 3841 2905 3907 ἡ
2936 3837 3165 3920 διαδοχή
3192 3845 3292 3908 τῆς
3323 3840 3649 3920 ὀρθοδοξίας.
3684 3833 3862 3920 ’Ἱερω-

2222 3945 2287 3979 τα
2317 3924 2416 4004 γὰρ
2443 3931 2534 3981 τοῦ
2603 3926 2750 3983 κάτω
2800 3926 3005 4004 ῥέοντος
3074 3932 3168 3987 οὐκ
3208 3928 3490 4005 ἐλάϐομεν,
3548 3929 3860 4001 Ἐπιτῆδευο

2224 4035 2298 4089 μα
2328 4010 2404 4088 δὲ,
2437 4012 2690 4092 γαληνῶς
2733 4017 2867 4093 βίος,
2942 4018 3030 4074 καὶ
3082 4014 3259 4096 λόγων
3326 4018 3573 4099 ἐμπορία,
3648 4022 3740 4075 καὶ
3766 4019 3864 4074 τῶν

2223 4100 2476 4180 ὲναρέτων
2532 4104 2778 4179 μίμησις.
2834 4106 2972 4163 Εἶτα
3029 4104 3297 4182 μεταϐολὴ
3364 4107 3583 4187 τρόπου,
3630 4110 3723 4164 καὶ
3778 4112 3862 4163 τοῦ

2223 4189 2507 4267 μοναδικοῦ
2527 4191 2912 4270 πολιτεύματος
2942 4194 3272 4262 ἀντιποίησις
3307 4212 3323 4230 ⁶
3383 4201 3611 4252 τοσαῦτα
3643 4194 3766 4271 μέν,
3797 4196 3861 4258 εἰς

2221 4285 2537 4359 χαρακτῆρα
2563 4289 2656 4338 τοῦ
2683 4281 2801 4340 καθ’
2829 4284 2970 4359 ἡμᾶς
3000 4283 3134 4359 βίου.

2304 4457 2379 4514 Τὰ
2420 4454 2476 4512 δὲ
2502 4464 2594 4515 τοῦ
2623 4457 2784 4538 λόγου
2839 4464 2939 4526 τῆς
2979 4458 3206 4524 πίστεως
3242 4475 3256 4491 ⁸
3328 4460 3649 4535 Πιστεόομεν
3672 4461 3749 4523 εἷς
3777 4458 3860 4514 ἕνα

2224 4546 2376 4626 Θεὸν,
2409 4547 2497 4603 καὶ
2548 4548 2614 4604 τὰ
2666 4548 2810 4616 ἑξῆς,
2869 4548 3005 4603 Μίαν
3046 4549 3272 4615 θεότητα
3345 4550 3692 4628 γνωρίζομεν,
3724 4545 3863 4612 δοξα-

2221 4634 2449 4709 ζομένην
2506 4635 2558 4693 ἐν
2628 4639 2791 4716 τρισὶν
2860 4636 3233 4714 ὑποστάσεσιν,
3296 4635 3588 4717 ἀδιαίρετον
3642 4638 3747 4713 μὲν

2223 4724 2393 4801 φύσει,
2439 4720 2701 4804 διαιρετὴν
2768 4723 2823 4781 δὲ
2878 4738 3000 4804 ταῖς
3069 4723 3345 4794 ἰδιότησιν,
3408 4723 3747 4802 Ἀσπάζομαι
3774 4725 3861 4788 τὰς

2219 4811 2372 4889 ἁγίας
2416 4814 2778 4887 οἶκουμενικὰς
2846 4803 2896 4884 ζ’
2926 4811 3189 4891 συνόδους,
3260 4816 3347 4872 καὶ
3402 4816 3470 4871 τὰ
3536 4814 3665 4894 παρ’
3695 4814 3863 4870 αὐτῶν

2219 4897 2624 4978 δογματισθέντα
2652 4902 2822 4960 πάντα
2902 4900 3129 4984 δέχομαί
3194 4925 3252 4961 τε
3320 4906 3409 4960 καὶ
3475 4901 3813 4984 ἀποδέχομαι
3844 4917 3857 4931 ’

2218 4989 2315 5055 τὴν
2383 4990 2479 5065 μὲν
2538 4991 2776 5069 πρώτην,
2834 4990 2907 5057 ὥς
2955 4982 3175 5071 ’Ἄρειον
3246 4990 3589 5067 καθελοῦσαν,
3642 4982 3742 5049 τὸν
3769 4996 3862 5057 τῆς

2217 5079 2404 5153 μανίας
2475 5077 2775 5161 ἐπώνυμον,
2846 5081 3193 5149 ἀποξενοῦν-τα
3239 5086 3337 5148 τῆς
3381 5091 3473 5141 τοῦ
3524 5084 3732 5161 Πατρὸς
3762 5082 3861 5163 φύ-

2217 5189 2349 5231 σεως
2378 5169 2470 5224 τὸν
2513 5171 2633 5226 Υἱὸν
2665 5187 2680 5202 °
2713 5172 2812 5239 τὴν
2854 5169 2907 5227 δὲ
2955 5169 3221 5249 δευτέραν,
3267 5172 3341 5234 ὡς
3411 5173 3501 5227 τὸν
3529 5168 3859 5251 φρενοϐλαϐἧ

2219 5254 2535 5314 Μακεδόνων
2617 5257 3075 5341 ἐξοστρακίσασαν,
3179 5261 3643 5339 βλασφημήσαντα
3748 5261 3859 5338 περὶ

1818 5426 2072 5492 VARIJE
2112 5421 2543 5494 LECTIONES.

575 5538 638 5590 75
665 5535 832 5600 deest
857 5534 1112 5599 κίνδυνος.

2047 5666 2298 5731 ΝΟΤΛΕ.

581 5763 707 5843 (54)
739 5762 890 5825 Vide
920 5755 1360 5823 confessionem
1392 5766 1760 5840 sequentem.
