4160 6212
254 338 409 408 1157
499 350 503 355 ’

1585 336 2288 405 GRIECO-ROMANUM.

3464 329 3620 401 1158

248 489 343 539 τοῦ
371 481 519 559 ἁγίου
548 480 854 555 Πνεύματος
888 498 904 515 ο
949 479 1050 547 τὴν
1106 476 1160 534 δὲ
1213 479 1416 558 τρίτην,
1489 478 1563 542 ὡς
1606 473 1934 553 ἀπορῤίψκολ

2021 467 2651 559 ιιηοιοῌρτοιογοιιιυηιι
2696 466 2952 559 tertiam,
3007 464 3184 559 veluti
3222 486 3351 559 qua;
3371 469 3618 549 impium

254 591 351 625 σαν
396 571 487 626 τὸν
547 566 771 637 δυσσεϐῆ
830 568 1130 648 Νεστόριον,
1204 566 1464 646 ληροῦντα
1515 564 1669 641 ψιλὸν
1700 562 1903 641 ἀνθρω-

255 681 355 715 πον
398 659 490 714 τὸν
557 660 801 737 Χριστὸν,
878 659 963 714 καὶ
1019 657 1119 724 τὴν
1172 657 1513 732 πανύμνητον
1572 652 1905 732 ἀπαρνούμε-

256 770 344 804 νον
376 747 636 804 Θεοτόκον
668 767 684 782 ·
716 748 815 815 τὴν
845 745 900 803 δὲ
957 746 1236 826 τετάρτην,
1294 747 1367 809 ὡς
1412 746 1504 800 τὸν
1548 742 1906 822 ἀτυχέστατον

258 841 498 916 Εὐτυχῆ,
531 839 620 893 καὶ
680 840 773 895 τὸν
826 835 1092 914 ἀλάστορα
1152 834 1434 913 Διόσκορον
1489 829 1902 911 καταῤῥάξασαν,

255 927 377 989 τοὺς
404 927 499 989 τὰς
554 925 609 982 ἐν
653 931 863 1006 Χριστῷ
919 924 1007 982 δύο
1064 925 1241 1005 φύσεις
1298 926 1427 1003 πρὸς
1485 924 1607 998 μίαν
1639 924 1905 999 τραπῆναι

261 1013 637 1094 φλυαροῦντας,
698 1018 786 1072 καὶ
848 1015 1103 1094 σύγχυσιν
1177 1015 1347 1069 αὐτῶν
1430 1009 1839 1089 δογματίξοντας
1889 1027 1903 1042 ·

260 1105 359 1171 τὴν
403 1101 456 1158 δὲ
520 1104 792 1184 πέμπτην,
848 1106 919 1167 ὡς
979 1104 1432 1176 ἀναθεματίσασαν
1487 1101 1551 1155 τά
1595 1098 1756 1176 μιαρά
1784 1095 1908 1175 :66-

264 1214 443 1269 γματα
498 1193 775 1272 Νεστορίου
860 1195 947 1248 καὶ
1032 1188 1301 1268 Θεοδώρου
1366 1195 1461 1246 τοῦ
1518 1185 1908 1262 Μοψουεστίας,

266 1281 353 1336 καὶ
384 1271 707 1359 Ὤριγένους,
764 1282 852 1337 καὶ
911 1277 1158 1353 Διδύμου,
1216 1280 1304 1334 καὶ
1358 1276 1633 1355 Εὒαγρίου,
1681 1274 1785 1330 τῶν
1816 1271 1909 1327 ἐλ-

1985 554 2150 617 illum
2182 555 2514 619 Nestorium
2547 557 2844 637 rejecerit,
2870 559 2970 637 qui
2997 576 3100 639 per
3122 558 3395 620 delirium
3430 559 3623 619 trade-

1988 645 2104 727 bat,
2141 646 2437 709 Christum
2472 665 2605 709 esse
2650 648 2871 708 nudum
2916 648 3240 715 hominem,
3267 656 3325 709 et
3346 648 3511 708 omni
3540 647 3628 707 di-

1988 739 2349 819 gnamlaude
2369 740 2681 821 Deiperum
2703 738 3075 802 inﬁciabatur
3098 760 3111 799 :
3131 748 3423 820 quartam,
3447 740 3628 802 veluti

1989 845 2119 906 qua;
2149 828 2622 890 infelicissimum
2676 829 2999 908 Eutychem
3037 830 3177 909 (55),
3225 837 3283 890 et
3312 829 3628 890 alastorem

1989 915 2158 977 illum
2193 917 2543 979 Dioscorum
2580 917 2987 997 prostraverit,
3022 918 3123 998 qui
3148 918 3368 979 duasin
3400 917 3632 981 Christo

1992 1013 2231 1066 naturas
2261 1024 2574 1067 conversas
2604 1005 2665 1067 in
2709 1026 2888 1068 unam
2918 1006 3285 1083 garriebant,
3341 1017 3397 1069 et
3428 1026 3632 1070 earum

1993 1092 2399 1155 confusionem
2436 1094 2784 1157 tradebant:
2822 1096 3109 1175 quintam,
3141 1096 3318 1159 veluti
3337 1116 3466 1177 qua:
3487 1116 3633 1158 ana-

1993 1182 2237 1243 themati
2261 1183 2584 1263 subjecerit
2610 1184 2739 1245 dira
2770 1184 3040 1263 dogmata
3062 1186 3319 1247 Nestorii
3352 1195 3409 1247 et
3434 1185 3632 1247 Theo-

1995 1271 2127 1333 dori
2158 1274 2564 1351 Mopsuestani
2586 1274 2875 1353 prwsulis,
2912 1272 3274 1351 etOrigt-nis,
3302 1283 3357 1336 et
3382 1275 3632 1355 Didymi,

265 1366 623 1449 ληνοιρρόνων,
682 1369 911 1445 βαθμοὺς
986 1368 1234 1434 θεότητος
1329 1363 1765 1441 ἀναπλασάντων,
1827 1362 1914 1417 καὶ

2021 1367 2056 1420 ει
2084 1359 2340 1442 Evagrii,
2360 1380 2614 1440 paganus
2631 1363 2960 1424 sententias
2975 1363 3484 1444 sequentium,qui
3507 1382 3639 1441 gra-

268 1462 460 1537 ψυχῶν
528 1457 891 1537 προϋπάρξεις,
969 1458 1056 1513 καὶ
1134 1455 1545 1534 μετεγγισμοὺς,
1605 1455 1693 1508 καὶ
1761 1449 1913 1512 τέλος

2021 1449 2358 1511 lusdeitatis
2379 1451 2679 1513 ﬁnxerunt
2707 1460 2765 1513 et
2783 1451 3119 1513 animorum
3152 1452 3637 1532 prmexistentias,

268 1545 559 1621 κολάσεως,
630 1550 719 1604 καὶ
782 1545 1045 1622 δαιμόνων
1144 1546 1571 1602 ἀποκατάστασιν
1600 1558 1614 1572 °
1706 1540 1804 1608 τὴν
1860 1537 1914 1595 δὲ

2021 1547 2057 1599 ει
2084 1539 2777 1619 apprOpinquationes,et
2799 1544 2973 1603 linem
2999 1540 3296 1622 supplicii,
3321 1549 3380 1602 et
3416 1541 3640 1603 dmino-

270 1635 454 1711 ἕκτην,
516 1638 589 1699 ὡς
643 1635 1003 1715 ἀπορρίψασαν
1076 1636 1195 1700 τοὺς
1285 1635 1418 1712 ἀμφὶ
1489 1624 1760 1710 Ὀνώριον,
1820 1627 1914 1684 καὶ

2021 1647 2141 1689 tum
2162 1630 2221 1690 in
2240 1630 2536 1708 integrum
2560 1629 2999 1691 restitutionem
3026 1648 3038 1692 :
3064 1631 3645 1712 sextam,velutiqua3

272 1723 513 1805 Σέργιον,
558 1726 644 1781 καὶ
702 1725 991 1804 Μακάρων,
1051 1726 1172 1787 τοὺς
1225 1723 1559 1803 παράφρονας
1612 1721 1699 1776 καὶ
1752 1716 3648 1800 τερπι-ΒΗοηοτίὶ,ὃοι·εἰί,Μειοθι·ἰὶεεοιειίονοει’θ]εςοει·ἰί,ὺοιηίηοε

271 1812 548 1893 τολόγους,
580 1813 636 1869 ἕν
692 1812 899 1888 θέλημα
966 1814 1053 1870 καὶ
1109 1814 1233 1888 μίαν
1286 1810 1550 1890 ἐνέργειαν
1609 1807 1816 1888 Χριστῷ
1842 1813 1919 1880 τῷ

2027 1826 2244 1869 nsanos
2277 1819 2335 1868 et
2383 1816 2782 1888 portentosos,
2818 1809 2919 1891 qui
2970 1828 3147 1870 unam
3197 1810 3552 1872 voluntatem
3588 1819 3646 1873 et

272 1902 326 1961 ἐν
370 1902 482 1960 δυσὶ
522 1903 733 1984 φύσεσιν
791 1901 1189 1981 ἐπιγράψαντας
1224 1923 1239 1938 ·
1312 1901 1411 1967 τὴν
1466 1897 1521 1954 δὲ
1564 1895 1815 1973 ἑϐδόμην,
1846 1897 1919 1959 ὡς

2021 1914 2180 1958 mam
2214 1895 2498 1959 duntaxat
2527 1897 2822 1959 actionem
2874 1898 3129 1972 Christo,
3164 1899 3389 1961 naturis
3420 1899 3650 1961 duabus

271 1994 371 2061 τὴν
456 1996 871 2072 είκονομαχικήν
942 1992 1135 2049 λύσσαν
1207 1990 1677 2059 καταπατήσασαν.
1779 1984 1921 2052 Αὕτη

275 2105 378 2158 μου
437 2083 536 2148 τῆς
590 2083 817 2145 πίστεως
887 2079 1168 2159 ὁμολογία.
1229 2080 1438 2146 Ταύτην
1494 2079 1567 2140 ὡς
1626 2076 1678 2131 ἐν
1746 2078 1923 2132 πίνακι

276 2168 690 2251 διαχαράξαντες
745 2170 1053 2249 γράμμασιν
1136 2165 1576 2241 ἐξαπεστείλαμεν
1634 2167 1706 2228 εἷς
1762 2166 1923 2239 ὑμᾶς,

276 2259 371 2315 ’ἕνα
440 2261 501 2316 τὸ
569 2257 804 2334 δοκίμιον
872 2260 972 2324 τῆς
1037 2256 1298 2336 ἡμετέρας
1349 2253 1611 2317 εύσεϐείας
1664 2253 1926 2332 γνώριμον

280 2348 409 2424 ὑμῖν
440 2346 543 2416 ἢδη
590 2348 900 2428 γενόμενον,
962 2345 1194 2422 mam,
1251 2344 1411 2402 πλέον
1454 2346 1527 2407 εἷς
1598 2343 1805 2415 ἕνωσιν,
1840 2343 1927 2397 καὶ

278 2439 402 2500 τοῦς
443 2438 725 2500 κοινωνοὺς
782 2437 878 2505 τῆς
943 2437 1194 2510 πίστεως,
1253 2435 1537 2497 κοινωνοὺς
1592 2433 1794 2507 ποιήσῃ
1838 2432 1926 2487 καὶ

279 2532 380 2593 τῆς
426 2526 663 2606 ἀγάπης,
712 2532 887 2583 πᾶσαν
945 2523 1235 2582 σκανδάλου
1290 2525 1548 2603 πρόφασιν
1604 2523 1691 2578 καὶ
1732 2520 1925 2599 πέτραν

282 2616 689 2694 προσκόμματος
772 2615 832 2671 ἐκ
889 2615 1048 2690 μέσου
1099 2615 1434 2689 ποιούμενον,
1474 2602 1530 2670 εΟ
1613 2609 1667 2667 δὲ
1721 2611 1787 2668 τά
1844 2608 1925 2665 δι-

282 2709 486 2759 εστῶτα
541 2705 840 2782 συνάπτων,
899 2703 990 2769 εἴη
1036 2704 1120 2758 καὶ
1188 2702 1505 2780 ποιμαίνων,
1562 2702 1650 2756 καὶ
1703 2721 1929 2775 συμποι-

283 2793 507 2869 μαίνων,
538 2793 626 2847 καὶ
680 2793 809 2868 πρὸς
838 2793 927 2848 τὸν
972 2789 1200 2870 μάνδραν
1258 2788 1401 2867 ἄγων
1457 2799 1548 2848 τοῦ
1604 2790 1923 2864 Πνεύματος.

286 2882 544 2960 Πρόσειπε
567 2882 658 2936 τὸν
688 2880 821 2936 κατά
863 2880 921 2936 σὲ
953 2882 1104 2959 ἁγίαν
1175 2878 1409 2940 σύνοδον.
1466 2878 1535 2933 Σὲ
1577 2879 1612 2945 ἡ
1638 2874 1845 2940 σύνοδος
1878 2875 1930 2932 ἐν

284 2970 458 3048 Κυρίῳ
486 2970 858 3048 προσαγορεύει
870 3017 882 3030 .

2005 1986 2325 2057 constanti,
2386 1988 2828 2067 ascripserunt:
2883 1990 3217 2069 svptimam,
3281 1988 3462 2050 veluti
3519 2008 3649 2069 qua:

2004 2074 2265 2137 furorem
2311 2075 2822 2140 iconomachicum
2858 2076 3307 2158 proculcaverit.
3335 2079 3473 2140 Haec
3508 2077 3651 2139 ﬁdei

2009 2182 2191 2225 meeze
2212 2164 2527 2227 confessio.
2555 2166 2721 2227 Hanc
2743 2166 2968 2228 velutin
2993 2166 3190 2229 tabula
3222 2168 3432 2229 litteris
3451 2185 3627 2228 exara

2012 2262 2127 2314 tam
2193 2254 2467 2315 misimus
2496 2254 2682 2328 vobis,
2718 2264 2779 2316 ut
2802 2256 3033 2336 pietatis
3065 2265 3281 2318 nostra:
3309 2257 3644 2331 sinceritas,

2008 2360 2138 2423 quae
2162 2341 2282 2422 jam
2316 2343 2480 2404 vobis
2511 2343 2789 2416 innotuit,
2828 2364 2936 2405 nos
2978 2345 3231 2426 amplius
3259 2346 3330 2407 ad
3364 2346 3647 2408 unionem

2011 2430 2266 2509 colliget,
2302 2442 2359 2493 et
2388 2431 2526 2493 ﬁdei
2551 2432 3053 2513 participesetiam
3091 2432 3391 2494 charitatis
3414 2433 3650 2514 partici-

2012 2538 2117 2601 pes
2143 2520 2353 2583 reddat
2387 2540 2402 2596 ;
2437 2540 2674 2582 omnem
2698 2521 3069 2582 occasionem
3086 2521 3348 2582 scandali
3371 2531 3428 2583 et
3458 2523 3648 2584 olfen-

2012 2609 2195 2669 diculi
2226 2608 2483 2688 lapidem
2516 2628 2547 2670 e
2578 2610 2772 2672 medio
2802 2610 3036 2671 tollens.
3061 2608 3171 2681 Qui
3204 2628 3340 2671 vero
3362 2611 3653 2690 disjuncta

2011 2698 2339 2776 conjungit,
2373 2697 2531 2758 idem
2559 2717 2665 2759 nos
2697 2708 2754 2760 et
2775 2706 2996 2778 pascat,
3033 2707 3088 2759 ct
3119 2708 3475 2778 compascat,
3503 2700 3650 2759 etad

2013 2787 2239 2848 caulam
2272 2787 2528 2867 Spiritus
2561 2787 2834 2849 deducat.
2887 2786 3090 2849 Saluta
3118 2796 3383 2848 sanctam
3410 2788 3563 2868 apud
3598 2797 3653 2849 te

2013 2877 2333 3026 synoilum.
2368 2877 2507 2949 Quae
2538 2877 2844 2940 nobiscum
2877 2878 3134 2956 synodus
3167 2885 3274 2957 est,
3312 2877 3368 2937 iu
3401 2876 3652 2939 Domino

2017 2973 2074 3026 te
2104 2984 2167 3026 sa
2196 2975 2339 3026 utat.

2017 2973 2074 3027 te
2104 2973 2339 3029 salutat.

292 3093 322 3134 (
378 3067 447 3164 :H
507 3077 647 3154 παρά
678 3076 812 3164 ’τῶν
892 3074 1312 3164 θεοφιλεστάτων
1389 3072 1790 3164 μητρρπολιτὼν
1845 3072 1934 3129 καὶ

2021 3082 2261 3164 Symboli
2288 3084 2488 3164 cautio,
2518 3099 2638 3155 quae
2658 3099 2767 3164 pro
2796 3098 2942 3164 more
2985 3084 3249 3164 praestari
3294 3084 3490 3164 solata
3524 3086 3659 3141 reli-

369 3155 805 3237 ἆρχιεπισκόπων
836 3158 1071 3237 συνῄθως
1100 3155 1153 3237 ἐν
1182 3161 1258 3237 τῷ
1287 3161 1455 3230 καιρῷ
1482 3157 1580 3222 τῆς
1602 3174 1933 3232 χειροτονιας

368 3233 622 3315 γινυμένη
667 3243 760 3294 τοῦ
803 3233 1066 3312 συμϐόλου
1090 3234 1373 3315 ἀσφάλεια.
1410 3257 1437 3288 ιι

371 3341 609 3397 Πιστεύω
692 3341 764 3405 εἰς
849 3338 940 3394 ἕνα
1012 3332 1165 3417 Θεὸν,
1232 3335 1435 3416 Πατέρα
1517 3336 1938 3416 παντοκράτορα,

291 3431 525 3498 ποιητὴν
582 3429 801 3509 ούρανοῦ
854 3429 943 3484 καὶ
997 3432 1123 3507 γῆς,
1197 3429 1400 3506 ὁρατῶν
1468 3448 1525 3483 τε
1594 3426 1807 3484 πάντων
1856 3430 1945 3484 καὶ

290 3520 551 3600 ἀοράτων⁷
582 3520 670 3575 καὶ
749 3520 822 3581 εἷς
870 3515 961 3572 ἕνα
1022 3518 1209 3595 Κύριον
1280 3514 1487 3584 Ἰησοῦν
1548 3517 1796 3593 Χριστὸν,
1855 3516 1945 3570 τὸν

293 3611 415 3665 Υἱὸν
440 3617 532 3667 τοῦ
561 3613 692 3665 Θεοῦ
716 3608 807 3663 τὸν
853 3610 1137 3683 μονογενῆ,
1183 3606 1276 3661 τὸν
1346 3604 1407 3661 ἐκ
1462 3614 1555 3664 τοῦ
1599 3611 1799 3682 ιιατρὸς
1825 3625 1942 3681 γεν-

299 3697 524 3765 νηθέντα
580 3697 682 3773 πρὸ
738 3695 951 3751 πάντων
1020 3696 1126 3750 τῶν
1183 3695 1408 3768 αἰώνων,
1464 3700 1574 3774 φῶς
1628 3692 1688 3749 ἐκ
1743 3694 1941 3773 φωτὸς,

299 3787 430 3844 Θεὸν
486 3783 735 3852 ἀληθινὸν
818 3782 878 3839 ἐκ
952 3788 1083 3839 Θεοῦ
1155 3781 1426 3857 ἀληθινοῦ,
1504 3782 1818 3862 γεννηθέντα
1886 3785 1946 3839 οὔ

298 3872 612 3953 ποιηθέντα,
684 3872 961 3949 ὁμοούσιον
1033 3875 1110 3946 τῷ
1186 3874 1371 3951 Πατρὶ,
1416 3870 1483 3928 δι’
1533 3873 1595 3927 οὗ
1659 3872 1725 3928 τὰ
1775 3870 1948 3927 πάντα

302 3963 512 4041 ἐγένετο
547 3980 561 3995 ⁶
616 3963 705 4018 τὸν
761 3958 828 4016 δι’
879 3962 1022 4037 ἡμᾶς
1064 3961 1183 4026 τοὺς
1225 3960 1562 4040 ἀμθρώπους,
1622 3963 1709 4017 καὶ
1748 3959 1831 4015 διὰ
1849 3959 1949 4026 τὴν

300 4054 569 4135 ἡμετέραν
640 4054 905 4133 σωτηρίαν
983 4052 1300 4111 κατελθόντα
1390 4053 1451 4110 ἐκ
1531 4053 1637 4110 τῶν
1693 4050 1943 4128 οεόρανῶν,

302 4146 391 4203 καὶ
459 4142 790 4225 σαρκωθέντα
867 4142 926 4198 ἐκ
1005 4144 1306 4220 Πνεύματος
1378 4142 1527 4221 ἁγίου
1596 4142 1685 4198 καὶ
1752 4140 1951 4220 Μαρίας

302 4239 403 4302 τῆς
475 4230 757 4313 Παρθένου,
838 4233 927 4290 καὶ
1012 4231 1506 4313 ἐνανθρωπήσαντα,
1594 4230 1955 4311 σταυρωθέντα

305 4345 364 4380 τε
420 4323 551 4403 ὑπὲρ
616 4324 772 4399 ἡμῶν
828 4323 915 4379 ἐπὶ
970 4322 1190 4378 Ποντίου
1246 4317 1495 4393 Πιλάτου,
1558 4321 1645 4377 καὶ
1696 4318 1951 4396 παθόντα,

2089 3155 2412 3228 giosissimis
2428 3155 2875 3228 metropolitani}:
2892 3164 2938 3209 et
2954 3155 3397 3226 archiepiscopis,
3422 3162 3660 3228 tempore

2092 3226 2481 3283 ordinationis.

2104 3321 2293 3383 Credo
2325 3318 2384 3379 in
2418 3338 2596 3380 unum
2630 3319 2836 3394 Deum,
2873 3321 3100 3379 Patrem
3162 3317 3658 3399 omnipotentem,

2028 3408 2300 3489 opificem
2334 3407 2467 3469 coali
2492 3416 2549 3469 et
2585 3418 2777 3484 ternae,
2831 3406 3256 3487 aspectabilem
3309 3408 3577 3471 omnium
3605 3422 3662 3474 et

2028 3498 2589 3583 inaspeictabilium:
2646 3507 2703 3561 et
2754 3498 2815 3560 in
2868 3517 3049 3559 unum
3109 3496 3423 3558 Dominum
3454 3498 3661 3563 Jesum

2028 3588 2323 3651 Christum
2360 3588 2568 3651 Filium
2588 3587 2694 3649 Dei
2712 3587 3103 3668 unigenitum,
3127 3606 3195 3647 ex
3216 3588 3388 3648 Patre
3403 3588 3665 3667 genitum

2026 3684 2161 3738 ante
2184 3677 2607 3743 omniasecula.
2637 3678 2835 3739 lumen
2861 3677 2936 3739 de
2957 3677 3200 3738 lumine.
3250 3675 3434 3737 Deum
3460 3696 3667 3741 verum

2030 3765 2106 3827 de
2134 3765 2256 3827 Deo
2288 3785 2424 3827 vero
2456 3767 2744 3845 genitum,
2770 3786 2887 3827 non
2914 3765 3130 3827 factum
3156 3786 3172 3845 ;
3195 3765 3671 3828 consubstantia-

2029 3854 2146 3917 lem
2179 3855 2354 3929 Patri,
2394 3874 2501 3936 per
2525 3875 2701 3936 quem
2716 3856 2914 3917 omnia
2946 3855 3095 3917 facta
3119 3862 3285 3917 sunt:
3313 3855 3673 3936 quipropter

2032 3962 2141 4005 nos
2164 3943 2456 4021 homines,
2481 3953 2537 4006 et
2559 3953 2798 4026 propter
2814 3945 3063 4007 salutem
3082 3951 3341 4005 nostram
3361 3944 3675 4007 descendit

2034 4034 2109 4096 de
2137 4034 2323 4116 caelis,
2358 4042 2415 4097 et
2444 4034 2784 4097 incarnatus
2814 4044 2904 4097 est
2932 4034 3006 4098 de
3066 4032 3289 4114 Spiritu
3347 4042 3574 4109 sancto,
3601 4052 3671 4096 ex

2034 4122 2514 4203 Maria‘Virgine,
2551 4133 2610 4187 et
2634 4125 2811 4185 homo
2838 4123 3025 4185 factus
3054 4131 3185 4197 est;
3216 4122 3318 4203 qui
3357 4122 3674 4185 cruciﬁxus

2036 4220 2127 4276 est
2157 4232 2263 4293 pro
2295 4213 2469 4277 nobis
2499 4213 2607 4276 sub
2635 4212 2842 4276 Pontio
2899 4213 3112 4293 Pilato,
3156 4219 3216 4274 et
3249 4230 3453 4292 passus
3478 4218 3589 4282 est,
3620 4219 3680 4272 et

2040 4303 2331 4384 sepultus,
2358 4312 2415 4365 et
2460 4306 2783 4366 resurrexit
2804 4301 3092 4366 dietertia
3108 4301 3435 4363 secundum
3469 4300 3675 4379 Scrip-

242 4473 257 4477 ,
312 4414 406 4470 καὶ
460 4389 710 4495 ταιρέντα,
770 4412 858 4468 καὶ
926 4410 1218 4468 ἀναστάντα
1409 4389 1560 4489 τρίτῃ
1616 4408 1787 4488 ἡμέρα
1823 4389 1934 4465 κατέ

2021 4411 2160 4481 _ras,
2212 4401 2271 4454 et
2326 4392 2593 4455 ascendit
2643 4394 2703 4454 in
2752 4393 2926 4468 coelo,
2965 4399 3025 4453 et
3052 4390 3221 4497 sedet
3267 4389 3675 4497 adode'steram

310 4502 404 4565 τὰς
475 4502 704 4582 Γραφάς,
758 4500 848 4557 καὶ
912 4497 1196 4557 ἀνελθόντα
1239 4500 1311 4563 εἷς
1354 4499 1478 4563 τοὺς
1545 4499 1812 4578 οὐρανοὺς,
1872 4498 1960 4554 καὶ

312 4591 659 4667 καθεζόμενον
709 4590 764 4646 ἐν
819 4587 958 4663 δεξιᾷ
1015 4595 1106 4646 τοῦ
1156 4589 1385 4668 Πατρὸς,
1442 4588 1530 4645 καὶ
1577 4586 1736 4644 πάλιν
1791 4586 1958 4667 ἐρχό-

312 4702 469 4758 μενον
543 4681 679 4755 μετά
761 4677 943 4752 δόξης,
1032 4678 1215 4757 κρῖναι
1298 4683 1497 4748 ζῶντας
1594 4676 1828 4756 νεκροὺς,
1902 4674 1960 4730 οὗ

311 4772 410 4837 τῆς
441 4768 709 4847 βασιλείας
756 4770 851 4824 οὐκ
899 4766 1048 4824 ἔσται
1103 4765 1256 4829 τέλος
1290 4782 1304 4796 ⁸
1365 4767 1454 4822 καὶ
1510 4766 1581 4828 εἰς
1638 4766 1699 4821 τὸ
1751 4770 1961 4838 Πνεῦμα

311 4861 373 4916 τὸ
403 4858 579 4938 ἂγιον,
615 4858 678 4914 τὸ
724 4856 936 4935 Κύριον,
967 4857 1029 4911 τὸ
1085 4856 1368 4929 ζωοποιὸν,
1401 4856 1462 4911 τὸ
1518 4854 1578 4911 ἐκ
1622 4860 1715 4911 τοῦ
1758 4858 1960 4933 Πατρυς

312 4946 750 5027 ἐκπορευόμενον,
809 4945 871 5000 τὸ
931 4944 1023 4999 σὺν
1094 4944 1259 5021 Πατρὶ
1313 4944 1400 4998 καὶ
1466 4947 1573 5018 Υἱῷ
1623 4963 1960 5021 συμπροσκυ-

316 5036 565 5110 νούμενον
620 5034 708 5090 καὶ
772 5030 1232 5109 συνδοξαζόμενιν,
1302 5034 1362 5088 τὸ
1418 5030 1658 5100 λαλῆσαν
1727 5028 1811 5087 διὰ
1861 5030 1965 5086 τῶν

316 5129 604 5201 προφητῶν
640 5142 654 5156 ⁸
713 5123 784 5185 εἷς
843 5121 965 5197 μίαν
1022 5120 1175 5200 ἄγίαν
1231 5120 1520 5189 καθολικὴν
1592 5121 1679 5176 καὶ
1728 5119 1964 5175 ἀποστο-

319 5210 477 5278 λικὴν
520 5209 866 5279 Ἐκκλησίαν.
930 5202 1211 5290 Ὀμολογῶ
1258 5211 1315 5269 ἓν
1384 5210 1660 5287 βάπτισμα
1700 5209 1773 5271 εἷς
1830 5205 1966 5286 ἀφε-

322 5320 404 5356 σιν
475 5299 771 5379 ἁμαρτιῶν.

2040 4483 2318 4558 Patris,et
2336 4501 2569 4544 rursum
2590 4490 2868 4544 venturus
2885 4488 2973 4542 est
2986 4499 3120 4542 cum
3136 4478 3679 4557 gloria,judicatum

2042 4573 2203 4635 vivos
2224 4582 2278 4634 et
2295 4571 2766 4652 mortuos,cujus
2785 4587 3036 4649 regnum
3069 4569 3246 4629 ﬁnem
3268 4585 3385 4628 non
3400 4564 3642 4627 habebit
3665 4585 3679 4625 :

2044 4670 2104 4725 et
2133 4662 2194 4723 in
2227 4661 2514 4742 Spiritum
2547 4669 2840 4734 sanctum,
2865 4658 3207 4737 Dominum,
3242 4653 3685 4735 viviﬁcum,qui

2044 4770 2114 4814 ex
2137 4749 2308 4813 Patre
2326 4750 2591 4832 procedit
2612 4751 2762 4829 (56),
2778 4749 3032 4829 quicum
3051 4749 3223 4809 Patre
3236 4764 3304 4806 ac
3322 4744 3469 4806 Filio
3502 4742 3684 4804 simul

2043 4841 2345 4915 adoratur,
2384 4849 2442 4903 et
2469 4839 2647 4902 simul
2676 4840 3060 4921 gloriﬁcatur,
3088 4836 3192 4916 qui
3243 4852 3347 4915 per
3368 4833 3688 4915 prophetas

2045 4937 2136 4993 est
2156 4932 2402 4993 locutus.
2430 4927 2618 4993 Credo
2640 4930 2700 4992 in
2724 4947 2898 4993 unam
2923 4934 3187 4991 sanctam
3207 4923 3607 4987 universalem
3629 4934 3689 4982 et

2046 5019 2427 5100 apostolicam
2462 5018 2809 5081 Ecclesiam.
2845 5016 3140 5078 Conﬁteor
3182 5032 3367 5075 unum
3398 5010 3693 5100 baptisma

2048 5099 2121 5172 ad
2152 5117 2532 5191 peccatorum
2563 5105 2995 5168 remissionsm.
3016 5107 3276 5184 Expecto
3290 5099 3689 5191 resurrectio-

2053 5187 2190 5263 nem
2221 5206 2610 5270 mortuorum,
2667 5210 2725 5256 et
2756 5193 2931 5255 vitam
2986 5191 3164 5254 futuri
3223 5188 3441 5251 saeculi.
3475 5187 3689 5250 Amen.

874 5278 1155 5378 Προσδοῶ
1241 5298 1527 5356 ἀνάστασιν
1607 5303 1825 5377 νεκρῶν,
1882 5318 1934 5351 κε

2052 5293 2269 5352 Praeter
2297 5289 2423 5351 haec
2450 5283 2672 5364 recipio
2693 5291 2931 5346 sanctas
2971 5288 3031 5343 et
3081 5278 3446 5378 universates
3465 5284 3694 5358 septem

322 5390 466 5463 ζωὴν
512 5364 613 5447 τοῦ
668 5364 956 5466 μέλλοντός
1012 5390 1222 5454 αἰῶνος.
1281 5387 1479 5467 Ἀμήν.
1560 5364 1711 5468 Πρὸς.
1766 5364 1934 5443 τούτοι

2054 5378 2332 5463 synodos,
2348 5393 2480 5457 quae
2492 5372 2963 5438 conservationis
2982 5374 3323 5434 sanctorum
3351 5364 3691 5445 dogmatum

1901 5549 2146 5616 NOTIE.

411 5690 533 5775 (55)
571 5687 683 5763 Qui
720 5688 957 5773 Latine,
988 5691 1201 5757 Felix.

2132 5678 2255 5763 (56)
2287 5677 2528 5742 Graecus
2556 5692 2749 5751 error,
2780 5671 2869 5734 illi
2895 5669 3055 5752 genti
3084 5663 3424 5752 peculiaris.
