4160 6212
540 316 698 384 1163

1885 321 1928 385 ~J
1933 319 2027 384 US
2072 313 2523 383 CANONICUM

3767 309 3918 375 1164

540 453 844 519 mentione
871 452 1070 516 throni
1105 451 1740 534 ConstantinOpolitaui
1769 453 1943 530 facta,
1975 456 2176 516 Romae

2275 452 2478 512 Ξέδωκεν
2511 455 2644 524 αὖτῆ
2689 455 2755 513 τὰ
2806 452 3066 534 πρεσϐεῖα
3135 455 3231 523 τῆς
3273 454 3505 519 παλαιᾶς
3560 444 3806 528 Ῥώμης,
3843 447 3926 503 δά

539 543 763 607 veteris
791 543 876 606 illi
909 541 1224 605 honoraria
1246 541 1385 622 jura
1425 541 1656 621 tribuit,
1687 551 2001 624 propterea
2029 544 2185 626 quod

541 640 701 696 esset
744 632 832 713 (ut
859 631 1046 714 ipsius
1074 629 1272 694 verbis
1299 633 1452 712 utar)
1479 634 1669 697 Roma
1699 651 1883 696 nova:
1906 632 2189 714 quemad-

542 721 787 785 modum
837 722 965 784 haec
1014 720 1277 784 secundo
1336 728 1395 783 et
1450 725 1622 784 tertio
1671 722 1878 804 synodi
1917 722 2185 803 ejusdem

543 829 770 875 canone
812 811 1210 874 declarantur.
1243 808 1322 874 Ut
1373 821 1572 875 autem
1625 809 1818 875 bonus
1869 812 2037 892 ordo,
2089 829 2186 874 res

543 900 810 964 omnium
876 899 1313 981 pulcherrima,
1369 899 1431 961 in
1489 899 1892 965 Ecclesiarum
1948 918 2185 982 quoque

542 988 834 1072 capitibus
872 988 1142 1071 periude,
1190 996 1480 1064 servetur,
1524 997 1700 1072 atque
1744 989 2093 1054 caelestibus
2123 989 2183 1051 in

543 1077 879 1153 ordinibus,
913 1077 1115 1142 divina
1155 1085 1216 1140 et
1268 1077 1620 1140 universalis
1673 1087 1876 1142 sancta
1903 1078 2182 1160 synodus,

541 1168 607 1233 in
635 1167 842 1232 Trullo
873 1167 1118 1249 majoris
1171 1166 1370 1248 palatii
1426 1176 1654 1250 coacta,
1708 1187 1840 1250 quae
1895 1169 2100 1250 quinta
2128 1175 2188 1231 et

541 1265 708 1323 sexta
735 1257 980 1337 dicitur,
1005 1257 1138 1321 haec
1164 1255 1406 1320 disertis
1434 1256 1630 1320 verbis
1659 1257 1947 1321 decrevit.

623 1346 1011 1411 Renovantes
1049 1362 1144 1428 ea,
1186 1363 1324 1426 qua:
1372 1367 1409 1407 a
1454 1355 1694 1410 centum
1745 1349 2197 1429 quinquaginta

543 1438 772 1500 sanctis
792 1435 1111 1510 Patribus,
1134 1435 1202 1498 in
1238 1435 1537 1498 mtodita
1553 1436 1852 1500 divinitus
1863 1444 1920 1501 et
1937 1439 2198 1519 impera-

550 1527 714 1591 toria
727 1524 876 1588 urbe
889 1525 1316 1604 congressis,et
1335 1542 1374 1586 a
1391 1531 1694 1589 sexcentis
1713 1544 1783 1589 ac
1805 1529 1890 1590 tri
1892 1528 2194 1608 ginta,qui

549 1613 1608 1694 Chalcedoneconvenemnt,sancita
1617 1617 2187 1693 sunt:decernimus,
2212 1629 2253 1680 B
2274 1611 2329 1668 ἐν

543 1713 618 1768 ιιι
637 1703 890 1767 thronus
906 1703 1478 1784 Constantinopolis
1494 1704 1829 1785 aequalibus
1847 1705 2194 1770 honorariis

547 1793 805 1873 fruatur
813 1792 1049 1868 iuribus
1059 1792 1274 1872 quibus
1286 1791 1713 1856 veterisRomce
1731 1793 2194 1875 tlwonusmtque

541 1900 758 1964 parem
765 1899 902 1945 cum
912 1880 1021 1944 illo
1036 1880 1521 1945 ccclesiasticisin
1533 1881 1703 1946 rebus
1728 1883 2192 1966 amplitudinem

551 1972 838 2048 obtineat,
859 1978 918 2034 et
940 1971 1018 2033 ab
1046 1970 1158 2034 illo
1171 1971 1478 2034 secundus
1495 1972 1578 2036 sit
1602 1991 1616 2036 :
1648 1980 1789 2054 post
1817 1992 2020 2053 quam,
2051 1991 2190 2037 nta-

547 2078 686 2143 gna
711 2060 887 2125 urbis
909 2059 1346 2124 Alexandrina
1357 2059 1610 2124 thronus
1637 2064 2191 2126 numereturzdein-

549 2151 646 2234 de,
679 2149 1094 2215 Antiochenus
1129 2169 1145 2212 :
1178 2156 1397 2231 etpost
1423 2149 1603 2231 hunc,
1636 2151 1809 2214 urbis
1835 2152 2191 2236 Hierosoly-

548 2243 799 2305 mitante
826 2239 1429 2321 thronus.Propterea
1452 2239 1782 2302 secundum
1799 2240 1882 2317 id,
1901 2241 2056 2322 quod
2080 2242 2193 2305 hoc

548 2347 777 2392 canone
805 2328 1166 2405 continetur,
1199 2347 1270 2390 ex
1299 2346 1370 2391 eo
1398 2336 1670 2410 tempore
1701 2329 1818 2391 huc
1847 2348 2196 2412 usque,san-

549 2419 950 2484 ctissimorum
1004 2420 1254 2482 istorum
1297 2418 1564 2500 quinque
1615 2417 1899 2482 soliorum
1955 2438 2196 2499 magnos

549 2508 864 2593 pontiﬁces
891 2527 1000 2590 per
1028 2507 1234 2570 orbem
1257 2508 1594 2571 universum
1617 2507 1728 2570 hoc
1744 2511 1924 2572 modo
1943 2527 2196 2572 venera-

533 2605 702 2660 'mur.
714 2597 950 2660 Etenim
978 2597 1142 2677 juxta
1168 2615 1336 2678 papae
1351 2597 1568 2661 veteris
1591 2595 1793 2660 Romae
1815 2598 1888 2659 ab
1911 2596 2193 2660 Ecclesiis

550 2685 860 2762 abscissio,
895 2685 1144 2748 minime
1184 2685 1458 2748 ordinem
1509 2686 1860 2748 canonicum
1910 2685 2188 2750 abolevit.

551 2777 852 2840 Pmterea
897 2773 1127 2856 primus
1170 2774 1456 2837 adversus
1505 2775 1836 2838 secundum
1894 2794 2027 2839 sese
2073 2795 2193 2839 non

554 2863 748 2938 eﬁ'ert,
806 2881 1001 2946 neque
1055 2862 1356 2926 secundus
1409 2863 1692 2926 adversus
1743 2863 1980 2926 tertium
2034 2865 2192 2929 :sed

2267 543 2328 598 τὸ
2357 543 2500 600 εἶναι
2544 545 2741 612 ταύτην
2771 543 2949 625 (φησὶ)
3004 545 3123 601 νέαν
3183 535 3418 625 Ῥώμην,
3489 543 3662 605 καθὼς
3719 538 3926 606 δηλοῖ)-

2266 653 2351 687 ται
2407 633 2471 688 τὰ
2539 635 2658 713 περὶ
2726 634 2910 691 τούτου
2965 633 3074 690 ἀπὸ
3142 640 3234 691 τοῦ
3297 632 3534 712 δευτέρου
3600 633 3693 686 καὶ
3747 628 3928 706 τρίτου

2267 720 2485 786 κανόνος
2517 726 2616 789 τῆς
2647 726 2810 790 αὐτῆς
2839 719 3076 783 συνόδου.
3115 712 3240 782 Ἵνα
3268 720 3323 778 δὲ
3365 724 3426 779 τὸ
3467 718 3755 778 κάλλιπον
3783 720 3927 797 χρῆ·

2267 831 2343 885 μα
2409 815 2510 878 τῆς
2563 809 2798 877 εὐταξίας
2855 813 2944 868 καὶ
3013 813 3087 875 εἰς
3130 811 3223 878 τὰς
3289 809 3524 892 κεφαλὰς
3583 808 3926 887 φυλάττηται

2265 903 2372 955 τῶν
2405 895 2762 981 Ἐκκλησιῶν,
2795 899 2974 979 ὥσπερ
3003 901 3091 958 καὶ
3145 902 3220 965 εἰς
3257 901 3324 958 τὰ
3372 901 3582 980 οὒράνια
3637 898 3924 976 τάγματα,

2265 988 2453 1068 ὥρισεν
2497 990 2552 1047 ἐν
2601 999 2679 1068 τῷ
2738 991 2986 1072 Τρούλλῳ
3045 999 3139 1050 τοῦ
3195 990 3428 1071 μεγάλου
3497 989 3759 1047 παλατίου
3828 1009 3928 1042 συ-

2266 1085 2432 1136 στᾶσα
2513 1080 2622 1140 θεία
2673 1082 2760 1139 καὶ
2816 1081 3153 1158 οἰκουμενικὴ
3223 1081 3346 1160 ἁγία
3423 1077 3658 1154 σύνοδος,
3723 1079 3760 1146 ἦ
3839 1075 3929 1132 τιῖῖ

2270 1167 2529 1237 πενθέκτη
2557 1168 2846 1250 λεγομένη,
2878 1178 3043 1229 ταῦτα
3069 1171 3267 1250 ῥητῶς.

2362 1367 2391 1401 ι
2426 1344 2820 1424 Ἀνανεούμενοι
2899 1349 2965 1406 τὰ
3013 1350 3156 1428 παρᾶ
3200 1355 3304 1406 τῶν
3367 1336 3447 1426 ρν’
3529 1347 3698 1426 ἁγίων
3756 1342 3933 1400 Πατέ-

2279 1456 2404 1511 ρων,
2476 1441 2581 1492 τῶν
2635 1437 2691 1494 ἐν
2743 1444 2813 1515 τῇ
2881 1435 3218 1516 θεοφυλάκτῳ
3295 1439 3382 1495 καὶ
3463 1433 3690 1513 βασιλίδι
3759 1434 3923 1488 πόλει

2276 1522 2647 1602 συνελθόντων,
2709 1528 2797 1582 καὶ
2879 1530 2985 1582 τῶν
3061 1525 3344 1592 ἑξακοσίων
3434 1525 3718 1605 τριάκοντα
3814 1525 3928 1577 τῶν

2484 1612 2782 1682 Χαλκηδόνι
2916 1613 3266 1674 συνελθόντων
3411 1612 3875 1691 νενομοθετημένα
3909 1623 3925 1639 ⁸

2275 1703 2540 1781 ὁρίζομεν,
2651 1702 2790 1761 ὥστε
2898 1705 2992 1760 τὸν
3101 1708 3202 1771 τῆς
3315 1700 3929 1762 Κωνσταντινουπόλεως

2272 1791 2454 1870 θρόνον
2534 1797 2643 1848 τῶν
2692 1792 2858 1872 ,ἴσων
2940 1791 3220 1851 ἀπολαύειν
3304 1791 3588 1872 πρεσϐείων
3653 1798 3750 1848 τοῦ
3824 1794 3932 1854 τῆς

2273 1877 2622 1960 πρεσϐυτέρας
2686 1871 2895 1958 Ῥώμης
2948 1882 3151 1962 θρόνου,
3224 1884 3314 1939 καὶ
3388 1882 3442 1939 ἐν
3531 1881 3652 1946 τοῖς
3715 1877 3928 1944 ἐκκλη-

2276 1982 2576 2034 σιαστικοτς
2661 1971 2735 2036 ὡς
2832 1969 3039 2030 ἐκεῖνον
3133 1969 3511 2049 μεγαλύνεσθαι
3615 1970 3926 2048 πράγμασι,

2274 2056 2512 2138 δεύτερον
2569 2057 2689 2136 μετ’
2773 2059 2978 2119 ἐκεῖνον
3053 2061 3362 2141 ὑπάρχοντα
3399 2081 3411 2094 ·
3479 2057 3592 2136 μεθ’
3636 2061 3696 2115 ὃν
3740 2060 3769 2114 ὃ
3825 2062 3930 2122 τῆς

2275 2144 2665 2228 Ἀλεξανδρείας
2767 2149 3181 2228 μεγαλοπόλεως
3287 2150 3601 2230 ἆριθμείσθω
3677 2147 3869 2227 θρόνος
3905 2165 3925 2182 ⁸

2273 2236 2396 2293 εἶτα
2482 2239 2580 2305 τῆς
2610 2239 2716 2295 τῶν
2760 2238 3086 2320 Ἀντιοχέων
3113 2258 3128 2274 ⁸
3181 2241 3270 2298 καὶ
3328 2241 3462 2315 μετὰ
3509 2247 3716 2317 τώτον,
3764 2239 3794 2293 ὁ
3821 2240 3929 2302 τῆς

2276 2331 2382 2382 τῶν
2442 2317 2874 2406 Ἱεροσολυμιτῶν
2941 2327 3174 2393 πόλεως.
3261 2330 3354 2385 Διὸ
3443 2329 3531 2385 καὶ
3624 2327 3764 2382 κατᾶ
3820 2325 3927 2389 τὴν

2275 2414 2456 2472 τούτου
2485 2415 2794 2496 περιληψιν,
2853 2417 3038 2474 ἔκτοτε
3106 2418 3192 2474 καὶ
3244 2417 3409 2497 μέχρι
3463 2423 3555 2474 τοῦ
3610 2421 3696 2472 νῦν
3744 2417 3791 2472 oi
3817 2415 3927 2469 τῶν

2276 2505 2524 2563 τοιούτων
2577 2505 2734 2562 πέντε
2804 2506 3115 2585 ἁγιωτάτων
3190 2507 3386 2585 θρόνων
3442 2503 3666 2584 μεγάλοι
3723 2503 3927 2582 ἀρχιε-

2278 2604 2391 2670 ρεῖς
2419 2592 2559 2651 οὕτω
2616 2595 2751 2651 κατὰ
2807 2601 2981 2653 πᾶσαν
3047 2595 3148 2664 τὴν
3217 2593 3531 2670 οἰκουμένην
3587 2589 3924 2662 σεῦάζονται.

2271 2687 2374 2739 Τοῦ
2432 2682 2532 2762 γὰρ
2586 2682 2737 2744 πάπα
2806 2685 2903 2751 τῆς
2959 2681 3192 2747 παλαιᾶς
3252 2673 3462 2758 Ῥώμης
3517 2683 3552 2749 ἡ
3619 2678 3797 2736 δικαία
3866 2680 3931 2734 ἐκ

2271 2775 2377 2825 τ-ίῦν
2435 2767 2767 2839 Ἐκκλησιῶν
2850 2771 3079 2847 ἐκκοπὴ,
3166 2773 3266 2840 τήν
3348 2771 3634 2837 κανονικὴν
3684 2765 3931 2833 εὒταξίαν

2271 2858 2367 2915 οὒκ
2395 2857 2722 2950 ἐλυμήνατο.
2754 2862 2901 2941 Παρὰ
2956 2869 3111 2921 τοῦτο
3155 2858 3235 2942 δὲ,
3286 2867 3382 2916 τοῦ
3432 2857 3668 2937 δεύτέρου
3691 2859 3719 2912 ὁ
3766 2861 3928 2934 πρῶ-

553 2971 688 3017 cum
715 2953 898 3016 instar
923 2953 1185 3034 quinque
1213 2970 1494 3015 sensuum
1524 2951 1733 3032 capitis
1762 2952 1939 3015 unius
1961 2954 2090 3035 (qui
2113 2963 2190 3019 tot

2275 2969 2364 3012 τος
2393 2950 2455 3006 οὗ
2507 2945 2902 3030 κατεπαίρεται,
2962 2947 3078 3009 οὐδὲ
3137 2959 3226 3009 τοῦ
3282 2953 3457 3030 τρίτου
3526 2950 3554 3004 ὁ
3625 2945 3872 3026 δεύτερος
3909 2963 3925 2978 ⁸

555 3059 689 3106 esse
734 3059 986 3104 numero
1033 3040 1334 3117 dicuntur,
1384 3059 1496 3104 nec
1525 3039 1868 3104 dividuntur
1897 3034 2095 3106 tamen
2130 3044 2190 3108 in

2275 3034 2395 3093 ἄλλ’
2439 3039 2512 3104 ὡς
2567 3039 2833 3110 αἰσθήσεις
2891 3037 3046 3096 πέντε
3116 3045 3242 3114 μιᾶς
3298 3035 3535 3118 κεφαλῆς
3590 3036 3932 3111 ἀριθμούμε-

536 3131 774 3214 partes)
800 3129 956 3212 apud
988 3129 1269 3212 populum
1319 3129 1718 3196 Christianum
1743 3130 2190 3208 habeantur,di-

2285 3147 2369 3214 ναι
2397 3130 2482 3184 καὶ
2537 3132 2615 3204 μὴ
2667 3133 3026 3208 μεριζόμεναι,
3086 3129 3228 3207 παρᾶ
3281 3135 3360 3203 τῷ
3415 3127 3777 3207 χριστωνύμῳ
3816 3123 3935 3197 λαῷ

551 3212 776 3302 έιιὶιειθ
820 3219 1208 3282 nihilominus
1258 3238 1430 3302 pares
1474 3228 1612 3282 sunt
1659 3220 1722 3281 in
1772 3220 2093 3299 omnibus;
2143 3239 2190 3291 el

2284 3212 2638 3298 λογιζόμενοι,
2693 3218 2956 3293 ἰσοτιμίαν
3012 3216 3066 3274 ἐν
3125 3217 3320 3273 ἅπασιν
3387 3215 3596 3302 ἔχουσι,
3772 3214 3934 3291 κάραι

554 3301 690 3374 cum
721 3308 918 3392 capita
945 3301 1286 3372 sanctarum
1318 3327 1424 3391 per
1451 3309 1789 3371 universam
1837 3309 2045 3373 orbem
2085 3312 2190 3378 Ec-

2282 3310 2389 3360 τῶν
2427 3305 2562 3362 κατὰ
2617 3311 2790 3364 πᾶσαν
2847 3306 2947 3374 τὴν
3002 3305 3316 3382 οἰκουμένην
3370 3305 3532 3382 ἁγίων
3587 3301 3935 3369 Ἐκκλησιιῖιν

555 3390 874 3463 clesiarum
905 3397 1015 3461 Dei
1052 3399 1190 3479 jure
1218 3390 1512 3475 dicantur,
1545 3397 1739 3460 locum
1773 3397 1836 3460 in
1865 3399 1952 3461 eis
1981 3400 2190 3466 discri-

2280 3401 2374 3452 τοῦ
2442 3400 2572 3450 Θεοῦ
2615 3391 2826 3460 δικαίως
2881 3392 3218 3474 καλούμενοι,
3291 3391 3539 3471 διαφορὰν
3591 3390 3933 3469 ἀνθρωπίνην

553 3507 694 3552 men
723 3487 796 3550 ab
826 3487 1172 3551 hominibus
1217 3495 1498 3550 statutum
1545 3486 1768 3550 habere
1798 3506 1916 3550 non
1948 3499 2145 3570 potest
2176 3512 2190 3557 :

2281 3480 2340 3570 οὐ
2405 3482 2704 3562 πάσχουσιν
2743 3501 2758 3516 ⁸
2819 3481 2936 3539 οὐδὲ
3005 3484 3141 3540 κατὰ
3210 3479 3615 3559 σμικρολόγους,
3664 3481 3694 3534 ὁ
3745 3479 3933 3542 πᾶπας

552 3595 749 3661 neque
779 3577 856 3640 de
903 3576 1201 3641 sententia
1250 3575 1642 3660 quorumdam
1687 3595 1806 3638 non
1837 3560 2032 3657 magni
2062 3599 2190 3642 mo-

2282 3560 2492 3646 εΡώμης
2520 3560 2864 3652 ήύϐριοπαθετ,
2899 3571 2980 3628 ὅτι
3011 3571 3168 3638 αὐτὸς
3207 3571 3305 3647 μὲν
3335 3567 3416 3626 διὰ
3469 3567 3563 3626 τοῦ
3591 3577 3628 3626 Ρ
3658 3568 3935 3648 στοιχείου

554 3658 742 3731 menti
768 3685 869 3730 res
895 3658 1294 3744 afferentium‘,
1347 3683 1512 3748 papae
1557 3664 1822 3728 Romano
1883 3676 2190 3749 propterea

2277 3680 2452 3738 τριτος
2519 3667 2588 3738 τῇ
2640 3659 2777 3718 θέσει
2849 3682 2954 3719 των
3030 3661 3358 3742 γραμμάτων
3427 3658 3932 3737 κατεστοιχείωται,

555 3755 623 3818 ﬁt
651 3755 889 3835 injuria,
921 3757 1082 3835 quod
1111 3753 1240 3835 ipse
1270 3746 1520 3836 propter
1565 3753 1820 3816 litteram
1869 3746 1920 3816 R
1967 3746 2115 3838 (37),
2150 3765 2190 3826 si

2285 3749 2313 3804 ὁ
2365 3746 2420 3806 δὲ
2478 3749 3080 3816 Κωνσταντινουπόλεως
3133 3749 3217 3807 διὰ
3271 3748 3364 3806 τοῦ
3447 3758 3489 3806 Κ
3547 3752 3769 3823 τιμᾶται
3849 3749 3932 3803 καὶ

554 3843 884 3906 litterarum
913 3842 1288 3906 collationem
1317 3841 1731 3924 respiciamus,
1766 3843 1973 3906 tertius
2004 3835 2075 3906 in,
2095 3835 2190 3908 or-

2282 3839 2670 3918 προτερεύεται.
2745 3838 2873 3898 Οὐδὲ
2929 3837 3221 3897 σκανδάλου
3276 3835 3502 3918 πάροδος
3573 3856 3768 3914 γεγονε
3831 3836 3932 3911 μὲ-

557 3930 698 3994 dine
729 3929 848 4005 sit;
878 3937 938 3992 et
979 3929 1189 3992 eadem
1239 3930 1471 3995 ratione
1517 3929 2190 4013 Constantinopolitanae

2281 3948 2374 3984 σον
2401 3927 2492 3985 τοῦ
2547 3926 2936 4009 Ἀλεξανδρείας
3021 3930 3109 3986 καὶ
3190 3934 3283 3986 τοῦ
3333 3925 3694 4006 Ἀντιοχείας,
3770 3926 3932 4004 χάριν

553 4035 666 4100 per
692 4021 734 4083 C
765 4017 1020 4080 litteram
1051 4019 1471 4096 honoretur,ac
1492 4018 1749 4100 priorem
1772 4020 1968 4082 locum
1992 4040 2190 4085 conse-

2278 4024 2370 4075 τοῦ
2420 4017 2560 4098 ἄλφα
2611 4022 2898 4102 στοιχείου,
2961 4023 3035 4085 ὡς
3078 4021 3299 4078 ἑκάστου
3379 4019 3550 4075 αὐτῶν
3628 4014 3932 4091 ἶδιουμένου

557 4113 792 4188 quatur.
823 4107 948 4170 Nec
979 4106 1295 4170 oﬂ‘ensioni
1349 4115 1554 4189 aperta
1595 4107 1856 4171 fenestra
1905 4109 2016 4172 fuit
2044 4109 2190 4174 inter

2281 4107 2373 4162 τὸν
2401 4107 2675 4187 πρότερον·
2721 4107 2840 4164 ἀλλ’
2886 4109 3063 4189 ὥσπερ
3119 4110 3154 4178 ἡ
3205 4107 3400 4170 πεντὰς
3466 4111 3572 4163 τῶν
3621 4107 3928 4174 αἶσθῆσεων

555 4195 1022 4258 Alexandrinum
1056 4204 1114 4260 et
1139 4195 1600 4273 Antiochenum,
1635 4197 1898 4277 proterA
1920 4198 2190 4282 litteram,

2283 4208 2500 4274 στοιχετ
2538 4201 2607 4272 τῇ
2633 4194 2911 4254 διαπλάσει
2973 4204 3068 4256 τοῦ
3108 4196 3486 4279 ἀρχιτέκτονος
3528 4195 3617 4251 καὶ
3689 4192 3936 4252 πλάστου

555 4285 714 4348 velut
744 4303 951 4348 eorum
983 4283 1252 4368 quolibet
1293 4285 1486 4348 locum
1531 4284 1648 4347 sibi
1695 4285 1954 4366 priorem
1999 4287 2190 4350 vindi-

2285 4289 2436 4364 Θεοῦ,
2468 4284 2555 4340 καὶ
2584 4287 2643 4344 οὗ
2671 4286 2987 4367 κατατρέχει
3045 4289 3212 4366 τυχὸν
3269 4288 3303 4354 ἡ
3360 4283 3538 4365 ὅρασις
3588 4288 3687 4350 τῆς
3716 4284 3937 4364 ὀσφρή-

555 4383 760 4440 cante:
794 4375 898 4437 sed
929 4359 1431 4458 quemadmodum
1449 4359 1754 4456 quinarius
1774 4374 1875 4437 ille
1893 4394 2190 4452 sensuum,

2285 4359 2439 4445 σεως,
2473 4371 2588 4428 οὐδὲ
2612 4373 2649 4440 ὴ
2679 4373 2816 4444 ἀκοὴ
2840 4359 2851 4365 ’
2874 4359 2975 4444 «6%,;
3027 4359 3167 4456 ἁφῆς
3217 4376 3306 4431 καὶ
3374 4359 3474 4441 τῆς
3530 4359 3814 4451 γεύσεως,⁷
3834 4359 3938 4427 ὅτι

555 4463 870 4528 architecti
895 4457 965 4528 et
983 4463 1310 4528 conditoris
1345 4463 1452 4526 Dei
1480 4462 1822 4526 formationi
1850 4465 2190 4546 respondet,

2284 4459 2408 4541 παρ’
2458 4461 2598 4537 ἡμῖν
2668 4461 2805 4519 οὕτω
2858 4486 2972 4529 πως
3022 4464 3367 4541 ὀνομάζονται
3400 4477 3414 4491 ·
3474 4459 3639 4524 οὕτως
3700 4457 3824 4516 οἵ)δέ
3854 4481 3940 4522 τις

557 4572 672 4617 nec
700 4561 978 4636 aspectus
1007 4551 1190 4633 (verbi
1218 4552 1427 4634 gratia)
1455 4552 1792 4628 odoratum,
1826 4571 1938 4615 nec
1965 4553 2190 4616 auditus

2282 4555 2388 4607 τῶν
2417 4550 2726 4629 ἂγιωσάτων
2789 4559 3132 4634 πατριαρχῶν
3198 4551 3259 4608 ἐκ
3309 4555 3416 4606 τῶν
3466 4548 3616 4605 θείων
3685 4550 3942 4604 κανόνων

557 4634 788 4707 tactum
825 4643 917 4706 vel
967 4650 1259 4724 gustatum
1303 4643 1598 4707 hostiliter
1644 4661 1774 4705 eam
1827 4641 1902 4705 ob
1961 4663 2190 4706 causam

2283 4639 2444 4697 τόπον
2500 4637 2910 4719 κληρωσάμενος
2994 4643 3268 4722 πρότερον,
3349 4637 3443 4695 τοῦ
3525 4634 3773 4716 δευτέρω
3851 4641 3942 4694 καὶ

555 4731 806 4814 invadit,
836 4733 998 4814 quod
1020 4751 1234 4796 eorum
1254 4733 1498 4796 nomina
1517 4731 1668 4794 forte
1687 4732 1784 4794 tali
1803 4732 1959 4794 serie
1979 4750 2014 4794 a
2031 4732 2190 4794 nobis

2282 4738 2376 4788 τοῦ
2403 4725 2520 4804 μετ’
2551 4729 2705 4786 αὐτὸν
2734 4731 2807 4794 ὡς
2850 4732 3150 4813 ὑπερφέρων
3178 4727 3568 4800 ἀλαζονεύεται.

558 4812 935 4904 proferantur
967 4840 982 4885 :
1007 4823 1093 4888 ita
1121 4841 1233 4886 nec
1260 4822 1765 4887 sanctissimorum
1797 4822 2267 4902 patriarcharum
2295 4815 2528 4899 aliquis,
2561 4816 2658 4880 cui
2682 4835 2791 4898 per
2820 4812 3047 4882 divinOs
3074 4834 3336 4882 canones
3356 4813 3583 4898 primus
3603 4812 3945 4877 attributus

558 4917 651 4974 est
676 4910 864 4988 locus,
899 4911 1184 4975 adversus
1211 4912 1569 4992 secundum,
1602 4920 1660 4974 et
1689 4910 2021 4991 proximum
2052 4910 2126 4972 ad
2157 4911 2293 4984 hoc,
2324 4912 2668 4984 arroganter
2693 4915 2884 4971 semet
2913 4909 3101 4974 eﬂ‘ert.

638 4999 789 5074 Quia
821 5019 958 5064 vero
989 5000 1263 5064 nonnulli
1291 5001 1647 5079 dicunt,non
1677 5018 1807 5062 esse
1837 4999 2190 5080 permissum

2358 4997 2506 5054 Ἐπεὶ
2535 4994 2588 5052 δέ
2616 5018 2753 5064 τινες
2781 4995 3043 5080 λέγουσιν,
3101 5001 3175 5066 ὡς
3233 5002 3327 5059 οὐκ
3374 4998 3580 5078 ἐφεῖται
3627 5001 3709 5070 τῷ
3765 4995 3940 5056 Ἀλε-

556 5089 962 5153 Alexandrino
986 5089 1077 5152 vel
1105 5089 1503 5167 Antiocheno,
1536 5087 1702 5152 verbi
1732 5088 1940 5168 gratia,
1971 5097 2035 5150 ut
2061 5107 2190 5150 cum

2279 5082 2539 5164 ξανδρείας
2601 5084 2636 5154 ἢ
2678 5093 2755 5162 τῷ
2827 5087 3157 5169 ’Δντιοχείας
3209 5089 3399 5169 τυχὸν,
3457 5085 3593 5162 μετὰ
3647 5083 3942 5164 λαμπάδος

557 5177 834 5260 lampade
865 5178 956 5242 vel
976 5178 1105 5242 face
1134 5179 1517 5260 patriarcliali
1563 5176 1744 5240 faciat
1771 5175 1851 5238 ite
1880 5176 1952 5239 ad
1987 5175 2190 5240 urbem

2279 5179 2676 5253 πατριαρχικῆς
2714 5176 2810 5241 τὰς
2840 5173 3136 5257 ὁδοιπορίας
3191 5177 3372 5235 ποιεῖν
3417 5177 3489 5240 εἰς
3539 5173 3640 5242 τὴν
3682 5181 3798 5231 τῶν
3825 5177 3942 5234 πό.

557 5265 1032 5348 imperatoriam,
1075 5267 1166 5329 vel
1224 5267 1288 5330 in
1334 5267 1509 5332 aliam
1556 5264 1888 5342 dimcesin;
1935 5265 2190 5347 exceptis

2280 5261 2416 5320 λεων
2457 5261 2854 5344 βασιλεύουσαν,
2897 5267 2933 5336 ἢ
2990 5269 3064 5332 εἰς
3116 5267 3296 5347 ἑτέραν
3351 5264 3632 5341 διοίκησιν,
3665 5268 3819 5348 παρᾶ
3849 5268 3949 5331 τὰς

556 5344 675 5419 illis
731 5355 1071 5437 provinciis,
1105 5375 1238 5439 quas
1283 5375 1393 5440 per
1447 5373 1707 5419 canones
1761 5353 1848 5416 eis
1901 5344 2190 5418 attributa

2281 5352 2702 5428 ἀπονεμηθεσίας
2729 5354 2835 5412 ἀπὸ
2915 5363 3022 5414 τῶν
3097 5344 3332 5416 κανόνων
3405 5355 3610 5417 αὺτοῖς.
3694 5344 3764 5412 Ἠ
3843 5358 3948 5436 γὰρ

1877 5521 2139 5587 VARUE
2165 5517 2596 5586 LECTIONES.

644 5686 769 5769 (57)
799 5686 943 5760 Quia
972 5686 1164 5770 prima
1195 5685 1373 5749 estin
1401 5684 1686 5749 vocabulo
1712 5683 1941 5748 Romae.
