4160 6212
269 335 299 399 1
318 338 339 401 ί
352 337 432 401 65
1610 340 1910 406 GMCO-I

1993 342 2314 408 DMANUM.
3468 352 3645 421 1166

261 468 489 551 λαμπὰς
560 481 655 533 τοῦ
723 472 1113 553 διδπκαλικώ,
1161 476 1339 555 φασὶν,
1398 474 1536 531 ἐστὶν
1592 472 1909 550 ἀξιώματος.

2000 478 2157 533 sunt.
2191 472 2427 555 Quippe
2476 473 2592 550 fax,
2639 475 2936 558 inquiunt,
2968 477 3042 542 ad
3071 478 3333 544 ofﬁcium
3372 480 3648 547 doctoris

257 560 401 642 Παρ’
475 563 678 653 ἐνορίαν
749 563 803 621 δὲ
873 562 1134 622 διδάσκειν
1204 567 1300 624 οὒκ
1376 563 1582 653 ἐφεῖται
1652 563 1910 653 ἀρχιερεῖ1

2002 569 2252 653 spectat.
2288 561 2464 625 Extra
2497 566 2862 647 provinciam
2883 585 3023 630 vero
3052 566 3298 648 docere,
3329 564 3452 633 non
3499 589 3644 653 per-

255 653 406 709 δαατὰ
434 654 525 709 τὸν
553 643 609 710 κ’
688 654 885 712 κανόνα
941 660 1041 722 τῆς
1082 653 1135 709 ἐν
1205 655 1281 729 τῷ
1337 643 1582 733 Τρούλλῳ
1637 652 1790 730 ἁγίας
1833 653 1910 709 καῖ

2003 648 2251 737 missum
2313 658 2404 713 est
2459 643 2765 737 pontifici;
2819 656 3148 719 secundum
3219 643 3517 722 canoneni
3564 677 3645 723 xx

256 742 638 818 οίκουμενικῆς
703 742 865 811 ἕκτης
947 741 1184 805 συνόδου.
1248 745 1345 801 Καὶ
1424 744 1498 806 είς
1581 740 1910 798 ἒπισύστασιν

2002 734 2220 827 habitae
2249 738 2308 800 in
2340 734 2545 804 Trullo
2575 734 2795 807 sanctae
2844 753 3020 827 atque
3069 744 3421 810 universalis
3465 755 3645 811 sextae

258 826 421 897 δῆθεν
448 837 541 888 τοῦ
578 829 740 912 λόγου
788 833 982 908 αὐτῶν,
1031 833 1120 889 καὶ
1181 844 1299 897 τοτς
1354 830 1726 911 εὖαγγελικοτς
1785 830 1910 886 ἄπο-

1999 825 2228 905 synodi.
2260 828 2337 891 Et
2390 830 2466 892 ad
2521 825 2990 897 confirmandam
3048 834 3280 899 scilicet
3333 837 3487 900 hanc
3542 856 3644 900 ra-

261 920 505 998 χρῶνται
573 921 796 1000 ῥήμασι,
858 921 949 978 καὶ
1003 919 1267 1000 λέγουσι’
1329 919 1610 997 Λαμψάτω
1670 921 1734 975 τὸ
1802 926 1910 999 φῶς

1998 912 2220 977 tionem
2270 934 2464 1000 suam,
2522 921 2881 1002 evangelicis
2931 941 3167 1005 quoque
3224 923 3425 989 verbis
3479 924 3649 989 hisce

262 1007 415 1083 ὑμῶν
486 1007 775 1089 ἔμπροσθεν
858 1014 966 1067 τῶν
1077 1009 1387 1089 ἀνθρώπων.
1480 1006 1910 1089 Ἀκουσάτωσαν,

1997 1010 2289 1089 utuntur:
2341 1004 2560 1071 Luceat
2614 1008 2715 1073 lux
2772 1004 2966 1074 vestra
3015 1004 3216 1075 coram
3273 1013 3644 1077 hominibus.

264 1097 342 1162 ὣς
383 1100 454 1185 σί,
476 1098 720 1175 βασιλεῖς
768 1100 856 1157 καὶ
908 1101 956 1156 οἱ
1022 1088 1348 1180 πατριάρχαι
1402 1096 1785 1178 μεγαλύνονται
1815 1088 1910 1174 μὲν

1993 1088 2251 1156 Audiant
2296 1094 2381 1185 hi,
2416 1103 2533 1158 tam
2566 1098 2641 1161 ad
2670 1099 3129 1179 amplitudinem
3168 1101 3644 1185 imperatoriam,

264 1187 355 1243 καὶ
437 1184 832 1255 διδασκαλικοῖς
889 1187 1175 1266 ἀξιώμασι,
1274 1187 1359 1244 διὰ
1425 1187 1525 1255 τὴν
1592 1192 1685 1245 τοῦ
1762 1186 1910 1267 ἁγίου

1996 1195 2171 1259 quam
2235 1183 2714 1274 patriarchalem,
2768 1188 2962 1252 ofﬁcia
3005 1183 3272 1254 docendi
3314 1191 3643 1274 pertinere,

265 1275 561 1355 χρίσματος
586 1275 801 1355 δύναμιν
836 1294 850 1309 ·
912 1278 1143 1337 ἐντεῦθεν
1196 1278 1297 1358 γὰρ
1351 1279 1398 1334 οἱ
1452 1276 1633 1335 πιστοὶ
1663 1275 1911 1336 δεσπόται

262 1364 351 1420 καὶ
380 1366 755 1447 αὐτοκράτορες
813 1367 1200 1448 κατηχητικῶς
1271 1363 1511 1428 ὁμιλοῦσι
1562 1372 1641 1441 τῷ
1667 1386 1908 1447 χριστω-

256 1452 413 1529 Δνύμῳ
440 1452 578 1531 λαῷ,
624 1455 661 1525 ἢ
687 1459 939 1532 θυμιῶσιν
983 1458 1054 1523 ὡς
1108 1458 1295 1536 ἱερεῖς,
1367 1456 1455 1512 καὶ
1510 1455 1646 1532 μετὰ
1673 1453 1907 1535 δικηρίου

262 1544 619 1622 σφραγίζουσι.
656 1545 806 1604 Κατὰ
830 1554 985 1605 τοῦτο
1052 1543 1107 1602 δὲ
1164 1547 1325 1622 μόνον
1369 1543 1612 1620 λαμπάσι
1671 1551 1905 1617 ζωννυο-

262 1631 446 1707 μέναις
476 1632 723 1714 ἂγρυροτς
772 1636 860 1692 καὶ
902 1632 1209 1715 διαχρύσοις
1266 1630 1409 1714 (οἷον
1469 1631 1669 1714 εἰπεῖν)
1716 1654 1907 1714 στεφα-

1994 1272 2584 1363 p_ropter_unctionis
2629 1294 2814 1341 sacrae
2866 1279 2985 1341 vim
3029 1287 3206 1362 atque
3259 1272 3642 1363 potestatem.

1991 1354 2143 1420 Hinc
2173 1360 2333 1423 enim
2365 1364 2657 1453 usuvenit,
2694 1373 2761 1429 ut
2788 1366 2999 1432 fideles
3029 1354 3333 1451 principes
3357 1378 3417 1434 et
3444 1370 3644 1453 impe-

1990 1453 2218 1540 ratores
2263 1452 2626 1517 catechetico
2676 1475 2841 1520 more
2885 1476 3021 1521 cum
3055 1458 3273 1540 populo
3304 1452 3640 1524 Christiano

1989 1534 2421 1622 colloquantur,
2451 1551 2553 1604 aut
2600 1544 2860 1608 sufﬁtum
2905 1534 3327 1611 faciant-more
3354 1548 3638 1612 sacerdo-

1990 1630 2205 1715 t_um,et
2222 1645 2357 1690 cum
2379 1647 2523 1693 cera
2540 1631 2769 1715 duplici
2785 1632 3351 1714 obsignenLVerum
3383 1637 3494 1700 hac
3515 1637 3642 1699 sola

259 1720 497 1797 νώμασιν
526 1712 619 1781 οὐκ
659 1712 1134 1800 ἀποσεμνύνονται,
1188 1721 1308 1781 ἀλλ’
1381 1722 1463 1781 ὅτι
1520 1724 1610 1781 καὶ
1653 1723 1787 1779 κατὰ
1814 1723 1906 1780 τὸν

1993 1712 2066 1820 de
2091 1733 2269 1820 causa
2311 1717 2567 1820 facibus,
2614 1712 2746 1820 quae
2794 1712 3099 1805 argenteis
3124 1733 3185 1788 et
3208 1726 3406 1790 aureis
3453 1727 3642 1820 (utita

262 1810 501 1888 οὐράνιον
559 1813 781 1891 γίγαντα
877 1814 941 1869 τὸ
1023 1812 1238 1892 κέντρον
1318 1814 1736 1894 καταφοπίζουτι
1804 1815 1904 1880 τῆς

1993 1800 2268 1894 dixerim)
2322 1800 2593 1872 corrollis
2632 1800 2894 1875 vcinctaa'
2912 1820 3071 1889 sunt,
3133 1833 3254 1877 non
3299 1800 3547 1878 utuntur
3574 1814 3639 1877 in

260 1897 549 1984 ὀρθοδοξίας
618 1914 737 1965 τοῖς
826 1901 1169 1983 άμαρύγμασι
1240 1903 1328 1959 καὶ
1393 1904 1428 1972 ἡ
1475 1892 1663 1969 ἔξοδος
1736 1904 1906 1961 αὐτῶν

1993 1892 2271 1984 pompis:
2309 1897 2416 1959 sed
2457 1897 2660 1981 etiam,
2721 1902 2880 1984 quod
2927 1902 3116 1965 instar
3169 1904 3428 1969 caelestis
3476 1904 3638 1969 illius

261 1976 360 2044 ἀπ’
384 1987 545 2069 ἄκρου
597 1987 794 2068 λάμπει
852 1976 952 2051 τοῦ,
1016 1976 1257 2071 όόρανοῦ,
1325 1992 1416 2048 καὶ
1469 1992 1532 2049 τὸ
1587 1990 1905 2067 κατάντημα

1993 1980 2239 2071 gigantis
2273 1983 2423 2066 (58),
2477 1987 2591 2050 hoc
2638 1976 2908 2054 centrum
2958 1993 3303 2056 orthodoxae
3346 1993 3640 2057 doctrinae

265 2077 437 2135 αὐτῶν
468 2075 569 2143 ἕως
617 2077 777 2160 ἄκρου
816 2080 996 2161 φθάνει
1050 2069 1145 2137 τοῦ
1184 2069 1405 2160 οὖρανοῦ
1450 2097 1464 2114 ⁸
1498 2079 1587 2137 καὶ
1640 2080 1736 2137 οὐκ
1764 2078 1905 2137 ἔστιν

1993 2069 2170 2161 radiis
2194 2072 2854 2161 collustrent:quodque
2882 2080 3097 2159 luceat,
3135 2100 3342 2145 eorum
3373 2080 3639 2160 egressio

267 2166 324 2231 ὃς
366 2171 467 2234 τῆς
509 2157 706 2248 θέρμης
753 2157 925 2226 αύτῶν
982 2157 1392 2248 ἀποκρύπτεται.
1464 2168 1522 2225 Εἰ
1576 2168 1676 2248 γὰρ
1748 2168 1910 2245 μόνον

1993 2157 2066 2219 ab
2088 2168 2361 2252 extremo
2391 2165 2563 2242 coelo,
2594 2157 2654 2230 et
2687 2157 2973 2232 occursus
3000 2157 3268 2252 ipsorum
3291 2170 3364 2234 ad
3394 2157 3641 2235 alteram

265 2252 350 2311 διὰ
376 2256 438 2312 τὸ
466 2246 575 2325 τῆς⁷
603 2255 939 2321 διδασκαλίας
1001 2246 1207 2334 ἀξίω-μα
1277 2262 1384 2313 τῶν
1439 2246 1688 2315 τοιούτων
1761 2256 1910 2334 λαμ-

1994 2246 2129 2310 οωΙί
2150 2251 2350 2314 tendat
2379 2255 2811 2320 extremitatem
2844 2277 2860 2319 :
2894 2246 3297 2322 cum-interim
3328 2278 3506 2326 nemo
3538 2259 3638 2326 sit.

264 2342 443 2406 πάδων
514 2345 777 2418 ἐπενοήθη
817 2349 881 2405 τὸ
927 2346 1335 2428 σεμνολόγημα,
1380 2348 1415 2416 ἡ
1490 2348 1626 2404 κατὰ
1696 2346 1909 2428 καιροὺς

1994 2336 2095 2428 qui
2138 2337 2212 2400 ab
2266 2358 2476 2404 eorum
2533 2343 2729 2407 calore
2775 2364 2841 2410 se
2896 2346 3082 2428 possit
3131 2348 3376 2412 abdere.
3410 2348 3559 2412 Nam
3589 2350 3642 2413 si

264 2432 396 2500 τέως
455 2435 896 2516 αύτοκρατόριστα
950 2435 1012 2493 ἐκ
1063 2425 1182 2494 τοῦή
1222 2425 1509 2515 πρόνομίου
1573 2436 1758 2496 τούτου
1827 2433 1910 2492 δι-

1996 2425 2276 2518 duntaxat
2304 2438 2546 2512 propter
2573 2425 2923 2514 dignitatem
2945 2435 3122 2500 officii
3152 2438 3430 2518 docendi,
3446 2439 3639 2502 lacum

265 2526 429 2590 καίως
500 2526 563 2582 ἃν
631 2515 833 2607 ἆφῆκεν
888 2526 1205 2607 ἀφώτιστος,
1266 2530 1529 2590 Γυναῖκας
1600 2526 1700 2606 γὰρ
1761 2531 1910 2605 σιγᾷν

1999 2515 2293 2607 ejusmodi
2335 2521 2643 2601 speciosus
2682 2525 2832 2588 ritus
2877 2526 3243 2607 excogitatus
3291 2515 3493 2591 esset:
3529 2547 3641 2591 cu-

269 2614 358 2669 καὶ
419 2614 498 2690 μὴ
573 2604 832 2673 διδάσκειν
903 2604 1335 2692 νενομοθέτηται.
1425 2604 1621 2673 Ἀλλὰν
1662 2604 1770 2692 μὴν
1825 2604 1910 2673 καί

1993 2604 2545 2700 jusquetemporis
2591 2610 2936 2694 imperatrix
2986 2604 3196 2698 expers
3225 2617 3477 2698 hujusce
3507 2617 3637 2700 pri-

270 2702 462 2770 ταύτας
545 2706 753 2784 ὁρῶμεν
812 2703 949 2762 οὕτω
992 2702 1336 2781 δοξαζομένας
1389 2705 1527 2763 κατὰ
1566 2704 1687 2767 τοὺς
1755 2704 1910 2781 βασι-

1995 2692 2190 2788 vilegii
2214 2696 2460 2776 foret,ac
2487 2692 2718 2764 facibus
2738 2721 2859 2766 non
2888 2704 2995 2766 abs
3023 2692 3092 2768 re
3122 2692 3381 2773 careret.
3409 2692 3644 2788 Quippe

269 2789 412 2856 λετς.
472 2783 585 2851 Καὶν
616 2797 667 2851 οἱ
732 2793 988 2875 ἐγχώριοι
1045 2791 1100 2849 δὲ
1156 2793 1349 2859 πάντες
1410 2792 1688 2874 ἀρχιερεῖς
1769 2814 1910 2872 παρ-

1994 2783 2285 2875 sancitum
2317 2796 2431 2864 est,
2455 2795 2519 2851 ut
2548 2797 2781 2855 taceant
2814 2793 3116 2871 mulieres,
3150 2812 3220 2857 ac
3251 2795 3499 2858 minime
3526 2783 3639 2859 ab-

270 2881 467 2958 ομοίως
512 2881 606 2947 τὰς
673 2874 1048 2963 ἀρχιερατικὰς
1107 2881 1203 2939 καί
1259 2880 1472 2947 ἀλλοίας
1528 2878 1780 2960 προόδους
1806 2878 1910 2937 ἒπ-

1993 2880 2185 2963 ceant.
2232 2874 2505 2963 Attamen
2550 2878 2642 2941 his
2687 2900 2924 2963 quoque
2952 2883 3222 2963 videmus
3250 2883 3462 2947 eodem
3505 2902 3640 2946 cum

268 2970 447 3029 ενόουν
477 2971 539 3029 ἂν
573 2988 588 3004 ⁸
660 2960 936 3029 καί-εῖδεν
966 2970 1027 3027 ἅν
1082 2992 1164 3034 τις
1220 2971 1387 3051 τυχὸν
1439 2972 1533 3026 τὸν
1572 2979 1666 3029 τοῦ
1722 2966 1910 3049 Ἀθύρα

1993 2961 2452 3055 imperatoribus
2479 2966 2597 3029 ritu
2625 2960 2785 3033 faces
2813 2960 3103 3052 praeferri.
3120 2960 3464 3053 Regionum
3488 2991 3639 3055 prae-

266 3060 575 3134 ὲπίσκοπον,
609 3062 699 3118 καὶ
743 3062 833 3118 τὸν
876 3058 1062 3135 πολλῷ
1116 3059 1303 3117 τούτου
1370 3056 1902 3139 μικροπρεπὼτερον,

1993 3059 2161 3143 terea
2188 3053 2500 3143 pontifices
2525 3057 2807 3135 universi,
2843 3058 3236 3123 consimiliter
3254 3070 3379 3125 tum
3396 3053 3643 3143 pontifi-

264 3154 400 3226 πεζῇ
440 3147 537 3225 μὲν
565 3150 654 3206 καὶ
693 3146 858 3227 βάδην
904 3150 996 3214 τὰς
1028 3146 1281 3226 προόδους
1337 3150 1436 3216 τῆς
1470 3136 1672 3212 *οἰκείας
1703 3136 1905 3226 ἐνοριας

1993 3138 2298 3222 cales,tum
2327 3142 2473 3206 alias
2498 3144 2561 3206 in
2593 3145 2893 3227 publicum
2928 3149 3341 3228 processiones
3369 3136 3640 3214 institue-

264 3236 702 3318 περιερχόμενον,
754 3235 988 3314 λαμπάδι
1044 3235 1100 3294 δὲ
1169 3240 1535 3316 πατριαρχικῆ
1593 3232 1908 3312 κυδαινόμε-

1993 3236 2170 3321 rent:
2204 3247 2273 3292 ac
2314 3231 2542 3321 videret
2583 3234 2801 3317 aliquis
2832 3237 3182 3318 episcopum
3211 3239 3636 3321 Athyrensem,

266 3348 382 3407 νον,
427 3325 507 3383 ὅτι
536 3327 624 3383 καὶ
667 3326 812 3385 αὐτοὶ
878 3323 1244 3383 διδασκαλικὸν
1308 3322 1512 3401 ἂξίωμα
1568 3321 1910 3404 περιϐέϐληνο

265 3437 376 3475 ται.
410 3416 484 3474 Οὗ
509 3437 559 3472 τι
589 3413 652 3471 ἄν
714 3436 795 3479 τις
854 3415 984 3494 φαίη
1025 3412 1555 3494 καινοπρεπέστερον,
1614 3415 1652 3482 ἢ
1709 3410 1912 3489 μᾶλλον

266 3506 457 3581 εἰπεῖν,
492 3501 838 3584 ἆνδέστερον;
884 3505 944 3561 Εἰ
999 3500 1055 3559 δὲ
1150 3512 1305 3562 τοῦτο
1376 3500 1623 3562 οὐδέποτέ
1671 3523 1757 3566 τις
1797 3500 1910 3558 εἶδε

264 3593 540 3671 γινόμενον
570 3594 645 3657 είς
702 3615 820 3650 τινα
861 3597 966 3649 τῶν
1019 3589 1414 3672 μετροπολιτῶν
1481 3588 1519 3659 ἢ
1577 3592 1684 3646 τῶν
1727 3590 1914 3670 ἀρχιε-

264 3681 564 3756 πισκόπων,
636 3679 823 3756 πολλῷ
879 3677 934 3735 δὲ
988 3678 1148 3737 πλέον
1212 3681 1320 3735 τῶν
1388 3677 1717 3756 ἒπισκόπων,
1790 3676 1913 3734 ἄνευ

263 3769 441 3846 μόνων
509 3770 616 3827 τῶν
683 3765 1055 3849 αὒτοκεφάλων
1111 3767 1571 3848 ἆρχιεπισκόπων,
1602 3772 1695 3824 τοῦ
1741 3765 1912 3824 Βουλ-

266 3858 450 3939 γαρίας
504 3859 665 3940 φημὶ,
722 3859 812 3914 καὶ
862 3863 957 3914 τοῦ
1034 3856 1265 3937 Κύπρου,
1344 3856 1432 3913 καὶ
1499 3877 1658 3914 τινων
1720 3854 1913 3936 ὀλίγων

266 3946 676 4028 μητροπολιτῶν
727 3944 995 4003 λαϐόντων
1060 3944 1166 4003 ἀπὸ
1246 3943 1548 4026 φιλοτιμίας
1630 3942 1913 4023 βασιλικῆς

263 4034 436 4104 ἱδικῆς
490 4043 643 4094 τοῦτο
683 4036 745 4093 τὸ
799 4032 995 4093 δίκαιον
1030 4051 1045 4067 ⁶
1098 4033 1279 4115 ἄραρε,
1337 4034 1520 4111 μόνοις
1577 4048 1695 4101 τοῖς
1749 4034 1909 4111 βασι-

266 4123 413 4183 λεῦσι
459 4127 547 4183 καὶ
592 4140 711 4192 τοῖς
766 4125 1122 4206 πατριάρχαις
1179 4125 1282 4182 ὑπὸ
1350 4123 1450 4192 τῆς
1503 4129 1597 4182 τοῦ
1650 4124 1908 4205 παναγίυυ

271 4215 571 4292 Πνεύματος
641 4215 886 4296 χάριτος,
931 4216 1020 4273 καὶ
1073 4218 1171 4277 τῆς
1222 4210 1717 4294 ἀρχαιοπαραδότου
1785 4234 1906 4270 συν-

264 4305 469 4384 ηθείας,
529 4305 615 4361 καὶ
654 4302 910 4385 εὐταξίας,
968 4302 1473 4384 ἐπιφιλοτιμηθῆναι
1535 4307 1691 4359 τοῦτο
1746 4303 1807 4358 τὸ
1863 4301 1911 4358 δί

267 4416 419 4451 καιον
447 4392 531 4449 διὰ
567 4393 664 4457 τὰς
694 4391 937 4472 ῥηθείσας
979 4392 1170 4455 αἰτίας,

1990 3318 2156 3407 verbi
2185 3320 2397 3399 gratia,
2422 3321 2516 3384 vel
2550 3322 2728 3385 etiam
2768 3324 2951 3404 longe
2971 3325 3310 3407 quempiam
3337 3318 3450 3390 hoc
3478 3326 3638 3391 infe-

1994 3406 2243 3483 riorem,
2274 3409 2534 3489 peditem
2564 3411 2734 3474 illum
2783 3406 3028 3494 quidem
3075 3406 3491 3495 inlprovincia
3536 3435 3643 3479 sua

1996 3496 2393 3577 prodeuntem
2428 3498 2488 3559 in
2522 3498 2848 3579 publicum,
2901 3509 2961 3564 et
3005 3502 3132 3564 haec
3182 3501 3320 3564 illac
3348 3503 3638 3582 itantem;

1993 3585 2326 3649 sedfaculae
2355 3594 2552 3649 tamen
2586 3589 2996 3669 patriarcbalis
3032 3591 3260 3653 honore
3285 3598 3636 3672 tumentem,

1994 3675 2231 3757 quando
2248 3674 2311 3736 hi
2331 3675 2508 3738 etiam
2540 3676 2803 3760 episcopi
2829 3679 3025 3743 officio
3053 3679 3311 3745 docendi
3340 3679 3639 3747 fruuntur.

1997 3765 2125 3839 Quo
2157 3782 2300 3827 sane
2329 3766 2470 3847 quid
2502 3766 2622 3829 dici
2653 3768 2837 3849 possit
2864 3768 3223 3832 insolentius
3245 3769 3277 3831 ‘I
3304 3769 3396 3833 vel
3418 3772 3642 3835 rectius

1999 3861 2062 3916 ut
2111 3854 2349 3936 loquar,
2410 3855 2550 3936 quid
2608 3855 3043 3937 injucundius?
3099 3863 3175 3924 At
3228 3859 3282 3922 si
3336 3877 3642 3942 nunquam

1994 3942 2305 4025 quisquam
2333 3943 2447 4006 hoc
2475 3943 2606 4007 fieri
2636 3945 2776 4008 vidit
2816 3946 2877 4009 in
2920 3947 3118 4028 aliquo
3151 3948 3242 4011 vel
3290 3950 3645 4032 metropoli-

1993 4049 2156 4108 tano,
2186 4033 2274 4094 vel
2308 4032 2784 4118 archiepiscopo,
2818 4042 3044 4099 tantum
3072 4035 3243 4101 abest
3282 4049 3351 4101 ut
3389 4038 3452 4101 in
3478 4039 3643 4121 epis-

1992 4141 2174 4206 copos
2227 4123 2438 4204 cadat,
2499 4124 2766 4206 exceptis
2814 4124 3174 4207 quibusdam
3229 4127 3646 4211 archiepisco-

1993 4214 2106 4295 pis,
2138 4211 2240 4294 qui
2270 4221 2445 4292 caput
2494 4211 2612 4294 ipsi
2658 4231 2902 4277 suorum
2952 4222 3132 4298 sunt;
3181 4215 3493 4298 Bulgaria,
3543 4218 3646 4282 in-

1992 4320 2192 4385 quam,
2225 4308 2283 4363 et
2312 4300 2508 4383 Cypri,
2558 4309 2617 4363 et
2665 4303 2872 4384 paucis
2901 4304 3258 4386 quibusdam
3291 4307 3643 4387 metropoli-

1931 4399 1976 4450 D
1994 4391 2173 4466 tanis;
2205 4390 2305 4470 qui
2336 4407 2407 4451 ex
2435 4389 2820 4471 imperatoria
2848 4390 3094 4473 speciali
3121 4392 3533 4456 munificentia
3540 4395 3645 4476 jus

265 4481 382 4545 hoc
410 4480 798 4544 obtinuerunt
827 4498 843 4544 :
890 4479 1181 4562 sequitur,
1215 4476 1359 4541 solis
1387 4475 1850 4558 imperatoribus
1875 4488 1937 4544 et
1964 4478 2283 4562 patriachis
2302 4497 2409 4560 per
2437 4479 2683 4558 gratiam
2715 4479 2969 4561 Spiritus
2996 4480 3210 4562 sancti,
3243 4488 3302 4543 et
3328 4475 3637 4564 acceptam

264 4570 592 4654 antiquitus
619 4569 1114 4634 consuetudinem
1146 4575 1326 4651 atque
1351 4564 1647 4643 ordinem,
1674 4564 1777 4646 jus
1798 4566 1912 4631 hoc
1943 4578 2189 4652 propter
2216 4567 2502 4630 iudicatas
2531 4586 2742 4631 causas
2771 4586 2903 4631 esse
2940 4586 3313 4632 concessum.

350 4653 366 4675 ’
386 4653 480 4721 Οτι
509 4659 565 4718 δὲ
592 4666 697 4719 τῶν
728 4661 826 4738 μὲν
869 4658 1266 4739 αὐτοκρατόρων
1306 4659 1343 4727 ἡ
1401 4655 1586 4736 ἀρωγὴ
1632 4658 1764 4735 πρὸς
1795 4678 1915 4736 φω-

261 4752 455 4827 τισμὸν
483 4751 573 4808 καὶ
627 4751 874 4807 σύστασιν
918 4748 1273 4807 ἐπεκτείνεται
1323 4746 1508 4825 ψυχῆς
1563 4765 1620 4800 τε
1680 4745 1769 4802 καὶ
1800 4744 1914 4802 σώ-

261 4862 453 4918 ματος,
510 4840 574 4896 τὸ
622 4837 679 4895 δὲ
723 4836 1010 4918 μεγαλεῖον
1068 4839 1173 4894 τῶν
1229 4839 1575 4914 πατριαρχῶν
1610 4834 1684 4897 εἰς
1743 4833 1915 4909 μόνην

259 4929 503 5010 ψυχικὴν
566 4927 995 5008 ἐστενοχώρηται
1037 4923 1366 4983 λυσιτέλειαν
1419 4920 1602 5000 (ὀλίγη
1646 4922 1747 5001 γὰρ
1797 4923 1916 4980 τού-

257 5043 372 5085 τοις
441 5020 551 5078 ἐστὶ
630 5021 809 5102 φροτὶς
895 5019 1164 5084 εὖπαθείος
1238 5017 1602 5094 σωματικῆς),
1661 5014 1914 5102 ᾥσαύτως

258 5111 351 5167 καὶ
379 5111 414 5179 ἡ
444 5110 563 5189 περὶ
589 5100 711 5174 τοὺς
768 5108 1034 5177 ὑπηκόους
1075 5112 1175 5176 τῆς
1230 5102 1541 5182 βασιλίσσης
1609 5100 1913 5179 κηδεμομία

259 5199 350 5255 καὶ
417 5196 644 5277 μέριμνα
698 5199 829 5277 πρὸς
901 5196 1071 5273 μόνην
1142 5193 1455 5271 σωματικὴν
1539 5190 1765 5263 εὐζωΐαν
1833 5189 1912 5256 ἐξ-

260 5284 510 5356 ήπλωταί
554 5283 754 5365 (πάσης
813 5285 914 5365 γὰρ
964 5282 1206 5365 ψυχικῆς
1261 5280 1509 5360 βοηθείας
1560 5282 1613 5336 αἱ
1654 5290 1906 5365 γυναῖκες

261 5364 613 5454 ἐστέρηνται),
644 5375 697 5431 αἱ
750 5364 1021 5449 λαμπάδες
1045 5364 1184 5451 ἠμὲν
1251 5376 1356 5428 τῶν
1413 5366 1672 5445 βασιλέων
1703 5364 1903 5433 διττοτς

2078 4657 2189 4732 Qui
2215 4675 2350 4719 vero
2381 4656 2808 4738 imperatorum
2839 4657 3124 4722 auxilium
3149 4658 3223 4720 ad
3249 4658 3642 4727 illuminatio-

1996 4765 2133 4810 nem
2166 4753 2225 4808 et
2250 4743 2722 4808 stabilimentum
2752 4764 2887 4810 sese
2917 4754 3035 4809 tam
3069 4745 3278 4824 animi,
3310 4766 3487 4831 quam
3517 4768 3646 4813 cor-

1996 4835 2160 4917 poris
2218 4832 2506 4915 porrigit;
2568 4833 2962 4916 amplitudine
3036 4835 3501 4917 patriarcharum
3568 4839 3645 4903 ad

1993 4922 2179 4986 animi
2207 4923 2486 4984 duntaxat
2513 4922 2826 4986 utilitatem
2879 4924 3202 4988 constricta
3228 4925 3640 5008 Lperexiguam

1993 5012 2214 5094 quippe
2265 5029 2467 5072 curam
2516 5021 2730 5091 gerunt
2774 5013 2835 5075 hi
2875 5013 2950 5076 de
2991 5013 3173 5076 rebus
3218 5033 3290 5077 ae
3320 5034 3640 5097 corporum

1994 5099 2307 5164 commoda
2351 5100 2807 5183 spectantibus),
2842 5111 2903 5167 et
2930 5102 3327 5164 consimiliter
3370 5105 3640 5185 impera-

1993 5189 2156 5252 tricis
2186 5207 2326 5250 cura
2353 5196 2415 5249 et
2434 5188 2773 5253 sollicitudo
2816 5191 2891 5253 de
2940 5190 3220 5267 subditis,
3252 5192 3534 5256 duntaxat
3563 5196 3639 5257 ad
3714 5229 3716 5232 ν

1989 5276 2120 5339 vitat
2148 5276 2474 5358 corporalis
2515 5279 2968 5360 prosperitatem
3022 5279 3360 5343 extenditur
3391 5282 3636 5361 (nullum

1987 5368 2147 5431 enim
2160 5367 2487 5431 animarum
2525 5386 2560 5430 a
2591 5369 2956 5434 mulierculis
2985 5369 3447 5452 exspectandum
3466 5374 3638 5438 auxi-

1832 5532 2076 5603 NOT/E.

349 5709 473 5795 (58)
501 5708 657 5776 Solis
682 5710 984 5777 videlicet.
1104 5759 1112 5768 .
