4160 6212
192 348 372 414 1169

184 481 420 563 εἴρηται
457 499 470 516 ³

183 573 506 651 ἁγιωσύνης
589 579 664 647 τῷ
745 574 1023 653 χρίσματι,
1123 575 1374 654 Χριστοὺς
1463 573 1668 648 Κυρίου,
1767 575 1856 630 καὶ

185 661 532 740 ἁγιωτάτους
645 662 1098 737 κατονομάζομεν,
1201 663 1289 718 καὶ
1372 661 1856 743 στηλογραφοῦντες

188 752 343 826 μετὰ
400 758 506 808 τῶν
577 751 740 830 ἁγίων
812 752 899 808 καὶ
954 751 1218 830 θεοφόρων
1258 750 1503 830 ιῐατέρων
1547 754 1726 827 ἡμῶν,
1768 753 1854 807 καὶ

188 848 476 921 σχετικῶς
531 839 914 914 ἀσπαζόμενοι,
971 837 1442 920 πληροφορούμεθα
1503 838 1586 896 διὰ
1655 841 1850 896 τούτων

189 931 342 1004 ἡμῖν
411 931 506 995 τὰς
563 929 717 1008 θύρας
787 935 885 998 τῆς
935 928 1207 1006 βασιλείας
1262 935 1367 985 τῶν
1427 928 1654 1008 οὐρανῶν
1711 929 1851 986 ἀπο·-

190 1015 468 1074 κλείεσθαι
524 1017 613 1074 καὶ
670 1017 991 1096 ἀνοίγεσθαι,
1051 1018 1140 1074 καὶ
1194 1014 1279 1072 διὰ
1322 1018 1426 1074 τῶν
1471 1015 1700 1098 χειλέων
1757 1017 1820 1074 αὖ

192 1110 314 1160 τῶν
341 1105 432 1162 τὸν
488 1108 616 1162 Θεὸν
672 1106 1110 1182 ἀποστοματίζειν
1164 1106 1229 1162 τὰ
1285 1104 1570 1182 μὲλλοντα.
1643 1107 1716 1164 Οὖ
1754 1106 1852 1185 γὰρ

196 1192 333 1274 σὰρξ
402 1197 490 1251 καὶ
547 1199 709 1274 αἷμα,
768 1193 885 1251 ἀλλ’
945 1197 973 1251 ὁ
1052 1195 1284 1274 οὐράνιος
1343 1195 1524 1274 Πατὴρ
1580 1197 1667 1251 καὶ
1723 1197 1852 1258 Θεὸς

195 1285 383 1358 ἡμῶν,
415 1287 444 1340 ὁ
483 1285 642 1341 εἰπών
676 1301 692 1317 ·
767 1285 858 1344 Ἐν
909 1298 1031 1348 ταῖς
1102 1284 1324 1363 ἡμέραις
1395 1283 1616 1348 ἐκείναις
1673 1283 1852 1364 ἐκχεῶ

195 1372 311 1429 ἀπὸ
365 1379 458 1430 τοῦ
514 1375 808 1450 πνεύματός
867 1397 993 1453 μου,
1038 1374 1126 1430 καὶ
1173 1375 1220 1431 οἰ
1277 1369 1449 1430 δοῦλοί
1509 1395 1608 1448 μου
1637 1384 1850 1453 προφη-

195 1462 496 1526 τεύσουσιν,
590 1461 952 1520 ἀποκαλύπτει
1034 1463 1235 1526 τούτοις
1289 1462 1354 1518 τὰ
1422 1461 1547 1518 ὄντα
1633 1463 1718 1518 καὶ
1787 1463 1852 1518 τὰ

197 1547 453 1624 ἰσόμενα.
513 1550 664 1608 Οὕτω
718 1550 818 1630 γὰρ
875 1553 962 1608 καὶ
1031 1549 1202 1607 Σαοὺλ
1260 1550 1330 1612 Liv
1385 1551 1707 1631 προφήταις,
1765 1551 1851 1606 καὶ

199 1639 451 1719 Καϊάφας
483 1637 624 1695 ἄκων
655 1641 1103 1721 προεφτιτεύσατο,
1165 1641 1326 1696 εἶπών
1359 1655 1373 1669 ⁸
1449 1638 1706 1719 Συμιρέρει
1758 1637 1850 1696 ἕνα

1560 349 2122 417 οΜοΟ-ΒΟΜΑΝ
2130 354 2237 416 UM

3431 355 3590 421 1170

530 485 617 542 καὶ
699 485 1029 548 πιστεύοντες
1107 483 1447 553 τελειωθῆναι
1495 486 1703 552 τούτους
1756 488 1843 552 τῆς

1942 480 2081 544 dum
2113 490 2171 544 et
2199 499 2378 564 supra
2421 482 2643 545 dictum
2700 483 2812 544 t'uit
2844 500 2859 545 :
2897 490 2956 545 et
2981 483 3080 569 qui
3131 485 3436 550 credimus
3481 506 3588 568 eos

1938 587 2046 650 per
2078 569 2421 635 unctionem
2452 571 2777 654 sanctitatis
2802 571 3030 652 pertici,
3065 581 3275 637 unctos
3321 577 3583 654 Domini,

1937 667 1995 720 et
2023 660 2432 722 sanctissimos
2471 653 2867 742 appellamus,
2910 680 2980 723 ac
3026 663 3358 728 referentes
3387 683 3491 728 eos
3522 653 3586 728 in

1935 765 2254 811 numerum
2268 757 2605 812 sanctorum
2631 757 2688 812 et
2704 749 2983 812 divinitus
2995 751 3325 816 at‘ilatorum
3343 753 3586 818 Patrum

1936 846 2296 915 nostrorum,
2347 847 2406 902 et
2455 848 2721 902 amanter
2776 839 2942 922 ipsos
2979 841 3586 922 amplectentes,certi

1936 944 2163 999 sumus,
2222 929 2379 990 fores
2435 927 2604 1012 regni
2655 925 2920 992 caelestis
2971 937 3078 1012 per
3123 931 3430 1012 eosnobis
3460 941 3582 996 tum

1935 1015 2192 1091 occludi,
2229 1025 2350 1078 tum
2383 1007 2622 1096 aperiri,
2665 1025 2723 1082 et
2743 1036 2852 1099 per
2882 1007 3144 1099 ipsorum
3189 1007 3354 1082 labra
3393 1009 3580 1084 Deum

1937 1103 2097 1166 velut
2126 1123 2230 1167 ore
2261 1105 2501 1186 proprio
2533 1106 2729 1168 futura
2758 1103 3047 1188 proferre.
3080 1110 3216 1173 Non
3249 1108 3406 1172 enim
3443 1129 3580 1174 caro

1935 1201 1993 1257 et
2021 1195 2286 1273 sanguis,
2319 1193 2426 1256 sed
2457 1187 2713 1256 caelestis
2741 1186 2842 1257 ille
2869 1189 3046 1258 Pater
3075 1216 3146 1258 ac
3176 1188 3334 1261 Deus
3383 1207 3585 1263 noster

1938 1281 2064 1363 (qui
2096 1283 2241 1344 dixit
2264 1301 2278 1346 :
2303 1282 2368 1344 In
2392 1282 2603 1366 diebus
2623 1283 2741 1345 illis
2763 1284 3064 1347 eﬂ‘undam
3085 1285 3159 1348 de
3179 1284 3404 1367 Spiritu
3420 1307 3577 1365 meo,

1934 1380 1993 1433 et
2041 1371 2197 1433 servi
2264 1371 2382 1433 mei
2443 1369 2966 1448 vaticinabantur),
3027 1375 3392 1458 revelatieis
3461 1385 3578 1440 tam

1934 1459 2274 1542 praesentia,
2309 1480 2484 1542 quam
2545 1463 2762 1526 futura.
2795 1462 2896 1524 Sic
2942 1464 3100 1525 enim
3149 1472 3208 1527 et
3255 1465 3393 1528 Saul
3426 1466 3582 1529 inter

1935 1549 2278 1630 prophetas,
2341 1563 2401 1612 et
2458 1549 2746 1634 Caiaphas
2812 1551 3031 1614 invitus
3106 1553 3410 1616 oraculum
3467 1556 3580 1619 hoc

1933 1637 2230 1719 protulit:
2288 1639 2543 1718 Expedit
2600 1659 2782 1702 unum
2823 1641 3036 1725 perire
3093 1660 3198 1722 pro
3250 1643 3466 1725 populo
3521 1653 3581 1707 et

197 1725 492 1786 ἀπολέσθαι
534 1729 661 1804 ὑπὲρ
689 1737 782 1788 τοῦ
843 1728 972 1788 λαοῦ
1011 1731 1101 1785 καὶ
1160 1729 1288 1806 ὑπὲρ
1343 1735 1436 1785 τοῦ
1493 1727 1664 1794 ἔθνους
1709 1751 1843 1785 παν-

1935 1745 2040 1808 pro
2074 1727 2183 1788 hac
2216 1726 2494 1790 universa
2523 1729 2780 1792 natione.
2815 1724 2958 1792 Nam
2981 1729 3083 1792 ille
3112 1738 3218 1812 per
3238 1724 3575 1796 unctionem

196 1817 342 1881 τός..
379 1808 435 1875 Ὀ
466 1819 564 1894 μὲν
591 1821 690 1898 γὰρ
745 1827 824 1894 τῷ
872 1821 1128 1899 χρίσματι
1176 1821 1274 1886 τὴς
1324 1817 1845 1899 βασιλείαςμῦπεθερ-

198 1906 442 1986 μαίνετο,
475 1910 502 1964 ὁ
528 1906 581 1964 δὲ
607 1895 704 1975 τῆς
735 1895 1132 1988 ἀρχιερωσύνης
1179 1915 1246 1984 τῇ
1319 1908 1524 1987 χάριτι.
1584 1895 1680 1964 Ἠν
1722 1895 1840 1986 γάρ,

199 1997 386 2076 φησὶν,
416 1997 689 2076 ἀρχιερεὺς
751 2005 843 2055 τοῦ
898 1998 1137 2056 ἐνιαυτοῦ
1206 1996 1422 2058 ἐκείνου,
1501 1997 1593 2052 Διὸ
1659 1998 1746 2053 καὶ
1773 1998 1846 2060 ὡς

199 2085 367 2141 τόπον
404 2085 690 2165 ἐπέχοντες
719 2096 812 2146 τοῦ
843 2093 1068 2167 Χριστοῦ
1094 2086 1183 2142 καὶ
1251 2092 1395 2140 Θεοῦ
1425 2086 1604 2163 ἡμῶν,
1636 2082 1846 2148 δικαίως

199 2173 617 2248 ἀποσεμνύνουσι
671 2175 736 2230 τὰ
795 2176 1006 2232 ἑκούσια
1063 2174 1209 2242 πάθη
1263 2174 1439 2246 αὐτοῦ,
1500 2174 1587 2229 καὶ
1655 2173 1722 2231 τὰ
1762 2171 1847 2229 δια

197 2262 302 2329 τὴν
353 2263 615 2342 σωτηρίαν
688 2266 840 2339 ἡμῶν
915 2263 1265 2344 ἐπενεχθέντα
1321 2263 1490 2336 τούτῳ
1557 2261 1698 2341 παρὰ
1740 2267 1845 2318 τῶν

198 2349 506 2431 ἀχαρίστων
589 2349 848 2410 Ἰουδαίων
905 2351 1184 2434 ἐφύϐριστα
1272 2353 1373 2430 πρὸ
1452 2361 1546 2410 τοῦ
1624 2357 1844 2428 σταυροῦ

197 2443 414 2504 καὶτῆς
459 2441 817 2508 ἀναστάσεως.
877 2450 1014 2500 [Ιοϊα
1045 2441 1099 2498 δὲ
1154 2443 1315 2498 ταῦτά
1384 2441 1533 2512 εἰσιν,
1567 2439 1842 2496 ἀκουσάτω

197 2534 236 2600 ἡ
307 2534 514 2612 ἱερότης
569 2557 682 2591 σου.
749 2533 856 2593 Κᾶν
913 2536 1012 2614 γὰρ
1064 2536 1230 2597 κόπος
1287 2533 1512 2590 ὲνώπιόν
1552 2532 1654 2607 μού
1703 2531 1842 2588 ἐστιν

197 2620 303 2685 ἕως
349 2625 409 2679 οῦ
456 2622 672 2679 εἰσέλθω
728 2626 800 2686 εἷς
858 2626 919 2680 τὸ
972 2625 1316 2702 ἁγιαστήριον
1375 2628 1490 2702 _106
1543 2620 1698 2700 Θεοῦ,
1756 2621 1843 2677 καὶ

198 2711 342 2768 συνῶ
370 2713 436 2768 τὰ
466 2711 519 2768 ἒν
565 2714 706 2787 αῦτῷ
745 2715 832 2770 καὶ
887 2700 1031 2791 περὶὝ
1058 2700 1213 2791 αὐτὸ,
1266 2700 1388 2767 ἀλλ’
1457 2711 1492 2778 ἡ
1544 2711 1700 2790 χάρις
1749 2716 1843 2767 τοῦ

199 2801 464 2879 παναγίου
533 2804 834 2877 ῐΙνεύματος
889 2804 924 2870 ἡ
1007 2801 1060 2858 ἐν
1138 2801 1494 2878 πατριάρχαις
1553 2821 1839 2878 προτυπω-

197 2890 380 2967 θεῖσα,
455 2889 510 2946 ἐν
566 2893 859 2971 προφήταις
912 2893 1371 2969 προκηρυχθεϊσα,
1417 2886 1471 2945 ἐν
1526 2886 1841 2953 ἀποστόλοις

196 2977 608 3058 θεμελιωθετσα,
657 2984 713 3037 iv
776 2981 996 3060 μάρτυσι
1055 2982 1418 3048 τελειωθεϊσα,
1475 2979 1562 3034 καὶ
1621 2977 1674 3034 ἐν
1727 2979 1840 3056 ἱερ-

1931 1815 2154 1896 regiam
2187 1815 2608 1893 incalescebat,
2645 1819 2740 1882 hic
2765 1838 2872 1900 per
2899 1819 3144 1900 gratiam
3176 1821 3574 1901 pontiﬁcatus.

1929 1903 2067 1966 Erat
2106 1904 2286 1970 enim.
2327 1901 2542 1983 inquit,
2595 1907 2724 1988 ejus
2777 1909 2918 1970 anni
2969 1909 3230 1989 pontifex
3261 1909 3574 1992 maximus.

1931 1996 2256 2074 Propterea
2294 1994 2482 2056 nostri
2513 1993 2882 2076 patriarchas,
2927 2006 3204 2079 tanquam
3238 1996 3578 2062 obtinentes

1930 2081 2126 2144 locum
2152 2082 2368 2146 Christi
2386 2081 2609 2166 Deique
2641 2085 2975 2168 nostri,non
2999 2085 3104 2148 abs
3129 2105 3195 2149 re
3213 2087 3577 2150 voluntarios

1926 2170 2116 2252 ipsius
2148 2173 2468 2248 cruciatus,
2505 2183 2562 2236 et
2596 2175 2808 2254 probra
2828 2175 3033 2238 salutis
3059 2185 3277 2240 nostrae
3305 2195 3486 2240 causa
3521 2178 3577 2240 ei

1926 2268 2064 2322 ante
2093 2279 2332 2322 crucem
2367 2271 2426 2323 et
2453 2263 2964 2326 resurrectionem
2987 2263 3061 2326 ab
3090 2264 3334 2345 ingratis
3355 2255 3577 2330 Judaeis

1927 2347 2110 2419 illata,
2145 2367 2278 2440 cum
2311 2349 2592 2428 gravitate
2624 2353 3232 2433 repraesentantQuae
3260 2362 3458 2440 autem
3474 2355 3576 2418 illa

1925 2440 2064 2512 sint,
2112 2439 2310 2502 audiat
2359 2450 2458 2503 tua
2513 2445 2815 2507 sanctitas.
2868 2442 3013 2508 Nam
3066 2439 3300 2508 tametsi
3345 2447 3571 2511 videam

1926 2545 2020 2589 me
2050 2523 2310 2590 laborem
2336 2529 2893 2614 subiturum,donec
2909 2533 3211 2614 ingrediar
3225 2537 3284 2596 in
3302 2545 3577 2598 sanctua-

1923 2619 2079 2705 rium
2109 2617 2240 2693 Dei,
2274 2636 2530 2700 quisque
2587 2621 2646 2682 in
2700 2641 2771 2683 eo
2821 2629 2983 2696 sunt,
3038 2633 3097 2685 et
3151 2623 3309 2686 circa
3351 2625 3572 2705 ipsum,

1922 2704 2249 2796 intelligam
2287 2727 2300 2768 :
2333 2709 2750 2796 nihilominus
2775 2712 2966 2774 sancti
3006 2710 3261 2793 Spiritus
3285 2704 3478 2792 gratia
3506 2713 3570 2775 in

1926 2795 2278 2874 patriarchis
2310 2798 2707 2876 praefigurata,
2741 2795 2800 2860 in
2834 2801 3136 2882 prdpbetis
3163 2809 3302 2864 ante
3331 2798 3569 2864 denun-

1924 2882 2087 2974 tiata,
2113 2884 2174 2946 in
2205 2886 2490 2974 apostolis
2518 2881 2854 2965 fundata,in
2879 2881 3244 2972 martyribus
3275 2887 3572 2974 absoluta,

1922 2970 1984 3034 in
2009 2972 2341 3035 hierarchis
2371 2974 2674 3052 decorata,
2715 2970 3195 3041 subministrabit
3241 2971 3569 3042 orationem

198 3067 397 3146 άρχαις
439 3074 926 3145 κατακυσμηθεῖσα,
981 3068 1134 3126 δώσει
1191 3068 1350 3147 λόγον
1419 3067 1472 3124 ἐν
1532 3065 1720 3134 ἀνοίξει
1751 3073 1842 3125 τοῦ

1929 3064 1986 3124 in
2016 3063 2323 3144 apertione
2354 3063 2475 3127 oris
2507 3067 2651 3130 mei.

198 3157 467 3232 στόματός
497 3181 625 3234 μου.

282 3247 359 3306 Τὰ
423 3253 528 3304 τῶν
589 3256 932 3330 πατριαρχῶν
975 3256 1079 3305 τῶν
1134 3249 1298 3328 ἁγίων
1348 3246 1701 3324 ἑμπιμάνικα,
1751 3245 1843 3311 τας

196 3339 518 3419 χειροπὲδας
587 3352 679 3402 106
737 3344 920 3422 Κυρίου
963 3339 1286 3420 δοξάζουσιν,
1332 3342 1392 3405 ἃς
1451 3341 1586 3400 ἑκὼν
1640 3338 1842 3405 ὑπέστη

196 3425 284 3486 διὰ
340 3431 437 3496 τὴν
511 3432 772 3510 σωτηρίαν
843 3435 1020 3506 ἡμῶν,
1107 3431 1243 3487 κατά
1329 3430 1609 3508 μαστιγίαν
1711 3430 1841 3508 πρὸς

200 3518 450 3597 Καϊάφαν
501 3519 784 3598 ἀγόμενος,
849 3523 925 3579 Τὰ
979 3518 1358 3599 ἐπιτραχήλια,
1418 3521 1478 3575 τὸ
1527 3517 1842 3598 φραγέλλιον

197 3607 262 3662 τὸ
287 3604 507 3664 ὲλκύσαν
563 3609 662 3675 τὴν
720 3609 861 3680 ζωὴν
934 3610 1064 3687 πρὸς
1134 3609 1224 3663 τὸν
1265 3607 1510 3669 θάνατον.
1570 3609 1646 3664 Τὰ
1709 3605 1843 3681 μετὰ

197 3697 473 3770 ποταμίων
502 3699 775 3778 στιχάρια,
807 3700 926 3763 τοὺς
957 3698 1200 3776 κρουνοὺς
1230 3703 1321 3753 τοῦ
1364 3696 1593 3772 α’ίματος
1622 3697 1711 3752 καὶ
1751 3700 1843 3750 τοῦ

198 3783 410 3863 ὕδατος,
481 3787 603 3849 τοὺς
675 3787 734 3843 ἐκ
788 3790 886 3852 τῆς
941 3789 1078 3849 θείας
1138 3785 1363 3865 πλευρᾶς
1419 3783 1838 3850 ἀποστάξαντας,

200 3878 316 3932 Τῶν
346 3874 604 3952 γονατίων
633 3876 698 3931 τὰ
753 3873 1116 3953 ἐπιϐλήματα,
1147 3882 1236 3931 τοῦ
1277 3873 1477 3930 λεντίου
1535 3875 1594 3929 τὸ
1651 3873 1840 3952 ἐγχει-

200 3959 386 4041 ρίδιον,
419 3960 486 4018 δι’
518 3965 578 4020 οὗ
606 3965 725 4028 τοὺς
775 3963 940 4027 πόδας
997 3967 1025 4022 ὁ
1103 3963 1288 4042 Κύριος
1357 3968 1463 4018 τῶι
1529 3960 1841 4019 ἀποστόλων

198 4050 500 4123 ἀπὲσμηξεν
576 4055 634 4110 Οἱ
683 4054 893 4132 σάκκοι,
950 4055 1048 4121 τὴν
1093 4051 1326 4134 χλαῖναν
1367 4055 1468 4118 τῆς
1510 4048 1730 4130 ὕϐρεως.
1767 4050 1842 4108 Τὰ

197 4140 497 4221 ὠμοφόρια,
541 4145 638 4210 τὴν
685 4143 745 4200 ἐκ
785 4143 878 4198 τοῦ
933 4141 1060 4216 ᾅδου
1113 4143 1243 4222 πρὸς
1299 4142 1516 4219 οὐρανὸν
1571 4148 1662 4196 τοῦ
1692 4161 1840 4218 πρωί

197 4227 496 4286 τοπλάστου
526 4229 838 4305 μετάϐασιν.
873 4233 948 4289 Τὰ
1005 4230 1088 4287 διὰ
1137 4229 1526 4306 πολυστταυρίων
1570 4227 1836 4309 φαινόλια,

197 4325 289 4376 τοῦ
318 4319 492 4393 τιμίου
547 4328 767 4398 σταυροῦ
821 4322 920 4388 τὴν
961 4321 1294 4399 παγκόσμιον
1349 4315 1498 4383 δόξαν
1555 4321 1643 4376 καὶ
1683 4316 1840 4374 δύνα-

2003 3241 2354 3304 Sanctorum
2391 3244 2866 3326 patriarcharum
2929 3245 3287 3329 epimanica,
3333 3243 3570 3330 Domini

1928 3330 2184 3394 manicas
2214 3333 2538 3410 celebrant,
2575 3353 2718 3417 quas
2756 3337 2961 3400 volens
2987 3337 3266 3399 sustinuit
3295 3333 3371 3398 ob
3401 3339 3570 3399 salu-

1926 3426 2043 3508 tem
2079 3430 2368 3500 nostram,
2404 3443 2537 3486 cum
2568 3424 2754 3486 instar
2782 3425 3130 3508 verberonis
3149 3425 3223 3487 ad
3248 3424 3565 3506 Caiapham

1925 3506 2272 3573 duceretur.
2325 3511 2596 3588 Collaria,
2629 3513 2820 3576 lorum
2853 3506 3028 3598 illud,
3075 3513 3231 3595 quod
3281 3513 3462 3576 vitam
3491 3513 3567 3576 ad

1925 3608 2176 3660 mortem
2209 3600 2403 3662 traxit.
2427 3603 2668 3665 Tunicae
2689 3603 2898 3665 ﬂuvios
2928 3601 3236 3675 habentes,
3263 3601 3569 3680 sanguinis

1925 3695 1984 3748 et
2012 3705 2182 3768 aqua;
2212 3689 2394 3764 rivos,
2449 3691 2550 3773 qui
2596 3709 2667 3754 ex
2718 3691 2919 3754 divino
2950 3693 3136 3755 latere
3177 3689 3564 3754 distillaru'nt.

1925 3775 2195 3839 Genuum
2251 3777 2524 3854 amictus,
2559 3782 2688 3862 ejus
2735 3775 2903 3844 lintei
2950 3782 3398 3861 documentum,
3450 3800 3567 3863 quo

1927 3864 2112 3943 pedes
2189 3868 2590 3946 apostolorum
2670 3870 2961 3932 Dominus
3043 3863 3309 3932 extersit.
3371 3868 3564 3945 Sacci,

1927 3953 2181 4036 pallium
2204 3954 2348 4017 illud
2380 3958 2752 4021 contumeliae
2771 3969 2958 4041 atque
2978 3958 3308 4040 opprobrii.
3340 3949 3567 4022 Hume-

1923 4042 2088 4118 ralia,
2125 4044 2407 4124 primitivi
2458 4049 2766 4109 transitum
2816 4039 2890 4110 ab
2942 4039 3152 4111 inferis
3206 4048 3281 4110 ad
3325 4047 3564 4112 cmlum.

1923 4125 2116 4194 Multis
2153 4133 2395 4212 ingnitaa
2427 4136 2704 4198 crucibus
2736 4138 2993 4218 penulae,
3043 4137 3400 4202 veneranda}
3429 4148 3569 4200 cr'u-

1923 4221 2010 4282 cis
2039 4222 2434 4285 universalem
2486 4225 2733 4304 gloriam
2783 4234 2958 4307 atque
3016 4233 3386 4306 potestatem.
3422 4224 3570 4299 Quae

1925 4319 2064 4370 sunt
2119 4310 2180 4371 in
2231 4312 2324 4373 his
2357 4310 2666 4394 triangula,
2703 4309 2960 4396 lapidem
3012 4311 3181 4377 illum
3223 4315 3566 4396 angularem

372 4382 382 4393 ,
678 4382 686 4398 ,
877 4382 888 4388 ,
1053 4382 1063 4399 ,
1173 4382 1183 4396 ,
1423 4382 1428 4383 ,

197 4429 310 4482 μιν.
347 4409 424 4466 Τὰ
456 4407 509 4463 ἐν
539 4410 739 4473 τούτοις
769 4410 1041 4490 τριγώνια,
1082 4412 1174 4468 τὸν
1231 4411 1618 4490 ἀκρογωνιαὋν
1673 4407 1835 4481 λίθον,

1929 4397 2220 4490 Christum
2253 4400 2438 4465 Deum
2473 4382 3213 4484 nostrum,.quidisjuncta
3235 4382 3565 4483 coitjunxit.

199 4500 426 4578 Χριστὸν
455 4500 544 4555 τὸν
589 4502 719 4556 Θεὸν
749 4502 924 4576 ἡμῶν,
959 4503 1052 4557 τὸν
1107 4502 1173 4557 τὰ
1215 4498 1472 4557 διεστῶτα
1513 4499 1836 4572 συνάψαντα.

199 4587 298 4646 Καὶ
333 4589 383 4643 αἱ
441 4586 615 4665 ῥάϐδοι
669 4591 758 4645 τὸν
813 4589 1076 4666 κάλαμον,
1147 4591 1240 4646 τὸν
1295 4591 1391 4658 τὴν
1448 4587 1711 4666 σωτηρίαν
1751 4596 1843 4645 τοῦ

199 4675 380 4755 γένους
467 4683 571 4733 τὼν
639 4678 925 4758 ἀνθρώπων
1004 4677 1531 4758 καλλιγραφήσαντα.
1620 4676 1717 4736 Καὶ
1813 4678 1840 4731 ὁ

197 4765 391 4845 μάρτυς
439 4765 494 4822 ἐν
537 4771 739 4844 οὗρανῷ
785 4768 994 4831 πιστός.
1051 4766 1187 4824 Ἀπὸ
1229 4774 1352 4844 γοῦν
1397 4772 1501 4822 τῶν
1545 4765 1681 4821 οἹτω
1747 4761 1839 4819 δε-

196 4851 522 4929 δοξασμένων
579 4856 880 4934 ἀγακλεῶς,
971 4858 1058 4913 καὶ
1129 4858 1202 4919 εἷς
1248 4856 1413 4914 τύπον
1467 4853 1840 4912 καταστάντων

197 4947 286 4998 106
315 4941 562 5010 ἀληθινοῦ
594 4952 817 5022 Χριστοῦ
846 4946 933 5001 καὶ
991 4952 1122 5002 Θεοῦ
1163 4947 1342 5020 ἡμῶν,
1399 4944 1557 5009 ποῖός
1586 4966 1665 5006 τις
1708 4939 1838 4998 τολ-

201 5031 394 5105 μητίας
423 5035 509 5089 καὶ
569 5032 938 5113 θρασυκάρδιος
1023 5033 1282 5114 ἀφέληταί
1333 5056 1384 5089 τι
1451 5032 1650 5089 δικαιον
1693 5033 1838 5109 ἱερα-

202 5119 346 5174 τικὸν
401 5120 785 5191 ὁπωσδήποτεε
839 5123 1054 5186 Πάντως
1112 5122 1300 5185 οΰείς.
1356 5122 1596 5180 Ἀκούσει
1640 5121 1738 5198 γὰρ
1781 5119 1842 5175 ὲκ

203 5216 294 5266 τοῦ
333 5209 644 5285 θεοπάτορος
680 5226 693 5240 ⁸
751 5213 822 5266 Σὺ
866 5209 920 5268 δὲ
976 5213 1178 5269 ἀπώσω
1241 5213 1328 5269 καὶ
1373 5209 1717 5277 ὲξουδὲνωσας
1749 5210 1841 5264 τὸν

207 5295 425 5378 ξριστόν
480 5317 594 5367 σου,
652 5299 741 5353 καὶ
795 5301 854 5354 τὸ
924 5300 1159 5378 ἀγίασμα
1242 5303 1402 5357 αὒτοῦ
1478 5295 1834 5367 ὲὸεϐἤλωσας.

214 5368 405 5461 Ὠσπερ
432 5385 602 5440 τοίνυν
630 5389 724 5443 οὒκ
794 5385 956 5452 ἔξεστι
1017 5395 1123 5446 τῶν
1197 5389 1445 5446 ἁπάντων
1515 5389 1614 5443 τινὶ
1669 5384 1842 5464 λέγειν

210 5472 336 5550 πηρὶ
376 5482 468 5532 τοῦ
508 5473 623 5537 ἐνὸς
657 5481 880 5553 Χριστοῦ
908 5478 994 5534 καὶ
1025 5485 1156 5535 Θεοῦ
1221 5479 1398 5554 ἡμῶν,
1445 5475 1620 5539 ἄλλως
1650 5473 1748 5550 μὲν
1791 5473 1846 5529 ὲν

212 5557 341 5634 τῷδε
408 5565 506 5628 τῆς
562 5563 874 5637 οἰκουμένης
928 5573 1005 5640 τῷ
1059 5565 1272 5642 κλίματι
1330 5565 1690 5644 παρουσιάζειν
1760 5563 1848 5618 καὶ

214 5644 608 5733 μεγαλύνεσθαι,
681 5650 859 5716 ἄλλως
902 5651 946 5708 δ’
1004 5653 1057 5722 ἐν
1128 5654 1310 5726 ἕκείνῳ
1366 5647 1686 5733 δοξάζεσθαι,
1755 5651 1848 5707 ἵνα

1921 4487 2146 4564 Baculi,
2196 4491 2554 4554 arundinem
2615 4493 2799 4564 illam,
2835 4509 2971 4573 quae
3026 4491 3276 4553 salutem
3334 4491 3570 4578 generis

1922 4577 2163 4639 humani
2205 4579 2442 4659 egregie
2498 4579 2791 4661 depinxit.
2844 4579 3039 4642 Testis
3069 4579 3131 4641 in
3158 4577 3562 4662 cceloltidelis.

1921 4665 2275 4729 Patriarchis
2332 4688 2472 4749 ergo
2533 4678 2648 4730 tam
2702 4671 2988 4752 praeclare
3037 4666 3385 4744 nobilitatis,
3418 4667 3570 4752 etin

1922 4753 2304 4817 simulacrum
2344 4743 2466 4818 veri
2493 4743 2719 4820 Christi
2741 4775 2810 4819 ac
2850 4747 2958 4818 Dei
2989 4755 3175 4818 nostri
3206 4743 3569 4832 constitutis,

1923 4842 2232 4926 quisadco
2266 4846 2615 4908 temerarius
2665 4853 2724 4907 et
2767 4845 2957 4908 audax
3007 4843 3210 4926 fuerit,
3239 4853 3304 4906 ut
3324 4845 3425 4926 jus
3453 4844 3566 4906 ali-

1922 4929 2076 5020 quod
2104 4933 2470 4996 sacerdotale
2491 4953 2846 5016 quocunque
2871 4933 3046 4997 modo
3061 4930 3314 4996 adimat?
3327 4933 3570 5020 omnino

1925 5019 2121 5082 nullus
2157 5071 2170 5085 .
2205 5023 2420 5084 Audiet
2449 5025 2608 5085 enim
2638 5041 2672 5084 a
2702 5020 2919 5086 Christi
2973 5031 3138 5106 patre
3187 5019 3408 5088 Davide
3435 5042 3450 5084 :
3481 5019 3570 5086 Tu

1923 5120 2122 5171 autem
2170 5111 2441 5191 repulisti
2490 5121 2550 5174 et
2595 5111 2938 5175 annihilasti
2991 5120 3232 5175 unctum
3289 5119 3482 5190 tuum,
3514 5109 3574 5176 et

1923 5200 2445 5263 sanctiﬁcationem
2495 5202 2627 5281 ejus
2670 5201 3014 5285 proianasti.
3055 5200 3570 5286 Quemadmodum

1925 5307 2064 5368 ergo
2099 5288 2323 5351 nemini
2349 5290 2552 5352 dicere
2581 5291 2721 5353 licet
2765 5291 2839 5354 de
2897 5311 3016 5354 uno
3046 5291 3279 5374 Christo
3329 5285 3572 5374 Deoque

1928 5385 2156 5452 nostro,
2190 5379 2346 5459 quod
2372 5377 2550 5442 aliter
2571 5379 2632 5442 in
2663 5381 2778 5443 hoc
2804 5379 2966 5444 orbis
2996 5388 3187 5444 tractu
3216 5369 3292 5442 sit
3313 5369 3573 5462 praesens

1930 5474 1988 5528 et
2016 5467 2446 5547 magniﬁcetur,
2463 5469 2644 5534 aliter
2675 5470 2734 5532 in
2764 5469 2872 5534 illo
2898 5470 3284 5552 gloriﬁcetur;
3315 5487 3390 5552 ne
3407 5484 3576 5532 vesa-

1930 5555 2045 5620 nia)
2091 5565 2368 5620 extremm
2413 5577 2584 5624 reum
2637 5577 2704 5624 se
2752 5551 2949 5638 faciat,
3001 5561 3062 5623 et
3099 5558 3174 5622 ad
3203 5551 3570 5640 impietatem

1931 5645 2267 5712 exorbitet:
2301 5646 2386 5711 sic
2436 5648 2613 5712 etiam
2643 5667 2822 5714 nemo
2853 5648 3313 5732 patriarchaletn
3342 5665 3573 5712 sacram
