4074 6212
507 349 646 429 1m

1881 369 2013 435 JUS
2054 367 2496 436 CANONICUM

3733 364 3894 430 “7?.

497 495 946 585 amplitudinem
978 497 1158 560 dividi
1179 497 1400 562 debere
1431 499 1666 574 dixerit,
1700 510 1762 563 ut
1791 501 1884 563 vel
1915 503 2136 581 majora

2228 503 2295 575 ah
2351 503 2717 583 παραπληξίας
2773 504 3010 585 ἐσχάτης
3068 508 3376 583 κατοκριθῇ,
3431 507 3527 561 καὶ
3587 507 3726 582 πρὸς
3760 502 3892 559 δυσ-

499 582 592 645 vel
641 584 872 647 minora
921 585 1134 648 habeat
1187 587 1518 668 privilegia.
1552 589 1920 671 Quapropter
1965 591 2142 653 etiam

501 679 779 734 statutum
814 681 927 755 est,
977 683 1040 736 ut
1069 675 1130 735 in
1163 677 1366 755 quavis
1418 678 1672 741 ecclesia
1721 679 1850 760 Dei,
1901 679 2022 742 sive
2070 680 2144 742 ad

503 765 886 852 Euphratem,
914 766 1038 828 sive
1067 767 1139 828 ad
1171 767 1416 849 Tigrim,
1449 772 1571 832 sive
1601 772 1674 833 ad
1695 771 1889 852 ipsum
1925 774 2142 852 pertin-

502 861 598 933 gat
627 851 950 930 Oceanum,
978 857 1342 936 conjunctim
1376 877 1580 921 eorum
1613 851 1855 922 nomina
1877 851 2144 923 referan-

504 949 620 1006 tur.
655 947 1032 1024 Acceperunt
1062 946 1246 1022 enim,
1278 948 1366 1008 uti
1405 947 1688 1029 scriptum
1740 950 2008 1028 legimus,
2040 970 2144 1013 re»

505 1031 717 1111 giones
745 1034 1032 1112 gentium;
1067 1043 1124 1097 et
1146 1053 1352 1097 eorum
1383 1038 1580 1099 throni
1611 1048 1746 1100 sunt
1775 1039 1963 1102 instar
1992 1042 2146 1104 luna;

507 1120 803 1202 perfectae,
831 1139 898 1184 ac
927 1122 1068 1185 solis
1088 1124 1273 1186 instar
1295 1143 1492 1188 coram
1519 1145 1616 1189 me
1637 1136 1796 1192 sunt.

584 1300 704 1362 Sed
736 1299 895 1362 dicet
920 1299 1172 1382 aliquis:
1208 1303 1352 1365 Cum
1385 1303 1571 1366 divini
1600 1313 1658 1367 et
1686 1307 1843 1368 sacri
1887 1324 2146 1370 canones

504 1387 663 1450 velut
691 1389 1033 1470 arvipendio
1062 1391 1317 1471 quodam
1336 1392 1687 1472 patriarchis
1708 1405 1957 1476 quatuor
1986 1395 2148 1459 orbis

505 1486 705 1559 partes
732 1477 1166 1560 distribuerint,
1202 1480 1303 1562 qui
1334 1481 1418 1554 ﬁt,
1453 1493 1518 1542 ut
1559 1483 1686 1563 ipse
1717 1484 1901 1546 semel
1933 1492 2148 1547 statuta

503 1566 969 1646 transgrediens,
1002 1568 1152 1631 velis
1204 1587 1304 1631 eas
1331 1569 1519 1632 instar
1545 1573 1725 1634 unius
1766 1573 1975 1635 haberi
2005 1592 2145 1654 pro-

507 1655 733 1733 vinciae,
776 1675 1024 1742 qumque
1075 1657 1264 1719 divisa
1315 1669 1479 1722 recte
1511 1670 1672 1735 sunt,
1708 1663 1860 1725 male
1891 1664 2145 1724 confun-

506 1745 651 1834 dcre
670 1747 700 1807 ?
728 1744 818 1807 Ad
849 1746 1002 1808 hanc
1031 1745 1431 1826 objectionem
1479 1751 1941 1830 respondemus,
1973 1771 2144 1832 posse
2168 1785 2205 1834 Β

507 1832 728 1914 pariter
754 1841 812 1896 et
841 1835 966 1897 haec
987 1835 1102 1896 vim
1133 1855 1298 1898 suam
1321 1836 1612 1912 obtinere,
1639 1841 2143 1920 quemadmodum

505 1944 540 1987 a
561 1926 783 1988 sanctis
809 1926 1084 1990 Patribus
1104 1927 1328 1991 sancita
1340 1929 1544 2005 sint,et
1560 1939 1757 1995 tamen
1777 1933 2146 1998 identitatem

505 2015 744 2078 unionis
774 2034 891 2077 non
921 2017 1222 2078 confundi.
1256 2019 1468 2099 Opifex
1510 2021 1611 2082 ille
1661 2022 1838 2102 hujus
1887 2023 2149 2085 universi

505 2103 798 2186 Deus,qui
819 2105 1121 2168 hominem
1152 2125 1317 2168 suam
1348 2109 1421 2170 ad
1453 2109 1771 2187 imaginem
1805 2111 2019 2187 ﬁxit,et
2046 2131 2147 2174 re-

506 2212 640 2273 gem
665 2194 1034 2257 terrestrium
1069 2196 1394 2272 constituit,
1429 2199 1526 2279 qui
1558 2199 1786 2261 coalitus
1815 2210 2144 2280 regeretur,

507 2281 860 2364 prwdicatur
910 2283 1009 2346 ille
1066 2285 1306 2365 quidem
1368 2306 1502 2348 cum
1563 2297 1804 2370 propter
1853 2291 2144 2372 reliquam

507 2372 769 2451 ﬁgmenti
801 2373 978 2452 hujus
1009 2373 1285 2436 eximiam
1316 2395 1659 2457 compagem
1692 2398 1707 2454 ;
1744 2386 1867 2438 tum
1899 2380 2055 2460 quod
2077 2398 2146 2442 ex

506 2462 828 2523 immortali
884 2463 1119 2542 partim,
1175 2465 1386 2545 partim
1439 2467 1669 2528 mortali
1719 2468 1988 2542 mistura,
2047 2487 2146 2531 vas

506 2549 652 2611 illud
683 2558 820 2632 apte
849 2551 1126 2614 ﬂuxerit:
1163 2554 1318 2633 quod
1351 2573 1496 2616 sane
1539 2575 1672 2616 cum
1722 2557 1847 2618 loco
1887 2558 2142 2620 circum-

507 2637 824 2712 scribatur,
860 2639 1093 2702 ratione
1122 2641 1414 2704 crassitivi
1446 2643 2144 2718 carnalis,mentetamen

507 2745 582 2817 ea
605 2735 853 2808 spectat,
885 2747 1016 2808 quae
1045 2729 1132 2790 vel
1164 2730 1322 2810 apud
1359 2731 1549 2794 Gades
1581 2732 1891 2795 exsistunt.
1940 2735 2146 2817 Neque

508 2815 704 2877 minus
733 2817 790 2876 ei
818 2817 1143 2896 majestatis
1164 2836 1233 2880 ex
1255 2837 1326 2880 eo
1351 2819 1812 2901 tribuitur,quod
1836 2815 2146 2886 hominum

504 2905 684 2968 vitam
718 2923 825 2986 per
871 2905 1133 2986 quinque
1180 2925 1392 2968 sensus
1432 2909 1556 2988 regi
1588 2911 1859 2985 voluerit,
1894 2931 2144 2993 quorum

507 2992 754 3072 quilibet
781 2994 898 3054 vim
929 2993 1040 3054 sibi
1074 2994 1436 3074 peculiarem
1466 2998 1816 3080 vindicaret,
1851 2992 1981 3063 cum
2001 3002 2146 3065 inte-

505 3083 622 3144 rim
653 3082 933 3144 societam
967 3091 1228 3145 mutuam
1279 3104 1397 3146 non
1443 3087 1757 3166 abnegent.
1795 3091 1958 3152 Licet
1987 3092 2148 3154 enim

505 3171 976 3252 aspectus,verbi
997 3173 1431 3252 gratia,munus
1461 3175 1576 3238 sibi
1600 3155 1883 3240 divinitus
1912 3180 2147 3258 injunc-
2167 3155 2206 3205 Ο

507 3270 630 3322 tum
665 3261 844 3325 etiam
877 3279 981 3342 pro
1013 3281 1120 3324 sua
1151 3271 1315 3344 parte
1344 3263 1628 3328 duntaxat
1668 3267 1861 3349 obeat,
1897 3288 2003 3331 ceu
2035 3269 2146 3333 de-

507 3349 691 3412 bitum
723 3350 1020 3432 quoddam
1047 3352 1478 3434 persolvens,in
1513 3374 1626 3435 quo
1661 3356 1904 3419 minime
1936 3377 2144 3438 cogna-

507 3439 582 3501 tis
610 3439 945 3502 asensibus
991 3440 1336 3524 impeditur,
1394 3463 1766 3526 nequaquam
1829 3455 2022 3509 tamen
2071 3446 2143 3509 ab

501 3529 714 3591 horum
765 3531 1049 3592 societate
1096 3530 1390 3608 avellitur,
1423 3533 1527 3594 sed
1560 3534 1680 3594 vult
1708 3552 1813 3596 eos
1843 3534 2146 3614 dignitatis

499 3637 622 3681 suae
651 3618 972 3700 participes
1019 3637 1175 3695 esse,
1230 3627 1576 3703 mutuasque
1621 3624 1894 3685 conferre
1934 3642 2146 3704 operas

498 3708 688 3770 instar
742 3707 994 3770 tidarum
1048 3708 1528 3788 ancillarumﬁad
1561 3711 1886 3773 curandum
1917 3712 1974 3774 id
2005 3731 2144 3775 cor-

502 3816 633 3878 pus,
662 3796 760 3858 cui
789 3814 999 3858 sensus
1049 3797 1111 3858 hi
1160 3797 1284 3860 dati
1331 3807 1488 3861 sunt.
1545 3803 1842 3862 Praeterea
1882 3811 2145 3863 meretur

500 3884 975 3960 admirationem,
1002 3885 1158 3966 quod
1188 3903 1366 3966 quem
1401 3886 1540 3948 libet
1571 3889 1783 3950 horum
1814 3890 2146 3968 geminave-

500 3973 582 4036 rit
609 3993 626 4049 ;
651 3980 717 4034 ut
747 3973 980 4036 tametsi
1010 3974 1206 4053 perire
1232 3975 1544 4052 contigerit
1576 3995 1783 4052 unum,
1815 3986 2010 4040 tamen
2039 3997 2148 4041 re-

500 4063 768 4143 reliquus
796 4061 955 4122 illius
984 4061 1162 4123 etiam
1195 4062 1381 4125 vicem
1412 4064 1679 4144 impleat,
1716 4085 1828 4129 nec
1857 4066 2145 4131 adversus

501 4169 638 4214 eum
673 4150 1040 4213 insolescant
1082 4170 1293 4213 sensus
1320 4151 1513 4214 adhuc
1545 4153 1782 4233 integri,
1817 4155 1920 4217 sed
1950 4157 2144 4236 potius

502 4240 560 4302 ei
612 4239 990 4321 coudoleant,
1024 4259 1100 4304 ne
1130 4241 1385 4304 ludibrio
1418 4243 1839 4324 paterfamilias
1876 4245 2141 4324 ipsorum

502 4329 811 4392 habeatur.
854 4328 1084 4411 Quippe
1123 4330 1175 4392 si
1204 4331 1519 4410 contigerit
1558 4332 1902 4396 alterutram
1935 4353 2138 4397 aurern

502 4416 776 4481 inutilem
806 4418 1000 4495 reddi,
1038 4438 1165 4521 non
1179 4419 1929 4521 amplius'homo,creatum
1963 4422 2144 4521 longe
2165 4471 2208 4521 Β

501 4507 994 4588 pulcherrimum,
1027 4507 1324 4589 perfectus
1355 4518 1412 4572 et
1443 4509 1782 4586 incolumis,
1817 4519 1876 4572 et
1903 4511 2140 4591 qualem

501 4595 657 4658 Deus
686 4595 975 4673 cbndidit,
1027 4615 1158 4658 esse
1203 4597 1460 4679 dicitur;
1524 4598 1624 4659 sed
1687 4598 1874 4660 instar
1900 4598 2145 4662 abortus

502 4684 922 4765 habetur,cum
953 4703 988 4747 a
1015 4687 1264 4768 reliquis
1292 4696 1554 4767 quatuor
1579 4687 2024 4761 sensibus,licet
2046 4689 2145 4750 in-

496 4773 826 4836 incolumes
842 4774 1190 4850 sint,auxilii
1214 4775 1358 4837 nihil
1391 4774 2144 4848 habeat.Quemadmodum

500 4880 640 4942 ergo
673 4861 939 4944 quolibet
967 4881 1148 4925 sensu
1178 4883 1392 4926 munus
1441 4883 1612 4925 suum
1662 4864 1930 4945 implete,
1966 4871 2145 4927 cete-

498 4968 701 5013 rorum
748 4970 920 5012 usum
952 4971 1078 5013 non
1125 4952 1483 5028 inficiamur,
1519 4970 1631 5013 nec
1664 4952 2014 5014 damnamus
2045 4971 2148 5016 eos

501 5049 778 5120 tanquam
799 5039 990 5102 fwdos
1019 5049 1077 5103 et
1105 5041 1700 5124 inutiles,propterea
1730 5041 1888 5123 quod
1911 5041 2147 5122 gemina

495 5128 726 5190 ratione
757 5147 877 5190 non
906 5128 1026 5192 sint
1080 5130 1369 5207 efﬁcaces,
1416 5130 1916 5211 quemadmodum
1975 5140 2145 5194 erant

498 5216 744 5294 conditi,
782 5217 888 5279 sed
921 5218 1118 5298 potius
1149 5219 1236 5282 eis
1264 5218 1774 5300 favemusmuippe
1807 5218 1855 5280 si
1889 5238 2040 5280 unus
2070 5239 2143 5282 ex

499 5305 706 5382 eis,uti
737 5304 961 5368 dictum
985 5315 1096 5383 est,
1132 5308 1192 5369 in
1225 5311 1566 5369 universum
1593 5307 1919 5380 defecerit;
1956 5315 2140 5370 totum

497 5411 712 5476 corpus
766 5394 976 5458 inutile
1030 5396 1323 5472 redditur,
1371 5405 1430 5459 et
1483 5395 1555 5458 ab
1613 5395 1956 5458 hominibus
1986 5394 2141 5457 haud

495 5483 670 5546 aliter
697 5481 952 5545 habetur
987 5491 1166 5566 atque
1213 5485 1264 5548 si
1312 5505 1432 5547 non
1462 5485 1820 5566 exsisteret),
1853 5485 1940 5547 sic
1963 5483 2140 5547 etiam

497 5569 806 5654 quinarius
853 5572 1320 5652 patriarcharum
1366 5581 1530 5636 recte
1560 5581 1735 5654 atque
1767 5573 1977 5635 ordine
2007 5591 2141 5636 sese

493 5669 684 5742 geret.
714 5658 860 5723 Nam
888 5661 1140 5743 quilibet
1171 5663 1383 5728 horum
1413 5661 1993 5728 administrationem
2023 5660 2138 5724 sibi

2224 588 2433 647 σέϐειαν
2502 591 2880 672 μετακυλισθῇ,
2941 592 3106 658 οὕτως
3152 591 3267 649 οὐδὲ
3323 595 3421 660 τὴν
3474 592 3894 673 πατριαρχικῆν

2226 679 2364 736 θείαν
2423 679 2813 758 μεγαλειότητα
2866 679 3155 762 διαιρετέαν
3211 681 3356 739 εἴποι
3414 705 3496 747 τις
3555 684 3741 756 εἶναι,
3803 682 3895 737 καὶ

2225 769 2354 846 πρὸς
2404 768 2613 844 μείζονα
2656 771 2742 826 καὶ
2791 769 3047 827 ἐλάττονα
3091 772 3353 849 προνόμια
3411 772 3888 847 μεταπίπτουσαν.

2227 863 2313 930 Τῷ
2340 879 2417 913 τοι
2471 859 2556 914 καὶ
2627 856 2865 916 δέδοκται
2937 860 3073 916 κατὰ
3133 865 3306 916 πᾶσαν
3364 859 3678 935 ἐκκλησίαν,
3759 858 3892 938 περὶ

2225 947 2314 1000 τὸν
2357 948 2654 1026 Εὖφράτην,
2689 949 2773 1004 καὶ
2805 948 3058 1026 Τίγρητα,
3091 949 3177 1004 καὶ
3248 950 3400 1005 αὐτὸν
3448 948 3768 1041 ’,διήκουσαν
3800 948 3895 1005 τὸν

2228 1034 2484 1115 ὠκεανὸν,
2517 1033 2694 1092 ἰλαδὸν
2753 1035 2940 1100 αὐτοὺς
2999 1036 3363 1116 ἀναφέρεσθαι.
3449 1033 3679 1095 ΠΕ).αὸον
3759 1038 3891 1115 γὰρ,

2228 1124 2379 1203 φησὶ,
2425 1124 2606 1204 χώρας
2637 1124 2818 1201 ἐθνῶν,
2853 1127 3013 1182 καὶοῖ
3053 1125 3227 1205 θρόνοι
3287 1128 3455 1184 αὐτῶν
3497 1129 3625 1183 ὡσεὶ
3669 1149 3894 1206 κατηρ-

2227 1213 2450 1288 τισμένη
2481 1212 2703 1285 σελήνη,
2735 1215 2824 1274 καὶ
2851 1216 2924 1280 ὡς
2962 1213 3108 1282 ἥλιός
3141 1217 3269 1272 εἰσιν
3300 1214 3526 1273 ἐναντίον
3556 1239 3688 1292 μου.

2310 1298 2460 1358 Ἀλλ’
2530 1302 2644 1382 ἐρεῖ
2709 1325 2787 1369 τις
2833 1320 2848 1334 ⁸
2912 1305 3010 1362 Καὶ
3070 1310 3183 1366 πῶς
3226 1311 3331 1361 τῶν
3384 1307 3532 1363 θείων
3575 1307 3669 1362 καὶ

2229 1390 2462 1447 κανόνων
2503 1394 2577 1455 ὡς
2648 1391 2702 1448 ἐν
2772 1393 2996 1472 σχοινίῳ
3051 1391 3393 1472 κληροδοσίας
3453 1394 3891 1474 ἐπιμερισάντων

2229 1493 2345 1543 τοῖς
2374 1482 2728 1560 πατριάρχαις
2783 1487 2882 1548 τῆς
2953 1482 3264 1558 οἰκουμένης
3318 1483 3416 1550 τὴν
3471 1483 3884 1562 τετραμέρειαν,

2231 1570 2383 1634 αὐτὸς
2424 1568 2744 1649 ὑπερϐαίνων
2770 1571 2836 1626 τὰ
2876 1569 3095 1636 δόξαντα
3152 1570 3317 1636 Θέλεις
3386 1573 3460 1635 ὡς
3513 1574 3641 1646 μίαν
3668 1573 3885 1650 ἐνορίαν

2226 1657 2417 1720 ταύτας
2475 1656 2790 1735 λογίζεσθαι,
2851 1661 2938 1714 καὶ
3021 1659 3270 1738 συγχέειν
3326 1666 3505 1723 κακῶς
3553 1662 3618 1716 τα
3673 1659 3888 1739 διαιρε-

2227 1744 2380 1802 θέντα
2408 1744 2625 1826 καλῶς
2673 1747 2854 1821 Φαμὲν
2885 1746 2973 1802 οὖν
3001 1747 3129 1824 πρὸς
3202 1747 3300 1814 τὴν
3356 1748 3605 1814 τοιαύτην
3666 1749 3888 1805 ἀντίθε-

2229 1855 2333 1913 σιν,
2379 1835 2450 1898 ὡς
2482 1833 2589 1889 ἔστι
2620 1836 2706 1890 καὶ
2735 1841 2897 1890 ταῦτα
2927 1835 3146 1913 κρατεῖν
3191 1837 3362 1898 καθὼς
3415 1837 3516 1890 ὑπὸ
3574 1839 3682 1892 τῶν
3714 1838 3886 1914 ἁγίων

2229 1922 2472 2000 Πατέρων
2509 1923 2867 1996 τεθέσπιστκι,
2939 1925 3027 1980 καὶ
3083 1927 3180 1990 τὴν
3233 1923 3530 1990 ταυτότητά
3575 1929 3679 1990 τῆς
3736 1924 3880 1980 ἐνώ-

2229 2032 2361 2076 σεως
2393 2012 2471 2086 μὴ
2529 2012 2866 2090 συγχέεσθαι.
2939 2003 2996 2069 ε0
3045 2013 3379 2090 Δημιουργὸς
3434 2018 3540 2067 τῶν
3569 2011 3713 2068 ὅλων
3746 2016 3883 2078 Θεὸς

2229 2099 2344 2156 κάτ’
2403 2101 2598 2156 οἰκείαν
2656 2101 2830 2156 εἰκόνα
2907 2098 3348 2179 πλαστουργήσας
3423 2102 3512 2156 τὸν
3573 2100 3878 2180 ἄνθρωπον,

2228 2190 2316 2244 καὶ
2343 2187 2563 2266 βασιλέα
2612 2191 2950 2259 καταστήσας
2995 2196 3102 2245 τῶν
3152 2190 3236 2246 ἐπὶ
3285 2195 3388 2267 γῆς
3458 2189 3881 2266 βασιλευόμενον

2227 2278 2446 2352 ἅνωθεν,
2478 2279 2720 2353 ὑμνεῖται
2753 2278 2848 2354 μὲν
2896 2280 2983 2334 καὶ
3026 2278 3182 2358 χάριν
3240 2283 3336 2344 τῆς
3379 2276 3546 2344 ἄλλης
3575 2277 3877 2358 ὕπερφυοῦς

2229 2367 2479 2446 ἁρμονίας
2521 2373 2613 2423 τοῦ
2643 2364 2972 2442 πλάσματος,
3019 2369 3247 2431 καὶπῶς
3323 2365 3375 2431 ἐξ
3432 2367 3691 2426 ἀθανάτου
3739 2370 3878 2446 κρά-

2229 2477 2396 2530 ματος
2426 2459 2511 2512 καὶ
2554 2457 2747 2522 θνητοῦ
2775 2458 2835 2511 τὸ
2878 2454 3122 2535 ἐφόλκιον
3194 2455 3548 2534 διωργάνωσε,
3596 2455 3692 2512 καί
3725 2457 3879 2530 τόπῳ

2227 2545 2676 2626 περιγραφόμενον
2705 2547 2781 2618 τῷ
2811 2543 2956 2624 λὸγῷ
3010 2549 3104 2613 τῆς
3163 2543 3459 2624 σαρκὼδους
3515 2546 3864 2624 παχύτητος,

2227 2641 2420 2713 νοερῶς
2449 2635 2514 2691 τὰ
2553 2635 2695 2713 παρὰ
2751 2631 3008 2713 Γαδείρων
3051 2635 3469 2713 περιεργάζεται,
3528 2635 3644 2712 Οὐχ
3705 2635 3874 2699 ἧττον

2227 2721 2282 2779 δὲ
2311 2722 2683 2801 μεγαλύνεται,
2734 2723 2812 2779 ὅτι
2871 2724 2969 2790 τὴν
3039 2725 3182 2794 ζωὴν
3243 2729 3347 2779 τῶν
3405 2722 3690 2799 ἀνθρώπων
3736 2722 3882 2780 5-3545-

2228 2834 2361 2879 κησε
2430 2811 2513 2868 διὰ
2580 2812 2738 2870 πέντε
2807 2813 3097 2881 αἰσθήσεων
3163 2809 3505 2888 διεξάγεσθαι,
3577 2820 3880 2890 σφετεριζο-

2231 2902 2403 2979 μένων
2459 2903 2558 2969 τὴν
2613 2899 2906 2975 ἱδικότητα,
2981 2902 3068 2957 καὶ
3178 2901 3254 2976 μὴ
3309 2899 3719 2977 ἀπαρνουμένων
3777 2899 3880 2965 τήν

2230 2991 2594 3054 ἀνακοίνωσιν,
2630 2993 2737 3049 Κᾶν
2769 2993 2868 3070 γὰρ
2897 2993 2931 3058 ἡ
2961 2989 3084 3066 ὄψις
3125 2991 3290 3069 τυχὸν
3347 2987 3534 3066 ἐνεργῇ
3589 2989 3674 3044 καὶ
3709 3010 3879 3063 povo-

2232 3087 2404 3159 μερῶς
2458 3083 2521 3137 τὸ
2594 3080 2970 3158 ἆποκληρωθὲν
3062 3080 3228 3155 ταύτῃ
3315 3076 3673 3155 λειτούργημα
3729 3079 3876 3153 παρᾶ

2232 3177 2386 3251 Θεοῦ,
2457 3173 2588 3228 καθὰ
2658 3193 2707 3228 τι
2760 3169 2960 3228 δίκαιον
3014 3167 3252 3250 ὄφλημα,
3329 3168 3407 3242 μὴ
3479 3164 3879 3242 ἐμποδιζομέντ,

2229 3261 2370 3338 παρὰ
2410 3267 2514 3317 τῶν
2566 3260 2864 3340 συντρόφων
2921 3260 3236 3338 αἰσθήσεων,
3294 3255 3430 3313 ἀλλὰ
3465 3261 3563 3322 τῆς
3593 3259 3881 3320 κοινωνίας

2229 3352 2399 3408 αὐτῶν
2429 3352 2488 3408 οὒ
2539 3348 2875 3429 χωρίζεται·
2919 3347 3056 3405 θέλει
3111 3344 3166 3402 δὲ
3223 3347 3412 3408 ταύτας
3468 3345 3723 3423 μετέχειν
3770 3353 3876 3402 τῶν

2229 3437 2528 3513 έξιωμάτων
2562 3441 2748 3512 αὐτῆς,
2779 3438 2866 3495 καὶ
2948 3437 3260 3515 συναρήγειν
3315 3436 3386 3497 εἰς
3445 3435 3506 3490 τὸ
3576 3435 3707 3492 αὐτὸ
3739 3436 3879 3491 κατὰ

2227 3525 2460 3592 δουλίδας
2530 3529 2743 3599 πιστὰς,
2802 3529 2931 3606 πρὸς
2989 3526 3263 3606 θεραπείαν
3329 3533 3422 3583 τοῦ
3475 3523 3669 3585 ταύτας
3699 3522 3884 3580 πλου-

2226 3617 2482 3686 τήσαντπ
2553 3619 2823 3694 σώματος.
2904 3606 3032 3674 ’Ἔτι
3089 3613 3428 3690 θαυμάζεται,
3489 3619 3604 3674 πῶς
3637 3612 3877 3680 ἑκάστην

2224 3706 2422 3762 τούτων
2489 3704 2874 3783 ἐδιπλασίασεν,
2964 3706 3053 3762 ἵνα
3107 3704 3206 3760 κᾶν
3261 3699 3438 3778 συμϐῇ
3479 3705 3880 3780 περιαιρεθῆναι

2225 3795 2320 3862 τὴν
2352 3796 2498 3871 μίαν,
2530 3798 2564 3864 ἡ
2635 3795 3028 3873 περιλειφθεϊσα
3083 3793 3332 3859 κακείνης
3389 3793 3479 3847 τὸν
3535 3790 3706 3846 τόπον
3739 3791 3879 3847 ἂνα-

2225 3882 2547 3962 πληρώσειε,
2601 3886 2689 3941 καὶ
2770 3885 2878 3959 μὴν
2947 3881 3461 3952 καταλαζονεύωνται
3536 3881 3736 3946 ταύτης
3829 3884 3880 3936 αἱ

2225 3973 2570 4053 ἀρτιόσωμοι,
2605 3979 2910 4048 συμπονῶσι
2957 3971 3011 4028 δὲ
3068 3968 3268 4046 μᾶλλον
3327 3973 3482 4053 dum,
3543 3970 3616 4032 ὡς
3675 3969 3737 4023 ἂν
3800 3973 3878 4042 μή

2226 4049 2660 4131 ὁόἷκοὸεσπότης
2691 4062 2860 4119 αὒτῶν
2916 4057 3315 4140 θριαμϐεύηται.
3376 4049 3468 4122 Ὠς
3523 4056 3680 4135 εἴπερ
3708 4058 3878 4137 τύχοι

2223 4153 2312 4208 καὶ
2339 4153 2437 4220 τὴν
2479 4153 2696 4232 θατέραν
2751 4151 3106 4232 ἀχρειωθῆναι
3148 4154 3256 4204 τῶν
3324 4147 3522 4226 ἀκοῶν,
3595 4146 3781 4202 οὐκέτι
3816 4150 3878 4203 τὸ

2222 4239 2503 4297 κάλλιπον
2561 4264 2750 4321 χρημα
2819 4244 2847 4297 ὁ
2907 4240 3200 4318 ἅνθρωπος,
3273 4234 3486 4301 ἐντελὴς
3553 4237 3643 4291 καὶ
3701 4242 3876 4314 σῶος,

2222 4331 2310 4387 καὶ
2335 4334 2450 4388 οἷον
2481 4332 2636 4389 αὐτὸν
2687 4333 2716 4387 ὁ
2773 4332 2900 4392 Θεὸς
2957 4328 3259 4408 εἰργάσατο,
3324 4323 3534 4402 λέγεται
3582 4341 3597 4356 ·
3645 4323 3772 4380 ἀλλ’
3808 4327 3882 4390 ὡς

2226 4418 2470 4498 ἕκτρωμά
2525 4443 2574 4477 τι
2647 4419 2933 4498 λογίζεται,
3019 4418 3120 4472 ὑπὸ
3186 4418 3292 4472 τῶν
3345 4413 3546 4470 λοιπῶν
3601 4415 3879 4490 τεττάρων

2227 4509 2540 4588 αἰσθήσεων,
2595 4509 2932 4587 ὃγιαινυύσῶν
2963 4510 3048 4565 καὶ
3090 4512 3276 4578 ταῦτα,
3336 4504 3416 4578 μὴ
3485 4503 3882 4579 βοηθούμενος,

2230 4589 2322 4660 Ὠς
2380 4607 2504 4676 γοῦν
2576 4599 2804 4665 ἑκάστης
2862 4605 2966 4655 τῶν
3022 4597 3313 4665 αἰσθήσεων
3390 4591 3704 4670 πληρούσης
3776 4595 3884 4659 τὴν

2227 4687 2418 4742 οἰκείαν
2464 4685 2749 4766 ἐνέργειαν,
2796 4693 2902 4743 τῶν
2938 4685 3138 4742 λοιπῶν
3198 4687 3257 4740 τὸ
3301 4684 3568 4763 χρήσιμον
3598 4681 3696 4736 οὐκ
3724 4679 3884 4737 ἄπα-

2229 4774 2531 4850 ναινόμεθα,
2589 4773 2702 4832 οὐδὲ
2770 4774 3242 4856 καταψηφιζόμεθα
3312 4772 3512 4828 τούτων
3542 4768 3887 4847 ἀσχημοσύ-

2229 4888 2323 4932 νην
2355 4867 2442 4922 καὶ
2485 4866 2834 4946 ἀχρειότητα,
2897 4865 2980 4922 διὰ
3038 4867 3098 4922 τὸ
3141 4866 3219 4940 μὴ
3261 4859 3567 4924 διπλοειδῶς
3598 4859 3880 4939 ἐνεργεῖν,

2227 4954 2398 5018 καθὼς
2456 4954 3006 5034 πεπλαστούργηνται,
3069 4952 3271 5031 μᾶλλον
3325 4951 3424 5028 μὲν
3479 4950 3566 5007 οὖν
3621 4951 3714 5005 καὶ
3743 4972 3884 5005 συν-

2228 5042 2424 5121 άγομεν
2469 5045 2624 5123 (μιᾶς
2657 5046 2755 5124 γὰρ
2785 5046 2837 5111 ἐξ
2876 5047 3045 5102 αὐτῶν
3103 5041 3451 5124 σχολασάσης
3508 5038 3750 5113 τελείως,
3802 5044 3886 5104 ὡς

2229 5131 2462 5211 εἴρηται,
2509 5133 2635 5190 ὅλον
2678 5137 2738 5190 τὸ
2771 5142 2926 5210 σῶμα
2976 5135 3288 5215 ἠχρείωται,
3360 5133 3445 5188 καὶ
3501 5132 3572 5196 ὡς
3630 5129 3769 5205 μηδὲ
3821 5134 3886 5188 ὃν

2225 5234 2340 5285 τοῖς
2372 5222 2666 5301 ἀνθρώποις
2709 5225 3018 5302 Λογίζεταιγ
3082 5224 3220 5282 οὕτω
3263 5222 3350 5278 καὶ
3390 5225 3493 5277 τῶν
3522 5221 3886 5299 πατριαρχῶν

2224 5313 2258 5379 ἡ
2329 5314 2543 5388 πεντὰς,
2619 5310 2830 5376 δικαίως
2887 5314 2974 5369 καὶ
3055 5311 3306 5392 ἀσφαλῶς
3362 5310 3882 5382 οἰκονομηθήσεται,

2245 5408 2479 5466 Εκαστος
2509 5402 2609 5480 γὰρ
2678 5402 2898 5483 τούτων,
2962 5404 3060 5472 τήν
3119 5403 3216 5478 μὲν
3270 5397 3701 5474 ἀπονεμηθεῖσαν
3735 5400 3890 5472 αὐτῷ

2224 5486 2480 5556 διοίκησιν
2535 5489 2805 5569 ἐνεργήσει
2865 5489 3175 5567 μονοειδῶς,
3250 5487 3343 5544 ’ίνα
3399 5487 3478 5561 μὴ
3533 5485 3883 5565 συγχέωνται

2225 5583 2330 5633 τῶν
2353 5577 2517 5656 ἁγίων
2570 5577 2882 5647 Εκκλησιῶν
2939 5581 3006 5637 τὰ
3061 5577 3324 5659 προνόμια
3357 5591 3372 5606 ⁸
3434 5579 3541 5630 τῶν
3596 5572 3652 5631 δὲ
3710 5575 3887 5652 τιμῆς

2223 5674 2313 5722 του
2383 5673 2513 5726 Θεοῦ
2581 5669 2668 5724 καὶ
2722 5669 2828 5726 τῶν
2900 5669 3148 5726 ἀνέκαθεν
3210 5663 3502 5742 δεδομένων
3559 5661 3782 5720 δικαίων
