4074 6212
241 377 410 443 1173

1586 365 2301 440 θΒᾹζϐΟ-ΗΟΜΑΝΠΜ.

3470 353 3628 426 1174

228 519 592 592 πατριαρχικῇ
661 513 773 583 θεία
845 509 1258 588 μεγαλειότητι,
1319 506 1481 573 οὐδεὶς
1551 506 1891 576 ἀποξενωθή-

1984 499 2257 592 tributam
2280 499 2594 592 obibitpro
2617 506 2937 592 partesua,
2965 515 3042 560 ne
3069 501 3413 592 sanctarum
3437 495 3630 558 eccle-

242 623 414 660 σεται.
452 602 510 658 Ei
553 600 654 680 γὰρ
688 599 925 658 τοιοῦτόν
975 621 1026 655 τι
1070 597 1310 676 γένηται,
1373 598 1461 653 καὶ
1516 597 1606 653 τὸν
1638 593 1886 661 Ἀλεξαν-

238 687 408 770 δρείας
482 690 651 769 τυχὸν
751 685 1120 764 εὑρισκόμενον
1199 687 1272 750 εἷς
1355 684 1454 752 τὴν
1523 687 1628 740 τῶν
1682 683 1890 741 πόλεων

178 822 181 825 -
238 778 641 857 βασιλεύουσαν,
685 783 790 833 τῶν
863 780 1268 855 πατριαρχικῶν
1350 773 1648 852 προνομίων
1704 771 1880 837 ἀποξε-

241 868 398 924 νώσει
429 889 532 942 τις,
565 865 647 923 ὅτι
677 866 812 922 κατὰ
864 865 962 932 τὴν
1020 863 1213 921 οἰκείαν
1274 861 1474 941 ὲνορῖαν
1530 864 1588 918 ού
1617 861 1887 940 πάρεστιν,

236 957 523 1037 ἁχρειώσει
567 960 666 1023 τὴν
693 953 932 1036 κεφαλὴν
987 955 1062 1019 ὡς
1103 951 1466 1032 κωορεύουσαν.
1512 951 1548 1019 ἢ
1591 947 1886 1037 ἀϐλεπτοῦ-

240 1036 362 1118 σαν,
411 1043 504 1100 καί
573 1043 675 1099 ὑπὸ
730 1042 1016 1121 τεττάρων,
1074 1039 1110 1108 ἢ
1167 1039 1255 1095 καὶ
1309 1043 1467 1115 τριῶν
1516 1036 1888 1117 διεξαγομένην

238 1134 552 1203 αἰσθήσεων.
588 1132 686 1190 Διά
728 1132 928 1198 ταύτην
969 1130 1070 1197 τὴν
1127 1128 1317 1201 αἰτίαν,
1378 1127 1451 1191 ὥς
1483 1125 1646 1200 ἔοικε,
1691 1147 1888 1206 προτε-

241 1223 476 1279 τύπωται
533 1219 919 1300 προϐάλλεσθαι
1023 1218 1156 1274 κατά
1244 1219 1308 1274 τὸ
1375 1216 1735 1296 ἀπαραίτητον
1805 1214 1892 1272 καὶ

239 1311 361 1372 τοὺς
419 1310 494 1385 μὴ
554 1308 781 1389 ἔχοντας
843 1328 1180 1387 πατριαρχας
1236 1305 1356 1368 τοὺς
1413 1302 1893 1384 ἀποκληρωθέντας

245 1403 430 1464 αὐτοῖς
459 1399 638 1478 ἁγίους
669 1398 900 1479 θρόνους,
971 1395 1057 1479 διὰ
1111 1395 1212 1462 τὴν
1241 1393 1531 1469 ἐπιδρομήν
1573 1394 1680 1450 τῶν
1708 1393 1890 1472 ἐθνῶν,

242 1489 338 1546 τὸν
382 1479 713 1569 Ἀντιοχείας
742 1488 832 1543 καὶ
873 1477 964 1543 τὸν
999 1477 1376 1565 Ἰεροσολύμων
1407 1483 1566 1562 φημί,

1970 590 2190 651 siarum
2215 588 2526 672 privilegia
2555 587 3014 652 confundantur:
3033 604 3143 648 nec
3169 593 3367 646 tamen
3388 584 3617 672 honore

1972 671 2259 741 concesso
2289 677 2593 754 divinitus,
2637 677 2832 740 dative
2874 674 3199 756 antiquitus
3248 671 3626 756 patriarchali

1973 785 2158 830 sacrae
2187 767 2569 849 amplitudini
2591 765 2852 848 jnribus,
2904 763 3198 846 quispiam
3247 760 3618 844 spoliabitur.

1974 854 2204 937 Quippe
2232 855 2282 917 si
2313 857 2429 918 tale
2458 855 2600 938 quid
2635 857 3001 929 usuvenOrit,
3057 859 3117 915 et
3154 849 3623 916 Alexandrinum

1971 945 2160 1027 (verbi
2191 946 2392 1026 causa)
2432 945 2493 1006 in
2527 943 2677 1006 urbe
2716 941 3098 1024 imperatrice
3127 946 3626 1017 commorantem,

1973 1033 2295 1115 privilegiis
2313 1032 2808 1115 patriarchalibus
2831 1039 3150 1113 propterea
3170 1028 3464 1111 quispiam
3484 1047 3628 1110 spo-

1974 1122 2225 1198 liaverit,
2259 1122 2417 1204 quod
2452 1142 2572 1186 non
2614 1122 2788 1202 degat
2833 1121 2898 1182 in
2949 1119 3254 1202 provincia
3280 1136 3422 1196 sua;
3454 1125 3633 1198 caput

1977 1210 2170 1292 ipsum
2203 1209 2413 1272 inutile
2436 1210 2962 1292 reddet,tanquam
2985 1206 3353 1284 surdum,vel
3375 1223 3627 1282 caecum,

1979 1305 2040 1362 et
2067 1307 2449 1380 quatuor,aut
2471 1298 2956 1362 tribusduntaxat
2975 1294 3255 1359 sensibus
3285 1295 3627 1378 praeditum.

1977 1387 2066 1451 Ob
2097 1389 2249 1450 hanc
2278 1387 2468 1469 ipsam
2502 1405 2763 1464 causam,
2799 1405 2909 1450 ceu
2939 1386 3107 1450 credi
3152 1403 3259 1467 par
3305 1391 3415 1460 est,
3462 1385 3628 1465 jam-

1977 1477 2202 1539 dudum
2259 1477 2554 1539 sancitum
2613 1485 2720 1552 est,
2783 1488 2849 1538 ut.
2905 1475 3064 1539 haud
3120 1474 3301 1538 dubie
3353 1492 3459 1556 per
3498 1475 3631 1538 ele-

269 1576 530 1638 ctionem
561 1563 944 1637 instituantur
970 1563 1149 1636 etiam
1181 1571 1222 1634 ii
1253 1570 1624 1650 patriarchae,
1656 1571 1756 1652 qui
1787 1565 2107 1648 caeteroqui
2134 1585 2338 1628 sacros
2367 1565 2482 1629 sibi
2505 1566 2832 1630 destinatos
2859 1566 3126 1647 thronos,
3157 1563 3232 1627 ob
3264 1581 3627 1647 paganorum

247 1665 498 1728 hostiles
526 1663 823 1740 incursus,
857 1661 1016 1726 haud
1049 1661 1355 1744 possident
1386 1677 1401 1723 :
1427 1659 1856 1732 Antiochenus,
1891 1655 2156 1744 inquam,
2191 1664 2250 1718 et
2275 1655 2870 1744 Hierosolymitanus.
3549 1741 3562 1744 Δ
3725 1718 3727 1721 ,

331 1757 438 1816 Κᾶν
470 1756 570 1834 γὰρ
597 1753 895 1821 ἐξώσθησαν
949 1741 1066 1820 τῆς⁷
1104 1750 1258 1819 δόξης
1327 1757 1434 1808 τῶν
1463 1751 1658 1828 θρόνων
1695 1751 1884 1819 αὑτῶν,

2052 1743 2266 1834 Quavis
2303 1745 2462 1806 enim
2493 1743 2679 1824 gloria
2706 1746 3058 1834 thronorum
3099 1761 3342 1834 suorum
3374 1761 3483 1825 per
3498 1741 3630 1834 _vim

244 1842 363 1902 ἀλλ’
391 1847 427 1914 ἡ
492 1842 825 1922 πνευματική
894 1842 1078 1922 χάρις,
1125 1841 1259 1897 κατά
1301 1841 1390 1896 τὸν
1440 1835 1620 1915 Δαϐὶδ,
1671 1842 1732 1898 οὑ
1782 1860 1893 1895 πα-

247 1933 630 2004 λαιωθήσεται.
662 1921 822 1997 ’Ἥξει
856 1921 932 1986 δὶν
961 1928 1164 2006 μᾶλλον
1208 1931 1236 1986 ὁ
1291 1930 1422 1992 Θεὸς
1450 1929 1608 2003 ἡμῶν
1651 1927 1896 2008 ἐμφανῶς

248 2021 342 2079 καί
376 2025 435 2082 οὗ
507 2021 978 2100 παρασιωπήσεται
1014 2065 1028 2078 .
1075 2020 1148 2081 ὡς
1217 2017 1490 2096 συναγάγῃ
1575 2019 1717 2092 αὑτῷ
1774 2017 1894 2080 τοὺς

252 2113 424 2174 ὁσίους
475 2115 652 2184 αὑτοῦ,
714 2109 835 2171 τοὺς
901 2106 1288 2183 διατιθεμένους
1342 2105 1442 2174 τὴν
1484 2103 1738 2175 διαθήκην
1793 2105 1894 2162 αὒ-

249 2210 366 2260 τοῦ.
425 2195 850 2279 Φιλοφρονητὲον
892 2196 1061 2253 τοίνυν
1129 2195 1250 2261 τοὺς
1305 2193 1725 2260 ἀποξενωθέντας
1782 2216 1894 2251 πα-

251 2288 448 2367 τριάρχ
452 2311 512 2351 ας
569 2287 629 2344 ἐκ
695 2291 801 2342 τῶν
843 2284 1156 2364 ἁγιωτάτων
1198 2281 1499 2350 ἐκκλησιῶν
1556 2281 1752 2357 αὑτῶν,
1808 2282 1896 2338 καὶ

251 2375 551 2455 ὑπερορίους
605 2373 934 2449 καθημένους
1009 2373 1082 2438 εἷς
1181 2371 1356 2450 ἐτέρου
1423 2371 1755 2451 πατριάρχου
1809 2368 1895 2426 δι·-

255 2465 486 2537 οίκησιν,
517 2463 710 2538 καὶμὴ
762 2460 1100 2537 ἀτιμαστέον.
1173 2461 1548 2518 Κεκανόνισται
1601 2459 1700 2538 γὰρ
1729 2481 1900 2536 παρα-

259 2552 534 2610 καλεῖσθαι
630 2551 867 2622 τούτους,
967 2551 1055 2606 καὶ
1148 2549 1326 2615 πάσης
1423 2546 1725 2623 ἐπιμελείας
1811 2547 1900 2603 καὶ

259 2639 532 2721 ὑποδοχῆς
575 2636 858 2710 ἀξιοῦσθαι,
905 2638 964 2694 οὑ
1003 2638 1112 2712 μὴν
1159 2634 1445 2715 ὑϐρίζεσθαι
1512 2633 1597 2691 διὰ
1652 2636 1752 2703 τὴν
1793 2641 1899 2691 τῶν

261 2730 587 2810 πραγμάτων
662 2726 994 2803 ἀνωμαλίαν,
1043 2726 1248 2806 θρήνων
1320 2725 1465 2790 ἀξίαν
1559 2724 1742 2798 οὖσαν,
1813 2724 1900 2780 καὶ

267 2821 346 2896 μὴ
377 2819 679 2891 ἀλαζονείας
719 2817 1050 2895 γεννήτριαν,
1099 2815 1237 2872 Εἶτα
1287 2817 1389 2870 τῶν
1445 2813 1596 2871 θείων
1625 2815 1711 2870 καὶ
1740 2814 1901 2893 ἁγίων

264 2916 299 2966 Γ
303 2915 481 2990 ραιρῶν
542 2908 630 2964 καὶ
699 2912 804 2962 τῶν
874 2905 1145 2983 Πατρικῶν
1202 2901 1540 2990 παραδόσεων
1594 2924 1902 2978 κατονομα-

262 2983 462 3070 (oua-(3v
496 2997 680 3052 Πάπαν
733 2997 824 3051 τὸν
877 2993 1165 3051 ἐπίσκοπον
1217 2983 1454 3068 Ῥώμης,
1516 2992 1764 3056 ὡσαύτως
1814 2992 1902 3048 καὶ
1920 3038 1960 3089 C

255 3088 348 3142 τὸν
380 3082 766 3162 Ἀλεξανδρείας
802 3103 817 3117 ο
863 3081 1000 3138 ἀλλὰ
1057 3081 1164 3155 μήν
1208 3081 1296 3137 καὶ
1337 3081 1427 3136 τὸν
1473 3090 1902 3138 Κωνσταντινου-

259 3173 491 3252 πόλεως,
537 3174 623 3230 καὶ
667 3174 757 3228 τὸν
821 3162 1217 3251 Ἰεροσολύμων,
1267 3168 1719 3250 ἀρχιεπισκόπους
1755 3185 1770 3200 ⁸
1806 3168 1902 3244 μό-

261 3288 345 3320 νον
388 3261 441 3319 δέ
497 3265 588 3319 τὸν
646 3260 1002 3342 Ἀντιοχείας,
1041 3259 1402 3340 πατριάρχην.
1451 3264 1571 3322 Πῶς
1616 3265 1723 3314 τῶν
1770 3255 1899 3315 Ἀν-

263 3351 493 3432 τιοχέων
559 3353 593 3419 ἡ
649 3349 904 3418 ἐκκλησία
973 3349 1076 3428 οὑχ
1151 3345 1484 3428 ὑϐριοπαθεϊ,
1570 3347 1901 3422 μανθάνουσα

263 3443 352 3498 καὶ
392 3442 511 3504 τοὺς
568 3439 806 3512 λοιποὺς,
855 3438 1190 3517 πατριάρχας
1239 3434 1681 3516 ἀνακηρύττεσθαι
1712 3451 1729 3510 ;
1761 3437 1904 3492 πάν-

263 3554 368 3594 τως
412 3528 498 3586 διὰ
538 3534 635 3596 τὴν
683 3530 982 3594 ταυτότητα
1036 3527 1132 3594 τῆς
1187 3525 1371 3600 τιμῆς,
1424 3527 1510 3582 καὶ
1560 3523 1644 3582 διὰ
1698 3527 1758 3581 τὸ
1813 3525 1906 3582 ἐπ-

266 3619 413 3700 έχειν
442 3619 563 3682 τοὺς
620 3639 774 3675 πεντε
821 3616 1154 3696 πατριάρχας
1205 3615 1368 3672 τόπον
1421 3619 1518 3682 τῆς
1574 3619 1700 3690 μιᾶς
1729 3635 1902 3694 κεφα-

263 3711 359 3778 λῆς
388 3717 481 3766 τοὺ
510 3709 776 3784 σώματος,
830 3704 1034 3775 δηλαδή
1071 3713 1176 3762 τῶν
1235 3705 1399 3784 ἁγίων
1428 3703 1764 3772 Ἐκκλησιῶν
1813 3712 1905 3761 του

265 3807 418 3862 Θεοῦ.

347 3888 492 3948 Ἐπεὶ
535 3887 589 3946 δέ
643 3910 782 3951 τινες
838 3885 1046 3964 λέγουσι
1090 3881 1261 3961 μηδὲν
1318 3883 1461 3940 εἶναι
1518 3884 1580 3940 τὸ
1634 3881 1902 3963 ἐμποδὼν,

268 3981 356 4036 καὶ
424 3979 542 4040 τοὺς
598 3978 876 4055 ἑκασταχῆ
931 3973 1400 4054 ἀρχιερατεύοντας
1469 3971 1608 4029 οὕτω
1660 3976 1906 4048 τιμᾶσθαι

267 4069 354 4124 καὶ
453 4065 849 4144 μεγαλύνεσθαι.
924 4067 1020 4120 Καὶ
1124 4064 1266 4118 οὗτοι
1349 4061 1450 4140 γὰρ
1535 4058 1907 4117 διδασκαλικοῦ

263 4154 558 4230 ἀξιώματος
588 4153 956 4224 κατηξίωνται,
1004 4151 1092 4207 καὶ
1134 4150 1269 4206 κατὰ
1312 4147 1506 4206 Μωσέα
1563 4149 1675 4224 καὶ,
1720 4150 1907 4230 Ααρὼν

266 4247 339 4306 εἰς
382 4245 448 4300 τα
475 4245 600 4322 ἅγια
648 4246 754 4300 τῶν
796 4242 958 4321 ἁγίων
1007 4241 1285 4316 ἑστήκασι,
1317 4239 1405 4295 καὶ
1453 4239 1550 4306 τὴν
1580 4239 1905 4314 ἀναίμακτον

1978 1833 2352 1910 exciderunt,
2413 1842 2612 1896 tamen
2670 1832 2992 1914 spiritualis
3038 1831 3248 1912 gratia,
3291 1830 3625 1895 secundum

1976 1921 2285 1998 Davidem,
2319 1941 2440 1984 non
2473 1922 2798 1985 exolescet.
2831 1921 2957 1984 Imo
3008 1923 3203 2003 potius
3251 1919 3441 1983 veniet
3468 1919 3629 1984 Deus

1977 2021 2180 2072 noster
2209 2011 2551 2086 manifesto,
2605 2029 2719 2073 nec
2750 2009 3068 2088 silebitur;
3113 2016 3182 2072 ut
3223 2009 3461 2090 colligat
3510 2007 3628 2072 sibi

1978 2107 2214 2162 sanctos
2243 2119 2404 2178 suos,
2441 2099 2541 2182 qui
2573 2107 2988 2163 testamentum
3034 2098 3226 2181 ipsius
3277 2098 3624 2180 disponunt.

1977 2187 2184 2271 Itaque
2216 2189 2660 2272 complectendi
2707 2197 2846 2252 sunt
2880 2197 3150 2252 amanter
3177 2187 3220 2249 ii
3249 2188 3624 2268 patriarchae,

1979 2278 2079 2360 qui
2127 2278 2522 2340 sanctissimis
2571 2278 2842 2342 ecclesiis
2899 2278 3026 2340 suis
3083 2277 3316 2359 spoliati
3375 2284 3535 2356 sunt,
3569 2282 3631 2342 et

1980 2369 2214 2430 exsules
2242 2368 2304 2430 in
2333 2367 2579 2430 alterius
2602 2367 2958 2450 patriarcha;
2972 2367 3198 2431 diocesi
3233 2368 3478 2446 degunt,
3511 2366 3629 2430 mi-

1980 2456 2260 2538 nimeque
2291 2457 2669 2520 contumeliis
2698 2455 3023 2521 alliciendi.
3057 2456 3288 2538 Quippe
3333 2456 3626 2520 sancitum

1983 2545 2310 2609 canonibus
2363 2553 2478 2624 est,
2530 2554 2596 2608 ut
2641 2565 2742 2609 eos
2767 2545 3169 2622 consolemur,
3201 2553 3261 2609 et
3289 2545 3455 2608 omni
3480 2562 3629 2608 cura

1980 2635 2478 2717 susceptioneque
2507 2635 2862 2717 dignemur;
2895 2654 3017 2697 non
3039 2633 3276 2715 injuriis
3305 2634 3633 2697 alﬁciamus

1981 2723 2056 2785 ob
2086 2743 2286 2785 rerum
2330 2725 2723 2786 humanarum
2752 2724 3236 2799 inconstantiam,
3263 2741 3396 2805 quae
3422 2723 3630 2804 lacry-

1985 2813 2097 2874 mis
2128 2813 2320 2893 potius
2350 2821 2442 2876 est
2467 2813 2673 2895 digna,
2705 2830 2887 2895 quam
2918 2820 2985 2876 ut
3013 2813 3389 2876 insolentiam
3417 2813 3631 2894 gigne-

1983 2919 2051 2963 re
2079 2901 2315 2964 debeat.
2350 2903 2640 2966 Caeterum
2674 2921 2810 2964 cum
2841 2919 3026 2964 sacrae
3052 2900 3314 2976 Littera,
3347 2899 3629 2963 Patrum-

1984 3008 2099 3072 que
2153 2989 2523 3064 traditiones,
2561 2989 2910 3072 episcopum
2958 2993 3291 3053 Romanum
3329 2988 3633 3072 appellent

1986 3097 2222 3161 papam;
2242 3079 2569 3162 itidemque
2590 3079 3148 3158 Alexandrinum,et
3167 3079 3362 3162 ipsum
3392 3096 3636 3161 quoque

1985 3168 2727 3251 Constantinopolitanum,
2759 3187 2829 3230 ac
2858 3168 3486 3250 Hierosolymitanum,
3522 3185 3632 3230 ar-

1984 3257 2397 3339 chiepiscopos
2425 3276 2440 3332 ;
2473 3258 2666 3320 solum
2713 3275 2850 3320 vero
2901 3257 3336 3320 Antiochenum
3376 3257 3635 3338 patriar-

1986 3347 2156 3408 cham
2189 3367 2202 3408 :
2239 3347 2341 3428 qui
2371 3346 2500 3409 ﬁeri
2531 3353 2742 3428 potest,
2761 3347 3205 3410 utAntiochena
3234 3346 3491 3409 ecclesia
3511 3363 3634 3408 non

1988 3436 2244 3517 patiatur
2273 3435 2580 3516 injuriam,
2617 3453 2747 3516 qua
2773 3434 3083 3515 intelligat,
3137 3434 3402 3516 reliquos
3449 3434 3633 3498 etiam

1988 3523 2228 3607 publice
2258 3523 2376 3586 dici
2407 3523 2810 3604 patriarchas?
2836 3523 3094 3588 Omnino
3141 3524 3208 3586 ﬁt
3247 3524 3361 3586 hoc
3391 3531 3635 3606 propter

1985 3613 2356 3675 identitatem
2386 3611 2654 3687 honoris,
2682 3619 2741 3674 et
2767 3612 2923 3694 quod
2976 3612 3037 3674 hi
3087 3611 3352 3694 quinque
3377 3609 3634 3692 patriar-

1988 3703 2116 3764 chao
2143 3702 2333 3764 vicem
2382 3701 2560 3763 unius
2606 3701 2819 3783 capitis
2868 3701 3131 3766 universi
3173 3700 3440 3783 corporis
3468 3699 3630 3764 obti-

1987 3799 2189 3866 neant,
2226 3799 2563 3854 sanctarum
2590 3789 2864 3854 videlicet
2890 3790 3288 3855 Ecclesiarum
3317 3789 3448 3854 Dei.

2066 3880 2213 3954 Quia
2242 3897 2382 3943 vero
2412 3879 2652 3962 quidam
2683 3880 3180 3962 perhibent,nihil
3210 3898 3343 3944 esse
3366 3877 3628 3963 impedi-

1992 3979 2224 4045 mento,
2283 3969 2606 4050 quominus
2664 3969 2855 4034 ubivis
2930 3969 3234 4034 constituti
3289 3969 3629 4052 pontiﬁces,

1989 4061 2200 4121 eodem
2259 4077 2395 4122 cum
2454 4058 2806 4140 patriarchis
2844 4060 3075 4123 honore
3123 4058 3637 4140 amplitudineque

1987 4149 2282 4226 fruantur,
2336 4167 2470 4212 cum
2525 4156 2584 4212 et
2627 4149 2740 4231 ipsi
2795 4149 3050 4214 docendi
3091 4149 3436 4231 dignitatem
3475 4146 3636 4212 nacti

1988 4246 2147 4320 sunt,
2175 4246 2232 4300 et
2257 4237 2528 4319 exemplo
2562 4237 2740 4300 Mosis
2770 4249 2830 4300 et
2857 4238 3115 4302 Aaronis
3143 4239 3206 4300 in
3235 4237 3457 4302 sanctis
3487 4255 3636 4300 san-

263 4334 442 4390 θυσίαν
472 4333 839 4413 προσφέρουσι.
873 4331 1078 4409 Φαμὲν,
1137 4330 1212 4392 ὣς
1282 4327 1388 4384 ἀπὸ
1444 4334 1552 4384 τῶν
1607 4327 1756 4422 θείων
1815 4335 1899 4390 καὶ

1993 4341 2222 4389 ctorum
2245 4327 2594 4402 consistant,
2628 4327 3120 4410 incruentamque
3148 4327 3449 4390 victimam
3480 4326 3634 4389 οσο-

261 4424 413 4501 ἱερῶν
442 4423 678 4479 κανόνων
728 4423 908 4497 μόνοις
965 4433 1082 4484 τοῖς
1140 4417 1496 4498 πατριάρχαις
1543 4415 1902 4497 πεφιλοτίμη-

264 4535 349 4568 ται
402 4517 500 4579 τῆς
557 4511 866 4587 οἰκουμένης
948 4509 1013 4564 τὰ
1111 4505 1360 4582 κλίματα,
1446 4507 1731 4566 Κάντεῦθεν
1790 4505 1906 4562 οὑδὲ

263 4601 380 4681 ἔχει
422 4623 504 4664 τις
546 4601 720 4680 ἔτερος
750 4601 925 4672 οἰκείῳ
975 4595 1158 4668 δικαίῳ
1198 4595 1424 4675 ἐνορίαν,
1477 4595 1514 4663 ἢ
1571 4593 1700 4651 ἄλλο
1743 4618 1792 4652 τι
1823 4593 1903 4650 δί-

263 4712 415 4747 καιον
444 4691 702 4769 ἱερατικόν
735 4704 748 4718 ⁸
787 4685 904 4744 ἀλλ’
962 4686 1138 4742 ἐκεῖνο
1166 4686 1252 4740 καὶ
1296 4683 1458 4759 μόνον
1513 4685 1574 4740 τὸ
1619 4683 1774 4762 μέρος
1803 4686 1904 4750 τῆς

264 4777 574 4850 διοικήσεως
645 4781 921 4858 ἱερατικῶς
993 4776 1220 4854 ἐνεργεῖ,
1280 4775 1342 4829 τὸ
1397 4771 1542 4829 δοθὲν
1596 4775 1738 4858 αξτῷ
1765 4773 1906 4852 παρὰ

262 4872 360 4936 τῆς
418 4846 813 4948 ᾇητριαρχίκῆς
885 4868 1025 4930 θείας
1080 4846 1552 4942 ’μεγαλειότητος
1635 4846 1774 4919 εὅθεν
1831 4846 1906 4926 ὧς

262 4957 709 5033 ἀποστελλόμενοι
778 4955 918 5034 παρὰ
979 4951 1350 5031 πατριαρχῶν,
1392 4950 1479 5006 καὶ
1535 4948 1904 5029 ἀναπληροῦν-

261 5067 347 5109 τες
379 5048 466 5102 τὸν
497 5046 658 5102 τόπον
690 5051 793 5100 τῶν
843 5043 994 5100 θείων
1045 5043 1135 5097 καὶ
1193 5040 1355 5118 ἁγίων
1409 5037 1742 5112 ἀποστόλων,
1775 5038 1905 5095 ἀπο-

264 5133 523 5189 στολικῶν
593 5134 690 5207 μὲν
759 5131 1058 5211 προνομίων
1133 5127 1376 5196 ἠξίωνται
1461 5126 1728 5208 (δεσμοὺσι
1807 5129 1905 5206 γάρ

264 5221 351 5276 καὶ
381 5218 557 5275 λύουσι
607 5218 725 5277 κατ’
778 5220 962 5284 αὐτοὺς
1018 5219 1106 5274 καὶ
1171 5217 1497 5297 χειροτονίας
1556 5223 1784 5290 ποιοῦσι,
1818 5217 1904 5272 καὶ

261 5310 361 5377 τὴν
430 5308 752 5384 ἀναίμακτον
800 5309 997 5383 θυσίαν,
1088 5306 1432 5388 προσάγωσι)
1503 5310 1902 5385 πατριαρχικῶν

267 5395 320 5453 δὲ
351 5395 563 5453 δικαίων
591 5399 651 5454 οὑ
703 5397 1074 5464 κατηξίωνται,
1137 5396 1266 5454 Οῧτε
1335 5397 1433 5475 γὰρ
1491 5395 1738 5469 σάκκους,
1787 5392 1903 5450 οὔτε

269 5484 622 5566 πολυσταύρια
651 5485 1027 5544 ὲνδιδύσκονται
1061 5502 1075 5516 ⁸
1114 5484 1228 5543 οὔτε
1260 5486 1394 5560 μετὰ
1448 5485 1548 5563 γὰρ
1577 5483 1902 5562 γραμμάτων

268 5579 354 5634 καὶ
379 5578 667 5656 τριγωνίων
698 5579 970 5659 στιχάρια.
1027 5583 1200 5636 Ταῦτα
1269 5573 1323 5631 δὲ
1381 5574 1516 5632 οὕτω
1569 5575 1792 5653 γίνεται,
1823 5573 1902 5630 ὅτι

265 5668 353 5724 καὶ
394 5672 499 5722 τῶν
553 5667 716 5745 ἁγίων
771 5664 1082 5724 ἀποστόλων
1137 5667 1170 5733 ἡ
1222 5664 1332 5722 θεία
1386 5665 1644 5743 ὁμήγυρις
1704 5663 1763 5718 τὸ
1812 5670 1905 5719 τοῦ

1989 4425 2142 4479 rant:
2159 4415 2594 4497 respondemus
2621 4434 2726 4496 per
2753 4416 2987 4480 divinos
3009 4434 3326 4497 sacrosque
3346 4432 3628 4492 canones,

1989 4505 2131 4566 solis
2187 4504 2544 4586 patriarchis
2585 4523 2720 4566 esse
2777 4523 3095 4567 concessos
3142 4502 3309 4566 orbis
3338 4511 3632 4566 terrarum

1988 4593 2409 4658 tractus.Unde
2438 4593 2592 4668 ﬁt,ut
2622 4593 2772 4654 alius
2817 4592 3110 4674 quispiam
3153 4611 3260 4654 suo
3301 4591 3440 4672 jure
3487 4609 3632 4673 pro-

1987 4682 2239 4744 vinciam
2257 4700 2374 4743 non
2403 4680 2646 4755 habeat,
2663 4679 2752 4742 vel
2777 4680 2939 4743 aliud
2959 4680 3281 4763 quodpiam
3295 4681 3398 4762 jus
3424 4697 3632 4744 sacer-

1988 4771 2204 4834 dotale:
2240 4771 2345 4832 sed
2377 4770 2436 4830 in
2467 4788 2538 4832 ea
2567 4769 2850 4832 duntaxat
2878 4779 3043 4851 parte
3071 4770 3348 4834 dicacesis
3381 4787 3633 4834 munere

1988 4858 2341 4921 sacerdotali
2371 4858 2656 4938 fungitur,
2691 4877 2824 4939 qua:
2850 4858 2966 4942 ipsi
2998 4877 3033 4920 a
3060 4877 3229 4923 sacra
3250 4857 3631 4940 patriarchali

1987 4947 2377 5029 amplitudine
2405 4966 2689 5010 concessa
2722 4955 2833 5012 est.
2865 4947 3038 5012 Unde
3065 4948 3243 5011 veluti
3273 4947 3375 5030 qui
3396 4947 3634 5012 mittan-

1990 5047 2086 5098 tur
2105 5055 2137 5098 a
2157 5035 2528 5117 patriarchis,
2541 5044 2600 5098 et
2616 5035 2806 5100 vicem
2820 5037 3153 5101 divinorum
3171 5045 3631 5121 sanctorumque

1989 5125 2384 5207 apostolorum
2399 5123 2478 5186 im
2486 5124 3040 5208 pleant,apostolica
3058 5126 3301 5210 quidem
3326 5125 3636 5209 privilegia

1989 5213 2290 5276 consecuti
2313 5225 2453 5275 sunt
2497 5212 2747 5293 (lingant
2775 5215 2935 5277 enim
2967 5224 3026 5279 et
3045 5216 3278 5279 solvunt
3306 5233 3415 5296 per
3441 5233 3530 5292 se,
3561 5233 3634 5280 ac

1988 5301 2399 5366 ordinationes
2420 5301 2668 5378 faciunt,
2699 5311 2759 5366 et
2787 5303 3161 5368 incruentam
3191 5304 3446 5368 hostiam
3477 5304 3634 5370 οσσ-

1987 5397 2244 5468 runtl,at
2293 5391 2707 5472 patriarchalia
2745 5392 2883 5472 jura
2913 5413 3032 5456 non
3062 5393 3473 5457 obtinuerunt.
3506 5391 3632 5458 Nec

1986 5484 2145 5544 enim
2170 5479 2260 5542 vel
2284 5480 2607 5556 saccos,vel
2634 5481 2879 5561 penulas
2903 5483 3424 5565 multisinsignitas
3442 5483 3633 5548 cruci-

1986 5570 2096 5633 bus
2120 5568 2514 5642 induunt,nec
2549 5569 2780 5632 tunicas
2808 5571 3106 5654 frequenti
3146 5572 3345 5636 littera
3371 5590 3628 5654 gamma,

1990 5656 2419 5739 triangulisque
2447 5656 2734 5739 depictas.
2757 5659 2896 5726 Hteo
2921 5670 3122 5728 autem
3143 5661 3225 5725 ita
3266 5662 3442 5740 ﬁunt,
3471 5661 3632 5746 quod
