4074 6212
468 312 624 379 1135
1836 319 1969 382 JUS
2009 319 2099 381 CA

2186 316 2454 384 )NIGUM
3683 317 3708 376 1
3727 315 3812 382 176

445 448 790 534 sanctorum
812 443 1476 534 apostolorumdivinus
1499 453 1701 509 cretus
1726 449 1985 529 martyrii
2009 457 2097 512 sta

2205 454 2485 532 μαρτυρίου
2530 452 2733 512 στὲδιον
2812 453 3099 534 τρέχουσαι,
3189 451 3525 534 χειροπέδαις
3609 453 3702 527 μὲν
3749 461 3814 515 καὶ

444 529 610 623 dium
644 530 1262 612 decurrens,manicis
1285 533 1530 623 quidem
1547 551 1616 623 ac
1649 534 1782 596 loro
1815 536 2099 617 subjectu:

2207 529 2504 620 φραγγελίῳ
2553 529 3035 623 καθυποϐἑϐληται,
3085 529 3228 599 ’καὶὴ
3249 529 3412 606 πόδας
3472 541 3716 618 μαθητῶν
3751 538 3814 594 διὰ

459 617 664 694 fuerit,
687 627 760 711 et
791 620 1223 711 discipulorum
1275 622 1460 703 pedes
1514 622 1866 686 absterserit
1915 626 2095 690 linteo

2207 628 2408 688 λεντίου
2475 631 2770 711 ἀπέσμηξε,
2842 634 2928 688 καὶ
3007 629 3355 688 ἐνεδιδύσκετο
3436 632 3573 687 κατὰ
3643 629 3814 706 Ἀαρὼν

459 714 637 789 atque
668 709 918 774 Aaronis
947 711 1222 792 exemplo
1258 712 1524 774 induerit
1572 713 1902 788 humerale,
1941 719 2104 779 luni-

462 815 591 861 cam
633 798 1368 880 talarem.Ephud,quibus
1399 801 1496 861 illa
1528 801 1719 882 prisca
1749 803 1922 883 pellis
1943 806 2099 867 Ada-

461 887 648 957 missa;
678 905 887 950 massa;
915 887 1344 951 denotabatur:
1385 907 1596 952 verum
1618 891 1855 968 sanguis
1877 902 1932 956 et
1955 913 2107 976 aqua

459 994 528 1039 ex
559 994 767 1039 eorum
801 978 986 1042 latere
1017 996 1133 1041 non
1165 977 1695 1060 defluxit,quorum
1732 979 1920 1041 vicem
1947 1003 2076 1062 gam

459 1067 637 1130 matia
663 1067 792 1146 (59)
842 1066 1175 1130 tunicarum
1229 1067 1502 1148 implent.
1553 1069 1676 1131 Nec
1734 1073 2108 1135 contumelia}

457 1154 702 1236 pallium
733 1155 1212 1220 induerunt.Nec
1249 1175 1453 1220 eorum
1485 1158 1796 1238 quisquam
1831 1161 1979 1241 lapis
2003 1181 2102 1223 an-

457 1243 682 1319 gularia
711 1253 950 1308 vocatus
981 1246 1111 1321 fuit,
1150 1246 1300 1309 sicut
1347 1245 1637 1308 Domiuus
1687 1247 1784 1308 ille
1832 1249 2108 1332 Deusque

457 1340 682 1395 noster.
717 1332 838 1396 Nec
871 1334 1009 1397 ﬁdei
1043 1335 1323 1397 talentum
1353 1353 1458 1415 per
1485 1336 1814 1416 quemlibet
1846 1341 2107 1416 ipsorum

457 1422 520 1484 in
551 1424 892 1486 universum
927 1424 1134 1487 orbem
1168 1433 1459 1486 terrarum
1495 1423 1799 1487 dilatatum
1837 1427 1968 1503 fuit,
2003 1431 2106 1492 sed

456 1511 558 1576 hic
591 1515 864 1584 Romam,
896 1511 998 1574 ille
1029 1513 1099 1574 ad
1135 1511 1312 1575 Indos
1347 1513 1435 1574 vel
1466 1513 1806 1588 Britannos,
1856 1516 2004 1578 alius
2034 1525 2102 1579 ad

457 1597 655 1664 Gallos
681 1601 967 1662 doctrina)
997 1600 1202 1664 latices
1231 1600 1536 1664 derivavit.
1571 1602 1747 1664 Solus
1774 1603 1874 1665 ille
1895 1607 2105 1668 Chris-

461 1698 554 1753 tus
574 1708 642 1754 ac
673 1689 828 1752 Deus
863 1697 1064 1752 noster
1086 1691 1288 1754 aderat
1315 1689 1559 1772 ubique,
1606 1701 1779 1773 atque
1831 1695 2108 1757 universa

457 1777 671 1880 gaudio
701 1778 1008 1879 implebat.
1037 1777 1207 1844 Unde
1238 1780 1420 1880 ﬁttut
1468 1780 1826 1880 sanctissimi
1859 1783 2106 1880 patriar-
2135 1832 2169 1880 Β

463 1867 612 1934 clla).
639 1867 740 1948 qui
771 1879 1108 1932 sanctarum
1133 1870 1518 1931 ecclesiarum
1544 1869 1754 1949 capitis
1786 1869 1890 1932 Dei
1921 1875 2105 1936 vicem

455 1955 735 2037 implent,
770 1975 977 2021 saceos
1006 1958 1632 2039 induant,tunicasque
1662 1959 1855 2021 fluviis
1885 1980 1952 2022 ac
1997 1963 2108 2023 tri-

457 2046 714 2126 angulis,
741 2047 988 2127 penulas
1009 2047 1210 2110 multis
1230 2047 1508 2110 crucibus
1538 2048 1825 2127 depictas;
1852 2068 1921 2111 ac
1946 2051 2106 2130 pari-

463 2138 554 2198 ter
583 2134 645 2196 in
675 2135 952 2199 omnibus
997 2135 1286 2200 Ecelesiis
1337 2135 1690 2197 nominatim
1749 2136 2103 2204 referantur.

457 2221 622 2287 Idem
637 2223 1133 2305 baculo,perinde
1147 2243 1214 2286 ac
1236 2225 1527 2286 arundine
1549 2225 1814 2287 Christus
1832 2230 2106 2310 Deusque

457 2321 680 2388 noster,
712 2315 1068 2395 spectabiles
1099 2333 1231 2377 sese
1260 2314 1762 2377 redduntﬁaiteri
1797 2317 2106 2394 POHIiﬁCt'S

460 2411 519 2464 et
537 2403 856 2482 antistites,
884 2403 1132 2484 perinde
1162 2423 1229 2465 ac
1261 2403 1461 2467 Aaron
1494 2403 1593 2465 illa
1622 2404 1803 2482 virga,
1827 2425 1956 2484 qua:
1987 2427 2107 2469 ma-

457 2491 557 2571 gni
589 2493 852 2572 mysterii
881 2493 1250 2571 signiﬁcandi
1295 2511 1476 2554 causa
1529 2493 1749 2566 floruit,
1781 2494 1868 2554 vel
1916 2495 2106 2558 instar

459 2580 657 2659 magni
690 2581 850 2643 illius
879 2581 1128 2661 apostoli
1158 2581 1337 2650 Petri.
1372 2581 1473 2662 qui
1504 2600 1571 2643 ex
1606 2581 1734 2661 ipso
1774 2587 1894 2644 Deo
1926 2586 2101 2647 audi-

456 2670 560 2744 vit,
590 2672 773 2732 Pasce
798 2689 936 2732 oves
967 2689 1156 2733 meas.
1185 2669 1253 2731 Et
1277 2670 1553 2750 quoniam
1587 2689 1727 2732 vero
1757 2681 1850 2735 est
1880 2673 2098 2751 simile,

459 2758 798 2840 quempiam
849 2759 1241 2835 interrogare,
1273 2777 1404 2838 quae
1427 2758 1694 2820 vocabuli
1729 2778 1878 2840 papa
1908 2763 2099 2843 signi-

457 2853 608 2915 catio
639 2849 734 2925 sit,
785 2869 916 2931 quae
946 2851 1323 2930 patriarchae,
1357 2868 1488 2930 quas
1541 2851 1973 2934 archiepiscopi
2003 2877 2017 2931 ;
2046 2865 2105 2919 et

458 2937 843 3020 quamobrem
905 2939 1115 3001 horum
1191 2938 1452 3019 quinque
1529 2940 1788 3019 capitum
1863 2943 2106 3006 facultas

461 3035 638 3108 atque
669 3026 976 3108 privilegia
1023 3027 1140 3089 sint
1189 3026 1422 3098 eadem,
1457 3027 1539 3089 uti
1579 3027 1942 3092 declaratum
1974 3034 2100 3109 fuit,

2206 719 2305 785 τὴν
2348 718 2607 796 ἐπωμίδα,
2639 722 2725 777 καὶ
2768 721 2857 776 τὸν
2900 719 3128 799 ποδήρη.
3200 722 3286 776 καὶ
3339 722 3399 776 τὸ
3455 718 3630 799 ἐφοὺδ,
3683 721 3740 774 τα
3769 721 3817 772 τὸ

2189 807 2418 886 ἀρχαῖον
2449 810 2773 884 σημαίνοντα
2827 807 3019 866 κώδιον
3068 816 3162 864 τοῦ
3217 807 3524 882 Ἀδαμιαίου
3581 808 3804 889 φυράμα-

2189 919 2277 961 τος
2313 916 2326 931 ·
2373 902 2512 973 αἷμα
2567 895 2621 952 δὲ
2674 899 2760 957 καὶ
2813 896 2948 976 ὕδωρ
3013 897 3074 954 ἐκ
3129 902 3226 964 τῆς
3283 896 3508 977 πλευρᾶς
3569 900 3731 953 αἰετῶν
3755 900 3803 953 ὠ

2189 985 2545 1064 κατέῤῥευσεν,
2580 989 2652 1042 ὧν
2703 985 3063 1064 ἀναπληροῦσι
3118 987 3281 1043 τόπον
3339 987 3404 1043 τὰ
3457 987 3562 1042 τῶν
3631 1007 3804 1065 στιχα·

2191 1074 2314 1152 ρίων
2345 1076 2644 1153 γαμμάτια.
2705 1073 2834 1133 Οὒδὲ
2893 1075 2990 1142 τὴν
3048 1073 3280 1154 χλαῖναν
3350 1078 3446 1142 τῆς
3502 1072 3694 1152 εὗρεως
3731 1074 3802 1128 ἐν-

2189 1161 2454 1226 εδύσαντο.
2489 1162 2617 1222 Οὒδέ
2658 1186 2736 1226 τις
2770 1163 2940 1220 αύτεῦν
2994 1161 3134 1228 λίθος
3193 1163 3576 1241 ἀκρογωνιαῒος
3635 1162 3815 1236 ὠνόμα-

2192 1275 2332 1331 στλιι,
2366 1254 2438 1317 ὡς
2508 1255 2536 1309 6
2597 1253 2782 1331 Κύριος
2852 1255 2942 1309 καὶ
2997 1254 3125 1314 Θεὸς
3183 1254 3360 1326 ἡμῶν,
3432 1251 3558 1310 Οὐδὲ
3613 1254 3675 1307 τὸ
3735 1251 3812 1316 τῆς

2192 1342 2420 1404 πίστεως
2483 1339 2738 1398 τάλαντον
2782 1339 2847 1397 δι’
2910 1341 3135 1399 ἑκάστου
3196 1341 3366 1397 αὐτῶν
3415 1341 3487 1404 εἰς
3542 1347 3713 1396 πᾶσαν
3733 1342 3816 1398 τὴν

2192 1430 2504 1504 οἰκουμένην
2535 1428 2870 1510 ἐφήπλωται,
2905 1428 3024 1485 ἀλλ’
3055 1433 3083 1486 6
3131 1429 3228 1505 μὲν
3271 1430 3326 1486 ἐν
3393 1420 3595 1508 ιΡώμῃ,
3641 1431 3669 1484 6
3695 1425 3742 1482 δὲ
3771 1427 3814 1482 ἒν

2193 1517 2376 1583 Ἰνδοῖς
2422 1519 2457 1587 ἢ
2505 1527 2840 1595 Βρεττανοῖς,
2874 1521 2901 1575 6
2931 1517 2986 1574 δὲ.
3014 1519 3068 1574 ἐν
3107 1517 3367 1581 Γαλάταις
3409 1520 3528 1580 τοὺς
3573 1523 3668 1584 τῆς
3697 1514 3814 1574 διδα-

2191 1607 2408 1671 σκαλίας
2440 1607 2749 1688 μετώχευσε
2793 1605 3042 1670 πίδακας.
3088 1608 3258 1669 Μόνος
3302 1605 3356 1661 δὲ
3399 1609 3427 1663 6
3471 1607 3690 1685 Χριστὸς
3739 1607 3813 1661 καὶ

2192 1699 2318 1760 Θεὸς
2363 1699 2518 1772 ἡμῶν
2567 1704 2846 1775 πανταχοῦ
2898 1702 3097 1776 παρῆν,
3168 1695 3260 1752 καί
3319 1703 3491 1775 χαρᾶς
3545 1697 3609 1750 τά
3664 1696 3813 1750 πάντα

2192 1785 2520 1864 ἐπλήρωσεν.
2583 1775 2749 1844 ΗΟθεν
2790 1787 2878 1842 καὶ
2922 1775 2983 1843 oi
3037 1785 3319 1864 ἁγιώτατοι
3363 1786 3705 1864 πατριάρχαι,
3729 1785 3813 1839 τὸ·

2191 1897 2291 1930 πον
2318 1874 2742 1954 ἀναπληροῦντες
2798 1879 2893 1936 τῆς
2951 1875 3187 1954 κεφαλῆς
3234 1881 3340 1930 τῶν
3382 1876 3544 1952 ἁγίων
3595 1872 3810 1937 Ἐκκλη-

2192 1969 2318 2020 σιών
2387 1974 2478 2022 τοῦ
2536 1972 2690 2044 Θεοῦ,
2771 1961 3150 2019 ἐνδιδύσκονται
3222 1963 3472 2035 σάκκους,
3542 1965 3628 2018 καὶ
3695 1961 3812 2036 μετά

2190 2053 2466 2127 ποταμίων
2507 2053 2596 2109 καὶ
2621 2054 2912 2130 τριγωνίων
2957 2053 3230 2131 στιχάρια,
3289 2053 3376 2106 καὶ
3431 2049 3514 2106 διὰ
3546 2050 3812 2106 πολυσταυ-

2191 2142 2320 2218 ρίιον
2359 2139 2628 2218 φαινόλια,
2693 2142 2782 2196 καὶ
2830 2141 2902 2205 εἰς
2956 2142 3126 2204 πάσας
3180 2142 3272 2204 τὰς
3317 2139 3635 2206 Ἐκκλησίας
3691 2140 3808 2194 κατὰ

2190 2232 2378 2289 ταῦτὸν
2410 2229 2775 2310 ἀναφέρονται.
2823 2236 2901 2306 Τῇ
2943 2227 2996 2284 δὲ
3025 2226 3221 2306 ῥάϐδῳ,
3276 2230 3349 2293 ὡς
3408 2231 3436 2284 6
3479 2232 3699 2306 Χριστὸς
3739 2229 3814 2282 καὶ

2191 2321 2320 2381 Θεὸς
2364 2319 2517 2393 ἡμῶν
2547 2325 2623 2392 τῷ
2651 2315 2877 2392 καλάμῳ
2931 2323 3028 2384 τῆς
3086 2315 3305 2396 ὕϐρεως,
3350 2317 3806 2393 ἀποσεμνύνονται.

2188 2410 2246 2464 ΟΞ
2289 2406 2466 2464 λοιποὶ
2521 2407 2794 2485 ἀρχιερεῖς
2865 2407 2951 2462 καὶ
3019 2407 3328 2484 ἡγούμενοι,
3402 2409 3475 2469 ὡς
3547 2409 3574 2462 6
3627 2407 3814 2482 Ἀαρὼν

2186 2502 2253 2572 τῇ
2281 2494 2453 2574 ῥάῧδῳ
2494 2495 2669 2572 ἐκείνῃ
2727 2501 2794 2571 τῇ
2851 2494 3195 2573 βλαστησάσῃ
3251 2497 3385 2552 κατὰ
3455 2495 3686 2574 μεγάλου
3714 2517 3806 2570 μυ-

2185 2587 2398 2665 στηρίου
2437 2583 2790 2664 προδήλωσιν,
2855 2584 2890 2652 ἢ
2958 2587 3032 2648 ὡς
3085 2587 3113 2641 6
3167 2584 3332 2663 μέγας
3404 2583 3695 2647 ἀπόστολος
3729 2583 3811 2638 llé-

2184 2697 2328 2754 τρος,
2388 2677 2416 2731 6
2473 2674 2699 2736 ἀκούσας
2769 2675 2909 2751 παρα
2967 2681 3120 2754 Θεοῦ,
3197 2675 3423 2748 Ποίμανε
3469 2676 3535 2730 τά
3591 2673 3807 2753 πρόόατα

2187 2786 2308 2838 μου.
2355 2761 2504 2820 Ἐπεὶ
2533 2761 2588 2819 δὲ
2645 2768 2749 2818 τῦν
2807 2763 3022 2819 εἰκότων
3076 2763 3212 2820 ἐστὶν
3283 2762 3546 2842 ἐρωτῆσαί
3579 2786 3713 2836 τινα,
3743 2762 3808 2825 τίς

2185 2855 2220 2920 ἡ
2249 2853 2341 2909 τοῦ
2368 2854 2519 2909 πάπα
2560 2853 2820 2926 σημασία,
2869 2853 2956 2907 καὶ
2984 2852 3060 2914 τίς
3107 2855 3140 2920 ἡ
3185 2861 3277 2909 τοῦ
3319 2854 3652 2932 πατριάρχου
3694 2852 3809 2927 ἐστὶ,

2185 2943 2272 2998 καὶ
2301 2943 2379 3005 τίς
2517 2947 2609 2998 τοῦ
2651 2941 3096 3020 ἀρχιεπισκόπου,
3167 2944 3253 2998 καὶ
3321 2940 3456 2997 διατί
3511 2950 3617 2998 τῶν
3674 2939 3813 2996 πέντε

2186 3029 2430 3110 κεφαλῶν
2464 3031 2499 3097 ἡ
2543 3028 2638 3095 μὲν
2701 3028 2931 3107 ἐνέργεια
2975 3031 3061 3085 καὶ
3118 3031 3182 3085 τὰ
3235 3030 3497 3109 προνόμια
3555 3031 3810 3100 ταυτίζον-

460 3135 594 3180 cum
638 3116 988 3180 earumdem
1041 3117 1284 3180 nomina
1328 3115 1447 3179 sint
1504 3117 1784 3181 diversa:
1821 3139 2099 3184 necessa-

2188 3141 2295 3192 ται,
2349 3118 2522 3182 καθὼς
2581 3116 2899 3186 διείληπται,
2973 3119 3036 3174 τὰ
3091 3116 3146 3174 δὲ
3205 3121 3440 3196 ὀνόματα
3497 3121 3698 3176 τούτων
3728 3120 3813 3174 sic".

454 3208 545 3272 rio
578 3209 911 3290 putavimus
942 3211 1153 3273 horum
1199 3227 1432 3292 quoque
1478 3209 1638 3272 velut
1685 3211 1914 3290 apicem
1969 3224 2099 3278 tau-

2189 3207 2432 3288 διάφορα,
2492 3205 2607 3264 δέον
2678 3205 3028 3285 ἐλογισάμεθα
3084 3209 3170 3264 καὶ
3223 3209 3289 3264 τα
3344 3210 3461 3287 περὶ
3515 3210 3718 3264 τούτων
3748 3209 3821 3263 Ex-

458 3298 750 3379 gendum.

533 3387 706 3470 Apud
753 3390 992 3454 Latinos
1040 3407 1188 3470 papa
1216 3388 1440 3452 dicitur
1467 3389 1662 3454 Pater.
1707 3395 1778 3456 Et
1807 3394 1958 3474 apud
1989 3397 2098 3458 Ju-

454 3476 613 3544 dteos
642 3478 976 3558 patriarcha
1006 3479 1227 3540 dicitur
1258 3479 1540 3562 princeps
1560 3482 1681 3544 sive
1693 3485 1872 3546 Pater
1887 3485 2104 3563 patria-

451 3585 606 3630 rum.
655 3567 946 3631 Similiter
989 3568 1496 3650 archiepiscopus,
1530 3571 1643 3633 erit
1684 3573 2097 3654 episcoporum

453 3658 649 3720 Pater.
689 3657 850 3720 Licet
879 3675 1019 3736 ergo
1051 3676 1240 3739 papas,
1276 3657 1650 3738 patriarchae,
1691 3670 1747 3722 et
1794 3663 2096 3743 archiepi-

451 3745 618 3826 scopi
665 3746 1016 3826 signiﬁcata,
1079 3747 1293 3826 linguai
1353 3749 1584 3810 ratione
1642 3751 1876 3812 diversa
1936 3763 2094 3824 sunt,

450 3834 616 3898 nullo
646 3842 842 3898 tamen
893 3837 1066 3898 modo
1109 3843 1402 3916 potestate
1456 3837 1761 3904 differunt.
1799 3841 2098 3912 Quamob-

446 3941 576 3990 rem
620 3942 831 3988 omnes
881 3923 1060 3986 etiam
1117 3925 1420 3988 communi
1471 3927 1711 3990 nomine
1756 3931 2102 4010 patriarcha;

450 4011 754 4076 dicuntur.
786 4015 1036 4076 Sanctus
1092 4014 1333 4095 quidem
1357 4013 1460 4075 ille
1491 4013 1797 4091 Silvester,
1833 4019 1931 4098 qui
1967 4021 2092 4100 pri-

455 4118 587 4164 mus
615 4101 823 4164 Romae
853 4102 1254 4183 pontiﬁcatum
1316 4103 1592 4178 obtinuit,
1626 4113 1685 4166 et
1715 4107 1813 4186 qui
1866 4108 2094 4187 primus

452 4189 788 4253 Antiochia)
817 4189 1073 4272 pontifex
1107 4191 1214 4254 fuit
1243 4191 1477 4273 Evolus,
1515 4212 1631 4254 non
1661 4194 1766 4255 abs
1797 4214 1860 4257 re
1888 4199 2094 4259 Patres

451 4278 731 4360 appellati
762 4279 951 4343 fuere.
983 4279 1213 4362 Quippe
1245 4279 1498 4342 necdum
1529 4291 1698 4343 erant
1721 4284 2089 4362 patriarchae,

449 4364 615 4447 quia
647 4367 920 4430 Patribus
948 4367 1358 4431 instituuntur.
1397 4368 1688 4432 Similiter
1735 4379 1792 4432 et
1833 4373 2090 4434 Alexan-

2187 3298 2488 3379 κορυφῶσαι
2499 3345 2514 3360 ,

2267 3387 2452 3451 Πάπας
2519 3385 2658 3463 παρὰ
2729 3385 2970 3446 Λατίνοις
3027 3382 3280 3451 κέκληται
3362 3387 3390 3441 6
3464 3385 3673 3465 Πατὴρ.
3734 3386 3822 3442 Καὶ

2183 3475 2325 3554 παρά
2355 3471 2620 3537 Ἰουδαίοις
2651 3472 3017 3551 πατριάρχης,
3073 3473 3102 3528 6
3155 3470 3339 3551 ἄρχων
3397 3471 3516 3539 ἤτοι
3590 3475 3618 3530 6
3651 3472 3820 3550 Πατὴρ

2182 3571 2284 3619 τιῦν
2315 3567 2575 3642 πατριῶν.
2639 3561 2736 3620 Καὶ
2793 3560 3208 3640 ἀρχιεπίσκοπος
3266 3562 3488 3636 ὁμοίως,
3533 3564 3563 3617 6
3607 3561 3820 3618 ἐπισκό-

2180 3674 2295 3708 πων
2327 3653 2525 3728 Πατήρ,
2562 3650 2668 3706 Κᾶν
2691 3651 2842 3727 ἓγοῦν
2899 3649 2997 3704 ὦσι
3054 3657 3147 3706 τοῦ
3188 3650 3361 3726 πάπα,
3420 3653 3513 3707 τοῦ
3568 3652 3820 3729 πατριάρ-

2182 3763 2307 3819 χου,
2342 3742 2544 3796 καὶτοῦ
2601 3738 3024 3818 ἀρχιεπισκόπου
3078 3742 3143 3794 τὰ
3197 3739 3562 3815 σημαινόμενα
3594 3747 3662 3817 τῇ
3709 3738 3820 3795 δια-

2183 3830 2354 3902 λέκτῳ
2382 3828 2624 3908 διάφορα,
2682 3826 2818 3883 ἀλλά
2861 3824 3076 3902 δυνάμει
3133 3829 3270 3884 κατά
3338 3827 3502 3904 μηδὲν
3545 3826 3820 3908 διαφέρων

2185 3943 2263 3980 σι,
2331 3919 2424 3975 Διὸ
2491 3918 2579 3973 καὶ
2676 3917 2840 3979 πάνες
2938 3924 3100 3991 κοινῷ
3191 3916 3411 3992 ὀνόματι
3499 3919 3821 3997 πατριάρχαι

2181 4008 2652 4082 κατονομάζονται.
2714 3994 2770 4062 (Ο
2828 4011 2953 4083 γοῦν
3011 4006 3236 4086 πφώτως
3301 4006 3719 4086 ἀρχιερατεύσας
3775 4006 3823 4060 ἐν

2181 4088 2360 4172 Ῥώμῃ
2403 4095 2574 4172 ἅγιοι(
2606 4090 2940 4173 Σίλϐεστρος,
2989 4099 3077 4152 καὶ
3127 4097 3154 4150 6
3211 4095 3435 4173 πρώτως
3480 4095 3821 4174 ἀρχιερατεύο

2177 4208 2270 4249 σλς
2318 4185 2370 4242 ἐν
2417 4183 2716 4262 Ἀντιοχείᾳ
2770 4180 2981 4256 Εῧοδος,
3045 4181 3343 4253 ἐκλήθησαν
3401 4183 3637 4261 εὐλόγως
3712 4191 3820 4239 Πα-

2176 4274 2344 4354 τὲρες,
2379 4273 2539 4332 Οὕπω
2594 4273 2693 4349 γὰρ
2748 4271 2882 4338 ἦσαν
2925 4273 3273 4354 πατριάρχαι,
3333 4274 3476 4352 παρά
3533 4278 3644 4330 τῶν
3710 4279 3821 4328 Πα-

2176 4352 2338 4436 τέρων
2397 4359 2842 4440 προϐάλλόμενοι.
2904 4352 3174 4426 ἰὶσαύτως
3232 4352 3318 4418 καὶ
3346 4363 3373 4418 ό
3419 4359 3818 4438 ’Δληξανδρείας

445 4446 654 4520 drinus
685 4464 1000 4538 propterea
1032 4465 1264 4519 vocatus
1294 4457 1405 4519 fuit
1455 4475 1608 4536 papa
1657 4459 1813 4538 quod
1857 4469 2094 4523 sanctus

2186 4448 2378 4520 ἐκλήθη
2438 4449 2643 4522 πάπας,
2703 4446 2787 4502 διὰ
2839 4448 2898 4503 τὸ
2967 4446 3150 4504 λαϐεῖν
3224 4451 3311 4504 τὸν
3355 4449 3504 4527 ἅγιον
3566 4448 3820 4527 Κύριλλον

445 4540 552 4630 ille
615 4545 867 4626 Cyrillus
929 4546 991 4608 in
1045 4548 1217 4610 tertia
1281 4547 1504 4627 synodo
1567 4546 1875 4628 privilegia
1933 4568 2099 4630 papm

445 4629 719 4707 Romani,
755 4631 1057 4698 leestini
1091 4635 1341 4710 scilicet,
1375 4635 1696 4716 acceperit.
1733 4636 1873 4696 Cum
1898 4629 2093 4700 autem

445 4719 655 4801 religio
679 4723 805 4802 jam
849 4733 1158 4804 pervagata
1215 4725 1423 4786 fuisset
1472 4725 1623 4785 ﬁnes
1683 4724 1846 4785 orbis
1900 4733 2091 4788 terra-

444 4827 606 4884 rum,
655 4820 720 4874 ut
765 4813 909 4877 urbs
962 4813 1084 4876 fere
1115 4813 1391 4894 quailibct
1420 4813 1764 4894 episcOpum
1797 4812 2090 4876 obtinuis-

439 4903 530 4962 set
562 4915 576 4962 :
612 4896 741 4979 ipsa
789 4901 1024 4980 pietatis
1056 4901 1207 4964 ratio
1239 4900 1542 4981 poscebat,
1571 4909 1633 4962 ut
1663 4901 2092 4982 Hierosolymis

440 4987 618 5050 etiam
645 4989 834 5051 honos
865 4989 1206 5068 haberetur,
1239 4989 1314 5052 ob
1355 4990 1652 5052 cruciatus
1681 5000 2092 5053 sacrosanctos

438 5082 500 5140 et
524 5076 908 5158 sepulchrum
940 5078 1176 5142 Domini
1210 5078 1399 5142 nostri
1448 5077 1588 5141 Jesu
1642 5079 1886 5143 Christi.
1937 5079 2083 5142 Nam

2179 4545 2314 4600 κατὰ
2341 4542 2441 4610 τὴν
2470 4542 2647 4620 τρίτην
2677 4539 2886 4597 σύνοδον
2931 4549 3022 4599 τοῦ
3073 4543 3224 4599 πάπα
3277 4534 3514 4618 Ῥώμης,
3578 4544 3678 4599 τοῦ
3721 4553 3819 4601 Κε-

2178 4633 2412 4689 λεστίνου
2440 4631 2599 4710 φημὶ,
2655 4630 2720 4686 τὰ
2789 4632 3075 4708 προνόμια,
3134 4638 3243 4699 Τής
3301 4631 3355 4688 δὲ
3415 4629 3680 4695 εὐσεϐείας
3715 4630 3821 4687 διας

2176 4722 2474 4802 δραμούσης
2504 4721 2578 4785 εἰς
2605 4725 2703 4786 τῆς
2733 4720 3042 4796 οἰκουμένης
3072 4723 3136 4777 τὰ
3181 4721 3407 4801 πέρατα,
3477 4723 3565 4778 καὶ
3606 4721 3821 4783 πόλεως

2177 4812 2404 4878 ἑκάστης
2437 4808 2628 4888 σχεδὸν
2685 4806 2948 4876 λαϐούσης
3005 4809 3311 4891 ἐπίσκοπον,
3360 4809 3542 4891 ἐδέησε
3573 4811 3825 4886 μιμηθῆ-

2175 4923 2258 4955 νχι
2313 4898 2602 4978 θεαρέστως
2659 4899 2745 4953 καὶ
2818 4897 3043 4963 εὒσεῗὼς
3133 4901 3221 4956 καὶ
3317 4900 3418 4967 τὴν
3477 4890 3821 4977 Ἰρουσαλὶμ,

2173 4989 2256 5047 διὰ
2284 4991 2350 5046 τὰ
2391 4985 2515 5066 ἅγια
2566 4987 2710 5053 πάθη
2769 4989 2856 5043 καὶ
2897 4990 2988 5044 τὸν
3059 4990 3222 5069 τάφον
3279 4999 3370 5047 τοῦ
3427 4989 3613 5066 Κυρίου
3669 4991 3828 5064 ἡμῶν

2173 5083 2348 5150 Ἰησοῦ
2399 5087 2642 5158 Χριστοῦ.
2723 5070 2785 5136 (Η
2855 5082 2954 5158 γὰρ
3011 5080 3370 5160 μεγαλόπολις
3435 5083 3820 5158 προτετίμητο,

438 5182 652 5246 magna
698 5167 901 5232 istbaeo
951 5168 1096 5231 urbs
1170 5167 1706 5248 Constantinopolis
1764 5169 1890 5248 jam
1949 5178 2087 5231 ante

2186 5175 2338 5235 ιαθὼς
2360 5169 2690 5249 προείρηται,
2720 5167 2803 5225 διὰ
2860 5173 2921 5226 τὸ
2952 5174 3024 5234 εἰς
3084 5174 3280 5238 ταύτην
3331 5173 3725 5249 μετενεχθῆναι
3760 5175 3828 5226 τα

433 5255 724 5323 honorem
774 5256 1132 5334 obtinuerat,
1167 5259 1248 5322 uti
1304 5275 1483 5339 supra
1521 5257 1743 5320 dictum
1777 5257 1906 5331 fuit,
1941 5277 2083 5339 pro-

2186 5270 2414 5340 ικῆπτρα
2471 5263 2571 5325 τῆς
2627 5266 2732 5314 τῶν
2795 5250 3098 5336 Ῥωμαίνων
3154 5260 3445 5337 βασιλείας,
3482 5260 3823 5333 Μετωνομά-

1768 5434 2024 5500 VARIIE
2053 5437 2488 5505 LECTIONES.

1006 5518 1069 5568 78
1096 5517 1472 5596 μετυχέτευσε.

509 5513 570 5570 ’Π
600 5517 918 5598 φραγιλλίῳ.

2002 5648 2249 5714 ΝΟΤΑΕ.

512 5753 642 5838 (59)
669 5753 885 5834 Figura
912 5754 1126 5818 litterae
1149 5771 1404 5834 gamma.
