4074 6212
246 390 401 454 1177

1572 379 2144 450 GR/ECO-ROMAN
2154 379 2290 442 UM.

3462 365 3611 431 1178

241 525 443 588 σθησαν
491 518 578 577 οὖν
625 521 674 576 οἱ
713 518 770 575 ἂν
823 517 1038 582 ταύταις
1088 517 1570 598 ἆρχιερατεύοντες,
1629 515 1878 597 ἀρχιεπίο

1962 515 2168 591 pterea
2184 510 2340 592 quod
2362 509 2424 572 in
2445 529 2576 574 eam
2598 511 2835 592 imperii
2851 509 3348 598 Romanisceptra
3360 503 3616 598 fuissent

240 631 431 667 σκοποι
465 624 481 639 ⁸
529 608 690 688 ἀρχαὶ
718 605 961 674 δηλονότι
991 606 1087 663 καὶ
1142 605 1363 686 κεφαλαὶ
1418 605 1630 664 πολλῶν
1673 606 1878 663 ἐπισκό-

238 721 380 760 πων.
425 699 624 756 Ταῦτὸν
667 695 721 754 δέ
763 696 905 754 ἐστιν
949 696 1148 775 εἰπεῖν,
1195 695 1424 776 Πατέρες
1480 697 1568 752 καὶ
1623 694 1883 775 ⁴πατριάρ-

239 811 363 868 χαι,
419 787 517 845 Ἐκ
545 787 734 845 τούτου
761 785 816 842 δὲ
860 784 1080 865 διαφορά
1121 806 1201 847 τις
1261 787 1355 842 οὒκ
1385 784 1495 841 ἔστι
1568 784 1728 860 μέσον
1786 783 1883 840 αὐ-

239 882 370 939 τῶν.
418 868 475 936 Ὀ
526 877 626 956 γὰρ
681 876 858 956 πατὴρ
898 881 992 932 τοῦ
1047 874 1222 940 ἔθνους
1276 873 1426 931 τοῦδε
1472 876 1662 953 τυχὸν,
1708 874 1883 951 πατήρ

240 965 348 1024 ἔστι
376 968 465 1024 καὶ
511 970 776 1046 ἱερατικῆς
831 962 1000 1045 φυλῆς
1051 965 1140 1021 καὶ
1181 962 1402 1038 λα’ίκῆς,
1461 965 1534 1026 ὡς
1592 965 1620 1019 6
1691 959 1884 1019 Ἰακὼϐ

238 1063 345 1114 τῶν
393 1045 466 1133 ιβ’
517 1045 692 1135 φυλῶν
725 1053 963 1134 Ἰσραήλ,
1012 1055 1110 1112 Καὶ
1183 1053 1364 1134 ἄρχων
1407 1053 1734 1126 ἐπισκόπων,
1793 1051 1880 1116 ἐξ-

238 1146 475 1224 ανάγκης
501 1145 609 1202 ἐστὶ
637 1145 815 1222 πατὴρ
843 1145 930 1200 καὶ
987 1142 1293 1200 ἐπισκοπων
1337 1143 1426 1199 καὶ
1466 1140 1672 1198 λα’ίκῶν
1707 1161 1722 1175 ο
1769 1143 1797 1197 6
1827 1137 1880 1196 δὲ

236 1236 450 1298 Γοτθίας
480 1238 540 1293 οὒ
590 1233 837 1292 καλεῖται
894 1231 1336 1312 ἂρχιεπίσκοπος,
1395 1233 1467 1295 ὡς
1510 1231 1691 1310 ἅρχων
1753 1233 1878 1286 Em-

234 1323 449 1381 σκόπων
490 1325 578 1380 καὶ
641 1320 954 1401 προὸὀλεὺς³
1012 1319 1131 1376 ἀλλ’
1202 1323 1273 1386 ὡς
1323 1320 1469 1400 ἀρχὴ
1547 1319 1874 1379 ἐπισκόπων.

236 1403 450 1490 Ὠρίσθη
511 1412 611 1490 γὰρ
676 1411 820 1490 παρᾶ
890 1415 995 1468 τῶν
1064 1410 1227 1489 ἁγίων
1286 1409 1551 1488 Πατέρων⁹
1624 1410 1720 1472 τὰς
1784 1408 1880 1483 μὲν

231 1501 460 1582 ἐχούσας
532 1499 818 1572 διοικήσεις
872 1498 1075 1563 πολλὰς
1137 1499 1346 1579 πόλεις,
1407 1500 1506 1556 ὑπὸ
1572 1498 1876 1555 ἐπισκόπων

230 1589 651 1670 κυϐερνωμένας,
761 1590 904 1668 παρὰ
1013 1587 1418 1666 μητροπολιτῶν
1528 1585 1870 1664 διεξάγεσθαι,

229 1682 316 1744 οὓς
344 1681 434 1737 καὶ
476 1679 712 1759 πρώτους
739 1681 787 1736 οἱ
837 1678 1057 1741 κανόνες
1114 1678 1427 1754 ὀνομάζουσι
1463 1692 1476 1706 ⁶
1537 1677 1628 1740 τὰς
1685 1675 1739 1731 δὲ
1795 1675 1873 1751 μὴ

225 1760 475 1849 ἐχούσας
509 1767 596 1849 ὑφ’
681 1767 866 1832 ἑαυτὰς
945 1765 1126 1829 πόλεις
1202 1767 1346 1830 τινὰς
1405 1767 1503 1822 ὑπὸ
1571 1765 1874 1822 ἐπισκόπων

1967 590 2268 661 translata.
2301 599 2504 682 Itaque
2536 590 2775 663 mutatis
2805 597 3146 662 nominibus
3176 596 3383 657 harum
3417 590 3606 675 ponti-

1966 687 2108 749 ﬁces
2138 687 2282 751 dicti
2313 697 2450 750 sunt
2497 687 2958 771 archiepiscopi,
3015 686 3197 749 veluti
3231 683 3521 766 principia
3553 687 3610 742 et

1967 776 2161 856 capita
2184 778 2501 840 multorum
2536 777 2977 859 episc0porum.
3012 775 3179 849 Quod
3207 774 3365 836 idem
3390 772 3520 846 erit,
3542 789 3612 831 ac

1967 865 2018 924 si
2041 865 2283 943 dixeris,
2301 869 2509 930 Patres
2523 876 2581 930 et
2609 867 2983 948 patriarchae.
3034 865 3208 929 Unde
3233 864 3460 925 nullum
3489 859 3607 922 exi-

1964 953 2064 1015 stit
2089 954 2246 1017 inter
2277 975 2380 1018 eos
2413 957 2756 1020 discrimen.
2793 955 2936 1018 Nam
2969 959 3141 1019 Pater
3177 954 3354 1033 hujus
3377 950 3607 1012 illiusve

1963 1043 2182 1123 gentis,
2215 1054 2331 1106 tam
2361 1047 2766 1119 sacerdotalis,
2833 1065 3006 1126 quam
3057 1044 3220 1107 laica3
3275 1040 3463 1103 tribus
3519 1048 3609 1102 est

1961 1130 2154 1205 Pater,
2189 1133 2344 1196 sicut
2369 1135 2550 1198 Jacob
2583 1135 2897 1198 duodecim
2959 1133 3214 1196 tribuum
3247 1129 3504 1192 Israelis.
3539 1128 3606 1190 Et

1963 1221 2244 1304 princeps
2273 1227 2715 1306 episcoporum,
2772 1223 3108 1286 necessario
3163 1227 3330 1283 l’ater
3360 1227 3448 1283 est
3479 1226 3602 1280 tum

1962 1313 2402 1396 episcoporum,
2437 1325 2556 1378 tum
2590 1317 2900 1378 laicorum.
2939 1316 3188 1379 Gotthize
3221 1311 3460 1394 quidem
3492 1330 3604 1372 an-

1964 1401 2130 1464 tistes
2153 1423 2269 1465 non
2294 1413 2609 1485 propterea
2627 1413 2864 1468 vocatur
2903 1403 3406 1484 archiepiscopus,
3445 1399 3599 1481 quod

1963 1491 2377 1573 episcoporum
2411 1495 2690 1576 princeps
2737 1504 2794 1556 et
2845 1493 3151 1557 ordiuator
3201 1492 3296 1566 sit,
3330 1489 3433 1553 sed
3467 1499 3586 1550 tan-

1959 1598 2130 1660 quam
2167 1581 2528 1664 principium
2560 1588 2998 1666 episcoporum.
3059 1583 3288 1664 Quippe
3319 1580 3537 1642 sanctis
3567 1597 3600 1642 a

1957 1667 2228 1732 Patribus
2251 1680 2340 1733 est
2361 1672 2679 1750 sancitum,
2705 1683 2768 1736 ut
2789 1693 2875 1737 eae
2897 1675 3209 1754 dimceses,
3233 1691 3364 1754 qua:
3392 1671 3602 1732 multas

1959 1757 2181 1821 habent
2213 1760 2387 1823 urbes
2416 1763 2524 1824 sub
2558 1764 2974 1844 episcoporum
3005 1763 3430 1843 gubernatione
3462 1779 3597 1820 con-

223 1857 546 1938 ίθυνομέναέῖ²
593 1857 734 1935 παρὰ
789 1856 1228 1936 ἀρχιεπισκόπων
1285 1856 1634 1935 ἱερατεύεσθαι
1669 1873 1683 1888 ⁶
1731 1854 1866 1912 ὥστε

1957 1849 2213 1946 stitutas,
2273 1871 2307 1913 a
2363 1853 2834 1934 metropolitauis
2883 1854 3390 1946 administrentur,
3451 1868 3600 1929 quos

224 1960 552 2023 μειονεκτεῖν
636 1947 733 2022 μὲν
777 1946 934 2008 αὐτὰς
1009 1946 1114 2002 τῶν
1183 1943 1585 2024 μητροπόλεων,
1643 1945 1866 2021 ὑπερτε-

1952 1939 2126 2000 etiam
2160 1940 2276 2022 ipsi
2307 1960 2566 2004 canones
2595 1943 2892 2023 appellant
2947 1944 3166 2019 primos
3201 1963 3214 2004 :
3277 1959 3406 2021 qua:
3462 1956 3598 1999 vero

221 2049 335 2114 ρεϊν
377 2033 432 2092 δὲ
475 2039 578 2091 τῶν
608 2034 932 2091 ἐπισκόπων.
997 2032 1148 2092 Οὕτω
1202 2031 1442 2100 λυθείσης
1499 2034 1586 2090 καὶ
1620 2038 1719 2100 τῆς
1747 2055 1864 2090 τοι·

221 2125 384 2192 αύτης
429 2121 770 2204 ἀμφιϐολίας,
816 2122 1002 2190 ἤθελον
1058 2125 1252 2196 εἰπεῖν,
1311 2121 1434 2179 ὅτου
1489 2123 1648 2202 χάριν
1692 2125 1719 2178 6
1761 2123 1866 2180 πά-

219 2237 323 2278 πας
380 2204 589 2290 Ῥώμης
647 2215 1006 2287 οἷκουμενικὸς
1068 2213 1248 2277 πάπας
1303 2211 1534 2292 λέγεται,
1607 2214 1858 2277 ὡσαύτως

219 2303 306 2359 καὶ
365 2304 393 2358 6
447 2301 863 2382 ἀρχιεπίσκοπος
922 2300 1548 2374 Κωνσταντινουπόλεως,
1611 2303 1861 2377 οἷκουμε-

220 2393 363 2454 νικὸς
423 2391 758 2472 πατριάρχης
791 2410 806 2425 ⁸
880 2395 926 2448 οἱ
1001 2390 1054 2447 δὲ
1122 2390 1299 2449 λοιποὶ
1365 2391 1711 2472 πατριάρχαι,
1774 2393 1864 2448 καὶ

219 2490 383 2540 ταῦτα
414 2485 510 2548 τῆς
543 2482 707 2547 αὐτῆς
753 2477 898 2543 ὄντες
955 2479 1174 2556 τάξεως,
1235 2479 1479 2551 κλήσεώς
1532 2503 1589 2538 τε
1631 2483 1720 2539 καὶ
1773 2503 1861 2537 τι-

218 2577 350 2648 μῆς,
394 2572 482 2628 καὶ
510 2571 712 2638 ταύτης
755 2571 850 2627 οὒκ
892 2571 1084 2651 ’έτυχον
1137 2578 1236 2640 τῆς
1280 2571 1666 2652 ἀνακηρύξεως.
1714 2571 1862 2630 Ἐπεὶ

216 2658 270 2716 δὲ
324 2660 416 2716 τὸν
474 2659 570 2735 μὲν
639 2660 818 2716 πάπαν
875 2660 935 2736 τᾲ
1001 2667 1100 2729 τῆς
1157 2661 1427 2742 φιλαυτίας
1464 2660 1731 2738 δαιμόνιον
1760 2667 1859 2730 τῆς

216 2753 321 2806 τῶν
375 2747 575 2806 λοιπῶν
623 2749 933 2828 ἁγιωτάτων
986 2757 1330 2831 πατριαρχῶν
1385 2751 1682 2819 ἀπέστησεν
1753 2755 1860 2828 ὁμ-

214 2839 476 2918 ηγύρεως,
521 2839 610 2894 καὶ
652 2840 725 2902 εἰς
755 2839 925 2913 μόνην
955 2839 1053 2906 τὴν
1089 2839 1245 2895 Δύσιν
1275 2839 1676 2921 ἐστενοχώρησε
1708 2857 1724 2874 ⁶
1773 2843 1860 2899 τὸν

213 2925 269 2984 δὲ
329 2926 936 2993 Κωνσταντινουπόλεως
1005 2927 1186 3004 βλέπω
1255 2927 1441 3005 μηδενὶ
1496 2935 1601 2987 τῶν
1661 2953 1860 3008 προνο-

213 3015 349 3092 μίων
403 3022 496 3072 τοῦ
549 3016 700 3076 πάπα
757 3017 1253 3094 κατακοσμούμενον
1326 3016 1466 3098 (οὔτε
1503 3019 1602 3099 γὰρ
1657 3027 1734 3094 τῷ
1765 3021 1861 3088 τῆς

1947 2028 2056 2090 sub
2088 2048 2153 2091 se
2179 2050 2296 2091 non
2320 2031 2544 2094 habent
2565 2032 2741 2094 urbes
2763 2033 3010 2113 aliquas,
3055 2032 3468 2112 episcoporum
3494 2048 3596 2090 re-

1944 2116 2152 2195 gimini
2175 2120 2465 2196 subditas,
2492 2121 2972 2202 archiepiscopos
2990 2120 3593 2198 habeantpontiﬁcvs:

1943 2207 2335 2271 utinferiores
2372 2210 2462 2271 hae
2483 2210 2719 2292 quidem
2755 2209 3344 2290 sintmetropolibus,
3371 2217 3428 2271 at
3459 2209 3592 2286 epi-

1946 2297 2284 2377 scopatibus
2309 2299 2670 2380 superiores.
2693 2299 2757 2361 In
2788 2300 2943 2362 hunc
2974 2300 3241 2374 modum,
3274 2299 3387 2360 hoc
3419 2299 3592 2360 etiam

1945 2383 2221 2464 ambiguo
2237 2387 2454 2468 soluto,
2479 2388 2753 2450 Volebant
2770 2389 3043 2470 equidem
3067 2389 3293 2462 dicere,
3312 2385 3593 2468 quamob-

1944 2489 2072 2534 rem
2108 2494 2254 2557 papa
2288 2479 2592 2540 Romanus
2620 2479 2954 2561 appelletur
3002 2479 3355 2540 universalis
3403 2477 3588 2558 l’apa,

1944 2562 2338 2647 similiterque
2359 2568 2900 2648 Constantinopolis
2925 2569 3432 2648 archiepiscopus,
3459 2567 3590 2629 uni-

1946 2652 2190 2712 versalis
2223 2655 2592 2734 patriarcha:
2627 2675 2760 2718 cum
2806 2657 3019 2738 reliqui
3048 2657 3420 2738 patriarchae,
3455 2656 3595 2718 licet

1945 2739 2214 2818 ejusdem
2247 2744 2365 2805 sint
2393 2744 2643 2816 ordinis,
2672 2747 3087 2828 appellationis
3118 2755 3175 2808 et
3204 2747 3478 2821 honoris,
3512 2748 3594 2809 ita

1945 2831 2296 2909 proclamari
2329 2853 2446 2895 non
2495 2837 2746 2897 soleant.
2809 2835 2923 2899 Sed
2954 2836 3188 2918 quando
3235 2855 3444 2917 papam
3477 2839 3593 2898 Bo-

1945 2936 2183 2982 manum
2217 2923 2408 2984 malus
2438 2923 2778 2986 ambilionis
2806 2925 2906 2987 ille
2926 2927 3136 3006 genius
3164 2945 3197 2988 a
3225 2926 3591 3007 reliquorum

1943 3010 2455 3074 sanctissimorum
2481 3014 2946 3094 patriarcharum
2979 3023 3135 3079 coetu
3177 3016 3410 3096 avulsit,
3445 3024 3502 3077 et
3532 3015 3592 3078 in

209 3103 481 3182 βασιλείας
552 3103 708 3184 λώρῳ
757 3105 893 3160 κατὰ
961 3107 1022 3161 τὸ
1075 3113 1168 3163 τοῦ
1249 3097 1396 3186 ἁγίου
1471 3097 1862 3166 Κώνσταντίνου

1947 3097 2332 3164 Occidentem
2357 3104 2636 3165 duntaxat
2665 3106 3025 3182 coarctavit;
3059 3125 3190 3168 cum
3223 3107 3460 3170 interim
3496 3107 3588 3167 vi-

213 3193 558 3270 νομιζόμενον
613 3193 876 3270 θέσπισμα
937 3198 1340 3276 καταστέφεται,
1407 3195 1524 3253 οὕτε
1606 3195 1865 3255 κοκκοϐα-

211 3282 331 3362 φέσι
413 3279 643 3346 πεδίλοις
718 3283 853 3340 κατᾶ
923 3284 985 3339 τὸ
1035 3284 1271 3341 τυπωθὲν
1327 3286 1671 3366 θεατρίζεται²
1742 3285 1862 3343 ἀλλ’

210 3369 316 3428 οὐδ’
362 3371 522 3449 ἑτέρῳ
577 3373 850 3452 προνομίῳ
905 3377 1004 3440 τῆς
1047 3372 1274 3438 παλαιᾶς
1323 3365 1533 3451 Ῥώμης
1576 3365 1861 3457 κέχρηται³

211 3463 298 3518 καὶ
321 3458 406 3516 διὰ
461 3470 616 3520 τοῦτο
658 3463 705 3516 οἱ
761 3459 918 3524 πόδες
990 3465 1146 3521 αὐτοῦ
1201 3462 1446 3520 ἵστανται
1495 3463 1548 3520 ἓν
1598 3466 1860 3546 εὖθύτητι,

209 3552 296 3607 καὶ
323 3551 358 3616 ἡ
388 3548 594 3629 κεφαλὴ
626 3552 785 3608 αὐτοῦ
825 3551 1047 3624 παντοίᾳ
1076 3551 1302 3626 συνέσει,
1341 3553 1476 3609 κατὰ
1531 3555 1621 3610 τὸν
1681 3551 1858 3629 Δαϐὶδ,

209 3639 534 3694 πεπολίωται
566 3652 582 3668 ⁸
627 3640 716 3695 καὶ
766 3640 860 3703 τὰς
918 3640 1112 3704 οίκείας
1165 3639 1220 3696 δὲ
1276 3643 1584 3723 ὑπογραφας
1643 3645 1716 3708 ὡς
1775 3645 1857 3700 οἷ-

207 3727 520 3802 κουμενικὸς
579 3727 640 3783 οὒ
709 3727 981 3805 μεγεθύνει
1053 3729 1251 3810 πατὴρ,
1334 3729 1432 3787 κᾶν
1517 3731 1644 3810 παρ’
1701 3734 1858 3807 ἡμῶν

209 3814 348 3872 οὕτω
376 3814 633 3882 κέκληται
666 3818 753 3872 καὶ
809 3815 1129 3891 δεδόξασθαι)
1159 3837 1173 3852 ·
1233 3820 1331 3887 τὴν
1375 3820 1474 3896 μὲν
1512 3824 1629 3900 περὶ
1671 3822 1858 3878 τούτου

207 3904 520 3976 συζήτησιν,
578 3906 652 3970 ὡς
707 3903 1011 3986 ἀλυσιτελῇ,
1071 3907 1412 3988 παρατρέχω.
1460 3906 1856 3987 Ἀπολογοῦμαι

205 3991 262 4049 δὲ
305 3993 436 4070 πρὸς
480 3993 604 4058 τοὺς
661 3991 913 4072 λέγοντας
969 3993 1278 4076 τολμηρῶς,
1351 3996 1577 4076 ὀφείλειν
1619 4002 1716 4064 τῆς
1747 4020 1856 4054 πα-

203 4082 521 4160 τριαρχικῆς
591 4080 964 4148 ἀποξενοῦσθαι
1024 4090 1187 4160 τιμῆς
1245 4087 1336 4142 τὸν
1378 4083 1710 4166 Ἀντιοχείας
1768 4089 1856 4166 καί

203 4153 337 4230 τῶν·
362 4153 786 4250 ἹΙεροσολύμων.
862 4153 1236 4230 Κεκανόνισται
1313 4175 1435 4253 γὰρ,
1507 4153 1654 4255 φέὲὶ,
1727 4153 1866 4251 μηδΙΡ

203 4260 258 4318 ἐν
315 4259 617 4340 ἀρχιερεῦσι
689 4261 1059 4318 συντάττεσθαι
1145 4264 1265 4328 τοὺς
1334 4265 1411 4338 μὴ
1481 4262 1853 4341 ῥιψοκινδύνως

1945 3187 2123 3251 deant
2153 3193 2864 3274 Constantinopolitanum
2900 3195 3064 3257 nullo
3091 3214 3254 3276 papa:
3285 3195 3591 3276 privilegio

1945 3287 2136 3341 semet
2189 3289 2500 3342 ornantem
2564 3281 2806 3363 (quippe
2883 3303 2998 3345 nec
3053 3284 3218 3363 regni
3277 3292 3595 3346 coronatur

1947 3367 2151 3444 fascia,
2177 3370 2504 3431 secundum
2530 3370 2612 3446 id,
2647 3372 2805 3451 quod
2837 3374 3025 3434 sancti
3079 3373 3446 3436 Constantini
3475 3385 3591 3435 sta-

1951 3467 2139 3522 tutum
2179 3476 2309 3520 esse
2342 3469 2601 3540 putatur,
2629 3479 2742 3522 nec
2767 3480 2899 3522 cum
2929 3462 3222 3524 coccineis
3253 3463 3495 3537 calceis,
3529 3473 3592 3525 ut

1944 3547 2168 3610 ibidem
2205 3549 2510 3623 sancitur;
2543 3551 2699 3610 velut
2738 3549 2798 3610 in
2832 3551 3165 3631 spectaculo
3197 3561 3388 3614 semet
3415 3553 3588 3616 exhi-

1945 3635 2080 3717 bet;
2121 3656 2232 3698 nec
2255 3637 2412 3700 aliud
2438 3639 2696 3720 denique
2735 3639 2937 3702 Romae
2958 3641 3176 3703 veteris
3209 3661 3370 3722 papae
3403 3642 3588 3722 privi-

1941 3724 2161 3804 legium
2195 3735 2476 3806 usurpat:
2506 3728 2760 3809 ideoque
2778 3737 2932 3790 stant
2954 3729 3138 3810 pedes
3162 3731 3291 3808 ejus
3325 3731 3383 3792 in
3415 3731 3562 3792 recti

1941 3815 2167 3888 tudine,
2187 3823 2244 3877 et
2263 3824 2435 3897 caput
2459 3817 2510 3897 ej
2522 3837 2586 3878 us
2607 3818 2924 3898 omnigena
2945 3820 3280 3898 prudentia,
3304 3821 3586 3900 quemad-

1943 3904 2181 3967 modum
2267 3905 2519 3969 Davidos
2598 3908 2877 3986 loquitur,
2942 3909 3225 3972 incanuit.
3290 3911 3452 3974 Idem
3515 3929 3590 3972 ne

1938 3994 2413 4076 subscriptiones
2443 3997 2683 4077 quidem
2720 4017 2858 4060 suas
2889 4000 3235 4081 magniﬁcas
3267 4000 3426 4074 facit,
3463 4008 3590 4062 tun-

1937 4102 2114 4164 quam
2135 4093 2301 4165 pater
2324 4085 2673 4149 universalis
2701 4108 2717 4163 ;
2751 4087 2888 4150 licet
2911 4108 2945 4150 a
2969 4089 3138 4152 nobis
3161 4090 3239 4150 ita
3269 4097 3510 4151 vocetur
3528 4101 3587 4151 et

1937 4173 2276 4236 celebretur
2306 4175 2610 4256 (equidem
2647 4177 2720 4239 de
2753 4180 2863 4240 hoc
2895 4178 3400 4260 disquisitionem,
3435 4180 3589 4242 velut

1935 4261 2366 4344 infrugiferam,
2387 4264 2698 4328 instituere
2722 4269 3106 4348 supersedeo.
3137 4270 3354 4331 Facere
3387 4277 3582 4329 tamen

204 4349 606 4429 ἀπερχομένους
663 4349 938 4430 ἀρχιερεῖς
997 4354 1071 4414 εἷς
1154 4353 1274 4416 τοὺς
1358 4353 1500 4431 παρὰ
1575 4351 1879 4432 Βαρϐάρων

1947 4371 2058 4413 non
2088 4372 2348 4433 possum,
2385 4353 2527 4434 quin
2580 4355 2650 4416 iis
2699 4357 3116 4436 respondeam,
3151 4357 3250 4436 qui
3308 4357 3589 4417 audacter

202 4438 596 4518 κατεχομένους
650 4441 862 4518 θρόνους
921 4445 1115 4516 αὐτῶν,
1177 4440 1315 4516 μηδὶ
1357 4443 1447 4498 τὸν
1490 4447 1583 4498 τοῦ
1654 4464 1856 4521 μαρτυ-

206 4528 318 4606 ρίου
370 4528 794 4606 προαρπάζοντος
853 4529 1130 4610 στέφανον,
1193 4522 1284 4594 Ὠς
1343 4532 1387 4586 εἰ
1433 4531 1530 4606 μὲν
1587 4532 1682 4587 εἰσὶ
1737 4529 1858 4587 λαϊ-

201 4617 288 4674 κοὶ
317 4619 364 4672 οἱ
406 4619 621 4673 τοιαῦτα
674 4619 808 4674 καθά
877 4641 927 4674 τι
971 4620 1195 4695 μάταιον
1253 4617 1519 4696 ἅμὸλωμα
1575 4620 1710 4676 κατὰ
1751 4621 1857 4676 τῶν

201 4705 364 4784 ἁγίων
421 4704 667 4785 κεφαλῶν
723 4704 1099 4788 ὠδινήσαντες,
1146 4708 1470 4788 συγγνώμης
1527 4707 1855 4778 ἀξιωθήσον-

196 4817 287 4851 ται
317 4795 453 4852 κατὰ
483 4795 686 4864 πολλὴν
745 4796 1050 4860 ἐπιείκειαν,
1112 4798 1408 4877 Γέγραπται
1441 4799 1542 4876 γάρ
1577 4815 1591 4831 ο
1640 4797 1712 4855 Οὔ
1743 4799 1855 4878 χρὴ

203 4876 468 4961 Ῥωμαῖον
513 4884 672 4965 ἄνδρα
743 4888 933 4968 νόμους
986 4876 1293 4968 (ταύτὸνδ’
1353 4887 1494 4944 ἔστιν
1551 4888 1720 4943 εἰπεῖν
1769 4876 1856 4944 καὶ

196 4973 451 5052 κανόνας)
507 4974 746 5053 ἀγνοεῖν.
807 4966 937 5034 ’Ὁτι
993 4966 1090 5034 κᾶν
1163 4977 1424 5057 χειρώναξ
1467 4977 1543 5039 τίς
1591 4975 1726 5050 ἐστι,
1759 4974 1854 5032 κᾶν

199 5062 417 5141 σύρφαξ,
466 5062 676 5120 οἴκοθεν
707 5063 892 5122 εἰδέναι
923 5067 1112 5142 νόμους
1153 5068 1190 5136 ἢ
1244 5067 1469 5130 κανόνας
1514 5066 1590 5141 μὴ
1635 5087 1856 5144 συγχω-

199 5151 452 5230 ρούμενός
482 5150 645 5231 ἐστιν²
678 5151 794 5208 ἄλλ’
828 5157 874 5210 οἱ
904 5157 1118 5221 τούτους
1164 5156 1299 5214 κατὰ
1349 5152 1658 5218 σπουδαίους
1689 5153 1852 5233 ἀργυ-

201 5241 550 5320 ρογνώμονασ
578 5243 1010 5318 μεταλλεύοντες.

287 5351 311 5386 ι
345 5320 527 5388 υΟσσα
556 5354 611 5388 τε
640 5332 812 5414 φύλλα
856 5337 942 5392 καὶ
995 5335 1148 5394 ἄνθεα
1205 5337 1403 5415 γίνεται
1458 5334 1637 5416 εἴαρος
1686 5335 1798 5414 ὥρῃ
1834 5351 1848 5366 ’

1940 4441 2284 4522 praedicant,
2310 4443 2642 4519 adignitate
2659 4446 3031 4525 patriarchali
3053 4446 3449 4506 removendos
3472 4445 3586 4506 An-

1941 4529 2278 4592 tiochenum
2305 4539 2360 4592 et
2380 4531 3000 4614 Iiierosolymitanum.
3017 4533 3246 4612 Quippe
3259 4531 3584 4594 canonibus

1940 4625 2218 4678 statutum
2253 4626 2362 4700 est,
2396 4619 2691 4701 inquiunt,
2727 4642 2802 4683 ne
2831 4622 3067 4704 quidem
3098 4622 3252 4684 inter
3277 4620 3588 4702 pontiﬁces

1937 4707 2339 4770 recensendos
2367 4727 2522 4790 esse,
2556 4713 2655 4790 qui
2689 4731 2804 4772 non
2840 4714 2927 4774 vel
2960 4719 3223 4774 extremo
3255 4729 3388 4771 cum
3425 4709 3583 4787 pori-

1939 4795 2070 4857 culo
2107 4814 2172 4857 se
2192 4797 2502 4858 conferant
2521 4799 2591 4859 ad
2619 4800 2863 4862 thronos
2893 4821 3033 4863 suos
3051 4821 3082 4861 a
3106 4797 3378 4862 Barbaris
3401 4817 3582 4858 occu-

1937 4894 2128 4966 patos,
2163 4905 2273 4947 nec
2305 4888 2565 4965 martyrii
2595 4907 2872 4951 coronam
2898 4890 3264 4972 praeripiam.
3289 4887 3579 4950 Nimirum

1936 4975 1985 5036 si
2017 4974 2149 5037 laici
2182 4982 2340 5048 sunt,
2374 4975 2473 5055 qui
2508 4975 2650 5038 talia
2699 4979 2875 5040 veluti
2933 4979 3212 5040 stolidum
3265 4975 3579 5057 quemdam

1935 5065 2204 5126 abortum
2220 5063 2499 5126 adversus
2519 5084 2684 5129 sacra
2718 5077 2918 5130 sancta
2948 5067 3134 5147 capita
3157 5065 3581 5144 parturierunt,

1935 5155 2164 5217 veniam
2199 5151 2588 5215 merebuntur
2642 5174 2711 5217 ex
2765 5155 3049 5235 singulari
3094 5155 3344 5237 quadam
3381 5160 3583 5214 nostra

1936 5241 2366 5304 moderatione.
2395 5244 2768 5324 Caeteroquin
2802 5245 2957 5306 enim
2985 5245 3272 5325 scriptum
3299 5249 3422 5305 est:
3458 5240 3582 5302 Ho-

1937 5331 2156 5392 minem
2179 5329 2512 5392 Romanum
2535 5332 2809 5410 ignorare
2830 5333 2989 5411 leges
3012 5332 3194 5412 (idem
3215 5339 3274 5392 et
3294 5331 3366 5391 de
3399 5348 3583 5390 cano-

200 5419 377 5481 nibus
406 5418 746 5497 dicendum)
773 5442 892 5486 non
923 5433 1174 5507 oportet.
1199 5424 1432 5508 Quippe
1461 5423 1606 5487 licet
1633 5423 1847 5504 aliquis
1879 5421 2219 5484 manuarius
2250 5420 2329 5481 sit
2359 5420 2576 5502 opifex,
2612 5431 2668 5484 et
2701 5443 2769 5485 ex
2803 5424 3003 5486 intima
3025 5421 3168 5484 faece
3199 5419 3409 5502 plebis,
3441 5417 3583 5508 quin

199 5508 360 5589 leges
390 5517 492 5571 aut
524 5529 784 5574 canones
815 5532 922 5594 per
950 5506 1015 5578 se
1044 5515 1219 5585 norit,
1255 5506 1489 5578 veniam
1517 5514 1841 5595 impetrare
1867 5530 1985 5573 non
2016 5517 2209 5592 potest
2247 5528 2262 5585 ;
2325 5529 2458 5571 cum
2507 5511 2607 5592 qui
2655 5513 2818 5593 leges
2868 5520 2926 5575 et
2955 5529 3236 5593 canones,
3269 5508 3457 5570 instar
3484 5506 3582 5569 in-

197 5597 562 5663 dustriorum
594 5602 824 5682 argenti
855 5604 1317 5686 exploratorum,
1352 5603 1731 5684 investigarit,
1769 5604 1826 5665 in
1853 5603 1962 5663 hac
1989 5599 2135 5662 urbe
2165 5599 2328 5680 regia
2358 5606 2442 5661 tot
2469 5601 2612 5664 sint.

1107 5693 1269 5772 Quot
1298 5694 1448 5775 folia
1477 5701 1538 5758 et
1565 5695 1740 5776 ﬂores
1769 5698 2111 5756 nascuntur
2140 5695 2406 5770 tempore
2436 5708 2653 5756 verno:
