4074 6212
489 356 645 422 1179

1854 362 1887 424 J
1892 360 1986 425 US
2025 358 2471 426 CANONICUM

3704 355 3848 424 1180

484 488 585 568 qui
604 489 844 572 quidem
878 490 1063 553 cuivis
1085 494 1160 556 ad
1183 510 1424 555 manum
1459 498 1621 569 sunt,
1655 498 1939 573 tanquam
1970 491 2122 555 lihe-

2208 493 2351 572 παρὰ
2403 493 2567 571 ταύτῃ
2622 500 2693 571 τῇ
2760 492 3107 572 βασιλευούσῃ
3163 500 3270 551 τῶν
3310 490 3520 551 πόλεων
3588 493 3848 562 καθεστή-

482 577 607 640 rale
629 579 926 661 quoddam
984 588 1055 644 et
1096 581 1263 644 nullo
1316 588 1594 645 constans
1624 582 1816 662 pretio
1838 581 2080 664 epulum
2109 600 2125 642 :

481 685 680 748 neque
707 667 951 730 dubium
1001 677 1112 743 est,
1175 669 1317 752 quin
1361 670 1574 732 horum
1623 669 1906 732 doctrinae
1935 670 2127 734 mulso

484 755 837 820 dulcescere
858 759 1045 839 possit
1064 760 1314 822 istorum
1336 758 1728 839 iguorationis
1739 758 2124 823 absinthium.

478 844 585 906 Sin
614 853 810 910 autem
842 866 1011 909 sacro
1055 850 1400 928 pontiﬁcum
1427 847 1690 926 catalogo
1726 848 2126 926 continentur,

479 932 668 997 babaa!
692 954 950 1016 quonam
975 936 1152 999 modo
1178 936 1311 1018 quis
1333 937 1548 999 horum
1569 936 2128 1001 condemnationem

478 1023 895 1104 expresserit?
912 1023 1097 1098 Quam
1125 1026 1285 1088 enim
1311 1024 1637 1088 merebitur
1661 1025 1712 1088 is
1740 1025 1997 1103 veniam,
2028 1024 2133 1108 qui

476 1130 609 1174 cum
625 1131 959 1178 secanones
979 1114 1199 1179 docere
1224 1116 1900 1197 proﬁteatur,canonum
1930 1123 2129 1178 tamen

479 1202 810 1266 cratissiem
846 1222 963 1266 non
991 1203 1169 1280 videt,
1203 1223 1337 1286 quae
1381 1204 1576 1286 ipsum
1628 1222 1816 1287 prope
1863 1212 2124 1270 montem

477 1289 673 1352 Athon
704 1290 1004 1372 superat?
1033 1289 1291 1355 Omnino
1347 1291 1594 1355 nullam.
1646 1291 1771 1354 Imo
1828 1292 2025 1374 potius
2052 1310 2124 1355 ex

477 1378 872 1461 omnipotenti
899 1378 1024 1442 Deo
1054 1379 1280 1445 audiet.
1312 1378 1403 1442 Tu
1426 1379 1690 1461 rejecisti
1718 1380 2030 1461 justitiam,
2064 1387 2125 1443 et

477 1486 585 1548 ego
614 1468 885 1549 rejiciam
920 1476 998 1544 te,
1031 1488 1108 1532 ne
1137 1468 1285 1532 mihi
1305 1469 1390 1532 sis
1419 1468 1722 1533 sacerdos.
1746 1468 2126 1552 Quapropter

477 1557 641 1619 omni
667 1558 742 1621 de
772 1559 884 1621 hoc
912 1558 1292 1620 contentione
1324 1558 1566 1635 omissa,
1603 1558 1823 1640 scripto
1848 1558 2122 1640 praesenti

476 1645 549 1707 ad
582 1646 910 1709 tollendum
944 1665 1123 1710 omne
1151 1647 1494 1709 scandalum
1522 1647 1990 1711 inseramxxvxu
2022 1665 2125 1710 ca-

475 1755 691 1800 nouem
725 1746 943 1803 coacta:
972 1740 1035 1801 in
1065 1739 1263 1820 magni
1315 1739 1524 1822 palatii
1570 1739 1775 1802 Trullo
1805 1751 2029 1803 sanctae
2056 1758 2125 1803 ac

479 1826 836 1890 universalis
860 1828 1096 1910 synodi,
1117 1848 1250 1910 qua:
1278 1829 1484 1910 quinta
1498 1840 1559 1894 et
1588 1839 1749 1892 sexta
1770 1830 1888 1892 dici
1930 1829 2121 1893 solet:

475 1917 574 1996 qui
606 1934 748 1978 sane
769 1934 959 1979 canon
983 1917 1064 1980 ita
1080 1925 1250 1981 sonat
1265 1918 1336 1980 ad
1356 1918 1603 1981 verbum
1631 1940 1644 1977 :
1680 1918 1840 1995 Quia
1861 1918 2125 1982 diversis

475 2004 846 2085 temporibus
860 2006 1271 2070 Barbarorum
1289 2008 1717 2087 impressiones
1742 2007 2123 2088 acciderant,

471 2100 529 2156 et
550 2094 729 2157 urbes
744 2096 888 2158 hinc
904 2095 1185 2173 plurimae
1211 2096 1470 2159 redactae
1487 2103 1631 2159 sunt
1664 2097 1732 2159 in
1762 2102 2125 2178 potestatem

472 2183 684 2263 impio:
698 2201 829 2259 um,
847 2191 938 2247 ita
963 2192 1031 2248 ut
1048 2185 1326 2266 deinceps
1347 2184 1527 2260 huius
1549 2185 1634 2247 tal
1641 2187 1692 2249 is
1712 2186 1888 2250 urbi:
1903 2202 2126 2267 praeses

473 2279 607 2352 post
646 2272 1085 2337 Ordinationcm
1123 2292 1302 2338 suam
1338 2292 1463 2338 non
1521 2276 1797 2357 poluerit
1840 2275 2125 2339 thronum

477 2378 653 2423 suum
666 2362 1147 2445 accipere,atque
1158 2365 1222 2427 in
1236 2381 1305 2427 eo
1313 2383 1426 2444 pro
1436 2365 1776 2427 conditione
1786 2364 2124 2428 sacerdota.

474 2448 523 2511 li
543 2448 857 2531 collocari,
881 2458 936 2515 et
956 2468 1073 2515 usu
1095 2459 1339 2535 recepta
1361 2455 1793 2517 consuetudine
1814 2463 1934 2517 tam
1955 2454 2124 2517 ordi-

473 2539 782 2611 nationes,
807 2557 987 2620 quam
1003 2543 1133 2605 alia
1155 2544 1386 2620 omnia,
1410 2561 1542 2624 qum
1559 2544 1639 2606 ad
1659 2547 1918 2625 episcopi
1937 2544 2123 2625 perti-

474 2634 616 2691 nent
627 2629 1214 2712 ofﬁc-ium,perﬁcere
1227 2640 1404 2714 atque
1415 2651 1719 2696 exercere:
1731 2651 1843 2696 nos
1853 2633 1955 2713 dig
1962 2634 2031 2696 ni
2035 2640 2122 2696 ta-

476 2721 588 2778 tem
619 2719 1473 2783 etveiwrationemsacerdotii
1487 2722 2120 2801 tuentes,minimeque

472 2803 827 2886 volentes,ut
838 2808 1075 2885 injuria
1083 2826 1473 2890 paganorum
1478 2809 1515 2887 j
1519 2809 1730 2873 aribus
1756 2809 2122 2873 ecclesiasti-

471 2893 1043 2971 cisdctrimentosit,
1064 2898 1131 2959 in
1147 2897 1307 2960 hanc
1341 2898 1587 2960 modum
1605 2898 1929 2969 ordinatis,
1959 2903 2016 2961 et
2044 2896 2118 2960 ob

473 2999 721 3046 causam
732 3001 918 3065 supra
923 2991 1180 3066 positam
1195 2986 1438 3050 thronOs
1452 3005 1592 3050 suos
1606 3005 1728 3051 non
1740 2987 2114 3069 possidenti-

478 3072 608 3148 bus,
634 3072 1510 3157 jussuumabsqaeprcejudicio
1528 3078 1616 3139 sic
1635 3076 2115 3139 conservandum

2206 3071 2404 3141 ἑθνικὴν
2508 3072 2759 3153 ἐπήρειαν
2862 3074 3187 3155 ἐνεργεῖσθαι

476 3161 866 3239 decrevimus,
881 3170 1012 3228 utet
1029 3166 1437 3229 ordinationes
1456 3166 1838 3230 dirersorum
1876 3165 2121 3229 clerico-

471 3253 801 3329 rumjuxta
819 3270 1084 3318 canones
1097 3256 1504 3333 instituant,et
1521 3257 2119 3335 auctoritateprwsi-

472 3339 694 3403 demite
714 3343 1043 3407 seiundum
1056 3346 1292 3407 modum
1309 3348 1704 3427 fruantur,ac
1732 3345 1990 3426 denique
2003 3344 2120 3426 ﬁr-

471 3446 572 3492 ma
589 3437 646 3494 et
656 3439 786 3493 rata
800 3439 885 3495 stt
896 3436 1096 3497 omnis
1108 3434 1185 3497 ab
1207 3437 1353 3516 ipsis
1360 3434 1631 3516 profecta
1644 3435 2116 3498 administratio.

464 3518 598 3582 Non
618 3523 779 3585 enim
802 3540 1017 3587 accuro
1030 3527 1190 3589 tione
1212 3544 1321 3606 per
1334 3527 1716 3590 necessitatis
1753 3532 1984 3607 tempus
2003 3526 2124 3588 cir-

466 3612 964 3692 cumscriptaJex
974 3613 1389 3695 dispensation
1400 3617 1449 3678 is
1461 3617 1862 3694 inanguslum
1873 3621 2126 3695 cogetur

2146 1790 2185 1839 Β

2209 604 2357 661 κασι,
2407 584 2493 639 καὶ
2520 581 2822 662 πρόκεινται
2878 589 2956 658 τῷ
3002 581 3309 661 βουλομένῳ
3359 582 3519 640 παντὶ
3574 580 3849 664 φιλότιμος

2210 669 2489 728 πανδαισία
2532 672 2621 728 καὶ
2677 671 3136 751 ἀπραγμάτευτος,
3190 673 3279 728 καὶ
3332 672 3545 735 πάντως
3610 678 3693 746 τῷ
3762 691 3848 747 με·

2210 758 2442 840 λικράτῳ
2490 761 2587 829 τῆς
2645 758 2977 826 διδασκαλίας
3034 762 3202 819 αὐτῶν
3258 759 3554 838 ἒμελιτώθη
3621 764 3689 818 τὸ
3757 765 3851 828 τῆς

2209 849 2421 930 ἀγνοίας
2462 849 2673 907 ἐκείνων
2700 849 2958 927 ἀψινθιον.
3005 850 3065 909 Εἰ
3109 848 3166 906 δὲ
3221 857 3314 909 τοῦ
3367 850 3506 909 θείου
3555 847 3854 928 καταλόγου

2209 945 2313 996 τῶν
2346 938 2638 1020 ἀρχιερέων
2667 941 2785 1015 εἰσὶ,
2832 937 2990 1017 βαϐαί
3021 939 3038 1000 l
3097 939 3212 1004 πῶς
3261 939 3323 996 ἂν
3368 961 3451 1004 τις
3478 938 3613 1017 εἴπῃ
3652 940 3750 997 καὶ
3781 936 3852 995 δι-

2209 1028 2471 1107 ηγήσεται
2498 1028 2599 1096 τὴν
2646 1027 2983 1108 ἐπαγομένην
3031 1029 3235 1093 τούτοις
3286 1029 3592 1107 κατάκρισιν
3624 1047 3643 1109 ς
3699 1027 3854 1091 Ποίας

2211 1117 2310 1195 γὰρ
2376 1115 2700 1197 συγγνώμης
2757 1115 3102 1188 ἀξιωθήσεται
3177 1119 3206 1175 ὁ
3286 1114 3545 1176 διδάσκειν
3626 1117 3852 1180 κανόνας

2210 1203 2685 1284 ἐπαγγειλάμενος,
2743 1207 2833 1263 καὶ
2879 1205 3114 1264 κανόνων
3167 1208 3247 1282 μὴ
3301 1205 3515 1284 βλέπων
3542 1207 3850 1286 παχύτητα,

2202 1296 2294 1352 τὸν
2395 1298 2545 1353 Αθων
2600 1295 2756 1354 αὖτὸν
2798 1293 2992 1377 σχεδὸν
3019 1294 3428 1375 ὑπερϐαίνουσαν
3460 1315 3477 1377 ;
3521 1297 3745 1359 Πάντως
3771 1294 3854 1353 οὖα

2202 1382 2386 1459 δεμιᾶς
2418 1398 2434 1415 ’
2493 1384 2704 1444 ἀκούσει
2732 1382 2788 1441 δὲ
2844 1383 3051 1460 μᾶλλον
3088 1385 3194 1442 ἀπὸ
3242 1392 3374 1443 Θεοῦ
3401 1385 3847 1464 παντοκράτορος·

2207 1473 2282 1531 Κὺ
2312 1472 2514 1530 ἀπώσω
2570 1471 2926 1554 δικαιοσύνην,
2969 1474 3124 1554 κάγὼ
3180 1473 3466 1550 ἀπωσόμαί
3509 1495 3569 1530 σε
3623 1479 3717 1530 τοῦ
3772 1472 3847 1548 μὴ

2206 1561 2485 1640 ἱερατεύειν
2542 1584 2654 1637 μοι.
2720 1551 2884 1620 u005v
2938 1561 3039 1632 τήν
3058 1551 3199 1642 *περὶ
3238 1563 3426 1620 τούτου
3464 1559 3675 1630 πολλὴν
3702 1561 3850 1617 ἀντι-

2208 1647 2395 1729 λογίαν
2449 1648 2781 1727 καταλιπὼν,
2854 1651 3270 1728 καταστρωννύω
3350 1652 3482 1731 πρὸς
3533 1651 3847 1731 περιαίρεσιν

2209 1725 2500 1800 σκανδάλου
2555 1725 2770 1805 παντὸς.
2914 1725 3154 1817 παρούσῃ
3200 1725 3403 1821 γραφῇ.
3433 1740 3526 1796 τὸν
3552 1725 3643 1811 λζ’
3658 1725 3849 1795 κανόνα

2204 1828 2302 1894 τῆς
2333 1826 2388 1883 ἐν
2418 1832 2495 1901 τῷ
2535 1825 2784 1907 Τρούλλῳ
2836 1835 2931 1886 τοῦ
2984 1827 3221 1907 μεγάλου
3276 1827 3531 1886 παλατίου
3586 1827 3846 1894 συστάσης

2205 1916 2357 1995 ἁγίας
2400 1918 2489 1974 καὶ
2517 1918 2885 1994 οἶκουμενικῆς
2937 1916 3154 1975 συνόδου
3206 1923 3307 1986 τῆς
3364 1917 3661 1997 λεγομένης
3687 1920 3846 1975 πενθ-

2206 2003 2390 2081 έκτης,
2440 2003 2607 2072 οὕτως
2636 2005 2721 2063 ἐπὶ
2750 2004 2940 2073 λέξεως
2984 2005 3182 2087 ἔχοντα
3215 2024 3230 2036 ·
3268 2029 3293 2064 ε
3334 2004 3551 2075 Ἐπειδὴ
3579 2007 3717 2064 κατά
3743 2004 3847 2062 δια-

2204 2094 2395 2174 φόρους
2464 2096 2677 2174 καιροὺς
2771 2093 3082 2177 βαρϐαρικαὶ
3153 2097 3429 2178 γεγόνασιν
3482 2094 3681 2179 ἔφοδοι,
3762 2097 3851 2152 καὶ

2204 2181 2454 2240 πλεῖσται
2525 2182 2709 2249 πόλεις
2766 2182 2997 2244 ἐντεῦθεν
3066 2187 3365 2267 ὑποχείριοι
3445 2199 3564 2250 τοῖς
3631 2186 3845 2261 ἀνομοιε

2208 2271 2565 2354 κατέστησαν,
2632 2275 2706 2338 ὡς
2790 2273 3021 2334 ἐντεῦθεν
3106 2276 3185 2352 μὴ
3254 2274 3531 2344 δυνηθῆναι
3597 2275 3689 2332 τὸν
3750 2279 3845 2340 τῆς

2203 2361 2454 2429 τοιαύτης
2537 2361 2745 2428 πόλεως
2826 2362 3076 2445 πρόεδρον
3144 2366 3279 2441 μετᾶ
3372 2365 3472 2433 τὴν
3541 2364 3628 2422 ἔπ’
3708 2365 3846 2439 αὗτῷ

2204 2452 2537 2530 χειροτονίαν
2626 2453 2718 2509 τὸν
2802 2453 2999 2511 οἰκεῖον
3073 2452 3257 2532 θρόνον
3339 2451 3688 2530 καταλαϐεῖν,
3758 2454 3844 2508 καὶ

2206 2538 2261 2595 ὲν
2344 2541 2485 2616 αὖτῷ
2584 2543 2821 2619 ἱερατικῇ
2918 2543 3236 2600 καταστάσει
3332 2540 3679 2623 ἐνιδρυθῆναι,
3760 2543 3846 2598 καὶ

2202 2626 2338 2686 οὔτω
2406 2630 2545 2686 κατὰ
2624 2631 2687 2686 τὸ
2768 2634 3037 2709 κρατῆσαν
3118 2630 3232 2697 ἔθος
3314 2631 3411 2696 τὰς
3494 2631 3854 2712 χειροτονίας,⁸

2201 2719 2289 2774 καὶ
2341 2718 2535 2793 πάντα,
2597 2719 2633 2774 ἃ
2683 2726 2761 2794 τῷ
2833 2718 3109 2794 ἑπισκόπῳ
3174 2720 3386 2796 ἀνήκει,
3462 2722 3708 2801 πράττειν
3787 2741 3845 2776 τε

2200 2806 2288 2863 καὶ
2372 2808 2847 2889 μεταχειρίζεσθαί,
2932 2809 3098 2885 ἡμεῖς
3180 2810 3241 2865 τὸ
3319 2810 3492 2887 τίμιον
3547 2811 3633 2866 καὶ
3691 2806 3847 2867 cesi-

2201 2917 2359 2971 σμιον
2442 2901 2510 2973 τῇ
2599 2897 2854 2975 ἱερωσύνῃ
2941 2896 3310 2974 φυλάττοντες,
3394 2900 3483 2956 καὶ
3590 2896 3846 2975 μηδαμῶς

2197 2985 2329 3063 πρὸς
2411 2981 2586 3059 λύμην
2683 2990 2789 3041 τῶν
2894 2985 3350 3053 ἐκκλησιαστικῶν
3453 2984 3667 3045 δικαίων
3747 2988 3845 3057 τὴν

3285 3074 3622 3157 βουλόμενοι,
3726 3089 3844 3139 τοῖς

2199 3159 2336 3218 οὕτω
2417 3168 2866 3241 χειροτονηθεϊσι,
2951 3165 3041 3221 καὶ
3137 3162 3222 3221 διὰ
3312 3166 3412 3233 τὴν
3493 3166 3845 3245 προκειμένην

2200 3251 2368 3307 αἰτίαν
2443 3249 2499 3306 ἐν
2563 3264 2680 3315 τοῖς
2748 3252 2948 3311 ἑαυτῶν
3031 3253 3112 3329 μὴ
3180 3254 3535 3333 ἐγηταστᾶσι
3616 3258 3840 3334 θρόνοις,

2200 3338 2262 3394 τὸ
2355 3337 2803 3417 ἀποκριμάτιστον
2903 3344 3200 3421 συντηρηθῆ
3212 3363 3288 3398 ναι
3387 3342 3793 3421 συνεωράκαμεν
3823 3357 3839 3371 ·

2202 3425 2338 3485 ὥστε
2420 3428 2508 3484 καὶ
2590 3428 2920 3509 χειροτονίας
3002 3428 3262 3510 διαφόρων
3342 3429 3615 3511 κληρικῶν
3684 3452 3845 3489 κανο-

2202 3520 2361 3578 νικῶς
2444 3528 2643 3591 ποιεῖν,
2730 3519 2819 3574 καὶ
2899 3524 2968 3596 τῇ
3048 3524 3148 3587 τῆς
3230 3517 3530 3600 προεδρείας
3611 3519 3847 3593 αὖθεντίᾳ

2203 3602 2340 3663 κατὰ
2391 3604 2482 3660 τὸν
2540 3602 2679 3661 ἴδιον
2733 3604 2853 3685 ὅρον
2908 3611 3230 3689 κεχρῆσθαι,
3302 3610 3391 3664 καὶ
3467 3605 3681 3685 βεϐαίαν
3760 3618 3847 3672 καὶ

465 3700 851 3775 νενομισμένην
894 3703 1036 3760 εἶναι
1065 3694 1238 3761 πᾶσαν
1271 3702 1360 3761 ὁπ’
1386 3708 1556 3763 αὐτῶν
1598 3712 1887 3783 προϊοῦσαν
1939 3694 2217 3769 διοίκησιν.
2277 3695 2349 3755 0‘3
2405 3694 2506 3774 γὰρ
2562 3694 2669 3751 ἀπὸ
2699 3702 2791 3752 τοῦ
2818 3700 2917 3764 τῆς
2960 3696 3201 3775 ἀνάγκης
3229 3702 3411 3777 καιροῦ
3439 3701 3539 3764 τῆς
3581 3695 3845 3776 ἀκριϐείας

464 3790 894 3873 περιγραφείσης,
929 3792 957 3847 ὁ
987 3797 1083 3859 τῆς
1114 3794 1415 3867 οἰκονομίας
1447 3792 1566 3873 ὅρος
1594 3792 2112 3871 περιορισθήσεται.)

466 3872 688 3936 Praeter
744 3876 903 3940 hunc
961 3895 1101 3941 vero
1190 3872 1503 3955 canonem,
1564 3878 1787 3960 scripto
1838 3875 2115 3959 praesenti

464 3962 718 4025 lectores
747 3983 984 4041 moneo,
1018 3966 1192 4029 etiam
1254 3967 1516 4029 edictum
1567 3966 1868 4049 quoddam
1917 3974 2114 4029 estare

465 4052 832 4115 memorandi
858 4053 1261 4136 imperatoris.
1299 4055 1529 4118 domini
1564 4055 1758 4118 Alexii
1789 4053 2106 4132 Comneni,

2277 3873 2378 3931 Σὺν
2422 3877 2499 3948 τῷ
2539 3873 2760 3949 τοιούτῳ
2814 3872 2869 3930 δὲ
2911 3875 3090 3932 κανόνι
3144 3872 3473 3933 ἀναδιδάσκω
3514 3875 3636 3941 τοὺς
3664 3874 3845 3957 ἐντυγ-

2194 3962 2460 4043 χάνοντας
2532 3969 2602 4041 τῇ
2657 3963 2897 4041 παρούσῃ
2967 3970 3166 4046 γραφῇ,
3246 3965 3321 4028 ὡς
3403 3965 3495 4022 καὶ
3563 3964 3843 4045 πρόσταξις

2194 4050 2306 4108 ἐστι
2388 4058 2483 4110 τοῦ
2562 4051 2802 4129 ἀοιδίμου
2883 4052 3145 4118 ϐασιλέως
3226 4059 3382 4133 κυροῦ
3465 4051 3701 4119 Ἀλεξίου
3751 4060 3843 4112 τοῦ

466 4156 669 4200 mense
693 4139 1009 4205 Novembri
1040 4144 1685 4208 secundaeindictionis
1717 4144 2107 4226 publicatum,

2206 4147 2495 4217 Κομνηνοῦ,
2551 4141 2689 4198 κατὰ
2742 4143 2836 4199 τὸν
2918 4141 3206 4223 Νοέμϐριον
3254 4142 3397 4219 μῆνα
3450 4142 3548 4210 τῆς
3603 4140 3843 4226 δευτέρας

460 4246 529 4289 ac
561 4229 856 4293 tiscalibus
887 4240 947 4294 et
1009 4233 1432 4296 ecclesiasticis
1480 4224 1733 4296 secretis
1792 4233 2107 4315 insertum,

2206 4228 2558 4306 ἐπινεμήσεως
2624 4227 2970 4313 ἀπολυθεῖσα,
3038 4232 3125 4288 καὶ
3175 4243 3291 4296 τοῖς
3345 4228 3701 4305 δημοσιακοῖς
3759 4224 3847 4287 καὶ

460 4317 616 4397 quod
650 4320 851 4382 statuit
871 4321 1028 4400 (60),
1064 4341 1184 4384 non
1215 4322 1407 4384 solum
1466 4322 1688 4386 debere
1742 4323 1888 4385 citra
1918 4322 2109 4384 ullum

2206 4316 2662 4386 ἑκκλησιαστικοῖς
2742 4318 3007 4399 σεκρέτοις
3073 4322 3527 4397 καταστρωθεῖσα,
3612 4321 3702 4376 καὶ
3773 4318 3849 4376 δι-

462 4404 954 4487 impedimentum
973 4410 1106 4491 eligi
1132 4411 1448 4492 pontiﬁces
1471 4411 1530 4474 in
1561 4411 1883 4474 orientales
1904 4410 2112 4474 Eccle-

2206 4406 2473 4485 ›ριζομένη
2506 4410 2585 4484 μὴ
2616 4408 2779 4484 μόνον
2817 4407 3288 4488 ἀπαρεμποδίστως
3347 4408 3619 4490 ἀρχιερεῖς
3659 4409 3841 4488 ψηφί-

465 4495 605 4569 sias,
638 4515 673 4557 a
729 4499 971 4579 paganis
1035 4519 1360 4581 possessas,
1421 4501 1564 4564 licet
1619 4501 1681 4583 ii,
1743 4500 1847 4582 qui
1897 4499 1968 4562 ad
2007 4518 2109 4563 eas

2206 4498 2365 4565 ζεσθαι
2396 4496 2469 4559 εἰς
2499 4497 2594 4562 τὰς
2626 4496 2943 4563 ἀνατολικας
2999 4497 3343 4572 Ἐκκλησίας,
3394 4499 3489 4562 τὰς
3549 4498 3692 4577 παρὰ
3736 4500 3845 4554 τῶν

464 4585 907 4666 renuntiantur,
933 4608 1078 4671 quos
1100 4589 1292 4651 sortiti
1349 4600 1488 4652 sunt
1546 4581 1791 4652 thronos
1834 4587 2107 4669 accipere

2206 4586 2348 4640 θνῶν
2417 4584 2813 4666 κατεχομένας,
2867 4585 2966 4644 κᾶν
3036 4588 3095 4645 ού
3134 4585 3375 4645 δύνανται
3433 4588 3479 4644 οἱ
3522 4585 3577 4641 έν
3646 4586 3842 4651 αὐταῖς

468 4686 765 4755 nequeant
796 4670 1042 4760 propter
1101 4678 1386 4742 malitiam
1447 4697 1846 4761 paganorum:
1902 4695 2105 4739 verum

2206 4674 2660 4752 ἱπικηρυττόμενοι
2728 4672 3153 4752 καταλαμϐάνειν
3209 4675 3332 4739 τοὺς
3394 4674 3666 4755 λαχόντας
3724 4677 3843 4734 τού-

462 4762 637 4825 ctiam
684 4768 845 4846 quod
898 4775 1030 4848 post
1076 4768 1511 4832 ordinationem
1573 4767 1793 4831 habere
1822 4767 2101 4843 debeant,

2206 4784 2310 4826 τους
2339 4763 2551 4842 θρόνους
2580 4761 2664 4819 διὰ
2692 4765 2790 4832 τὴν
2848 4763 3056 4833 ἐθνικὴν
3112 4767 3321 4840 κακίαν,
3379 4763 3516 4820 ἀλλά
3557 4766 3647 4822 καὶ
3701 4768 3843 4842 μιτά

457 4870 822 4936 quaecunque
851 4865 986 4918 ante
1016 4856 1178 4918 illam
1237 4857 1747 4938 Constantinopoli
1805 4854 2106 4918 habebant

2206 4852 2280 4920 ῖῆν
2319 4854 2650 4932 χειροτονίαν
2694 4852 2842 4934 ἔχειν
2900 4853 3001 4938 ὅσα
3050 4856 3151 4933 πρὸ
3211 4854 3408 4921 ταύτης
3466 4852 3630 4934 ἔσχον
3696 4857 3842 4913 κατά

450 4939 623 5020 jura:
688 4934 971 5007 nimirum
1030 4944 1318 5022 abbatias,
1397 4934 1850 5029 adelphatorum
1908 4962 2102 5006 anno-

2206 4940 2283 5008 ςὴν
2310 4939 2672 5019 μεγαλόπολιν
2714 4940 2910 5006 δικαία.
2971 4934 3346 5022 Ἠγουμενείας
3400 4940 3629 5018 δηλαδὴ,
3674 4942 3843 5001 ἀδελ-

455 5046 561 5090 nas
586 5029 736 5112 (6t),
770 5042 827 5094 et
855 5034 1115 5115 reliqua.
1173 5037 1372 5116 Atque
1403 5056 1511 5098 nos
1559 5034 1804 5117 quidem
1866 5034 1993 5095 haac
2021 5032 2101 5094 ita

2206 5029 2362 5117 ιάτων
2408 5030 2703 5112 σιτηρέσια,
2760 5033 2849 5088 καὶ
2901 5031 3087 5093 λοιπά.
3150 5034 3249 5117 Καί
3293 5033 3458 5109 ἡμεῖς
3501 5032 3601 5108 μὲν
3654 5035 3838 5098 καθὼς

451 5118 637 5196 rogali
669 5112 1447 5201 perscripsiinusﬁzetiarum
1471 5112 1631 5188 Deus
1652 5124 1753 5186 ille
1781 5120 1965 5204 pacis,
1999 5121 2103 5204 qui

2206 5115 2506 5195 ιξιώθημεν,
2570 5126 2733 5177 ταῦτα
2804 5122 3193 5204 γεγράφαμεν.·
3227 5112 3284 5181 Ὀ
3340 5118 3396 5178 δὲ
3466 5125 3566 5189 τῆς
3619 5122 3840 5199 εἰρήνης

451 5224 560 5286 per
589 5207 869 5272 Davidem
905 5212 1253 5293 prophetam
1287 5212 1476 5276 dixit:
1529 5212 1592 5278 Si
1636 5212 1887 5295 p0pulus
1932 5227 2103 5275 meus

2206 5207 2341 5281 ὶεὸς,
2386 5209 2414 5263 ὁ
2454 5208 2616 5295 εἰπὼν
2657 5206 2742 5265 διά
2768 5209 2862 5267 τοῦ
2901 5212 3175 5292 προφήτου
3231 5207 3390 5268 Δαϐίδ
3423 5223 3437 5239 ⁸
3492 5206 3619 5268 Ἐὰν
3650 5212 3681 5269 ὁ
3705 5210 3840 5278 λαός

450 5306 743 5379 praecepta
766 5318 899 5361 mea
922 5302 1262 5373 servaverit,
1314 5302 1375 5364 in
1425 5301 1586 5380 virga
1615 5294 1862 5364 visitabo
1895 5298 2102 5363 inimi-

2206 5317 2284 5352 ιου
2325 5295 2418 5361 τὰς
2468 5294 2685 5362 ἐντολάς
2740 5319 2840 5374 μου
2894 5297 3118 5380 φυλάξῃ,
3163 5297 3218 5356 ἓν
3447 5300 3571 5364 τοὺς
3612 5296 3839 5381 ἐχθροὺς

449 5403 552 5447 cos
613 5405 845 5470 eorum,
899 5397 957 5452 et
1005 5388 1066 5452 in
1124 5391 1379 5472 ﬂagellis
1436 5390 1778 5473 iniquitates
1848 5407 2098 5470 eorum;

2206 5388 2354 5444 ιῦτῶν
2394 5384 2775 5468 ἐπισκέψομαι,
2824 5390 2913 5445 καὶ
2969 5387 3025 5445 ἒν
3078 5387 3288 5466 μάστιξι
3345 5389 3440 5454 τὰς
3494 5386 3700 5454 ἀδικίας
3740 5392 3840 5448 αύ-

2014 5543 2282 5644 nom.

540 5686 664 5769 (60)
698 5690 848 5754 Vide
869 5691 1177 5758 Novellam
1210 5702 1439 5759 sextam
1471 5696 1660 5761 Alexii
1686 5698 2023 5763 Commeni.

2226 5662 2362 5778 "(5')
2386 5693 2527 5770 Qum
2556 5699 2977 5781 proportiones
3005 5698 3254 5765 fratrum
3284 5707 3449 5784 sunt,
3478 5697 3568 5764 uti
3593 5709 3836 5767 vocant.
