4074 6212
283 382 432 449 1181
1609 377 1939 450 GPt/ECO-I

2025 374 2321 438 MANUM.
3497 367 3651 433 4182

279 525 389 576 τῶν
420 532 440 552 ⁶
491 519 553 575 τὸ
596 515 650 574 δὲ
695 516 843 581 ’έλεός
896 541 998 594 μου
1052 519 1112 574 οὐ
1158 519 1237 594 μὴ
1307 516 1632 576 διασκεδάσω
1672 519 1778 576 ἀπὸ
1824 519 1928 573 τῶν

2025 500 2485 565 misericordiam
2526 519 2666 564 vero
2697 519 2892 564 meam
2922 519 3042 563 non
3089 497 3427 580 dispergam
3454 515 3488 558 a
3510 495 3654 558 dili-

279 607 611 687 ἀγαπώντων
657 629 745 683 με,
805 588 908 664 οὖδδ
956 608 1016 664 οὐ
1070 588 1169 684 μὴ⁷
1195 605 1489 675 ϐεϐηλώσω
1535 607 1635 677 την
1677 607 1931 678 διαθήκην

2025 588 2289 670 gentibus
2322 609 2440 667 me,
2469 609 2581 653 nec
2613 590 2934 672 profanabo
2965 594 3380 687 testamentum
3399 603 3651 687 meum:

282 718 383 772 μου
417 712 432 727 ⁸
493 696 592 765 τὴν
645 695 755 772 μὴν
811 695 1023 763 ἐθνικὴν
1092 697 1340 754 ἀπιστίαν
1395 696 1750 776 διασκορπίσει
1808 698 1934 752 ὡσεὶ

281 787 557 864 κονιορτὸν
613 785 719 842 ἀπὸ
762 782 966 847 ἅλωνος
1022 788 1255 865 θερινῆς,
1288 787 1409 849 τοὺς
1439 784 1494 842 δὲ
1545 787 1716 850 ὁσίους
1779 787 1935 842 αὐτοῦ

284 875 580 953 συναγάγῃ,
614 874 701 931 καὶ
731 872 887 931 δώσει
931 873 1113 938 αὐτοῖς
1173 875 1358 954 χώρας
1415 875 1576 932 ἐθνῶν
1616 877 1704 932 καὶ
1745 874 1933 956 φυλάς.

290 964 390 1022 Καὶ
445 963 559 1042 ἐρεῖ
613 969 718 1026 πᾶς
775 965 803 1019 ὁ
859 961 988 1027 λαός
1025 982 1039 998 ⁸
1101 962 1400 1041 Εὐλογητὸς
1470 964 1655 1043 Κύριος
1715 965 1788 1027 εἰς
1843 965 1934 1020 τὸν

284 1053 472 1112 αἰῶνα.
518 1050 754 1132 Γένοιτο,
787 1051 1020 1131 γένοιτο.

914 1162 1042 1212 ΤΟΥ
1085 1162 1303 1212 ΑΥΤΟΥ

289 1261 322 1302 (
355 1239 593 1318 Μελέτη,
637 1242 797 1322 χάριν
823 1242 930 1299 τῶν
959 1240 1048 1300 δύο
1079 1243 1359 1325 ὀφφικίων,
1391 1253 1484 1303 τοῦ
1507 1264 1564 1300 τε
1589 1243 1933 1325 χαρτοφύλα-

694 1321 812 1397 κος,
841 1325 930 1380 καὶ
956 1329 1050 1380 τοῦ
1078 1321 1456 1401 πρωτεκδίκου,
1494 1348 1522 1380 ιι

369 1420 472 1471 Τοῦ
514 1410 748 1489 μεγάλου
817 1409 1128 1469 διδασκάλου
1197 1414 1295 1480 τῆς
1353 1413 1672 1481 Ἐκκλησίας
1730 1415 1936 1471 Παύλου

289 1510 381 1559 106
430 1501 747 1580 θεοκήρυκος
817 1499 1086 1580 λέγοντος.
1156 1503 1272 1581 Οὐχ
1327 1502 1499 1576 ἑαυτῷ
1547 1524 1626 1569 τις
1681 1500 1936 1565 λαμϐάνει

2014 679 2066 741 is
2097 698 2239 759 ergo
2269 699 2630 762 paganorum
2663 681 2904 763 quidem
2934 678 3346 742 inﬁdelitatem
3380 673 3650 754 dissipet,

2017 769 2200 831 veluti
2231 771 2536 851 pulverem
2593 791 2662 834 ex
2719 791 2858 835 area
2915 769 3142 843 aestiva,
3195 774 3429 829 sanctos
3458 773 3654 826 autem

2017 877 2158 921 suos
2189 860 2446 941 colligat,
2483 872 2542 923 et
2586 879 2947 944 paganorum
3005 859 3096 922 eis
3145 857 3246 920 det
3287 855 3564 944 regiones
3589 872 3658 915 ac

2017 947 2228 1012 tribus.
2263 950 2338 1012 Et
2382 949 2542 1013 dicat
2588 942 2850 1032 populus
2907 949 3257 1012 universus:
3297 942 3658 1008 Benedictus

2016 1041 2306 1103 Dominus
2338 1043 2400 1103 in
2431 1044 2739 1106 saeculum.
2774 1044 2925 1120 Fiat,
2959 1043 3081 1106 ﬁat.

2015 1232 2401 1310 Meditatum,
2569 1236 2803 1325 duobus
2825 1235 2989 1325 illis
3039 1231 3254 1325 ofﬁcii,
3298 1225 3660 1292 chartularii

2360 1314 2604 1392 scilicet,
2638 1334 2708 1378 ac
2735 1317 2923 1398 primi
2949 1314 3304 1393 defensoris.

2097 1399 2241 1464 Cum
2279 1421 2523 1483 magnus
2552 1404 2654 1467 ille
2699 1396 2908 1468 doctor
2953 1403 3262 1481 Ecclesiae,
3309 1396 3658 1476 divinusque

2020 1507 2214 1570 prazco
2233 1491 2448 1554 Paulus
2478 1492 2659 1566 dicat,
2693 1512 2812 1555 non
2844 1492 2959 1556 sibi
3003 1489 3342 1573 quempiam
3371 1486 3656 1573 honorem

2020 1597 2280 1658 sumere,
2312 1581 2419 1645 sed
2443 1600 2477 1643 a
2504 1586 2625 1646 Deo
2647 1591 2916 1646 vocatum
2945 1603 2960 1659 ;
2989 1571 3131 1643 sane
3153 1576 3408 1640 debebat
3433 1571 3658 1655 primus

288 1589 475 1669 τιμὴν,
523 1587 659 1644 ἀλλὰ
711 1588 1032 1666 καλούμενος
1087 1591 1186 1646 ὑπὸ
1242 1597 1334 1647 τοῦ
1406 1599 1559 1668 Θεοῦ,
1622 1591 1844 1674 ὤφειλεν
1909 1593 1937 1648 ὁ

289 1663 643 1758 πρωτέκδικος
694 1663 967 1758 ἀρκεῖσθαι
1022 1691 1140 1744 τοῖς
1225 1663 1554 1757 δεδομένοις*
1605 1663 1766 1757 αὐτῷ,
1851 1683 1938 1739 καὶ

2025 1666 2301 1733 defensor
2329 1670 2445 1733 sibi
2476 1673 2777 1734 concessis
2801 1689 2934 1733 esse
2963 1674 3299 1743 contentus,
3333 1671 3420 1761 et_
3448 1663 3656 1761 deces-

288 1751 407 1824 κάτ’
436 1767 584 1847 ίχνία
613 1766 676 1817 79
731 1751 936 1845 ’βαίνειν
994 1773 1100 1824 τῶν
1150 1770 1252 1848 πρὸ
1308 1751 1486 1850 αύτοῦ,
1519 1751 1760 1844 παντοία⁷
1782 1771 1938 1851 σοφίᾳ

2025 1774 2221 1819 sorum
2236 1778 2480 1822 suorum
2494 1761 2754 1842 vestigiis
2769 1761 3066 1822 insistere:
3093 1772 3345 1851 quorum
3367 1751 3656 1851 plerique:

286 1860 392 1911 τῶν
458 1855 717 1912 πλειόνων
774 1855 1192 1932 κεκοσμημένων
1262 1863 1331 1934 τῇ
1395 1858 1577 1938 χάριτι
1631 1865 1723 1916 106
1779 1866 1934 1933 Θεοὺ,

2025 1844 2170 1907 sicut
2198 1855 2258 1938 et
2284 1848 2438 1938 ipse,
2473 1869 2579 1930 per
2609 1840 2718 1914 Dei
2775 1849 3018 1930 gratiam
3071 1845 3390 1938 omnigena
3418 1840 3660 1938 fuerant

288 1943 458 2009 καθὼς
487 1947 574 2000 καὶ
629 1945 785 2008 αὐτός
829 1945 961 2020 ἐστι,
1023 1947 1110 2001 καὶ
1152 1946 1219 2002 τὰ
1275 1945 1587 2022 ὑψηλότατα
1627 1954 1726 2016 τῆς
1769 1949 1936 2027 ἁγιω-

287 2031 453 2099 τάτης
508 2039 599 2090 τοῦ
652 2040 783 2090 Θεοῦ
852 2032 1094 2112 μεγάλης
1167 2034 1484 2103 Ἐκκλησίας
1542 2037 1937 2118 ἐνεργησάντων

288 2121 504 2201 ὀφφίκια
557 2127 714 2178 τινῶν
767 2121 823 2179 δὲ
878 2124 967 2180 καὶ
1020 2124 1156 2181 κατὰ
1225 2125 1471 2203 γνησίως
1541 2126 1939 2206 πτερυξαμένων

289 2207 542 2286 ἀετιδετς,
615 2211 703 2267 καὶ
745 2213 817 2275 είς
872 2214 962 2268 τὸν
1017 2212 1183 2292 μέγαν
1238 2215 1546 2294 φθασάντων
1601 2216 1780 2295 θρόνον
1840 2221 1938 2284 τῆς

292 2298 922 2380 Κωνσταντινουπόλεως,
966 2303 1054 2358 καὶ
1113 2303 1178 2358 τὰ
1233 2303 1527 2382 κυρωθέντα
1584 2303 1668 2362 διὰ
1730 2306 1938 2386 χρόνων

289 2388 702 2464 ἀμνημονεύτων
785 2387 999 2469 σχεδὸν,
1093 2390 1168 2466 μή
1253 2390 1490 2450 σπεύδειν
1583 2393 1937 2462 ἀλλοιωθῆναι

291 2476 429 2532 κατὰ
511 2478 719 2544 σηπύας
804 2479 1100 2558 αὐθημερὸν
1194 2481 1282 2537 καὶ
1352 2481 1489 2538 οὕτω
1562 2481 1937 2561 ῥιψοκινδύνως

292 2561 649 2636 σκανδαλίζειν
703 2567 789 2622 καὶ
857 2565 1282 2640 σκανδαλίζεσθαι
1315 2585 1330 2602 ⁶
1403 2569 1570 2628 θέλειν
1622 2571 1677 2629 δὲ
1734 2571 1938 2649 μᾶλλον

292 2653 506 2730 εἰρήνην
535 2652 620 2710 ἐπὶ
669 2655 759 2710 τὸν
802 2651 929 2711 λαὸν
971 2663 1064 2712 106
1117 2663 1268 2738 Θεοῦ,
1321 2660 1409 2715 καὶ
1451 2659 1537 2718 ἐπὶ
1588 2662 1710 2725 τοὺς
1765 2662 1937 2728 ὁσίους

293 2745 476 2804 αὐτοῦ.
537 2739 685 2801 Ἐπεὶ
733 2740 777 2799 δ’
828 2745 923 2800 οὐκ
981 2743 1084 2801 οἶδ’
1143 2744 1289 2811 ὅπως
1377 2747 1732 2829 παραδραμὼν
1817 2752 1937 2815 τοὺς

293 2829 590 2909 ἐγείροντας
629 2832 695 2889 τὰ
738 2829 1002 2890 σκάνδαλα
1037 2832 1304 2910 μύλωνας,
1361 2838 1447 2893 καὶ
1499 2839 1566 2895 τὰ
1623 2837 1939 2918 διορισθέντα

291 2921 580 2985 κανονικῶς
663 2921 798 2977 κατὰ
879 2927 985 2978 τῶν
1081 2922 1455 3002 παραλυόντων
1540 2927 1937 3007 ἀπερισκέπτως

291 3009 563 3080 συνήθειαν
646 3011 852 3090 μακρὰν
934 3009 1382 3082 ἐκκλησιαστικὴν
1452 3014 1752 3087 οἱανδήτινα
1834 3021 1998 3094 (καὶσ

291 3099 487 3165 ταύτην
517 3098 616 3178 γὰρ
644 3113 859 3176 κρατεῖν
923 3101 996 3163 ὡς
1051 3102 1173 3164 τοὺς
1231 3102 1396 3167 θείους
1456 3106 1681 3171 κανόνας
1724 3129 1942 3183 νενομο-

292 3185 556 3267 θέτηται),
587 3189 675 3245 καὶ
704 3187 1032 3269 ὑπεραναϐὰς
1089 3193 1182 3247 τὸν
1241 3193 1500 3268 ὁρίζοντα,
1561 3193 1700 3251 θέλει
1763 3219 1938 3276 παρα-

293 3275 542 3334 σαλεῦσαι
599 3277 665 3333 τὰ
718 3286 810 3336 τοῦ
866 3279 1266 3358 χαρτοφύλακος
1318 3283 1600 3360 προνόμια,
1664 3286 1752 3341 καὶ
1813 3275 1940 3344 συν-

293 3366 426 3440 άψαι
467 3377 586 3429 τοῖς
629 3364 917 3434 ἑκδικικοτς
947 3367 1382 3449 λειτουργήμασι,
1441 3372 1577 3428 κατά
1631 3395 1776 3436 τινας
1820 3375 1942 3431 ἐτε-

291 3457 458 3535 ροφυῆ
510 3458 983 3537 συμμοσχεύοντας
1029 3459 1277 3534 σώματα,
1323 3461 1411 3516 καὶ
1468 3462 1597 3540 πρὸς
1654 3462 1941 3520 ἐπισύστα-

290 3564 374 3599 σιν
415 3549 510 3600 τοῦ
554 3545 745 3603 οἰκείου
770 3545 1092 3623 θελήματος,
1149 3548 1334 3605 κανόσι
1391 3554 1591 3628 χρῆται
1635 3553 1733 3617 τῆς
1791 3553 1940 3632 ἁγίας

289 3631 378 3688 καὶ
407 3633 772 3708 οἷκουμενικῆς
802 3635 1059 3714 τετάρτης
1104 3636 1341 3711 συνόδου,
1400 3639 1530 3715 πρὸς
1590 3637 1646 3695 δὲ
1696 3642 1784 3697 καί
1838 3663 1943 3698 τισι

291 3720 491 3797 ῥήμασι
522 3728 613 3778 τοῦ
668 3722 1022 3798 ἀποκειμένου
1067 3722 1270 3801 βιϐλίου
1323 3725 1378 3782 ἑν
1431 3731 1509 3802 τῷ
1550 3727 1786 3806 σεκρέτῳ
1853 3746 1948 3796 τοῦ

291 3811 431 3888 ἱεροῦ
472 3808 748 3892 ἐκδικείου,
814 3819 1052 3892 παριστῶ
1093 3815 1181 3870 καὶ
1235 3815 1390 3880 αὐτὸς
1445 3815 1530 3873 διὰ
1583 3823 1682 3886 τῆς
1738 3821 1942 3900 παρού-

293 3920 392 3964 σης
422 3902 629 3988 γραφῆς
661 3921 782 3979 μου,
816 3901 988 3967 καθὼς
1029 3899 1280 3978 ἠξίωμαι,
1340 3906 1406 3960 τὰ
1463 3913 1671 3983 τοῦτον,
1704 3909 1778 3972 ὡς
1809 3899 1946 3988 έγῶ-

294 4008 415 4066 μαι,
486 3984 698 4052 δικαίως
768 3989 1189 4068 ἐπιστομίζονται,
1238 3994 1324 4049 καὶ
1379 3995 1471 4050 τὸν
1526 3997 1663 4053 κατὰ
1732 4001 1942 4078 καιροὺς

296 4074 673 4180 χαυρτοφύλακα
741 4077 1047 4158 φιλαλήθως
1119 4080 1577 4158 ἀποσεμνύνοντα.
1652 4082 1787 4180 Ἀπὸ
1827 4074 1948 4147 ’τοῦ

2020 1937 2208 1997 ornati
2264 1923 2555 2014 doetrina,
2615 1923 3046 2020 supremasque
3107 1923 3659 2026 sanctissimaeJDei

2022 2024 2269 2115 "lajot'is
2284 2026 2573 2089 Ecclesiae
2593 2028 2913 2108 dignitates
2934 2029 3266 2115 gesserunt,
3284 2025 3461 2099 atque
3480 2023 3655 2115 etiam

2019 2111 2204 2194 aliqui
2232 2115 2628 2194 genuinorum
2659 2105 2720 2177 in
2753 2134 2978 2178 morem
3033 2112 3328 2195 pullorum
3359 2105 3656 2188 aquilino-

2019 2219 2152 2263 rum
2182 2206 2302 2265 alas
2335 2213 2739 2286 sumpserunt,
2769 2213 2825 2267 et
2857 2203 2932 2266 ad
2992 2217 3272 2281 magnum
3302 2197 3470 2286 illum
3499 2196 3657 2257 Gon-

2021 2292 2434 2374 stantinopolis
2469 2284 2750 2358 thronum
2801 2297 3198 2376 pervenerunt
3226 2308 3240 2350 :
3264 2375 3267 2376 ,
3294 2284 3660 2363 minimeque

2021 2377 2163 2442 dare
2193 2381 2409 2444 debeat
2464 2401 2732 2463 operam,
2763 2375 2829 2446 ut.
2883 2381 3057 2444 annis
3113 2375 3423 2440 hominum
3479 2389 3661 2453 prope

2023 2475 2369 2533 memoriam
2402 2473 2828 2536 excedentibus
2874 2470 3241 2543 conﬁrmata,
3289 2468 3662 2530 mutarentur

2022 2576 2138 2619 uno
2168 2558 2286 2632 die,
2321 2561 2620 2642 sepiarum
2648 2563 2711 2625 in
2731 2581 2956 2624 morem
2983 2568 3189 2640 ;atque
3219 2557 3300 2618 ita
3327 2550 3661 2642 periculose

2025 2656 2139 2708 tam
2172 2638 2500 2725 offendere,
2559 2671 2735 2734 quam
2775 2650 3038 2714 oﬂ‘endi:
3092 2638 3207 2710 sed
3262 2643 3412 2706 velle
3467 2638 3661 2738 potius

2022 2755 2229 2828 pacem
2250 2757 2428 2821 supra
2467 2745 2748 2824 populum
2781 2741 2913 2816 Dei,
2939 2747 2992 2801 el
3038 2739 3477 2828 suprasanctos
3505 2745 3658 2828 ejus.

2022 2824 2240 2890 Verum
2271 2831 2406 2909 quia
2438 2822 2636 2893 nescio
2666 2828 2962 2912 quomodo
3014 2822 3338 2888 molaribus
3392 2822 3660 2912 escitan-

2023 2914 2180 2977 tibus
2211 2908 2491 2981 scandala
2547 2908 2882 3000 praeteritis,
2919 2925 3096 2998 atque
3144 2912 3350 2976 itidem
3402 2908 3501 3000 iis,
3533 2923 3663 2986 Quae

2024 3006 2309 3068 canonice
2363 2996 2580 3070 sratuta
2635 3017 2779 3071 sunt
2851 2996 3136 3070 adversus
3222 2996 3662 3096 inconsiderate

2023 3095 2308 3159 violantes
2337 3115 2753 3180 quamcunque
2795 3097 3137 3160 diuturnam
3169 3086 3660 3154 consuetudinem

2024 3183 2488 3248 ecclesiasticam
2525 3188 2686 3268 (nam
2745 3195 2804 3248 et
2830 3186 2991 3247 illam
3024 3181 3274 3266 perinde
3307 3185 3494 3240 ratam
3528 3191 3661 3268 esse

2025 3272 2246 3335 debere
2279 3263 2570 3337 sancitum
2632 3286 2742 3351 est,
2805 3284 2981 3356 atque
3024 3263 3233 3334 sacros
3259 3263 3566 3360 canones)
3599 3271 3662 3360 e_t_

2025 3371 2371 3426 transcenso
2395 3366 2649 3445 denique
2672 3351 3310 3444 horizonle,privilegia
3325 3351 3667 3450 charllllaﬁii

2026 3462 2345 3516 concutere
2373 3454 2516 3530 vult,
2556 3443 2623 3517 et
2680 3473 2814 3516 cum
2871 3443 3278 3516 functionibus
3308 3443 3664 3509 defensoriis

2027 3542 2410 3622 conjungere,
2436 3562 2602 3606 more
2623 3542 3019 3624 quorundam,
3043 3537 3146 3620 qui
3167 3537 3414 3600 diversa:
3439 3537 3664 3592 naturae

2027 3649 2278 3712 corpora
2335 3632 2574 3694 sibimet
2635 3631 2956 3694 inserendo
3033 3628 3351 3710 copulant:
3400 3635 3666 3715 cumqtle

2030 3706 2284 3781 insiituti
2315 3721 2406 3782 sui
2436 3721 2727 3802 probandi
2758 3739 2954 3800 causa,
2980 3706 3199 3780 sanctae
3214 3723 3274 3778 et
3315 3706 3666 3804 universalis

2035 3816 2257 3889 quartae
2306 3811 2514 3891 synodi
2571 3808 2901 3872 canonibus
2975 3814 3189 3880 utatur,
3260 3821 3329 3864 ac
3387 3803 3666 3879 praesenti

2026 3897 2224 3960 verbis
2253 3899 2605 3980 quibusdam
2631 3918 2701 3964 ex
2724 3899 2892 3972 libro,
2918 3896 3022 3980 qui
3049 3901 3315 3958 servatur
3345 3891 3405 3950 in
3433 3891 3662 3982 secreto

2027 3987 2180 4050 sacri
2211 3988 2566 4051 defensorii:
2603 3990 2899 4070 proferam
2949 3995 3008 4049 et
3059 3985 3188 4067 ipse
3241 3983 3355 4043 hoc
3385 3981 3666 4061 praesenti

2029 4077 2274 4158 scripto,
2309 4078 2810 4160 quemadmodum
2843 4096 2876 4140 a
2907 4095 3004 4139 me
3035 4077 3281 4158 petitum
3306 4085 3419 4144 est,
3447 4081 3579 4160 quae
3599 4079 3666 4122 os

291 4157 383 4244 κγ’
407 4166 626 4255 κανόνος
655 4157 762 4225 τῶν
791 4169 844 4226 ἐν
876 4168 1176 4238 Χαλκηδόνι
1224 4157 1578 4230 συνελθόντων
1633 4165 1733 4254 χλ’
1786 4177 1939 4255 ἁγίων

2031 4157 2169 4228 huic
2202 4157 2448 4230 non—abs
2469 4186 2557 4243 re,
2584 4186 2716 4230 meo
2739 4167 2976 4249 quidem
2995 4157 3242 4247 judicio,
3269 4167 3409 4255 sunt
3429 4157 3668 4255 obtul'fl-

292 4253 562 4335 Πατέρων,
635 4258 849 4324 συκίνην
931 4258 1230 4338 ἐπικουρίαν
1283 4262 1312 4316 ὁ
1369 4244 1728 4338 πρωτέκδικος
1801 4244 1939 4320 ἰδιώ-

2033 4263 2196 4328 tura;
2259 4265 2318 4319 et
2374 4275 2512 4320 vere
2568 4244 2774 4319 cuivis'
2813 4275 2917 4337 pro
2970 4244 3238 4335 tempore
3300 4244 3660 4311 chartulario

292 4365 444 4418 σατο,
490 4345 648 4424 χάριν
705 4353 798 4403 τοῦ
847 4347 1036 4427 κρίνειν
1094 4346 1412 4428 ἰδιορυθμίας
1470 4350 1809 4425 μοναζόντων
1861 4355 1939 4410 καῖ

2033 4345 2469 4410 venerationem
2500 4345 2906 4411 conciliatura.
2931 4343 3114 4424 Igitur
3135 4361 3202 4403 ex
3246 4354 3474 4402 canone
3522 4343 3666 4394 χχιιι

293 4431 584 4510 κληρικῶν,
656 4436 744 4491 καὶ
834 4436 1125 4512 ἀνακρίνειν
1209 4437 1514 4514 ἀποδημίας
1597 4443 1791 4520 αὐτῶν,
1863 4445 1939 4498 καῖ

2032 4442 2374 4496 sanctorum
2412 4439 2666 4512 Patrum,
2703 4436 2807 4515 qui
2838 4434 3211 4498 Chalcedone
3235 4433 3661 4520 convenerunt,

293 4521 620 4601 κατακρίνειν
694 4527 768 4590 ὡς
851 4525 1099 4605 φυγαδίας
1175 4523 1580 4607 δουλοπρεπεῖς.
1663 4516 1788 4607 Πρδ
1850 4532 1939 4610 γὰρ

2031 4524 2314 4586 ﬁculnum
2343 4524 2680 4604 praesidium
2713 4525 2824 4586 sibi
2854 4524 3133 4610 defensor
3180 4516 3470 4610 quaesivit,
3501 4516 3664 4594 quasi

295 4611 480 4667 ἑκατὸν
513 4613 720 4691 χρόνων
752 4615 938 4693 μικρόν
967 4636 1016 4670 τι
1057 4612 1216 4670 πλέον
1269 4616 1305 4684 ἢ
1374 4615 1620 4691 ἔλαττον,
1677 4624 1769 4674 106
1824 4607 1939 4675 ἀοιέ-

2025 4611 2252 4692 judicet
2274 4611 2402 4693 ipse
2426 4612 2501 4674 de
2533 4612 2626 4687 iis,
2653 4632 2784 4693 quae
2799 4620 2936 4672 sunt
2957 4607 3574 4693 ofﬁciimonachorum
3609 4609 3668 4660 et

293 4696 446 4774 δίμου
486 4700 746 4776 βασιλέως
776 4703 866 4760 106
895 4700 1285 4780 ἰουστινιανοῦ,
1330 4714 1424 4764 106
1475 4706 1574 4773 τὴν
1625 4705 1939 4774 Ἐκκλησίαν

2025 4689 2404 4778 clericorum,
2439 4689 2723 4782 quasique
2753 4702 2827 4762 de
2859 4702 3069 4762 horum
3090 4689 3667 4779 peregrinationibus

292 4785 570 4867 ἀγακλεῶς
628 4792 1047 4870 ούρανώσαντος,
1118 4794 1146 4848 ὁ
1217 4800 1449 4860 τοιοῦτος
1524 4796 1697 4852 κανὼν
1778 4795 1940 4852 ἐκπε-

290 4898 556 4958 φωνηται,
615 4877 703 4934 ὅτε
744 4878 903 4958 λόγος
961 4882 1056 4938 οὒκ
1110 4879 1177 4948 ἦν
1247 4879 1464 4938 ἐκδίκων
1520 4881 1686 4939 ὄντων
1717 4884 1823 4940 ἀπὸ
1853 4892 1945 4942 τοῦ

291 4966 558 5041 βήματος,
642 4966 847 5024 λα’ίκῶν
930 4967 985 5024 δὲ
1067 4981 1188 5035 ταῖς
1271 4969 1577 5038 ἐκκλησίαις
1660 4969 1944 5048 διδομένων

293 5054 544 5133 ἑκάστοτε
571 5059 701 5133 πρὸς
733 5055 1023 5125 ἐκδίκησιν,
1073 5061 1172 5118 Καὶ
1212 5066 1366 5117 τοῦτο
1433 5057 1592 5128 δῆλόν
1653 5060 1792 5117 ἐστιν
1841 5061 1945 5118 ἀπὸ

294 5148 386 5196 τοῦ
437 5132 517 5199 σε’
559 5145 780 5210 κανόνος
825 5152 923 5214 τῆς
969 5145 1022 5202 ἐν
1083 5148 1389 5227 Καρθαγένη
1447 5146 1686 5226 συνόδου,
1759 5151 1947 5206 οὑτωσὶ

295 5226 572 5296 διεξιόντος
625 5233 798 5310 ῥητῶς
828 5252 843 5268 ο
900 5256 922 5290 ι
981 5237 1104 5313 Περὶ
1159 5226 1376 5295 ἔκδικων
1434 5239 1540 5294 τῶν
1611 5236 1945 5306 Ἐκκλησιῶν

294 5324 398 5373 τῶν
481 5320 799 5400 ὀφειλόντων
897 5322 1000 5381 ἀπὸ
1103 5326 1195 5382 106
1293 5325 1556 5404 βασιλέως
1639 5329 1942 5400 αἱτηθῆναι,

297 5406 563 5483 σύμπασιν
671 5407 840 5478 ἔδοξεν
949 5414 1161 5482 αἰτῆσαι
1271 5415 1378 5472 ἀπὸ
1478 5419 1584 5475 τῶν
1681 5416 1944 5495 βασιλέων

2025 4790 2311 4870 inquirat,
2343 4809 2563 4871 easque
2593 4789 2769 4851 veluti
2800 4788 3227 4869 mancipiorum
3260 4783 3494 4860 aufugia
3525 4799 3666 4842 cou-

2026 4879 2295 4942 demnet.
2356 4879 2650 4941 Nimirum
2711 4878 2881 4940 annis
2963 4877 3133 4957 paulo
3211 4877 3340 4956 plus
3400 4873 3668 4934 minusve

2027 4977 2267 5030 centum
2318 4976 2454 5029 ante
2536 4967 2931 5030 clarissimum
3016 4965 3184 5027 illum
3243 4964 3668 5045 imperatorem

2027 5057 2453 5138 Justinianum,
2515 5056 2616 5137 qui
2675 5057 2828 5118 hanc
2915 5055 3228 5118 ecclesiam
3298 5052 3704 5115 laudabiliter.

2029 5145 2196 5227 quasi
2221 5145 2475 5226 quodam
2509 5145 2738 5208 caelesti
2759 5163 2940 5226 opere
2998 5143 3344 5219 construxit,
3397 5142 3451 5204 is
3481 5160 3670 5204 canon

2031 5234 2362 5315 publicatus
2391 5233 2538 5297 fuit:
2572 5253 2687 5316 quo
2745 5242 3014 5316 tempore
3062 5232 3261 5294 nullus
3313 5239 3442 5294 erat
3473 5249 3669 5294 sermo

2031 5325 2104 5387 de
2135 5321 2546 5386 defensoribus
2597 5342 2667 5386 ex
2717 5323 2926 5385 ordine
2982 5339 3174 5402 sacro,
3233 5321 3337 5383 sed
3397 5319 3673 5384 ecclesiis

2029 5432 2268 5496 semper
2299 5413 2435 5476 laici
2488 5411 2859 5476 defensionis
2903 5429 3082 5475 causa
3135 5411 3449 5475 dabantur.
3482 5410 3673 5490 Atque

1603 5545 1866 5614 VARUE
1911 5545 2228 5614 LECTION
2241 5545 2352 5611 ES.

377 5674 440 5726 79
467 5676 740 5759 κατίχνια.
