4074 6212
471 327 617 398 1187

1875 326 1906 394 Ι
1914 329 2006 394 US
2044 321 2488 394 CANONICUM

3704 325 3860 402 H88

465 466 564 529 tiri
613 467 672 528 in
703 467 968 549 quinque
1020 474 1382 529 secretorum
1430 463 1706 544 religiosa
1735 463 2045 526 ratiocinia

2186 461 2326 518 θέσια
2359 481 2373 496 ·
2445 465 2534 520 καὶ
2602 463 2869 521 ἀναθεῖναι
2917 465 3019 533 τὴν
3073 465 3268 523 τούτων
3321 465 3578 533 διοίκησιν
3638 463 3832 521 διακο-

466 567 642 638 atque
700 557 910 618 horum
969 554 1549 616 administrationem
1609 554 1786 616 certis
1819 552 2106 614 ministris

467 645 862 708 committere.
886 643 1032 706 Nam
1075 643 1319 705 minime
1350 642 1739 704 conveniebat
1769 641 1962 723 ipsum
1997 659 2102 721 pa-

467 735 807 807 triarcham,
871 742 985 795 tam
1018 732 1334 812 insigniter
1386 733 1444 793 in
1503 731 1782 793 omnibus
1839 730 2102 810 speciem

466 823 669 906 sponsi
694 840 813 902 pra:
838 841 902 884 se
925 822 1239 893 ferentem,
1260 820 1535 900 occupari
1563 819 1867 881 tractando
1891 826 2104 889 rastro,

469 912 894 993 mancipiisque
925 910 1229 974 satiandis.
1261 909 1407 971 Inde
1427 909 1604 988 igitur
1641 909 1700 968 in
1737 908 1893 969 hunc
1923 925 2109 988 usque

465 1001 648 1079 diem,
671 1000 975 1081 aquinque
994 998 1350 1080 praesidibus
1373 1017 1519 1079 quos
1562 997 1942 1078 magistratus
1963 996 2106 1058 Exo-

463 1089 776 1152 catacaalos
805 1088 1079 1155 dicimus.
1118 1099 1392 1167 tanquam
1452 1105 1486 1147 a
1536 1086 1799 1166 quinque
1831 1085 2106 1146 sensibus

462 1181 589 1241 haec
621 1178 1138 1240 administrantur:
1169 1175 1449 1237 nimirum
1477 1191 1740 1253 amagno
1772 1193 2104 1250 (economo,

462 1287 495 1329 a
551 1286 762 1347 magno
821 1265 1154 1340 sacellario,
1217 1284 1250 1326 a
1309 1283 1520 1344 magno
1580 1263 2025 1343 scevophylace,
2072 1280 2106 1322 a

463 1355 841 1430 cbartulario,
878 1363 935 1417 et
965 1373 1034 1415 ea
1064 1353 1314 1434 praeside
1343 1352 1590 1414 sacellii.
1653 1355 1896 1431 Magnus
1951 1370 2078 1412 uaco

464 1464 676 1508 nomus
707 1443 1061 1526 praediorum
1095 1441 1634 1504 ecclesiasticorum
1671 1459 1871 1502 curam
1904 1441 2054 1518 gerit
2088 1457 2102 1502 :

466 1553 712 1613 magnus
769 1530 1113 1594 sacellarius
1171 1538 1286 1592 tam
1346 1531 1596 1603 urbana,
1653 1549 1827 1611 quam
1857 1529 2106 1591 ulterius

461 1625 571 1685 sita
606 1621 930 1684 monastica
961 1629 1128 1682 curat
1160 1620 1318 1700 (cum
1353 1619 1518 1681 urbis
1565 1619 1964 1700 imperatricis
1994 1619 2105 1681 de—

459 1714 614 1777 cima
636 1712 808 1774 tertia
828 1710 1019 1791 regio,
1043 1710 1118 1770 sit
1141 1710 1269 1790 ejus
1286 1710 1447 1788 regio
1473 1712 1784 1789 extrema),
1817 1709 1893 1770 de
1923 1707 2107 1770 sacris

461 1801 714 1865 cimeliis
732 1800 1020 1862 sollicitus
1047 1807 1136 1860 est
1157 1817 1402 1878 magnus
1425 1796 1525 1859 ille
1550 1816 1820 1858 vasorum
1852 1806 2047 1858 custos
2087 1817 2100 1857 :

460 1889 849 1952 ecclesiarum
879 1889 937 1950 in
997 1905 1238 1967 genere,
1298 1894 1472 1966 atque
1531 1886 1704 1946 etiam
1765 1885 2104 1965 amphyteu-

459 1980 614 2042 sium
696 1977 1148 2053 administratio,
1236 1993 1420 2056 penes
1480 1973 1706 2036 sacellii
1763 1974 2101 2055 praefectum

461 2076 571 2132 est.

538 2155 940 2222 Chartularius
963 2163 1156 2216 autem
1185 2173 1290 2235 pro
1312 2173 1416 2214 sua
1433 2160 1595 2234 parte
1617 2152 1777 2214 solus
1799 2171 1868 2215 ea
1884 2151 2102 2230 dirigit,

457 2266 590 2330 quae
607 2248 740 2326 jure
762 2245 1137 2326 pontificatus
1153 2243 1223 2304 ad
1252 2243 1642 2324 patriarcham
1677 2241 1998 2323 pertinent.
2038 2240 2106 2303 Et

463 2356 579 2418 quo
610 2335 851 2417 quidem
884 2341 1052 2414 pacto
1084 2340 1432 2394 caeterorum
1482 2341 1731 2412 quatuor
1788 2330 2100 2411 praesidum

465 2425 871 2488 institutiones
898 2441 1000 2485 seu
1031 2421 1356 2483 electiones
1394 2421 1521 2481 ﬁeri
1555 2419 1776 2481 debere
1811 2419 2100 2481 sancitum

461 2515 558 2588 sit,
583 2522 643 2577 et
665 2521 804 2594 quot
821 2531 952 2573 nam
970 2511 1220 2592 quilibet
1241 2512 1450 2572 horum
1473 2509 1865 2572 chartularios
1887 2508 2106 2570 laboris

463 2611 772 2664 consortes
794 2599 1029 2671 habeat,
1056 2608 1269 2678 quotve
1303 2616 1409 2659 suo
1434 2598 1491 2658 in
1519 2605 1748 2659 secreto
1778 2597 2100 2674 ministros,

462 2692 721 2752 alienum
756 2690 870 2751 hoc
899 2689 1030 2750 loco
1058 2687 1236 2748 fuerit
1273 2687 1495 2748 dicere.
1556 2685 1684 2747 Non
1717 2687 1876 2748 enim
1910 2687 1984 2748 de
2016 2686 2106 2747 bis

463 2780 620 2860 loqui
653 2797 810 2839 nunc
840 2776 1229 2838 instituimus.
1262 2774 1430 2849 Unde
1457 2793 1621 2848 vero,
1675 2783 1734 2836 et
1763 2775 2016 2854 qualiter
2045 2773 2103 2835 id

463 2865 864 2931 venerationis
905 2865 964 2926 in
1014 2863 1199 2943 signis
1231 2864 1666 2944 cbartophylaci
1699 2864 2010 2939 tribuatur,
2045 2873 2108 2924 ut

460 2976 526 3020 os
553 2966 608 3018 et
633 2974 838 3016 manus
861 2953 1211 3036 patriarchae
1233 2962 1625 3032 nuncupetur,
1656 2953 2100 3033 inquirendum.

460 3046 528 3109 Et
551 3044 688 3126 quia
710 3042 980 3105 nonnulli
1006 3059 1222 3102 nomen
1244 3041 1715 3128 chartophylacis
1739 3061 1806 3102 ex
1835 3060 1906 3102 eo
1939 3041 2100 3103 deri-

2187 3043 2526 3118 ωνυμίζεσθαι
2609 3047 2698 3103 τὸν
2781 3047 3160 3128 χαρτοφύλακα

461 3142 618 3214 vant,
643 3133 799 3214 quod
826 3129 1202 3193 membranas
1223 3127 1344 3190 sive
1365 3128 1602 3190 codices
1624 3130 1941 3190 custodiat:
1969 3137 2106 3191 ante

461 3224 662 3286 omnia
692 3220 1042 3292 tollendum,
1065 3217 1223 3300 quod
1246 3218 1386 3280 inde
1408 3218 1569 3279 nasci
1597 3226 1814 3300 posset,
1847 3219 2104 3280 scanda-

458 3313 604 3375 lum.
642 3309 1070 3391 Cbartophylax
1101 3325 1218 3370 non
1250 3317 1361 3388 est,
1392 3309 1474 3368 uti
1498 3307 1738 3389 quidam
1765 3307 2102 3388 perhibent,

463 3412 662 3464 custos
691 3398 930 3474 secreti,
966 3405 1025 3460 et
1045 3396 1269 3479 janitor
1325 3403 1484 3474 (nam
1530 3397 1886 3458 ostariorum
1939 3405 2105 3457 vetns

460 3509 531 3552 ea
549 3489 836 3572 professio
859 3489 993 3567 est),
1030 3486 1132 3549 sed
1154 3484 1404 3548 Idoneus
1427 3485 1650 3565 jurium
1681 3485 2101 3566 episcopalium

458 3589 716 3642 curator.
751 3577 848 3641 Sic
875 3577 1033 3638 enim
1061 3583 1120 3637 et
1149 3575 1660 3656 nomophylacem,
1684 3583 1743 3636 et
1772 3575 2098 3655 scevopby-

455 3670 645 3730 lacem
669 3676 1001 3730 castrorum
1018 3664 1308 3746 principis
1320 3663 1592 3725 dicumus.
1622 3662 1787 3736 Quod
1807 3666 1852 3725 si
1874 3663 2103 3726 fortiter

459 3758 572 3819 hoc
592 3755 920 3818 inficiautes
945 3762 1234 3835 quaerant,
1260 3753 1361 3833 qui
1388 3753 1512 3832 ﬁat,
1534 3761 1596 3813 ut
1615 3752 1864 3814 aliorum
1894 3771 1993 3814 sec
2030 3771 2099 3814 e-

456 3853 650 3908 torum
677 3843 1106 3924 praasides,non
1119 3841 1394 3903 dicantur
1407 3841 1837 3915 custodes,cum
1854 3841 2094 3921 quidem

455 3951 656 3996 rerum
687 3929 1199 3992 administratores
1252 3929 1371 3990 sint
1407 3949 1422 4004 ;
1482 3947 1586 3990 cur
1641 3947 1816 4002 unus,
1851 3947 2096 4008 magnus

456 4028 701 4083 vocetur
754 4034 1143 4096 oeconomus;
1193 4017 1367 4090 alius,
1423 4035 1668 4096 magnus
1726 4018 2092 4093 sacellarius,

457 4110 630 4186 alius,
654 4107 859 4170 sacelli
875 4106 1188 4187 przefectus
1213 4124 1228 4169 :
1253 4104 1516 4186 audiant,
1541 4106 1698 4167 idem
1724 4124 1858 4168 esse
1881 4125 2098 4168 nomen

457 4197 777 4277 (economi,
808 4194 1090 4276 custodis,
1123 4195 1416 4257 sacellarii
1447 4201 1504 4256 et
1558 4195 1780 4256 sasellii
1814 4195 2095 4276 praefecti.

457 4289 606 4351 Nam
630 4283 1102 4380 apudRomanos
1125 4281 1406 4380 sacellum
1429 4282 2031 4380 abadministratione
2044 4292 2101 4346 et
2123 4331 2166 4380 υ

455 4375 720 4439 custodia
745 4373 982 4436 dicitur.
1016 4375 1211 4454 Atque
1241 4372 1419 4434 etiam
1447 4372 1586 4434 hinc
1605 4372 1820 4434 sacella
1851 4373 2102 4454 patriar-

453 4463 662 4544 chalis,
695 4481 812 4544 qua
842 4461 1095 4523 maleﬁci
1112 4461 1547 4541 custodiuntur,
1584 4480 1702 4522 non
1731 4461 1969 4524 aliunde
1998 4480 2102 4542 ap-

453 4553 668 4635 pellata
697 4559 819 4632 est;
855 4549 1009 4613 sicut
1038 4559 1095 4612 et
1124 4549 1438 4631 saculium,
1473 4549 1828 4612 Sacellarius
1856 4550 2098 4631 quidem

453 4641 672 4704 dicitur
694 4640 1190 4702 monasteriorum
1213 4639 1656 4701 administrator
1678 4658 1692 4702 :
1721 4647 1778 4701 et
1791 4639 2100 4719 praefectus

453 4729 654 4793 sacelli
685 4728 1076 4802 deminutive,
1107 4728 1498 4790 ecclesiarum
1530 4729 1590 4788 in
1607 4745 1827 4807 genere
1844 4736 2098 4792 curator.

450 4816 739 4880 Caeterum
773 4836 846 4877 ne
878 4815 938 4876 hi
970 4816 1232 4898 quinque
1264 4815 1546 4896 praesides
1604 4833 1787 4876 unum
1820 4814 2102 4878 duntaxat

450 4906 743 4968 haberent
773 4922 1013 4979 nomen,
1075 4904 1301 4985 placuit
1347 4904 1718 4966 diversorum
1764 4903 2096 4966 ofﬁciorum

449 4993 946 5076 appellationibus
967 5010 1069 5054 eos
1082 4992 1401 5074 ampliores
1424 4993 1590 5054 reddi
1613 4985 1990 5065 debere.Qu'o
2009 4995 2095 5070 ﬁt,

449 5085 820 5147 utactionum
835 5082 1053 5144 finibus
1066 5082 1222 5143 idem
1238 5081 1917 5158 existentes,ofﬁcioruui
1935 5102 2101 5144 voca-

449 5172 604 5235 bulis
621 5172 1079 5249 distinguantur.
1123 5171 1246 5236 Hoc
1261 5171 1434 5233 modo
1449 5180 1613 5234 recte
1633 5171 1860 5233 sublato
1889 5170 2092 5244 dubio,

447 5262 604 5342 quod
634 5263 914 5324 adversus
936 5261 1454 5342 chartophylacem
1485 5261 1660 5323 tacite
1685 5260 1845 5322 nasci
1869 5269 2097 5342 poterat

445 5350 672 5432 reliqua
694 5351 872 5411 etiam
886 5350 1241 5413 declaranda
1256 5351 1741 5414 veniunt.Munus
1755 5351 2098 5412 chartularii

450 5439 670 5501 varium
701 5447 760 5501 et
789 5439 1097 5519 multiplex
1128 5447 1240 5501 est.
1289 5438 1519 5504 Idcirco
1548 5438 1959 5501 sanctissimus
1991 5458 2094 5520 pro

447 5535 715 5608 tempore
741 5526 1096 5609 patriarcha,
1122 5527 1554 5592 velutalterum
1578 5533 1918 5607 Aaronem,_
1935 5528 2096 5591 hunc

447 5615 746 5695 deligens,
770 5633 906 5678 cum
929 5618 1092 5680 Mose
1115 5617 1258 5680 dicit
1275 5618 1348 5680 ad
1373 5616 1689 5680 Dominum
1722 5635 1736 5680 :
1769 5617 2097 5701 «Inspiciat

2188 565 2404 618 νηταϊς.
2462 550 2590 610 Οὐδὲ
2633 553 2732 631 γὰρ
2776 550 2878 608 ἔδει
2935 555 3026 610 τὸν
3077 553 3244 618 οὕτως
3299 553 3575 633 ἀγακλεῶς
3609 552 3665 608 ἐν
3707 560 3843 609 πᾶσι

2188 639 2732 720 νυμφοστολούμενον,
2796 644 2914 721 περὶ
2990 644 3266 711 σκαπάνην
3341 643 3696 723 ἀσχολεῖσθαι
3761 645 3851 698 καὶ

2188 727 2385 786 δούλων
2416 731 2786 811 χορτάσματα.
2854 741 3048 790 Εκτοτε
3109 741 3234 812 γοῦν
3275 735 3362 790 καὶ
3402 733 3565 813 μέχρι
3618 743 3714 792 τοῦ
3758 739 3852 789 νῦν

2189 820 2329 897 παρὰ
2384 820 2536 876 πέντε
2594 821 3033 903 προκαθημένων,
3091 829 3195 879 τῶν
3270 822 3700 888 ἐξωκατακοίλων
3756 823 3850 900 ἂρ·

2193 909 2402 986 χόντων
2443 911 2602 990 φημὶ,
2663 913 2736 974 ὡς
2793 913 2895 968 ὑπὸ
2951 911 3107 968 πέντε
3161 913 3451 982 αἰσθήσεων
3507 914 3655 968 ταυτὶ
3711 909 3854 974 διεξ-

2193 997 2406 1073 άγονται
2437 1013 2454 1030 '
2514 997 2678 1077 ἤγουν
2732 1007 2824 1056 τοῦ
2855 999 3087 1078 μεγάλου
3129 1002 3426 1076 οἰκονόμου,
3469 1008 3561 1058 τοῦ
3603 998 3850 1079 μεγάλου

2190 1084 2562 1167 σακελλαρίου,
2620 1099 2713 1148 τοῦ
2757 1088 2992 1167 μεγάλου
3033 1089 3452 1170 σκευοφυλακος,
3482 1097 3576 1147 τοῦ
3630 1111 3850 1169 χαρτο-

2191 1173 2444 1256 φύλακος⁷
2501 1177 2586 1232 καὶ
2650 1179 2742 1234 τοῦ
2794 1177 3094 1241 σακελλξου,
3159 1181 3256 1237 Καὶ
3309 1178 3426 1258 ἕχει
3483 1181 3586 1234 τῶν
3643 1177 3848 1244 ἐκκλη-

2189 1273 2474 1321 σιαστικῶν
2529 1267 2819 1342 κτημάτων
2882 1270 2979 1336 τὴν
3035 1271 3306 1349 πρόνοιαν,
3365 1271 3394 1324 6
3451 1267 3616 1347 μέγας
3688 1269 3847 1324 οἶκο-

2188 1351 2350 1427 νόμος
2384 1369 2400 1385 ⁸
2463 1361 2569 1410 τῶν
2625 1357 2760 1412 κατὰ
2818 1355 2997 1437 πόλιν,
3056 1359 3141 1413 καὶ
3184 1363 3290 1414 τῶν
3331 1361 3625 1436 περατικῶν
3676 1377 3850 1431 μονα-

2190 1441 2417 1519 στηρίων
2473 1443 2571 1510 τὴν
2641 1445 2899 1525 μέριμναν
2984 1443 3426 1524 (τρισκαιδέκατος
3485 1446 3582 1524 γὰρ
3639 1444 3847 1524 ῥεγεὼν

2188 1536 2284 1598 τῆς
2315 1531 2695 1607 βασιλευούσης
2737 1542 2843 1592 τῶν
2870 1534 3100 1616 πόλεων,
3133 1538 3167 1604 ἡ
3208 1535 3400 1614 περαία
3429 1534 3622 1599 ταύτης
3653 1534 3846 1612 ἐστὶν)⁸

2191 1623 2217 1676 ὁ
2248 1619 2414 1698 μέγας
2445 1621 2789 1703 σακελλάριος
2825 1643 2839 1658 ·
2886 1631 2992 1681 τῶν
3033 1628 3185 1704 ἱερῶν
3227 1622 3519 1700 κειμηλίων
3568 1623 3667 1689 τὴν
3709 1622 3845 1678 ἐπι-

2190 1707 2430 1784 μέλειαν,
2504 1712 2532 1767 6
2591 1711 2756 1790 μέγας
2825 1712 3145 1794 σκευοφόλαξ
3180 1728 3192 1741 ’
3242 1713 3330 1769 καὶ
3385 1718 3493 1769 τῶν
3540 1709 3844 1768 καθολικῶν

2188 1796 2508 1878 ἐκκλησιῶν,
2538 1802 2669 1878 πρὸς
2699 1799 2753 1857 δὲ
2781 1803 2868 1858 καὶ
2889 1808 2992 1858 τῶν
3029 1801 3390 1882 ἐμφυτεύσεων
3419 1801 3518 1867 τὴν
3550 1797 3837 1878 διοίκησιν³

2189 1888 2217 1942 ὁ
2247 1886 2544 1951 σακελλίου,

2275 2144 2332 2212 ’0
2390 2152 2444 2210 δὲ
2497 2155 2833 2237 χαρτοιρύλαξ
2900 2159 3195 2216 κατευθύνει
3253 2163 3561 2236 μονομερῶς
3629 2157 3695 2211 τΞι
3754 2163 3838 2231 τῷ

2188 2243 2516 2326 ⁸πατριάρχῃ,
2587 2243 2770 2321 δικαίῳ
2854 2252 2954 2315 τῆς
3042 2247 3458 2326 ἀργιερωσύνης,
3540 2244 3831 2314 ἀνήκοντα,

2191 2318 2386 2395 ιὈπωις
2430 2333 2527 2407 μὲν
2571 2334 2660 2390 οὗν
2716 2318 2820 2391 τῶν
2877 2335 3050 2394 ἄλλων
3077 2318 3360 2416 ’τεσσάρων
3419 2318 3834 2413 προκαθημένων

2185 2421 2279 2483 τὰς
2362 2419 2680 2500 προϐλήσεις
2762 2426 3056 2482 τετύπωται
3141 2426 3393 2505 γίνεσθαι,
3479 2424 3565 2480 καὶ
3634 2423 3836 2486 πόσους

2185 2508 2408 2567 ἓκαατον
2463 2512 2661 2568 τούτων
2717 2511 2831 2592 ἔχει
2889 2513 3302 2594 χαρτουλαρίους
3353 2517 3446 2570 τοῦ
3486 2513 3651 2569 κόπου
3693 2532 3834 2586 συμ-

2187 2599 2460 2679 μεριστὰς,
2531 2603 2624 2656 καὶ
2684 2604 2883 2666 πόσους
2938 2605 3268 2683 σεκρετικοὺς
3324 2601 3662 2674 διακονητᾶς,
3738 2602 3833 2655 οὒκ

2188 2685 2295 2742 ἔστι
2349 2685 2523 2766 λέγειν
2581 2691 2787 2772 καιρός.
2848 2689 2976 2750 Οὐδὲ
3031 2693 3132 2772 γὰρ
3205 2693 3323 2771 περὶ
3392 2692 3588 2749 τούτων
3657 2691 3834 2745 εἰπεῖν

2185 2775 2527 2854 προεθέμεθα.
2591 2767 2754 2837 υΟθεν
2812 2778 2890 2854 δὲ,
2934 2767 3221 2846 καὶ-ὅπως
3277 2767 3306 2837 6
3365 2776 3698 2860 χαρτοφύλαξ
3749 2798 3836 2832 σε-

2188 2863 2531 2944 μνολογεϊται
2559 2868 2916 2944 πανευκλεῶς,
2976 2873 3062 2927 καὶ
3119 2869 3367 2927 καλεῖται
3424 2876 3516 2924 τοὺ
3567 2868 3835 2945 πατριάρ-

2187 2975 2290 3033 χου
2347 2954 2518 3030 στόμα
2572 2958 2658 3013 καὶ
2715 2960 2853 3038 χεὶρ,
2901 2959 3184 3030 ζητητέον,
3244 2956 3393 3016 Ἐπεὶ
3449 2957 3504 3013 δέ
3532 2978 3666 3020 τινες
3691 2978 3839 3034 παρ-

3261 3046 3497 3104 θέλουσιν
3598 3045 3658 3102 ἐκ
3741 3052 3840 3101 τοῦ

2187 3129 2461 3211 φυλάττειν
2544 3133 2847 3214 μεμϐράνας
2944 3136 3062 3205 ἤτοι
3147 3135 3385 3212 κωδίκια,
3471 3135 3838 3216 περιαιρετέον

2185 3222 2287 3299 πρὸ
2333 3222 2545 3279 πάντων
2599 3225 2660 3281 τὸ
2692 3213 2776 3281 γέκ
2829 3226 3013 3285 τούτου
3083 3226 3339 3306 φυόμενον
3408 3213 3722 3282 σκάνδαλον.
3779 3213 3838 3279 Ὀ

2188 3309 2521 3388 χαρτοφύλαξ
2552 3313 2646 3369 οὒκ
2691 3312 2853 3394 ἔστιν²
2913 3314 2986 3380 ὥς
3043 3336 3179 3380 τινες
3232 3313 3499 3393 λέγαυσιν²
3546 3310 3709 3392 φύλαξ
3743 3318 3840 3368 τοῦ

2187 3398 2453 3477 σεκρέτου,
2513 3402 2599 3458 καὶ
2652 3405 2879 3484 θυρωρὸς
2971 3403 3148 3484 (τουτο
3219 3405 3318 3484 γὰρ
3392 3404 3496 3459 τῶν
3550 3402 3840 3479 ὀστιαρίων

2188 3485 2420 3566 ἀρχαῖον
2449 3488 2784 3571 ἐπάγγελμα)
2817 3512 2832 3528 ⁶
2879 3492 3238 3550 ἐπισκοπικῶν
3295 3490 3349 3546 δὲ
3392 3489 3604 3546 δικαίων
3663 3510 3838 3568 φρον-

2183 3575 2369 3642 τιστὴς
2411 3576 2727 3659 ἀξιόμαχος.
2787 3580 2936 3638 Οὕτω
2987 3582 3086 3660 γὰρ
3140 3581 3228 3637 καὶ
3284 3578 3578 3658 νομοφύλαξ
3633 3576 3840 3634 καλεῖ-

2180 3687 2289 3746 ται,
2363 3668 2451 3723 καὶ
2521 3668 2840 3749 σκευοφυλαξ
2898 3668 3246 3749 στρατοπέδου
3309 3667 3607 3746 βασιλικοῦ.
3668 3668 3727 3724 Εἰ
3790 3662 3839 3722 δ’

2183 3755 2639 3838 ἀπισχυρίζονται,
2696 3762 2810 3822 πῶς
2876 3766 2982 3816 τῶν
3052 3758 3226 3816 ἄλλων
3295 3756 3552 3837 σεκρέτων
3593 3758 3642 3813 οἱ
3699 3777 3837 3835 προ-

2177 3846 2464 3920 καθήμενοι
2547 3845 2773 3926 φύλακες
2855 3848 2912 3905 οὗ
2979 3848 3450 3924 κατονομάζονται,
3509 3847 3596 3901 καὶ
3663 3855 3840 3903 ταῦτα

2179 3934 2504 4011 πραγμάτων
2586 3933 2731 4000 ὄντες
2803 3934 3065 4002 διοικηταί
3100 3953 3113 3968 ⁶
3202 3934 3322 3991 ἀλλ’
3382 3937 3410 3992 6
3479 3935 3602 4011 μὲν,
3659 3933 3839 4010 μέγας

2181 4021 2455 4098 οἰκονόμος
2485 4021 2729 4084 καλεῖται
2763 4043 2776 4059 ⁸
2837 4027 2866 4081 6
2923 4023 3002 4097 δὲ,
3049 4024 3214 4103 μέγας
3245 4023 3587 4102 σακελλάριος
3620 4037 3636 4052 ⁸
3691 4024 3720 4078 δ
3749 4020 3836 4098 δὲ,

2181 4109 2458 4168 σακελλίου
2493 4127 2506 4142 ⁸
2556 4112 2952 4188 ἀκουσάτωσαν,
3025 4116 3099 4177 ὡς
3156 4115 3342 4170 ταυτόν
3429 4113 3568 4169 ἐστιν
3622 4113 3832 4186 εἰπεῖν,

2182 4199 2479 4276 οἰκονόμον,
2525 4200 2754 4282 φύλακα,
2813 4201 3180 4282 σακελλάριον,
3244 4204 3327 4258 καὶ
3379 4203 3472 4259 τὸν
3525 4199 3839 4263 σακελλίου,

2188 4290 2332 4368 Παρὰ
2388 4290 2488 4368 γὰρ
2542 4291 2662 4355 τοῖς
2713 4282 2989 4368 Ῥωμαίοις
3049 4289 3327 4367 σάκελλον,
3379 4291 3519 4369 παρὰ
3570 4290 3630 4345 τὸ
3688 4287 3839 4344 διοι-

2182 4390 2298 4434 κεῖν
2355 4379 2442 4433 καὶ
2483 4377 2760 4457 φυλάττειν
2810 4379 2941 4439 ἐστί.
2991 4380 3087 4437 Καὶ
3128 4381 3162 4447 ἡ
3219 4381 3339 4442 τοὺς
3398 4378 3720 4456 κακούργους
3768 4375 3832 4433 δὲ

2181 4464 2510 4544 φυλάττουσα
2579 4469 2940 4548 πατριαρχική
2989 4466 3221 4535 σακέλλη
3293 4467 3546 4542 ἐντεῦθεν,
3604 4468 3695 4522 καὶ
3734 4467 3840 4523 οὐκ

2181 4550 2400 4610 ἄλλοθεν
2455 4557 2884 4632 μετωνόμσσται,
2927 4556 3104 4635 ὥσπερ
3159 4554 3225 4622 δὴ
3268 4556 3355 4612 καὶ
3407 4557 3470 4611 τὸ
3523 4552 3836 4616 σακούλιον.

2182 4639 2403 4718 Λέγεται
2433 4651 2556 4720 γοῦν
2612 4642 2976 4720 σακελλάριος,
3052 4647 3080 4700 6
3135 4644 3241 4700 τῶν
3292 4643 3658 4722 μοναστηρῖων
3702 4640 3840 4699 διοι-

2182 4731 2354 4800 κητής
2389 4744 2404 4760 ⁸
2451 4733 2538 4788 καὶ
2566 4734 2594 4788 6
2645 4731 2921 4790 σακελλίου
2961 4734 3398 4812 ὑποκοριστικῶς,
3457 4734 3486 4788 ὁ
3543 4731 3648 4787 τῶν
3706 4736 3842 4788 καθ-

2183 4817 2376 4875 ολικῶν
2419 4818 2718 4887 ἐκκλησιῶν
2774 4809 3141 4901 φροντιστής..
3177 4809 3301 4879 Ἵνα
3353 4809 3408 4876 δὲ
3461 4822 3497 4888 ἡ
3539 4820 3641 4876 τῶν
3697 4842 3839 4899 προ-

2181 4907 2492 4984 καθημένων
2586 4911 2780 4974 πεντὰς
2866 4912 2942 4986 μὴ
3021 4914 3471 4980 ταυτωνυμίζηται
3503 4954 3518 4985 ,
3622 4909 3836 4986 ὦρισθη

2181 4993 2427 5076 διαφόραν
2522 4997 2777 5077 ὁιρςρικίων
2859 4998 3109 5073 ὀνόμασιν
3193 4998 3354 5064 αὐτὴν
3426 4997 3830 5076 μεγεθόνεσθαι,

2182 5088 2268 5159 Τῷ
2297 5107 2376 5142 τοι
2421 5088 2506 5142 καὶ
2548 5087 2898 5162 ταυτιζομένη
2943 5094 3047 5143 τῶν
3111 5089 3389 5165 ἓνεργειῶν
3442 5098 3560 5152 τοῖς
3615 5085 3834 5143 ἀποτε-

2180 5172 2427 5250 λέσμασι,
2503 5175 2763 5254 μερίζεται
2818 5182 2923 5232 τῶν
3007 5177 3263 5256 ὀφιρικίων
3341 5187 3464 5238 ταῖς
3541 5173 3832 5244 κλήσεσιν.

2177 5263 2326 5320 Οὕτω
2379 5270 2506 5342 γοῦν
2562 5262 3000 5344 περιαιρουμένης
3042 5263 3244 5341 καλῶς,
3291 5269 3390 5330 τῆς
3454 5262 3512 5318 ἐκ
3575 5268 3675 5330 τῆς
3737 5288 3839 5342 τρυ-

2176 5351 2344 5420 λακῆς
2412 5350 2880 5428 ὑποκλεπτομένης
2938 5353 3189 5431 ἂσαφείας
3264 5354 3401 5409 κατὰ
3454 5361 3545 5410 τοῦ
3612 5373 3834 5430 χαριτο-

2178 5439 2428 5520 φύλακος,
2498 5442 2844 5521 σαφηνιστέον
2903 5443 2991 5498 καὶ
3032 5443 3099 5498 τὰ
3153 5439 3339 5503 λοιπά.
3398 5448 3501 5500 Τοῦ
3555 5443 3836 5520 χαρτοςρύ-

2178 5528 2363 5607 λακος,
2435 5531 2470 5598 ἡ
2527 5529 2759 5610 ἐνέργεια
2814 5527 3096 5598 πολυειδὴς
3141 5530 3230 5587 καὶ
3299 5525 3630 5608 πολυσχιδής
3685 5529 3830 5591 ἐστι.

2182 5621 2274 5676 Διὸ
2304 5621 2391 5676 καὶ
2420 5622 2447 5676 6
2497 5621 2631 5676 κατὰ
2687 5620 2901 5703 καιροὺς
2960 5620 3253 5698 ἁγιώτατος
3323 5617 3688 5698 πατριάρχης,
3755 5622 3834 5689 ὡς

2465 5841 2520 5860 μ
