4074 6212
295 306 452 378 1189

1610 293 2318 376 GRIECO—ROMANUM.

3519 303 3678 372 1190

288 445 450 504 ἄλλον
481 445 685 528 Ἀαρὼν
744 457 926 507 τοῦτον
971 446 1371 527 ἐπιλεγόμενος,
1421 447 1563 526 λέγει
1620 449 1754 522 μετὰ
1797 453 1928 503 Μω-

2012 435 2305 499 Dominus
2349 435 2510 498 Deus
2567 443 2796 517 patrum
2851 445 3216 519 nostrorum,
3279 448 3338 501 et
3382 440 3671 502 universae

287 535 419 602 σέως
480 539 612 612 πρὸς
660 538 846 616 Κύριον
885 580 900 596 .
955 558 977 592 ο
1031 534 1438 612 Ἐπισκεψᾶσθω
1485 537 1671 614 Κύριος
1730 539 1758 593 ὃ
1816 536 1942 600 Θεὸς

287 627 394 681 τῶν
435 625 680 706 πατέρωδ
731 627 818 682 καὶ
861 626 1040 694 πάσης
1105 629 1320 705 σαρκὸς,
1367 625 1638 706 ἄνθρωπον
1706 627 1793 682 ἐπὶ
1845 624 1940 692 τῆς

290 719 604 794 συναγωγῆς
650 715 875 790 ταύτης,
927 715 1073 780 ὅστις
1128 714 1450 780 ἐξελεύσεται
1493 714 1598 770 ἀπὸ
1661 714 1942 793 προσώπου

292 801 446 878 ἐμοῦ,
483 827 511 857 ι
546 804 633 860 καὶ
675 802 820 868 ὅστις
855 802 1204 860 εἰσελεύσεται
1263 805 1364 880 πρὸ
1417 803 1700 882 προσώπου
1744 801 1940 873 «eum,

293 893 381 948 καὶ
423 890 567 956 ὅστις
638 890 827 958 εἰσάξει
899 892 1083 955 αὐτοὺς
1133 895 1206 956 ὡς
1259 891 1379 971 ἐμὲ,
1437 893 1524 947 καὶ
1580 890 1723 955 ὅστις
1779 887 1941 955 ἐξάξει

296 981 482 1044 αὐτοὺς
544 978 596 1046 ἐξ
658 981 787 1057 ἐμοῦ
820 999 834 1013 ’
892 982 980 1038 καὶ
1037 981 1203 1044 οὕτως
1261 980 1520 1048 ἐπιτίθησι
1577 981 1671 1043 τὰς
1749 992 1940 1058 χεῖρας

292 1071 451 1128 αῦτοῦ
481 1069 565 1126 ἐπ’
596 1070 776 1146 αὐτὸν,
809 1072 896 1126 καὶ
951 1068 1156 1126 δίδωσιν
1200 1074 1342 1144 αὖτῴ
1393 1070 1490 1136 τὴν
1550 1066 1700 1133 δόξαν
1759 1071 1938 1143 αὐτου,

294 1157 440 1224 ὅπως
507 1158 766 1216 ἀκούωσιν
835 1159 994 1217 αὒτοῦ
1059 1163 1105 1216 οἱ
1161 1161 1259 1217 υἱοὶ
1329 1157 1569 1238 Ἰσραήλ.
1623 1157 1938 1237 Ἐγχειρίζει

293 1248 463 1323 τούτῳ
504 1249 592 1306 καὶ
643 1259 871 1329 χρυσοῦν
929 1251 1002 1313 ὡς
1059 1246 1119 1306 ἄν
1176 1272 1255 1314 τις
1300 1247 1445 1305 εἴποι
1489 1245 1785 1319 δακτύλιον,
1831 1268 1936 1304 κα-

294 1337 398 1401 θὼς
455 1338 579 1394 εἶπε
636 1339 821 1417 Κύριος
876 1339 1005 1417 πρὸς
1064 1343 1264 1404 Μωσῆν
1299 1357 1311 1370 ·
1388 1338 1474 1393 καὶ
1545 1335 1812 1406 ἐπιθήσεις
1875 1335 1936 1390 τὸ

292 1423 506 1504 λογεῖον
549 1425 634 1482 ἐπὶ
666 1428 727 1482 τὸ
770 1430 961 1496 στῆθος
1013 1433 1105 1483 τοῦ
1147 1424 1370 1507 Ἀαρὼν,
1421 1427 1506 1482 καὶ
1561 1426 1805 1495 ποιήσεις
1847 1423 1932 1480 δα·

291 1512 502 1572 κτύλιον
581 1521 832 1594 χρυσοῦν,
913 1516 1002 1572 καὶ
1069 1514 1550 1596 συναρμολογήσεις
1621 1515 1776 1572 αὑτὸν
1846 1522 1937 1572 τοῦ

292 1603 510 1682 Λογείου
577 1618 696 1668 τοῖς
755 1604 1012 1684 χείλεσιν,
1073 1603 1153 1683 ἐφ’
1219 1609 1265 1680 ᾧ
1318 1602 1385 1660 δι’
1444 1608 1599 1663 αὐτοῦ
1653 1609 1760 1659 τῶν
1813 1605 1936 1661 υἱῶν

293 1690 508 1771 Ἰσραὴλ
546 1692 935 1773 ἀπογράφεσθαι
1004 1695 1064 1750 τὸ
1109 1695 1366 1770 ὀνόματα.
1434 1701 1597 1757 Ποτος
1657 1691 1711 1748 δὲ
1784 1691 1933 1756 οὗτός

291 1780 449 1861 ient;
507 1783 579 1839 Τὸ
633 1784 1018 1862 πατριαρχικὸν
1073 1781 1486 1862 βουλλωτήριον,
1543 1783 1604 1838 τὸ
1661 1781 1802 1859 παρὰ
1857 1788 1936 1856 τῷ

291 1871 471 1939 στήθει
519 1877 610 1927 τοῦ
672 1870 1074 1950 χαρτοφύλακος
1131 1872 1544 1952 ἀπῃωρημένον,
1619 1874 1694 1935 ὡς
1753 1869 1932 1950 εἴωθε,

2026 526 2242 604 carnis,
2276 523 2580 585 hominem
2608 524 2670 586 in
2701 525 2812 587 hoc
2863 532 3043 608 ctetu,
3095 526 3198 607 qui
3248 529 3583 607 egrediatur
3636 549 3670 590 a

2024 610 2175 672 facie
2207 630 2361 685 mea,
2401 637 2427 667 ιο
2465 622 2522 674 et
2549 613 2916 694 ingrediatur
2945 625 3082 677 ante
3106 616 3318 678 faciem
3349 635 3578 698 eorum,
3610 628 3666 680 et

2024 699 2362 764 introducat
2379 721 2482 764 eos
2501 703 2575 763 ad
2599 722 2720 778 me,
2745 714 2803 767 et
2819 704 3072 766 abducat
3093 723 3196 766 eos
3220 723 3254 766 a
3277 723 3406 767 me:
3454 705 3668 787 quibus

2025 788 2220 863 dictis,
2255 809 2464 851 manus
2495 791 2548 853 ei
2578 810 2714 853 suas
2747 794 3019 874 imponit,
3056 801 3114 855 et
3158 793 3258 855 dat
3309 795 3362 856 ei
3421 794 3667 874 gloriam

2025 895 2217 959 suam,
2245 886 2308 940 ut
2324 879 2568 941 audiant
2588 899 2724 941 eum
2747 881 2854 942 filii
2899 880 3156 946 Israelis.
3184 881 3372 945 Etiam
3399 882 3453 945 ei
3476 884 3668 964 porri-

2025 965 2109 1043 git
2135 967 2197 1027 in
2231 985 2470 1028 manum
2501 969 2786 1030 annulum
2815 988 3083 1044 aureum,
3117 973 3270 1032 sicut
3301 979 3358 1033 et
3384 970 3669 1035 Dominus

2023 1054 2096 1116 ad
2107 1058 2333 1117 Mosem
2361 1053 2507 1117 dixit
2533 1075 2546 1120 :
2569 1057 2640 1118 Et
2661 1058 2738 1118 im
2747 1077 2931 1139 pones
2955 1059 3264 1122 Rationale
3278 1077 3459 1141 super
3473 1059 3664 1123 Aaro-

2023 1143 2117 1204 nis
2149 1153 2375 1224 pectus,
2413 1154 2470 1207 et
2496 1147 2778 1208 annulum
2836 1147 3018 1210 facies
3067 1167 3311 1210 aureum
3345 1159 3403 1211 et
3431 1169 3668 1212 accom-

2021 1231 2290 1293 modabis
2323 1252 2458 1295 eum
2491 1234 2671 1296 labris
2701 1234 2888 1316 ipsius
2918 1236 3269 1314 Rationalis,
3301 1245 3363 1298 ut
3393 1257 3499 1319 per
3528 1257 3662 1301 eum

2018 1320 2264 1382 nomina
2293 1321 2550 1384 filiorum
2580 1322 2820 1386 Israelis
2851 1324 3286 1388 describantur.
3315 1325 3387 1388 Et
3418 1327 3660 1408 quinam

2016 1408 2077 1470 id
2091 1417 2181 1472 est
2201 1409 2232 1470 ‘?
2251 1410 2652 1476 Patriarchale
2670 1413 3070 1492 bulloterium,
3091 1434 3199 1495 pro
3222 1433 3384 1478 more
3405 1435 3660 1497 suspen-

2018 1517 2147 1559 sum
2172 1500 2244 1560 ad
2267 1501 2610 1563 chartularii
2641 1513 2865 1581 pectus,
2891 1507 3331 1584 receptaculum
3357 1504 3535 1567 studii
3555 1507 3662 1568 do-

2017 1587 2340 1649 ctrinarum
2363 1591 2553 1652 omnis
2565 1592 2821 1670 generis,
2852 1593 3071 1673 (dignis
3086 1592 3270 1669 enim,
3293 1593 3449 1674 quod
3473 1594 3658 1675 aiunt,

2017 1677 2402 1740 concedenda
2418 1680 2899 1761 suntdignitates)
2912 1682 3460 1763 ,quointernecivos
3472 1684 3663 1744 munit

2019 1783 2154 1826 cum
2179 1766 2372 1846 sigillo
2395 1777 2451 1830 et
2471 1770 2682 1847 gratia,
2707 1780 3048 1851 peccatores
3066 1773 3500 1836 convertitcum
3523 1773 3658 1834 stilo

2017 1862 2077 1918 et
2094 1865 2452 1931 atramento,
2477 1867 2742 1936 gravatos
2771 1859 3190 1922 afflictionibus
3228 1860 3494 1924 defendit
3522 1880 3654 1924 cum

287 1955 485 2037 δοχείῳ
551 1941 899 2027 καθεστηκότι
959 1958 1174 2040 λογικοῦ
1217 1941 1478 2018 ’παντοίου
1534 1941 1929 2034 σπουδάσματος

2016 1941 2227 2040 baculo
2251 1954 2315 2040 et.
2334 1947 2546 2021 fistula,
2573 1948 2782 2040 dignos
2803 1948 3068 2027 denique
3089 1949 3334 2040 spiritus
3355 1950 3657 2040 donissa-

286 2033 436 2122 (Tot;
493 2048 591 2128 γὰρ
660 2046 843 2124 ἀξίοις,
903 2033 1054 2129 φησὶ,
1128 2047 1305 2107 δοτέον
1371 2049 1437 2105 τὰ
1493 2033 1784 2124 ἀξιώματα)
1865 2045 1929 2102 δι³

2015 2033 2412 2129 cerdotalibus
2443 2037 2625 2129 afficit
2657 2054 2676 2129 ι
2734 2037 2872 2129 dum
2910 2055 3033 2129 Aeos
3092 2039 3196 2129 qui
3225 2046 3388 2100 extra
3408 2039 3655 2129 gradum

287 2137 349 2190 οὗ
415 2123 573 2200 τοὺς.
608 2123 928 2218 ὀλοθρευτὰς
983 2137 1318 2220 ἀσφαλίζεται
1398 2139 1489 2194 σὺν
1544 2123 1791 2218 σφραγῖδι
1848 2138 1929 2193 καὶ

2018 2123 2786 2220 constituti.sunttclericos
2815 2125 2994 2220 facit;
3022 2127 3219 2220 gradu
3246 2127 3657 2220 compraehen-

287 2224 492 2303 χάριτι,
521 2226 642 2290 τοὺς
700 2212 1075 2306 ἁμαρτωλοὺς,
1101 2227 1396 2307 ἐπιστρέφει
1453 2227 1543 2284 σὺν
1586 2212 1790 2306 γραφίδι
1847 2227 1929 2282 καῖ

2018 2227 2137 2290 sos,
2193 2212 2446 2307 perficit.
2507 2213 2631 2307 Hoc
2686 2213 3100 2295 patriarchalia
3154 2214 3439 2278 describit
3468 2224 3526 2307 et
3558 2216 3658 2278 dat

288 2311 498 2388 μέλανι,
571 2315 692 2380 τοὺς
741 2316 1230 2391 καταπονουμένους
1288 2313 1540 2372 διεκδικεϊ
1587 2316 1678 2371 σὺν
1721 2315 1929 2391 βακτη-

2017 2301 2389 2380 stauropegia
2403 2321 2509 2381 per
2528 2303 2868 2365 universum
2889 2323 3072 2385 prope
3099 2313 3389 2367 terrarum
3421 2304 3650 2383 orbem,

287 2400 370 2479 ρίᾳ
425 2403 511 2458 καὶ
569 2405 796 2483 σύριγγι,
856 2405 942 2460 καὶ
995 2405 1114 2468 τοὺς
1171 2403 1340 2470 ἀξίους
1393 2411 1469 2479 τῷ
1515 2404 1772 2478 πνεύματι
1829 2424 1929 2482 χα-

2016 2406 2085 2449 ac
2118 2391 2434 2452 multarum
2470 2392 2702 2454 urbium
2740 2393 3144 2457 ecclesiastica
3163 2395 3354 2476 capita
3375 2395 3652 2457 transfert

286 2490 558 2568 ρισμάτων
626 2496 899 2572 ἱερατικῶν
962 2491 1103 2558 ἀξιοῖ
1139 2511 1156 2527 ⁸
1228 2495 1350 2556 τοὺς
1426 2494 1524 2569 μὲν
1610 2493 1760 2556 ἐκτὸς
1843 2501 1929 2550 τοῦ

2014 2476 2088 2537 ad
2121 2477 2296 2572 primi
2353 2483 2561 2572 capitis
2615 2483 2841 2562 regiam
2927 2483 3032 2546 Dat
3090 2483 3266 2546 etiam
3293 2484 3652 2548 chartulario

285 2567 552 2655 βήματος,
625 2567 1018 2661 κληρικοποιῶν
1049 2601 1062 2613 ’
1140 2582 1258 2648 τοὺς
1341 2567 1436 2638 δὲή
1481 2582 1654 2652 ἐντὸς,
1726 2579 1929 2638 τελειο-

2015 2567 2350 2661 patriarcha
2373 2570 2564 2632 claves
2622 2572 2792 2652 regni
2841 2575 3152 2650 caelorum,
3185 2573 3358 2635 sicuti
3391 2592 3528 2636 caro
3564 2575 3653 2636 illi

287 2675 476 2730 ποιῶν.
528 2672 626 2728 Διὰ
667 2672 854 2729 τούτου
900 2672 988 2728 καὶ
1043 2672 1178 2728 κατὰ
1233 2677 1403 2728 πᾶσαν
1461 2671 1561 2739 τὴν
1619 2669 1928 2746 οἰκουμένην

2015 2653 2210 2746 ξἐιιθο,
2243 2657 2560 2738 eidemque
2589 2659 2884 2742 discipulo
2915 2661 3064 2723 datae
3119 2671 3258 2724 sunt
3310 2682 3345 2722 a
3373 2662 3650 2726 Domino.

289 2755 482 2836 σχεδὸν
525 2761 888 2840 πατριαρχικά
943 2761 1330 2842 καταγράφεται
1400 2761 1486 2817 καὶ
1530 2757 1705 2817 δίδωσι
1763 2742 1924 2815 σταυ-

2012 2742 2423 2842 Quippe__sicut
2452 2747 2740 2842 Dominus
2765 2751 2842 2842 ad
2873 2752 3054 2842 hunc,
3088 2751 3169 2842 ita
3183 2769 3430 2831 magnus
3452 2755 3650 2834 ponti-

289 2829 542 2926 poﬂytz,
609 2829 697 2906 καὶ
724 2829 966 2906 ’πολλῶν
1020 2829 1229 2906 πόλεων
1274 2849 1686 2917 ἐκκλησιαστικὰ
1753 2870 1926 2924 μετα-

2012 2833 2102 2926 Γωι
2132 2835 2204 2896 ad
2235 2836 2403 2898 illum
2435 2857 2450 2898 :
2483 2837 2778 2921 Quidquid
2809 2840 3079 2922 solveris,
3125 2829 3339 2922 inquit,
3374 2841 3435 2902 in
3452 2829 3651 2920 'terra,

285 2924 456 3001 τίθησι
505 2924 734 3017 κάρηνα,
768 2939 842 3002 είς
869 2944 970 3006 τῆς
1023 2939 1240 3018 πρώτης
1299 2937 1536 3018 κεφαλῆς
1584 2940 1646 2994 τὸ
1693 2938 1925 2994 ἀνακτο-

2012 2924 2266 3018 solutum
2289 2925 2401 2987 erit
2423 2927 2484 2988 in
2511 2928 2704 2991 caelis:
2738 2929 3649 3010 etquidquidligaverisinterra.

286 3044 396 3101 ρον,
432 3013 668 3082 Δίδονται
693 3023 777 3086 διὰ
803 3027 988 3087 τούτου
1027 3013 1103 3102 τῷ
1133 3013 1496 3108 χαρτοφύλακι
1528 3027 1613 3084 καὶ
1669 3029 1732 3116 αἱ,
1777 3025 1927 3091 κλεῖς

2012 3013 2252 3093 ligatum
2278 3021 2453 3078 etiam
2485 3017 2546 3078 in
2580 3019 2748 3080 coelis
2771 3020 2908 3081 erit.
2959 3020 3200 3101 thuod
3240 3019 3532 3102 imprimis
3562 3033 3653 3086 est

283 3117 380 3180 τῆς
407 3111 675 3189 βασιλείας
732 3118 836 3172 τῶν
881 3106 1173 3194 οὐρανῶν(
1199 3106 1273 3180 ὥς
1314 3106 1417 3173 ῦπὸ
1471 3125 1564 3176 τοῦ
1609 3115 1796 3195 Κυρίου
1851 3121 1928 3189 τῷ

2012 3121 2249 3184 novum,
2268 3122 2386 3166 non
2399 3111 2588 3168 solum
2609 3106 2704 3169 hic
2727 3116 2901 3170 tantae
2928 3109 3230 3189 potestatis
3248 3109 3470 3188 largam
3502 3130 3650 3174 con-

285 3199 421 3281 φίλῳ
448 3201 630 3282 Πέτρῳ
679 3205 767 3260 καὶ
795 3207 1040 3284 μαθητῇ.
1069 3205 1209 3272 Φησὶ
1236 3206 1338 3284 γὰρ
1389 3207 1504 3261 οἷον
1558 3205 1688 3284 πρὸς
1745 3205 1926 3283 αὐτὸν,

2012 3199 2250 3254 secutus
2281 3202 2370 3254 est
2400 3197 2684 3273 gratiam:
2717 3214 2917 3257 verum
2937 3197 3116 3258 etiam
3146 3195 3242 3277 iis,
3274 3197 3376 3277 qui
3405 3199 3652 3275 gratiam

281 3278 310 3346 δ
353 3290 518 3369 μέγας
548 3278 824 3372 ἆρχιερεύς
859 3308 874 3323 ⁹
919 3278 999 3352 ”Ο’
1026 3292 1116 3349 ἐὰν
1158 3278 1324 3370 λύσης
1380 3292 1465 3349 ἐπὶ
1493 3278 1750 3372 τῆς-γῆς,
1781 3278 1927 3348 ’έσται

2012 3280 2255 3372 Ιιεωοεώ
2281 3282 2411 3363 ipso
2435 3283 2760 3364 accipiunt.
2776 3284 2938 3346 Facit
2963 3284 3122 3347 enim
3147 3293 3493 3372 potestatem
3518 3307 3650 3350 mo-

279 3377 564 3455 λελυμένον
587 3369 664 3435 ἐν
701 3369 821 3446 τοῖς
879 3383 1121 3460 οῦρανοτς
1155 3398 1169 3412 ⁸
1231 3369 1319 3439 καὶ
1348 3383 1378 3440 ὃ
1405 3381 1495 3439 ἐὰν
1521 3369 1690 3459 δήσης
1721 3369 1804 3439 ἐπὶ
1829 3387 1929 3449 τῆς

2013 3369 2218 3432 nachis
2229 3373 2604 3432 sacerdotum
2632 3392 2843 3435 munus
2865 3371 3349 3454 suscipientibus,
3371 3373 3653 3439 audiendi

280 3471 405 3547 γῆς,
463 3468 607 3526 ἔσται
650 3467 922 3546 δεδεμένον
973 3472 1062 3528 καὶ
1103 3470 1158 3526 ἐν
1211 3484 1331 3535 τοῖς
1387 3471 1656 3550 οὐρανοῖς.
1731 3472 1829 3529 Καὶ
1869 3473 1929 3526 τὸ

2012 3460 2268 3522 rationes
2296 3461 2627 3540 hominum,
2663 3471 2722 3524 et
2750 3471 3127 3543 peccatorum
3149 3463 3541 3545 chirographa
3561 3467 3652 3529 di-

280 3557 492 3612 πάντων
548 3560 877 3639 καινότερον,
935 3559 994 3616 οῦ
1047 3560 1210 3635 μόνον
1266 3563 1418 3625 οὗτος
1473 3560 1734 3627 τοσαύτης
1779 3559 1929 3626 ἐξου-

2013 3550 2327 3630 scerpendi
2364 3571 2378 3610 :
2413 3552 2568 3633 quod
2601 3551 2822 3632 alioqui
2851 3551 2994 3615 solis
3022 3553 3320 3634 episcopis
3362 3571 3398 3615 a
3425 3554 3650 3637 Spiritu

283 3645 397 3709 σίας
427 3643 719 3714 ἐπλούτησε
776 3648 1039 3728 χάρισμα,
1104 3646 1240 3704 ἀλλὰ
1297 3649 1382 3704 καὶ
1439 3651 1485 3705 οἱ
1543 3647 1594 3713 ἐξ
1651 3652 1808 3707 αὺτοῦ
1831 3649 1929 3718 τὴν

2013 3648 2216 3701 sancto
2247 3658 2595 3702 concessum
2659 3650 2767 3704 est.
2833 3641 3000 3714 Quod
3049 3643 3100 3703 si
3158 3645 3358 3708 videas
3388 3646 3556 3709 illum
3587 3647 3649 3709 in

282 3733 443 3813 χάριν
508 3734 704 3802 ταύτην
776 3733 1151 3810 λαμϐάνοντες.
1247 3732 1548 3816 Ἐπιτρέπει
1631 3737 1730 3818 γὰρ
1783 3741 1929 3818 ἱερα-

2015 3729 2244 3818 synodo
2270 3729 2417 3791 citra
2443 3730 2885 3794 meditationem
2907 3749 2976 3794 ea
2989 3732 3650 3818 proferentem,quaevel

281 3821 486 3878 τεύουσι
559 3835 856 3903 μοναχοτς,
931 3823 1220 3903 ἀνθρώπων
1288 3822 1534 3904 δέχεσθαι
1618 3816 1927 3906 λογισμοὺς,

2013 3816 2166 3898 ipse,
2200 3817 2250 3879 si
2281 3818 2598 3880 dicendum
2657 3819 2712 3881 ei
2772 3821 2942 3896 foret,
3003 3823 3064 3882 in
3119 3823 3381 3887 medium
3415 3816 3653 3890 afferret

280 3911 370 3966 καὶ
450 3908 779 3988 διαρῥησσειν
867 3912 1268 3992 ἁμαρτημάτων
1351 3913 1681 3994 χειρόγραφα
1711 3933 1724 3947 ’
1802 3905 1929 3996 ὅπερ

2012 3905 2248 3970 Moses:
2283 3906 2608 3988 itidemque
2638 3908 2811 3971 silani
2831 3909 2892 3970 in
2924 3928 3148 3973 morem
3179 3931 3248 3975 ea
3270 3915 3651 3995 pronuntian-

281 3998 463 4074 μόνοις
505 3999 815 4088 ἐπισκόποις
868 4001 974 4058 ἀπὸ
1045 4011 1135 4060 τοῦ
1188 4003 1445 4080 παναγίου
1512 4000 1712 4059 δέδοται
1773 4005 1929 4060 Πνεύ-

2013 4001 2156 4076 tem,
2188 4014 2318 4088 quae
2347 3996 2554 4088 capitis
2583 3998 2694 4079 ipsi
2726 4008 2928 4062 vertex
2957 3999 3144 4062 instar
3172 4002 3345 4065 nubis
3388 4012 3446 4067 et
3485 4023 3654 4088 aqum

283 4069 293 4074 -
542 4069 569 4093 ,η
678 4087 703 4110 ν
886 4090 903 4110 κ
1029 4099 1052 4110 ψ
1345 4069 1384 4110 ,κ
1448 4093 1476 4102 _

279 4109 474 4164 ματος,
552 4099 625 4146 Av
683 4087 798 4166 ιδῃ-,ς
854 4088 910 4147 δε
964 4113 1148 4150 τουτον
1231 4105 1512 4156 συνοοικως
1583 4090 1928 4172 σχεδιάζοντα

2012 4069 2382 4175 suppeditat;
2405 4069 2700 4175 Aaronem
2727 4088 2929 4152 videre
2950 4108 3068 4151 non
3085 4089 3477 4175 desiderabis,
3502 4069 3652 4157 scri-

281 4175 380 4233 ὅσα
421 4175 600 4234 λαλῶν
654 4176 884 4250 λαλήσαι
929 4186 1151 4252 Μωσῆς,
1203 4181 1428 4238 κάκεῖνα
1469 4181 1754 4260 κρουνηδὸν
1782 4183 1925 4240 ἀπο-

2012 4180 2244 4254 ptarum
2263 4173 2543 4237 divinitus
2565 4175 2894 4240 tabularum
2919 4177 3099 4240 verba
3118 4173 3472 4244 recitantem
3490 4203 3506 4260 ;
3535 4203 3645 4246 ne-

282 4267 686 4344 στοματίζοντα,
731 4267 831 4326 ὅσα
887 4269 1162 4328 νενελώσει
1216 4273 1304 4328 καὶ
1357 4270 1610 4329 ὓδατώσει
1658 4278 1756 4341 τῆς
1827 4295 1923 4330 κε-

2012 4280 2123 4344 que
2151 4264 2511 4341 Barucbum,
2530 4265 2734 4328 dextre
2755 4266 3159 4347 captivitatem
3179 4266 3396 4330 Judzeze
3413 4271 3644 4334 descri-

280 4355 455 4436 φαλῆς
509 4359 545 4424 ἡ
589 4357 872 4438 ἀκρώρεια,
919 4363 979 4419 οὗ
1032 4361 1282 4430 ζηνήσεις
1338 4358 1472 4418 ἰδεῖν
1527 4359 1733 4442 Ἀαρὼν
1799 4367 1922 4422 θεο-

2012 4350 2246 4415 bentem
2281 4372 2296 4417 :
2331 4353 2435 4414 sed
2465 4362 2782 4416 contentus
2811 4354 2884 4415 iis
2929 4355 3070 4436 eris,
3100 4373 3230 4435 quae
3259 4356 3648 4422 chartularius

278 4445 492 4525 γράφων
559 4445 778 4503 πλακῶν
852 4447 1248 4528 ἐπαγγέλλονται
1320 4449 1554 4532 ῥήματα,
1628 4449 1746 4508 οὐδὲ
1812 4461 1924 4512 Βα-

277 4534 414 4614 ροὺχ
469 4533 768 4614 περιδεξίως
837 4537 1273 4618 ἀπογραφομένον
1350 4545 1448 4607 τῆς
1504 4539 1755 4605 Ἰουδαίας
1824 4543 1923 4610 τὴν

276 4621 474 4681 ἅλωσιν
509 4641 524 4656 ⁸
583 4624 882 4704 ἁρκεσθήσῃ
937 4624 991 4683 δέ
1045 4641 1164 4692 τοῖς
1219 4627 1358 4684 οὕτω
1398 4629 1780 4708 πραττομένοις
1821 4632 1921 4688 ὑπὸ

274 4721 370 4772 τοῦ
447 4712 872 4794 χαρτοφύλακος,
965 4718 1054 4774 καὶ
1138 4718 1542 4796 Δευτερονόμιον
1626 4721 1919 4800 συμπεραί-

275 4823 445 4863 νουσι.
479 4804 621 4868 nae;
661 4805 866 4869 τούτοις
911 4805 1203 4882 θαύμασον,
1252 4813 1368 4871 πῶς
1418 4813 1525 4863 τῶν
1565 4809 1716 4863 θείων
1756 4808 1920 4864 κανό-

275 4911 379 4947 νων
422 4891 602 4956 μόνοις
633 4891 1059 4974 ἐκχωρησάντων
1107 4909 1224 4960 τοϊς
1279 4895 1333 4952 ἐν
1389 4894 1604 4954 πόλεσιν
1662 4897 1920 4977 ἀρχιερα-

273 4981 476 5037 τεύουσι
532 4981 633 5049 τὴν
689 4993 782 5042 τοῦ
822 4982 1084 5041 διδάσκειν
1142 4987 1232 5041 τὸν
1289 4983 1413 5044 λαὸν
1477 4987 1917 5067 σεμνοπρέπειαν,

274 5070 305 5124 ὁ
333 5069 672 5150 χαρτοφύλαξ
738 5074 826 5128 καὶ
883 5073 1044 5148 μόνος
1086 5074 1150 5130 τὸ
1205 5071 1464 5130 διδάσκειν
1533 5082 1919 5156 κατηχητικῶς

273 5157 364 5212 τὸν
398 5155 527 5213 λαὸν
581 5155 666 5214 ἐπ’
737 5159 1021 5228 ἐκκλησίας
1103 5160 1514 5241 ἐπεκληρώσατο
1549 5179 1562 5194 ⁸
1653 5155 1766 5228 πῶς
1823 5165 1918 5227 τὰς

276 5247 669 5324 πατριαρχικᾶς
739 5247 1048 5326 διαγνώσεις
1099 5249 1474 5332 καλλιγραφεϊ,
1530 5253 1618 5308 καὶ
1679 5254 1916 5332 ὑπογρα-

278 5345 407 5420 φατς
464 5335 678 5400 οἰκείαις
736 5340 824 5394 καὶ
875 5352 1134 5420 σφραγῖσι
1188 5338 1516 5416 κατεμπεδοτ
1549 5357 1564 5370 ⁸
1649 5343 1736 5398 καὶ
1803 5349 1918 5407 πῶς

277 5417 612 5502 δικαστηρίου
695 5417 955 5506 μεγάλου-ν
1005 5429 1334 5508 προκάθῆται
1431 5431 1518 5488 καὶ
1605 5429 1921 5490 δικαιοδοτεϊ

276 5510 414 5567 κατὰ
463 5511 562 5587 μὲν
619 5513 816 5584 πάντδς
873 5514 1169 5595 ἄνθρώπου,
1215 5516 1312 5574 κᾶν
1371 5518 1493 5583 οἵας
1521 5520 1583 5576 ἃν
1612 5518 1704 5587 εἴη
1745 5522 1919 5601 τύχης

275 5599 363 5655 καὶ
421 5599 622 5680 φύσεως
700 5603 817 5682 περὶ
901 5603 1352 5674 ἐκκλησιαστικῶν
1430 5607 1776 5689 ζητημάτων,
1814 5599 1919 5666 vitai

2003 4451 2164 4522 aget,
2183 4461 2430 4523 qumque
2463 4444 2984 4506 Deuteronomium
3009 4443 3344 4525 perficiunt.
3371 4449 3473 4509 Est
3490 4467 3646 4528 prae-

2002 4547 2165 4602 terea
2193 4535 2349 4615 quod
2374 4533 2633 4606 mireris,
2653 4550 2787 4594 cum
2817 4534 2969 4596 sacri
2989 4550 3247 4596 canones
3269 4535 3650 4615 permiserint

2001 4627 2236 4690 urbium
2255 4626 2924 4708 duntaxatpontificibus
2952 4625 3364 4688 auctoritatem
3391 4626 3648 4689 docendi

2005 4717 2291 4798 populum
2328 4737 2343 4796 ;
2378 4715 2768 4779 nihilominus
2815 4715 3233 4779 chartularium
3264 4716 3454 4777 solum
3485 4735 3650 4779 more

2004 4805 2370 4869 catechetico
2387 4807 2668 4886 populum
2687 4805 2747 4866 in
2762 4806 3013 4869 ecclesia
3025 4805 3278 4867 docendi
3304 4815 3646 4886 potestatem

2002 4895 2273 4957 sortitum
2307 4913 2441 4956 esse
2474 4912 2488 4958 :
2527 4895 2949 4976 patriarchales
2979 4895 3255 4957 eumdem
3283 4895 3650 4974 cognitiones

2003 4982 2064 5044 in
2094 4983 2324 5045 litteras
2359 4985 2608 5059 referre,
2643 4984 2885 5066 suisque
2915 4983 3452 5065 subscriptionibus
3476 4992 3534 5047 et
3561 4985 3650 5045 si-

2001 5071 2158 5152 gillis
2194 5072 2425 5134 munire
2461 5093 2474 5134 :
2536 5091 2746 5152 magno
2780 5074 3101 5154 praesidere
3130 5073 3435 5151 tribunali,
3471 5085 3529 5135 et
3551 5073 3652 5154 jus

2002 5180 2136 5223 cum
2170 5159 2395 5222 homini
2425 5160 2616 5223 cuivis
2673 5163 2899 5244 dicere,
2965 5163 3372 5244 cujuscunque
3404 5162 3650 5224 tandem

2003 5253 2253 5313 fortuna}
2274 5250 2546 5312 sitacsei
2559 5269 2628 5312 us
2653 5251 2713 5313 in
2748 5252 3174 5334 quaestionibus
3203 5251 3648 5328 ecclesiasticis,

2003 5346 2063 5401 et
2077 5339 2260 5400 animi
2283 5339 2633 5402 delictorum
2659 5342 3075 5405 emendatione
3101 5359 3114 5404 :
3143 5351 3264 5405 tum
3292 5359 3430 5403 vero
3452 5360 3652 5402 sacer-

2003 5428 2243 5490 dotibus
2273 5437 2331 5490 et
2363 5430 2695 5512 monachis,
2729 5431 2790 5492 in
2819 5433 3021 5513 quavis
3077 5429 3374 5496 criminati
3402 5439 3460 5492 et
3488 5429 3648 5491 civili

2002 5535 2202 5579 causa.
2237 5515 2466 5598 Quippe
2497 5519 2588 5580 vel
2619 5519 2692 5580 ad
2713 5519 2872 5600 ipsas
2895 5539 3081 5601 usque
3103 5519 3297 5583 Gades
3313 5518 3650 5599 jurisdictio

2002 5605 2346 5669 chartularii
2365 5606 2647 5688 pertinet,
2673 5608 2724 5671 si
2748 5608 2882 5690 quis
2903 5608 3284 5686 concesserit,
3321 5608 3497 5672 etiam
3527 5607 3652 5671 illic
