4074 6212
536 313 680 381 1191

1906 315 2035 380 JUS
2077 312 2527 383 CANONIGUM

3766 301 3889 373 tt”

525 449 758 547 aliquos
811 448 1100 526 habitare,
1154 448 1302 513 solio
1346 449 1996 534 Constantinopolitano
2027 448 2156 515 sub-

2259 446 2583 527 σφαλμάτων
2634 452 2883 547 ψυχὶκιῖιν
2937 445 3287 527 διορθώσεως.
3360 446 3509 547 βατὰ
3576 443 3632 502 δὲ

522 543 738 624 jectos.

2257 558 2360 594 νων
2416 539 2503 595 καὶ
2566 538 2843 619 μοναχῶν,
2934 539 3053 617 περὶ
3122 560 3301 606 πασης
3357 533 3763 617 ἔγκληματικῆς
3817 533 3887 586 καὶ

528 618 868 716 imputruit:
900 631 1194 698 αἰτιάσεως.
1243 636 1381 712 Περᾷ
1407 631 1507 712 γὰρ
1535 633 1626 689 καὶ
1656 631 1815 713 μέχρι
1849 630 2104 711 Γαδείρων
2150 633 2321 689 αὐτῶν
2363 629 2398 697 ἡ
2429 618 2744 688 δικαιοδοσία
2783 627 3327 710 τοῦξχαρτοφύλακος,
3362 629 3405 685 εί
3432 625 3549 693 δοίη
3577 646 3659 689 τις
3687 618 3883 679 κάκείσέ

527 715 672 788 τινας
702 733 969 778 κατοικεῖν
996 720 1368 796 ὑποκειμένους
1402 726 1478 795 τῷ
1505 722 1672 800 θρόνῳ
1699 722 1797 789 τῆς
1830 715 2455 784 Κωνσταντινουπόλεως.

605 808 737 875 Jam
768 826 930 879 vero,
966 808 1119 888 quod
1170 807 1445 889 praesidet
1501 809 1630 893 ipse
1683 809 1999 872 duodecim
2060 827 2169 890 pa-

527 898 946 968 triarchalibus
979 899 1249 976 notariis,
1307 919 1437 963 eam
1493 919 1566 964 ex
1623 900 1770 964 sede
1826 902 2001 965 (idem
2061 903 2170 967 ba—

524 989 826 1063 bentibus,
880 1007 1054 1070 quam
1126 988 1349 1052 habent
1403 990 1718 1055 duodecim
1780 990 1996 1053 notarii
2055 999 2172 1054 tam

524 1079 679 1157 Veli,
717 1096 894 1161 quam
921 1076 1312 1163 Hippodromi
1356 1078 1630 1158 judicum
1684 1080 1877 1153 (mitto
1912 1097 2171 1161 namque

522 1168 752 1244 dicere,
783 1166 876 1229 bis
917 1165 1273 1229 duodecim:
1332 1185 1466 1229 cum
1527 1168 2002 1250 patriarcharum
2052 1170 2167 1231 ltu-

524 1257 779 1321 manitas
837 1263 896 1318 et
951 1255 1272 1317 submi~sio
1330 1256 1558 1339 petrabi
1617 1276 1683 1320 se
1741 1277 1855 1319 non
1916 1257 2174 1339 patiatur

523 1347 596 1410 ad
629 1344 1022 1410 avertendum
1054 1363 1147 1423 ea,
1202 1363 1333 1429 quae
1360 1345 1687 1428 antiquitus
1738 1346 1799 1408 in
1852 1365 1960 1410 usu
1989 1352 2169 1424 sunt),

527 1455 597 1500 ac
627 1436 855 1500 ratione
884 1432 1205 1507 consimili,
1237 1434 1393 1515 quod
1452 1435 1729 1514 praesidet
1772 1444 1909 1498 ante
1943 1445 2169 1498 metro-

526 1529 822 1613 politanos
841 1528 900 1590 in
923 1525 1314 1589 electionibus
1346 1527 1759 1609 episcoporum
1788 1528 1860 1591 ad
1894 1537 2171 1593 vacantes

2331 809 2402 867 Τὸ
2446 806 2500 865 δὲ
2559 811 2917 884 προκαθησθαι
2975 814 3162 866 τοῦτον
3217 805 3505 873 δωδεκάδος
3575 826 3883 885 πατριαρχι-

2251 902 2362 954 κῶν
2403 897 2657 977 νοταρίων
2701 897 3035 957 αύτοπιστίαν
3091 896 3354 979 ἑχόντων,
3411 895 3534 954 οἵαν
3588 894 3709 976 ίχει
3748 894 3881 961 καὶῆ

2252 982 2481 1052 δωδεκὰς
2524 991 2629 1045 τῶν
2675 992 2768 1043 τοῦ
2797 985 2973 1057 Βήλου
3028 977 3130 1044 καὶ⁷
3150 977 3266 1044 τοῦ
3320 977 3668 1067 Ἰπποδρόμου
3710 983 3881 1061 κρατεῖν
4000 1000 4001 1067 ᾖ

2256 1072 2353 1155 (ὲῶ
2393 1076 2494 1154 γὰρ
2550 1076 2720 1133 εἰπεῖν
2780 1073 3071 1140 δωδεκάδος
3120 1073 3335 1150 διπλῆς,
3382 1074 3462 1132 ὅτι
3504 1074 3614 1131 τῶν
3654 1092 3887 1150 πατριαρ-

2252 1170 2371 1244 χῶν
2437 1165 2471 1232 ἡ
2529 1162 2890 1244 φιλανθρωπία
2958 1166 3048 1222 καὶ
3107 1162 3494 1243 συγκατάϐασις
3535 1164 3643 1243 οὐχ
3695 1160 3884 1217 ἕλκεται

2251 1255 2383 1332 πρὸς
2435 1253 2695 1333 ἀναίρεσιν
2753 1260 2861 1311 τῶν
2923 1253 3316 1331 νενομισμένων
3375 1250 3676 1330 ἀνέκαθεν),
3722 1247 3883 1307 ὣσςύ-

2253 1363 2359 1406 τως
2390 1344 2477 1399 καὶ
2530 1344 2592 1399 τὸ
2650 1343 3010 1423 προκαθῆσται
3065 1342 3173 1400 τῶν
3230 1341 3639 1423 μητροπολιτῶν
3681 1338 3737 1396 ἓν
3778 1350 3883 1401 αἱ(

2254 1432 2452 1510 ψήφοις
2534 1438 2640 1489 τῶν
2741 1439 3086 1512 χηρευουσῶν
3185 1432 3496 1512 ἁγιωτάτων
3578 1429 3881 1507 ἐκκλησιῶν

2251 1521 2340 1576 καὶ
2421 1519 2476 1576 ἐν
2556 1534 2682 1585 ταῖς
2762 1521 2949 1588 ἔξωθεν
3026 1528 3119 1579 τοῦ
3201 1530 3590 1602 πατριαρχικοῦ
3655 1520 3879 1596 βήματα

525 1606 830 1692 ecclesias,
855 1624 924 1707 Aet
951 1614 1104 1707 iniis
1129 1615 1384 1707 publicis
1405 1606 1846 1699 congressibus,
1879 1622 1978 1700 qui
2004 1626 2156 1685 extra

2250 1609 2551 1688 γινομέναις
2591 1623 2803 1676 κοιναῖς
2844 1610 3226 1692 συνελεύσεσιν,
3286 1609 3425 1667 ἀλλὰ
3479 1610 3588 1686 μὴν
3644 1608 3734 1665 καὶ
3773 1606 3878 1686 ἑορ-

524 1705 911 1790 patriarcbale
940 1704 1200 1768 tribunal
1228 1706 1397 1786 ﬁunt,
1432 1706 1552 1767 imo
1572 1706 1748 1769 etiam
1786 1707 1847 1769 in
1876 1707 2161 1771 festorum

526 1795 780 1880 publicis
804 1794 1160 1862 acrimoniis
1188 1802 1364 1877 atque
1381 1795 1792 1873 conventibus,
1822 1815 1937 1859 non
1972 1796 2162 1861 solum

521 1884 682 1969 ipsas
710 1884 866 1947 intra
895 1891 1093 1968 partes
1140 1883 1431 1959 ecclesiae,
1494 1902 1697 1946 verum
1750 1885 1926 1947 etiam
1960 1885 2167 1967 quovis

520 1975 582 2038 in
614 1975 766 2050 loco,
801 1972 958 2060 quod
990 1972 1142 2035 nulli
1192 1990 1543 2035 concessum
1595 1980 1686 2035 est
1741 1973 1990 2041 diacono
2022 1992 2164 2057 pro-

522 2071 727 2147 pterea
753 2061 910 2146 quod
940 2060 1184 2125 disertis
1208 2060 1407 2124 verbis
1436 2080 1469 2123 a
1498 2078 1644 2124 xvut
1665 2081 1894 2125 canone
1948 2070 2167 2127 sanctae

520 2172 588 2216 ac
604 2151 953 2216 universalis
976 2151 1182 2234 prima:
1213 2151 1427 2231 synodi
1466 2150 1850 2230 prohibeatur
1873 2171 1886 2215 :
1906 2171 2160 2235 quonam

519 2261 717 2326 quaeso
747 2240 999 2322 referes,
1029 2239 1270 2302 auditor
1291 2239 1781 2321 prudentissime?
1801 2241 2059 2306 Omnino
2084 2243 2162 2305 fa-

519 2331 743 2397 teberis
768 2332 983 2395 horum
1027 2328 1292 2390 omnium
1356 2336 1706 2411 potestatem
1762 2331 1818 2393 ei
1876 2332 2159 2396 tributam

517 2430 854 2502 propterea,
880 2416 1036 2502 quod
1061 2417 1429 2480 existimetur
1449 2435 1582 2480 esse
1632 2437 1719 2491 os,
1772 2428 1831 2480 et
1888 2419 2075 2498 labra,
2106 2429 2163 2485 et

523 2528 732 2575 manus
790 2511 1045 2588 quodam
1102 2506 1278 2568 modo
1339 2508 1712 2587 patriarchae.
1775 2508 2011 2591 Abripit
2067 2530 2163 2574 me

522 2599 803 2681 proclivis
833 2598 1087 2678 impetus
1118 2594 1327 2672 animi,
1380 2605 1441 2657 ut
1497 2597 1714 2672 dicam,
1776 2606 1834 2659 et
1889 2606 2162 2663 accurate

514 2686 835 2761 declarem,
868 2702 1050 2767 quam
1080 2682 1154 2744 ob
1186 2702 1421 2745 causam
1452 2704 1629 2765 supra
1678 2694 1922 2749 caeteros
1951 2689 2161 2769 praesi-

515 2777 622 2838 des
652 2775 811 2837 solus
844 2771 1236 2835 chartularius
1269 2772 1512 2835 ordines
1562 2774 1998 2839 ecclesiasticos
2028 2797 2159 2843 ma-

506 2866 661 2947 joris
686 2862 1055 2929 auctoritatis
1085 2881 1261 2924 causa
1288 2862 1560 2940 geminos
1613 2864 1848 2941 habeat,
1915 2867 2157 2949 episco-

512 2954 822 3037 pianorum
844 2952 1138 3025 videlicet,
1165 2952 1688 3014 acsecreticorum.
1721 2955 2155 3036 Sed'quoniam

2245 1699 2487 1776 τασίμοις
2555 1697 2855 1777 πανδήμοις
2910 1699 3185 1766 τελευταῖς
3242 1722 3299 1757 τε
3353 1700 3441 1757 καὶ
3513 1698 3875 1777 πανηγύρεσιν,

2246 1789 2308 1846 ού
2364 1788 2523 1865 μόνον
2566 1789 2714 1854 ἐντὸς
2752 1795 2872 1855 πῶν
2927 1795 3028 1853 τῆς
3095 1789 3381 1858 ἐκκλησίας
3449 1792 3649 1868 μερῶν,
3694 1783 3813 1843 ἀλλ’
3836 1784 3881 1840 ἓν

2247 1876 2397 1953 τόπῳ
2466 1880 2645 1953 παντὶ,
2714 1878 2845 1959 ὅπερ
2914 1878 3081 1936 οὒδενὶ
3136 1877 3378 1959 ,διακόνῳ
3449 1875 3876 1957 πεφιλοτίμηται,

2247 1964 2331 2023 διὰ
2385 1968 2447 2024 τὸ
2517 1967 2695 2045 ῥητῶς
2748 1957 2851 2025 ὑπὸ
2907 1975 3003 2026 τοῦ
3063 1957 3145 2037 ιη’
3197 1968 3415 2032 κανύνος
3469 1971 3571 2034 τῆς
3618 1964 3771 2043 ἁγίας
3807 1964 3878 2019 παῖ

2250 2056 2619 2133 οἰκουμενικῆς
2661 2058 2876 2137 πρώτης
2930 2055 3131 2115 σποδοῦ
3153 2056 3468 2137 κωλύεσθαι,
3528 2059 3633 2112 ποῦ
3687 2054 3875 2124 θήσεις,

2247 2147 2478 2228 ὀκροατᾶ
2541 2149 2913 2230 συνετώτατες
2996 2151 3214 2214 Πάντως
3295 2147 3360 2204 ἂν
3437 2144 3614 2210 εἴποις
3701 2146 3877 2201 τούτων

2244 2238 2458 2295 πάντων
2513 2237 2724 2308 δοθῆναι
2779 2239 2881 2307 τήν
2916 2237 3156 2305 ἐξουσίαν
3208 2239 3374 2314 αύτῷ,
3418 2235 3505 2292 διὰ
3549 2237 3615 2291 τὸ
3683 2233 3875 2311 λογίζε-

2245 2330 2361 2384 σθαι
2404 2327 2597 2409 στόμα,
2643 2330 2732 2384 καὶ
2790 2328 2975 2409 χείλη,
3032 2328 3120 2385 καὶ
3174 2340 3367 2408 χεῖρας
3424 2324 3615 2383 ὡσανεὶ
3642 2343 3874 2403 πατριαρ

2243 2418 2429 2496 χικάς,
2465 2407 2658 2475 "Elim.
2714 2407 2801 2493 μιν
2821 2407 2900 2474 τὸ
2949 2407 3217 2497 πρόθυμον
3271 2418 3442 2473 εἰπεῖν
3482 2415 3570 2471 καὶ
3597 2411 3872 2492 ὕπεξεργά-

2244 2509 2453 2584 σασθαι,
2512 2507 2651 2570 τίνος
2701 2507 2859 2587 χάριν
2916 2506 3057 2584 παρᾶ
3112 2506 3233 2568 τοὺς
3288 2502 3479 2567 ἄλλους
3535 2499 3868 2583 προκαθημέ-

2242 2617 2360 2661 νους
2404 2598 2432 2653 ὁ
2489 2592 2825 2677 χαρτοφύλαξ
2881 2595 2968 2652 καὶ
3013 2594 3172 2670 μόνος
3225 2592 3426 2659 διττοϊς
3497 2590 3863 2659 ἐκκλησιαστι-

2241 2697 2363 2749 κοτς
2435 2684 2809 2765 μεγαλύνεται-
2850 2684 3136 2762 τάγμασιν,
3195 2682 3629 2745 ἐπισκοπειανοῐς
3686 2680 3869 2749 δηλαδὴ

2241 2776 2329 2831 καὶ
2372 2787 2719 2854 σεκρετικοϊς.
2774 2763 2904 2830 ΗΟτι
2934 2772 2988 2829 δὲ
3032 2778 3131 2840 τῆς
3185 2772 3384 2829 τούτων
3438 2771 3692 2848 εὑρέσεως
3749 2773 3868 2829 ὑπο-

2240 2862 2402 2945 ϐάθρα
2476 2887 2558 2930 τις
2646 2864 2908 2940 τιμήεσσα
2975 2863 3273 2942 πρόκειται,
3358 2863 3444 2919 καὶ
3524 2863 3586 2918 τὸ
3674 2868 3870 2940 πρᾶγμα

2240 2952 2543 3035 παρακαλεῖ
2592 2954 2680 3010 καὶ
2750 2952 2945 3019 ταύτην
3019 2952 3555 3032 ἀργυρογνωμονῆσαι
3640 2949 3726 3007 διὰ
3787 2951 3868 3018 τὴν

513 3040 897 3103 institutionis
925 3040 1137 3103 horum
1170 3039 1404 3120 insigne
1434 3042 1731 3122 quoddam
1788 3045 2153 3109 fundamen-

2242 3049 2337 3111 τῆς
2403 3042 2652 3111 ἀληθείας
2706 3040 3054 3121 παράστασιν,
3116 3040 3450 3117 ἆναμεινέτω
3501 3040 3636 3119 πρὸς
3705 3041 3870 3119 μικρὸν

514 3139 633 3197 tum
666 3137 781 3213 est,
812 3150 878 3197 ac
907 3148 1003 3219 res
1034 3130 1161 3219 ipsa
1188 3129 1465 3213 postulat,
1525 3131 1635 3193 hoc
1679 3130 1875 3213 ipsum
1920 3154 2157 3219 quoque

512 3219 776 3283 veritatis
804 3217 1163 3282 exhibendae
1195 3222 1387 3309 causa
1420 3219 1743 3283 examinari
1785 3240 1799 3286 :
1854 3217 2158 3309 paulisper

509 3310 854 3374 differamus
902 3324 1031 3371 eam
1087 3307 1439 3384 orationem,
1517 3328 1633 3390 qua
1690 3307 2062 3392 supradictos
2091 3315 2152 3376 in

508 3399 750 3465 ordines
801 3396 1220 3483 disquiremus,
1280 3414 1348 3459 ac
1406 3397 1718 3474 dicamus;
1762 3400 2147 3481 quamobrem

508 3498 722 3572 praeter
737 3487 822 3564 id,
842 3486 1000 3571 quod
1021 3486 1209 3548 sacris
1233 3486 1565 3552 canonibus
1586 3488 1947 3566 continetur,
1981 3492 2153 3554 char-

508 3578 751 3641 tularius
782 3576 1168 3639 diaconorum
1199 3575 1257 3637 in
1314 3594 1565 3638 numero
1615 3577 1974 3653 consistens,
2011 3588 2149 3643 ante

508 3666 816 3747 pontiﬁces
841 3664 1064 3727 sedeat.
1097 3663 1235 3727 Haec
1265 3664 1605 3745 pervulgata
1654 3666 1902 3746 quaestio
1963 3670 2149 3732 multa

505 3753 755 3819 diversis
808 3751 1179 3832 temporibus
1229 3751 1504 3815 excitavit
1542 3754 1844 3837 scandala,
1877 3760 2151 3839 varieque

505 3843 831 3923 disceptata
881 3841 989 3902 fuit
1038 3840 1197 3901 inter
1252 3841 1668 3902 chartularium
1726 3851 1786 3906 et
1837 3845 2148 3924 pontiﬁces

506 3927 1309 4018 soliiConstantinopolitani.
1327 3929 1592 4011 Cumque
1624 3932 1883 4010 cognitio
1904 3935 2152 4018 patriar-

509 4019 720 4107 chalis,
744 4016 1123 4107 pontiﬁcibus
1134 4017 1601 4107 favens,eisdem
1616 4019 1811 4084 obiter
1827 4016 2141 4107 arrideret,

505 4106 581 4169 ob
601 4106 847 4169 indicati
871 4105 1146 4188 superius
1159 4106 1401 4169 canonis
1414 4110 1767 4172 sententiam
1797 4129 1810 4173 :
1852 4105 2142 4191 prolatum

506 4204 598 4259 est
638 4196 903 4259 edictum
948 4195 1260 4259 clarissimi
1315 4195 1622 4278 principis,
1685 4199 1913 4261 domini
1954 4200 2148 4265 Alexii

505 4285 815 4359 Comneni,
835 4304 955 4368 quo
984 4286 1111 4347 haec
1139 4284 1211 4347 ad
1245 4283 1488 4347 verbum
1519 4286 1942 4354 continentur:

592 4400 615 4432 ιι
648 4373 1057 4438 Ecclesiastici
1091 4374 1221 4453 (62)
1248 4373 1455 4437 decori
1477 4393 1680 4439 curam
1711 4377 1989 4458 majestas
2014 4398 2147 4443 mea

500 4483 737 4547 gerens,
775 4471 833 4526 et
861 4482 995 4529 cum
1018 4463 1078 4526 in
1136 4462 1303 4526 omni
1363 4462 1519 4525 civili
1573 4473 1732 4529 statu
1793 4466 2014 4529 bonum
2044 4485 2146 4530 or-

499 4553 698 4616 dinem
716 4552 1053 4635 requirens,
1080 4559 1204 4613 tum
1229 4553 1341 4614 hoc
1361 4551 1421 4613 in
1435 4553 1735 4616 studiosus
1764 4555 2140 4633 incumbens,

500 4650 563 4705 ut
592 4642 643 4704 is
691 4642 878 4722 magis
929 4641 1109 4704 etiam
1160 4641 1344 4703 sacris
1399 4641 1459 4701 i’n
1519 4642 1702 4705 rebus
1742 4642 2140 4725 observetur;

498 4731 807 4813 privilegia
852 4730 1065 4811 cuique
1110 4731 1399 4810 graduum
1451 4731 1991 4796 ecclesiasticarum
2017 4734 2143 4815 jam

498 4820 638 4881 olim
674 4819 913 4902 tributa,
947 4838 1205 4901 eumque
1236 4828 1472 4897 statum,
1506 4820 1607 4899 qui
1639 4822 1928 4885 hactenus
1960 4824 2023 4885 in
2054 4825 2140 4888 eis

494 4909 696 4989 viguit,
730 4906 909 4970 etiam
941 4908 1230 4990 deinceps
1260 4909 1692 4973 immutabilem
1724 4912 2047 4975 subsistere
2073 4933 2142 4977 ac

498 5015 850 5079 permanere
880 4996 1060 5079 cupit,
1096 5004 1155 5059 et
1202 5015 1436 5079 {equum
1497 5006 1723 5075 censet,
1765 5002 2141 5065 sanctissime

496 5087 759 5162 domine,
820 5086 981 5148 velut
1036 5103 1070 5147 a
1119 5094 1203 5147 tot
1259 5085 1433 5147 annis
1487 5096 1821 5168 acceptum,
1874 5098 1930 5150 et
1960 5089 2137 5170 longo

2239 3135 2268 3189 ὁ
2336 3132 2497 3212 λόγος
2551 3132 2651 3200 τὴν
2707 3137 2813 3188 τῶν
2882 3130 3144 3209 ῥηθέντων
3214 3130 3507 3209 ταγμάτων
3571 3131 3865 3201 συζήτησιν.

2237 3221 2325 3277 καὶ
2352 3219 2562 3299 ῥητέον,
2594 3220 2733 3283 τίνος
2790 3218 2950 3298 χάριν
3009 3219 3151 3298 παρᾶ
3202 3218 3301 3286 τὴν
3337 3224 3444 3275 τῶν
3510 3217 3667 3274 θείων
3718 3218 3864 3275 κανό-

2237 3331 2339 3366 νων
2411 3307 2719 3389 μερίληψιν,
2775 3308 2829 3363 ἐν
2885 3305 3147 3371 διακόνοις
3217 3310 3245 3363 ὁ
3295 3304 3634 3388 χαρτοφόλαξ
3688 3308 3863 3363 ταττό-

2234 3419 2415 3475 μενος,
2504 3398 2610 3455 τῶν
2692 3397 2983 3478 ἀρχιερέων
3067 3397 3421 3476 προκάθηται.
3507 3396 3578 3454 Τὸ
3664 3396 3861 3470 ζήτημα

2231 3493 2385 3544 τοῦτο
2413 3488 2475 3544 τὸ
2528 3484 2954 3566 πολυθρίλλητον
3018 3483 3192 3543 πολλὰ
3246 3485 3380 3543 κατᾶ
3434 3482 3715 3563 διαφόρους
3754 3506 3862 3539 και-

2232 3578 2350 3659 ροὺς
2405 3576 2649 3655 ἀνήγειρε
2709 3573 2997 3657 σκάνδαλα,
3038 3576 3128 3632 καὶ
3178 3572 3387 3653 μεγάλη
3443 3574 3630 3630 τούτου
3687 3569 3857 3637 κατεξ-

2234 3667 2408 3730 έτασις
2466 3665 2650 3745 γέγονε
2736 3664 2897 3741 μέσον
2979 3674 3073 3723 τοῦ
3156 3661 3562 3745 χαρτοφύλακος
3631 3664 3724 3720 καὶ
3773 3662 3864 3718 τῶν

2232 3755 2523 3837 ἀρχιερεων
2605 3760 2697 3812 τοῦ
2775 3753 2958 3833 θρόνου
3060 3757 3161 3821 τῆς
3248 3750 3863 3814 Κωνσταντινουπόλεως.

2236 3846 2334 3903 Καὶ
2361 3844 2503 3924 τάχο
2545 3841 2834 3920 μειδιώσης
2882 3842 3172 3922 ἀκροθιγῶς
3226 3846 3326 3909 τῆς
3368 3842 3498 3918 ὑπὲρ
3554 3846 3667 3896 τῶν
3700 3841 3865 3919 ἀρχιε-

2234 3934 2365 4014 ρέων
2410 3932 2803 4013 πατριαρχικῆς
2845 3930 3181 4012 διαγνώσεως
3240 3928 3323 3986 διὰ
3377 3931 3468 3986 τὸν
3524 3936 3616 3986 τοῦ
3690 3928 3864 4007 ρηθέν-

2226 4046 2315 4088 τος
2360 4021 2609 4102 ἀνωτέρω
2674 4021 2894 4085 κανόνος
2937 4018 3244 4101 περίληψιν,
3288 4019 3647 4099 προεκομίσθη
3708 4018 3865 4097 πρόσ-

2226 4133 2403 4190 ταγμα
2471 4109 2565 4168 τοῦ
2622 4107 2858 4186 ἀοιδίμου
2932 4107 3218 4190 βασιλέως,
3299 4118 3457 4187 κυροῡ
3525 4105 3764 4173 Ἀλεξίου
3788 4114 3864 4163 τοῦ

2230 4206 2528 4278 Κομνηνοῦ,
2561 4197 2682 4261 τάδε
2710 4199 2846 4255 κατᾶ
2873 4198 3023 4277 ῥῆμα
3052 4193 3406 4272 διαλαμϐάνον
3439 4211 3454 4228 '

2314 4399 2339 4435 ι
2390 4368 2452 4437 Ἦ
2502 4374 2742 4455 βασιλεία
2783 4397 2885 4452 μου
2941 4374 3040 4443 τῆς
3090 4371 3537 4441 ἐκκληωαστικῆς
3593 4373 3868 4449 dimitti:

2226 4467 2585 4548 φροντίζουσα,
2645 4464 2734 4521 καὶ
2800 4466 2862 4522 τὸ
2918 4465 3170 4520 εὔτακτον
3252 4463 3338 4522 καὶ
3417 4461 3475 4517 ἒν
3541 4463 3707 4519 παντὶ
3779 4462 3867 4539 μὲν

2224 4562 2454 4628 ζητοῦσα
2510 4561 2589 4630 τῷ
2671 4551 3040 4633 πολιτεύματι,
3116 4550 3367 4609 ἑπιπλέον
3436 4548 3492 4607 δὲ
3543 4562 3666 4615 τοῖς
3721 4552 3871 4614 Hoc:

2225 4644 2379 4701 τοῦτο
2462 4642 2849 4701 ἐπολιτεύεσθαι
2943 4639 3029 4696 διὰ
3125 4637 3361 4708 σπουδῆς
3452 4638 3732 4716 τιθεμένη,
3813 4639 3871 4695 τὰ

2225 4732 2460 4813 ἀρχῆθεν
2559 4728 3002 4806 ἆπονενεμημένα
3101 4729 3362 4807 προνόμια
3457 4727 3670 4801 ἑκάστῳ
3776 4733 3871 4784 τῶν

2226 4820 2678 4889 ἐκκλησιαστικῶν
2728 4819 2968 4895 βαθμῶν,
3055 4818 3145 4873 καὶ
3224 4820 3324 4884 τὴν
3395 4813 3525 4897 ἄχρι
3580 4818 3674 4873 καὶ
3730 4815 3868 4894 δεῦρο

2224 4908 2651 4986 ἐπικρατήσασαν
2742 4908 2798 4965 ἐν
2868 4908 3075 4972 τούτοις
3164 4907 3506 4983 κατάστασιν,
3589 4908 3734 4964 κατὰ
3815 4907 3869 4961 τὺ

2222 4998 2579 5057 ἀναλλοίωτον
2630 4998 2719 5055 καὶ
2782 4998 2855 5060 εἷς
2938 4997 3001 5053 τὸ
3056 4994 3175 5063 ἑξῆς
3240 5008 3381 5053 εἶναι
3435 4996 3525 5052 καὶ
3605 4993 3866 5072 διαμένειν

2221 5090 2463 5167 βούλεταί
2490 5110 2546 5145 τε
2596 5087 2685 5143 καί
2726 5083 2957 5159 εὐδοκεῖ,
3014 5083 3273 5164 ἀγιώτατε
3328 5081 3578 5162 δέσποτα,
3636 5084 3718 5150 ὣς
3785 5092 3868 5146 καὶ

487 5174 613 5256 jam
649 5175 835 5255 spatio
868 5172 1156 5257 temporis
1186 5173 1585 5249 observatum,
1634 5187 1693 5237 et
1722 5178 2028 5259 perpetuis
2059 5180 2132 5242 ab

2242 5176 2645 5258 ιαραδεχθετσαν
2712 5172 2797 5230 διὰ
2856 5173 3121 5231 τοσούτων
3179 5172 3338 5248 ἑτῶν,
3393 5172 3483 5229 καὶ
3549 5178 3633 5246 τῷ
3681 5179 3869 5251 μακρῷ

494 5284 608 5325 uno
643 5272 911 5346 tempore
939 5264 999 5325 in
1029 5263 1189 5325 aliud
1251 5265 1769 5346 progressionibus
1826 5267 2138 5351 hucusque

2242 5268 2398 5348 Lpo'vcp
2453 5262 2999 5342 ἐμπολιτευσαμένην,
3081 5263 3168 5318 καὶ
3238 5262 3363 5328 ταῖς
3431 5259 3526 5317 ἄπ’
3584 5259 3752 5318 ἄλλον
3806 5264 3871 5326 εἰς

493 5352 643 5415 citra
689 5351 1077 5416 mutationem
1122 5352 1404 5434 praeclare
1463 5354 1877 5419 conﬁrmatum
1908 5375 1978 5419 ac
2008 5348 2134 5420 sta-

2242 5355 2377 5414 ἱλλον
2418 5355 2554 5412 κατὰ
2608 5354 2670 5409 τὸ
2711 5350 3096 5417 ἆνεξάλλακτον
3123 5349 3229 5415 ἕως
3281 5356 3375 5407 τοῦ
3430 5356 3520 5406 νυν
3575 5348 3872 5429 μεταϐήσε-

2045 5525 2297 5593 ΝΟΤιΕ.

574 5654 706 5737 (62)
733 5652 888 5718 Vide
912 5652 1214 5717 Novellum
1235 5670 1275 5716 x
1302 5653 1493 5717 Alexii
1523 5655 1834 5720 Comneni.
