  <div class='ocr_page' id='page_1' title='image "/cluster/home/n/w/nwhite01/storage/ocr_20150623/119/hvd.32044073502494/604.png"; bbox 0 0 4074 6212; ppageno 0'>
   <div class='ocr_carea' id='block_1_1' title="bbox 235 307 1887 376">
    <p class='ocr_par' dir='ltr' id='par_1_1' title="bbox 235 307 1887 376">
     <span class='ocr_line' id='line_1_1' title="bbox 235 307 1887 376; baseline 0.001 -4"><span class='ocrx_word' id='word_1_1' title='bbox 235 309 254 372; x_wconf 84' lang='grc'><strong>1</strong></span> <span class='ocrx_word' id='word_1_2' title='bbox 269 313 294 370; x_wconf 79' lang='lat' dir='ltr'><strong>l</strong></span> <span class='ocrx_word' id='word_1_3' title='bbox 309 307 387 374; x_wconf 77' lang='lat'><strong>93</strong></span> <span class='ocrx_word' id='word_1_4' title='bbox 1549 309 1887 376; x_wconf 67' lang='lat' dir='ltr'><strong>GRIECO-I</strong></span> 
     </span>
    </p>
   </div>
   <div class='ocr_carea' id='block_1_2' title="bbox 1974 307 3594 376">
    <p class='ocr_par' dir='ltr' id='par_1_2' title="bbox 1974 310 3594 375">
     <span class='ocr_line' id='line_1_2' title="bbox 1974 310 3594 375; baseline -0.002 -2"><span class='ocrx_word' id='word_1_5' title='bbox 1974 311 2241 375; x_wconf 82' lang='lat' dir='ltr'><strong>MANUM</strong></span> <span class='ocrx_word' id='word_1_6' title='bbox 2256 357 2272 374; x_wconf 93' lang='lat'><em>.</em></span> <span class='ocrx_word' id='word_1_7' title='bbox 3440 310 3594 374; x_wconf 77' lang='grc'><strong>1194</strong></span> 
     </span>
    </p>
   </div>
   <div class='ocr_carea' id='block_1_3' title="bbox 229 440 1887 523">
    <p class='ocr_par' dir='ltr' id='par_1_3' title="bbox 229 440 1887 521">
     <span class='ocr_line' id='line_1_3' title="bbox 229 440 1887 521; baseline 0.001 -24"><span class='ocrx_word' id='word_1_8' title='bbox 229 463 309 497; x_wconf 87' lang='grc' dir='ltr'><strong>σιν</strong></span> <span class='ocrx_word' id='word_1_9' title='bbox 339 441 698 521; x_wconf 73' lang='grc' dir='ltr'><strong>ἐπικριθετσαν</strong></span> <span class='ocrx_word' id='word_1_10' title='bbox 753 443 850 498; x_wconf 68' lang='grc' dir='ltr'><strong>καὶ</strong></span> <span class='ocrx_word' id='word_1_11' title='bbox 907 440 1290 520; x_wconf 78' lang='grc' dir='ltr'><strong>βεϐαιωθεῖσαν</strong></span> <span class='ocrx_word' id='word_1_12' title='bbox 1344 443 1545 508; x_wconf 83' lang='grc' dir='ltr'><strong>καλῶς.</strong></span> <span class='ocrx_word' id='word_1_13' title='bbox 1593 442 1741 502; x_wconf 82' lang='grc' dir='ltr'><strong>Ἐπεὶ</strong></span> <span class='ocrx_word' id='word_1_14' title='bbox 1810 441 1887 498; x_wconf 69' lang='grc' dir='ltr'><strong>δὲ⁴</strong></span> 
     </span>
    </p>
   </div>
   <div class='ocr_carea' id='block_1_4' title="bbox 1974 440 3594 523">
    <p class='ocr_par' dir='ltr' id='par_1_4' title="bbox 1974 441 3594 523">
     <span class='ocr_line' id='line_1_4' title="bbox 1974 441 3594 523; baseline 0.001 -22"><span class='ocrx_word' id='word_1_15' title='bbox 1974 441 2203 506; x_wconf 74' lang='grc' dir='ltr'><strong>ιῘῙίίυῐΠ.</strong></span> <span class='ocrx_word' id='word_1_16' title='bbox 2265 441 2414 516; x_wconf 86' lang='lat' dir='ltr'><strong>Quia</strong></span> <span class='ocrx_word' id='word_1_17' title='bbox 2467 461 2604 505; x_wconf 92' lang='lat' dir='ltr'><strong>vero</strong></span> <span class='ocrx_word' id='word_1_18' title='bbox 2650 461 2807 505; x_wconf 90' lang='lat' dir='ltr'><strong>nunc</strong></span> <span class='ocrx_word' id='word_1_19' title='bbox 2863 443 3143 523; x_wconf 81' lang='lat' dir='ltr'><strong>majestas</strong></span> <span class='ocrx_word' id='word_1_20' title='bbox 3193 461 3327 505; x_wconf 90' lang='lat' dir='ltr'><strong>mea</strong></span> <span class='ocrx_word' id='word_1_21' title='bbox 3363 442 3594 517; x_wconf 76' lang='lat' dir='ltr'><strong>didicit,</strong></span> 
     </span>
    </p>
   </div>
   <div class='ocr_carea' id='block_1_5' title="bbox 227 530 1887 613">
    <p class='ocr_par' dir='ltr' id='par_1_5' title="bbox 227 531 1876 613">
     <span class='ocr_line' id='line_1_5' title="bbox 227 531 1876 613; baseline 0.001 -28"><span class='ocrx_word' id='word_1_22' title='bbox 227 536 314 586; x_wconf 87' lang='grc' dir='ltr'><strong>νῦν</strong></span> <span class='ocrx_word' id='word_1_23' title='bbox 345 532 378 597; x_wconf 82' lang='grc' dir='ltr'>ἠ</span> <span class='ocrx_word' id='word_1_24' title='bbox 424 531 664 607; x_wconf 83' lang='grc' dir='ltr'><strong>βασιλεία</strong></span> <span class='ocrx_word' id='word_1_25' title='bbox 713 554 814 607; x_wconf 87' lang='grc' dir='ltr'><strong>μου</strong></span> <span class='ocrx_word' id='word_1_26' title='bbox 867 532 1046 608; x_wconf 85' lang='grc' dir='ltr'><strong>μάθοι,</strong></span> <span class='ocrx_word' id='word_1_27' title='bbox 1099 532 1172 597; x_wconf 82' lang='grc' dir='ltr'><strong>ὥς</strong></span> <span class='ocrx_word' id='word_1_28' title='bbox 1216 554 1354 596; x_wconf 86' lang='grc' dir='ltr'><strong>τινες</strong></span> <span class='ocrx_word' id='word_1_29' title='bbox 1424 534 1530 591; x_wconf 78' lang='grc' dir='ltr'><strong>τῶν</strong></span> <span class='ocrx_word' id='word_1_30' title='bbox 1585 533 1876 613; x_wconf 78' lang='grc' dir='ltr'><strong>ἀρχιερέων</strong></span> 
     </span>
    </p>
   </div>
   <div class='ocr_carea' id='block_1_6' title="bbox 1974 530 3597 613">
    <p class='ocr_par' dir='ltr' id='par_1_6' title="bbox 1974 530 3597 612">
     <span class='ocr_line' id='line_1_6' title="bbox 1974 530 3597 612; baseline 0.002 -21"><span class='ocrx_word' id='word_1_31' title='bbox 1974 531 2244 610; x_wconf 66' lang='grc' dir='ltr'><strong>ιυοεόοῐη</strong></span> <span class='ocrx_word' id='word_1_32' title='bbox 2277 532 2586 612; x_wconf 87' lang='lat' dir='ltr'><strong>pontiﬁces</strong></span> <span class='ocrx_word' id='word_1_33' title='bbox 2613 530 2937 593; x_wconf 81' lang='lat' dir='ltr'><strong>ambitione</strong></span> <span class='ocrx_word' id='word_1_34' title='bbox 2987 531 3237 612; x_wconf 90' lang='lat' dir='ltr'><strong>quadam</strong></span> <span class='ocrx_word' id='word_1_35' title='bbox 3287 532 3597 612; x_wconf 90' lang='lat' dir='ltr'><strong>impulsos,</strong></span> 
     </span>
    </p>
   </div>
   <div class='ocr_carea' id='block_1_7' title="bbox 228 618 1887 703">
    <p class='ocr_par' dir='ltr' id='par_1_7' title="bbox 228 618 1874 703">
     <span class='ocr_line' id='line_1_7' title="bbox 228 618 1874 703; baseline 0.002 -29"><span class='ocrx_word' id='word_1_36' title='bbox 228 618 778 700; x_wconf 75' lang='grc' dir='ltr'><strong>ἀντιφιλοτιμούμενοι</strong></span> <span class='ocrx_word' id='word_1_37' title='bbox 835 627 1118 700; x_wconf 81' lang='grc' dir='ltr'><strong>πειρῶνται</strong></span> <span class='ocrx_word' id='word_1_38' title='bbox 1175 625 1237 679; x_wconf 82' lang='grc' dir='ltr'><strong>τὸ</strong></span> <span class='ocrx_word' id='word_1_39' title='bbox 1297 630 1390 680; x_wconf 92' lang='grc' dir='ltr'><strong>τοῦ</strong></span> <span class='ocrx_word' id='word_1_40' title='bbox 1474 621 1874 703; x_wconf 74' lang='grc' dir='ltr'><strong>χαρτοιρύλακος</strong></span> 
     </span>
    </p>
   </div>
   <div class='ocr_carea' id='block_1_8' title="bbox 1974 618 3601 703">
    <p class='ocr_par' dir='ltr' id='par_1_8' title="bbox 1974 619 3601 702">
     <span class='ocr_line' id='line_1_8' title="bbox 1974 619 3601 702; baseline 0.002 -23"><span class='ocrx_word' id='word_1_41' title='bbox 1974 619 2300 682; x_wconf 88' lang='lat' dir='ltr'><strong>:hartularii</strong></span> <span class='ocrx_word' id='word_1_42' title='bbox 2355 620 2701 700; x_wconf 80' lang='lat' dir='ltr'><strong>dignitatem</strong></span> <span class='ocrx_word' id='word_1_43' title='bbox 2762 620 3102 701; x_wconf 85' lang='lat' dir='ltr'><strong>deprimere</strong></span> <span class='ocrx_word' id='word_1_44' title='bbox 3158 620 3332 695; x_wconf 86' lang='lat' dir='ltr'><strong>velle,</strong></span> <span class='ocrx_word' id='word_1_45' title='bbox 3379 639 3601 702; x_wconf 83' lang='lat' dir='ltr'><strong>perque</strong></span> 
     </span>
    </p>
   </div>
   <div class='ocr_carea' id='block_1_9' title="bbox 227 705 1887 790">
    <p class='ocr_par' dir='ltr' id='par_1_9' title="bbox 227 705 1876 790">
     <span class='ocr_line' id='line_1_9' title="bbox 227 705 1876 790; baseline 0.002 -27"><span class='ocrx_word' id='word_1_46' title='bbox 227 705 539 766; x_wconf 76' lang='grc' dir='ltr'><strong>ὑποϐιϐάσαι</strong></span> <span class='ocrx_word' id='word_1_47' title='bbox 595 711 904 790; x_wconf 70' lang='grc' dir='ltr'><strong>προνόμιον,</strong></span> <span class='ocrx_word' id='word_1_48' title='bbox 968 713 1055 768; x_wconf 83' lang='grc' dir='ltr'><strong>καὶ</strong></span> <span class='ocrx_word' id='word_1_49' title='bbox 1108 711 1332 776; x_wconf 79' lang='grc' dir='ltr'><strong>κανόνας</strong></span> <span class='ocrx_word' id='word_1_50' title='bbox 1389 713 1461 776; x_wconf 81' lang='grc' dir='ltr'><strong>εἷς</strong></span> <span class='ocrx_word' id='word_1_51' title='bbox 1534 711 1692 787; x_wconf 78' lang='grc' dir='ltr'><strong>μέσον</strong></span> <span class='ocrx_word' id='word_1_52' title='bbox 1747 733 1876 790; x_wconf 71' lang='grc' dir='ltr'><strong>προε-</strong></span> 
     </span>
    </p>
   </div>
   <div class='ocr_carea' id='block_1_10' title="bbox 1974 705 3602 790">
    <p class='ocr_par' dir='ltr' id='par_1_10' title="bbox 1974 709 3602 790">
     <span class='ocr_line' id='line_1_10' title="bbox 1974 709 3602 790; baseline 0.001 -21"><span class='ocrx_word' id='word_1_53' title='bbox 1974 727 2218 771; x_wconf 75' lang='lat' dir='ltr'><strong>;anones</strong></span> <span class='ocrx_word' id='word_1_54' title='bbox 2249 710 2309 772; x_wconf 93' lang='lat' dir='ltr'><strong>in</strong></span> <span class='ocrx_word' id='word_1_55' title='bbox 2341 710 2602 772; x_wconf 92' lang='lat' dir='ltr'><strong>medium</strong></span> <span class='ocrx_word' id='word_1_56' title='bbox 2634 709 2956 790; x_wconf 90' lang='lat' dir='ltr'><strong>productos</strong></span> <span class='ocrx_word' id='word_1_57' title='bbox 2978 710 3489 780; x_wconf 76' lang='lat' dir='ltr'><strong>contendere,non</strong></span> <span class='ocrx_word' id='word_1_58' title='bbox 3515 710 3602 771; x_wconf 90' lang='lat' dir='ltr'>illi</span> 
     </span>
    </p>
   </div>
   <div class='ocr_carea' id='block_1_11' title="bbox 230 797 1887 882">
    <p class='ocr_par' dir='ltr' id='par_1_11' title="bbox 230 797 1876 882">
     <span class='ocr_line' id='line_1_11' title="bbox 230 797 1876 882; baseline 0.001 -28"><span class='ocrx_word' id='word_1_59' title='bbox 230 797 496 877; x_wconf 76' lang='grc' dir='ltr'><strong>φέροντες,</strong></span> <span class='ocrx_word' id='word_1_60' title='bbox 554 797 638 855; x_wconf 79' lang='grc' dir='ltr'><strong>διὰ</strong></span> <span class='ocrx_word' id='word_1_61' title='bbox 694 802 892 857; x_wconf 83' lang='grc' dir='ltr'><strong>τούτων</strong></span> <span class='ocrx_word' id='word_1_62' title='bbox 968 800 1320 882; x_wconf 77' lang='grc' dir='ltr'><strong>φιλονεικοῦσι</strong></span> <span class='ocrx_word' id='word_1_63' title='bbox 1380 802 1458 878; x_wconf 79' lang='grc' dir='ltr'><strong>μὴ</strong></span> <span class='ocrx_word' id='word_1_64' title='bbox 1518 803 1876 881; x_wconf 72' lang='grc' dir='ltr'><strong>προκαθῆσθαι</strong></span> 
     </span>
    </p>
   </div>
   <div class='ocr_carea' id='block_1_12' title="bbox 1974 797 3603 882">
    <p class='ocr_par' dir='ltr' id='par_1_12' title="bbox 1974 798 3603 880">
     <span class='ocr_line' id='line_1_12' title="bbox 1974 798 3603 880; baseline 0.001 -21"><span class='ocrx_word' id='word_1_65' title='bbox 1974 799 2285 860; x_wconf 73' lang='lat' dir='ltr'><strong>sessionem</strong></span> <span class='ocrx_word' id='word_1_66' title='bbox 2346 817 2524 880; x_wconf 87' lang='lat' dir='ltr'><strong>supra</strong></span> <span class='ocrx_word' id='word_1_67' title='bbox 2573 798 2881 879; x_wconf 89' lang='lat' dir='ltr'><strong>pontiﬁces</strong></span> <span class='ocrx_word' id='word_1_68' title='bbox 2940 807 3304 880; x_wconf 77' lang='lat' dir='ltr'><strong>competere,</strong></span> <span class='ocrx_word' id='word_1_69' title='bbox 3369 800 3603 880; x_wconf 89' lang='lat' dir='ltr'><strong>quoties</strong></span> 
     </span>
    </p>
   </div>
   <div class='ocr_carea' id='block_1_13' title="bbox 232 887 1880 969">
    <p class='ocr_par' dir='ltr' id='par_1_13' title="bbox 232 887 1880 969">
     <span class='ocr_line' id='line_1_13' title="bbox 232 887 1880 969; baseline 0.002 -28"><span class='ocrx_word' id='word_1_70' title='bbox 232 887 389 942; x_wconf 69' lang='grc' dir='ltr'><strong>αὐτὸν</strong></span> <span class='ocrx_word' id='word_1_71' title='bbox 443 894 548 944; x_wconf 82' lang='grc' dir='ltr'><strong>τῶν</strong></span> <span class='ocrx_word' id='word_1_72' title='bbox 591 887 906 969; x_wconf 77' lang='grc' dir='ltr'><strong>ἀρχιερέων,</strong></span> <span class='ocrx_word' id='word_1_73' title='bbox 967 890 1196 958; x_wconf 80' lang='grc' dir='ltr'><strong>ὁπηνίκα</strong></span> <span class='ocrx_word' id='word_1_74' title='bbox 1237 889 1343 948; x_wconf 83' lang='grc' dir='ltr'><strong>δέοι</strong></span> <span class='ocrx_word' id='word_1_75' title='bbox 1413 891 1624 953; x_wconf 81' lang='grc' dir='ltr'><strong>τούτους</strong></span> <span class='ocrx_word' id='word_1_76' title='bbox 1693 889 1880 966; x_wconf 80' lang='grc' dir='ltr'><strong>συνέρ-</strong></span> 
     </span>
    </p>
   </div>
   <div class='ocr_carea' id='block_1_14' title="bbox 233 977 1880 1059">
    <p class='ocr_par' dir='ltr' id='par_1_14' title="bbox 233 977 1880 1059">
     <span class='ocr_line' id='line_1_14' title="bbox 233 977 1880 1059; baseline 0.002 -28"><span class='ocrx_word' id='word_1_77' title='bbox 233 978 420 1054; x_wconf 83' lang='grc' dir='ltr'><strong>χεσθαι</strong></span> <span class='ocrx_word' id='word_1_78' title='bbox 451 977 584 1033; x_wconf 89' lang='grc' dir='ltr'><strong>κατά</strong></span> <span class='ocrx_word' id='word_1_79' title='bbox 627 1000 744 1036; x_wconf 89' lang='grc' dir='ltr'><strong>τινα</strong></span> <span class='ocrx_word' id='word_1_80' title='bbox 803 979 1010 1059; x_wconf 83' lang='grc' dir='ltr'><strong>χρείαν,</strong></span> <span class='ocrx_word' id='word_1_81' title='bbox 1053 981 1140 1036; x_wconf 87' lang='grc' dir='ltr'><strong>καὶ</strong></span> <span class='ocrx_word' id='word_1_82' title='bbox 1189 977 1531 1059; x_wconf 81' lang='grc' dir='ltr'><strong>συνεδριάζειν</strong></span> <span class='ocrx_word' id='word_1_83' title='bbox 1574 979 1708 1036; x_wconf 79' lang='grc' dir='ltr'><strong>κατὰ</strong></span> <span class='ocrx_word' id='word_1_84' title='bbox 1749 999 1880 1035; x_wconf 87' lang='grc' dir='ltr'><strong>ταυ-</strong></span> 
     </span>
    </p>
   </div>
   <div class='ocr_carea' id='block_1_15' title="bbox 232 1065 1879 1148">
    <p class='ocr_par' dir='ltr' id='par_1_15' title="bbox 232 1065 1879 1148">
     <span class='ocr_line' id='line_1_15' title="bbox 232 1065 1879 1148; baseline 0.003 -30"><span class='ocrx_word' id='word_1_85' title='bbox 232 1065 346 1136; x_wconf 79' lang='grc' dir='ltr'><strong>τὸν,</strong></span> <span class='ocrx_word' id='word_1_86' title='bbox 404 1067 506 1143; x_wconf 87' lang='grc' dir='ltr'><strong>πρὸ</strong></span> <span class='ocrx_word' id='word_1_87' title='bbox 547 1068 646 1134; x_wconf 77' lang='grc' dir='ltr'><strong>τῆς</strong></span> <span class='ocrx_word' id='word_1_88' title='bbox 692 1069 763 1132; x_wconf 78' lang='grc' dir='ltr'><strong>εἷς</strong></span> <span class='ocrx_word' id='word_1_89' title='bbox 830 1069 931 1136; x_wconf 77' lang='grc' dir='ltr'><strong>τὴν</strong></span> <span class='ocrx_word' id='word_1_90' title='bbox 1000 1069 1297 1148; x_wconf 77' lang='grc' dir='ltr'><strong>ἁγιωσύνην</strong></span> <span class='ocrx_word' id='word_1_91' title='bbox 1353 1091 1446 1125; x_wconf 87' lang='grc' dir='ltr'><strong>σου</strong></span> <span class='ocrx_word' id='word_1_92' title='bbox 1517 1067 1879 1146; x_wconf 80' lang='grc' dir='ltr'><strong>εἰσελεύσεως,</strong></span> 
     </span>
    </p>
   </div>
   <div class='ocr_carea' id='block_1_16' title="bbox 234 1153 1882 1236">
    <p class='ocr_par' dir='ltr' id='par_1_16' title="bbox 234 1153 1882 1236">
     <span class='ocr_line' id='line_1_16' title="bbox 234 1153 1882 1236; baseline 0.003 -27"><span class='ocrx_word' id='word_1_93' title='bbox 234 1153 331 1209; x_wconf 75' lang='grc' dir='ltr'><strong>οὒκ</strong></span> <span class='ocrx_word' id='word_1_94' title='bbox 372 1153 666 1235; x_wconf 77' lang='grc' dir='ltr'><strong>ἀνασχετὸν</strong></span> <span class='ocrx_word' id='word_1_95' title='bbox 731 1163 798 1234; x_wconf 77' lang='grc' dir='ltr'><strong>τῇ</strong></span> <span class='ocrx_word' id='word_1_96' title='bbox 853 1157 1092 1235; x_wconf 76' lang='grc' dir='ltr'><strong>βασιλείᾳ</strong></span> <span class='ocrx_word' id='word_1_97' title='bbox 1163 1182 1264 1236; x_wconf 87' lang='grc' dir='ltr'><strong>μου</strong></span> <span class='ocrx_word' id='word_1_98' title='bbox 1319 1157 1478 1233; x_wconf 76' lang='grc' dir='ltr'><strong>ἔδοξε,</strong></span> <span class='ocrx_word' id='word_1_99' title='bbox 1537 1164 1756 1236; x_wconf 81' lang='grc' dir='ltr'><strong>πρᾶγμα</strong></span> <span class='ocrx_word' id='word_1_100' title='bbox 1798 1154 1882 1212; x_wconf 80' lang='grc' dir='ltr'><strong>διὰ</strong></span> 
     </span>
    </p>
   </div>
   <div class='ocr_carea' id='block_1_17' title="bbox 229 1243 1878 1325">
    <p class='ocr_par' dir='ltr' id='par_1_17' title="bbox 229 1243 1878 1325">
     <span class='ocr_line' id='line_1_17' title="bbox 229 1243 1878 1325; baseline 0.003 -28"><span class='ocrx_word' id='word_1_101' title='bbox 229 1243 481 1300; x_wconf 81' lang='grc' dir='ltr'><strong>τοσούτου</strong></span> <span class='ocrx_word' id='word_1_102' title='bbox 511 1246 705 1324; x_wconf 84' lang='grc' dir='ltr'><strong>χρόνου</strong></span> <span class='ocrx_word' id='word_1_103' title='bbox 755 1247 1087 1322; x_wconf 75' lang='grc' dir='ltr'><strong>βασανισθὲν,</strong></span> <span class='ocrx_word' id='word_1_104' title='bbox 1135 1249 1219 1304; x_wconf 74' lang='grc' dir='ltr'><strong>καὶ</strong></span> <span class='ocrx_word' id='word_1_105' title='bbox 1273 1262 1390 1312; x_wconf 77' lang='grc' dir='ltr'><strong>τοῖς</strong></span> <span class='ocrx_word' id='word_1_106' title='bbox 1432 1249 1550 1325; x_wconf 77' lang='grc' dir='ltr'><strong>πρὶν</strong></span> <span class='ocrx_word' id='word_1_107' title='bbox 1620 1246 1878 1325; x_wconf 82' lang='grc' dir='ltr'><strong>πατριάρ-</strong></span> 
     </span>
    </p>
   </div>
   <div class='ocr_carea' id='block_1_18' title="bbox 234 1333 1880 1418">
    <p class='ocr_par' dir='ltr' id='par_1_18' title="bbox 234 1333 1880 1418">
     <span class='ocr_line' id='line_1_18' title="bbox 234 1333 1880 1418; baseline 0.002 -32"><span class='ocrx_word' id='word_1_108' title='bbox 234 1353 363 1409; x_wconf 79' lang='grc' dir='ltr'><strong>χαις</strong></span> <span class='ocrx_word' id='word_1_109' title='bbox 433 1335 521 1390; x_wconf 87' lang='grc' dir='ltr'><strong>καὶ</strong></span> <span class='ocrx_word' id='word_1_110' title='bbox 598 1348 718 1398; x_wconf 75' lang='grc' dir='ltr'><strong>τοῖς</strong></span> <span class='ocrx_word' id='word_1_111' title='bbox 793 1334 973 1402; x_wconf 74' lang='grc' dir='ltr'><strong>ἄλλοις</strong></span> <span class='ocrx_word' id='word_1_112' title='bbox 1055 1336 1408 1418; x_wconf 72' lang='grc' dir='ltr'><strong>ἀρχιερεῦσιν,</strong></span> <span class='ocrx_word' id='word_1_113' title='bbox 1469 1335 1602 1396; x_wconf 74' lang='grc' dir='ltr'><strong>ἀλλὰ</strong></span> <span class='ocrx_word' id='word_1_114' title='bbox 1657 1333 1723 1402; x_wconf 80' lang='grc' dir='ltr'><strong>δὴ</strong></span> <span class='ocrx_word' id='word_1_115' title='bbox 1792 1335 1880 1390; x_wconf 85' lang='grc' dir='ltr'><strong>καὶ</strong></span> 
     </span>
    </p>
   </div>
   <div class='ocr_carea' id='block_1_19' title="bbox 235 1421 1878 1506">
    <p class='ocr_par' dir='ltr' id='par_1_19' title="bbox 235 1421 1878 1506">
     <span class='ocr_line' id='line_1_19' title="bbox 235 1421 1878 1506; baseline 0.002 -31"><span class='ocrx_word' id='word_1_116' title='bbox 235 1421 417 1486; x_wconf 71' lang='grc' dir='ltr'><strong>αὐτοῖς</strong></span> <span class='ocrx_word' id='word_1_117' title='bbox 472 1436 589 1488; x_wconf 79' lang='grc' dir='ltr'><strong>τοῖς</strong></span> <span class='ocrx_word' id='word_1_118' title='bbox 632 1431 719 1480; x_wconf 89' lang='grc' dir='ltr'><strong>νῦν</strong></span> <span class='ocrx_word' id='word_1_119' title='bbox 777 1425 864 1482; x_wconf 67' lang='grc' dir='ltr'><strong>οὒκ</strong></span> <span class='ocrx_word' id='word_1_120' title='bbox 925 1425 1010 1482; x_wconf 81' lang='grc' dir='ltr'><strong>ἐπ’</strong></span> <span class='ocrx_word' id='word_1_121' title='bbox 1077 1426 1280 1506; x_wconf 76' lang='grc' dir='ltr'><strong>εὐλόγῳ</strong></span> <span class='ocrx_word' id='word_1_122' title='bbox 1335 1425 1555 1505; x_wconf 73' lang='grc' dir='ltr'><strong>ἐρίζουσι</strong></span> <span class='ocrx_word' id='word_1_123' title='bbox 1609 1423 1878 1502; x_wconf 75' lang='grc' dir='ltr'><strong>πράγματι</strong></span> 
     </span>
    </p>
   </div>
   <div class='ocr_carea' id='block_1_20' title="bbox 234 1506 1878 1595">
    <p class='ocr_par' dir='ltr' id='par_1_20' title="bbox 234 1506 1878 1595">
     <span class='ocr_line' id='line_1_20' title="bbox 234 1506 1878 1595; baseline 0.002 -31"><span class='ocrx_word' id='word_1_124' title='bbox 234 1506 318 1564; x_wconf 75' lang='grc' dir='ltr'><strong>διὰ</strong></span> <span class='ocrx_word' id='word_1_125' title='bbox 360 1516 462 1578; x_wconf 80' lang='grc' dir='ltr'><strong>τῆς</strong></span> <span class='ocrx_word' id='word_1_126' title='bbox 518 1510 856 1588; x_wconf 82' lang='grc' dir='ltr'><strong>πολυημένου</strong></span> <span class='ocrx_word' id='word_1_127' title='bbox 911 1512 1097 1595; x_wconf 77' lang='grc' dir='ltr'><strong>δεχθὲν</strong></span> <span class='ocrx_word' id='word_1_128' title='bbox 1153 1515 1383 1589; x_wconf 69' lang='grc' dir='ltr'><strong>σιωπῆς,</strong></span> <span class='ocrx_word' id='word_1_129' title='bbox 1439 1515 1575 1573; x_wconf 85' lang='grc' dir='ltr'><strong>κατὰ</strong></span> <span class='ocrx_word' id='word_1_130' title='bbox 1639 1514 1702 1570; x_wconf 82' lang='lat'><strong>1‘0</strong></span> <span class='ocrx_word' id='word_1_131' title='bbox 1749 1534 1878 1591; x_wconf 84' lang='grc' dir='ltr'><strong>παρ-</strong></span> 
     </span>
    </p>
   </div>
   <div class='ocr_carea' id='block_1_21' title="bbox 235 1597 1878 1683">
    <p class='ocr_par' dir='ltr' id='par_1_21' title="bbox 235 1597 1878 1683">
     <span class='ocr_line' id='line_1_21' title="bbox 235 1597 1878 1683; baseline 0.002 -28"><span class='ocrx_word' id='word_1_132' title='bbox 235 1597 390 1658; x_wconf 82' lang='grc' dir='ltr'><strong>ἐλκον</strong></span> <span class='ocrx_word' id='word_1_133' title='bbox 419 1601 759 1683; x_wconf 79' lang='grc' dir='ltr'><strong>ἀθετηθῆναι,</strong></span> <span class='ocrx_word' id='word_1_134' title='bbox 817 1606 903 1660; x_wconf 87' lang='grc' dir='ltr'><strong>καὶ</strong></span> <span class='ocrx_word' id='word_1_135' title='bbox 933 1605 1006 1668; x_wconf 84' lang='grc' dir='ltr'><strong>ὥς</strong></span> <span class='ocrx_word' id='word_1_136' title='bbox 1035 1628 1085 1662; x_wconf 90' lang='grc' dir='ltr'><strong>τι</strong></span> <span class='ocrx_word' id='word_1_137' title='bbox 1128 1613 1232 1662; x_wconf 84' lang='grc' dir='ltr'><strong>τῶν</strong></span> <span class='ocrx_word' id='word_1_138' title='bbox 1287 1604 1643 1682; x_wconf 77' lang='grc' dir='ltr'><strong>ἠμελημένων</strong></span> <span class='ocrx_word' id='word_1_139' title='bbox 1701 1626 1878 1683; x_wconf 84' lang='grc' dir='ltr'><strong>παρα-</strong></span> 
     </span>
    </p>
   </div>
   <div class='ocr_carea' id='block_1_22' title="bbox 1965 885 3606 967">
    <p class='ocr_par' dir='ltr' id='par_1_22' title="bbox 1965 885 3606 967">
     <span class='ocr_line' id='line_1_22' title="bbox 1965 885 3606 967; baseline 0.001 -20"><span class='ocrx_word' id='word_1_140' title='bbox 1965 885 2052 947; x_wconf 90' lang='lat' dir='ltr'><strong>eis</strong></span> <span class='ocrx_word' id='word_1_141' title='bbox 2092 886 2344 967; x_wconf 85' lang='lat' dir='ltr'><strong>alicujus</strong></span> <span class='ocrx_word' id='word_1_142' title='bbox 2395 887 2615 967; x_wconf 79' lang='lat' dir='ltr'><strong>negotii</strong></span> <span class='ocrx_word' id='word_1_143' title='bbox 2666 905 2839 950; x_wconf 83' lang='lat' dir='ltr'><strong>causa</strong></span> <span class='ocrx_word' id='word_1_144' title='bbox 2895 888 3366 951; x_wconf 89' lang='lat' dir='ltr'><strong>conveniendum</strong></span> <span class='ocrx_word' id='word_1_145' title='bbox 3399 889 3497 961; x_wconf 91' lang='lat' dir='ltr'><strong>sit,</strong></span> <span class='ocrx_word' id='word_1_146' title='bbox 3548 896 3606 950; x_wconf 90' lang='lat' dir='ltr'><strong>et</strong></span> 
     </span>
    </p>
   </div>
   <div class='ocr_carea' id='block_1_23' title="bbox 1965 975 3600 1046">
    <p class='ocr_par' dir='ltr' id='par_1_23' title="bbox 1965 975 3600 1046">
     <span class='ocr_line' id='line_1_23' title="bbox 1965 975 3600 1046; baseline 0.002 -11"><span class='ocrx_word' id='word_1_147' title='bbox 1965 993 2079 1036; x_wconf 92' lang='lat' dir='ltr'><strong>una</strong></span> <span class='ocrx_word' id='word_1_148' title='bbox 2126 975 2558 1038; x_wconf 88' lang='lat' dir='ltr'><strong>considendum</strong></span> <span class='ocrx_word' id='word_1_149' title='bbox 2604 975 2664 1036; x_wconf 93' lang='lat' dir='ltr'><strong>in</strong></span> <span class='ocrx_word' id='word_1_150' title='bbox 2714 984 2948 1046; x_wconf 86' lang='lat' dir='ltr'><strong>senatu,</strong></span> <span class='ocrx_word' id='word_1_151' title='bbox 3003 985 3141 1040; x_wconf 87' lang='lat' dir='ltr'><strong>ante</strong></span> <span class='ocrx_word' id='word_1_152' title='bbox 3190 996 3496 1040; x_wconf 88' lang='lat' dir='ltr'><strong>accessum</strong></span> <span class='ocrx_word' id='word_1_153' title='bbox 3531 977 3600 1038; x_wconf 89' lang='lat' dir='ltr'><strong>ad</strong></span> 
     </span>
    </p>
   </div>
   <div class='ocr_carea' id='block_1_24' title="bbox 1964 1064 3602 1146">
    <p class='ocr_par' dir='ltr' id='par_1_24' title="bbox 1964 1064 3602 1146">
     <span class='ocr_line' id='line_1_24' title="bbox 1964 1064 3602 1146; baseline 0.002 -21"><span class='ocrx_word' id='word_1_154' title='bbox 1964 1065 2335 1126; x_wconf 86' lang='lat' dir='ltr'><strong>sanctitatem</strong></span> <span class='ocrx_word' id='word_1_155' title='bbox 2386 1077 2596 1128; x_wconf 89' lang='lat' dir='ltr'><strong>tuam:</strong></span> <span class='ocrx_word' id='word_1_156' title='bbox 2644 1064 2890 1128; x_wconf 91' lang='lat' dir='ltr'><strong>minime</strong></span> <span class='ocrx_word' id='word_1_157' title='bbox 2936 1066 3249 1129; x_wconf 88' lang='lat' dir='ltr'><strong>ferendum</strong></span> <span class='ocrx_word' id='word_1_158' title='bbox 3313 1067 3602 1146; x_wconf 87' lang='lat' dir='ltr'><strong>majestati</strong></span> 
     </span>
    </p>
   </div>
   <div class='ocr_carea' id='block_1_25' title="bbox 1966 1153 3601 1237">
    <p class='ocr_par' dir='ltr' id='par_1_25' title="bbox 1966 1153 3601 1237">
     <span class='ocr_line' id='line_1_25' title="bbox 1966 1153 3601 1237; baseline 0.003 -24"><span class='ocrx_word' id='word_1_159' title='bbox 1966 1171 2114 1215; x_wconf 64' lang='lat' dir='ltr'><strong>mea;</strong></span> <span class='ocrx_word' id='word_1_160' title='bbox 2143 1153 2327 1215; x_wconf 93' lang='lat' dir='ltr'><strong>visum</strong></span> <span class='ocrx_word' id='word_1_161' title='bbox 2359 1165 2473 1229; x_wconf 84' lang='lat' dir='ltr'><strong>est,</strong></span> <span class='ocrx_word' id='word_1_162' title='bbox 2508 1162 2570 1215; x_wconf 88' lang='lat' dir='ltr'><strong>ut</strong></span> <span class='ocrx_word' id='word_1_163' title='bbox 2594 1173 2690 1216; x_wconf 92' lang='lat' dir='ltr'><strong>res</strong></span> <span class='ocrx_word' id='word_1_164' title='bbox 2731 1163 2889 1217; x_wconf 90' lang='lat' dir='ltr'><strong>tanto</strong></span> <span class='ocrx_word' id='word_1_165' title='bbox 2925 1157 3047 1236; x_wconf 91' lang='lat' dir='ltr'><strong>jam</strong></span> <span class='ocrx_word' id='word_1_166' title='bbox 3086 1164 3351 1237; x_wconf 90' lang='lat' dir='ltr'><strong>tempore</strong></span> <span class='ocrx_word' id='word_1_167' title='bbox 3383 1156 3601 1236; x_wconf 88' lang='lat' dir='ltr'><strong>proba-</strong></span> 
     </span>
    </p>
   </div>
   <div class='ocr_carea' id='block_1_26' title="bbox 1967 1242 3604 1326">
    <p class='ocr_par' dir='ltr' id='par_1_26' title="bbox 1967 1242 3604 1326">
     <span class='ocr_line' id='line_1_26' title="bbox 1967 1242 3604 1326; baseline 0.004 -25"><span class='ocrx_word' id='word_1_168' title='bbox 1967 1249 2045 1313; x_wconf 85' lang='lat' dir='ltr'><strong>ta,</strong></span> <span class='ocrx_word' id='word_1_169' title='bbox 2085 1249 2191 1302; x_wconf 89' lang='lat' dir='ltr'><strong>eta</strong></span> <span class='ocrx_word' id='word_1_170' title='bbox 2218 1242 2622 1323; x_wconf 87' lang='lat' dir='ltr'><strong>superioribus</strong></span> <span class='ocrx_word' id='word_1_171' title='bbox 2673 1244 3052 1324; x_wconf 82' lang='lat' dir='ltr'><strong>patriarchis,</strong></span> <span class='ocrx_word' id='word_1_172' title='bbox 3105 1263 3174 1306; x_wconf 92' lang='lat' dir='ltr'><strong>ac</strong></span> <span class='ocrx_word' id='word_1_173' title='bbox 3227 1245 3604 1326; x_wconf 88' lang='lat' dir='ltr'><strong>pontiﬁcibus</strong></span> 
     </span>
    </p>
   </div>
   <div class='ocr_carea' id='block_1_27' title="bbox 1961 1329 3607 1414">
    <p class='ocr_par' dir='ltr' id='par_1_27' title="bbox 1961 1329 3607 1414">
     <span class='ocr_line' id='line_1_27' title="bbox 1961 1329 3607 1414; baseline 0.004 -24"><span class='ocrx_word' id='word_1_174' title='bbox 1961 1329 2111 1404; x_wconf 90' lang='lat' dir='ltr'><strong>aliis,</strong></span> <span class='ocrx_word' id='word_1_175' title='bbox 2163 1339 2341 1410; x_wconf 88' lang='lat' dir='ltr'><strong>atque</strong></span> <span class='ocrx_word' id='word_1_176' title='bbox 2391 1331 2510 1392; x_wconf 91' lang='lat' dir='ltr'><strong>illis</strong></span> <span class='ocrx_word' id='word_1_177' title='bbox 2565 1332 2711 1412; x_wconf 86' lang='lat' dir='ltr'><strong>ipsis</strong></span> <span class='ocrx_word' id='word_1_178' title='bbox 2761 1333 2931 1414; x_wconf 84' lang='lat' dir='ltr'><strong>adeo,</strong></span> <span class='ocrx_word' id='word_1_179' title='bbox 2983 1333 3085 1414; x_wconf 92' lang='lat' dir='ltr'><strong>qui</strong></span> <span class='ocrx_word' id='word_1_180' title='bbox 3119 1335 3242 1413; x_wconf 89' lang='lat' dir='ltr'><strong>jam</strong></span> <span class='ocrx_word' id='word_1_181' title='bbox 3292 1353 3407 1395; x_wconf 90' lang='lat' dir='ltr'><strong>non</strong></span> <span class='ocrx_word' id='word_1_182' title='bbox 3446 1336 3607 1414; x_wconf 88' lang='lat' dir='ltr'><strong>justa</strong></span> 
     </span>
    </p>
   </div>
   <div class='ocr_carea' id='block_1_28' title="bbox 1961 1418 3604 1498">
    <p class='ocr_par' dir='ltr' id='par_1_28' title="bbox 1961 1418 3604 1498">
     <span class='ocr_line' id='line_1_28' title="bbox 1961 1418 3604 1498; baseline 0.004 -19"><span class='ocrx_word' id='word_1_183' title='bbox 1961 1418 2036 1479; x_wconf 91' lang='lat' dir='ltr'><strong>de</strong></span> <span class='ocrx_word' id='word_1_184' title='bbox 2067 1438 2243 1481; x_wconf 90' lang='lat' dir='ltr'><strong>causa</strong></span> <span class='ocrx_word' id='word_1_185' title='bbox 2271 1420 2556 1496; x_wconf 85' lang='lat' dir='ltr'><strong>rixantur,</strong></span> <span class='ocrx_word' id='word_1_186' title='bbox 2593 1421 2872 1484; x_wconf 86' lang='lat' dir='ltr'><strong>diuturno</strong></span> <span class='ocrx_word' id='word_1_187' title='bbox 2902 1423 3140 1488; x_wconf 90' lang='lat' dir='ltr'><strong>silentio</strong></span> <span class='ocrx_word' id='word_1_188' title='bbox 3185 1424 3466 1498; x_wconf 87' lang='lat' dir='ltr'><strong>admissa,</strong></span> <span class='ocrx_word' id='word_1_189' title='bbox 3500 1443 3604 1486; x_wconf 86' lang='lat' dir='ltr'><strong>ur-</strong></span> 
     </span>
    </p>
   </div>
   <div class='ocr_carea' id='block_1_29' title="bbox 1960 1509 3603 1594">
    <p class='ocr_par' dir='ltr' id='par_1_29' title="bbox 1960 1509 3603 1594">
     <span class='ocr_line' id='line_1_29' title="bbox 1960 1509 3603 1594; baseline 0.005 -26"><span class='ocrx_word' id='word_1_190' title='bbox 1960 1515 2140 1586; x_wconf 89' lang='lat' dir='ltr'><strong>gente</strong></span> <span class='ocrx_word' id='word_1_191' title='bbox 2171 1509 2330 1570; x_wconf 89' lang='lat' dir='ltr'><strong>nulla</strong></span> <span class='ocrx_word' id='word_1_192' title='bbox 2357 1510 2584 1572; x_wconf 86' lang='lat' dir='ltr'><strong>ratione</strong></span> <span class='ocrx_word' id='word_1_193' title='bbox 2615 1511 2943 1586; x_wconf 89' lang='lat' dir='ltr'><strong>aboleatur,</strong></span> <span class='ocrx_word' id='word_1_194' title='bbox 2977 1521 3037 1576; x_wconf 87' lang='lat' dir='ltr'><strong>et</strong></span> <span class='ocrx_word' id='word_1_195' title='bbox 3070 1513 3238 1593; x_wconf 89' lang='lat' dir='ltr'><strong>quasi</strong></span> <span class='ocrx_word' id='word_1_196' title='bbox 3271 1515 3603 1594; x_wconf 89' lang='lat' dir='ltr'><strong>neglectum</strong></span> 
     </span>
    </p>
   </div>
   <div class='ocr_carea' id='block_1_30' title="bbox 1963 1596 3606 1684">
    <p class='ocr_par' dir='ltr' id='par_1_30' title="bbox 1963 1596 3606 1684">
     <span class='ocr_line' id='line_1_30' title="bbox 1963 1596 3606 1684; baseline 0.005 -27"><span class='ocrx_word' id='word_1_197' title='bbox 1963 1596 2186 1675; x_wconf 88' lang='lat' dir='ltr'><strong>aliquid</strong></span> <span class='ocrx_word' id='word_1_198' title='bbox 2229 1599 2614 1661; x_wconf 78' lang='lat' dir='ltr'><strong>conVellatur.</strong></span> <span class='ocrx_word' id='word_1_199' title='bbox 2650 1599 3024 1683; x_wconf 88' lang='lat' dir='ltr'><strong>Quapropter</strong></span> <span class='ocrx_word' id='word_1_200' title='bbox 3060 1601 3338 1684; x_wconf 89' lang='lat' dir='ltr'><strong>quiddam</strong></span> <span class='ocrx_word' id='word_1_201' title='bbox 3391 1605 3606 1666; x_wconf 83' lang='lat' dir='ltr'><strong>rationi</strong></span> 
     </span>
    </p>
   </div>
   <div class='ocr_carea' id='block_1_31' title="bbox 233 1686 1887 1776">
    <p class='ocr_par' dir='ltr' id='par_1_31' title="bbox 233 1691 1878 1776">
     <span class='ocr_line' id='line_1_31' title="bbox 233 1691 1878 1776; baseline -0.004 -23"><span class='ocrx_word' id='word_1_202' title='bbox 233 1694 477 1768; x_wconf 77' lang='grc' dir='ltr'><strong>συρῆναι.</strong></span> <span class='ocrx_word' id='word_1_203' title='bbox 564 1693 742 1751; x_wconf 79' lang='grc' dir='ltr'><strong>Τοίνυν</strong></span> <span class='ocrx_word' id='word_1_204' title='bbox 800 1695 888 1750; x_wconf 90' lang='grc' dir='ltr'><strong>καὶ</strong></span> <span class='ocrx_word' id='word_1_205' title='bbox 956 1693 1228 1774; x_wconf 76' lang='grc' dir='ltr'><strong>διορίζεται</strong></span> <span class='ocrx_word' id='word_1_206' title='bbox 1299 1695 1570 1776; x_wconf 81' lang='grc' dir='ltr'><strong>πράγματι</strong></span> <span class='ocrx_word' id='word_1_207' title='bbox 1664 1691 1878 1771; x_wconf 76' lang='grc' dir='ltr'><strong>εὔλογον</strong></span> 
     </span>
    </p>
   </div>
   <div class='ocr_carea' id='block_1_32' title="bbox 1974 1686 3606 1776">
    <p class='ocr_par' dir='ltr' id='par_1_32' title="bbox 1974 1686 3606 1776">
     <span class='ocr_line' id='line_1_32' title="bbox 1974 1686 3606 1776; baseline 0.006 -30"><span class='ocrx_word' id='word_1_208' title='bbox 1974 1686 2132 1776; x_wconf 79' lang='lat' dir='ltr'><strong>valde</strong></span> <span class='ocrx_word' id='word_1_209' title='bbox 2155 1695 2618 1752; x_wconf 88' lang='lat' dir='ltr'><strong>consentaneum</strong></span> <span class='ocrx_word' id='word_1_210' title='bbox 2652 1698 2711 1752; x_wconf 91' lang='lat' dir='ltr'><strong>et</strong></span> <span class='ocrx_word' id='word_1_211' title='bbox 2739 1710 2972 1771; x_wconf 61' lang='lat' dir='ltr'><strong>mquum</strong></span> <span class='ocrx_word' id='word_1_212' title='bbox 3019 1693 3240 1754; x_wconf 86' lang='lat' dir='ltr'><strong>statuit.</strong></span> <span class='ocrx_word' id='word_1_213' title='bbox 3294 1693 3524 1774; x_wconf 81' lang='lat' dir='ltr'><strong>Quippe</strong></span> <span class='ocrx_word' id='word_1_214' title='bbox 3556 1695 3606 1755; x_wconf 92' lang='lat' dir='ltr'><strong>si</strong></span> 
     </span>
    </p>
   </div>
   <div class='ocr_carea' id='block_1_33' title="bbox 233 1777 1881 1865">
    <p class='ocr_par' dir='ltr' id='par_1_33' title="bbox 233 1777 1881 1865">
     <span class='ocr_line' id='line_1_33' title="bbox 233 1777 1881 1865; baseline 0.003 -32"><span class='ocrx_word' id='word_1_215' title='bbox 233 1779 322 1835; x_wconf 81' lang='grc' dir='ltr'><strong>καὶ</strong></span> <span class='ocrx_word' id='word_1_216' title='bbox 378 1780 515 1836; x_wconf 87' lang='grc' dir='ltr'><strong>πάνυ</strong></span> <span class='ocrx_word' id='word_1_217' title='bbox 569 1777 766 1838; x_wconf 90' lang='grc' dir='ltr'><strong>δίκαιον</strong></span> <span class='ocrx_word' id='word_1_218' title='bbox 849 1790 1024 1846; x_wconf 88' lang='grc' dir='ltr'><strong>τοῦτο,</strong></span> <span class='ocrx_word' id='word_1_219' title='bbox 1088 1787 1144 1841; x_wconf 83' lang='grc' dir='ltr'><strong>Εἰ</strong></span> <span class='ocrx_word' id='word_1_220' title='bbox 1201 1784 1298 1861; x_wconf 79' lang='grc' dir='ltr'><strong>μὲν</strong></span> <span class='ocrx_word' id='word_1_221' title='bbox 1352 1786 1453 1865; x_wconf 80' lang='grc' dir='ltr'><strong>γὰρ</strong></span> <span class='ocrx_word' id='word_1_222' title='bbox 1507 1787 1740 1863; x_wconf 75' lang='grc' dir='ltr'><strong>αἱροῖντο</strong></span> <span class='ocrx_word' id='word_1_223' title='bbox 1793 1785 1881 1838; x_wconf 86' lang='grc' dir='ltr'><strong>καὶ</strong></span> 
     </span>
    </p>
   </div>
   <div class='ocr_carea' id='block_1_34' title="bbox 234 1865 1882 1949">
    <p class='ocr_par' dir='ltr' id='par_1_34' title="bbox 234 1865 1882 1949">
     <span class='ocr_line' id='line_1_34' title="bbox 234 1865 1882 1949; baseline 0.002 -27"><span class='ocrx_word' id='word_1_224' title='bbox 234 1865 395 1924; x_wconf 75' lang='grc' dir='ltr'><strong>πάλιν</strong></span> <span class='ocrx_word' id='word_1_225' title='bbox 458 1871 504 1924; x_wconf 81' lang='lat' dir='ltr'><strong>oi</strong></span> <span class='ocrx_word' id='word_1_226' title='bbox 547 1867 820 1949; x_wconf 71' lang='grc' dir='ltr'><strong>ἀρχιερεῖς</strong></span> <span class='ocrx_word' id='word_1_227' title='bbox 878 1872 956 1948; x_wconf 78' lang='grc' dir='ltr'><strong>μὴ</strong></span> <span class='ocrx_word' id='word_1_228' title='bbox 999 1887 1169 1929; x_wconf 74' lang='grc' dir='ltr'><strong>κινεῖν</strong></span> <span class='ocrx_word' id='word_1_229' title='bbox 1227 1874 1288 1929; x_wconf 85' lang='grc' dir='ltr'><strong>τὸ</strong></span> <span class='ocrx_word' id='word_1_230' title='bbox 1331 1873 1576 1947; x_wconf 83' lang='grc' dir='ltr'><strong>ἀκίνητα,</strong></span> <span class='ocrx_word' id='word_1_231' title='bbox 1624 1869 1760 1948; x_wconf 79' lang='grc' dir='ltr'><strong>μηδὲ</strong></span> <span class='ocrx_word' id='word_1_232' title='bbox 1816 1871 1882 1927; x_wconf 83' lang='grc' dir='ltr'><strong>τὰ</strong></span> 
     </span>
    </p>
   </div>
   <div class='ocr_carea' id='block_1_35' title="bbox 234 1954 1880 2040">
    <p class='ocr_par' dir='ltr' id='par_1_35' title="bbox 234 1954 1880 2040">
     <span class='ocr_line' id='line_1_35' title="bbox 234 1954 1880 2040; baseline 0.003 -29"><span class='ocrx_word' id='word_1_233' title='bbox 234 1968 352 2020; x_wconf 77' lang='grc' dir='ltr'><strong>τοῖς</strong></span> <span class='ocrx_word' id='word_1_234' title='bbox 394 1957 513 2035; x_wconf 82' lang='grc' dir='ltr'><strong>πρὶν</strong></span> <span class='ocrx_word' id='word_1_235' title='bbox 568 1954 853 2036; x_wconf 72' lang='grc' dir='ltr'><strong>δεδογμένα</strong></span> <span class='ocrx_word' id='word_1_236' title='bbox 911 1961 1196 2040; x_wconf 78' lang='grc' dir='ltr'><strong>Πατράσιν,</strong></span> <span class='ocrx_word' id='word_1_237' title='bbox 1252 1960 1387 2018; x_wconf 80' lang='grc' dir='ltr'><strong>ἀλλὰ</strong></span> <span class='ocrx_word' id='word_1_238' title='bbox 1442 1959 1508 2029; x_wconf 81' lang='grc' dir='ltr'><strong>δὴ</strong></span> <span class='ocrx_word' id='word_1_239' title='bbox 1569 1963 1657 2017; x_wconf 84' lang='grc' dir='ltr'><strong>καὶ</strong></span> <span class='ocrx_word' id='word_1_240' title='bbox 1698 1963 1880 2023; x_wconf 77' lang='grc' dir='ltr'><strong>αύτοτς</strong></span> 
     </span>
    </p>
   </div>
   <div class='ocr_carea' id='block_1_36' title="bbox 235 2043 1880 2128">
    <p class='ocr_par' dir='ltr' id='par_1_36' title="bbox 235 2043 1880 2128">
     <span class='ocr_line' id='line_1_36' title="bbox 235 2043 1880 2128; baseline 0.007 -28"><span class='ocrx_word' id='word_1_241' title='bbox 235 2043 320 2100; x_wconf 82' lang='grc' dir='ltr'><strong>διὰ</strong></span> <span class='ocrx_word' id='word_1_242' title='bbox 389 2046 486 2114; x_wconf 77' lang='grc' dir='ltr'><strong>τῆς</strong></span> <span class='ocrx_word' id='word_1_243' title='bbox 543 2054 748 2128; x_wconf 80' lang='grc' dir='ltr'><strong>μακρᾶς</strong></span> <span class='ocrx_word' id='word_1_244' title='bbox 805 2047 1115 2115; x_wconf 79' lang='grc' dir='ltr'><strong>συνδόξαντα</strong></span> <span class='ocrx_word' id='word_1_245' title='bbox 1169 2056 1398 2123; x_wconf 79' lang='grc' dir='ltr'><strong>σιωπῆς,</strong></span> <span class='ocrx_word' id='word_1_246' title='bbox 1471 2051 1561 2107; x_wconf 89' lang='grc' dir='ltr'><strong>καὶ</strong></span> <span class='ocrx_word' id='word_1_247' title='bbox 1617 2054 1716 2117; x_wconf 77' lang='grc' dir='ltr'><strong>τῆς</strong></span> <span class='ocrx_word' id='word_1_248' title='bbox 1780 2049 1880 2112; x_wconf 78' lang='grc' dir='ltr'><strong>ἕως</strong></span> 
     </span>
    </p>
   </div>
   <div class='ocr_carea' id='block_1_37' title="bbox 235 2135 1881 2219">
    <p class='ocr_par' dir='ltr' id='par_1_37' title="bbox 235 2135 1881 2219">
     <span class='ocr_line' id='line_1_37' title="bbox 235 2135 1881 2219; baseline 0.003 -30"><span class='ocrx_word' id='word_1_249' title='bbox 235 2140 328 2190; x_wconf 87' lang='grc' dir='ltr'><strong>τοῦ</strong></span> <span class='ocrx_word' id='word_1_250' title='bbox 357 2145 444 2194; x_wconf 87' lang='grc' dir='ltr'><strong>νῦν</strong></span> <span class='ocrx_word' id='word_1_251' title='bbox 487 2135 716 2217; x_wconf 72' lang='grc' dir='ltr'><strong>ἀνοχῆς,</strong></span> <span class='ocrx_word' id='word_1_252' title='bbox 767 2137 826 2194; x_wconf 82' lang='grc' dir='ltr'><strong>ἐκ</strong></span> <span class='ocrx_word' id='word_1_253' title='bbox 879 2135 1232 2214; x_wconf 78' lang='grc' dir='ltr'><strong>παλιμϐολίας</strong></span> <span class='ocrx_word' id='word_1_254' title='bbox 1285 2139 1462 2219; x_wconf 84' lang='grc' dir='ltr'><strong>ὥσπερ</strong></span> <span class='ocrx_word' id='word_1_255' title='bbox 1517 2137 1881 2208; x_wconf 78' lang='grc' dir='ltr'><strong>ἅναπαλαίειν,</strong></span> 
     </span>
    </p>
   </div>
   <div class='ocr_carea' id='block_1_38' title="bbox 235 2221 1878 2308">
    <p class='ocr_par' dir='ltr' id='par_1_38' title="bbox 235 2221 1878 2308">
     <span class='ocr_line' id='line_1_38' title="bbox 235 2221 1878 2308; baseline 0.002 -30"><span class='ocrx_word' id='word_1_256' title='bbox 235 2223 295 2280; x_wconf 79' lang='grc' dir='ltr'><strong>εὖ</strong></span> <span class='ocrx_word' id='word_1_257' title='bbox 336 2221 399 2278; x_wconf 75' lang='grc' dir='ltr'><strong>ἂν</strong></span> <span class='ocrx_word' id='word_1_258' title='bbox 454 2224 598 2306; x_wconf 74' lang='grc' dir='ltr'><strong>ἔχοι,</strong></span> <span class='ocrx_word' id='word_1_259' title='bbox 655 2229 742 2283; x_wconf 85' lang='grc' dir='ltr'><strong>καὶ</strong></span> <span class='ocrx_word' id='word_1_260' title='bbox 799 2229 976 2308; x_wconf 83' lang='grc' dir='ltr'><strong>χάρις,</strong></span> <span class='ocrx_word' id='word_1_261' title='bbox 1026 2227 1106 2285; x_wconf 85' lang='grc' dir='ltr'><strong>ὅτι</strong></span> <span class='ocrx_word' id='word_1_262' title='bbox 1147 2230 1210 2285; x_wconf 81' lang='grc' dir='ltr'><strong>τὸ</strong></span> <span class='ocrx_word' id='word_1_263' title='bbox 1239 2229 1480 2308; x_wconf 84' lang='grc' dir='ltr'><strong>μάχιμον</strong></span> <span class='ocrx_word' id='word_1_264' title='bbox 1510 2227 1878 2303; x_wconf 72' lang='grc' dir='ltr'><strong>καταθέμενοι,</strong></span> 
     </span>
    </p>
   </div>
   <div class='ocr_carea' id='block_1_39' title="bbox 235 2313 1882 2394">
    <p class='ocr_par' dir='ltr' id='par_1_39' title="bbox 235 2313 1882 2394">
     <span class='ocr_line' id='line_1_39' title="bbox 235 2313 1882 2394; baseline 0.004 -28"><span class='ocrx_word' id='word_1_265' title='bbox 235 2313 297 2367; x_wconf 77' lang='grc' dir='ltr'><strong>τὸ</strong></span> <span class='ocrx_word' id='word_1_266' title='bbox 355 2314 624 2391; x_wconf 77' lang='grc' dir='ltr'><strong>εἶρηναϊον</strong></span> <span class='ocrx_word' id='word_1_267' title='bbox 679 2319 1151 2394; x_wconf 80' lang='grc' dir='ltr'><strong>προτετιμήκασιν.</strong></span> <span class='ocrx_word' id='word_1_268' title='bbox 1201 2319 1258 2374; x_wconf 79' lang='lat' dir='ltr'><strong>El</strong></span> <span class='ocrx_word' id='word_1_269' title='bbox 1314 2316 1368 2374; x_wconf 78' lang='grc' dir='ltr'><strong>δὲ</strong></span> <span class='ocrx_word' id='word_1_270' title='bbox 1412 2319 1500 2374; x_wconf 84' lang='grc' dir='ltr'><strong>καὶ</strong></span> <span class='ocrx_word' id='word_1_271' title='bbox 1552 2317 1626 2374; x_wconf 80' lang='grc' dir='ltr'><strong>ἔτι</strong></span> <span class='ocrx_word' id='word_1_272' title='bbox 1684 2316 1882 2374; x_wconf 88' lang='grc' dir='ltr'><strong>τούτων</strong></span> 
     </span>
    </p>
   </div>
   <div class='ocr_carea' id='block_1_40' title="bbox 236 2398 1877 2486">
    <p class='ocr_par' dir='ltr' id='par_1_40' title="bbox 236 2398 1877 2486">
     <span class='ocr_line' id='line_1_40' title="bbox 236 2398 1877 2486; baseline 0.004 -33"><span class='ocrx_word' id='word_1_273' title='bbox 236 2398 374 2464; x_wconf 83' lang='grc' dir='ltr'><strong>τινὲς</strong></span> <span class='ocrx_word' id='word_1_274' title='bbox 441 2407 550 2457; x_wconf 85' lang='grc' dir='ltr'><strong>τῶν</strong></span> <span class='ocrx_word' id='word_1_275' title='bbox 618 2410 710 2460; x_wconf 88' lang='grc' dir='ltr'><strong>τοῦ</strong></span> <span class='ocrx_word' id='word_1_276' title='bbox 802 2406 1021 2470; x_wconf 84' lang='grc' dir='ltr'><strong>κανόνος</strong></span> <span class='ocrx_word' id='word_1_277' title='bbox 1109 2406 1362 2484; x_wconf 79' lang='grc' dir='ltr'><strong>ῥημάτων</strong></span> <span class='ocrx_word' id='word_1_278' title='bbox 1431 2405 1877 2486; x_wconf 81' lang='grc' dir='ltr'><strong>ἀντιποιούμενοι,</strong></span> 
     </span>
    </p>
   </div>
   <div class='ocr_carea' id='block_1_41' title="bbox 246 2487 1882 2575">
    <p class='ocr_par' dir='ltr' id='par_1_41' title="bbox 246 2487 1882 2575">
     <span class='ocr_line' id='line_1_41' title="bbox 246 2487 1882 2575; baseline -0.001 -23"><span class='ocrx_word' id='word_1_279' title='bbox 246 2487 369 2568; x_wconf 80' lang='grc' dir='ltr'><strong>(τῆς</strong></span> <span class='ocrx_word' id='word_1_280' title='bbox 427 2491 526 2570; x_wconf 68' lang='grc' dir='ltr'><strong>γὰρ</strong></span> <span class='ocrx_word' id='word_1_281' title='bbox 596 2490 795 2559; x_wconf 78' lang='grc' dir='ltr'><strong>ἔννοίας</strong></span> <span class='ocrx_word' id='word_1_282' title='bbox 874 2494 1052 2573; x_wconf 81' lang='grc' dir='ltr'><strong>πόῤῥω</strong></span> <span class='ocrx_word' id='word_1_283' title='bbox 1106 2493 1545 2574; x_wconf 77' lang='grc' dir='ltr'><strong>ἀποδιεστήκασι)</strong></span> <span class='ocrx_word' id='word_1_284' title='bbox 1599 2500 1882 2575; x_wconf 83' lang='grc' dir='ltr'><strong>πειρῶνται</strong></span> 
     </span>
    </p>
   </div>
   <div class='ocr_carea' id='block_1_42' title="bbox 236 2579 1884 2665">
    <p class='ocr_par' dir='ltr' id='par_1_42' title="bbox 236 2579 1884 2665">
     <span class='ocr_line' id='line_1_42' title="bbox 236 2579 1884 2665; baseline 0.004 -33"><span class='ocrx_word' id='word_1_285' title='bbox 236 2579 298 2633; x_wconf 86' lang='grc' dir='ltr'><strong>τὸ</strong></span> <span class='ocrx_word' id='word_1_286' title='bbox 342 2579 540 2636; x_wconf 79' lang='grc' dir='ltr'><strong>οἰκεῖον</strong></span> <span class='ocrx_word' id='word_1_287' title='bbox 581 2588 836 2650; x_wconf 77' lang='grc' dir='ltr'><strong>συστῆσαι</strong></span> <span class='ocrx_word' id='word_1_288' title='bbox 877 2583 1108 2665; x_wconf 78' lang='grc' dir='ltr'><strong>θέλημα,</strong></span> <span class='ocrx_word' id='word_1_289' title='bbox 1160 2587 1247 2642; x_wconf 86' lang='grc' dir='ltr'><strong>καὶ</strong></span> <span class='ocrx_word' id='word_1_290' title='bbox 1315 2584 1400 2642; x_wconf 80' lang='grc' dir='ltr'><strong>ἐπὶ</strong></span> <span class='ocrx_word' id='word_1_291' title='bbox 1441 2587 1503 2642; x_wconf 78' lang='grc' dir='ltr'><strong>τὸ</strong></span> <span class='ocrx_word' id='word_1_292' title='bbox 1558 2581 1784 2642; x_wconf 76' lang='grc' dir='ltr'><strong>ἄτακτον</strong></span> <span class='ocrx_word' id='word_1_293' title='bbox 1826 2583 1884 2640; x_wconf 78' lang='grc' dir='ltr'><strong>ού</strong></span> 
     </span>
    </p>
   </div>
   <div class='ocr_carea' id='block_1_43' title="bbox 1963 1775 3604 1858">
    <p class='ocr_par' dir='ltr' id='par_1_43' title="bbox 1963 1775 3604 1858">
     <span class='ocr_line' id='line_1_43' title="bbox 1963 1775 3604 1858; baseline 0.006 -23"><span class='ocrx_word' id='word_1_294' title='bbox 1963 1775 2158 1837; x_wconf 88' lang='lat' dir='ltr'><strong>adhuc</strong></span> <span class='ocrx_word' id='word_1_295' title='bbox 2207 1777 2516 1856; x_wconf 91' lang='lat' dir='ltr'><strong>pontiﬁces</strong></span> <span class='ocrx_word' id='word_1_296' title='bbox 2565 1778 2809 1841; x_wconf 91' lang='lat' dir='ltr'><strong>immota</strong></span> <span class='ocrx_word' id='word_1_297' title='bbox 2876 1799 2992 1841; x_wconf 92' lang='lat' dir='ltr'><strong>non</strong></span> <span class='ocrx_word' id='word_1_298' title='bbox 3048 1800 3285 1843; x_wconf 90' lang='lat' dir='ltr'><strong>movere</strong></span> <span class='ocrx_word' id='word_1_299' title='bbox 3343 1784 3604 1858; x_wconf 79' lang='lat' dir='ltr'><strong>vellent,</strong></span> 
     </span>
    </p>
   </div>
   <div class='ocr_carea' id='block_1_44' title="bbox 1966 1865 3682 1948">
    <p class='ocr_par' dir='ltr' id='par_1_44' title="bbox 1966 1865 3682 1948">
     <span class='ocr_line' id='line_1_44' title="bbox 1966 1865 3682 1948; baseline 0.006 -24"><span class='ocrx_word' id='word_1_300' title='bbox 1966 1883 2076 1926; x_wconf 89' lang='lat' dir='ltr'><strong>nec</strong></span> <span class='ocrx_word' id='word_1_301' title='bbox 2102 1883 2233 1946; x_wconf 64' lang='lat' dir='ltr'><strong>qua;</strong></span> <span class='ocrx_word' id='word_1_302' title='bbox 2264 1865 2540 1947; x_wconf 89' lang='lat' dir='ltr'><strong>placuere</strong></span> <span class='ocrx_word' id='word_1_303' title='bbox 2591 1869 2914 1948; x_wconf 91' lang='lat' dir='ltr'><strong>superioris</strong></span> <span class='ocrx_word' id='word_1_304' title='bbox 2964 1871 3267 1933; x_wconf 77' lang='lat' dir='ltr'><strong>memoriae</strong></span> <span class='ocrx_word' id='word_1_305' title='bbox 3309 1872 3602 1944; x_wconf 77' lang='lat' dir='ltr'><strong>l‘atribus,</strong></span> <span class='ocrx_word' id='word_1_306' title='bbox 3679 1931 3682 1934; x_wconf 28' lang='grc' dir='ltr'><strong>ί</strong></span> 
     </span>
    </p>
   </div>
   <div class='ocr_carea' id='block_1_45' title="bbox 1966 1953 3605 2040">
    <p class='ocr_par' dir='ltr' id='par_1_45' title="bbox 1966 1953 3605 2040">
     <span class='ocr_line' id='line_1_45' title="bbox 1966 1953 3605 2040; baseline 0.005 -27"><span class='ocrx_word' id='word_1_307' title='bbox 1966 1963 2024 2014; x_wconf 92' lang='lat' dir='ltr'><strong>et</strong></span> <span class='ocrx_word' id='word_1_308' title='bbox 2047 1953 2520 2036; x_wconf 62' lang='lat' dir='ltr'><strong>ipsismetJongo</strong></span> <span class='ocrx_word' id='word_1_309' title='bbox 2552 1957 2788 2020; x_wconf 90' lang='lat' dir='ltr'><strong>silentio</strong></span> <span class='ocrx_word' id='word_1_310' title='bbox 2821 1959 3225 2040; x_wconf 88' lang='lat' dir='ltr'><strong>patientiaque</strong></span> <span class='ocrx_word' id='word_1_311' title='bbox 3253 1961 3326 2022; x_wconf 88' lang='lat' dir='ltr'><strong>ad</strong></span> <span class='ocrx_word' id='word_1_312' title='bbox 3363 1961 3605 2024; x_wconf 89' lang='lat' dir='ltr'><strong>hodier-</strong></span> 
     </span>
    </p>
   </div>
   <div class='ocr_carea' id='block_1_46' title="bbox 1966 2044 3604 2127">
    <p class='ocr_par' dir='ltr' id='par_1_46' title="bbox 1966 2044 3604 2127">
     <span class='ocr_line' id='line_1_46' title="bbox 1966 2044 3604 2127; baseline 0.007 -26"><span class='ocrx_word' id='word_1_313' title='bbox 1966 2060 2104 2102; x_wconf 92' lang='lat' dir='ltr'><strong>num</strong></span> <span class='ocrx_word' id='word_1_314' title='bbox 2151 2061 2342 2123; x_wconf 90' lang='lat' dir='ltr'><strong>usque</strong></span> <span class='ocrx_word' id='word_1_315' title='bbox 2393 2044 2550 2106; x_wconf 92' lang='lat' dir='ltr'><strong>diem</strong></span> <span class='ocrx_word' id='word_1_316' title='bbox 2586 2048 2964 2127; x_wconf 89' lang='lat' dir='ltr'><strong>comprobata</strong></span> <span class='ocrx_word' id='word_1_317' title='bbox 2995 2047 3253 2118; x_wconf 86' lang='lat' dir='ltr'><strong>fuerunt,</strong></span> <span class='ocrx_word' id='word_1_318' title='bbox 3289 2068 3356 2111; x_wconf 83' lang='lat' dir='ltr'><strong>ex</strong></span> <span class='ocrx_word' id='word_1_319' title='bbox 3389 2050 3604 2113; x_wconf 89' lang='lat' dir='ltr'><strong>incon—</strong></span> 
     </span>
    </p>
   </div>
   <div class='ocr_carea' id='block_1_47' title="bbox 1966 2130 3604 2214">
    <p class='ocr_par' dir='ltr' id='par_1_47' title="bbox 1966 2130 3604 2214">
     <span class='ocr_line' id='line_1_47' title="bbox 1966 2130 3604 2214; baseline 0.007 -24"><span class='ocrx_word' id='word_1_320' title='bbox 1966 2130 2364 2208; x_wconf 29' lang='lat' dir='ltr'><strong>stantia‘velut</strong></span> <span class='ocrx_word' id='word_1_321' title='bbox 2395 2152 2734 2214; x_wconf 84' lang='lat' dir='ltr'><strong>oppugnare</strong></span> <span class='ocrx_word' id='word_1_322' title='bbox 2760 2145 2920 2198; x_wconf 89' lang='lat' dir='ltr'><strong>recte</strong></span> <span class='ocrx_word' id='word_1_323' title='bbox 2950 2137 3232 2214; x_wconf 83' lang='lat' dir='ltr'><strong>facerent,</strong></span> <span class='ocrx_word' id='word_1_324' title='bbox 3269 2149 3328 2201; x_wconf 88' lang='lat' dir='ltr'><strong>et</strong></span> <span class='ocrx_word' id='word_1_325' title='bbox 3375 2138 3604 2202; x_wconf 86' lang='lat' dir='ltr'><strong>baben-</strong></span> 
     </span>
    </p>
   </div>
   <div class='ocr_carea' id='block_1_48' title="bbox 1967 2217 3605 2308">
    <p class='ocr_par' dir='ltr' id='par_1_48' title="bbox 1967 2217 3605 2308">
     <span class='ocr_line' id='line_1_48' title="bbox 1967 2217 3605 2308; baseline 0.009 -30"><span class='ocrx_word' id='word_1_326' title='bbox 1967 2217 2057 2279; x_wconf 63' lang='lat' dir='ltr'><strong>dm</strong></span> <span class='ocrx_word' id='word_1_327' title='bbox 2086 2218 2228 2299; x_wconf 90' lang='lat' dir='ltr'><strong>ipsis</strong></span> <span class='ocrx_word' id='word_1_328' title='bbox 2262 2221 2484 2300; x_wconf 59' lang='lat' dir='ltr'><strong>gratias,</strong></span> <span class='ocrx_word' id='word_1_329' title='bbox 2541 2224 2695 2304; x_wconf 90' lang='lat' dir='ltr'><strong>quod</strong></span> <span class='ocrx_word' id='word_1_330' title='bbox 2741 2224 2973 2305; x_wconf 89' lang='lat' dir='ltr'><strong>abjecto</strong></span> <span class='ocrx_word' id='word_1_331' title='bbox 3026 2229 3327 2308; x_wconf 85' lang='lat' dir='ltr'><strong>pugnandi</strong></span> <span class='ocrx_word' id='word_1_332' title='bbox 3385 2231 3605 2307; x_wconf 89' lang='lat' dir='ltr'><strong>studio,</strong></span> 
     </span>
    </p>
   </div>
   <div class='ocr_carea' id='block_1_49' title="bbox 1967 2313 3606 2403">
    <p class='ocr_par' dir='ltr' id='par_1_49' title="bbox 1967 2313 3606 2403">
     <span class='ocr_line' id='line_1_49' title="bbox 1967 2313 3606 2403; baseline 0.009 -32"><span class='ocrx_word' id='word_1_333' title='bbox 1967 2328 2171 2403; x_wconf 82' lang='lat' dir='ltr'><strong>pacem</strong></span> <span class='ocrx_word' id='word_1_334' title='bbox 2207 2313 2399 2392; x_wconf 90' lang='lat' dir='ltr'><strong>potius</strong></span> <span class='ocrx_word' id='word_1_335' title='bbox 2454 2314 2709 2403; x_wconf 86' lang='lat' dir='ltr'><strong>amplexi</strong></span> <span class='ocrx_word' id='word_1_336' title='bbox 2750 2325 2968 2379; x_wconf 89' lang='lat' dir='ltr'><strong>essent.</strong></span> <span class='ocrx_word' id='word_1_337' title='bbox 3011 2320 3088 2380; x_wconf 87' lang='lat' dir='ltr'><strong>At</strong></span> <span class='ocrx_word' id='word_1_338' title='bbox 3119 2338 3254 2398; x_wconf 88' lang='lat' dir='ltr'><strong>vero</strong></span> <span class='ocrx_word' id='word_1_339' title='bbox 3286 2323 3337 2382; x_wconf 90' lang='lat' dir='ltr'><strong>si</strong></span> <span class='ocrx_word' id='word_1_340' title='bbox 3368 2323 3606 2403; x_wconf 87' lang='lat' dir='ltr'><strong>quidam</strong></span> 
     </span>
    </p>
   </div>
   <div class='ocr_carea' id='block_1_50' title="bbox 1965 2397 3606 2488">
    <p class='ocr_par' dir='ltr' id='par_1_50' title="bbox 1965 2397 3606 2488">
     <span class='ocr_line' id='line_1_50' title="bbox 1965 2397 3606 2488; baseline 0.009 -29"><span class='ocrx_word' id='word_1_341' title='bbox 1965 2397 2159 2460; x_wconf 87' lang='lat' dir='ltr'><strong>adhuc</strong></span> <span class='ocrx_word' id='word_1_342' title='bbox 2189 2400 2366 2464; x_wconf 85' lang='lat' dir='ltr'><strong>verba</strong></span> <span class='ocrx_word' id='word_1_343' title='bbox 2399 2402 2643 2465; x_wconf 91' lang='lat' dir='ltr'><strong>canonis</strong></span> <span class='ocrx_word' id='word_1_344' title='bbox 2675 2415 3047 2485; x_wconf 82' lang='lat' dir='ltr'><strong>usurpantes,</strong></span> <span class='ocrx_word' id='word_1_345' title='bbox 3099 2408 3360 2488; x_wconf 90' lang='lat' dir='ltr'><strong>(quando</strong></span> <span class='ocrx_word' id='word_1_346' title='bbox 3387 2397 3434 2472; x_wconf 68' lang='grc' dir='ltr'><strong>ὀ</strong></span> <span class='ocrx_word' id='word_1_347' title='bbox 3465 2430 3606 2473; x_wconf 91' lang='lat' dir='ltr'><strong>sen-</strong></span> 
     </span>
    </p>
   </div>
   <div class='ocr_carea' id='block_1_51' title="bbox 1968 2489 3611 2580">
    <p class='ocr_par' dir='ltr' id='par_1_51' title="bbox 1968 2489 3611 2580">
     <span class='ocr_line' id='line_1_51' title="bbox 1968 2489 3611 2580; baseline 0.009 -32"><span class='ocrx_word' id='word_1_348' title='bbox 1968 2489 2150 2580; x_wconf 79' lang='lat' dir='ltr'><strong>tentia</strong></span> <span class='ocrx_word' id='word_1_349' title='bbox 2201 2489 2376 2569; x_wconf 85' lang='lat' dir='ltr'><strong>longe</strong></span> <span class='ocrx_word' id='word_1_350' title='bbox 2443 2491 2680 2573; x_wconf 91' lang='lat' dir='ltr'><strong>absunt)</strong></span> <span class='ocrx_word' id='word_1_351' title='bbox 2743 2493 3050 2557; x_wconf 86' lang='lat' dir='ltr'><strong>libidinem</strong></span> <span class='ocrx_word' id='word_1_352' title='bbox 3112 2516 3278 2559; x_wconf 86' lang='lat' dir='ltr'><strong>suam</strong></span> <span class='ocrx_word' id='word_1_353' title='bbox 3357 2501 3611 2580; x_wconf 90' lang='lat' dir='ltr'><strong>probare</strong></span> 
     </span>
    </p>
   </div>
   <div class='ocr_carea' id='block_1_52' title="bbox 1967 2576 3610 2665">
    <p class='ocr_par' dir='ltr' id='par_1_52' title="bbox 1967 2576 3610 2665">
     <span class='ocr_line' id='line_1_52' title="bbox 1967 2576 3610 2665; baseline 0.009 -29"><span class='ocrx_word' id='word_1_354' title='bbox 1967 2576 2258 2665; x_wconf 87' lang='lat' dir='ltr'><strong>nituntur,</strong></span> <span class='ocrx_word' id='word_1_355' title='bbox 2321 2580 2718 2662; x_wconf 89' lang='lat' dir='ltr'><strong>ordinemque</strong></span> <span class='ocrx_word' id='word_1_356' title='bbox 2762 2585 3036 2665; x_wconf 88' lang='lat' dir='ltr'><strong>nequiter</strong></span> <span class='ocrx_word' id='word_1_357' title='bbox 3091 2587 3152 2647; x_wconf 90' lang='lat' dir='ltr'><strong>in</strong></span> <span class='ocrx_word' id='word_1_358' title='bbox 3205 2576 3610 2652; x_wconf 81' lang='lat' dir='ltr'><strong>confusionem</strong></span> 
     </span>
    </p>
   </div>
   <div class='ocr_carea' id='block_1_53' title="bbox 238 2664 1887 2757">
    <p class='ocr_par' dir='ltr' id='par_1_53' title="bbox 238 2664 1884 2751">
     <span class='ocr_line' id='line_1_53' title="bbox 238 2664 1884 2751; baseline 0.012 -29"><span class='ocrx_word' id='word_1_359' title='bbox 238 2665 418 2731; x_wconf 83' lang='grc' dir='ltr'><strong>καλῶς</strong></span> <span class='ocrx_word' id='word_1_360' title='bbox 485 2670 584 2736; x_wconf 75' lang='grc' dir='ltr'><strong>τὴν</strong></span> <span class='ocrx_word' id='word_1_361' title='bbox 661 2672 804 2738; x_wconf 76' lang='grc' dir='ltr'><strong>τάξιν</strong></span> <span class='ocrx_word' id='word_1_362' title='bbox 883 2664 1338 2750; x_wconf 77' lang='grc' dir='ltr'><strong>μεταϐιϐάζουσιν,</strong></span> <span class='ocrx_word' id='word_1_363' title='bbox 1412 2675 1472 2748; x_wconf 76' lang='grc' dir='ltr'><strong>ἐᾷ</strong></span> <span class='ocrx_word' id='word_1_364' title='bbox 1554 2675 1650 2751; x_wconf 75' lang='grc' dir='ltr'><strong>μὲν</strong></span> <span class='ocrx_word' id='word_1_365' title='bbox 1706 2680 1793 2730; x_wconf 74' lang='grc' dir='ltr'><strong>νῦν</strong></span> <span class='ocrx_word' id='word_1_366' title='bbox 1849 2675 1884 2741; x_wconf 71' lang='grc' dir='ltr'>ἦ</span> 
     </span>
    </p>
   </div>
   <div class='ocr_carea' id='block_1_54' title="bbox 1974 2664 3614 2757">
    <p class='ocr_par' dir='ltr' id='par_1_54' title="bbox 1974 2664 3614 2757">
     <span class='ocr_line' id='line_1_54' title="bbox 1974 2664 3614 2757; baseline 0.009 -32"><span class='ocrx_word' id='word_1_367' title='bbox 1974 2664 2372 2730; x_wconf 82' lang='lat' dir='ltr'><strong>inordinatam</strong></span> <span class='ocrx_word' id='word_1_368' title='bbox 2385 2677 2746 2731; x_wconf 90' lang='lat' dir='ltr'><strong>commutant</strong></span> <span class='ocrx_word' id='word_1_369' title='bbox 2766 2691 2778 2731; x_wconf 91' lang='lat'>:</span> <span class='ocrx_word' id='word_1_370' title='bbox 2805 2664 3052 2734; x_wconf 74' lang='lat' dir='ltr'><strong>canonis</strong></span> <span class='ocrx_word' id='word_1_371' title='bbox 3076 2674 3315 2754; x_wconf 89' lang='lat' dir='ltr'><strong>quidem</strong></span> <span class='ocrx_word' id='word_1_372' title='bbox 3337 2678 3614 2757; x_wconf 86' lang='lat' dir='ltr'><strong>majestas</strong></span> 
     </span>
    </p>
   </div>
   <div class='ocr_carea' id='block_1_55' title="bbox 236 2755 1887 2844">
    <p class='ocr_par' dir='ltr' id='par_1_55' title="bbox 236 2755 1887 2844">
     <span class='ocr_line' id='line_1_55' title="bbox 236 2755 1887 2844; baseline 0.006 -33"><span class='ocrx_word' id='word_1_373' title='bbox 236 2755 478 2832; x_wconf 87' lang='grc' dir='ltr'><strong>βασιλεία</strong></span> <span class='ocrx_word' id='word_1_374' title='bbox 507 2782 609 2834; x_wconf 84' lang='grc' dir='ltr'><strong>μου</strong></span> <span class='ocrx_word' id='word_1_375' title='bbox 635 2761 735 2828; x_wconf 77' lang='grc' dir='ltr'><strong>τὴν</strong></span> <span class='ocrx_word' id='word_1_376' title='bbox 789 2772 880 2822; x_wconf 87' lang='grc' dir='ltr'><strong>τοῦ</strong></span> <span class='ocrx_word' id='word_1_377' title='bbox 934 2764 1152 2828; x_wconf 86' lang='grc' dir='ltr'><strong>κανόνος</strong></span> <span class='ocrx_word' id='word_1_378' title='bbox 1209 2765 1525 2844; x_wconf 74' lang='grc' dir='ltr'><strong>ἑρμηνεῦσαι</strong></span> <span class='ocrx_word' id='word_1_379' title='bbox 1581 2766 1668 2822; x_wconf 87' lang='grc' dir='ltr'><strong>καὶ</strong></span> <span class='ocrx_word' id='word_1_380' title='bbox 1719 2786 1887 2843; x_wconf 68' lang='grc' dir='ltr'><strong>σαφῆ⁴</strong></span> 
     </span>
    </p>
   </div>
   <div class='ocr_carea' id='block_1_56' title="bbox 1974 2755 3610 2844">
    <p class='ocr_par' dir='ltr' id='par_1_56' title="bbox 1974 2755 3610 2841">
     <span class='ocr_line' id='line_1_56' title="bbox 1974 2755 3610 2841; baseline 0.009 -27"><span class='ocrx_word' id='word_1_381' title='bbox 1974 2772 2104 2815; x_wconf 89' lang='lat' dir='ltr'><strong>mea</strong></span> <span class='ocrx_word' id='word_1_382' title='bbox 2133 2763 2468 2818; x_wconf 83' lang='lat' dir='ltr'><strong>contextum</strong></span> <span class='ocrx_word' id='word_1_383' title='bbox 2527 2759 2904 2839; x_wconf 88' lang='lat' dir='ltr'><strong>interpretari</strong></span> <span class='ocrx_word' id='word_1_384' title='bbox 2962 2781 3030 2824; x_wconf 90' lang='lat' dir='ltr'><strong>ac</strong></span> <span class='ocrx_word' id='word_1_385' title='bbox 3074 2763 3380 2826; x_wconf 90' lang='lat' dir='ltr'><strong>declarare</strong></span> <span class='ocrx_word' id='word_1_386' title='bbox 3410 2755 3610 2841; x_wconf 85' lang='lat' dir='ltr'><strong>mittit,</strong></span> 
     </span>
    </p>
   </div>
   <div class='ocr_carea' id='block_1_57' title="bbox 238 2844 1887 2933">
    <p class='ocr_par' dir='ltr' id='par_1_57' title="bbox 238 2844 1887 2933">
     <span class='ocr_line' id='line_1_57' title="bbox 238 2844 1887 2933; baseline 0.005 -33"><span class='ocrx_word' id='word_1_387' title='bbox 238 2844 374 2901; x_wconf 86' lang='grc' dir='ltr'><strong>νίσαι</strong></span> <span class='ocrx_word' id='word_1_388' title='bbox 406 2847 563 2926; x_wconf 77' lang='grc' dir='ltr'><strong>ὑφὴν,</strong></span> <span class='ocrx_word' id='word_1_389' title='bbox 618 2849 813 2922; x_wconf 68' lang='grc' dir='ltr'><strong>ῥᾴστην</strong></span> <span class='ocrx_word' id='word_1_390' title='bbox 855 2851 1010 2909; x_wconf 80' lang='grc' dir='ltr'><strong>οὖσαν</strong></span> <span class='ocrx_word' id='word_1_391' title='bbox 1066 2851 1464 2933; x_wconf 80' lang='grc' dir='ltr'><strong>καταληφθῆναι</strong></span> <span class='ocrx_word' id='word_1_392' title='bbox 1519 2854 1606 2910; x_wconf 83' lang='grc' dir='ltr'><strong>καὶ</strong></span> <span class='ocrx_word' id='word_1_393' title='bbox 1659 2851 1887 2932; x_wconf 88' lang='grc' dir='ltr'><strong>διαγνω-</strong></span> 
     </span>
    </p>
   </div>
   <div class='ocr_carea' id='block_1_58' title="bbox 1974 2844 3614 2933">
    <p class='ocr_par' dir='ltr' id='par_1_58' title="bbox 1977 2844 3614 2933">
     <span class='ocr_line' id='line_1_58' title="bbox 1977 2844 3614 2933; baseline 0.008 -30"><span class='ocrx_word' id='word_1_394' title='bbox 1977 2851 2255 2924; x_wconf 87' lang='lat' dir='ltr'><strong>perceptu</strong></span> <span class='ocrx_word' id='word_1_395' title='bbox 2288 2852 2343 2906; x_wconf 79' lang='lat' dir='ltr'><strong>et</strong></span> <span class='ocrx_word' id='word_1_396' title='bbox 2375 2844 2678 2908; x_wconf 90' lang='lat' dir='ltr'><strong>intellectu</strong></span> <span class='ocrx_word' id='word_1_397' title='bbox 2709 2849 3049 2911; x_wconf 82' lang='lat' dir='ltr'><strong>facillimum</strong></span> <span class='ocrx_word' id='word_1_398' title='bbox 3095 2851 3191 2932; x_wconf 88' lang='lat' dir='ltr'><strong>iis,</strong></span> <span class='ocrx_word' id='word_1_399' title='bbox 3225 2853 3326 2933; x_wconf 91' lang='lat' dir='ltr'><strong>qui</strong></span> <span class='ocrx_word' id='word_1_400' title='bbox 3374 2855 3614 2916; x_wconf 87' lang='lat' dir='ltr'><strong>subtili-</strong></span> 
     </span>
    </p>
   </div>
   <div class='ocr_carea' id='block_1_59' title="bbox 241 2933 1887 3023">
    <p class='ocr_par' dir='ltr' id='par_1_59' title="bbox 241 2935 1887 3021">
     <span class='ocr_line' id='line_1_59' title="bbox 241 2935 1887 3021; baseline 0.005 -32"><span class='ocrx_word' id='word_1_401' title='bbox 241 2937 426 3003; x_wconf 78' lang='grc' dir='ltr'><strong>σθῆναι</strong></span> <span class='ocrx_word' id='word_1_402' title='bbox 485 2935 660 3001; x_wconf 83' lang='grc' dir='ltr'><strong>καλῶς</strong></span> <span class='ocrx_word' id='word_1_403' title='bbox 735 2940 856 3003; x_wconf 82' lang='grc' dir='ltr'><strong>τοῖς</strong></span> <span class='ocrx_word' id='word_1_404' title='bbox 927 2941 1216 3017; x_wconf 72' lang='grc' dir='ltr'><strong>βάπτουσιν</strong></span> <span class='ocrx_word' id='word_1_405' title='bbox 1299 2943 1372 3006; x_wconf 84' lang='grc' dir='ltr'><strong>εἰς</strong></span> <span class='ocrx_word' id='word_1_406' title='bbox 1453 2940 1740 3021; x_wconf 83' lang='grc' dir='ltr'><strong>ἀκρίϐειαν,</strong></span> <span class='ocrx_word' id='word_1_407' title='bbox 1805 2947 1887 3002; x_wconf 69' lang='grc' dir='ltr'><strong>καὶ</strong></span> 
     </span>
    </p>
   </div>
   <div class='ocr_carea' id='block_1_60' title="bbox 1974 2933 3610 3023">
    <p class='ocr_par' dir='ltr' id='par_1_60' title="bbox 1977 2933 3610 3023">
     <span class='ocr_line' id='line_1_60' title="bbox 1977 2933 3610 3023; baseline 0.007 -29"><span class='ocrx_word' id='word_1_408' title='bbox 1977 2939 2094 2994; x_wconf 87' lang='lat' dir='ltr'><strong>tale</strong></span> <span class='ocrx_word' id='word_1_409' title='bbox 2152 2933 2543 3023; x_wconf 11' lang='lat' dir='ltr'><strong>su‘ntimbuti,</strong></span> <span class='ocrx_word' id='word_1_410' title='bbox 2575 2945 2954 3019; x_wconf 88' lang='lat' dir='ltr'><strong>mentemque</strong></span> <span class='ocrx_word' id='word_1_411' title='bbox 3008 2940 3254 3002; x_wconf 88' lang='lat' dir='ltr'><strong>canonis</strong></span> <span class='ocrx_word' id='word_1_412' title='bbox 3299 2943 3610 3023; x_wconf 89' lang='lat' dir='ltr'><strong>attingunt:</strong></span> 
     </span>
    </p>
   </div>
   <div class='ocr_carea' id='block_1_61' title="bbox 239 3027 1202 3108">
    <p class='ocr_par' dir='ltr' id='par_1_61' title="bbox 239 3027 1202 3108">
     <span class='ocr_line' id='line_1_61' title="bbox 239 3027 1202 3108; baseline 0.007 -27"><span class='ocrx_word' id='word_1_413' title='bbox 239 3029 525 3094; x_wconf 79' lang='grc' dir='ltr'><strong>κανονικῆς</strong></span> <span class='ocrx_word' id='word_1_414' title='bbox 579 3027 776 3093; x_wconf 83' lang='grc' dir='ltr'><strong>ἐννοίας</strong></span> <span class='ocrx_word' id='word_1_415' title='bbox 820 3031 1150 3108; x_wconf 79' lang='grc' dir='ltr'><strong>θιγγάνουσιν</strong></span> <span class='ocrx_word' id='word_1_416' title='bbox 1184 3049 1202 3067; x_wconf 84' lang='lat'><strong>&#39;</strong></span> 
     </span>
    </p>
   </div>
   <div class='ocr_carea' id='block_1_62' title="bbox 1261 3021 1887 3112">
    <p class='ocr_par' dir='ltr' id='par_1_62' title="bbox 1261 3029 1887 3094">
     <span class='ocr_line' id='line_1_62' title="bbox 1261 3029 1887 3094; baseline -0.002 -6"><span class='ocrx_word' id='word_1_417' title='bbox 1261 3033 1386 3090; x_wconf 77' lang='grc' dir='ltr'><strong>αὐτὸ</strong></span> <span class='ocrx_word' id='word_1_418' title='bbox 1439 3029 1493 3087; x_wconf 80' lang='grc' dir='ltr'><strong>δὲ</strong></span> <span class='ocrx_word' id='word_1_419' title='bbox 1547 3038 1702 3088; x_wconf 88' lang='grc' dir='ltr'><strong>τοῦτο</strong></span> <span class='ocrx_word' id='word_1_420' title='bbox 1767 3031 1887 3094; x_wconf 82' lang='grc' dir='ltr'><strong>τοῖς</strong></span> 
     </span>
    </p>
   </div>
   <div class='ocr_carea' id='block_1_63' title="bbox 1974 3021 3613 3112">
    <p class='ocr_par' dir='ltr' id='par_1_63' title="bbox 1976 3021 3613 3112">
     <span class='ocr_line' id='line_1_63' title="bbox 1976 3021 3613 3112; baseline 0.009 -32"><span class='ocrx_word' id='word_1_421' title='bbox 1976 3039 2179 3084; x_wconf 87' lang='lat' dir='ltr'><strong>verum</strong></span> <span class='ocrx_word' id='word_1_422' title='bbox 2215 3021 2326 3084; x_wconf 92' lang='lat' dir='ltr'><strong>hoc</strong></span> <span class='ocrx_word' id='word_1_423' title='bbox 2362 3023 2420 3084; x_wconf 92' lang='lat' dir='ltr'><strong>in</strong></span> <span class='ocrx_word' id='word_1_424' title='bbox 2445 3025 2821 3104; x_wconf 88' lang='lat' dir='ltr'><strong>pontiﬁcibus</strong></span> <span class='ocrx_word' id='word_1_425' title='bbox 2850 3029 3258 3109; x_wconf 86' lang='lat' dir='ltr'><strong>reprehendit,</strong></span> <span class='ocrx_word' id='word_1_426' title='bbox 3295 3021 3613 3112; x_wconf 75' lang='lat' dir='ltr'><strong>quodcum</strong></span> 
     </span>
    </p>
   </div>
   <div class='ocr_carea' id='block_1_64' title="bbox 244 3102 1887 3200">
    <p class='ocr_par' dir='ltr' id='par_1_64' title="bbox 244 3102 1887 3200">
     <span class='ocr_line' id='line_1_64' title="bbox 244 3102 1887 3200; baseline 0.004 -30"><span class='ocrx_word' id='word_1_427' title='bbox 244 3116 580 3196; x_wconf 80' lang='grc' dir='ltr'><strong>ἀρχιερεῦσιν</strong></span> <span class='ocrx_word' id='word_1_428' title='bbox 623 3102 958 3200; x_wconf 43' lang='grc' dir='ltr'><strong>ἐπιτιμᾷ,”τί</strong></span> <span class='ocrx_word' id='word_1_429' title='bbox 1021 3118 1086 3191; x_wconf 79' lang='grc' dir='ltr'><strong>δή</strong></span> <span class='ocrx_word' id='word_1_430' title='bbox 1130 3143 1260 3179; x_wconf 84' lang='grc' dir='ltr'><strong>ποτε</strong></span> <span class='ocrx_word' id='word_1_431' title='bbox 1299 3123 1390 3177; x_wconf 82' lang='grc' dir='ltr'><strong>τὸν</strong></span> <span class='ocrx_word' id='word_1_432' title='bbox 1431 3122 1628 3178; x_wconf 79' lang='grc' dir='ltr'><strong>κανόνα</strong></span> <span class='ocrx_word' id='word_1_433' title='bbox 1673 3118 1887 3194; x_wconf 80' lang='grc' dir='ltr'><strong>εἰδότες,</strong></span> 
     </span>
    </p>
   </div>
   <div class='ocr_carea' id='block_1_65' title="bbox 1974 3102 3614 3200">
    <p class='ocr_par' dir='ltr' id='par_1_65' title="bbox 1975 3102 3614 3197">
     <span class='ocr_line' id='line_1_65' title="bbox 1975 3102 3614 3197; baseline 0.007 -27"><span class='ocrx_word' id='word_1_434' title='bbox 1975 3127 2262 3172; x_wconf 90' lang='lat' dir='ltr'><strong>canonem</strong></span> <span class='ocrx_word' id='word_1_435' title='bbox 2298 3102 2564 3192; x_wconf 82' lang='lat' dir='ltr'><strong>nossent,</strong></span> <span class='ocrx_word' id='word_1_436' title='bbox 2600 3114 2850 3195; x_wconf 87' lang='lat' dir='ltr'><strong>ejusque</strong></span> <span class='ocrx_word' id='word_1_437' title='bbox 2897 3102 3076 3178; x_wconf 71' lang='lat' dir='ltr'><strong>verba</strong></span> <span class='ocrx_word' id='word_1_438' title='bbox 3107 3102 3490 3197; x_wconf 46' lang='lat' dir='ltr'><strong>peracc&#39;urate</strong></span> <span class='ocrx_word' id='word_1_439' title='bbox 3523 3128 3614 3182; x_wconf 91' lang='lat' dir='ltr'><strong>te-</strong></span> 
     </span>
    </p>
   </div>
   <div class='ocr_carea' id='block_1_66' title="bbox 242 3207 1904 3290">
    <p class='ocr_par' dir='ltr' id='par_1_66' title="bbox 242 3207 1904 3290">
     <span class='ocr_line' id='line_1_66' title="bbox 242 3207 1904 3290; baseline 0.002 -28"><span class='ocrx_word' id='word_1_440' title='bbox 242 3207 329 3263; x_wconf 81' lang='grc' dir='ltr'><strong>καὶ</strong></span> <span class='ocrx_word' id='word_1_441' title='bbox 387 3209 452 3262; x_wconf 75' lang='lat'><strong>1‘1</strong></span> <span class='ocrx_word' id='word_1_442' title='bbox 507 3207 720 3285; x_wconf 73' lang='grc' dir='ltr'><strong>ῥήματα</strong></span> <span class='ocrx_word' id='word_1_443' title='bbox 775 3210 960 3268; x_wconf 88' lang='grc' dir='ltr'><strong>τούτου</strong></span> <span class='ocrx_word' id='word_1_444' title='bbox 1021 3207 1462 3290; x_wconf 76' lang='grc' dir='ltr'><strong>ἐξακριϐούμενοι,</strong></span> <span class='ocrx_word' id='word_1_445' title='bbox 1537 3211 1636 3278; x_wconf 75' lang='grc' dir='ltr'><strong>τὴν</strong></span> <span class='ocrx_word' id='word_1_446' title='bbox 1693 3210 1904 3267; x_wconf 58' lang='grc' dir='ltr'><strong>ἑαυτῶν</strong></span> 
     </span>
    </p>
   </div>
   <div class='ocr_carea' id='block_1_67' title="bbox 241 3293 1890 3379">
    <p class='ocr_par' dir='ltr' id='par_1_67' title="bbox 241 3293 1890 3379">
     <span class='ocr_line' id='line_1_67' title="bbox 241 3293 1890 3379; baseline 0.001 -27"><span class='ocrx_word' id='word_1_447' title='bbox 241 3293 534 3364; x_wconf 83' lang='grc' dir='ltr'><strong>συνείδησιν</strong></span> <span class='ocrx_word' id='word_1_448' title='bbox 608 3297 905 3378; x_wconf 82' lang='grc' dir='ltr'><strong>ἆνευλόγως</strong></span> <span class='ocrx_word' id='word_1_449' title='bbox 969 3298 1264 3379; x_wconf 78' lang='grc' dir='ltr'><strong>ἐπάτησαν,</strong></span> <span class='ocrx_word' id='word_1_450' title='bbox 1346 3301 1436 3355; x_wconf 85' lang='grc' dir='ltr'><strong>καὶ</strong></span> <span class='ocrx_word' id='word_1_451' title='bbox 1514 3306 1608 3356; x_wconf 90' lang='grc' dir='ltr'><strong>τοῦ</strong></span> <span class='ocrx_word' id='word_1_452' title='bbox 1672 3297 1890 3360; x_wconf 87' lang='grc' dir='ltr'><strong>κανόνος</strong></span> 
     </span>
    </p>
   </div>
   <div class='ocr_carea' id='block_1_68' title="bbox 240 3385 1892 3469">
    <p class='ocr_par' dir='ltr' id='par_1_68' title="bbox 240 3385 1892 3469">
     <span class='ocr_line' id='line_1_68' title="bbox 240 3385 1892 3469; baseline 0.001 -26"><span class='ocrx_word' id='word_1_453' title='bbox 240 3385 762 3465; x_wconf 76' lang='grc' dir='ltr'><strong>παραῤῥιπτουμὲνου</strong></span> <span class='ocrx_word' id='word_1_454' title='bbox 816 3389 1122 3469; x_wconf 77' lang='grc' dir='ltr'><strong>ἠνείχοντο,</strong></span> <span class='ocrx_word' id='word_1_455' title='bbox 1180 3391 1268 3445; x_wconf 87' lang='grc' dir='ltr'><strong>καὶ</strong></span> <span class='ocrx_word' id='word_1_456' title='bbox 1348 3389 1447 3456; x_wconf 77' lang='grc' dir='ltr'><strong>τὴν</strong></span> <span class='ocrx_word' id='word_1_457' title='bbox 1499 3385 1738 3467; x_wconf 72' lang='grc' dir='ltr'><strong>ὑφεδρίαν</strong></span> <span class='ocrx_word' id='word_1_458' title='bbox 1805 3388 1892 3444; x_wconf 62' lang='grc' dir='ltr'><strong>επὶ</strong></span> 
     </span>
    </p>
   </div>
   <div class='ocr_carea' id='block_1_69' title="bbox 245 3476 1892 3557">
    <p class='ocr_par' dir='ltr' id='par_1_69' title="bbox 245 3476 1892 3557">
     <span class='ocr_line' id='line_1_69' title="bbox 245 3476 1892 3557; baseline 0.001 -25"><span class='ocrx_word' id='word_1_459' title='bbox 245 3482 350 3533; x_wconf 80' lang='grc' dir='ltr'><strong>τῶν</strong></span> <span class='ocrx_word' id='word_1_460' title='bbox 420 3477 540 3555; x_wconf 80' lang='grc' dir='ltr'><strong>πρὶν</strong></span> <span class='ocrx_word' id='word_1_461' title='bbox 607 3476 1025 3557; x_wconf 77' lang='grc' dir='ltr'><strong>χαρτοφυλάκων</strong></span> <span class='ocrx_word' id='word_1_462' title='bbox 1112 3478 1404 3550; x_wconf 62' lang='grc' dir='ltr'><strong>ἠσπάζοντο</strong></span> <span class='ocrx_word' id='word_1_463' title='bbox 1435 3492 1448 3506; x_wconf 82' lang='grc'><strong>⁸</strong></span> <span class='ocrx_word' id='word_1_464' title='bbox 1544 3479 1632 3534; x_wconf 86' lang='grc' dir='ltr'><strong>καὶ</strong></span> <span class='ocrx_word' id='word_1_465' title='bbox 1707 3478 1892 3552; x_wconf 82' lang='grc' dir='ltr'><strong>μισθὸν</strong></span> 
     </span>
    </p>
   </div>
   <div class='ocr_carea' id='block_1_70' title="bbox 244 3566 1892 3648">
    <p class='ocr_par' dir='ltr' id='par_1_70' title="bbox 244 3566 1892 3648">
     <span class='ocr_line' id='line_1_70' title="bbox 244 3566 1892 3648; baseline 0 -26"><span class='ocrx_word' id='word_1_466' title='bbox 244 3567 449 3629; x_wconf 83' lang='grc' dir='ltr'><strong>τούτοις</strong></span> <span class='ocrx_word' id='word_1_467' title='bbox 504 3567 604 3632; x_wconf 78' lang='grc' dir='ltr'><strong>τῆς</strong></span> <span class='ocrx_word' id='word_1_468' title='bbox 645 3573 750 3624; x_wconf 83' lang='grc' dir='ltr'><strong>τῶν</strong></span> <span class='ocrx_word' id='word_1_469' title='bbox 794 3571 945 3647; x_wconf 80' lang='grc' dir='ltr'><strong>ἱερῶν</strong></span> <span class='ocrx_word' id='word_1_470' title='bbox 999 3567 1236 3625; x_wconf 82' lang='grc' dir='ltr'><strong>κανόνων</strong></span> <span class='ocrx_word' id='word_1_471' title='bbox 1309 3567 1736 3648; x_wconf 73' lang='grc' dir='ltr'><strong>περιφρονήσεως</strong></span> <span class='ocrx_word' id='word_1_472' title='bbox 1795 3566 1892 3634; x_wconf 74' lang='grc' dir='ltr'><strong>τὴν</strong></span> 
     </span>
    </p>
   </div>
   <div class='ocr_carea' id='block_1_71' title="bbox 247 3653 1890 3736">
    <p class='ocr_par' dir='ltr' id='par_1_71' title="bbox 247 3653 1890 3736">
     <span class='ocr_line' id='line_1_71' title="bbox 247 3653 1890 3736; baseline 0.001 -27"><span class='ocrx_word' id='word_1_473' title='bbox 247 3653 334 3711; x_wconf 76' lang='grc' dir='ltr'><strong>ἐπὶ</strong></span> <span class='ocrx_word' id='word_1_474' title='bbox 401 3654 496 3717; x_wconf 76' lang='grc' dir='ltr'><strong>τὰς</strong></span> <span class='ocrx_word' id='word_1_475' title='bbox 580 3653 851 3736; x_wconf 84' lang='grc' dir='ltr'><strong>λαχούσας</strong></span> <span class='ocrx_word' id='word_1_476' title='bbox 950 3657 1136 3720; x_wconf 73' lang='grc' dir='ltr'><strong>αὖτοὺς</strong></span> <span class='ocrx_word' id='word_1_477' title='bbox 1222 3654 1544 3723; x_wconf 88' lang='grc' dir='ltr'><strong>Ἐκκλησιας</strong></span> <span class='ocrx_word' id='word_1_478' title='bbox 1613 3653 1890 3729; x_wconf 79' lang='grc' dir='ltr'><strong>ἂπὲλασιν,</strong></span> 
     </span>
    </p>
   </div>
   <div class='ocr_carea' id='block_1_72' title="bbox 248 3740 1890 3824">
    <p class='ocr_par' dir='ltr' id='par_1_72' title="bbox 248 3740 1890 3824">
     <span class='ocr_line' id='line_1_72' title="bbox 248 3740 1890 3824; baseline 0.001 -26"><span class='ocrx_word' id='word_1_479' title='bbox 248 3740 448 3814; x_wconf 84' lang='grc' dir='ltr'><strong>δίδωσι,</strong></span> <span class='ocrx_word' id='word_1_480' title='bbox 509 3743 688 3800; x_wconf 88' lang='grc' dir='ltr'><strong>κανόνι</strong></span> <span class='ocrx_word' id='word_1_481' title='bbox 767 3747 1058 3824; x_wconf 73' lang='grc' dir='ltr'><strong>στοιχοῦσα</strong></span> <span class='ocrx_word' id='word_1_482' title='bbox 1124 3745 1385 3802; x_wconf 79' lang='grc' dir='ltr'><strong>κάνταῦθα</strong></span> <span class='ocrx_word' id='word_1_483' title='bbox 1443 3743 1890 3818; x_wconf 77' lang='grc' dir='ltr'><strong>ἑκκλησιαστικῷ,</strong></span> 
     </span>
    </p>
   </div>
   <div class='ocr_carea' id='block_1_73' title="bbox 247 3833 1898 3914">
    <p class='ocr_par' dir='ltr' id='par_1_73' title="bbox 247 3833 1898 3914">
     <span class='ocr_line' id='line_1_73' title="bbox 247 3833 1898 3914; baseline -0.001 -24"><span class='ocrx_word' id='word_1_484' title='bbox 247 3834 336 3890; x_wconf 79' lang='grc' dir='ltr'><strong>καὶ</strong></span> <span class='ocrx_word' id='word_1_485' title='bbox 416 3845 536 3896; x_wconf 82' lang='grc' dir='ltr'><strong>τοῖς</strong></span> <span class='ocrx_word' id='word_1_486' title='bbox 618 3847 1030 3914; x_wconf 77' lang='grc' dir='ltr'><strong>περιφρονητατς</strong></span> <span class='ocrx_word' id='word_1_487' title='bbox 1116 3837 1218 3892; x_wconf 84' lang='grc' dir='ltr'><strong>τῶν</strong></span> <span class='ocrx_word' id='word_1_488' title='bbox 1328 3834 1585 3909; x_wconf 81' lang='grc' dir='ltr'><strong>κανόνων,</strong></span> <span class='ocrx_word' id='word_1_489' title='bbox 1671 3833 1898 3895; x_wconf 80' lang='grc' dir='ltr'><strong>ἐκείνους</strong></span> 
     </span>
    </p>
   </div>
   <div class='ocr_carea' id='block_1_74' title="bbox 248 3920 1898 4001">
    <p class='ocr_par' dir='ltr' id='par_1_74' title="bbox 248 3920 1898 4001">
     <span class='ocr_line' id='line_1_74' title="bbox 248 3920 1898 4001; baseline -0.001 -21"><span class='ocrx_word' id='word_1_490' title='bbox 248 3923 433 3989; x_wconf 72' lang='grc' dir='ltr'><strong>αὐτοὺς</strong></span> <span class='ocrx_word' id='word_1_491' title='bbox 513 3921 633 3986; x_wconf 81' lang='grc' dir='ltr'><strong>τοὺς</strong></span> <span class='ocrx_word' id='word_1_492' title='bbox 716 3922 882 4001; x_wconf 79' lang='grc' dir='ltr'><strong>ἱεροὺς</strong></span> <span class='ocrx_word' id='word_1_493' title='bbox 965 3924 1190 3989; x_wconf 88' lang='grc' dir='ltr'><strong>κανόνας</strong></span> <span class='ocrx_word' id='word_1_494' title='bbox 1279 3925 1350 3989; x_wconf 73' lang='grc' dir='ltr'><strong>εἷς</strong></span> <span class='ocrx_word' id='word_1_495' title='bbox 1438 3920 1637 3999; x_wconf 79' lang='grc' dir='ltr'><strong>ἄμύναν</strong></span> <span class='ocrx_word' id='word_1_496' title='bbox 1714 3920 1898 3988; x_wconf 74' lang='grc' dir='ltr'><strong>ἀντεξ-</strong></span> 
     </span>
    </p>
   </div>
   <div class='ocr_carea' id='block_1_75' title="bbox 250 4013 542 4092">
    <p class='ocr_par' dir='ltr' id='par_1_75' title="bbox 250 4013 542 4092">
     <span class='ocr_line' id='line_1_75' title="bbox 250 4013 542 4092; baseline -0.017 -19"><span class='ocrx_word' id='word_1_497' title='bbox 250 4013 472 4092; x_wconf 81' lang='grc' dir='ltr'><strong>άγουσα.</strong></span> <span class='ocrx_word' id='word_1_498' title='bbox 519 4032 542 4068; x_wconf 83' lang='lat' dir='ltr'><strong>l</strong></span> 
     </span>
    </p>
   </div>
   <div class='ocr_carea' id='block_1_76' title="bbox 335 4099 1896 4182">
    <p class='ocr_par' dir='ltr' id='par_1_76' title="bbox 335 4099 1896 4182">
     <span class='ocr_line' id='line_1_76' title="bbox 335 4099 1896 4182; baseline -0.003 -23"><span class='ocrx_word' id='word_1_499' title='bbox 335 4101 433 4159; x_wconf 80' lang='grc' dir='ltr'><strong>Καὶ</strong></span> <span class='ocrx_word' id='word_1_500' title='bbox 503 4099 616 4158; x_wconf 82' lang='grc' dir='ltr'><strong>ἐπεὶ</strong></span> <span class='ocrx_word' id='word_1_501' title='bbox 674 4102 810 4178; x_wconf 80' lang='grc' dir='ltr'><strong>μετὰ</strong></span> <span class='ocrx_word' id='word_1_502' title='bbox 874 4103 974 4172; x_wconf 76' lang='grc' dir='ltr'><strong>τὴν</strong></span> <span class='ocrx_word' id='word_1_503' title='bbox 1030 4103 1216 4161; x_wconf 90' lang='grc' dir='ltr'><strong>τούτου</strong></span> <span class='ocrx_word' id='word_1_504' title='bbox 1290 4099 1620 4182; x_wconf 79' lang='grc' dir='ltr'><strong>προκομιδὴν</strong></span> <span class='ocrx_word' id='word_1_505' title='bbox 1674 4101 1740 4156; x_wconf 78' lang='grc' dir='ltr'><strong>τὰ</strong></span> <span class='ocrx_word' id='word_1_506' title='bbox 1789 4099 1896 4156; x_wconf 81' lang='grc' dir='ltr'><strong>ἀπὸ</strong></span> 
     </span>
    </p>
   </div>
   <div class='ocr_carea' id='block_1_77' title="bbox 1975 3201 3614 3287">
    <p class='ocr_par' dir='ltr' id='par_1_77' title="bbox 1975 3201 3614 3287">
     <span class='ocr_line' id='line_1_77' title="bbox 1975 3201 3614 3287; baseline 0.006 -28"><span class='ocrx_word' id='word_1_507' title='bbox 1975 3208 2208 3274; x_wconf 89' lang='lat' dir='ltr'><strong>nerent,</strong></span> <span class='ocrx_word' id='word_1_508' title='bbox 2252 3218 2418 3262; x_wconf 88' lang='lat' dir='ltr'><strong>suam</strong></span> <span class='ocrx_word' id='word_1_509' title='bbox 2467 3201 2733 3281; x_wconf 92' lang='lat' dir='ltr'><strong>ipsorum</strong></span> <span class='ocrx_word' id='word_1_510' title='bbox 2784 3205 3213 3266; x_wconf 88' lang='lat' dir='ltr'><strong>conscientiam</strong></span> <span class='ocrx_word' id='word_1_511' title='bbox 3272 3216 3485 3287; x_wconf 65' lang='lat' dir='ltr'><strong>praeter</strong></span> <span class='ocrx_word' id='word_1_512' title='bbox 3511 3227 3614 3269; x_wconf 90' lang='lat' dir='ltr'><strong>ra-</strong></span> 
     </span>
    </p>
   </div>
   <div class='ocr_carea' id='block_1_78' title="bbox 1978 3287 3611 3376">
    <p class='ocr_par' dir='ltr' id='par_1_78' title="bbox 1978 3287 3611 3376">
     <span class='ocr_line' id='line_1_78' title="bbox 1978 3287 3611 3376; baseline 0.007 -29"><span class='ocrx_word' id='word_1_513' title='bbox 1978 3287 2195 3350; x_wconf 91' lang='lat' dir='ltr'><strong>tionem</strong></span> <span class='ocrx_word' id='word_1_514' title='bbox 2230 3289 2724 3376; x_wconf 70' lang='lat' dir='ltr'><strong>con0ulcarint,et</strong></span> <span class='ocrx_word' id='word_1_515' title='bbox 2744 3292 2914 3372; x_wconf 89' lang='lat' dir='ltr'><strong>rejici</strong></span> <span class='ocrx_word' id='word_1_516' title='bbox 2941 3311 3229 3359; x_wconf 88' lang='lat' dir='ltr'><strong>canonem</strong></span> <span class='ocrx_word' id='word_1_517' title='bbox 3281 3297 3439 3376; x_wconf 91' lang='lat' dir='ltr'><strong>passi</strong></span> <span class='ocrx_word' id='word_1_518' title='bbox 3470 3297 3611 3372; x_wconf 88' lang='lat' dir='ltr'><strong>sint,</strong></span> 
     </span>
    </p>
   </div>
   <div class='ocr_carea' id='block_1_79' title="bbox 1976 3375 3616 3464">
    <p class='ocr_par' dir='ltr' id='par_1_79' title="bbox 1976 3375 3616 3464">
     <span class='ocr_line' id='line_1_79' title="bbox 1976 3375 3616 3464; baseline 0.005 -26"><span class='ocrx_word' id='word_1_519' title='bbox 1976 3395 2044 3438; x_wconf 91' lang='lat' dir='ltr'><strong>ac</strong></span> <span class='ocrx_word' id='word_1_520' title='bbox 2076 3375 2422 3440; x_wconf 84' lang='lat' dir='ltr'><strong>inferiorem</strong></span> <span class='ocrx_word' id='word_1_521' title='bbox 2455 3379 2785 3441; x_wconf 80' lang='lat' dir='ltr'><strong>sessionem</strong></span> <span class='ocrx_word' id='word_1_522' title='bbox 2821 3382 2930 3443; x_wconf 91' lang='lat' dir='ltr'><strong>sub</strong></span> <span class='ocrx_word' id='word_1_523' title='bbox 2955 3384 3258 3444; x_wconf 68' lang='lat' dir='ltr'><strong>memoria:</strong></span> <span class='ocrx_word' id='word_1_524' title='bbox 3284 3375 3616 3464; x_wconf 83' lang='lat' dir='ltr'><strong>superioris</strong></span> 
     </span>
    </p>
   </div>
   <div class='ocr_carea' id='block_1_80' title="bbox 1976 3465 3616 3552">
    <p class='ocr_par' dir='ltr' id='par_1_80' title="bbox 1976 3465 3616 3552">
     <span class='ocr_line' id='line_1_80' title="bbox 1976 3465 3616 3552; baseline 0.005 -26"><span class='ocrx_word' id='word_1_525' title='bbox 1976 3465 2347 3527; x_wconf 88' lang='lat' dir='ltr'><strong>chartulariis</strong></span> <span class='ocrx_word' id='word_1_526' title='bbox 2374 3467 2627 3546; x_wconf 82' lang='lat' dir='ltr'><strong>amplexi</strong></span> <span class='ocrx_word' id='word_1_527' title='bbox 2651 3467 3162 3551; x_wconf 84' lang='lat' dir='ltr'><strong>fuerint.Ideoque</strong></span> <span class='ocrx_word' id='word_1_528' title='bbox 3183 3490 3287 3552; x_wconf 92' lang='lat' dir='ltr'><strong>pro</strong></span> <span class='ocrx_word' id='word_1_529' title='bbox 3310 3491 3616 3534; x_wconf 90' lang='lat' dir='ltr'><strong>sacrorum</strong></span> 
     </span>
    </p>
   </div>
   <div class='ocr_carea' id='block_1_81' title="bbox 1976 3559 3618 3643">
    <p class='ocr_par' dir='ltr' id='par_1_81' title="bbox 1976 3559 3618 3643">
     <span class='ocr_line' id='line_1_81' title="bbox 1976 3559 3618 3643; baseline 0.004 -26"><span class='ocrx_word' id='word_1_530' title='bbox 1976 3573 2268 3643; x_wconf 89' lang='lat' dir='ltr'><strong>canonum</strong></span> <span class='ocrx_word' id='word_1_531' title='bbox 2300 3563 2605 3633; x_wconf 90' lang='lat' dir='ltr'><strong>contentu,</strong></span> <span class='ocrx_word' id='word_1_532' title='bbox 2633 3559 2972 3620; x_wconf 88' lang='lat' dir='ltr'><strong>mercedem</strong></span> <span class='ocrx_word' id='word_1_533' title='bbox 3006 3561 3159 3622; x_wconf 91' lang='lat' dir='ltr'><strong>hanc</strong></span> <span class='ocrx_word' id='word_1_534' title='bbox 3191 3560 3279 3622; x_wconf 91' lang='lat' dir='ltr'><strong>eis</strong></span> <span class='ocrx_word' id='word_1_535' title='bbox 3310 3560 3618 3643; x_wconf 91' lang='lat' dir='ltr'><strong>[majestas</strong></span> 
     </span>
    </p>
   </div>
   <div class='ocr_carea' id='block_1_82' title="bbox 1977 3641 3618 3728">
    <p class='ocr_par' dir='ltr' id='par_1_82' title="bbox 1977 3641 3618 3728">
     <span class='ocr_line' id='line_1_82' title="bbox 1977 3641 3618 3728; baseline 0.006 -25"><span class='ocrx_word' id='word_1_536' title='bbox 1977 3641 2128 3725; x_wconf 92' lang='lat' dir='ltr'><strong>mea]</strong></span> <span class='ocrx_word' id='word_1_537' title='bbox 2163 3642 2387 3718; x_wconf 89' lang='lat' dir='ltr'><strong>tribuit,</strong></span> <span class='ocrx_word' id='word_1_538' title='bbox 2415 3652 2478 3706; x_wconf 92' lang='lat' dir='ltr'><strong>ut</strong></span> <span class='ocrx_word' id='word_1_539' title='bbox 2506 3663 2642 3708; x_wconf 91' lang='lat' dir='ltr'><strong>snas</strong></span> <span class='ocrx_word' id='word_1_540' title='bbox 2679 3647 2752 3708; x_wconf 91' lang='lat' dir='ltr'><strong>ad</strong></span> <span class='ocrx_word' id='word_1_541' title='bbox 2805 3646 3098 3710; x_wconf 89' lang='lat' dir='ltr'><strong>Ecclesias</strong></span> <span class='ocrx_word' id='word_1_542' title='bbox 3135 3641 3486 3728; x_wconf 85' lang='lat' dir='ltr'><strong>abigantur;</strong></span> <span class='ocrx_word' id='word_1_543' title='bbox 3516 3669 3618 3714; x_wconf 89' lang='lat' dir='ltr'><strong>ec-</strong></span> 
     </span>
    </p>
   </div>
   <div class='ocr_carea' id='block_1_83' title="bbox 1977 3731 3619 3818">
    <p class='ocr_par' dir='ltr' id='par_1_83' title="bbox 1977 3731 3619 3818">
     <span class='ocr_line' id='line_1_83' title="bbox 1977 3731 3619 3818; baseline 0.004 -24"><span class='ocrx_word' id='word_1_544' title='bbox 1977 3731 2293 3794; x_wconf 89' lang='lat' dir='ltr'><strong>clesiastici</strong></span> <span class='ocrx_word' id='word_1_545' title='bbox 2342 3733 2586 3794; x_wconf 90' lang='lat' dir='ltr'><strong>canonis</strong></span> <span class='ocrx_word' id='word_1_546' title='bbox 2642 3735 2818 3796; x_wconf 90' lang='lat' dir='ltr'><strong>etiam</strong></span> <span class='ocrx_word' id='word_1_547' title='bbox 2866 3737 2975 3798; x_wconf 88' lang='lat' dir='ltr'><strong>hac</strong></span> <span class='ocrx_word' id='word_1_548' title='bbox 3025 3738 3084 3798; x_wconf 92' lang='lat' dir='ltr'><strong>in</strong></span> <span class='ocrx_word' id='word_1_549' title='bbox 3137 3746 3303 3818; x_wconf 90' lang='lat' dir='ltr'><strong>parte</strong></span> <span class='ocrx_word' id='word_1_550' title='bbox 3357 3739 3619 3818; x_wconf 81' lang='lat' dir='ltr'><strong>vestigiis</strong></span> 
     </span>
    </p>
   </div>
   <div class='ocr_carea' id='block_1_84' title="bbox 1979 3821 3614 3909">
    <p class='ocr_par' dir='ltr' id='par_1_84' title="bbox 1979 3821 3614 3909">
     <span class='ocr_line' id='line_1_84' title="bbox 1979 3821 3614 3909; baseline 0.006 -27"><span class='ocrx_word' id='word_1_551' title='bbox 1979 3821 2282 3894; x_wconf 88' lang='lat' dir='ltr'><strong>insistens,</strong></span> <span class='ocrx_word' id='word_1_552' title='bbox 2310 3830 2367 3884; x_wconf 93' lang='lat' dir='ltr'><strong>et</strong></span> <span class='ocrx_word' id='word_1_553' title='bbox 2395 3821 2466 3884; x_wconf 90' lang='lat' dir='ltr'><strong>ad</strong></span> <span class='ocrx_word' id='word_1_554' title='bbox 2500 3821 2780 3886; x_wconf 89' lang='lat' dir='ltr'><strong>adversus</strong></span> <span class='ocrx_word' id='word_1_555' title='bbox 2831 3845 3122 3888; x_wconf 91' lang='lat' dir='ltr'><strong>canonum</strong></span> <span class='ocrx_word' id='word_1_556' title='bbox 3154 3835 3614 3909; x_wconf 85' lang='lat' dir='ltr'><strong>contemptores,</strong></span> 
     </span>
    </p>
   </div>
   <div class='ocr_carea' id='block_1_85' title="bbox 1981 3910 3614 3998">
    <p class='ocr_par' dir='ltr' id='par_1_85' title="bbox 1981 3910 3614 3998">
     <span class='ocr_line' id='line_1_85' title="bbox 1981 3910 3614 3998; baseline 0.005 -26"><span class='ocrx_word' id='word_1_557' title='bbox 1981 3910 2141 3992; x_wconf 90' lang='lat' dir='ltr'><strong>ipsos</strong></span> <span class='ocrx_word' id='word_1_558' title='bbox 2171 3929 2434 3974; x_wconf 87' lang='lat' dir='ltr'><strong>canones</strong></span> <span class='ocrx_word' id='word_1_559' title='bbox 2464 3929 2664 3974; x_wconf 87' lang='lat' dir='ltr'><strong>sacros</strong></span> <span class='ocrx_word' id='word_1_560' title='bbox 2702 3913 2764 3976; x_wconf 93' lang='lat' dir='ltr'><strong>in</strong></span> <span class='ocrx_word' id='word_1_561' title='bbox 2811 3914 3144 3979; x_wconf 90' lang='lat' dir='ltr'><strong>subsidium</strong></span> <span class='ocrx_word' id='word_1_562' title='bbox 3194 3917 3550 3998; x_wconf 91' lang='lat' dir='ltr'><strong>producens.</strong></span> <span class='ocrx_word' id='word_1_563' title='bbox 3587 3941 3614 3979; x_wconf 73' lang='grc' dir='ltr'><strong>ι</strong></span> 
     </span>
    </p>
   </div>
   <div class='ocr_carea' id='block_1_86' title="bbox 2065 4089 3623 4177">
    <p class='ocr_par' dir='ltr' id='par_1_86' title="bbox 2065 4089 3623 4177">
     <span class='ocr_line' id='line_1_86' title="bbox 2065 4089 3623 4177; baseline 0.007 -28"><span class='ocrx_word' id='word_1_564' title='bbox 2065 4090 2137 4150; x_wconf 81' lang='lat' dir='ltr'><strong>Et</strong></span> <span class='ocrx_word' id='word_1_565' title='bbox 2180 4089 2458 4170; x_wconf 90' lang='lat' dir='ltr'><strong>quoniam</strong></span> <span class='ocrx_word' id='word_1_566' title='bbox 2511 4090 2624 4151; x_wconf 91' lang='lat' dir='ltr'><strong>hoc</strong></span> <span class='ocrx_word' id='word_1_567' title='bbox 2684 4091 3049 4173; x_wconf 85' lang='lat' dir='ltr'><strong>promulgata</strong></span> <span class='ocrx_word' id='word_1_568' title='bbox 3109 4111 3198 4171; x_wconf 92' lang='lat' dir='ltr'><strong>ea,</strong></span> <span class='ocrx_word' id='word_1_569' title='bbox 3262 4114 3394 4176; x_wconf 64' lang='lat' dir='ltr'><strong>quae</strong></span> <span class='ocrx_word' id='word_1_570' title='bbox 3447 4097 3623 4177; x_wconf 88' lang='lat' dir='ltr'><strong>longa</strong></span> 
     </span>
    </p>
   </div>
   <div class='ocr_carea' id='block_1_87' title="bbox 251 4177 1887 4272">
    <p class='ocr_par' dir='ltr' id='par_1_87' title="bbox 251 4177 1887 4272">
     <span class='ocr_line' id='line_1_87' title="bbox 251 4177 1887 4272; baseline -0.001 -26"><span class='ocrx_word' id='word_1_571' title='bbox 251 4195 454 4268; x_wconf 82' lang='grc' dir='ltr'><strong>μακρᾶς</strong></span> <span class='ocrx_word' id='word_1_572' title='bbox 509 4177 780 4260; x_wconf 69' lang='grc' dir='ltr'><strong>συνηθείας</strong></span> <span class='ocrx_word' id='word_1_573' title='bbox 866 4193 1219 4272; x_wconf 72' lang='grc' dir='ltr'><strong>κραθήσαντα,</strong></span> <span class='ocrx_word' id='word_1_574' title='bbox 1306 4177 1392 4249; x_wconf 76' lang='grc' dir='ltr'><strong>καὶ</strong></span> <span class='ocrx_word' id='word_1_575' title='bbox 1469 4177 1555 4246; x_wconf 80' lang='grc' dir='ltr'><strong>διὰ</strong></span> <span class='ocrx_word' id='word_1_576' title='bbox 1622 4187 1887 4267; x_wconf 69' lang='grc' dir='ltr'><strong>βασιλικοί</strong></span> 
     </span>
    </p>
   </div>
   <div class='ocr_carea' id='block_1_88' title="bbox 1974 4177 3621 4272">
    <p class='ocr_par' dir='ltr' id='par_1_88' title="bbox 1980 4177 3621 4267">
     <span class='ocr_line' id='line_1_88' title="bbox 1980 4177 3621 4267; baseline 0.005 -28"><span class='ocrx_word' id='word_1_577' title='bbox 1980 4177 2412 4240; x_wconf 90' lang='lat' dir='ltr'><strong>consuetudine</strong></span> <span class='ocrx_word' id='word_1_578' title='bbox 2444 4177 2835 4259; x_wconf 88' lang='lat' dir='ltr'><strong>invaluerant,</strong></span> <span class='ocrx_word' id='word_1_579' title='bbox 2868 4200 2976 4262; x_wconf 91' lang='lat' dir='ltr'><strong>per</strong></span> <span class='ocrx_word' id='word_1_580' title='bbox 3004 4181 3192 4264; x_wconf 92' lang='lat' dir='ltr'><strong>ipsius</strong></span> <span class='ocrx_word' id='word_1_581' title='bbox 3243 4185 3420 4246; x_wconf 86' lang='lat' dir='ltr'><strong>etiam</strong></span> <span class='ocrx_word' id='word_1_582' title='bbox 3453 4185 3621 4267; x_wconf 90' lang='lat' dir='ltr'><strong>prin-</strong></span> 
     </span>
    </p>
   </div>
   <div class='ocr_carea' id='block_1_89' title="bbox 249 4265 1887 4361">
    <p class='ocr_par' dir='ltr' id='par_1_89' title="bbox 249 4265 1887 4361">
     <span class='ocr_line' id='line_1_89' title="bbox 249 4265 1887 4361; baseline -0.002 -24"><span class='ocrx_word' id='word_1_583' title='bbox 249 4265 657 4359; x_wconf 83' lang='grc' dir='ltr'><strong>προστάγματος</strong></span> <span class='ocrx_word' id='word_1_584' title='bbox 749 4265 998 4360; x_wconf 78' lang='grc' dir='ltr'><strong>γεγόνασι</strong></span> <span class='ocrx_word' id='word_1_585' title='bbox 1099 4265 1465 4361; x_wconf 74' lang='grc' dir='ltr'><strong>κραταιότερα,</strong></span> <span class='ocrx_word' id='word_1_586' title='bbox 1570 4265 1887 4356; x_wconf 75' lang='grc' dir='ltr'><strong>προκάθηται</strong></span> 
     </span>
    </p>
   </div>
   <div class='ocr_carea' id='block_1_90' title="bbox 1974 4265 3622 4361">
    <p class='ocr_par' dir='ltr' id='par_1_90' title="bbox 1981 4265 3622 4361">
     <span class='ocr_line' id='line_1_90' title="bbox 1981 4265 3622 4361; baseline 0.005 -34"><span class='ocrx_word' id='word_1_587' title='bbox 1981 4265 2416 4361; x_wconf 35' lang='lat' dir='ltr'><strong>cipis-edictum</strong></span> <span class='ocrx_word' id='word_1_588' title='bbox 2464 4268 2651 4347; x_wconf 85' lang='lat' dir='ltr'><strong>magis</strong></span> <span class='ocrx_word' id='word_1_589' title='bbox 2690 4269 2950 4361; x_wconf 77' lang='lat' dir='ltr'><strong>stabilita</strong></span> <span class='ocrx_word' id='word_1_590' title='bbox 2979 4271 3240 4361; x_wconf 86' lang='lat' dir='ltr'><strong>_fuerunt</strong></span> <span class='ocrx_word' id='word_1_591' title='bbox 3273 4294 3286 4332; x_wconf 93' lang='lat'>:</span> <span class='ocrx_word' id='word_1_592' title='bbox 3318 4265 3622 4336; x_wconf 83' lang='lat' dir='ltr'><strong>chartula-</strong></span> 
     </span>
    </p>
   </div>
   <div class='ocr_carea' id='block_1_91' title="bbox 251 4345 1887 4464">
    <p class='ocr_par' dir='ltr' id='par_1_91' title="bbox 251 4345 1887 4464">
     <span class='ocr_line' id='line_1_91' title="bbox 251 4345 1887 4464; baseline 0.002 -39"><span class='ocrx_word' id='word_1_593' title='bbox 251 4345 414 4450; x_wconf 52' lang='grc' dir='ltr'><strong>μέχρι</strong></span> <span class='ocrx_word' id='word_1_594' title='bbox 467 4345 579 4426; x_wconf 49' lang='grc' dir='ltr'><strong>’τοῦ</strong></span> <span class='ocrx_word' id='word_1_595' title='bbox 645 4377 732 4427; x_wconf 91' lang='grc' dir='ltr'><strong>νῦν</strong></span> <span class='ocrx_word' id='word_1_596' title='bbox 764 4345 776 4360; x_wconf 45' lang='grc'><strong><em>⁸</em></strong></span> <span class='ocrx_word' id='word_1_597' title='bbox 797 4345 992 4437; x_wconf 70' lang='grc' dir='ltr'><strong>παντὸς</strong></span> <span class='ocrx_word' id='word_1_598' title='bbox 1048 4345 1543 4464; x_wconf 44' lang='grc' dir='ltr'><strong>ἆρέιερατεύόντος,</strong></span> <span class='ocrx_word' id='word_1_599' title='bbox 1755 4366 1887 4464; x_wconf 51' lang='grc' dir='ltr'><strong>τύχξ</strong></span> 
     </span>
    </p>
   </div>
   <div class='ocr_carea' id='block_1_92' title="bbox 1974 4345 3626 4464">
    <p class='ocr_par' dir='ltr' id='par_1_92' title="bbox 1979 4345 3626 4464">
     <span class='ocr_line' id='line_1_92' title="bbox 1979 4345 3626 4464; baseline 0.005 -48"><span class='ocrx_word' id='word_1_600' title='bbox 1979 4345 2194 4464; x_wconf 82' lang='lat' dir='ltr'><strong>rius</strong></span> <span class='ocrx_word' id='word_1_601' title='bbox 2235 4345 2627 4464; x_wconf 40' lang='lat' dir='ltr'><strong>hunc.usque</strong></span> <span class='ocrx_word' id='word_1_602' title='bbox 2674 4356 2834 4457; x_wconf 80' lang='lat' dir='ltr'><strong>diem</strong></span> <span class='ocrx_word' id='word_1_603' title='bbox 2889 4359 3060 4464; x_wconf 66' lang='lat' dir='ltr'><strong>sedet</strong></span> <span class='ocrx_word' id='word_1_604' title='bbox 3113 4368 3252 4464; x_wconf 68' lang='lat' dir='ltr'><strong>ante</strong></span> <span class='ocrx_word' id='word_1_605' title='bbox 3301 4363 3626 4462; x_wconf 76' lang='lat' dir='ltr'><strong>quemlibet</strong></span> 
     </span>
    </p>
   </div>
   <div class='ocr_carea' id='block_1_93' title="bbox 249 4443 1887 4544">
    <p class='ocr_par' dir='ltr' id='par_1_93' title="bbox 249 4443 1887 4544">
     <span class='ocr_line' id='line_1_93' title="bbox 249 4443 1887 4544; baseline -0.002 -28"><span class='ocrx_word' id='word_1_606' title='bbox 249 4443 434 4518; x_wconf 63' lang='grc' dir='ltr'><strong>τοῦτον</strong></span> <span class='ocrx_word' id='word_1_607' title='bbox 501 4461 589 4516; x_wconf 85' lang='grc' dir='ltr'><strong>καὶ</strong></span> <span class='ocrx_word' id='word_1_608' title='bbox 659 4458 931 4536; x_wconf 79' lang='grc' dir='ltr'><strong>βασιλικὸν</strong></span> <span class='ocrx_word' id='word_1_609' title='bbox 1000 4443 1158 4541; x_wconf 62' lang='grc' dir='ltr'><strong>ἔχειν</strong></span> <span class='ocrx_word' id='word_1_610' title='bbox 1208 4443 1435 4536; x_wconf 67' lang='grc' dir='ltr'><strong>ἆξίωμα,</strong></span> <span class='ocrx_word' id='word_1_611' title='bbox 1497 4457 1778 4544; x_wconf 77' lang='grc' dir='ltr'><strong>δπερτίμου</strong></span> 
     </span>
    </p>
   </div>
   <div class='ocr_carea' id='block_1_94' title="bbox 1974 4443 3624 4544">
    <p class='ocr_par' dir='ltr' id='par_1_94' title="bbox 1982 4443 3624 4544">
     <span class='ocr_line' id='line_1_94' title="bbox 1982 4443 3624 4544; baseline 0.005 -40"><span class='ocrx_word' id='word_1_612' title='bbox 1982 4443 2344 4544; x_wconf 81' lang='lat' dir='ltr'><strong>pontiﬁcem,</strong></span> <span class='ocrx_word' id='word_1_613' title='bbox 2381 4443 2518 4506; x_wconf 91' lang='lat' dir='ltr'><strong>licet</strong></span> <span class='ocrx_word' id='word_1_614' title='bbox 2548 4444 2895 4544; x_wconf 74' lang='lat' dir='ltr'><strong>dignitatem</strong></span> <span class='ocrx_word' id='word_1_615' title='bbox 2945 4447 3167 4544; x_wconf 37' lang='lat' dir='ltr'><strong>.habeat</strong></span> <span class='ocrx_word' id='word_1_616' title='bbox 3195 4449 3268 4511; x_wconf 84' lang='lat' dir='ltr'><strong>ab</strong></span> <span class='ocrx_word' id='word_1_617' title='bbox 3299 4451 3427 4531; x_wconf 92' lang='lat' dir='ltr'><strong>ipso</strong></span> <span class='ocrx_word' id='word_1_618' title='bbox 3458 4453 3624 4544; x_wconf 76' lang='lat' dir='ltr'><strong>prin-</strong></span> 
     </span>
    </p>
   </div>
   <div class='ocr_carea' id='block_1_95' title="bbox 249 4542 1898 4629">
    <p class='ocr_par' dir='ltr' id='par_1_95' title="bbox 249 4542 1898 4629">
     <span class='ocr_line' id='line_1_95' title="bbox 249 4542 1898 4629; baseline -0.005 -23"><span class='ocrx_word' id='word_1_619' title='bbox 249 4546 721 4628; x_wconf 75' lang='grc' dir='ltr'><strong>πρωτοσυγκέλλου</strong></span> <span class='ocrx_word' id='word_1_620' title='bbox 761 4549 950 4629; x_wconf 90' lang='grc' dir='ltr'><strong>τυχόν.</strong></span> <span class='ocrx_word' id='word_1_621' title='bbox 1011 4550 1110 4608; x_wconf 80' lang='grc' dir='ltr'><strong>Καὶ</strong></span> <span class='ocrx_word' id='word_1_622' title='bbox 1167 4548 1287 4605; x_wconf 88' lang='grc' dir='ltr'><strong>τότε</strong></span> <span class='ocrx_word' id='word_1_623' title='bbox 1344 4547 1442 4623; x_wconf 76' lang='grc' dir='ltr'><strong>μὲν</strong></span> <span class='ocrx_word' id='word_1_624' title='bbox 1499 4544 1636 4603; x_wconf 71' lang='grc' dir='ltr'><strong>οὕτω</strong></span> <span class='ocrx_word' id='word_1_625' title='bbox 1691 4542 1898 4603; x_wconf 78' lang='grc' dir='ltr'><strong>διευλύ-</strong></span> 
     </span>
    </p>
   </div>
   <div class='ocr_carea' id='block_1_96' title="bbox 246 4631 1898 4718">
    <p class='ocr_par' dir='ltr' id='par_1_96' title="bbox 246 4631 1898 4718">
     <span class='ocr_line' id='line_1_96' title="bbox 246 4631 1898 4718; baseline -0.006 -21"><span class='ocrx_word' id='word_1_626' title='bbox 246 4639 392 4706; x_wconf 83' lang='grc' dir='ltr'><strong>τώθη</strong></span> <span class='ocrx_word' id='word_1_627' title='bbox 435 4639 500 4695; x_wconf 80' lang='grc' dir='ltr'><strong>τὰ</strong></span> <span class='ocrx_word' id='word_1_628' title='bbox 541 4636 693 4706; x_wconf 78' lang='grc' dir='ltr'><strong>δῆθεν</strong></span> <span class='ocrx_word' id='word_1_629' title='bbox 735 4636 1049 4718; x_wconf 75' lang='grc' dir='ltr'><strong>ἀμφίϐολον.</strong></span> <span class='ocrx_word' id='word_1_630' title='bbox 1103 4640 1248 4717; x_wconf 85' lang='grc' dir='ltr'><strong>Ἐγὼ</strong></span> <span class='ocrx_word' id='word_1_631' title='bbox 1297 4635 1351 4693; x_wconf 79' lang='grc' dir='ltr'><strong>δὲ</strong></span> <span class='ocrx_word' id='word_1_632' title='bbox 1405 4642 1482 4710; x_wconf 82' lang='grc' dir='ltr'><strong>τῷ</strong></span> <span class='ocrx_word' id='word_1_633' title='bbox 1530 4631 1788 4711; x_wconf 84' lang='grc' dir='ltr'><strong>βασιλικῷ</strong></span> <span class='ocrx_word' id='word_1_634' title='bbox 1815 4631 1898 4688; x_wconf 88' lang='grc' dir='ltr'><strong>δι-</strong></span> 
     </span>
    </p>
   </div>
   <div class='ocr_carea' id='block_1_97' title="bbox 249 4723 1898 4808">
    <p class='ocr_par' dir='ltr' id='par_1_97' title="bbox 249 4723 1898 4808">
     <span class='ocr_line' id='line_1_97' title="bbox 249 4723 1898 4808; baseline -0.005 -23"><span class='ocrx_word' id='word_1_635' title='bbox 249 4734 453 4808; x_wconf 79' lang='grc' dir='ltr'><strong>ορισμῷ</strong></span> <span class='ocrx_word' id='word_1_636' title='bbox 495 4729 630 4785; x_wconf 81' lang='grc' dir='ltr'><strong>κατὰ</strong></span> <span class='ocrx_word' id='word_1_637' title='bbox 693 4729 755 4785; x_wconf 80' lang='grc' dir='ltr'><strong>τὸ</strong></span> <span class='ocrx_word' id='word_1_638' title='bbox 805 4727 1180 4806; x_wconf 83' lang='grc' dir='ltr'><strong>νενομισμένον</strong></span> <span class='ocrx_word' id='word_1_639' title='bbox 1235 4723 1556 4803; x_wconf 80' lang='grc' dir='ltr'><strong>ἀκολουθῶν,</strong></span> <span class='ocrx_word' id='word_1_640' title='bbox 1615 4729 1685 4799; x_wconf 79' lang='grc' dir='ltr'><strong>τῇ</strong></span> <span class='ocrx_word' id='word_1_641' title='bbox 1728 4743 1898 4778; x_wconf 83' lang='grc' dir='ltr'><strong>κατα-</strong></span> 
     </span>
    </p>
   </div>
   <div class='ocr_carea' id='block_1_98' title="bbox 247 4810 1897 4897">
    <p class='ocr_par' dir='ltr' id='par_1_98' title="bbox 247 4810 1897 4897">
     <span class='ocr_line' id='line_1_98' title="bbox 247 4810 1897 4897; baseline -0.007 -21"><span class='ocrx_word' id='word_1_642' title='bbox 247 4817 572 4897; x_wconf 71' lang='grc' dir='ltr'><strong>σκευαζούσῃ</strong></span> <span class='ocrx_word' id='word_1_643' title='bbox 629 4817 820 4897; x_wconf 75' lang='grc' dir='ltr'><strong>γνώμῃ</strong></span> <span class='ocrx_word' id='word_1_644' title='bbox 877 4819 976 4886; x_wconf 77' lang='grc' dir='ltr'><strong>τὴν</strong></span> <span class='ocrx_word' id='word_1_645' title='bbox 1035 4814 1307 4895; x_wconf 82' lang='grc' dir='ltr'><strong>προεδρίαν</strong></span> <span class='ocrx_word' id='word_1_646' title='bbox 1353 4823 1446 4873; x_wconf 91' lang='grc' dir='ltr'><strong>τοῦ</strong></span> <span class='ocrx_word' id='word_1_647' title='bbox 1497 4810 1897 4892; x_wconf 73' lang='grc' dir='ltr'><strong>χαρτοφύλακος</strong></span> 
     </span>
    </p>
   </div>
   <div class='ocr_carea' id='block_1_99' title="bbox 243 4899 1899 4989">
    <p class='ocr_par' dir='ltr' id='par_1_99' title="bbox 243 4899 1899 4989">
     <span class='ocr_line' id='line_1_99' title="bbox 243 4899 1899 4989; baseline -0.006 -25"><span class='ocrx_word' id='word_1_648' title='bbox 243 4905 331 4964; x_wconf 81' lang='grc' dir='ltr'><strong>διὰ</strong></span> <span class='ocrx_word' id='word_1_649' title='bbox 386 4908 556 4984; x_wconf 89' lang='grc' dir='ltr'><strong>μόνην</strong></span> <span class='ocrx_word' id='word_1_650' title='bbox 613 4908 711 4977; x_wconf 76' lang='grc' dir='ltr'><strong>τὴν</strong></span> <span class='ocrx_word' id='word_1_651' title='bbox 765 4907 1000 4989; x_wconf 74' lang='grc' dir='ltr'><strong>ἄγραφον</strong></span> <span class='ocrx_word' id='word_1_652' title='bbox 1057 4904 1395 4987; x_wconf 87' lang='grc' dir='ltr'><strong>μακροτάτην</strong></span> <span class='ocrx_word' id='word_1_653' title='bbox 1456 4902 1753 4976; x_wconf 73' lang='grc' dir='ltr'><strong>συνήθειαν,</strong></span> <span class='ocrx_word' id='word_1_654' title='bbox 1799 4899 1899 4967; x_wconf 76' lang='grc' dir='ltr'><strong>τὴν</strong></span> 
     </span>
    </p>
   </div>
   <div class='ocr_carea' id='block_1_100' title="bbox 244 4989 1894 5076">
    <p class='ocr_par' dir='ltr' id='par_1_100' title="bbox 244 4989 1894 5076">
     <span class='ocr_line' id='line_1_100' title="bbox 244 4989 1894 5076; baseline -0.004 -25"><span class='ocrx_word' id='word_1_655' title='bbox 244 4996 362 5052; x_wconf 79' lang='grc' dir='ltr'><strong>ἀντὶ</strong></span> <span class='ocrx_word' id='word_1_656' title='bbox 461 4996 625 5072; x_wconf 85' lang='grc' dir='ltr'><strong>νόμου</strong></span> <span class='ocrx_word' id='word_1_657' title='bbox 734 4994 1312 5076; x_wconf 79' lang='grc' dir='ltr'><strong>παραλαμϐανομένην,</strong></span> <span class='ocrx_word' id='word_1_658' title='bbox 1411 4993 1485 5056; x_wconf 86' lang='grc' dir='ltr'><strong>ὡς</strong></span> <span class='ocrx_word' id='word_1_659' title='bbox 1581 4989 1894 5069; x_wconf 78' lang='grc' dir='ltr'><strong>γέγραπται,</strong></span> 
     </span>
    </p>
   </div>
   <div class='ocr_carea' id='block_1_101' title="bbox 245 5080 1897 5166">
    <p class='ocr_par' dir='ltr' id='par_1_101' title="bbox 245 5080 1897 5166">
     <span class='ocr_line' id='line_1_101' title="bbox 245 5080 1897 5166; baseline -0.004 -27"><span class='ocrx_word' id='word_1_660' title='bbox 245 5086 308 5140; x_wconf 66' lang='grc' dir='ltr'><strong>οὔ</strong></span> <span class='ocrx_word' id='word_1_661' title='bbox 357 5085 718 5163; x_wconf 84' lang='grc' dir='ltr'><strong>προστίθεμαι.</strong></span> <span class='ocrx_word' id='word_1_662' title='bbox 777 5082 914 5144; x_wconf 72' lang='grc' dir='ltr'><strong>Οἶδα</strong></span> <span class='ocrx_word' id='word_1_663' title='bbox 983 5087 1084 5166; x_wconf 77' lang='grc' dir='ltr'><strong>γὰρ</strong></span> <span class='ocrx_word' id='word_1_664' title='bbox 1139 5084 1260 5141; x_wconf 88' lang='grc' dir='ltr'><strong>τότε</strong></span> <span class='ocrx_word' id='word_1_665' title='bbox 1323 5082 1422 5150; x_wconf 80' lang='grc' dir='ltr'><strong>τὴν</strong></span> <span class='ocrx_word' id='word_1_666' title='bbox 1491 5080 1697 5160; x_wconf 80' lang='grc' dir='ltr'><strong>μακρὰν</strong></span> <span class='ocrx_word' id='word_1_667' title='bbox 1769 5099 1897 5134; x_wconf 87' lang='grc' dir='ltr'><strong>συν-</strong></span> 
     </span>
    </p>
   </div>
   <div class='ocr_carea' id='block_1_102' title="bbox 1983 4535 3618 4619">
    <p class='ocr_par' dir='ltr' id='par_1_102' title="bbox 1983 4535 3618 4619">
     <span class='ocr_line' id='line_1_102' title="bbox 1983 4535 3618 4619; baseline 0.006 -27"><span class='ocrx_word' id='word_1_668' title='bbox 1983 4535 2113 4613; x_wconf 91' lang='lat' dir='ltr'><strong>cipe</strong></span> <span class='ocrx_word' id='word_1_669' title='bbox 2140 4550 2505 4608; x_wconf 82' lang='lat' dir='ltr'><strong>concessam,</strong></span> <span class='ocrx_word' id='word_1_670' title='bbox 2542 4541 2607 4600; x_wconf 87' lang='lat' dir='ltr'><strong>ut</strong></span> <span class='ocrx_word' id='word_1_671' title='bbox 2646 4535 2985 4617; x_wconf 82' lang='lat' dir='ltr'><strong>bypertimi,</strong></span> <span class='ocrx_word' id='word_1_672' title='bbox 3040 4536 3130 4597; x_wconf 89' lang='lat' dir='ltr'><strong>vel</strong></span> <span class='ocrx_word' id='word_1_673' title='bbox 3178 4539 3618 4619; x_wconf 83' lang='lat' dir='ltr'><strong>protosyncelli.</strong></span> 
     </span>
    </p>
   </div>
   <div class='ocr_carea' id='block_1_103' title="bbox 1980 4621 3619 4702">
    <p class='ocr_par' dir='ltr' id='par_1_103' title="bbox 1980 4621 3619 4702">
     <span class='ocr_line' id='line_1_103' title="bbox 1980 4621 3619 4702; baseline 0.005 -21"><span class='ocrx_word' id='word_1_674' title='bbox 1980 4621 2064 4682; x_wconf 86' lang='lat' dir='ltr'><strong>Ac</strong></span> <span class='ocrx_word' id='word_1_675' title='bbox 2087 4629 2223 4683; x_wconf 91' lang='lat' dir='ltr'><strong>tunc</strong></span> <span class='ocrx_word' id='word_1_676' title='bbox 2258 4623 2499 4702; x_wconf 86' lang='lat' dir='ltr'><strong>quidem</strong></span> <span class='ocrx_word' id='word_1_677' title='bbox 2531 4621 2871 4700; x_wconf 78' lang='lat' dir='ltr'><strong>ambiguum</strong></span> <span class='ocrx_word' id='word_1_678' title='bbox 2929 4625 3044 4687; x_wconf 93' lang='lat' dir='ltr'><strong>hoc</strong></span> <span class='ocrx_word' id='word_1_679' title='bbox 3089 4625 3171 4688; x_wconf 89' lang='lat' dir='ltr'><strong>ita</strong></span> <span class='ocrx_word' id='word_1_680' title='bbox 3199 4626 3454 4689; x_wconf 91' lang='lat' dir='ltr'><strong>solutum</strong></span> <span class='ocrx_word' id='word_1_681' title='bbox 3488 4628 3619 4692; x_wconf 87' lang='lat' dir='ltr'><strong>fuit.</strong></span> 
     </span>
    </p>
   </div>
   <div class='ocr_carea' id='block_1_104' title="bbox 1981 4708 3620 4799">
    <p class='ocr_par' dir='ltr' id='par_1_104' title="bbox 1981 4708 3620 4799">
     <span class='ocr_line' id='line_1_104' title="bbox 1981 4708 3620 4799; baseline 0.005 -29"><span class='ocrx_word' id='word_1_682' title='bbox 1981 4708 2102 4788; x_wconf 85' lang='lat' dir='ltr'><strong>Ego</strong></span> <span class='ocrx_word' id='word_1_683' title='bbox 2130 4727 2268 4772; x_wconf 90' lang='lat' dir='ltr'><strong>vero</strong></span> <span class='ocrx_word' id='word_1_684' title='bbox 2297 4712 2454 4773; x_wconf 88' lang='lat' dir='ltr'><strong>sicut</strong></span> <span class='ocrx_word' id='word_1_685' title='bbox 2501 4711 2878 4792; x_wconf 87' lang='lat' dir='ltr'><strong>imperatoris</strong></span> <span class='ocrx_word' id='word_1_686' title='bbox 2908 4714 3218 4792; x_wconf 86' lang='lat' dir='ltr'><strong>sanctioni,</strong></span> <span class='ocrx_word' id='word_1_687' title='bbox 3253 4726 3433 4796; x_wconf 86' lang='lat' dir='ltr'><strong>prout</strong></span> <span class='ocrx_word' id='word_1_688' title='bbox 3464 4717 3620 4799; x_wconf 84' lang='lat' dir='ltr'><strong>legi-</strong></span> 
     </span>
    </p>
   </div>
   <div class='ocr_carea' id='block_1_105' title="bbox 1983 4799 3618 4882">
    <p class='ocr_par' dir='ltr' id='par_1_105' title="bbox 1983 4799 3618 4882">
     <span class='ocr_line' id='line_1_105' title="bbox 1983 4799 3618 4882; baseline 0.006 -23"><span class='ocrx_word' id='word_1_689' title='bbox 1983 4799 2094 4860; x_wconf 89' lang='lat' dir='ltr'><strong>bus</strong></span> <span class='ocrx_word' id='word_1_690' title='bbox 2151 4807 2456 4880; x_wconf 90' lang='lat' dir='ltr'><strong>receptum</strong></span> <span class='ocrx_word' id='word_1_691' title='bbox 2517 4807 2628 4881; x_wconf 89' lang='lat' dir='ltr'><strong>est,</strong></span> <span class='ocrx_word' id='word_1_692' title='bbox 2688 4801 3037 4865; x_wconf 87' lang='lat' dir='ltr'><strong>assentior:</strong></span> <span class='ocrx_word' id='word_1_693' title='bbox 3100 4804 3179 4867; x_wconf 91' lang='lat' dir='ltr'><strong>ita</strong></span> <span class='ocrx_word' id='word_1_694' title='bbox 3237 4807 3618 4882; x_wconf 90' lang='lat' dir='ltr'><strong>sententiam,</strong></span> 
     </span>
    </p>
   </div>
   <div class='ocr_carea' id='block_1_106' title="bbox 1981 4887 3621 4977">
    <p class='ocr_par' dir='ltr' id='par_1_106' title="bbox 1981 4887 3621 4977">
     <span class='ocr_line' id='line_1_106' title="bbox 1981 4887 3621 4977; baseline 0.006 -29"><span class='ocrx_word' id='word_1_695' title='bbox 1981 4887 2338 4950; x_wconf 82' lang='lat' dir='ltr'><strong>chartulario</strong></span> <span class='ocrx_word' id='word_1_696' title='bbox 2397 4887 2646 4969; x_wconf 85' lang='lat' dir='ltr'><strong>primam</strong></span> <span class='ocrx_word' id='word_1_697' title='bbox 2706 4890 3031 4954; x_wconf 88' lang='lat' dir='ltr'><strong>sessionem</strong></span> <span class='ocrx_word' id='word_1_698' title='bbox 3090 4901 3477 4972; x_wconf 91' lang='lat' dir='ltr'><strong>astruentem,</strong></span> <span class='ocrx_word' id='word_1_699' title='bbox 3514 4915 3621 4977; x_wconf 92' lang='lat' dir='ltr'><strong>per</strong></span> 
     </span>
    </p>
   </div>
   <div class='ocr_carea' id='block_1_107' title="bbox 1981 4977 3620 5063">
    <p class='ocr_par' dir='ltr' id='par_1_107' title="bbox 1981 4977 3620 5063">
     <span class='ocr_line' id='line_1_107' title="bbox 1981 4977 3620 5063; baseline 0.006 -26"><span class='ocrx_word' id='word_1_700' title='bbox 1981 4977 2164 5038; x_wconf 91' lang='lat' dir='ltr'><strong>solam</strong></span> <span class='ocrx_word' id='word_1_701' title='bbox 2189 4996 2306 5038; x_wconf 92' lang='lat' dir='ltr'><strong>non</strong></span> <span class='ocrx_word' id='word_1_702' title='bbox 2335 4977 2611 5058; x_wconf 89' lang='lat' dir='ltr'><strong>scriptam</strong></span> <span class='ocrx_word' id='word_1_703' title='bbox 2635 4978 2961 5058; x_wconf 84' lang='lat' dir='ltr'><strong>longissimi</strong></span> <span class='ocrx_word' id='word_1_704' title='bbox 2983 4983 3264 5063; x_wconf 84' lang='lat' dir='ltr'><strong>temporis</strong></span> <span class='ocrx_word' id='word_1_705' title='bbox 3297 4994 3620 5047; x_wconf 85' lang='lat' dir='ltr'><strong>consuetu-</strong></span> 
     </span>
    </p>
   </div>
   <div class='ocr_carea' id='block_1_108' title="bbox 1980 5066 3620 5152">
    <p class='ocr_par' dir='ltr' id='par_1_108' title="bbox 1980 5066 3620 5152">
     <span class='ocr_line' id='line_1_108' title="bbox 1980 5066 3620 5152; baseline 0.005 -24"><span class='ocrx_word' id='word_1_706' title='bbox 1980 5066 2205 5138; x_wconf 90' lang='lat' dir='ltr'><strong>dinem,</strong></span> <span class='ocrx_word' id='word_1_707' title='bbox 2240 5085 2374 5146; x_wconf 75' lang='lat' dir='ltr'><strong>quae</strong></span> <span class='ocrx_word' id='word_1_708' title='bbox 2412 5066 2556 5146; x_wconf 89' lang='lat' dir='ltr'><strong>legis</strong></span> <span class='ocrx_word' id='word_1_709' title='bbox 2600 5076 2681 5140; x_wconf 63' lang='lat' dir='ltr'><strong>(ut</strong></span> <span class='ocrx_word' id='word_1_710' title='bbox 2717 5077 2887 5131; x_wconf 87' lang='lat' dir='ltr'><strong>antea</strong></span> <span class='ocrx_word' id='word_1_711' title='bbox 2908 5071 3280 5152; x_wconf 89' lang='lat' dir='ltr'><strong>scripsimus)</strong></span> <span class='ocrx_word' id='word_1_712' title='bbox 3309 5073 3435 5135; x_wconf 91' lang='lat' dir='ltr'><strong>loco</strong></span> <span class='ocrx_word' id='word_1_713' title='bbox 3461 5075 3620 5136; x_wconf 91' lang='lat' dir='ltr'><strong>duci-</strong></span> 
     </span>
    </p>
   </div>
   <div class='ocr_carea' id='block_1_109' title="bbox 248 5155 1887 5262">
    <p class='ocr_par' dir='ltr' id='par_1_109' title="bbox 248 5155 1887 5262">
     <span class='ocr_line' id='line_1_109' title="bbox 248 5155 1887 5262; baseline -0.012 -21"><span class='ocrx_word' id='word_1_714' title='bbox 248 5155 434 5241; x_wconf 68' lang='grc' dir='ltr'><strong>ήθεισίν</strong></span> <span class='ocrx_word' id='word_1_715' title='bbox 497 5155 612 5230; x_wconf 78' lang='grc' dir='ltr'><strong>ἂντῖ</strong></span> <span class='ocrx_word' id='word_1_716' title='bbox 676 5175 849 5262; x_wconf 0' lang='grc' dir='ltr'><strong>νόμους</strong></span> <span class='ocrx_word' id='word_1_717' title='bbox 895 5155 1132 5252; x_wconf 52' lang='grc' dir='ltr'><strong>κρατείίν,</strong></span> <span class='ocrx_word' id='word_1_718' title='bbox 1206 5155 1616 5262; x_wconf 77' lang='grc' dir='ltr'><strong>δοκιμασθεῖσαν</strong></span> <span class='ocrx_word' id='word_1_719' title='bbox 1664 5167 1887 5262; x_wconf 50' lang='grc' dir='ltr'><strong>Δπάντως</strong></span> 
     </span>
    </p>
   </div>
   <div class='ocr_carea' id='block_1_110' title="bbox 1974 5155 3621 5262">
    <p class='ocr_par' dir='ltr' id='par_1_110' title="bbox 1978 5155 3621 5262">
     <span class='ocr_line' id='line_1_110' title="bbox 1978 5155 3621 5262; baseline 0.005 -45"><span class='ocrx_word' id='word_1_720' title='bbox 1978 5163 2070 5218; x_wconf 90' lang='lat' dir='ltr'><strong>tur</strong></span> <span class='ocrx_word' id='word_1_721' title='bbox 2094 5155 2506 5262; x_wconf 78' lang='lat' dir='ltr'><strong>(63),minime</strong></span> <span class='ocrx_word' id='word_1_722' title='bbox 2537 5159 2747 5237; x_wconf 91' lang='lat' dir='ltr'><strong>probo.</strong></span> <span class='ocrx_word' id='word_1_723' title='bbox 2780 5157 3018 5262; x_wconf 64' lang='lat' dir='ltr'><strong>Quippe</strong></span> <span class='ocrx_word' id='word_1_724' title='bbox 3046 5173 3186 5224; x_wconf 90' lang='lat' dir='ltr'><strong>tunc</strong></span> <span class='ocrx_word' id='word_1_725' title='bbox 3217 5162 3340 5262; x_wconf 81' lang='lat' dir='ltr'><strong>scio</strong></span> <span class='ocrx_word' id='word_1_726' title='bbox 3382 5163 3621 5225; x_wconf 69' lang='lat' dir='ltr'><strong>diutur-</strong></span> 
     </span>
    </p>
   </div>
   <div class='ocr_carea' id='block_1_111' title="bbox 247 5246 1887 5348">
    <p class='ocr_par' dir='ltr' id='par_1_111' title="bbox 247 5255 1887 5342">
     <span class='ocr_line' id='line_1_111' title="bbox 247 5255 1887 5342; baseline -0.002 -27"><span class='ocrx_word' id='word_1_727' title='bbox 247 5258 588 5342; x_wconf 79' lang='grc' dir='ltr'><strong>δικαστικῶς,</strong></span> <span class='ocrx_word' id='word_1_728' title='bbox 649 5261 737 5318; x_wconf 81' lang='grc' dir='ltr'><strong>ὅτε</strong></span> <span class='ocrx_word' id='word_1_729' title='bbox 794 5261 947 5338; x_wconf 87' lang='grc' dir='ltr'><strong>νόμοι</strong></span> <span class='ocrx_word' id='word_1_730' title='bbox 1014 5265 1100 5319; x_wconf 87' lang='grc' dir='ltr'><strong>καὶ</strong></span> <span class='ocrx_word' id='word_1_731' title='bbox 1154 5261 1370 5324; x_wconf 89' lang='grc' dir='ltr'><strong>κανόνες</strong></span> <span class='ocrx_word' id='word_1_732' title='bbox 1428 5257 1512 5315; x_wconf 81' lang='grc' dir='ltr'><strong>διὰ</strong></span> <span class='ocrx_word' id='word_1_733' title='bbox 1582 5256 1779 5323; x_wconf 87' lang='grc' dir='ltr'><strong>ταύτης</strong></span> <span class='ocrx_word' id='word_1_734' title='bbox 1835 5255 1887 5312; x_wconf 73' lang='grc' dir='ltr'><strong>οὗ</strong></span> 
     </span>
    </p>
   </div>
   <div class='ocr_carea' id='block_1_112' title="bbox 1974 5246 3622 5348">
    <p class='ocr_par' dir='ltr' id='par_1_112' title="bbox 1975 5246 3622 5339">
     <span class='ocr_line' id='line_1_112' title="bbox 1975 5246 3622 5339; baseline 0.004 -32"><span class='ocrx_word' id='word_1_735' title='bbox 1975 5265 2111 5339; x_wconf 76' lang='lat' dir='ltr'><strong>nam</strong></span> <span class='ocrx_word' id='word_1_736' title='bbox 2137 5246 2629 5308; x_wconf 87' lang='lat' dir='ltr'><strong>consuetudinem</strong></span> <span class='ocrx_word' id='word_1_737' title='bbox 2655 5265 2759 5327; x_wconf 91' lang='lat' dir='ltr'><strong>pro</strong></span> <span class='ocrx_word' id='word_1_738' title='bbox 2782 5248 2908 5328; x_wconf 88' lang='lat' dir='ltr'><strong>lege</strong></span> <span class='ocrx_word' id='word_1_739' title='bbox 2935 5249 3408 5327; x_wconf 62' lang='lat' dir='ltr'><strong>valere,omnino</strong></span> <span class='ocrx_word' id='word_1_740' title='bbox 3426 5260 3622 5314; x_wconf 82' lang='lat' dir='ltr'><strong>tamen</strong></span> 
     </span>
    </p>
   </div>
   <div class='ocr_carea' id='block_1_113' title="bbox 246 5337 1887 5428">
    <p class='ocr_par' dir='ltr' id='par_1_113' title="bbox 246 5337 1887 5428">
     <span class='ocr_line' id='line_1_113' title="bbox 246 5337 1887 5428; baseline -0.004 -22"><span class='ocrx_word' id='word_1_741' title='bbox 246 5337 625 5428; x_wconf 71' lang='grc' dir='ltr'><strong>παραλύονταιο</strong></span> <span class='ocrx_word' id='word_1_742' title='bbox 652 5349 806 5427; x_wconf 80' lang='grc' dir='ltr'><strong>Λέγω</strong></span> <span class='ocrx_word' id='word_1_743' title='bbox 835 5337 1015 5416; x_wconf 75' lang='grc' dir='ltr'><strong>δὲτὴν</strong></span> <span class='ocrx_word' id='word_1_744' title='bbox 1072 5349 1370 5428; x_wconf 83' lang='grc' dir='ltr'><strong>προεδρείαν</strong></span> <span class='ocrx_word' id='word_1_745' title='bbox 1424 5347 1569 5428; x_wconf 73' lang='grc' dir='ltr'><strong>ἔχειν</strong></span> <span class='ocrx_word' id='word_1_746' title='bbox 1614 5347 1706 5402; x_wconf 82' lang='grc' dir='ltr'><strong>τὸν</strong></span> <span class='ocrx_word' id='word_1_747' title='bbox 1745 5367 1887 5424; x_wconf 78' lang='grc' dir='ltr'><strong>χαρ-</strong></span> 
     </span>
    </p>
   </div>
   <div class='ocr_carea' id='block_1_114' title="bbox 1974 5337 3627 5428">
    <p class='ocr_par' dir='ltr' id='par_1_114' title="bbox 1974 5337 3627 5420">
     <span class='ocr_line' id='line_1_114' title="bbox 1974 5337 3627 5420; baseline 0.002 -18"><span class='ocrx_word' id='word_1_748' title='bbox 1974 5337 2034 5402; x_wconf 75' lang='grc' dir='ltr'><strong>ἰη</strong></span> <span class='ocrx_word' id='word_1_749' title='bbox 2061 5337 2290 5418; x_wconf 79' lang='lat' dir='ltr'><strong>judicio</strong></span> <span class='ocrx_word' id='word_1_750' title='bbox 2313 5337 2480 5417; x_wconf 90' lang='lat' dir='ltr'><strong>prius</strong></span> <span class='ocrx_word' id='word_1_751' title='bbox 2507 5338 2927 5416; x_wconf 86' lang='lat' dir='ltr'><strong>examinatam,</strong></span> <span class='ocrx_word' id='word_1_752' title='bbox 2946 5358 3078 5402; x_wconf 88' lang='lat' dir='ltr'><strong>cum</strong></span> <span class='ocrx_word' id='word_1_753' title='bbox 3100 5342 3262 5420; x_wconf 83' lang='lat' dir='ltr'><strong>leges</strong></span> <span class='ocrx_word' id='word_1_754' title='bbox 3284 5349 3341 5403; x_wconf 89' lang='lat' dir='ltr'><strong>et</strong></span> <span class='ocrx_word' id='word_1_755' title='bbox 3365 5361 3627 5406; x_wconf 91' lang='lat' dir='ltr'><strong>canones</strong></span> 
     </span>
    </p>
   </div>
   <div class='ocr_carea' id='block_1_115' title="bbox 1814 5509 2058 5575">
    <p class='ocr_par' dir='ltr' id='par_1_115' title="bbox 1814 5509 2058 5575">
     <span class='ocr_line' id='line_1_115' title="bbox 1814 5509 2058 5575; baseline 0.004 -2"><span class='ocrx_word' id='word_1_756' title='bbox 1814 5509 2058 5575; x_wconf 76' lang='grc' dir='ltr'><strong>ΝΟΤιΕ.</strong></span> 
     </span>
    </p>
   </div>
   <div class='ocr_carea' id='block_1_116' title="bbox 330 5682 2180 5768">
    <p class='ocr_par' dir='ltr' id='par_1_116' title="bbox 330 5682 2180 5768">
     <span class='ocr_line' id='line_1_116' title="bbox 330 5682 2180 5768; baseline -0.008 -16"><span class='ocrx_word' id='word_1_757' title='bbox 330 5685 446 5767; x_wconf 77' lang='lat'><strong>(63)</strong></span> <span class='ocrx_word' id='word_1_758' title='bbox 481 5686 522 5751; x_wconf 93' lang='lat' dir='ltr'><strong>l.</strong></span> <span class='ocrx_word' id='word_1_759' title='bbox 563 5685 639 5753; x_wconf 81' lang='grc'><strong>34</strong></span> <span class='ocrx_word' id='word_1_760' title='bbox 669 5685 747 5752; x_wconf 92' lang='lat' dir='ltr'><strong>D.</strong></span> <span class='ocrx_word' id='word_1_761' title='bbox 771 5684 1065 5768; x_wconf 75' lang='lat' dir='ltr'><strong>Delegib.</strong></span> <span class='ocrx_word' id='word_1_762' title='bbox 1099 5693 1160 5750; x_wconf 88' lang='lat' dir='ltr'><strong>et</strong></span> <span class='ocrx_word' id='word_1_763' title='bbox 1188 5686 1229 5750; x_wconf 95' lang='lat' dir='ltr'><strong>l.</strong></span> <span class='ocrx_word' id='word_1_764' title='bbox 1261 5684 1301 5748; x_wconf 89' lang='lat'>3</span> <span class='ocrx_word' id='word_1_765' title='bbox 1328 5684 1394 5748; x_wconf 88' lang='lat' dir='ltr'><strong>C.</strong></span> <span class='ocrx_word' id='word_1_766' title='bbox 1427 5684 1576 5762; x_wconf 77' lang='grc' dir='ltr'><strong>ρυω</strong></span> <span class='ocrx_word' id='word_1_767' title='bbox 1603 5682 1866 5764; x_wconf 72' lang='lat' dir='ltr'><strong>sitiong.</strong></span> <span class='ocrx_word' id='word_1_768' title='bbox 1912 5685 2180 5744; x_wconf 76' lang='lat' dir='ltr'><strong>ronsuet.</strong></span> 
     </span>
    </p>
   </div>
   <div class='ocr_carea' id='block_1_117' title="bbox 810 5793 3227 5863">
    <p class='ocr_par' dir='ltr' id='par_1_117' title="bbox 810 5793 3227 5863">
     <span class='ocr_line' id='line_1_117' title="bbox 810 5793 3227 5863; baseline -0.001 -5"><span class='ocrx_word' id='word_1_769' title='bbox 810 5793 1071 5863; x_wconf 72' lang='lat' dir='ltr'><strong>PATROL.</strong></span> <span class='ocrx_word' id='word_1_770' title='bbox 1110 5797 1222 5863; x_wconf 75' lang='lat' dir='ltr'><strong>Gn.</strong></span> <span class='ocrx_word' id='word_1_771' title='bbox 1255 5794 1464 5860; x_wconf 82' lang='lat' dir='ltr'><strong>CXIX.</strong></span> <span class='ocrx_word' id='word_1_772' title='bbox 3153 5793 3227 5858; x_wconf 89' lang='lat'>38</span> 
     </span>
    </p>
   </div>
  </div>
