4074 6212
530 316 684 381 1195

1822 364 1827 371 .
1887 308 2020 372 JUS
2057 308 2527 373 CANONICUM.

3756 302 3903 371 “96

528 467 635 530 per
656 466 790 511 eam
813 464 932 509 non
966 443 1376 509 debilitantur.
1410 441 1591 523 Igitur
1620 439 2159 530 aio,c_hartularium

2251 440 2544 521 τοφύλακα,
2597 443 2734 498 κατὰ
2789 445 2889 511 τὴν
2943 447 3049 499 τῶν
3096 442 3248 500 θείων
3296 443 3531 501 κανόνων
3588 441 3904 522 περίληψιν,

525 527 745 599 habere
759 535 1007 618 primam
1025 532 1353 595 sessionem
1377 530 1557 593 etiam
1576 528 1902 592 secundum
1922 527 2168 618 id,quod

526 628 713 689 sacris
728 617 1591 701 canonibuscontineturzquod
1607 636 1750 680 sane
1771 636 1936 679 sacra
1954 617 2166 698 princi-

528 714 618 796 pis
630 711 1081 793 circumspectio
1098 722 1240 774 tunc
1265 718 1477 789 sponte
1490 705 1900 770 reticuit.Nam
1922 706 2166 796 licetin-

527 794 1124 866 dicatusilleNicaani
1138 800 1313 880 primi
1332 797 1568 861 concilii
1587 815 1778 859 canon
1792 795 2014 866 statuit,
2044 794 2161 857 dia-

524 911 742 955 conum
755 910 867 953 nec
881 889 1257 972 participare.
1289 906 1398 950 nec
1412 887 1627 949 sedere
1651 892 1786 947 ante
1802 883 2163 972 sacerdotes,

528 971 1026 1062 septimustamen
1060 996 1249 1039 canon
1266 984 1485 1038 sanctae
1518 993 1588 1036 ac
1621 971 1969 1062 universalis
1988 979 2169 1062 sextae

526 1060 733 1151 synodi
743 1066 1071 1149 jubet,utis
1083 1066 1182 1147 qui
1202 1083 1516 1145 personam
1529 1061 1896 1151 patriarchae,
1913 1060 2163 1151 velsim-

526 1148 763 1239 pliciter
782 1156 1044 1238 episcopi
1070 1155 1215 1233 gerit
1229 1160 1388 1235 ,ante
1407 1152 1747 1214 sacerdotes
1762 1148 2165 1239 sedeat.ldeo-

526 1237 642 1328 que
666 1237 911 1325 magnus
923 1263 990 1306 ac
1006 1250 1244 1306 sanctus
1260 1242 1435 1303 etiam
1452 1237 2168 1321 Cyrillus,Alexaudrinus

525 1354 699 1417 papa,
755 1334 935 1414 capiti
992 1335 1239 1396 fasciam
1293 1329 1687 1393 circumdedit
1737 1346 2000 1417 auream,
2048 1345 2166 1407 quo

525 1416 791 1506 tempore
822 1430 1040 1485 sanctae
1071 1435 1130 1485 et
1154 1420 1482 1482 universali
1513 1418 1703 1482 tertiae
1746 1416 1968 1498 synodo
2007 1434 2163 1506 prae-

526 1503 663 1576 fuit.
688 1510 1416 1594 QuippeCelestinilocum
1439 1506 1741 1569 obtinebat
1764 1507 1914 1586 ejus,
1941 1503 2163 1585 quiRo-

526 1621 760 1664 manam
805 1593 945 1664 tunc
992 1598 1234 1679 regebat
1275 1596 1628 1669 Ecclesiam;
1660 1593 2162 1673 quemadmodum

2250 536 2404 587 10610
2457 528 2588 610 ὅπερ
2641 532 2677 600 ἡ
2726 529 2991 609 βασίλειος
3033 532 3143 588 θεία
3199 534 3446 610 περιωπή
3514 532 3692 589 ἑκοντὶ
3752 553 3905 598 τηνι-

2249 618 2415 676 καῦτα
2454 619 2858 699 παρεσιώπησε,
2918 620 3026 679 Κᾶν
3081 621 3181 700 γὰρ
3224 623 3252 678 6
3306 622 3478 700 ῥηθεὶς
3536 626 3641 689 τῆς
3685 620 3757 677 ἐκ
3817 629 3909 677 Ni-

2247 708 2370 780 καίᾳ
2423 708 2643 788 πρώτης
2714 707 2930 766 συνόδου
2982 711 3157 768 κανὼν
3222 708 3529 789 διορίζηται,
3591 710 3675 787 μὴ
3737 730 3909 784 μετα-

2247 794 2533 879 λαμϐάνειν
2574 796 2711 874 μηδὲ
2772 802 3027 866 καθῆσθαι
3071 801 3173 879 πρὸ
3232 800 3336 857 τῶν
3398 799 3573 879 ἱερέων
3635 797 3907 877 διάκονον,

2247 883 2369 942 ἀλλ’
2399 888 2428 943 6
2469 876 2520 958 ζ’
2564 888 2739 944 κανὼν
2809 888 2906 956 τῆς
2961 876 3123 967 ἁγίας.
3171 911 3260 967 καὶ
3313 876 3685 964 οἷκούμενικῆς

2249 971 2461 1031 συνόδου
2541 974 2974 1055 παρακελεύεται,
3078 978 3170 1034 τὸν
3265 977 3529 1057 ὲπὲχοντα
3610 976 3909 1056 πρόσωπον

2248 1066 2632 1145 πατριαρχικὸν
2687 1066 2724 1134 ἢ
2774 1067 2956 1130 ἁπλῶς
3008 1065 3373 1139 ἐπισκοπικὸν,
3425 1068 3526 1147 πρὸ
3566 1067 3682 1122 τῶν
3725 1064 3913 1144 ἱερέων

2246 1153 2568 1224 καθέζεσθαι,
2622 1157 2714 1211 Διὸ
2755 1158 2843 1212 καὶ
2892 1157 2921 1211 ὁ
2970 1154 3137 1234 μέγας
3192 1155 3344 1234 ἅγιος
3395 1154 3655 1234 Κύριλλος
3707 1157 3741 1211 ὃ
3805 1176 3913 1211 πα-

2248 1263 2350 1306 πας
2432 1240 2849 1323 Ἀλεξανδρείας,
2935 1242 3021 1300 ἐπὶ
3090 1243 3325 1326 κεφαλῆς
3407 1252 3650 1325 χρησοῦν
3736 1242 3915 1322 λῶριον

2248 1328 2645 1412 περιεϐέϐλητο,
2707 1330 2796 1389 ὅτε
2851 1338 2950 1400 τῆς
2994 1333 3145 1411 ἁγίας
3203 1335 3290 1390 καὶ
3354 1335 3733 1409 οίκουμενικῆς
3802 1335 3915 1411 151‘:-

2247 1442 2346 1487 της
2396 1418 2611 1478 συνόδου
2658 1423 2975 1495 προίστατο.
3051 1420 3279 1503 Ἐπεϊχε
3333 1425 3434 1503 γὰρ
3484 1424 3703 1503 καὶτὸν
3747 1424 3918 1478 τόπον

2245 1515 2337 1566 τοῦ
2408 1508 2739 1590 Κελεστίνου,
2826 1517 2919 1568 τοῦ
2970 1510 3070 1578 τὴν
3140 1502 3457 1579 Ἐκκλησίαν
3524 1513 3625 1578 τῆς
3692 1502 3916 1586 Ῥώμης

2245 1598 2522 1679 ίθύνοντος,
2569 1600 2741 1662 καθὼς
2796 1600 2951 1657 τοῦτο
3013 1602 3328 1680 παρίσταται
3383 1600 3444 1657 ἐκ
3496 1606 3601 1658 τῶν
3684 1622 3914 1679 πρακτι-

525 1690 713 1771 liquet
742 1708 815 1752 ex
850 1688 996 1752 actis
1028 1687 1295 1768 ejusdem
1328 1684 1535 1768 synodi
1565 1684 1775 1746 tertiae.
1807 1682 1883 1767 Et
1907 1700 2020 1763 qua
2051 1681 2159 1744 Ce-

2243 1686 2351 1743 κῶν
2404 1693 2504 1752 τῆς
2544 1688 2727 1762 τρίτης
2782 1687 3017 1751 συνόδου.
3085 1690 3182 1748 Καὶ
3237 1691 3312 1753 ὡς
3366 1689 3570 1754 ἐκεῖνος
3624 1688 3909 1767 ἐμεγαλύ-

523 1770 776 1841 lestinus
827 1778 1103 1840 utebatur
1149 1777 1356 1856 gloria,
1409 1775 1738 1837 secundum
1790 1770 2160 1833 sanctionem

524 1868 809 1949 apostolis
839 1866 1080 1949 aequalis
1100 1864 1258 1928 illius
1292 1864 1482 1927 sancti
1513 1863 1826 1943 magnique
1870 1865 2161 1949 Constan-f

525 1956 656 2033 tini,
700 1948 923 2020 Ῑοοιθιῐι
943 1955 1017 2017 ad
1049 1962 1316 2017 sanctum
1348 1952 1719 2032 Silvestrum,
1755 1969 1890 2012 cum
1929 1948 2163 2030 imperii

523 2052 757 2127 sceptra
807 2062 917 2126 per
974 2043 1079 2108 Dei
1132 2041 1560 2122 providentiam
1621 2058 1687 2102 ex
1747 2037 1932 2100 veteri
1965 2040 2164 2127 ,Boma

523 2126 983 2196 transferrentur
1012 2132 1071 2194 in
1102 2132 1253 2194 hanc
1283 2135 1492 2193 urbem
1520 2128 1756 2191 urbium
1786 2126 2160 2207 principem;

520 2242 637 2303 qua
666 2227 962 2297 statuitur,
995 2239 1176 2282 aurea
1217 2220 1395 2283 fascia
1431 2225 1552 2280 tum
1584 2216 1769 2298 ipsius
1822 2215 2008 2277 sancti
2039 2214 2160 2278 Sil-

521 2312 724 2388 vestri,
751 2320 871 2373 tum
905 2328 1316 2372 successorum
1369 2309 1518 2388 ejus,
1568 2305 1913 2387 pontificum
1947 2304 2161 2368 Roma-

523 2419 735 2462 norum
765 2406 940 2480 caput
969 2397 1358 2461 condecorari
1387 2396 1651 2459 debere:
1682 2393 1888 2456 eadem
1937 2404 1997 2456 et
2047 2393 2160 2474 Cy-

522 2489 692 2552 rillus
722 2487 1147 2551 exornabatur.
1207 2485 1604 2560 Quamobrem
1658 2491 1717 2545 et
1769 2483 1832 2556 ii,
1885 2482 1983 2564 qui
2030 2489 2163 2563 post

518 2579 717 2659 ipsum
746 2576 1116 2640 Alexandriae
1153 2575 1556 2657 pontificatum
1608 2590 1871 2652 gessere,
1924 2579 2164 2652 prepter

523 2676 805 2728 aeternam
857 2664 1203 2727 memoriam
1248 2665 1401 2744 ejus,
1452 2661 1609 2741 quod
1658 2670 1796 2722 tunc
1851 2659 2160 2722 decretum

520 2753 653 2829 fuit,
687 2753 897 2815 eodem
929 2752 1105 2814 modo
1151 2752 1209 2813 in
1260 2753 1421 2813 hunc
1452 2769 1639 2831 usque
1664 2750 1821 2812 diem
1858 2750 2023 2811 titulo
2055 2769 2160 2810 suo

520 2841 1277 2921 cobonestantur.Cumque
1299 2857 1512 2902 omnes
1537 2839 1639 2901 alii
1668 2838 1959 2919 capitibus
1982 2857 2158 2918 aper-

522 2929 602 2990 tis
634 2946 729 2991 res
760 2945 960 2990 sacras
991 2935 1295 3008 peragant,
1348 2926 1513 2987 solus
1570 2924 2001 2988 Alexandrinus
2052 2944 2160 3005 pa-

2244 1796 2386 1856 νετο,
2469 1777 2605 1833 κατὰ
2672 1779 2733 1833 τὸ
2817 1776 3082 1854 θέσπισμα
3147 1788 3240 1838 τοῦ
3319 1777 3679 1836 ίσαποστόλου
3750 1778 3908 1856 ἆγίω

2244 1863 2481 1943 μεγάλου
2537 1867 2950 1941 Κωνσταντίνου,
3008 1868 3072 1924 16
3119 1867 3339 1946 γεγονὸς
3385 1867 3517 1946 πρὸς
3575 1868 3677 1923 τὸν
3749 1867 3906 1945 ἅγιον

2244 1951 2581 2035 Σίλϐεστρον,
2641 1954 2728 2011 ὃτε
2783 1955 2850 2011 τὰ
2904 1958 3150 2035 σκῆπτρα
3206 1959 3305 2024 τῆς
3372 1954 3643 2032 βασιλείας
3698 1955 3763 2011 ἐκ
3806 1961 3905 2022 τῆς

2243 2040 2472 2105 παλαιᾶς
2543 2033 2757 2118 Ῥώμης
2827 2044 2965 2100 κατὰ
3021 2033 3153 2101 Θεοῦ
3208 2044 3458 2125 πρόνοιαν
3540 2044 3906 2119 μετετέθησαν

2243 2131 2316 2195 εἷς
2356 2130 2455 2199 τὴν
2495 2136 2601 2187 τῶν
2656 2129 2865 2188 πόλεων
2912 2130 3312 2213 βασιλεύουσαν,
3370 2133 3459 2189 καὶ
3513 2129 3906 2207 διοριζόμενον,

2244 2219 2378 2296 μετᾶ
2405 2220 2778 2300 χρυσοπάστου
2835 2218 3006 2299 λώρου
3059 2221 3159 2288 τὴν
3216 2228 3310 2278 106
3367 2220 3516 2299 ἁγίου
3571 2217 3907 2297 Σιλόἑστρου

2241 2307 2502 2388 κεφαλὴν,
2534 2310 2623 2365 καὶ
2662 2309 2767 2365 τῶν
2812 2307 2928 2385 μετ’
2960 2310 3116 2369 αὒτὸν
3159 2309 3447 2390 ἀρχιερέων
3504 2309 3602 2377 τῆς
3682 2300 3905 2386 Ῥώμης

2241 2396 2744 2473 κατακαλλύνεσθαι,
2844 2399 2931 2454 καὶ
3023 2399 3176 2464 αὖτὸς
3262 2398 3680 2477 τοιουτοτρόποις
3764 2404 3902 2456 καθ-

2243 2489 2521 2566 ωραΐζετο.
2572 2487 2853 2545 Κᾶντεῦθεν
2895 2488 2982 2544 καὶ
3022 2490 3069 2544 οἱ
3111 2486 3230 2563 μετ’
3258 2487 3464 2545 ἐκεῖνον
3519 2493 3594 2551 εἰς
3649 2484 3905 2553 Ἀλεξάν-

2243 2573 2412 2654 δρειαν
2482 2575 2972 2656 ἀρχιερατεύοντες,
3032 2574 3117 2632 διὰ
3202 2578 3421 2653 μνήμην
3504 2578 3725 2633 αἰώνιον
3806 2585 3902 2633 τῶ

2242 2664 2363 2721 τότε
2417 2662 2772 2737 συνδόξαν-τος,
2830 2667 3081 2729 ὡσαύτως
3139 2666 3302 2745 μέχρι
3357 2671 3449 2722 τοῦ
3506 2672 3594 2721 νῦν
3648 2687 3901 2723 κατακο-

2242 2755 2492 2830 σμοῦνται
2577 2752 3119 2835 στηλογραφούμενοι.
3224 2756 3321 2812 Καὶ
3414 2754 3626 2811 πάντων
3719 2754 3903 2833 ἀπερι-

2241 2841 2529 2908 καλύπτοις
2598 2844 3001 2922 ἱερουργούντων
3079 2856 3200 2909 ταῖς
3269 2844 3550 2923 κεφαλαῖς,
3637 2844 3811 2918 μόνος
3874 2847 3902 2899 6

2242 2933 2582 3013 πατριάρχης
2636 2929 3026 3013 Ἀλεξανδρείας
3081 2935 3341 3012 ἱερουργεῖ
3395 2933 3530 3008 μετὰ
3585 2939 3682 2988 106
3727 2930 3901 3011 λὼρω

525 3018 785 3079 triarcha
813 3035 941 3078 rem
972 3016 1230 3077 divinam
1262 3015 1423 3090 facit,
1457 3014 1637 3077 fascia
1667 3013 1822 3075 dicta
1850 3023 2024 3094 caput
2045 3013 2155 3075 ob-

2242 3022 2336 3077 τὰν
2388 3020 2625 3102 κεφαλὴν
2704 3020 3123 3097 καλυπτόμενος.
3198 3022 3296 3079 Καὶ
3360 3022 3484 3085 τοὺς
3551 3018 3763 3077 δώδεκα
3844 3022 3897 3077 δὲ

522 3107 779 3169 volutus.
830 3104 1164 3178 Quinetiam
1221 3122 1302 3168 χιι
1362 3104 1498 3165 illos
1551 3103 1920 3166 cardinarios
1990 3106 2161 3184 Papae

521 3196 913 3259 consimiliter
937 3195 1207 3257 videmus
1251 3194 1427 3276 pileis
1470 3193 1671 3255 aureis
1712 3202 1951 3255 ornatos
1999 3193 2156 3273 (δι),

516 3286 696 3349 veluti
727 3289 900 3366 Papae
916 3302 1224 3366 personam
1242 3282 2015 3365 repraesentantes,ejusque
2023 3285 2161 3360 jura

521 3376 857 3439 fulcientes.
883 3373 1030 3437 Nam
1054 3374 1449 3455 appellatione
1479 3370 1739 3434 cardinis
1760 3370 1912 3452 apud
1946 3372 2160 3433 Roma-

522 3484 630 3528 nos
664 3475 830 3547 potes
876 3463 1090 3525 forium
1145 3463 1411 3525 veniunt.
1441 3460 1645 3542 Itaque
1696 3467 2160 3522 consentaneum

522 3563 633 3628 est,
667 3573 768 3617 eos
788 3553 943 3617 haud
976 3552 1155 3615 dubie
1184 3571 1388 3615 verum
1423 3550 1644 3622 dicere,
1690 3549 1789 3631 qui
1823 3548 2157 3629 perhibent,

524 3644 698 3706 etiam
720 3644 1009 3724 cujusque
1053 3640 1337 3723 temporis
1375 3638 1799 3702 chartularium
1826 3655 2004 3700 aurea
2031 3638 2160 3719 ejus

521 3732 681 3793 modi
706 3731 876 3806 tiara,
899 3740 1094 3793 certos
1123 3739 1260 3792 ante
1295 3748 1505 3802 annos,
1537 3727 1599 3790 in
1631 3726 1883 3808 publicis
1907 3726 2158 3808 quibus-

520 3820 654 3880 dam
688 3818 1078 3881 conventibus
1102 3837 1297 3889 usum,
1322 3817 1423 3899 qui
1452 3835 1569 3878 non
1603 3823 1825 3877 tantum
1858 3833 1962 3896 pro
1995 3832 2159 3876 more

521 3908 887 3970 haberentur
911 3907 970 3967 in
1004 3906 1309 3981 Ecclesiis,
1338 3924 1543 3968 verum
1574 3904 1750 3966 etiam
1800 3902 1859 3964 in
1912 3922 2156 3984 proces-

519 3995 813 4071 sionibus,
847 4003 909 4057 et
936 3995 1080 4057 foris
1124 3994 1401 4076 publicis.
1437 3994 1628 4075 Atque
1668 3991 1944 4074 equidem
1992 4001 2157 4054 certo

518 4083 665 4159 scio,
700 4083 761 4145 in
792 4084 949 4145 hunc
989 4102 1177 4164 usque
1206 4082 1363 4143 diem
1394 4083 1720 4161 repositum
1754 4098 1887 4141 esse
1936 4079 2155 4161 pileum

520 4172 650 4252 ejus
679 4172 839 4233 modi
876 4189 1019 4233 auro
1048 4172 1474 4251 interspersum
1505 4169 1565 4230 in
1595 4187 1730 4231 arca
1760 4169 2104 4231 cbartularii
2138 4186 2153 4231 :

2242 3107 2624 3190 Καρδηναρίους
2680 3120 2772 3169 106
2840 3111 2997 3166 Πάπα
3064 3110 3368 3190 παρομοίως
3450 3108 3729 3186 βλέπομεν
3797 3133 3895 3168 κε-

2239 3199 2523 3275 κοσμένους
2563 3211 2790 3280 χρυσοῖς
2852 3196 3231 3275 ἐπιϐλήμασιν,
3284 3200 3358 3263 ὼς
3416 3198 3894 3277 ἆντιπροσωποῦν-

2240 3309 2333 3352 τας
2376 3292 2454 3362 τῷ
2505 3288 2687 3363 Πάπα,
2758 3288 2846 3344 καὶ
2899 3288 2964 3345 τὰ
3033 3287 3215 3344 τούτου
3283 3287 3626 3366 στηρίζον-τας
3688 3284 3890 3350 δίκαια,

2246 3374 2460 3455 Κάρδων
2503 3377 2603 3456 γὰρ
2661 3377 2803 3456 παρὰ
2861 3366 3166 3455 Ῥωμαῖοις,
3225 3377 3278 3433 αἱ
3346 3373 3492 3457 φλιαὶ
3544 3377 3653 3432 τῶν
3726 3380 3894 3456 MPB:

2244 3464 2607 3541 ὀνομάζονται.
2689 3469 2907 3546 Ἀραρεν
2977 3465 3066 3522 οὖν
3133 3463 3407 3532 ἀληθεύειν
3472 3462 3713 3544 ἐναργῶς
3774 3467 3894 3528 τοὺς

2242 3552 2495 3633 λέγοντας
2543 3556 2631 3613 καὶ
2675 3557 2766 3612 τὸν
2809 3557 2895 3612 καὶ
2935 3555 3070 3612 κατὰ
3097 3555 3305 3635 καιροὺς
3346 3553 3734 3635 χαρτοφύλακα

2241 3644 2489 3712 τοιαύτης
2559 3645 2737 3725 νιάρας
2793 3649 3000 3725 χρυσῆς
3070 3646 3170 3724 πρὸ
3239 3642 3611 3723 μετρουμένων
3677 3647 3898 3725 χρόνων

2240 3738 2420 3806 τινῶν,
2506 3731 2563 3789 ἕν
2626 3755 2733 3790 τισι
2788 3731 3086 3809 πανδήμοις
3142 3730 3439 3804 δοξάζεσθαι
3509 3734 3896 3812 πανηγύρεσιν,

2242 3823 2302 3880 06
2374 3821 2532 3897 μόνον
2591 3819 2677 3879 ἐπ’
2750 3820 3068 3890 Ἐκκλησίας
3127 3821 3456 3902 γινομέναις,
3528 3822 3603 3886 ὡς
3674 3821 3895 3896 εἴωθεν,

2241 3907 2376 3966 ἀλλὰ
2404 3909 2574 3967 καὶέν
2621 3909 2888 3991 προόδοις,
2942 3910 3037 3968 καί
3088 3910 3336 3991 ἀγοραῖς.
3396 3907 3898 3992 Πεπληροφόρημαι

2241 3995 2413 4055 δὲκαὶ
2443 3999 2654 4081 αὐτοὺς,
2684 4000 2999 4057 ἀποκεῖσθαι
3068 3999 3233 4080 μέχρι
3274 4006 3366 4057 τοῦ
3418 4006 3505 4056 νῦν
3562 4001 3640 4063 εἷς
3689 4002 3763 4057 τὸ
3809 4008 3900 4057 106

2241 4086 2646 4169 χαρτοφύλακος
2702 4086 2972 4164 κιϐώτιον,
3028 4088 3404 4169 χρυσόπαστον
3469 4097 3713 4148 τοιοῦτον
3775 4089 3900 4146 έπε-

2240 4174 2427 4253 ϐλημα
2458 4191 2474 4208 ⁸
2535 4178 2623 4234 καὶ
2654 4178 2846 4258 χρόνος
2888 4180 2982 4235 οὐκ
3020 4176 3130 4235 ἔστι
3185 4176 3446 4257 γηραλέος
3473 4178 3561 4233 καὶ
3584 4177 3902 4254 acip-51:10:,

519 4251 713 4341 neque
744 4261 982 4339 longum
1015 4258 1352 4333 intercedit,
1399 4278 1470 4320 ac
1518 4271 1812 4320 remotum
1875 4259 2158 4339 temporis

2241 4251 2376 4321 ἀλλᾶ
2434 4265 2548 4331 νέος
2741 4267 3064 4347 πρόσφατος.
3128 4251 3226 4325 καὶ
3263 4251 3469 4347 ’φθόνος
3523 4265 3621 4322 οὒκ
3662 4251 3902 4346 ἆγεν-ἧς,

515 4350 793 4431 spatium,
827 4351 928 4412 sed
956 4348 1047 4411 rei
1076 4348 1361 4410 memoria
1387 4365 1600 4410 recens
1629 4355 1740 4409 est.
1773 4349 1895 4409 Nec
1920 4346 2155 4425 ignobi-

517 4439 589 4501 lis
609 4438 850 4514 invidia,
884 4438 973 4500 vel
1004 4437 1279 4519 imperita
1311 4437 1540 4500 scilicet
1589 4435 1822 4514 religio,
1875 4454 2152 4513 magnum

514 4527 808 4609 ejusmodi
864 4528 1237 4609 privilegium
1297 4527 1477 4606 hujus
1532 4523 2149 4588 ofﬁciiaboleverunt.

512 4617 742 4700 Quippe
771 4635 879 4698 per
901 4616 1089 4698 ipsam
1118 4625 1175 4678 te
1207 4616 1509 4678 veritatem
1538 4614 1821 4690 obtestor,
1865 4630 1974 4692 per
2005 4616 2150 4676 cha-

509 4706 743 4768 ritatem
776 4706 1124 4781 fraternam,
1185 4722 1291 4785 per
1317 4722 1581 4766 amorem
1626 4722 1765 4783 erga
1811 4702 2019 4777 Deum,
2053 4704 2151 4766 die

513 4794 684 4876 mihi,
717 4795 1011 4875 quodnam
1047 4794 1237 4874 majus
1258 4792 1652 4873 fueritoperae
1689 4794 2146 4873 pretium,quam

508 4882 931 4946 chartularium
964 4883 1168 4944 videre
1194 4899 1619 4962 nonnunquam
1651 4899 1755 4960 per
1779 4881 1971 4942 forum
2005 4899 2147 4960 pro-

506 4972 819 5033 cedentem
865 4990 998 5033 cum
1044 4989 1186 5032 auro
1228 4971 1592 5049 interspersa
1642 4969 1809 5041 tiara,
1843 4967 1944 5048 qui
1992 4968 2150 5031 mulo

506 5061 774 5137 vehatur,
802 5067 862 5122 et
890 5076 1056 5121 more
1085 5057 1461 5140 patriarchali
1492 5066 1737 5119 ornatus
1767 5056 1842 5118 sit
1864 5056 2000 5118 albo
2032 5055 2153 5118 lin-

511 5147 1140 5229 teo,quemadmodum
1175 5146 1233 5207 id
1255 5164 1494 5227 quoque
1524 5164 1630 5226 per
1656 5145 1978 5208 indicatam
2010 5164 2151 5208 san-

2236 4353 2272 4423 ἢ
2354 4357 2444 4411 καί
2505 4352 2811 4428 ἀπαίδευτος
2866 4354 3019 4423 δῆθεν
3087 4352 3354 4435 εὒλάϐεια,
3413 4355 3480 4411 τὰ
3533 4355 3594 4410 16
3651 4365 3908 4413 τοιοῦτον

2236 4441 2580 4523 σχολάσαντα
2630 4444 2768 4524 μέγα
2820 4451 2911 4501 τοῦ
2967 4445 3207 4526 ὀφφικίου
3260 4444 3571 4523 προνόμιον.
3630 4444 3694 4502 Τί
3770 4447 3906 4525 γᾰρ,

2235 4531 2349 4589 εἰπέ
2378 4555 2468 4610 μοι
2498 4534 2628 4613 πρὸς
2675 4533 2772 4601 τῆς
2819 4532 3066 4601 ἀληθείας
3110 4534 3294 4608 αὐτῆς,
3357 4534 3490 4612 πρὸς
3535 4537 3639 4600 τῆς
3668 4531 3908 4616 ἆδελιρι-

2233 4622 2334 4688 κῆς
2403 4618 2649 4702 ἀγάπης,
2704 4623 2835 4702 πρὸς
2903 4624 3001 4689 της
3053 4624 3190 4679 κατὰ
3241 4622 3371 4679 Θεὸν
3427 4618 3743 4702 διαθέσεως,
3812 4621 3908 4690 εἴη

2231 4707 2293 4766 ἂν
2348 4708 2772 4791 σπουδαιότερον,
2839 4718 2930 4768 106
2984 4710 3204 4789 βλέπειν
3259 4710 3399 4767 ’ἐστιν
3441 4708 3529 4766 ὅτε
3570 4711 3662 4767 τὸν
3696 4734 3913 4792 χαρτο-

2230 4797 2438 4878 φύλακα
2507 4797 2592 4855 διὰ
2644 4800 2739 4868 τῆς
2782 4799 2979 4880 ἀγορᾶς
3033 4797 3380 4878 προοδεύοντα
3436 4799 3572 4875 μετὰ
3612 4806 3911 4879 χρυσοπάο

2229 4907 2355 4944 στου
2392 4887 2598 4969 τιάρας,
2653 4889 2741 4945 καὶ
2797 4887 3161 4969 έποχούμενον
3222 4888 3277 4945 ἐν
3332 4888 3564 4962 ἡμιόνῳ,
3623 4909 3913 4971 πατριαρο

2236 4982 2406 5057 χικῶς
2460 4978 2594 5052 μετὰ
2662 4976 2856 5034 ἐθονίου
2911 4976 3292 5053 κεκοσμημένη
3320 4973 3371 5018 εί
3444 4975 3661 5049 λευκοῦ,
3729 4982 3922 5042 καθὼς

2234 5067 2321 5122 καὶ
2374 5071 2530 5122 τοῦτο
2596 5063 2681 5121 διὰ
2748 5074 2842 5125 τοῦ
2918 5064 3166 5143 ῥηθέντος
3232 5065 3589 5141 θεσπίσματος
3648 5064 3922 5148 ὥρισται,

2234 5155 2324 5211 καὶ
2379 5155 2481 5212 ὑπὸ
2552 5151 2940 5233 ἒξκουόιτώρων
2999 5152 3486 5233 δορυφορούμενον;
3544 5154 3604 5210 Εἰ
3683 5157 3770 5230 μή
3838 5180 3922 5222 τις

1838 5314 2096 5380 VARLE
2127 5318 2562 5390 LECTIONES.

584 5423 638 5474 81
671 5444 911 5502 κεκοσμη
918 5421 1093 5502 μένον.

576 5698 697 5776 (64)
735 5697 902 5760 Notae
938 5696 1274 5760 cardinales
1306 5694 1584 5758 Ecclesiae
1612 5696 1785 5759 Rom.
1819 5696 1960 5760 olim
1991 5592 2540 5770 dugcgtfnofuisse.
