4074 6212
203 297 356 365 4197

1522 299 2086 370 θΒιΕΟΟ-ΒΟΜΑΝ
2094 304 2226 366 UM.

3431 309 3589 376 1198

199 437 342 515 λέγει
383 436 743 517 προτιμητέαν
801 439 944 496 εἶναι
1001 441 1102 507 τὴν
1156 439 1396 521 κεφαλήν
1449 443 1548 509 τῆς
1576 441 1779 522 χειρὸς,
1812 435 1848 503 ἢ

1934 431 2192 496 ctionem
2241 442 2522 498 statutum
2582 445 2722 514 est,
2783 447 2843 501 et
2898 439 3310 502 excubitorum
3371 441 3589 505 habeat

203 524 364 583 ἄλλου
421 525 609 602 μέλους
666 534 760 583 τοῦ
815 528 1087 604 σώματος.
1135 537 1298 588 Τοῦτο
1339 531 1438 609 γὰρ
1493 529 1576 586 διὰ
1630 529 1728 597 τὴν
1757 531 1847 584 εὖ·

202 617 379 685 ἤθειαν
435 617 494 672 οὖ
561 612 1035 694 παραλληλίζεται,
1105 614 1249 674 Ἀλλ’
1308 618 1580 676 ἐπανιτέον
1651 617 1764 674 ὅθεν
1820 617 1848 672 ὁ

204 703 359 784 λόγος
439 703 718 780 μετέπεσε,
797 707 888 762 καὶ
955 706 1236 786 ζητητέον,
1319 709 1456 772 τίνος
1511 708 1672 788 χάριν
1741 704 1847 761 τῶν

204 795 303 868 μὲν
370 791 544 849 ἄλλων
612 793 871 872 σεκρέτων
943 797 990 850 οἱ
1059 797 1450 875 προκαθήμενοι
1508 798 1688 873 μόνοις
1757 793 1844 859 ἐξ-

203 890 579 962 υπηρενοῦνται
625 883 954 963 σεκρετικοῖς
1011 882 1316 948 δουλευταῖς
1350 903 1364 918 ·
1428 889 1456 943 ὁ
1485 885 1538 941 δὲ
1570 885 1846 965 χαρτοφύ-

205 969 298 1036 λαξ
351 971 582 1050 τάγμασι
653 969 850 1036 διττοϊς
895 970 1221 1041 διακονητῶν
1265 975 1616 1053 μεγεθύνεται.
1664 973 1847 1048 Φαμὲν

206 1061 316 1134 οὖν,
351 1059 431 1118 ὅτι
473 1061 538 1116 τὰ
591 1069 684 1118 τοῦ
725 1060 1128 1142 χαρτοφύλακος
1177 1061 1350 1120 δίκαια
1393 1068 1638 1144 ψυχικῶν
1688 1064 1850 1141 ῥυπα-

205 1150 421 1225 σμάτων
476 1151 548 1213 εἰς
606 1152 950 1230 καθαρτήρια,
1025 1152 1113 1208 καὶ
1163 1153 1476 1229 νοσημάτων
1534 1158 1852 1229 σωματικῶν

204 1237 526 1318 ἀλεξιτῆρια,
611 1240 703 1294 Διὸ
767 1241 854 1295 καὶ
921 1241 1240 1315 τετύπωται,
1312 1241 1595 1320 ταγμάτων
1665 1238 1851 1297 διττῶν

203 1329 486 1406 ὓπουργοϊς
542 1327 678 1383 αάτὰ
733 1329 1156 1391 κατευθύνεσθαι.
1239 1340 1310 1385 Av
1353 1339 1476 1408 γοῦν
1530 1329 1850 1404 θεμιστεύων

203 1416 553 1496 προκάθηται,
631 1418 718 1472 καὶ
801 1415 1076 1475 δικαστικὰ
1154 1416 1391 1489 διϋλίζων
1459 1419 1701 1493 νοήματα
1757 1417 1850 1473 νό-

205 1526 333 1576 μους
404 1505 641 1582 συνάπτῃ
709 1505 950 1581 νομίμοις
1021 1505 1441 1582 θεσπιωδήμασι,
1516 1508 1603 1564 καὶ
1668 1506 1853 1576 κανόσι

203 1592 428 1656 κανόνας
504 1591 802 1672 ἀρμολογῇ,
878 1592 940 1650 ἂν
1020 1591 1310 1673 δικολογῶν
1396 1597 1675 1675 προτάσεις
1766 1617 1834 1650 κα

1932 522 2323 585 satellitium?
2355 524 2463 588 nisi
2498 527 2632 604 quis
2679 527 2880 590 dicere
2924 527 3087 606 velit,
3151 529 3282 608 plus
3331 529 3577 592 honoris

1931 609 2318 674 deferendum
2350 615 2729 696 capiti,quam
2763 616 3083 698 manui,vel
3117 618 3288 680 alteri
3309 617 3579 680 membro

1928 700 2369 779 corporis.Nam
2403 703 2529 765 haec
2560 705 2946 786 comparatio,
2982 724 3090 768 ceu
3123 706 3319 780 stulta,
3356 726 3473 768 non
3495 708 3579 768 in-

1930 788 2338 853 stituitur.Sed
2370 791 2766 868 redeundum,
2815 795 2971 857 unde
3002 795 3246 858 deﬂexit
3277 796 3486 872 oratio,
3519 805 3578 857 et

1930 876 2383 954 inquirendum,
2438 881 2829 962 quamobrem
2896 883 3150 947 aliorum
3210 892 3578 946 secretorum

1933 966 2215 1046 prasides
2271 970 2578 1032 secreticis
2626 971 2911 1034 duntaxat
2958 973 3215 1034 servitiis
3273 982 3514 1036 utantur
3565 997 3578 1038 :

1932 1073 2064 1116 cum
2098 1056 2489 1120 chartularius
2519 1060 2889 1122 auctoritatis
2913 1061 3157 1141 majoris
3177 1080 3352 1138 causa
3380 1064 3576 1142 gemi-

1935 1162 2041 1205 nos
2072 1143 2284 1207 habeat
2335 1147 2742 1210 ministrorum
2775 1149 3038 1212 ordines.
3064 1151 3272 1232 Itaque
3303 1153 3578 1230 dicimus,

1935 1236 1994 1296 in
2027 1254 2096 1296 eo
2124 1238 2346 1298 versari
2368 1240 2508 1318 jura
2540 1241 2984 1317 chartularii,ut
3012 1242 3345 1306 animorum
3373 1245 3581 1307 sordes

1937 1333 2316 1404 expurget,ac
2330 1328 2555 1390 morbis
2575 1330 2878 1411 corporeis
2891 1331 3248 1394 medicinam
3277 1333 3578 1395 adhibeat.

1936 1412 2194 1504 Ideoque
2228 1423 2508 1478 statutum
2541 1427 2654 1494 est,
2683 1420 2808 1481 haec
2835 1438 2964 1481 esse
2998 1421 3308 1502 dirigenda
3339 1441 3445 1504 per
3473 1441 3580 1502 ge-

1937 1501 2232 1563 minorum
2272 1505 2547 1566 ordinum
2565 1506 2973 1570 administros.
3007 1501 3139 1572 Sive
3162 1501 3462 1591 igitur'jus
3486 1501 3572 1573 7di-

1938 1609 2079 1652 cens
2109 1593 2440 1677 praesideat,
2485 1604 2542 1657 et
2588 1596 2919 1676 judiciaros
2969 1600 3280 1680 percolans
3335 1600 3578 1662 intelle-

202 1682 488 1746 ἀντιθέσεις
543 1683 876 1763 σφυρηλατῇ,
953 1686 1042 1741 καὶ
1098 1686 1192 1750 τὰς
1247 1687 1344 1761 μὲν
1387 1685 1720 1762 ἀποσμιλεύῃ
1774 1690 1844 1761 τῇ

1934 1687 2077 1754 ctus,
2110 1680 2271 1758 leges
2301 1701 2434 1744 cum
2481 1686 2672 1764 legum
2706 1686 3116 1748 sanctionibus
3149 1696 3485 1768 componat,
3523 1695 3581 1748 et

201 1771 348 1844 λυδίᾳ
417 1772 515 1841 τῆς
574 1771 928 1850 διαγνώσεως,
1001 1776 1092 1842 τὰς
1163 1773 1218 1831 δὲ
1291 1775 1661 1855 παραδέχηται
1699 1823 1711 1838 ,
1764 1776 1854 1831 καὶ

201 1859 378 1936 τέλος,
414 1859 475 1917 ἂν
519 1862 716 1940 κρίσεις
768 1869 1171 1943 πατριαρχικῶν
1229 1864 1480 1943 νοταρίων
1533 1868 1848 1942 ζυγοστατῇ,

203 1955 522 2029 σεκρετικῶν
591 1947 892 2015 διαλαλιακ
977 1951 1327 2031 μεγαλόνεται
1366 1973 1380 1986 ⁶
1468 1953 1556 2009 καὶ
1622 1950 1849 2029 μᾶλλον,

201 2041 328 2098 ὅταν
358 2043 421 2097 τὸ
475 2038 807 2121 δικαστήριον
867 2040 922 2096 ἐν
969 2043 1150 2119 μόνοις
1193 2043 1464 2124 πραγμάσι
1523 2045 1851 2121 στημονίζη-

201 2152 312 2192 ται,
368 2131 426 2187 Εἰ
481 2128 534 2185 δὲ
594 2131 920 2209 προκάθηται
977 2133 1224 2214 ψυχικῶν
1279 2131 1707 2211 ἆῤῥωττημάτων
1757 2137 1849 2190 θε-

202 2219 422 2298 ραπείαν
505 2219 843 2294 ποιούμενος,
945 2222 1032 2278 καὶ
1137 2221 1450 2289 σεσηπότων
1531 2223 1849 2302 τραυμάτων

202 2308 650 2384 ἐπισκεπτόμενος
679 2309 1018 2386 κακόηθειαν,
1077 2310 1152 2378 πῆ
1203 2309 1300 2386 μὲν
1358 2308 1556 2390 σιδήρῳ
1600 2312 1852 2392 χωνεύων

201 2395 294 2452 τοῦ
323 2397 514 2462 πάθους
545 2397 642 2464 τὴν
672 2397 1029 2479 ὑπουλότητα,
1089 2402 1166 2467 πῆ
1236 2396 1281 2453 δ’
1338 2397 1644 2456 ἐπιπάσσων
1719 2398 1852 2467 ἤπια

201 2485 476 2564 φάρμακα,
535 2485 674 2564 παρὰ
723 2490 823 2552 τῆς
867 2487 1061 2553 τάξεως
1131 2487 1474 2565 ὒπηρετεῖται
1533 2494 1638 2544 τῶν
1727 2487 1851 2545 ἐπι-

201 2580 555 2636 σκοπειανῶν,
633 2576 688 2631 Εἰ
756 2573 802 2630 δ’
858 2575 999 2633 ἔστιν
1055 2576 1142 2634 ὅτε
1211 2576 1347 2633 κατά
1418 2574 1686 2656 διορισμὸν
1742 2599 1855 2634 πα-

199 2665 539 2743 τριαρχικὸν,
612 2664 729 2720 τινὰ
792 2668 896 2721 τῶν
975 2666 1276 2746 προνομίων
1357 2666 1556 2723 τούτων
1611 2687 1856 2746 παρασα-

201 2750 462 2821 λεύοιντο,
495 2751 626 2816 τέως
670 2752 777 2831 ἐγὼ
827 2755 1030 2834 ἀγνοῶ,
1101 2755 1191 2812 καὶ
1251 2753 1570 2832 συγγνώμης
1627 2752 1856 2824 ἀξιωθή-

200 2862 384 2916 σομαι,
441 2842 539 2908 τὴν
583 2840 811 2898 παλαιὰν
867 2841 1223 2900 ἀναδιδάσκων
1279 2841 1586 2920 παράδοσιν.
1648 2843 1856 2901 Τούτων

201 2929 290 2986 οὖν
358 2929 495 2986 οὕτω
549 2928 724 2994 καλῶς
767 2929 1249 3014 διευκρινηθέντων,
1321 2934 1394 2996 ὡς
1449 2933 1631 3009 οἶμαι,
1690 2931 1852 3010 ἀναγ-

1933 1787 2192 1831 canones
2239 1789 2372 1833 cum
2434 1773 2764 1835 eanonibus
2821 1776 3101 1838 conciliet
3145 1796 3158 1836 :
3198 1776 3320 1838 sive
3373 1795 3578 1838 causas

1933 1875 2135 1936 agens,
2170 1861 2604 1941 pr0positiones
2633 1869 2694 1924 et
2722 1863 3094 1943 objectiones
3135 1864 3244 1926 sub
3297 1864 3575 1925 incudem

1935 1956 2196 2022 revocet,
2234 1959 2292 2009 et
2322 1949 2428 2010 has
2458 1951 2698 2031 quidem
2729 1953 2885 2014 velut
2914 1952 3159 2015 abradat
3189 1971 3294 2034 per
3329 1953 3574 2034 Lydium

1937 2036 2288 2114 cognitionis
2318 2039 2598 2121 lapidem,
2635 2041 2764 2103 illas
2802 2041 3111 2124 admittat;
3149 2042 3271 2103 sive
3318 2042 3580 2124 denique

1926 2124 2154 2203 judicia
2186 2127 2546 2188 notariorum
2580 2129 3092 2210 partriarchalium
3127 2130 3438 2212 ponderet,
3470 2149 3579 2212 per

1935 2213 2356 2278 secreticorum
2393 2217 2798 2279 ministrorum
2825 2218 3067 2280 decreta
3089 2237 3359 2298 magnam
3384 2232 3585 2282 aucto-

1935 2300 2168 2363 ritatem
2204 2304 2612 2385 consequitur;
2645 2307 2974 2386 praesertim
3001 2326 3132 2368 cum
3158 2307 3300 2368 solis
3322 2307 3381 2369 in
3401 2307 3584 2370 rebus

1927 2389 2217 2470 judicium
2247 2393 2412 2454 texit.
2447 2393 2548 2455 Sin
2583 2394 2663 2454 ita
2689 2394 2990 2476 praasidet,
3030 2405 3092 2457 ut
3132 2395 3584 2475 aagritudinibus

1933 2479 2116 2539 animi
2133 2480 2465 2542 remedium
2487 2481 2855 2558 adhibeat,et
2878 2484 3249 2564 putridorum
3273 2485 3582 2548 vulnerum

1936 2566 2257 2630 foeditatem
2291 2568 2588 2650 inspiciat,
2621 2589 2690 2632 ac
2719 2591 3147 2654 nonnunquam
3198 2573 3353 2635 ferro
3393 2573 3585 2636 latens

1937 2655 2061 2717 vitii
2091 2657 2309 2718 malum
2341 2659 2572 2740 adurat,
2608 2678 3032 2742 nonnunquam
3090 2661 3252 2722 mitia
3280 2663 3586 2742 inspergat

1940 2745 2394 2822 medicamenta,
2427 2747 2655 2809 ordinis
2687 2749 3203 2830 episcopianorum
3251 2749 3583 2811 ministerio

1939 2835 2145 2896 utitur.
2180 2841 2267 2898 An
2293 2854 2429 2896 vero
2478 2835 2775 2898 interdum
2808 2837 2894 2898 sic
2918 2837 3174 2918 jubente
3223 2857 3290 2900 ac
3347 2838 3583 2899 volente

1939 2924 2265 3002 patriarcha
2313 2925 2640 3007 usuveniat,
2691 2933 2753 2986 ut
2798 2927 3034 3008 aliquod
3090 2928 3300 2989 horum
3333 2927 3575 3009 privile-

201 3031 364 3075 καταν
406 3016 545 3083 ἔδοξέ
599 3041 690 3094 μοι
748 3025 970 3088 ποιῆσαι
1001 3023 1088 3078 καὶ
1139 3023 1268 3101 πρὸς
1314 3024 1403 3078 τὸν
1457 3022 1592 3078 κατᾶ
1644 3022 1849 3100 καιροὺς

1939 3011 2168 3090 giorum
2191 3013 2318 3075 loco
2342 3023 2671 3095 moveatur;
2694 3007 2968 3096 equidem
2985 3017 3142 3078 scire
3163 3036 3278 3078 non
3313 3007 3575 3097 possum,

198 3105 578 3187 χαρτοφύλακα
636 3105 836 3165 δικαίαν
889 3107 1118 3175 ἀξίωσιν.
1186 3110 1426 3172 Δέσποτά
1489 3133 1592 3186 μου
1643 3132 1852 3191 χαρτο-

195 3194 386 3276 φύλαξ,
476 3198 538 3252 τὸ
621 3196 959 3273 ἐμπιστευθέν
1043 3222 1125 3256 σοι
1209 3199 1464 3256 τάλαντον
1549 3198 1653 3256 ἀπὸ
1722 3207 1853 3257 Θεοῦ

198 3286 646 3368 παντοκράτορος,
711 3287 787 3362 μὴ
859 3290 1236 3369 καταχωσθείη
1292 3287 1375 3344 διὰ
1430 3289 1677 3368 νωθρείαν
1730 3311 1848 3370 σου,

193 3373 289 3430 ςίνα
319 3375 396 3451 μὴ
427 3375 657 3452 ἀκούσῃς
700 3375 881 3441 δοῦλος
913 3380 1146 3457 πονηρὸς
1195 3379 1282 3436 καὶ
1329 3376 1616 3457 ἀχάριστος
1649 3395 1668 3414 ο
1714 3378 1849 3454 μηδὲ

195 3464 264 3518 τὰ
316 3463 486 3543 κέρμα
538 3467 645 3520 τῶν
702 3464 948 3544 μεγάλων
1001 3467 1306 3546 προνομίων
1365 3467 1520 3522 αὖτοῦ
1576 3463 1850 3545 προδοθείη

195 3553 335 3607 κατᾶ
381 3553 479 3618 σὴν
526 3551 733 3622 πολλὴν
791 3553 1073 3613 ἐπιείκειαν
1108 3571 1122 3585 ·
1185 3553 1322 3611 ἀλλὰ
1371 3552 1662 3625 διαδοθήτω
1720 3557 1850 3634 πρὸς

199 3643 533 3719 τραπεζίτας,
589 3645 676 3700 καὶ
731 3643 1258 3715 διπλασιασθήσεται.
1331 3643 1536 3701 Σκοπόν
1606 3665 1664 3701 σε
1712 3667 1850 3701 κατ-

199 3728 390 3796 ἐστησε
446 3729 684 3812 δεύτερον
739 3735 767 3789 ὁ
839 3734 967 3797 Θεὸς
1051 3730 1134 3789 διὰ
1216 3734 1398 3813 χειρὸς
1471 3731 1848 3800 ἐπισκοπικῆς.

198 3817 486 3876 Κάντεῦθεν
542 3819 628 3876 ἐπὶ
682 3824 759 3897 τῷ
815 3821 1036 3898 στόματί
1099 3844 1192 3878 σου
1267 3822 1461 3884 πάντες
1519 3821 1848 3902 εἰσέρχονται

197 3909 273 3970 εἰς
331 3908 487 3964 οἷκον
543 3909 674 3966 Θεοῦ
728 3911 1172 3990 παντοκράτορος,
1227 3912 1314 3968 καὶ
1370 3910 1455 3967 ἐπὶ
1496 3916 1573 3984 τῷ
1626 3910 1850 3986 στόματί

196 4016 293 4052 σου
335 3995 660 4076 ἐξέρχονται.
722 3999 812 4068 Μὴ
870 4007 958 4057 οὖν
1019 3999 1205 4075 εἴπης,
1253 3998 1314 4057 Τί
1369 3996 1542 4066 δοθείη
1587 4021 1703 4079 μοι,
1761 4000 1850 4054 καὶ

194 4084 248 4140 τί
288 4087 594 4164 προστεθείη
640 4108 732 4162 μοι
775 4090 906 4168 πρὸς
967 4087 1222 4167 μέριμναν
1278 4085 1591 4166 ὁλοχρόνιον
1627 4105 1644 4166 ς
1702 4083 1849 4153 Μηδὲ

195 4175 452 4252 σιγήσῃς,
538 4174 672 4252 μηδὲ
752 4179 1142 4254 καταπραένῃς,
1225 4174 1361 4251 μηδὲ
1446 4173 1692 4251 λαλήσῃς
1778 4175 1850 4236 ὡς

195 4263 490 4343 ἀνθρώποις
573 4264 832 4345 ἀρέσκων,

1939 3111 1997 3164 et
2020 3101 2252 3164 veniam
2284 3104 2581 3180 merebor,
2615 3104 2716 3186 qui
2749 3105 3239 3167 consuetudinem
3272 3106 3580 3186 antiquam

1937 3191 2262 3256 doceo.His
2291 3190 2469 3271 igitur
2497 3193 2557 3253 in
2590 3194 2747 3255 hunc
2781 3195 3018 3256 modum
3050 3203 3214 3257 recte
3243 3193 3580 3274 declaratis,

1936 3287 1999 3340 ut
2027 3280 2300 3356 arbitror,
2341 3281 2745 3342 necessarium
2773 3282 2916 3343 mihi
2933 3284 3125 3344 visum
3150 3290 3259 3360 est,
3287 3291 3349 3343 ut
3357 3283 3582 3362 justam

1936 3371 2281 3450 petitionem
2315 3371 2386 3432 ad
2423 3372 2648 3448 cujuvis
2711 3373 2996 3453 temporis
3029 3371 3451 3434 chartularium
3484 3372 3581 3432 in-

1935 3455 2200 3520 stituam.
2237 3458 2489 3520 Domine
2522 3458 2601 3518 mi
2630 3458 3075 3540 chartophylax,
3129 3460 3412 3521 talentum
3443 3459 3583 3520 ﬁdei

1936 3551 2049 3605 tuae
2078 3545 2367 3606 creditum
2412 3546 2484 3607 ab
2518 3547 2926 3628 omnipotente
2955 3548 3101 3620 Deo,
3139 3565 3246 3630 per
3291 3547 3582 3627 ignaviam

1937 3642 2094 3693 tuam
2116 3651 2190 3694 ne
2213 3633 2516 3696 defossum
2548 3634 2664 3711 sit;
2697 3654 2772 3697 ne
2796 3654 3007 3698 servus
3026 3654 3279 3717 nequam
3305 3644 3362 3698 et
3393 3636 3583 3715 ingra-

1936 3727 2026 3782 tus
2059 3722 2418 3803 appelleris:
2457 3741 2602 3784 neve
2635 3741 2978 3804 magnorum
3033 3725 3208 3806 hujus
3246 3725 3423 3787 ofticii
3453 3724 3583 3806 pri-

1934 3810 2278 3888 vilegiorum
2313 3829 2415 3890 aes,
2448 3812 2633 3875 nimia
2666 3814 3121 3876 mansuetudine
3148 3822 3248 3876 tua
3274 3815 3579 3895 prodatur,

1934 3899 2038 3960 sed
2069 3899 2225 3960 inter
2272 3901 2700 3964 nummularios
2729 3901 3202 3982 distribuatur,et
3223 3902 3582 3984 duplicetur.

1932 3988 2203 4050 Alterum
2257 3996 2312 4050 te
2378 4008 2626 4070 scopum
2683 3990 2841 4053 Deus
2890 3993 3289 4074 episcopalem
3340 4012 3581 4054 manum

1935 4079 2260 4143 constituit.
2321 4078 2446 4152 Quo
2505 4080 2590 4160 tit,
2647 4087 2710 4142 ut
2738 4083 2809 4142 ad
2843 4101 2910 4144 os
2940 4090 3105 4144 tuum
3157 4082 3583 4163 omnipotentis

1935 4167 2042 4230 Dei
2072 4169 2311 4230 domum
2345 4187 2553 4231 omnes
2586 4169 3016 4252 ingrediantur,
3065 4179 3125 4233 et
3167 4172 3239 4233 ad
3290 4188 3356 4234 os
3415 4179 3579 4234 tuum

934 4265 1087 4322 εἶπεν
1170 4267 1198 4320 ὁ
1281 4265 1451 4344 μέγας
1549 4261 1847 4325 ἀπόστολος

1935 4258 2334 4336 egrediantur.
2397 4260 2528 4320 Non
2582 4277 2721 4338 ergo
2779 4259 3001 4322 dixeris
3033 4278 3047 4323 :
3083 4259 3235 4333 Quid
3268 4259 3398 4320 dari
3431 4259 3577 4320 milii

198 4334 428 4427 Παύλος,
485 4334 619 4410 κατ’·
659 4334 864 4411 ἐκεῖνον
917 4357 1008 4411 τὸν
1090 4334 1324 4432 πονηρδν
1366 4334 1682 4429 μισθωτὸν,
1757 4353 1847 4408 τὸν

1934 4334 2135 4426 possit,
2171 4353 2229 4407 et
2256 4347 2395 4426 quid
2420 4347 2596 4427 adjici
2617 4334 2690 4408 ad
2717 4348 3176 4410 sollicitudinem
3202 4349 3580 4429 perpetuam?

195 4439 316 4497 καθ’
374 4442 558 4499 ἑαυτὸν
628 4444 966 4522 ψιθυρίσαντα
1011 4457 1026 4473 ·
1107 4444 1169 4498 τὸ
1224 4440 1476 4500 ἐκλεῖπον
1533 4439 1844 4520 ἐκλειπέτω,

194 4531 262 4585 τὸ
317 4529 725 4611 ἐσκορπισμένον
783 4533 861 4608 μὴ
906 4533 1216 4612 συναχθείη,
1273 4533 1362 4588 καὶ
1411 4533 1472 4588 τὸ
1530 4552 1846 4610 συντετριμ-

195 4618 359 4695 μένον
391 4621 467 4696 μή
497 4620 869 4698 ὁλομεληθείη.
929 4621 1114 4700 Ἀρκεῖ
1168 4623 1266 4700 γὰρ
1321 4626 1391 4697 τῇ
1447 4620 1622 4700 ἡμέρα
1662 4622 1697 4688 ἡ
1754 4641 1850 4675 κα-

191 4708 286 4764 κία
368 4708 554 4777 αὐτῆς.
628 4710 796 4768 Ἀλλὰ
869 4709 1090 4790 σήρυξον
1159 4709 1550 4784 ἀποστολικῶς,
1622 4707 1846 4765 ἐνώπιον

195 4801 332 4854 Θεοῦ
387 4799 486 4866 τὴν
553 4799 826 4870 ἀλήθειαν.
902 4797 1179 4867 Ἐπίστηθι
1255 4799 1529 4878 εὐκαίρως,
1591 4798 1845 4874 ἀκαίρως,

195 4885 430 4968 ἔλεγξον,
523 4889 859 4965 ἐπιτίμησον,
947 4887 1342 4968 παρακάλεσον,
1444 4886 1843 4955 κακοπάθησον,

197 4974 351 5054 ἔργον
431 4977 657 5045 ποίησον
741 4977 1138 5058 εὒαγγελιστοῦ,
1225 4977 1324 5044 τὴν
1408 4973 1672 5032 διακονίαν
1754 4994 1849 5028 σου

197 5062 632 5145 πληροφόρησον.
700 5069 796 5125 Καὶ
849 5068 994 5146 τάχα
1050 5072 1304 5129 νεανικῶς
1361 5064 1499 5120 οὕτω
1540 5065 1632 5120 τὸν
1688 5061 1851 5119 καλὸν

199 5152 384 5230 ἀγῶνα
426 5155 562 5211 κατὰ
603 5157 665 5212 τὸ
707 5154 1051 5232 ἀπῃτημένον
1109 5153 1538 5232 ἀγωνισάμενος,
1598 5153 1684 5209 καὶ
1753 5151 1852 5218 τὴν

200 5239 467 5298 διακονίαν
576 5264 671 5300 σου
779 5243 1114 5321 συντηρήσας
1223 5239 1653 5298 ἀνεπιϐούλευτον
1765 5242 1850 5297 καὶ

201 5329 466 5402 ἀμείωτον
534 5331 590 5388 ἐν
630 5338 708 5405 τῷ
776 5330 962 5408 μηδενὶ
1031 5329 1094 5387 ἂν
1137 5333 1474 5406 ταπεινώσῃς
1533 5331 1655 5393 τοὺς
1700 5330 1853 5385 ἀντι-

200 5417 513 5500 πίπτοντας,
572 5421 659 5476 καὶ
727 5419 886 5497 ἐρεῖς.
962 5422 1062 5478 Τὸν
1137 5417 1330 5497 δρόμον
1402 5417 1672 5494 τετέλεκα,
1758 5418 1855 5486 τὴν

200 5502 377 5563 πίστιν
419 5508 710 5586 τετήρηκα.
770 5509 968 5565 Λοιπὸν
1029 5507 1306 5564 ἀπόκειταί
1361 5530 1451 5584 μοι
1508 5513 1605 5575 τῆς
1650 5505 1857 5563 δικαιο-

1928 4432 2086 4495 Neve
2119 4434 2397 4507 tacueris,
2425 4454 2533 4496 nec
2563 4435 2940 4518 demulseris,
2970 4455 3080 4498 nec
3103 4436 3336 4497 locutus
3365 4435 3571 4509 fueris,

1928 4523 2105 4586 veluti
2136 4524 2234 4604 qui
2264 4523 2604 4584 hominibus
2632 4524 2866 4605 placere
2891 4525 3059 4602 velis,
3087 4525 3277 4605 inquit
3327 4541 3577 4603 magnus

1925 4613 2025 4675 ille
2042 4613 2577 4692 Paulusapostolus.
2593 4612 2780 4676 instar
2800 4615 2958 4675 illius
2980 4613 3141 4695 pravi
3169 4612 3550 4687 mercenarii,

1930 4703 2028 4784 qui
2060 4702 2216 4782 apud
2247 4701 2636 4781 semetipsum
2669 4703 3014 4765 susurrabat
3051 4725 3063 4766 :
3097 4702 3368 4774 Deﬁciat,
3419 4703 3579 4783 quod

1930 4790 2150 4862 deficit,
2185 4790 2520 4869 dispersum
2557 4809 2674 4851 non
2706 4791 3036 4870 colligatur,
3089 4791 3406 4853 contritum
3457 4809 3578 4853 non

1931 4880 2397 4959 redintegratur.
2450 4880 2678 4941 Sufﬁcit
2735 4897 2989 4961 namque
3021 4881 3144 4943 diei
3176 4879 3415 4942 altlictio
3447 4898 3576 4942 sua.

1934 4968 2049 5032 Sed
2084 4968 2275 5047 potius
2304 4969 2628 5048 apostolico
2663 4987 2829 5031 more
2848 4971 3152 5031 veritatem
3175 4969 3235 5030 in
3259 4975 3579 5050 conspectu

1937 5055 2044 5120 Dei
2069 5055 2569 5118 :iraadicatolnsta
2591 5059 3311 5139 opportune,imporiune.
3350 5057 3580 5119 Redar-

1935 5145 2344 5226 gue,increpa,
2371 5146 2705 5223 cohortare,
2743 5149 3000 5210 tolerans
3027 5158 3173 5223 esto,
3207 5150 3294 5208 fac
3317 5146 3579 5208 ofﬁcium

1937 5233 2333 5314 evangelistze,
2370 5234 2768 5298 ministerium
2801 5246 2965 5298 tuum
2991 5237 3192 5319 imple.
3215 5237 3299 5298 Ac
3316 5235 3584 5298 fortassis

1936 5325 2016 5385 ita
2039 5322 2392 5402 juveniliter
2421 5323 2691 5386 absoluto
2724 5327 3008 5406 praeclaro
3042 5327 3390 5398 certamine,
3414 5332 3584 5405 prout

1938 5413 2044 5475 abs
2072 5419 2127 5475 te
2161 5411 2519 5492 postulatum
2550 5414 2747 5492 fuerit,
2783 5424 2841 5478 et
2870 5423 3212 5479 conservato
3256 5413 3583 5476 ministerio

1942 5509 2040 5564 tuo
2072 5499 2217 5563 citra
2263 5501 2540 5578 insidias,
2571 5521 2639 5565 ac
2669 5504 2917 5567 minime
2958 5505 3292 5584 deminuto,
3327 5502 3388 5565 in
3419 5500 3581 5563 nullo

200 5595 366 5661 σύνης
398 5597 426 5651 ὁ
456 5595 735 5676 στέφανος.
772 5588 860 5659 Ὃς
917 5597 1003 5652 καὶ
1060 5593 1336 5666 δοθήσεται
1391 5617 1473 5653 σοι
1531 5597 1672 5675 παρὰ
1728 5602 1849 5652 Θεοί

1941 5587 2283 5654 humiliabis
2302 5590 2706 5675 adversantes,
2738 5611 2804 5656 ac
2835 5594 2997 5657 dices
3025 5612 3038 5657 :
3067 5594 3318 5656 Cursum
3337 5589 3584 5666 absolvi,
