4074 6212
553 305 712 370 1199

1933 314 1967 378 Ι
1973 313 2065 378 US
2102 311 2557 383 CAN’OMGUM

3794 320 3922 388 1900

555 439 734 502 fidem
756 440 1119 535 conservavi.
1152 439 1237 503 De
1267 449 1480 505 caetero
1506 446 1768 526 reposita
1798 446 1943 509 mihi
1968 457 2062 512 est
2089 468 2174 511 co-

2275 454 2697 532 παντοκράτορος
2744 454 2798 511 ἔν
2824 476 2881 512 τε
2912 463 3000 513 νῦν
3026 458 3196 533 αἰῶνι⁹
3229 460 3321 514 καί
3367 456 3421 512 ἐν
3461 464 3541 531 τῷ
3569 455 3860 535 μέλλοντι,
3883 456 3924 511 ἐν

552 546 701 590 rona
725 530 971 609 justitiae
1028 528 1169 627 Quae
1198 531 1437 627 quidem
1483 532 1718 627 dabitur
1746 535 1864 627 tibi
1882 536 1955 597 ab
1998 538 2174 600 omni-

2278 528 2492 618 Χριστῷ⁷
2518 528 2697 610 Ἰησοῦ
2722 551 2799 621 τῷ
2829 547 2999 625 Κυρίῳ
3038 528 3218 627 ἡμῶν,
3249 551 3295 621 ᾧ
3324 548 3357 614 ἡ
3391 528 3523 612 δόξαν
3538 528 3631 601 καὶ
3661 546 3729 602 τὸ

550 625 790 697 potente
823 622 946 679 Deo
978 626 1095 680 tam
1126 619 1187 680 in
1222 620 1334 682 hoc
1366 622 1605 693 saeculo,
1644 644 1819 705 quam
1850 625 1910 687 in
1970 627 2191 702 futuro,

546 706 727 787 idque
756 707 819 767 in
848 707 1081 771 Christo
1132 710 1275 771 Jesu
1320 709 1573 773 Domino
1624 723 1849 790 nostro,
1884 716 1978 776 cui
2008 716 2197 796 gloria

545 807 606 861 et
634 800 954 879 imperium
986 800 1047 861 in
1081 801 1319 864 saecula.
1352 803 1565 866 Amen.

1208 896 1541 961 EIUSDEM

545 988 845 1067 Cognitio,
873 990 1305 1075 dedisceptata
1328 993 1395 1053 in
1424 992 1654 1075 synodo
1684 996 2189 1075 quaestionemum

621 1087 782 1132 unus
812 1077 869 1133 et
902 1072 1060 1134 idem
1090 1072 1330 1135 duabus
1360 1072 1626 1135 sobrim‘s
1648 1072 1835 1154 jimgi
1862 1072 2104 1139 debeat.

621 1252 1075 1341 Atheniensium
1111 1262 1224 1316 tam
1256 1254 1754 1337 iudigenee,quam
1770 1256 2187 1341 advenze,nulli

541 1338 641 1401 alii
671 1340 757 1402 rei
792 1341 1097 1417 vacabant,
1124 1343 1317 1425 inquit
1351 1362 1596 1423 magnus
1627 1345 1726 1407 ille
1753 1338 2182 1429 Paulus,quam

538 1438 602 1489 ut
624 1429 847 1510 aliquid
878 1432 1013 1492 novi
1047 1440 1170 1494 tum
1206 1432 1566 1513 proferrent,
1615 1442 1735 1495 tum
1782 1434 2076 1499 audirent.
2112 1438 2186 1500 At

537 1514 674 1579 vero
709 1518 976 1581 Ecclesia
1008 1519 1137 1600 Dei,
1173 1522 1261 1583 vel
1294 1540 1461 1583 sacra
1492 1523 1688 1603 potius
1735 1524 1896 1602 regia
1926 1534 2182 1588 sanctts-

537 1606 704 1669 simae
753 1607 858 1669 Dei
910 1609 1157 1690 majoris
1199 1611 1507 1687 Ecclesize,
1560 1632 1593 1673 a
1640 1614 1858 1674 sanctis
1919 1614 2184 1677 Patribus

536 1695 777 1759 decreta
806 1696 1220 1780 corroborans,
1259 1718 1493 1760 omnem
1520 1701 1984 1781 superﬂuitatem
2019 1704 2182 1764 novi-

538 1784 670 1845 tatis
698 1784 958 1865 speciem
983 1786 1298 1849 habentem
1332 1786 1617 1849 radicitus
1651 1790 1955 1871 exstirpat,
1977 1800 2035 1853 et
2057 1792 2178 1854 cul-

537 1895 698 1937 mum
751 1878 1012 1940 veritatis
1055 1879 1128 1939 ad
1169 1879 1481 1941 ferendum
1529 1880 1780 1942 fructum
1835 1884 2176 1964 centuplum

536 1967 1217 2032 vultcrescere.Proﬁcit
1239 1973 1395 2030 enim
1418 1988 1523 2050 per
1538 1969 1646 2032 Dei
1666 1971 2001 2053 gratiam,in
2019 1973 2181 2033 omni

534 2063 777 2137 accepta
806 2054 925 2117 Deo
973 2064 1087 2118 tam
1121 2057 1413 2134 oratione,
1447 2076 1619 2139 quam
1662 2058 1920 2138 negotio.
1954 2059 2176 2133 Quam-

534 2143 739 2207 obrem
774 2145 949 2206 etiam
982 2145 1064 2224 id,
1099 2146 1173 2208 de
1204 2166 1319 2229 quo
1351 2167 1468 2209 non
1505 2148 1585 2207 ita
1617 2148 1844 2226 pridem
1869 2148 2176 2229 quasitum

534 2245 622 2298 est
653 2236 713 2298 in
746 2235 994 2317 synodo,
1026 2256 1167 2298 num
1218 2256 1371 2300 unus
1404 2245 1459 2299 et
1489 2238 1648 2299 idem
1710 2236 1936 2300 duabus
1983 2241 2175 2302 sobri-

534 2325 627 2386 nis
655 2326 918 2406 copulari
959 2325 1192 2403 debeat,
1253 2327 1499 2388 minime
1555 2327 1743 2388 voluit
1794 2347 1901 2389 ceu
1962 2348 2174 2391 novum

531 2415 780 2497 aliquid,
814 2415 873 2476 in
904 2416 1181 2495 angulum
1212 2416 1471 2498 aliquem
1520 2416 1735 2478 cadere
1788 2418 2117 2497 neglectum
2156 2439 2169 2481 :

531 2505 638 2566 sed
668 2504 754 2566 uti
808 2524 934 2566 rem
977 2505 1231 2586 alicujus
1264 2506 1553 2568 momenti
1586 2513 1643 2567 et
1673 2507 2069 2589 utilissimam,
2102 2509 2174 2570 ad

531 2611 779 2654 examen
809 2593 1109 2673 publicum
1143 2595 1467 2675 proposuit.
1503 2594 1571 2655 Et
1601 2594 1738 2676 quia
1767 2596 2177 2659 sanctissimus

528 2680 629 2741 ille
652 2700 905 2761 sponsus
939 2684 1155 2760 ejus,et
1185 2683 1603 2745 canonicarum
1638 2684 2013 2745 traditionum
2042 2706 2172 2748 me-

448 2793 455 2799 “
529 2769 745 2831 dilator
777 2770 1405 2848 vigilantissimus,nos
1431 2791 1668 2853 quoque
1700 2773 2022 2855 participes
2045 2778 2174 2854 ejus

528 2857 669 2919 boni
701 2878 833 2920 esse
858 2859 1063 2934 voluit,
1098 2860 1354 2921 dicimus
1413 2862 1644 2941 aliquos
1698 2862 1867 2923 latam
1904 2871 1960 2924 et
1989 2865 2174 2927 offen-

527 2947 713 3009 sionis
743 2957 1042 3028 expertem
1079 2949 1165 3030 (ut
1194 2948 1305 3029 ipsi
1354 2949 1595 3030 quidem
1628 2950 1809 3028 aiunt)
1849 2951 1996 3012 viam
2026 2971 2172 3032 ape-

2277 630 2349 692 εἷς
2379 631 2500 695 τοὺς
2532 634 2748 697 αἰῶνας,
2772 632 2969 710 Ἀμήν.

2888 910 3015 960 ΤΟΥ
3058 910 3296 965 ΑΥΤΟΥ.

2281 1008 2304 1041 ι
2345 987 2663 1066 Διάγνωσις,
2694 990 2853 1069 χάριν
2893 992 2986 1048 τοῦ
3014 989 3333 1059 λαληθέντος
3362 987 3656 1069 συνοδικῶς
3685 991 3929 1065 ζητημαο

2351 1089 2463 1141 τος,
2496 1070 2613 1148 περὶ
2641 1068 2755 1149 τοῦ,
2793 1071 2837 1126 εἰ
2879 1072 2989 1151 χρὴ
3017 1074 3107 1128 τὸν
3138 1073 3291 1129 αὐτὸν
3316 1074 3403 1128 καὶ
3431 1069 3522 1127 ἕνα
3550 1068 3671 1127 δυσὶ
3734 1069 3925 1137 δισεξαο

2350 1145 2575 1227 δέλφαις
2607 1145 2978 1212 συνάπτεσθαι,
3014 1175 3043 1207 ι

2348 1252 2407 1306 Οἱ
2466 1257 2570 1307 τῶν
2628 1250 2920 1319 Ἀθηναίων
2974 1254 3236 1332 ἰθαγενεῖς
3298 1255 3383 1310 καὶ
3439 1252 3787 1333 προσήλυτοι
3863 1256 3927 1315 εἷς

2268 1335 2411 1394 οῦδὲν
2466 1338 2642 1419 ἕτερον
2690 1339 2979 1419 εὐκαίρουν,
3057 1345 3086 1398 ὁ
3128 1343 3293 1420 μέγας
3368 1341 3571 1404 Παῦλός
3630 1365 3836 1422 φησιν,
3898 1343 3927 1407 ἦ

2266 1426 2321 1483 λθ
2742 1429 2757 1449 ς
2844 1431 2856 1451 ι
3134 1433 3142 1448 ι
3394 1422 3408 1439 ⁸
3529 1432 3544 1451 9
3572 1438 3585 1451 ς
3888 1429 3922 1447 sa

2301 1449 2438 1505 εγειν
2482 1450 2532 1484 τι
2590 1431 2677 1487 καὶ
2733 1451 2939 1486 ακουειν
2994 1453 3320 1510 καινοτερον.
3409 1437 3456 1488 Η
3549 1429 3845 1497 ικκλησία
3883 1451 3927 1485 οε

2267 1523 2358 1573 τοῦ
2402 1524 2551 1593 Θεοῦ,
2611 1520 2697 1575 καὶ
2749 1517 2952 1594 μᾶλλον
3005 1522 3068 1576 τὸ
3110 1524 3255 1578 θεῖον
3284 1520 3571 1599 ἀνάκτορον
3614 1525 3730 1586 τῆς
3774 1522 3929 1597 ἁγιω-

2265 1606 2432 1672 τάτης
2462 1613 2556 1663 τοῦ
2613 1614 2744 1666 Θεοῦ
2799 1606 3041 1685 μεγάλης
3092 1607 3439 1689 Ἐκκλησίας,
3488 1610 3555 1665 τὰ
3612 1608 3775 1687 παρὰ
3834 1615 3927 1663 τῶν

2265 1695 2426 1772 ἁγίων
2496 1695 2742 1775 Πατέρωθ
2810 1694 3221 1775 δογματισθέντα
3299 1697 3651 1776 κρατόνουσα,
3752 1696 3929 1771 προθέ-

2262 1781 2456 1858 λυμνον
2521 1784 2741 1857 ἀποσπᾷ
2788 1791 2963 1841 πᾶσαν
3017 1792 3307 1867 καινοφανῆ
3381 1786 3776 1865 περιττότητα,
3850 1788 3927 1841 καὶ

2260 1871 2398 1928 θέλει
2468 1878 2565 1940 τῆς
2633 1872 2881 1940 ἀληθείας
2936 1875 3028 1931 τὸν
3099 1873 3337 1955 ἄσταχυν
3384 1872 3699 1930 ἀνατέλλειν
3747 1876 3927 1931 ἐκατοι

2262 1962 2534 2020 στεόοντα.
2582 1962 2909 2041 Προσκόπτει
2968 1963 3068 2042 γὰρ
3133 1969 3199 2041 τῇ
3253 1964 3432 2043 γάριτι
3481 1985 3575 2020 του
3636 1971 3807 2037 Θεοῦ,
3850 1964 3928 2019 ἐπὶ

2259 2052 2415 2107 παντὶ
2456 2050 2717 2130 θεαρὲστῳ
2764 2050 2909 2130 λόγῳ
2959 2054 3043 2108 καὶ
3097 2052 3391 2132 πράγματι.
3466 2053 3566 2108 Διά
3622 2074 3716 2107 τοι
3777 2062 3929 2111 τοῦτο

2258 2140 2346 2195 καὶ
2374 2140 2434 2195 τὸ
2464 2137 2747 2203 συνοδικῶς
2802 2139 3064 2219 ἐρωτηθὲν
3118 2143 3218 2220 πρὸ
3276 2148 3485 2220 μικροῦ,
3528 2143 3653 2218 περὶ
3728 2150 3833 2197 τοῦ
3889 2143 3928 2196 εἰ

2259 2229 2369 2307 χρὴ
2399 2229 2489 2285 τὸν
2548 2229 2703 2285 αὐτὸν
2744 2232 2834 2284 καὶ
2890 2227 2981 2288 ἕνα
3034 2226 3144 2286 δυσὶ
3203 2227 3589 2308 δισεξαδέλφαις
3649 2231 3927 2286 συνάπτε-

2258 2320 2395 2392 σθαι,
2445 2316 2535 2373 οὒκ
2589 2314 2881 2384 ηὗδόκησεν
2939 2317 3010 2383 ὥς
3062 2340 3113 2374 τι
3145 2320 3496 2397 καινοπρεπὲς
3550 2320 3658 2375 ὑπὸ
3721 2321 3923 2398 γωνίαν

2257 2419 2444 2462 πεσεῖν
2498 2404 2838 2483 ἀτημέλητον
2871 2426 2887 2441 ·
2946 2405 3065 2463 ἀλλ’
3126 2409 3200 2471 ὡς
3255 2407 3544 2465 σπουδαῖον
3591 2410 3687 2465 καὶ
3718 2433 3922 2488 χρησι-

2259 2496 2526 2575 μώτατον,
2574 2497 2646 2561 εἰς
2689 2496 2876 2564 κοινὴν
2917 2496 3166 2574 προέθετο
3220 2496 3574 2562 κατεξέτασιν.
3626 2496 3792 2555 Ἐπεὶ
3836 2500 3921 2555 οὖν

2261 2587 2289 2641 ὁ
2332 2586 2733 2663 παναγιώτατος
2790 2587 3009 2666 νυμφίος
3064 2588 3251 2661 αὐτῆς,
3307 2587 3394 2642 καὶ
3456 2594 3563 2642 τῶν
3618 2596 3924 2645 κανονικῶν

2258 2671 2594 2752 παραδόσεων
2667 2672 2964 2750 μελεδωνὸς
3033 2675 3445 2755 ἂγρυπνότατος,
3531 2675 3771 2743 ἠθέλησε
3842 2679 3925 2733 καὶ

2256 2765 2400 2838 ἡμᾶς
2458 2764 2817 2843 συμμεριστᾶς
2877 2764 3115 2843 γενέσθαι
3172 2771 3265 2821 τοῦ
3318 2765 3534 2843 ἀγαθοῦ,
3596 2765 3781 2843 φαμὲν
3844 2766 3922 2821 ὅτι.

2255 2853 2391 2916 τινὲς
2446 2850 2707 2909 πλατεῖαν
2790 2851 2910 2909 ὁδὸν
2981 2855 3068 2910 καὶ
3144 2853 3481 2933 ἀπρόσκοπον
3569 2852 3669 2932 (ὥς
3732 2856 3919 2934 φασιν)

2256 2939 2513 3007 ἥπλωσαν
2570 2948 2646 3016 τῷ
2732 2943 3021 3021 Δημητρίῳ
3088 2944 3278 3022 τυχὸν,
3350 2949 3427 3017 τῷ
3507 2944 3925 3022 χρηματίσαντι

526 3036 720 3098 ruisse
774 3037 1099 3114 Demetrio,
1151 3038 1251 3119 qui
1304 3029 1498 3100 Mariae
1558 3039 1863 3117 cujusdam
1926 3029 2173 3103 maritus

2262 3030 2464 3108 γαμὲτῃ
2491 3031 2691 3110 Μαρίας
2748 3033 2914 3111 τινὸς,
2972 3029 3337 3111 δισεξαδέλφην
3394 3032 3591 3120 ταύτης
3632 3031 3921 3110 Θεοδώραν

526 3125 736 3199 fuerat,
769 3126 1143 3188 matrimonio
1175 3118 1492 3208 copulandi
1533 3127 1837 3189 sobrinam
1873 3130 2022 3209 ejus,
2062 3150 2171 3192 no-

2262 3118 2588 3195 καλουμένην
2670 3120 3021 3199 ἁρμόσασθαι,
3110 3121 3207 3178 Καὶ
3250 3119 3642 3209 ἐρωτώμενοι,

3757 3124 3920 3177 πόθεν

528 3213 688 3275 mine
729 3214 1127 3279 Theodoram.
1162 3215 1232 3278 Ει
1252 3206 1635 3296 interrogati,
1670 3206 2080 3298 quamobrem,
2118 3228 2174 3281 et

2262 3209 2343 3264 καὶ
2383 3206 2526 3271 ὅπως
2584 3206 2738 3266 τοῦτο
2806 3208 3177 3289 προτρέπουσι,
3247 3208 3487 3288 λέγωσιν
3551 3210 3625 3269 είς
3686 3206 3921 3285 ἔὸδῳον

525 3305 825 3384 quomodo
856 3304 926 3366 ad
956 3306 1069 3366 hoc
1092 3305 1363 3381 invitent,
1397 3306 1585 3380 aiunt,
1614 3305 1773 3367 hunc
1805 3315 2171 3369 contractum

525 3392 598 3454 ad
650 3394 969 3474 septimum
1020 3395 1269 3474 gradum
1302 3395 1984 3475 pertingere,propterea
2016 3397 2173 3478 quod

526 3483 860 3544 Demetrius
885 3496 945 3545 et
973 3485 1180 3560 Maria,
1215 3485 1429 3565 conjux
1462 3485 1591 3564 ejus
1623 3492 2171 3563 mortua,personas

524 3571 691 3648 duas,
744 3579 803 3633 et
845 3581 1283 3654 consequentur
1327 3574 1546 3653 gradus
1593 3574 1743 3638 duos
1783 3578 2164 3652 constituant,

522 3660 661 3723 licet
690 3660 764 3721 ob
816 3681 1171 3724 consensum
1206 3670 1264 3723 et
1305 3681 1566 3725 amorem
1618 3671 1884 3723 mutuum
1915 3682 2022 3742 pro
2054 3683 2170 3726 una

521 3767 700 3810 carne
729 3749 1109 3812 haberentur.
1161 3749 1305 3812 Nam
1340 3752 1542 3826 Maria,
1588 3751 1884 3831 inquiunt,
1935 3761 2163 3815 sextum

521 3857 652 3900 cum
684 3838 1001 3900 Theodora
1029 3839 1272 3917 gradum
1305 3839 1531 3913 habuit,
1565 3858 1682 3901 non
1713 3839 1920 3901 itidem
1944 3839 2161 3904 Deme-

523 3926 879 4000 trius,veluti
904 3928 1005 4007 qui
1035 3929 1105 3988 ad
1131 3946 1445 4006 personam
1468 3928 1873 4007 septimam,et
1894 3929 2161 4008 ejusdem

522 4014 756 4076 numeri
784 4016 1031 4093 gradum
1050 4015 1444 4078 referatur.At
1463 4017 1789 4078 secundum
1817 4017 2011 4079 thema
2033 4020 2161 4100 (65)

2256 3298 2456 3374 βαθμὸν
2511 3304 2770 3371 καταντᾷν
2824 3300 2922 3366 τὴν
2989 3308 3093 3360 »τοῦ
3144 3297 3581 3377 συναλλάγματος
3650 3302 3909 3374 Troius“,

2256 3384 2339 3441 διὰ
2394 3388 2455 3443 τὸ
2509 3387 2769 3466 πρόσωπα
2826 3386 2938 3462 δύο,
3010 3390 3098 3445 καὶ
3151 3387 3449 3451 ἀκολούθως
3504 3385 3596 3444 δύο

2253 3478 2590 3534 καθίστασθαι
2659 3480 2750 3534 τὸν
2812 3479 3119 3558 Δημήτριον
3176 3479 3311 3554 μετὰ
3367 3478 3568 3557 Μαρίας
3630 3482 3744 3545 τῆς
3806 3480 3919 3535 ἀπ·-

2252 3565 2542 3645 οιχομένης
2612 3567 2830 3645 συζύγου
2888 3569 3065 3641 αὐτοῦ,
3134 3565 3235 3623 κᾶν
3282 3572 3350 3643 τῇ
3404 3566 3623 3642 ὁμονοία
3676 3568 3777 3623 καὶ
3850 3575 3921 3643 τῇ

2249 3661 2447 3732 στοργῇ
2511 3654 2635 3735 σὰρξ
2678 3656 2773 3731 μία
2826 3654 3158 3735 λογίζωνται.
3210 3648 3274 3713 Ἦ
3326 3657 3425 3735 γὰρ
3467 3656 3660 3735 Μαρία,
3732 3659 3917 3735 φασὶν,

2248 3740 2398 3800 ἕκτον
2461 3743 2588 3824 εἶχε
2645 3744 2784 3819 μετὰ
2824 3750 2922 3812 τῆς
2992 3743 3264 3823 Θεοδώρας
3320 3745 3540 3821 βαθμὸν,
3603 3745 3664 3800 οὗ
3730 3746 3851 3820 μὴν
3894 3749 3920 3801 ὁ

2251 3832 2580 3912 Δημήτριος,
2640 3834 2713 3895 ὡς
2777 3834 2851 3897 είς
2906 3830 3129 3909 ἕϐδομον
3182 3832 3488 3912 πρόσωπον,
3550 3833 3641 3887 καὶ

2246 3922 2656 4001 τοσαυτάριθμον
2714 3921 3062 4002 ἀναγόμενος.
3123 3924 3195 3981 Τὸ
3250 3920 3305 4002 δὲ
3344 3912 3398 3998 β’
3448 3920 3608 3996 θέμα,
3658 3929 3773 3979 τοῦ
3831 3912 3923 3998 λβ

2245 4000 2530 4090 κεφαλαίου
2582 4016 2675 4067 τοῦ
2704 4000 2752 4090 ε’
2807 4000 2984 4068 τίτλου
3035 4011 3128 4068 τοῦ
3170 4000 3266 4078 κη’
3313 4007 3514 4086 βιϐλίου
3564 4010 3675 4067 τῶν
3744 4020 3922 4069 Βασι-

2244 4088 2431 4173 λικῶν,
2464 4100 2552 4155 καὶ
2581 4101 2609 4156 ὁ
2653 4088 2730 4155 νδ’
2782 4101 2956 4157 κανὼν
3009 4100 3105 4168 τῆς
3159 4100 3214 4157 ἐν
3262 4105 3339 4172 τῷ
3370 4097 3619 4178 Τρούλλῳ
3648 4100 3755 4156 τοῖ’)
3813 4124 3922 4176 με-

2248 4185 2415 4265 γάλου
2470 4186 2728 4245 παλατίου
2808 4188 3074 4255 συστάσης
3158 4188 3310 4267 ἁγίας
3377 4188 3463 4244 καὶ
3519 4188 3924 4263 drawn-7N

2248 4274 2480 4356 συνόδον,
2541 4276 2704 4357 μέχρι
2745 4278 2837 4335 τοῦ
2908 4277 3063 4336 ἕκτου
3129 4279 3332 4355 βαθμοῦ
3374 4278 3460 4334 καὶ
3516 4276 3679 4334 αῦτοῦ
3748 4281 3827 4336 τὰ
3869 4279 3925 4343 ἔξ

521 4366 896 4429 matrimonia
952 4377 1071 4432 tam
1131 4389 1198 4431 ex
1251 4369 1556 4444 affinitate,
1589 4388 1763 4451 quam
1817 4375 2164 4449 cognatione

2262 4364 2556 4444 ἱγχιστείας
2597 4367 2685 4422 καὶ
2740 4368 2807 4422 τὰ
2861 4366 2912 4432 ἐξ
2958 4367 3187 4444 α’ἷματος
3242 4366 3754 4445 ἒξεστενοχώρησαν
3786 4390 3925 4425 συν-

518 4457 1464 4538 contracta,constrixerunt.Qua:
1497 4476 1635 4520 vero
1657 4466 1883 4520 sextum
1912 4478 2162 4541 sequun-

2262 4452 2581 4533 ιλλάγματα,
2640 4456 2716 4513 Τὰ
2770 4454 2824 4510 δὲ
2896 4458 3031 4532 μετὰ
3093 4466 3300 4533 τοῦτον,
3372 4453 3537 4518 ἆδεως
3624 4455 3929 4514 ἀπέλυσαν

518 4554 634 4620 tur,
664 4544 851 4607 libere
900 4547 1143 4609 conflari
1177 4548 1598 4628 permiserunt.
1643 4550 1723 4609 Ac
1778 4540 2011 4610 tametsi
2043 4570 2155 4630 pu-

2262 4542 2662 4622 ἱναχώννυσθαι.
2723 4545 2820 4601 Καὶ
2874 4542 2973 4600 κᾶν
3022 4543 3285 4626 ἐξηνέχθη
3342 4544 3663 4624 «pampino;
3742 4547 3929 4623 τόμος

516 4633 767 4696 blicatus
797 4635 873 4696 sit
902 4654 1112 4698 recens
1163 4646 1353 4698 tomus
1401 4636 1720 4717 synodalis,
1776 4638 2155 4702 confirmatus

2262 4630 2531 4706 τυνοδικὸς,
2591 4633 2897 4711 στηριχθεὶς
2951 4635 3039 4690 καὶ
3103 4633 3382 4712 προστάξει
3437 4630 3730 4710 βασιλικῇ,
3798 4638 3931 4698 τοὺς

515 4724 695 4785 etiam
748 4724 941 4786 edicto
1004 4725 1413 4806 imperatorio,
1470 4745 1585 4806 quo
1643 4726 2018 4807 praecipitur,
2082 4747 2158 4790 ne

2266 4719 2289 4785 ξ
2342 4720 2573 4796 α’ἷματος
2621 4720 2772 4785 ὄντας
2829 4718 3050 4798 ἑϐδόμου
3106 4724 3308 4799 βαθμοῦ
3374 4722 3451 4798 μὴ
3516 4724 3930 4806 συνάπτεσθαι,

511 4812 695 4891 gradu
730 4812 986 4893 septimo
1017 4815 1316 4894 conjuncti
1350 4831 1457 4896 per
1486 4813 1921 4894 cognationem,
1948 4818 2156 4878 matri-

2262 4807 2374 4865 ιλλὰ
2427 4810 2548 4872 τοὺς
2627 4808 2680 4874 ἐξ
2756 4809 3068 4890 ἀγχιστείας
3152 4812 3411 4868 οἰκείωσιν
3488 4811 3935 4893 τοιουτόμεεφαν

513 4904 713 4963 monia
744 4903 1136 4964 contrahant:
1174 4913 1370 4965 tamen
1418 4903 1489 4964 ad
1541 4904 1652 4965 hoc
1701 4903 1765 4979 ii,
1801 4905 1898 4985 qui
1945 4906 2154 4968 eodem

2262 4919 2486 4978 XOVTIC,
2538 4899 2631 4955 οὒκ
2686 4897 3109 4979 ἐστενοχώρησε.
3173 4899 3311 4957 Πολὺ
3366 4900 3467 4979 γάρ
3510 4899 3624 4956 ἐστι
3656 4902 3725 4956 τὺ
3796 4901 3933 4959 διά-

512 4993 695 5069 gradu
731 5008 837 5070 per
866 4990 1208 5053 afﬁnitatem
1244 5010 1378 5053 sese
1428 4991 1820 5069 constrigunt,
1857 5012 1974 5054 non
2005 5013 2154 5056 con-

2262 5009 2393 5065 ›ορον
2449 4987 2611 5062 μέσον
2667 4989 2967 5067 συγγενείας
3009 4987 3061 5054 ἐξ
3131 4989 3387 5069 αἵματος,
3440 4988 3527 5044 καὶ
3569 4997 3935 5067 συγγενικῆς

511 5077 899 5157 stringuntur.
963 5082 1239 5159 Magnum
1293 5079 1449 5142 enim
1509 5079 1833 5141 diserimen
1884 5082 2157 5145 estinter

2262 5074 2418 5140 ιπλῶς
2487 5075 2804 5141 οἶκειώσεως
2835 5095 2850 5111 ⁸
2923 5078 3012 5133 καὶ
3075 5075 3236 5155 λόγος
3309 5076 3475 5155 μέγας
3554 5075 3735 5152 μέσον
3808 5081 3939 5138 τοῦ-

512 5167 1015 5230 necessitudinem
1046 5170 1371 5249 sanguinis,
1407 5176 1464 5230 et
1519 5169 1880 5246 cognaticam
1913 5171 2149 5252 simpli-

2262 5186 2340 5220 ’ων
2422 5164 2749 5243 ἐστήρικται,
2832 5166 2953 5230 τοὺς
3058 5167 3156 5242 μὲν
3240 5167 3543 5239 συνάπτων,
3632 5169 3778 5232 τοὺς
3877 5169 3937 5226 δὲ

512 5255 661 5317 citer
692 5256 1192 5338 propinquitatem
1231 5279 1244 5318 :
1277 5277 1345 5320 ac
1368 5275 1578 5337 magna
1609 5257 1763 5319 inter
1794 5259 1919 5319 haec
1961 5250 2147 5321 stabi-

2263 5260 2467 5331 ιαιρίυν.
2541 5256 2602 5310 Οἱ
2664 5252 2876 5316 πλείους
2947 5252 3002 5311 δὲ
3057 5256 3256 5313 τούτων
3337 5256 3425 5311 καὶ
3499 5253 3933 5335 ἐπιχειρήμασι

509 5342 613 5406 lita
636 5344 783 5406 ratio
806 5353 917 5421 est,
938 5344 1088 5408 alios
1109 5346 1414 5428 copulans,
1448 5345 1597 5407 alios
1619 5345 1929 5409 dirimens.
1955 5346 2143 5410 Etiam

2262 5341 2680 5420 υλλογιστικοτς,
2736 5345 2825 5400 καὶ
2895 5341 2979 5402 διὰ
3029 5349 3128 5412 τῆς
3195 5346 3268 5409 εἷς
3337 5346 3400 5401 τὸ
3455 5341 3727 5403 ἀδύνατον
3827 5349 3940 5405 ἃπ-

2080 5521 2329 5587 NOTAE.

519 4102 732 4181 capitis
758 4120 918 4165 χχχιι
972 4103 1126 4164 tituli
1154 4121 1192 4165 v
1239 4104 1376 4166 libri
1421 4122 1608 4167 XXVIII
1662 4106 2075 4187 Busilicorum,
2108 4116 2165 4169 et

520 4207 709 4250 canon
743 4207 834 4251 LIV
863 4199 1081 4253 coactae
1113 4190 1172 4252 in
1208 4211 1413 4271 magna
1463 4192 1660 4273 palatii
1711 4193 1913 4255 Trullo
1947 4203 2165 4257 sanctae

520 4289 580 4339 et
611 4277 961 4341 universalis
1011 4279 1241 4363 synodi,
1304 4299 1490 4361 usque
1545 4281 1616 4343 ad
1656 4281 1899 4360 gradum
1933 4291 2165 4345 sextum

592 5658 719 5739 (65)
754 5656 920 5730 Quod
956 5657 1390 5739 paragraphum
1425 5656 1611 5719 nostri
1633 5657 1857 5720 dicunt.
