4074 6212
483 338 637 405 1903

1865 341 1997 405 JUS
2045 340 2494 404 CANONICUM

3734 331 3890 399 12οι

485 468 694 532 Omnis
740 468 890 550 lapis
941 469 1139 531 anima
1185 469 1470 550 praeditus
1519 477 1608 532 est
1645 491 1656 528 :
1692 486 1760 532 ac
1812 488 2018 533 rursus
2067 490 2136 534 ex

2226 475 2414 554 τυχὸν,
2452 481 2559 539 Πᾶς
2602 475 2741 539 λίθος
2773 475 3016 555 ἔμψυχός
3060 477 3195 554 ἐστι,
3267 478 3354 532 καὶ
3416 477 3702 552 ἑτέρωθεν,
3748 478 3893 526 [ἰᾶσι

486 557 675 620 altera
704 566 896 638 parte,
930 556 1137 622 Omnis
1168 557 1518 638 smaragdus
1543 566 1632 619 est
1660 558 1808 639 lapis
1843 579 1856 619 :
1892 569 1952 621 et
1990 580 2137 622 cou-

496 646 937 721 cludat,0mnis
965 665 1106 727 erga
1136 647 1286 729 lapis
1308 647 1653 725 smaragdus
1677 654 1764 708 est
1781 647 1978 710 anima
1997 669 2142 731 prie-

489 736 648 798 ditus
907 736 1168 816 colliget,
1221 743 1673 817 extremumque
1727 737 2134 801 mendacium.

489 824 658 888 Unde
705 825 792 900 ﬁt,
840 831 903 887 ut
951 826 1052 906 qui
1105 824 1250 887 dicit
1309 843 1415 906 per
1473 825 1837 887 matrimonii
1889 827 2138 909 copula-

486 915 710 977 tionem
743 932 878 976 esse
905 913 1118 976 factam
1166 932 1553 994 personarum
1608 914 2045 989 confusionem,
2083 923 2139 977 et

483 1003 820 1085 conjugium
871 1020 1002 1066 esse
1052 1010 1503 1065 transmutatum
1555 1002 1617 1065 in
1676 1004 2134 1086 fraternitatem,

482 1103 657 1174 atque
702 1093 781 1154 ita
829 1092 981 1155 forte
1022 1091 1448 1156 absurditatem
1497 1092 1840 1162 concludit;
1891 1113 2136 1175 compe-

488 1183 624 1245 dem
672 1181 907 1262 linguae,
952 1200 1072 1244 non
1121 1185 1430 1244 veritatem
1493 1181 1754 1260 colligat.
1807 1181 1976 1254 Quod
2003 1202 2137 1246 cum

483 1272 561 1334 ita
595 1270 694 1352 sit,
721 1287 973 1351 cumque
1005 1279 1137 1352 post
1159 1269 1649 1351 conjunctionem
1680 1289 1856 1332 sexus
1886 1285 2140 1353 uterque

485 1367 720 1426 maneat
775 1359 1028 1439 integer,
1087 1378 1262 1421 nemo
1320 1365 1436 1420 tam
1497 1360 1572 1420 sit
1618 1359 1828 1432 audax,
1882 1367 1944 1421 ut
1976 1361 2139 1441 ipsos

488 1451 770 1528 conjuges
799 1448 1060 1529 appellet
1086 1447 1406 1528 fratres,ad
1439 1448 1973 1528 reprehensionem
1996 1449 2135 1511 dicti

486 1538 696 1612 divini,
751 1538 920 1617 cujus
967 1536 1146 1600 verba
1189 1545 1324 1598 sunt
1377 1557 1390 1598 :
1444 1535 1514 1597 Et
1562 1537 1844 1617 conjuges
1874 1537 1988 1619 ipsi
2018 1556 2137 1600 non

477 1627 736 1708 amplius
769 1634 944 1689 erunt
987 1627 1128 1700 duo,
1163 1626 1268 1688 sed
1301 1643 1475 1687 unus.
1509 1625 1739 1707 Quippe
1772 1626 1926 1687 sicut
1965 1627 2133 1689 olea-

2180 740 2306 795 ·καὶ
2376 739 2564 814 ψεῦδος
2644 741 2898 822 ἔσχατον.

2221 561 2521 642 σμάραγδος
2570 563 2710 628 λίθος
2781 565 2891 622 ἐστι
2925 583 2938 597 ⁶
3013 566 3100 622 καὶ
3165 577 3508 644 συμπερανεῖ.
3601 568 3724 622 Πᾶς
3799 559 3896 636 Ξρι

2220 649 2364 714 λιθος
2423 651 2723 732 σμάραγδος
2803 652 3045 733 ἔμψυχός
3123 652 3488 727 ἒστι,....,ψιν
3575 648 3892 725 συναγάγῃ,

2995 725 3138 799 ’,Οθεν
3189 725 3275 798 κκὶ
3343 742 3372 797 ὁ
3413 725 3585 818 λέγων
3637 735 3895 814 γενέσθαι

2220 825 2305 883 διὰ
2347 833 2446 895 τῆς
2509 831 2788 909 συναφείας
2858 834 2962 886 τῶν
3021 831 3362 888 ὑποστάσεων
3432 829 3532 896 τὴν
3591 827 3891 904 σύγχυσιν,

2219 917 2306 972 καὶ
2360 919 2459 985 τὴν
2517 920 2800 998 ὁμοζυγίαν
2869 922 3413 998 μεταστοιχειωθῆναι
3458 919 3591 995 πρὸς
3661 913 3897 994 ἀδελᾳὲο

2219 1027 2378 1078 τητα,
2417 1008 2504 1066 καὶ
2533 1007 2671 1065 οὕτω
2701 1009 3064 1088 συμπεραίνων
3117 1009 3264 1087 τάχα
3313 1010 3376 1064 τὸ
3428 1006 3650 1084 ἄτοπον,
3701 1002 3894 1081 γλωτ-

2219 1092 2446 1162 τοπέδην
2489 1098 2808 1176 συνήγαγεν,
2857 1100 2951 1154 οὒκ
3005 1097 3278 1167 ἀλήθειαν,
3333 1096 3527 1154 Τούτου
3602 1091 3658 1149 δὲ
3721 1091 3895 1152 οὕτως

2220 1182 2467 1263 ἔχοντος,
2524 1187 2613 1242 καὶ
2671 1193 2776 1243 τῶν
2832 1192 2999 1264 γενῶν
3052 1184 3365 1259 σωζομένων
3420 1183 3688 1263 ἑκατέρων
3753 1181 3894 1256 μετὰ

2219 1271 2318 1340 ττῖν
2377 1271 2586 1353 ἕνωσιν,
2649 1275 2727 1350 μὴ
2785 1273 3080 1350 τολμητέον
3111 1271 3364 1353 ἀδελφοὺς
3405 1272 3526 1334 τοὺς
3585 1270 3892 1347 ὁμοζύγους

2221 1361 2390 1417 εἰπεῖν
2441 1363 2514 1426 εἰς
2570 1362 2952 1440 ἐπιστομισμὸν
3009 1365 3102 1420 τοῦ
3143 1363 3382 1441 ῥήματος
3421 1369 3512 1419 τοῦ
3570 1358 3735 1434 eeo-3,
3803 1361 3895 1413 τοῦ

2220 1451 2480 1513 εἰπόντος.
2516 1453 2613 1510 Καὶ
2659 1451 2833 1509 οὒκέτι
2876 1451 3082 1508 ’έσονται
3143 1453 3190 1508 οἱ
3245 1449 3501 1528 ὁμόζυγες
3555 1446 3669 1528 δύο,
3755 1445 3894 1502 ἆλλᾶ

2220 1542 2325 1602 εἷς.
2386 1537 2482 1603 Ὠς
2514 1541 2613 1620 γὰρ
2643 1539 2702 1596 οὐ
2758 1540 2968 1619 λέγεται
3023 1541 3085 1597 τὸ
3140 1537 3440 1618 ἆγριέλαιου
3512 1535 3889 1608 καλλιέλαιον,

2218 1625 2298 1684 ὅτι
2349 1627 2541 1692 κλάδος
2617 1631 2776 1688 αὖτοῦ
2843 1631 2977 1706 μετὰ
3047 1627 3380 1684 καλλιελαίου
3440 1625 3889 1704 μετεμοσχεύθτι,

485 1721 610 1776 ster
666 1721 980 1794 propterea
1032 1731 1149 1775 non
1207 1712 1426 1776 dicitur
1482 1713 1657 1788 oliva,
1721 1713 1881 1794 quod
1937 1733 2135 1776 ramus

2226 1715 2383 1781 οὕτως
2440 1715 2554 1774 οὐδὲ
2614 1717 2813 1798 πατέρα
2879 1718 2976 1786 τῆς
3035 1717 3199 1796 κόρης
3257 1718 3347 1772 τὸν
3403 1717 3600 1781 ταύτης
3631 1712 3893 1787 εἴποιμεν

487 1804 616 1882 ejus
663 1802 726 1864 in
774 1801 983 1864 olivam
1038 1801 1360 1864 translatus
1406 1803 1482 1864 sit
1515 1819 1528 1864 :
1566 1802 1652 1864 sic
1686 1821 1880 1885 neque
1911 1813 2133 1885 patrem

2226 1807 2485 1885 πενθερόν.
2536 1807 2731 1865 Τούτου
2788 1805 2844 1864 δὲ
2915 1808 3290 1887 στηριχθέντος
3375 1803 3427 1870 ἐξ
3498 1801 3890 1881 ἆναντιῤῥήτου

490 1891 726 1972 puellze,
757 1909 1030 1954 socerum
1091 1891 1306 1970 puellm
1374 1891 1750 1968 vocabimus,
1811 1890 1936 1964 Quo
1996 1911 2138 1955 sane

489 1980 746 2042 stabilito
804 1998 912 2061 per
965 1979 1543 2042 demonstrationem
1601 1990 1861 2056 certam,
1925 1991 1984 2043 et
2042 1982 2136 2043 cui

485 2068 812 2132 contradici
855 2076 1135 2150 nequeat,
1172 2078 1376 2132 nostra
1406 2069 1648 2150 quidem
1691 2069 1992 2149 opinione,
2023 2089 2134 2134 ne—

483 2177 599 2241 que
629 2157 829 2221 vocari
873 2158 1075 2221 licebit
1122 2158 1471 2220 alterutrum
1525 2177 1730 2220 eorum
1785 2159 1857 2220 ad
1892 2177 2136 2223 succes-

487 2248 718 2310 sionem
751 2247 1036 2328 defuncti,
1077 2248 1162 2308 vel
1208 2248 1457 2328 alicujus
1502 2248 1614 2328 ipsi
1656 2249 1943 2326 sanguine
1994 2269 2135 2328 pro-

490 2340 846 2422 pinquorum
880 2341 1018 2422 (quo
1049 2339 1204 2401 enim
1239 2340 1298 2401 id
1320 2339 1533 2418 pacto?
1563 2360 1697 2402 cum
1733 2340 2140 2421 possessiones

489 2429 784 2510 accipiant
814 2429 878 2504 ii,
905 2429 1120 2511 quibus
1150 2428 1278 2510 lege
1310 2429 1681 2509 deferuntur)
1707 2447 1898 2510 neque
1926 2448 2139 2512 repre-

490 2518 677 2581 hendi
736 2518 978 2599 poterit,
1032 2527 1130 2580 aut
1177 2518 1639 2580 abominandum
1699 2519 1836 2599 erit,
1899 2519 1948 2580 si
2006 2519 2140 2600 quis

494 2608 692 2682 dicat,
772 2605 987 2668 iisdem
1056 2606 1276 2668 ﬁnibus
1351 2607 1764 2669 circumscribi
1839 2616 2141 2671 contracta

494 2705 551 2758 et
601 2696 887 2757 afﬁnitate
941 2705 999 2758 et
1041 2714 1109 2757 ex
1173 2695 1529 2774 cognatione
1587 2696 1991 2761 matrimonia.
2040 2698 2139 2761 Sic

497 2783 657 2846 enim
697 2783 1022 2845 canonibus
1067 2792 1155 2845 est
1206 2792 1510 2847 statutum.
1564 2783 1732 2856 Quod
1785 2793 1980 2848 autem
2031 2806 2138 2864 pa-

496 2880 662 2934 truus
692 2878 750 2932 et
780 2871 980 2934 fratris
1031 2871 1212 2948 ﬁlius,
1265 2891 1398 2932 cum
1455 2871 1634 2932 amita
1687 2880 1744 2935 et
1794 2874 1993 2935 fratris
2022 2875 2144 2937 lilia

495 2959 876 3039 copulentur,
941 2978 1061 3021 non
1116 2969 1228 3036 est,
1291 2969 1356 3022 ut
1411 2959 1591 3041 aliqui
1651 2961 1992 3043 perhibent,
2039 2982 2144 3044 per

495 3048 993 3111 consuetudinem
1022 3069 1141 3110 non
1161 3049 1441 3130 scriptam
1474 3049 1995 3132 introductum,vel
2018 3051 2146 3113 sine
2165 3044 2204 3094 Ο

498 3137 816 3200 traditione
865 3157 972 3220 per
1009 3145 1225 3200 statum
1279 3138 1748 3200 ecclesiasticum
1794 3139 2088 3202 invectum
2125 3159 2138 3204 :

495 3229 599 3292 sed
650 3229 963 3292 clarissimi
1015 3230 1324 3312 principis,
1359 3229 1582 3291 domini
1636 3231 2147 3294 AlexiiComneni

494 3337 725 3382 sacrum
755 3319 1042 3394 edictum,
1070 3320 1362 3400 prolatum
1396 3319 1470 3382 ad
1505 3320 1951 3400 suggestionem
1992 3321 2141 3384 Bar-

497 3407 588 3470 dae
618 3407 948 3488 cujusdam,
1001 3407 1104 3489 qui
1149 3409 1350 3471 Xerus
1394 3408 1828 3490 appellabatur,
1866 3417 1924 3470 et
1971 3427 2140 3474 rece-

495 3507 659 3580 ptum
687 3506 803 3560 tam
827 3497 888 3559 in
917 3497 1266 3580 republica,
1299 3517 1476 3578 quam
1529 3499 1590 3560 in
1620 3498 2010 3561 ecclesiarum
2043 3517 2143 3560 ar-

495 3586 666 3649 chiva
695 3595 753 3649 et
783 3586 1043 3664 codices,
1089 3587 1390 3668 ejusmodi
1437 3587 1675 3668 nuptias
1716 3587 1939 3650 liberas
1982 3587 2144 3661 fecit,

495 3694 603 3758 pro
635 3694 705 3738 ea
736 3683 1079 3760 protestate,
1115 3695 1248 3756 quas
1279 3676 1510 3739 coalitus
1551 3685 1639 3738 est
1689 3676 2147 3758 imperatoribus

495 3765 650 3828 data.
686 3767 818 3829 Non
849 3765 1027 3846 igitur
1055 3773 1372 3828 accuratus
1399 3765 1681 3828 Ecclesiae
1711 3775 1899 3828 status
1919 3766 2149 3827 calum-

494 3853 753 3916 niandus
800 3863 910 3918 est.
964 3856 1114 3918 Nam
1165 3854 1546 3916 matrimonia
1598 3874 1666 3916 ex
1717 3854 2028 3935 aﬂinitate,
2074 3855 2146 3916 ad

497 3951 724 4006 sextum
776 3962 964 4024 usque
1013 3943 1260 4023 gradum
1309 3951 1366 4005 et
1417 3945 1756 4006 coarctabat
1793 3962 2054 4024 semper,
2091 3952 2150 4006 et

493 4032 689 4094 adhuc
732 4031 1087 4112 constringit
1131 4032 1284 4094 sicut
1327 4032 1504 4093 etiam
1543 4033 1918 4094 matrimonia
1942 4051 2008 4094 ex
2041 4052 2146 4094 co-

503 4121 779 4201 gnatione
829 4138 842 4183 :
897 4121 958 4182 in
1007 4139 1123 4201 quo
1177 4129 1294 4182 tam
1335 4120 1570 4198 legum,
1625 4140 1798 4203 quam
1852 4139 2144 4183 canonum

505 4216 724 4272 statuta
779 4208 1078 4290 sequitur,
1145 4217 1202 4270 et
1272 4219 1496 4270 tomum
1557 4209 1716 4271 illius
1791 4208 2148 4270 sanctissimi

507 4299 888 4380 patriarchae,
924 4297 1150 4360 domini
1183 4297 1452 4362 Sisinnii.
1499 4297 1667 4372 Quod
1701 4298 1860 4361 enim
1902 4300 1974 4359 ad
2019 4300 2148 4379 ejus

2216 1895 2304 1951 καὶ
2361 1893 2625 1976 ἀσφαλοῦς
2709 1895 3046 1970 ἀποδείξεως,
3131 1897 3204 1959 ὡς
3290 1895 3529 1970 οἰόμεθα,
3613 1892 3738 1950 οἰίτε
3828 1894 3886 1947 τὺ

2215 1981 2489 2040 καλεῖσθαι
2551 1985 2764 2064 θάτερον
2816 1983 2868 2050 ἐξ
2949 1986 3120 2041 αὐτῶν
3177 1985 3250 2047 εἷς
3326 1983 3427 2050 τὴν
3520 1979 3891 2060 κληρονομίαν

2218 2082 2310 2131 τοῦ
2363 2071 2794 2150 τελευτήσαντος,
2855 2074 2891 2143 ἢ
2943 2075 3084 2137 τινὸς
3138 2079 3243 2129 τῶν
3311 2069 3363 2137 ἐξ
3433 2070 3671 2146 α’ῗματος
3745 2073 3893 2141 αὒτῷ

2219 2169 2521 2240 προσγενῶν
2577 2162 3094 2242 παῤῥησιασθήσεται
3164 2161 3301 2242 (πῶς
3372 2160 3524 2239 γάρ;
3599 2157 3894 2237 μροσλαμ-

2220 2247 2484 2307 ϐανόντων
2540 2258 2646 2309 τῶν
2689 2251 3038 2326 κτησαμένων
3093 2249 3153 2306 ἐκ
3209 2250 3370 2325 νόμου
3443 2249 3536 2312 τὰς
3626 2246 3894 2305 313x210—

2220 2338 2376 2419 χὰς),
2441 2341 2554 2397 οὗτε
2610 2341 2882 2417 μεμπτέον
2937 2339 3086 2397 ἔσται
3143 2339 3231 2395 καὶ
3299 2338 3660 2416 ἀποτρόπαιον
3692 2340 3757 2393 τὸ
3790 2337 3892 2392 λέ-

2219 2450 2354 2506 γειν,
2388 2443 2507 2493 τοῖς
2551 2430 2742 2495 αὺτοῖς
2773 2429 2913 2510 ὅροις
2958 2426 3326 2486 συστέλλεσθαι
3365 2427 3433 2483 τὰ
3486 2424 3538 2492 ἐξ
3566 2427 3891 2506 ἀγχιστείας

2220 2518 2413 2574 καὶτὰ
2456 2516 2506 2584 ἐξ
2565 2517 2796 2594 αἵματος
2854 2516 3289 2596 συναλλάγματα.
3334 2513 3482 2573 Οὕτω
3551 2516 3656 2593 γὰρ
3727 2537 3883 2571 κεκα-

2221 2607 2475 2670 νόνισται,
2523 2609 2595 2666 Τὸ
2625 2606 2678 2663 δὲ
2721 2607 3076 2664 συνάπτεσθαι
3139 2608 3283 2662 θεῖον
3336 2607 3424 2660 καὶ
3479 2605 3703 2679 ἀνεψιὸν
3748 2605 3888 2676 μετὰ

2219 2698 2358 2760 θείας
2410 2698 2495 2755 καὶ
2550 2697 2791 2773 ἀνεψιᾶς,
2883 2698 2976 2754 οὒκ
3046 2695 3186 2751 ἔστιν
3263 2694 3360 2768 (ὥς
3431 2715 3567 2756 τινες
3637 2693 3887 2772 λέγουσι)

2222 2785 2493 2851 συνηθείας
2563 2785 2800 2866 ἀγράφου
2871 2785 3220 2864 παγκράτιον,
3303 2783 3339 2851 ἢ
3415 2783 3502 2839 καὶ
3550 2779 3893 2859 ἁπαραδότου

2225 2871 2671 2941 έκκλησιαστικῆς
2743 2874 3121 2936 καταστάσεως
3204 2872 3612 2950 τροπαιούχημα
3647 2889 3667 2905 ·
3756 2868 3897 2925 ἄλλα

2227 2960 2507 3041 πρόσταξις
2562 2964 2673 3020 θεία
2726 2962 2819 3019 τοῦ
2853 2960 3094 3037 ἀοιδίμου
3160 2959 3442 3041 βασιλέως,
3493 2958 3654 3034 κυροῦ
3694 2956 3894 3015 Ἀλλε-

2229 3051 2334 3116 ξίου
2375 3051 2468 3109 τοῦ
2511 3062 2816 3130 Κομνηνοῦ,
2867 3050 3209 3131 ἐξενεχθεῖσα
3250 3049 3335 3106 ἐπὶ
3387 3047 3688 3124 ὓπομνιῖσει
3725 3046 3898 3124 Baga:

2228 3141 2368 3203 τινὸς
2425 3139 2713 3218 λεγομένου
2769 3145 2979 3220 Ξηροῦ,
3023 3140 3120 3196 καὶ
3181 3137 3567 3216 ἐπιγνωσθεῖσα
3620 3151 3751 3200 τοῖς
3795 3134 3897 3202 διν,-

2229 3242 2509 3304 μοσιακοῖς
2556 3229 2654 3286 καὶ
2721 3227 3187 3296 έκκλησιαστικοῒς
3243 3227 3479 3306 ἀρχείοις
3537 3227 3627 3281 καὶ
3687 3223 3893 3303 κώδεᾷ,

2226 3318 2318 3374 τὸν
2361 3323 2594 3374 τοιοῦτον
2642 3317 2816 3396 γάμον
2845 3315 3070 3374 ἀπέλυσε
3125 3316 3258 3372 κατὰ
3311 3322 3410 3382 τὴν
3452 3312 3748 3388 δεδομένην
3777 3327 3894 3374 τοῖς

2227 3405 2526 3484 βασιλεῦσιν
2586 3403 2765 3464 ἅνοθεν
2849 3408 3134 3484 κυριότητα
3168 3423 3185 3440 ⁸
3258 3404 3336 3480 μὴ
3410 3403 3577 3459 τοίνυν
3630 3424 3898 3481 cmico?”-

2227 3495 2416 3564 τητέον
2485 3495 2585 3564 τὴν
2636 3493 2829 3574 ἀκριϐῆ
2877 3501 2976 3563 τῆς
3029 3491 3350 3561 Ἐκκλησίας
3405 3492 3764 3554 κατάστασιν,
3826 3493 3901 3549 τὰ

2230 3586 2329 3665 γὰρ
2375 3582 2426 3650 ἐξ
2481 3584 2794 3664 ἀγχιστείας
2860 3581 3294 3662 συναλλάγματα,
3369 3579 3528 3660 μέχρι
3583 3586 3681 3636 τοῦ
3745 3580 3902 3636 ἕκτου

2229 3675 2430 3750 βαθμοῦ
2495 3675 2582 3730 καὶ
2639 3676 2821 3752 αυτοῦ,
2885 3675 2975 3730 καὶ
3058 3669 3402 3750 ἐπενοχώρει
3472 3669 3732 3742 πάντοτε,
3813 3671 3902 3724 καὶ

2233 3762 2584 3842 στενοχώρει,
2617 3761 2787 3824 καθώς
2820 3784 2920 3819 που
2975 3760 3070 3819 καί
3128 3761 3193 3817 τά
3234 3760 3287 3826 εξ
3331 3758 3583 3835 α’ἷματος,
3645 3759 3897 3834 ἑπομένη
3929 3750 3952 3769 ’

2231 3867 2473 3929 νομικοῖς
2525 3855 2610 3909 καὶ
2674 3865 2977 3918 κανονικοῖς
3046 3849 3386 3930 διατάγμασι,
3454 3851 3542 3905 καὶ
3599 3857 3680 3923 τῷ
3745 3853 3900 3925 τόμιρ

2228 3949 2320 3999 τοῦ
2374 3942 2667 4021 ἁγιωτάτου
2715 3941 2912 3998 ἐκείνου
2970 3942 3324 4021 πατριάρχου,
3396 3940 3559 4011 κυροῦ
3629 3940 3898 3999 Eur-aio).

2229 4034 2300 4091 Τὸ
2325 4033 2424 4113 γὰρ
2472 4031 2553 4089 ἐπ’
2601 4031 2873 4111 ἀνατροπῇ
2907 4031 3090 4089 τούτου
3121 4029 3373 4108 διορισθὲν
3430 4028 3579 4106 παρὰ
3607 4028 3902 4104 βασιλικῆς

2227 4121 2366 4186 θείας
2398 4119 2836 4200 μεγαλειότητος,
2887 4123 2960 4184 εἷς
3009 4118 3160 4199 ἔργον
3217 4118 3386 4176 ἐλθεῖν
3417 4120 3444 4174 ὁ
3474 4115 3674 4180 δίκαιος
3707 4119 3902 4196 κριτῇ

2229 4214 2324 4269 οὐκ
2363 4209 2674 4282 ηὐδόκησεν,
2709 4211 2783 4272 ὡς
2819 4207 3026 4265 οἴδασιν
3061 4211 3107 4265 οἱ
3165 4205 3518 4284 μεμυημένοι,
3567 4207 3660 4262 καὶ
3701 4209 3773 4263 οὗ
3802 4228 3905 4262 πε-

2230 4297 2553 4366 πλάνηνται.

499 4389 871 4451 eversionem
905 4386 977 4449 ab
1008 4386 1393 4466 imperatoria
1421 4405 1592 4450 sacra
1627 4388 1934 4468 majestate
1967 4384 2400 4469 promulgatum
2431 4386 2562 4468 fuit,
2595 4395 2660 4450 ut
2687 4388 2748 4448 in
2781 4388 3055 4450 eﬂ‘ectum
3107 4383 3532 4456 deduceretur,
3556 4382 3770 4463 justus
3807 4383 3906 4444 ille

492 4477 681 4558 judex
713 4476 961 4538 minime
986 4476 1207 4540 voluit:
1245 4475 1748 4558 quemadmodum
1778 4485 1996 4538 norunt
2024 4473 2267 4552 initiati,
2300 4492 2412 4537 nec
2441 4473 2502 4537 in
2533 4494 2741 4540 errore
2769 4482 3099 4539 versantur.

577 4567 777 4648 Atqui,
813 4565 1053 4648 subjicit
1087 4565 1484 4642 adversarius,
1519 4585 1594 4629 ne
1624 4566 1678 4629 id
1712 4565 2143 4648 quidem,quod

2315 4568 2435 4639 Ναὶ,
2467 4569 2651 4648 φησὶν,
2679 4566 2798 4624 ἀλλ’
2859 4565 2974 4624 οὒδέ
3027 4566 3088 4621 1‘0
3145 4565 3402 4644 σύγχυσιν
3458 4563 3548 4618 καὶ
3595 4561 3908 4639 ἀπρέπειαν

497 4655 771 4723 c0nfusio
823 4663 881 4719 et
926 4657 1192 4718 dedecus
1247 4655 1558 4717 nominum
1614 4655 2046 4727 introducatur,
2081 4653 2155 4715 ob

493 4745 794 4826 graduum
829 4745 1364 4821 necessitudinem,
1398 4743 1719 4826 quominus
1759 4743 1967 4826 primae
2006 4762 2155 4805 con-

486 4835 650 4915 jugis
681 4853 806 4896 suae
837 4834 1145 4896 sobrinam
1197 4834 1378 4896 ducat
1424 4833 1790 4908 Demetrius,
1847 4831 2152 4913 impediet.

494 4925 618 4985 Hoc
669 4923 828 4984 enim
871 4923 992 4984 illis
1043 4924 1221 4986 etiam
1276 4923 1566 5003 sanguine
1619 4921 1978 5004 propinquis
2007 4939 2153 4982 usu-

493 5013 677 5094 venit,
710 5031 844 5074 cum
878 5011 1038 5074 inter
1065 5031 1130 5076 se
1160 5013 1541 5095 copulantur,
1577 5010 1679 5092 qui
1719 5011 1809 5072 vel
1855 5019 2058 5072 octavo
2089 5029 2154 5071 se

496 5102 681 5182 gradu
713 5101 1086 5182 contingunt,
1125 5102 1265 5166 dum
1314 5102 1597 5182 conjuges
1645 5099 1873 5177 absque
1921 5099 2152 5177 pudore

496 5209 798 5265 vocamus,
832 5210 983 5273 quos
1013 5199 1226 5254 natura
1248 5189 1628 5254 sobrinarum
1664 5189 1817 5250 ﬁlios
1856 5189 2145 5268 agnoscit,

509 5297 840 5361 eorumque
885 5280 1108 5344 liberos
1152 5299 1258 5363 pro
1307 5279 1592 5341 tratribus
1621 5277 1916 5353 ducimus,
1951 5295 2083 5338 cum
2131 5297 2166 5340 a

499 5375 709 5431 natura
737 5367 854 5431 sint
876 5378 1292 5450 prognatorum
1319 5387 1388 5431 ex
1413 5366 1673 5429 sobrinis
1700 5366 1828 5429 filii.
1855 5368 1978 5428 Cur
2014 5382 2161 5446 ergo

496 5474 712 5519 novum
764 5463 823 5518 et
869 5456 1135 5520 insolens
1166 5458 1262 5536 sit,
1309 5457 1469 5520 idem
1519 5457 1631 5517 hoc
1689 5454 1863 5516 etiam
1896 5454 1956 5515 in
1991 5471 2150 5535 prae-

490 5545 646 5608 senti
701 5545 1016 5626 quastione
1064 5547 1182 5609 dici
1242 5554 1418 5629 atque
1466 5543 1646 5608 ﬁeri?
1709 5542 1821 5606 Sed
1880 5543 2146 5620 audiant,

490 5633 593 5715 qui
638 5633 764 5696 haec
804 5633 882 5696 ita
927 5636 1232 5719 colligunt,
1285 5635 1469 5717 quod,
1510 5631 2020 5716 quemadmodu‘n
2055 5648 2146 5707 ea,

2237 4655 2512 4730 ὀνομάτων
2555 4657 2850 4734 εἰσάγεσθαι
2900 4652 2984 4711 διὰ
3037 4654 3138 4720 τὴν
3191 4658 3294 4708 τῶν
3353 4653 3568 4728 βαθμῶν
3623 4649 3907 4722 ἰδιότητα,

2237 4742 2504 4819 ἐμποδίσει
2559 4742 2744 4801 λαϐεῖν
2809 4746 2902 4800 τὸν
2983 4743 3288 4820 Δημήτριον
3344 4741 3442 4808 τὴν
3511 4737 3912 4820 δισεξαδέλερτρ

2236 4832 2333 4900 τῆς
2416 4832 2671 4914 προτέρας
2726 4834 2886 4890 αὐτοῦ
2955 4832 3224 4909 γυναιγός.
3289 4837 3454 4888 Τοῦτο
3511 4829 3614 4907 γὰρ
3673 4831 3773 4885 καὶ
3838 4831 3910 4890 εἷς

2235 4923 2354 4984 τοὺς
2381 4922 2799 4998 συναπτομένουε
2848 4920 2901 4988 ἒξ
2945 4921 3177 4996 α”ματος
3225 4932 3499 4997 συγγενεῖς
3561 4917 3654 4972 καὶ
3708 4917 3914 4995 ὀγδόου

2235 5011 2388 5074 ὄντας
2455 5013 2656 5088 βαθμοῦ
2711 5008 3098 5090 θριαμϐεύεται,
3162 5007 3228 5064 δι’
3291 5009 3365 5062 ὧν
3427 5005 3720 5082 ὁμοζύγους
3807 5007 3911 5061 ἐν-

2238 5101 2576 5180 ερυθριάστως
2655 5099 3107 5176 κατονομάζομεν,
3185 5099 3273 5160 οὒς
3333 5097 3368 5165 ἡ
3445 5095 3596 5175 φύσις
3686 5095 3912 5172 τρισεΞ-

2233 5189 2482 5270 αδέλφους
2537 5189 2807 5269 ἐγνώρισε,
2865 5189 2953 5244 καὶ
2995 5187 3116 5249 τοὺς
3175 5184 3367 5248 παῖδας
3425 5187 3597 5241 αὖτῶν
3629 5184 3707 5247 ὡς
3742 5182 3914 5238 ἀδελ-

2245 5279 2371 5358 φοὺς
2441 5279 2785 5358 περιέπομεν,
2859 5272 3353 5354 τετταρεξαδέλφους
3429 5272 3583 5334 ὄντας
3663 5270 3727 5325 ἐκ
3807 5274 3913 5351 g3-

2243 5388 2400 5430 σεως,
2435 5369 2494 5425 Τί
2523 5375 2648 5447 γοῦν
2679 5365 2786 5422 ἐστι
2838 5365 3021 5422 καινὸν
3075 5364 3172 5418 κᾶν
3217 5385 3293 5435 τῳ
3340 5359 3559 5440 παρόντι
3614 5361 3911 5436 ζητήματι

2242 5455 2516 5512 λαλεῖσθαι
2583 5463 2737 5512 τοῦτο
2791 5456 2879 5514 καὶ
2947 5454 3223 5532 γίνεσθαις
3292 5449 3444 5507 Ἀλλ’
3510 5448 3911 5505 ἀκουσάτωσαν

2233 5546 2280 5601 οἱ
2331 5554 2494 5603 ταῦτα
2552 5545 2899 5623 συνείροντες,
2956 5540 3037 5598 ὅτι
3091 5541 3265 5602 καθὼς
3308 5539 3373 5596 τὰ
3424 5535 3687 5617 Γαδείρων
3750 5535 3910 5600 ἐντὸς

2231 5631 2555 5713 διακείμενα,
2628 5634 2716 5690 καὶ
2774 5628 3237 5712 ὰκριϐολογοῦνται
3305 5629 3392 5685 καὶ
3462 5625 3912 5706 ἀπογράφονται,
