4074 6212
188 322 340 390 1205

177 461 240 515 τὰ
309 460 364 517 δέ
409 461 540 540 πέρα
610 461 868 543 Γαδείρων
924 466 982 521 οὒ
1037 465 1234 544 πέρατα
1292 466 1419 522 εἰσιν
1453 482 1466 495 ·

170 549 269 624 μὲν
324 548 471 613 ἐντὸς
513 560 606 611 τοῦ
659 552 811 613 ἕκτου
878 553 1081 629 βαθμοῦ
1133 552 1385 632 γινόμεναι
1450 552 1817 632 συναλλάγμα-

168 659 255 713 τα,
314 640 404 696 καὶ
467 637 552 697 διὰ
611 642 674 697 τὸ
744 642 893 722 φύσει
936 639 1136 699 δίκαιον
1191 643 1279 698 καὶ
1323 643 1576 722 εὐπρεπὲς
1645 663 1815 700 κατα-

168 729 426 808 κρίνονται
459 747 476 760 ·
526 732 594 787 τὰ
649 729 704 787 δὲ
773 731 925 795 ἐκτὸς
992 732 1161 788 αὐτῶν
1206 732 1649 810 μετεωριζόμεναι,
1696 730 1814 789 οὐδὲ

168 824 561 894 κατασπῶνται,
606 819 721 878 038‘s
748 824 1102 901 κουφίζονται,
1138 816 1258 877 ἄνευ
1301 820 1465 897 μόνου
1509 827 1601 878 τοῦ
1643 818 1696 886 ἐξ
1726 820 1815 877 α’ἷ-

174 928 336 981 ματος
367 905 590 985 ἑϐδόμου
617 909 840 987 βαθμοῦ.

257 1180 447 1233 Τοῦτον
502 1177 602 1255 γὰρ
656 1176 927 1255 βασιλικὸς
983 1179 1200 1255 ὁρισμὸς
1268 1179 1355 1234 καὶ
1405 1177 1568 1254 τόμος
1611 1174 1818 1234 συνοδι-

175 1264 269 1327 κὸς
327 1278 440 1328 τοῖς
502 1272 594 1323 τοῦ
633 1265 785 1323 ἕκτου
840 1266 1041 1343 βαθμοῦ
1093 1265 1491 1345 συναλλάγμασι
1535 1265 1815 1333 συνεξίσω-

176 1373 295 1411 σαν.
356 1350 501 1410 Ἐπεὶ
559 1354 648 1411 οὗν
700 1358 893 1419 ἱκανῶς
948 1353 1258 1432 διελάϐομεν
1312 1356 1379 1414 τά
1418 1377 1525 1412 τισι
1555 1353 1815 1413 δικαιολο-

169 1442 399 1518 γούμενα
455 1445 573 1524 περὶ
639 1451 731 1502 τοῦ
787 1446 860 1509 είς
916 1442 1008 1501 ἕνα
1065 1446 1264 1523 βαθμὸν
1335 1446 1456 1511 τοὺς
1526 1447 1589 1522 ὁμ
1600 1446 1811 1524 οζύγους

165 1530 468 1611 ἀνάγεσθαι,
514 1532 627 1591 εἴτε
656 1535 742 1590 καὶ
772 1534 849 1604 μή
884 1552 899 1566 ⁸
961 1533 1095 1614 Φέρε
1146 1536 1235 1592 καὶ
1288 1536 1351 1592 τὸ
1391 1535 1531 1611 ἡμῖν
1560 1535 1814 1615 παριστά-

1511 326 2199 398 GRECO-ROMANUM
2210 378 2226 393 .

1540 466 1676 524 οὕτω
1743 467 1809 522 τὰ
1829 475 1869 523 Α
1891 482 2021 543 qua;
2049 464 2139 526 eis
2164 464 2359 527 Gades
2387 464 2501 527 sita
2520 472 2681 537 sunt,
2715 470 2990 526 accurate
3013 462 3156 524 seiri
3188 480 3257 524 ac
3278 459 3544 524 describi

3393 322 3545 390 1206

1897 565 2166 637 possunt,
2202 575 2335 619 cum
2363 574 2491 638 qua
2520 555 2676 618 ultra
2704 554 2900 621 Gades
2929 563 3071 619 sunt
3099 557 3315 637 posita,
3348 570 3540 635 pene-

1897 645 2038 708 trari
2074 652 2414 728 nequeant:
2448 644 2537 706 sic
2579 643 2757 707 etiam
2792 644 3190 720 matrimonia,
3226 661 3357 725 quae
3388 644 3542 705 intra

1894 742 2124 797 sextum
2182 733 2427 815 gradum
2486 733 2936 809 contrahuntur,
2990 732 3081 795 vel
3132 733 3265 814 ipsa
3311 731 3544 794 ratione

1901 823 2182 885 naturalis
2229 822 2522 904 aequitatis
2579 828 2638 886 et
2681 821 2919 886 honesti
2975 825 3375 885 damnentur:
3412 840 3544 902 quae

1898 920 2095 974 autem
2124 919 2287 976 extra
2316 911 2534 993 gradus
2559 911 2744 975 hosce
2769 911 3233 992 suspenduntur,
3263 928 3374 972 nec
3390 909 3540 973 diri-

1901 1008 2157 1077 mantur,
2190 1018 2301 1063 nec
2358 1000 2721 1075 releventur,
2756 1008 3001 1081 excepto
3031 1000 3160 1064 solo
3191 1018 3261 1063 ex
3292 997 3537 1079 sangui-

1900 1086 1995 1148 nis
2022 1088 2441 1169 conjunctione
2463 1087 2719 1168 septimo
2742 1093 2951 1167 gradu.

1979 1174 2124 1239 Nam
2148 1176 2313 1238 illum
2331 1187 2448 1237 tam
2483 1174 2865 1257 imperatoria
2895 1174 3326 1257 sanctio,quam
3346 1181 3542 1237 tomus

1898 1265 2219 1344 synodalis,
2244 1265 2395 1326 sexti
2427 1264 2647 1344 gradus
2669 1264 3065 1327 matrimoniis
3094 1264 3436 1345 exaequavit.
3469 1266 3544 1327 Et

1896 1353 2133 1435 quando
2156 1356 2279 1435 jam
2312 1354 2454 1416 satis
2476 1353 2872 1416 disseruimus
2890 1354 2965 1417 de
3002 1353 3238 1435 iis,quae
3269 1353 3540 1415 nonnulli

1895 1442 2084 1505 hacin
2106 1442 2431 1525 quaestione.
2462 1442 2947 1522 allegant,sintne
2970 1441 3337 1523 conjugesad
3355 1461 3536 1504 unum

1894 1532 2195 1595 referendi
2224 1532 2495 1613 gradum,
2523 1551 2714 1595 necne
2749 1550 2763 1596 :
2796 1551 2904 1612 age
2939 1532 3309 1615 proferamus
3357 1532 3532 1594 etiam

166 1641 327 1695 μενον
382 1623 537 1702 χάριν
594 1630 685 1680 τοῦ
740 1623 976 1683 τοιούτου
1031 1626 1363 1701 ζητήματος,
1434 1624 1698 1699 εἴπωμεν,
1758 1634 1799 1683 Ο

1906 1621 2151 1703 id,quod
2173 1622 2246 1685 de
2276 1621 2603 1703 quaestione
2632 1622 2931 1704 proposita
2960 1620 3131 1684 nobis
3162 1622 3235 1683 ad
3273 1622 3536 1683 animum

165 1713 633 1785 νενομοθετηκότες
688 1714 808 1793 περὶ
861 1712 1244 1793 κεκωλυμένων
1298 1714 1470 1793 γάμον
1529 1711 1807 1771 διδάσκον-

165 1821 252 1866 τες
281 1799 336 1856 ἐν
377 1800 563 1877 βιϐλίῳ
601 1791 718 1871 κη’,
760 1791 923 1876 τίτλῳ
977 1791 1048 1882 ε’,
1107 1803 1181 1866 εὶς
1223 1791 1321 1860 δύο
1381 1801 1635 1881 διαιροῦσι
1688 1804 1809 1867 τοὺς

168 1904 442 1968 συγγενεῖς
478 1912 492 1925 ο
551 1893 624 1957 εἰς
679 1891 920 1955 ἀνιόντας
950 1893 1038 1949 καὶ
1066 1892 1370 1967 κατιόντας,
1415 1890 1615 1957 παῖδας
1646 1890 1813 1960 δηλα-

164 1975 231 2046 δὴ
274 1979 364 2035 καὶ
412 1993 614 2060 γονεῖς,
685 1981 774 2037 καὶ
829 1982 901 2043 εἷς
956 1981 1080 2045 τοὺς
1132 1980 1194 2037 ἐκ
1262 1979 1513 2058 πλαγίου,
1556 1979 1811 2062 ἀδελφούς

160 2090 301 2147 φημι
356 2072 442 2127 καὶ
482 2068 698 2134 λοιποὺς
754 2067 805 2135 ἐξ
876 2069 1111 2146 α’ἷματος
1165 2083 1505 2149 προσγενετς.
1554 2073 1653 2129 Καὶ
1709 2078 1815 2135 τῶν

156 2155 254 2231 μὲν
310 2156 561 2215 ἀνιόντων
602 2159 690 2215 καὶ
748 2158 1061 2232 κατιόντων,
1126 2159 1225 2217 κᾶν
1269 2160 1477 2236 γνήσιοι
1528 2160 1651 2232 ὦσι,
1716 2160 1813 2220 κᾶν

154 2247 383 2326 φυσικοὶ,
426 2244 524 2303 κᾶν
576 2249 737 2318 θετοὶ,
782 2248 904 2311 τοὺς
972 2249 1178 2327 γάμους
1221 2247 1509 2308 κωλύουσιν
1552 2250 1626 2312 εἷς
1676 2249 1813 2307 διπέ-

153 2356 361 2412 ραντον.
436 2342 552 2393 Τῶν
606 2333 662 2391 δὲ
719 2333 771 2402 ἐξ
826 2335 1081 2417 α’ἶματος,
1136 2338 1329 2418 μέχρις
1380 2337 1533 2395 ἕκτου
1585 2338 1808 2415 βαθμοῦ,

158 2425 301 2481 Μετὰ
348 2423 527 2501 μέντοι
581 2426 644 2482 τὸ
699 2424 1094 2506 τεχνολογῆσαι
1149 2428 1215 2482 τα
1284 2428 1402 2504 περὶ
1443 2427 1665 2503 τούτων,
1724 2432 1812 2487 καὶ

155 2515 228 2577 εἰς
281 2512 404 2591 ὄψιν
473 2513 750 2593 προθέσθαι
820 2515 920 2583 τὴν
988 2521 1093 2571 τῶν
1161 2515 1377 2591 βαθμῶν
1434 2516 1642 2592 βαθείαν
1723 2511 1812 2573 καὶ

151 2602 532 2672 δοπτδιεξίτητον
590 2602 929 2671 ὓπουλότητα
992 2602 1414 2684 (δυσχερεστάτη
1470 2598 1571 2685 γάρ
1654 2627 1806 2685 φησι,

156 2695 243 2752 καὶ
296 2695 390 2752 οὒκ
459 2692 857 2760 εὖκαταίληπτος
926 2694 961 2761 ἡ
1030 2693 1091 2749 ἐκ
1147 2691 1371 2771 πλαγίου
1432 2699 1537 2750 τῶν
1595 2694 1810 2771 βαθμῶν

157 2783 302 2841 ἐστιν
355 2783 578 2862 εὕρεσις)
649 2781 983 2859 προστιθέασι
1043 2782 1131 2838 καὶ
1181 2790 1344 2841 ταῦτα
1399 2782 1574 2858 ῥητῶς
1609 2802 1622 2815 ·
1698 2785 1810 2844 Εἰσὶ

155 2872 212 2929 δὲ
271 2874 359 2930 καὶ
402 2872 569 2951 ἕτεροι
609 2872 794 2950 γάμοι,
852 2873 913 2928 οὗ
954 2868 1039 2927 διὰ
1083 2872 1277 2947 θεσμὸν
1329 2871 1656 2950 συγγενείας,
1726 2870 1811 2929 διὰ

1893 1711 2133 1773 accidit.
2178 1710 2615 1783 Iurisconsulti,
2676 1711 2775 1793 qui
2821 1712 2895 1773 de
2945 1710 3169 1793 nuptiis
3227 1709 3539 1790 prohibitis

1893 1798 2071 1863 docet
2098 1799 2248 1861 libro
2282 1799 2672 1864 Basilicarum
2724 1817 2931 1877 xxvm,
2969 1801 3157 1873 titulo,
3187 1817 3244 1881 ν,
3269 1798 3536 1861 bifariam

1894 1897 2172 1982 cognatos
2201 1888 2468 1982 dividunt
2502 1909 2515 1951 :
2550 1888 2945 1982 ascendentes
2977 1897 3034 1952 et
3063 1888 3530 1982 descendentes,

1900 1974 2119 2039 liberos
2147 1978 2377 2040 scilicet
2396 1995 2464 2039 ac
2498 1984 2815 2057 parentes;
2846 1987 2904 2040 et
2929 1978 2990 2040 in
3023 1995 3146 2057 eos,
3180 1978 3283 2058 qui
3312 1974 3448 2039 sun't
3469 1995 3539 2040 ex

1900 2072 2254 2136 transverso.
2290 2067 2500 2128 fratres
2530 2066 2797 2147 inquam,
2850 2076 2910 2130 et
2955 2066 3216 2147 reliquos
3246 2066 3537 2145 sanguine

1898 2155 2817 2235 propinquos.Etascendentium
2837 2155 3076 2236 quidem
3089 2174 3157 2217 ac
3168 2155 3535 2219 descenden-

1897 2243 2196 2314 tium,sive
2220 2244 2464 2324 legitimi
2495 2244 2766 2325 sint,sive
2792 2245 3113 2319 naturales,
3146 2245 3268 2307 sive
3298 2244 3532 2326 adopti-

1896 2332 2217 2413 vi,nuptias
2247 2332 2564 2411 prohibent
2584 2332 2644 2394 in
2663 2332 2957 2395 inﬁnitum
2992 2351 3005 2395 :
3033 2351 3239 2395 eorum
3269 2333 3536 2416 vero,qni

1894 2423 2183 2501 sanguine
2208 2421 2775 2503 propinquisunt.ad
2802 2430 3032 2486 sextum
3056 2440 3242 2503 usque
3257 2423 3529 2502 gradum.

1895 2511 2210 2593 Postquam
2229 2512 2337 2573 ista
2357 2510 2653 2572 subtiliter
2672 2529 2738 2572 ex
2749 2520 3160 2591 posuerunt,et
3175 2511 3364 2574 oculis
3386 2511 3531 2574 sub-

1887 2599 2458 2680 jeceruntgradunm
2475 2599 2823 2681 profundam
2840 2608 2896 2662 et
2909 2600 3535 2681 penetratudilﬁcilem

1895 2686 2314 2751 obscuritatem
2345 2687 2824 2769 (impeditissima
2861 2707 3115 2771 namque
3161 2696 3227 2750 ut
3267 2688 3531 2769 ipsorum

1893 2776 2089 2839 verbis
2110 2786 2242 2839 utar
2263 2796 2374 2840 nec
2396 2788 2680 2859 perceptu
2710 2776 2897 2839 facilis
2915 2786 3003 2842 est
3043 2778 3105 2840 in
3132 2777 3231 2853 iis,
3264 2778 3365 2858 qui
3393 2786 3532 2839 sunt

1893 2881 1963 2925 ex
1978 2871 2307 2927 transverso
2324 2863 2609 2944 graduum
2624 2863 3185 2946 inventio),disertis
3200 2864 3395 2927 verbis
3407 2864 3534 2927 haec

151 2960 210 3019 δὲ
267 2962 577 3042 ἀγχιστείαν
634 2961 712 3035 μὴ
755 2957 1150 3039 προϐαίνοντες,
1209 2956 1522 3040 Ἀγχιστεία
1552 2957 1608 3016 δέ
1663 2960 1803 3018 ἐστιν

1890 2951 2070 3048 etiam
2117 2953 2617 3048 adjiciuntESunt
2649 2960 2707 3014 et
2733 2953 3111 3048 aliainuptiae
3160 2973 3214 3031 ιι,
3266 2954 3531 3048 nonuillae

149 3040 416 3118 οἰκειότης
486 3049 784 3120 προσώπων
853 3048 914 3105 ὲκ
981 3049 1168 3127 γάμων
1220 3049 1356 3124 ἡμῖν
1425 3048 1796 3125 συνημμένων,

1889 3040 2125 3122 quidem
2150 3052 2391 3124 propter
2412 3042 2513 3123 jus
2544 3042 3045 3125 cognationis,sed
3071 3051 3312 3125 propter
3331 3043 3528 3105 affini-

146 3142 449 3219 συγγενείας
520 3138 691 3201 ἐκτός.
752 3142 881 3196 Οἷον
936 3138 1024 3195 οὗν
1098 3139 1409 3194 οίκειοῦνται
1482 3138 1681 3215 βαθμὸν
1754 3142 1800 3196 οἱ

143 3231 402 3308 ὁμόζυγες
447 3228 582 3304 μετὰ
635 3232 734 3295 τὴν
779 3226 1081 3305 συνάφειαν,
1152 3230 1393 3306 καθαρῶς
1450 3226 1547 3302 μὲν
1600 3229 1661 3285 οὗ
1713 3226 1797 3285 δι-

142 3321 424 3381 δάσκουσιν
458 3335 472 3349 ⁸
539 3318 790 3398 ἐπάγουσι
846 3315 925 3391 δὲ,
983 3321 1061 3392 μή
1145 3317 1385 3374 δύνασθαί
1466 3339 1582 3375 τινα
1667 3321 1796 3398 πρὸς

142 3412 319 3489 γάμοιο
350 3406 538 3465 λαϐεῖν
568 3408 665 3476 τὴν
696 3409 888 3465 οἰκείαν
931 3407 1137 3487 νύμφην
1192 3406 1227 3475 ἢ
1285 3408 1574 3486 προγονήν,
1645 3406 1796 3465 Ἀλλ’

142 3497 264 3557 οὖόὲ
314 3499 411 3565 τὴν
471 3497 749 3575 μητρυιὰν,
810 3496 846 3564 ἢ
896 3496 994 3563 τὴν
1048 3495 1322 3573 πένθερᾶν,
1383 3493 1565 3563 ἐπειδῆ
1621 3496 1797 3572 μητέ-

142 3608 254 3657 ρων
309 3583 452 3652 τάξιν
509 3585 783 3665 ἐπέχουσι.
848 3583 1154 3652 Σκοπητέον
1209 3584 1380 3640 τοίνυν
1434 3585 1536 3661 πρὸ
1584 3586 1797 3644 πάντων

141 3676 207 3732 τὸ
250 3676 368 3753 περὶ
408 3675 514 3732 τῶν
541 3676 777 3751 βαθμῶν.
832 3671 980 3731 Ούτω
1026 3673 1125 3751 γὰρ
1181 3669 1545 3748 ἰξομαλισθείη
1600 3674 1662 3730 τὸ
1704 3679 1797 3731 τοῦ

144 3764 459 3840 ζητήματος
490 3762 728 3825 ἄναντες.

222 4032 283 4088 ΟΣ
344 4029 438 4097 τῆς
478 4032 776 4108 συγγενείας
817 4029 1028 4105 βαθμοὶ,
1089 4028 1150 4085 ἐκ
1203 4034 1311 4085 τῶν
1364 4026 1628 4105 βαθμίδων
1692 4035 1791 4097 τῆς

133 4119 398 4196 κλίμακος
429 4118 835 4194 ὠνομάσθησαν,
904 4108 995 4180 Ὠς
1051 4118 1151 4196 γὰρ
1200 4115 1400 4174 ἐκεῖναι
1483 4114 1791 4193 λαμϐάνου-

136 4230 229 4267 σαι
286 4207 565 4286 καταρχὴν
619 4206 671 4272 ἐξ
725 4203 972 4263 ἐπιπέδου
1030 4207 1197 4277 τινὸς,
1243 4207 1331 4262 καὶ
1374 4207 1446 4270 εἷς
1489 4206 1556 4262 τὰ
1610 4206 1794 4286 πρόσω

1884 3137 2060 3192 tatem
2095 3150 2212 3194 non
2247 3130 2949 3212 procedentes.Affinitas
2977 3140 3174 3194 autem
3198 3140 3287 3194 est
3310 3150 3529 3195 neces-

1883 3220 2026 3283 tudo
2056 3222 2325 3302 quaedam
2360 3238 2889 3301 personarum,per
2918 3221 3155 3301 nuptias
3185 3220 3358 3282 nobis
3379 3239 3525 3285 con-

1873 3308 2239 3390 junctarum,
2274 3310 2418 3372 citra
2468 3308 2909 3388 cognationem.
2968 3310 3125 3389 Ergo
3176 3328 3351 3390 quem
3411 3310 3529 3373 sibi

1881 3399 2127 3480 gradum
2162 3410 2293 3481 post
2348 3399 2558 3459 initum
2596 3396 3041 3460 matrimonium
3066 3397 3364 3459 vindicent
3387 3418 3529 3461 con-

1874 3489 2070 3570 juges,
2101 3506 2244 3569 pure
2272 3486 2355 3550 illi
2401 3485 2643 3568 quidem
2699 3505 2817 3548 non
2857 3486 3078 3548 docent
3110 3506 3124 3546 :
3160 3485 3528 3567 subjungunt

1881 3586 2100 3651 tamen,
2130 3577 2384 3658 aliquem
2420 3593 2632 3638 nurum
2666 3593 2857 3651 suam,
2889 3574 2979 3640 vel
2999 3575 3350 3657 privignam,
3385 3596 3527 3640 uxo-

1878 3685 2007 3730 rem
2038 3667 2253 3730 ducere
2286 3684 2403 3727 non
2428 3683 2624 3746 posse.
2682 3666 2809 3745 Nec
2858 3664 3002 3729 item
3063 3683 3401 3741 novercam,
3436 3667 3525 3729 vel

1878 3774 2117 3819 socrum
2144 3775 2158 3815 :
2180 3753 2460 3837 quoniam
2482 3760 2736 3815 matrum
2760 3754 2888 3816 loco
2911 3752 3527 3818 sunt.Consideranda

1874 3844 2055 3924 igitur
2075 3853 2209 3906 ante
2229 3843 2427 3904 omnia
2438 3842 2723 3918 graduum
2748 3841 3029 3905 ratio.Sic
3052 3844 3211 3904 enim
3229 3846 3527 3925 exaequari

1875 3933 2090 4014 pulerit
2117 3933 2244 4012 ipsa
2275 3931 2608 4013 questionis
2637 3932 2794 3994 velut
2822 3932 3063 3995 acclivis
3092 3932 3484 4014 inaequalitas.

1955 4022 2186 4085 Gradus
2208 4020 2576 4101 cognationis
2596 4020 2741 4084 dicti
2758 4030 2893 4083 sunt
2914 4041 2948 4084 a
2972 4021 3518 4103 similitudinegra-

1875 4110 2058 4173 duum
2086 4109 2333 4190 alicujus
2358 4111 2553 4172 scalae.
2597 4108 2743 4172 Nam
2796 4113 2949 4174 sicut
2998 4110 3115 4173 illa;
3164 4111 3523 4193 principium

1876 4211 2181 4265 sumentes
2229 4221 2263 4263 a
2300 4200 2584 4282 planitie,
2640 4222 2998 4285 sursumque
3051 4202 3392 4279 tendentes,
3448 4207 3520 4269 ad

139 4297 538 4379 προϐαίνουσαι,
610 4298 708 4365 τὴν
749 4295 967 4355 κάθοδον
1020 4298 1055 4366 ἢ
1112 4299 1211 4366 τὴν
1268 4295 1452 4354 ἁνοδον
1495 4300 1792 4379 συμπεραί-

1889 4289 2356 4379 lescenrlendum
2391 4290 2480 4352 vel
2510 4292 2954 4355 ascendendum
2987 4291 3159 4354 nobis
3199 4293 3462 4354 serviunt
3501 4312 3514 4357 :

140 4410 341 4467 νουσιν,
403 4385 546 4444 οὕτω
594 4388 681 4443 καὶ
724 4390 770 4443 οἱ
826 4386 1039 4465 βαθμοὶ,
1092 4388 1165 4451 ὡς
1225 4386 1286 4443 ἐκ
1328 4387 1473 4465 ῥίζης
1533 4390 1792 4469 ὁμοφυεῖς

138 4475 327 4537 κλάδοι
416 4484 508 4535 τοῦ
594 4475 805 4555 πρώτου
889 4476 1203 4565 γενννήτορος
1293 4475 1617 4556 προιέμενοι,
1694 4478 1793 4544 τὴν

136 4564 447 4644 συγγένειαν
513 4565 925 4643 καταρτίζουαιν.
1004 4561 1218 4640 Ὶδωμεν
1292 4564 1406 4644 οὖν,
1488 4567 1615 4621 ποία
1683 4564 1794 4642 ῥίζα

134 4656 229 4715 καὶ
299 4654 547 4733 καταρχὴ
604 4652 863 4729 μεσιτεύει
918 4652 1008 4708 τὸν
1064 4650 1221 4732 ἄνδρα
1273 4653 1407 4728 μετὰ
1461 4656 1561 4718 τῆς
1605 4674 1793 4730 γυναι-

132 4748 255 4813 κὸς,
329 4742 466 4799 ὥστε
494 4744 623 4821 πρὸς
656 4743 852 4809 ταύτην
882 4738 1228 4821 ἀναδραμεῖν,
1262 4742 1350 4798 καὶ
1404 4738 1457 4806 ἐξ
1509 4742 1671 4807 αὖτῆς
1718 4743 1794 4805 ὡς

128 4836 218 4894 διὰ
271 4828 519 4909 βαθμίδος
563 4833 693 4912 πρὸς
750 4831 963 4895 τούτους
1018 4828 1216 4912 ἐλθεῖν.
1273 4830 1490 4893 Πάντως
1555 4827 1793 4902 οὐδεμία.

130 4920 266 4984 Οὖδὲ
323 4921 423 4999 γὰρ
490 4909 702 4999 δύναταί
774 4943 854 4983 τις
912 4921 1105 4993 εἰπεῖν,
1166 4909 1223 4978 Ὀ
1282 4918 1477 4997 Πέτρος
1537 4916 1791 4996 ἐγγένησε

129 5015 227 5068 τὸν
284 4998 612 5085 Δημήτριον.
663 4998 720 5066 Ὀ
778 5009 930 5071 «ora;
974 5007 1067 5064 καῖ
1116 5008 1215 5075 τήν
1260 5009 1458 5088 Μαρίαν
1515 5005 1791 5067 ἀπέτεκεν.

140 5084 301 5156 ιἱὶστε
366 5095 578 5160 τούτους
634 5094 722 5153 δύο
774 5097 986 5172 βαθμῶν
1044 5096 1192 5178 ἔχειν
1249 5084 1572 5175 συγγένειαν.
1650 5103 1793 5177 Προ-

134 5184 301 5268 ipa-f3:
355 5183 456 5263 γὰρ
512 5182 700 5259 ψεῦδός
756 5184 890 5247 ἐστι.
961 5184 1152 5244 Πολλῶ
1217 5184 1271 5242 δὲ
1315 5184 1475 5243 πλέον
1523 5186 1615 5243 οὒκ
1646 5186 1791 5243 εἴποι

136 5295 221 5339 τις
276 5272 590 5338 ὑποστάσεις
658 5270 859 5345 διττὰς,
918 5275 1033 5339 ὲνος
1089 5276 1231 5332 εἶναι
1261 5275 1485 5353 βαθμοῦ.
1536 5276 1637 5331 Δύο
1692 5275 1791 5353 γὲιρ

136 5361 416 5444 γεννήσεις
484 5361 694 5424 τούτους
781 5363 1113 5442 παρήγαγον,
1194 5367 1254 5422 Οἱ
1336 5372 1460 5443 γοῦν
1544 5363 1789 5443 λέγοντες

1875 4380 1963 4441 sic
1989 4388 2048 4442 et
2079 4380 2139 4441 hi
2190 4377 2429 4456 gradus,
2465 4379 2622 4443 velut
2652 4381 2921 4461 ejusdem
2980 4390 3203 4442 natura:
3257 4381 3409 4443 rami
3448 4400 3519 4443 ex

1875 4469 2096 4532 radice.
2135 4469 2325 4549 primo
2355 4469 2582 4531 scilicet
2609 4477 2855 4549 parente
2889 4468 3517 4549 procedentes,cogna-

1877 4558 2096 4620 tionem
2133 4557 2467 4638 perficiunt.
2504 4557 2827 4620 Videamus
2858 4575 3018 4637 ergo,
3044 4576 3313 4638 quamam
3349 4558 3514 4621 radix

1874 4664 1941 4708 ac
1957 4644 2313 4727 principium
2335 4645 2492 4708 inter
2508 4646 2696 4708 virum
2721 4656 2778 4707 et
2792 4665 3034 4708 uxorem
3054 4645 3143 4709 sic
3164 4646 3517 4729 intercedat,

1878 4742 1943 4796 ut
1970 4734 2041 4797 ad
2070 4753 2197 4796 eam
2235 4734 2311 4798 sit
2342 4735 2795 4810 recurrendum,
2831 4744 2889 4797 et
2926 4734 2999 4797 ab
3049 4753 3119 4797 ea
3174 4754 3283 4798 ceu
3331 4737 3517 4815 gradu

1876 4824 2127 4905 quodam
2156 4822 2227 4885 ad
2283 4822 3015 4904 ipsosveniendumNulla
3036 4843 3276 4906 prorsus
3293 4823 3514 4889 existit.
3578 4818 3600 4843 '

1874 4912 2003 4975 Non
2038 4912 2194 4973 enim
2246 4910 2448 4974 dicere
2504 4911 2794 4994 quispiam
2825 4920 3042 4995 potest,
3075 4912 3285 4977 Petrus
3314 4913 3518 4994 genuit

1878 4999 2272 5065 Demetrium.
2305 4999 2468 5063 Idem
2511 5010 2567 5064 et
2593 5001 2837 5065 Mariam
2871 5001 3199 5082 procreavit
3232 5024 3246 5064 :
3282 5021 3397 5084 quo
3427 5003 3510 5083 lit,

1876 5098 1940 5154 ut
1958 5090 2040 5153 ibi
2058 5090 2307 5152 duorum
2333 5090 2621 5170 graduum
2648 5092 2997 5171 cognatione
3015 5091 3207 5172 juncti
3223 5091 3515 5154 sunt.Hoe

1876 5182 2032 5243 enim
2049 5179 2596 5242 manifestissimum
2610 5180 2985 5246 mendacium
3000 5188 3109 5244 est.
3137 5180 3312 5243 Multo
3329 5180 3514 5261 magis

1874 5268 2111 5332 cavebit
2132 5267 2367 5348 aliquis,
2387 5284 2461 5329 ne
2500 5268 2681 5341 dicat,
2716 5269 2861 5331 duas
2889 5269 3360 5351 personasunius
3380 5287 3514 5332 esse

1873 5355 2347 5440 gradus.Quippe
2364 5356 2495 5419 duae
2519 5357 2934 5437 generationes
2950 5377 3054 5422 eos
3082 5357 3507 5441 produxerunt.

1454 5489 1553 5554 VA
1563 5491 1713 5557 RLE
1766 5487 2077 5557 LECTION
2087 5486 2191 5551 ES.

178 5634 192 5651 ’
216 5652 248 5683 ο
284 5631 715 5717 Videeclogam
744 5634 1151 5717 Basilicarum
1186 5656 1202 5713 ;
1232 5639 1370 5701 vide
1398 5644 1491 5703 tit.
1527 5640 1601 5703 de
1634 5640 1938 5703 Gradibus
1968 5636 2375 5717 cognationis,
2408 5637 2466 5700 ἀ.
2496 5635 2601 5703 lib.
2633 5588 3069 5703 Basilicarum.
3156 5653 3183 5696 ι’
3225 5639 3361 5703 vide
3411 5639 3505 5704 lit.

128 5719 210 5785 de
235 5711 475 5796 prohib.
513 5711 683 5797 παρτ.
717 5715 781 5775 d.
819 5715 925 5779 lib.
963 5716 1178 5779 Basili.
