4074 6212
481 255 633 321 1207

480 480 572 541 vel
595 478 846 543 secundi
867 497 998 542 esse
1020 479 1258 558 gradus.
1285 480 1505 560 quique
1529 498 1634 560 per
1670 479 1888 560 gradus
1918 498 2021 541 eos
2048 479 2129 540 ita

484 569 725 649 librant,
745 569 826 630 uti
857 567 1050 629 solent
1072 585 1168 630 res
1191 568 1330 642 illae,
1357 588 1488 649 quae
1517 569 1804 650 pondere,
1838 569 1925 629 vel
1954 587 2125 630 men-

486 675 646 728 sura,
682 657 771 719 vel
804 675 1051 718 numero
1082 665 1357 719 constant
1392 680 1407 734 ;
1439 658 1666 720 similes
1697 665 1835 720 sunt
1864 657 2124 721 interro-

482 745 780 827 gantibus,
797 747 1116 828 quotuplex
1130 746 1284 809 istud
1301 748 1698 829 pavimentum
1717 747 1868 828 lapis
1879 746 2126 822 ambiat,

486 844 544 898 et
561 834 1086 916 respondentibus,
1110 835 1349 917 duplex.
1373 835 1604 918 Quippe
1626 835 2132 917 cingituralapide

486 926 708 1008 prasini
729 925 968 1001 coloris,
996 935 1056 987 et
1077 925 1234 1005 ligno
1265 925 1510 989 cedrino
1531 926 1953 989 circumdatur.
1980 928 2131 1000 Qua.

488 1014 755 1077 mobrem
785 1022 921 1095 apte
951 1013 1230 1091 dicimus,
1278 1034 1391 1078 nec
1433 1015 1507 1077 ad
1559 1015 1810 1077 duorum
1843 1015 2128 1096 graduum

487 1103 994 1166 necessitudinem
1052 1103 1267 1166 referri
1313 1105 1597 1185 conjuges
1650 1105 1792 1186 (quo
1849 1103 2011 1166 enim
2071 1101 2131 1164 id

489 1191 702 1275 pacto?
724 1212 860 1255 cum
885 1193 1155 1255 eamdem
1179 1193 1441 1256 radicem
1465 1204 1525 1256 et
1547 1193 1995 1273 generationem
2015 1211 2132 1254 non

488 1283 765 1358 habeant,
800 1301 867 1344 ac
897 1299 968 1343 ea
997 1297 1173 1346 causa
1194 1282 1540 1346 naturaliter
1579 1301 1699 1344 non
1729 1281 2085 1362 dividantur)
2113 1301 2126 1342 :

489 1391 602 1434 nec
633 1373 808 1434 etiam
839 1371 1015 1434 unius
1045 1381 1101 1434 et
1133 1371 1400 1452 ejusdem
1459 1391 1588 1434 esse
1618 1371 1854 1451 gradus,
1891 1381 2138 1454 propter

489 1463 772 1524 unionem
797 1460 1401 1542 carnalem,utinstar
1413 1461 1586 1522 mulsi
1611 1460 2129 1536 commisceantur,

495 1553 635 1633 (qua
671 1551 827 1613 enim
860 1551 918 1612 id
951 1550 1082 1613 fieri
1131 1551 1359 1614 ratione
1405 1551 1608 1630 possit,
1671 1571 1804 1612 cum
1869 1569 2137 1632 personas

1815 257 1973 346 (JUS
2013 254 2481 322 GANONICUM.

480 390 776 456 Nimirum
809 391 909 470 qui
935 388 1162 464 dicunt,
1184 390 1470 470 conjuges
1499 390 1655 452 inter
1683 409 1746 452 se
1787 390 1876 452 vel
1917 389 2142 464 unius,

2229 393 2342 450 ἷναι
2400 395 2516 459 τοὺς
2578 396 2821 472 συζύγους
2879 397 2993 462 ἐνὸς
3054 396 3083 463 ἦ
3133 395 3371 475 δευτέρου
3441 399 3679 473 βαθμοῦ,

3717 259 3879 324 nos

3783 417 3875 450 και

2209 493 2645 563 ζυγοστατοῦντες
2699 485 2783 542 διὰ
2811 485 3072 563 βαδμίὲων
3143 488 3352 557 αὖτοὺς,
3407 491 3542 544 κατὰ
3599 490 3672 544 τὰ
3739 509 3878 543 στα-

2207 577 2478 652 θμώμενα,
2553 576 2588 644 ἢ
2647 578 2994 658 μετρούμενα,
3064 578 3100 646 ἢ
3186 577 3564 657 ἀριθμούμενα,
3659 578 3875 634 ἐοίκασι

2209 677 2326 729 τοῖς
2371 663 2753 744 ἐρωτωμένοις,
2811 665 2974 730 πόσος
3027 666 3286 748 ἀμπίσχει
3328 665 3444 724 τόδε
3501 669 3563 724 τὸ
3633 665 3880 722 δάπεδον

2210 756 2526 834 μάργαρος;
2596 753 2692 810 καὶ
2750 753 3207 837 ἀποκρινομένοις,
3285 755 3478 821 διττός.
3537 759 3699 821 Λίθος

2212 845 2475 922 πρασίζων
2560 845 2686 926 αὐτὸ
2759 844 3122 926 περιζώννυσι,
3208 847 3295 902 καὶ
3384 844 3533 912 ξύλον
3623 843 3876 923 κέδρινον

2213 910 2570 1012 ἀμφιέννυσιν.
2632 910 2840 1013 Ἀραρει
2886 910 3053 991 τοίνυν
3107 910 3284 1014 λέγειν
3331 910 3498 1010 ἡμᾶς,
3559 910 3878 1012 μήτεπρὸς

2213 1020 2300 1079 δύο
2369 1023 2584 1098 βαθμῶν
2653 1023 2952 1090 οἰκειότητα
3019 1025 3140 1087 τοὺς
3201 1026 3488 1104 ὁμοζύγους
3544 1025 3868 1103 ἀνάγεσθαι,

2214 1111 2357 1190 (πῶς
2388 1113 2510 1190 γὰρ,
2544 1114 2591 1168 οἱ
2621 1114 2698 1188 μὴ
2727 1112 2826 1180 τὴν
2875 1113 3035 1182 αὐτὴν
3065 1112 3360 1194 ἐσχηκότες
3417 1115 3557 1191 ῥίζαν
3600 1116 3698 1170 καὶ
3750 1114 3875 1191 γέν-

2214 1222 2391 1281 νησιν,
2441 1201 2530 1257 καὶ
2583 1197 2666 1257 διὰ
2736 1209 2890 1258 τουτο
2944 1199 3081 1278 μηδὲ
3135 1210 3366 1284 φυσικῶς
3433 1201 3804 1283 διαιρούμενοι
3836 1211 3876 1281 ς)

2218 1288 2346 1366 μήτ’
2399 1289 2489 1346 οὖν
2554 1290 2669 1354 ἑνος
2727 1290 2964 1369 γενέσθαι
3019 1293 3241 1368 βαθμοῦ,
3302 1292 3386 1349 διὰ
3440 1293 3535 1360 τὴν
3609 1293 3876 1369 ἔνσαρκον

2216 1380 2424 1453 ἕνωσιν,
2481 1379 2569 1438 καὶ
2623 1384 2953 1460 συγχυθῆναι
3009 1383 3145 1440 κατὰ
3201 1381 3534 1462 μελίκρατον.
3575 1389 3707 1448 Πῶς
3733 1383 3873 1460 τάξις

2218 1468 2539 1544 Σωζομένων
2595 1467 2938 1526 ἆδιαπτώτων
3007 1477 3113 1528 τῶν
3182 1472 3558 1552 ὑποστάσεωνς
3642 1474 3753 1527 Διᾶ
3825 1469 3877 1525 δὲ

2217 1559 2316 1624 τὴν
2382 1557 2522 1614 θείαν
2569 1558 2658 1615 καὶ
2716 1559 3027 1637 σωτηριώδη
3097 1560 3278 1638 φωνὴν
3332 1567 3427 1617 τοῦ
3499 1561 3722 1640 Κυρίου,
3796 1567 3881 1618 καὶ

495 1648 770 1702 maneant
790 1639 1035 1731 integra;
1053 1638 1104 1731 ‘3)
1137 1639 1255 1731 sed_
1265 1647 1504 1731 propter
1519 1637 1777 1731 divinam
1809 1659 1878 1702 ac
1909 1639 2130 1731 saluta-

2229 1655 2350 1706 Βεοῦ
2403 1649 2490 1704 καὶ
2555 1653 2804 1727 Σωτῆρος
2873 1651 3029 1724 ἡμῶν
3100 1649 3276 1717 Ἰησοῦ
3331 1637 3585 1731 Χριστοῦ,
3642 1659 3746 1708 τοῦ
3802 1653 3879 1705 εἰ·

492 1748 619 1792 rem
638 1747 842 1791 vocem
871 1729 1126 1806 Domini,
1155 1728 1352 1806 etDei,
1379 1737 1436 1791 et
1456 1729 1770 1791 servatoris
1790 1729 1976 1792 nostri
1996 1730 2137 1792 Jesu

493 1819 740 1894 Christi,
760 1818 1100 1899 quidixitad
1124 1817 1660 1899 discipulosipsum
1675 1819 2132 1898 interrogantes,

495 1909 782 1971 liceretne
813 1908 1038 1970 homini
1066 1907 1360 1970 divertere
1391 1908 1463 1969 ab
1517 1927 1698 1970 uxore
1742 1927 1869 1982 sua,
1901 1907 2138 1969 disertis

492 1997 689 2060 verbis
713 1997 835 2059 haec
858 1997 1271 2078 subjungendo
1297 2017 1310 2057 :
1336 1996 1463 2059 Non
1486 1997 1730 2078 legistis,
1779 2015 1912 2059 eum
1938 1996 2038 2078 qui
2065 1995 2138 2058 ab

495 2092 665 2154 initio
689 2109 785 2154 res
807 2091 1090 2165 condidit,
1120 2109 1343 2153 marem
1363 2091 1710 2154 etfeminam
1726 2089 1885 2170 ipsos
1900 2090 2136 2153 fecisse:

497 2201 612 2263 qua
641 2180 716 2243 de
747 2198 922 2242 causa
943 2180 1236 2262 relinquet
1268 2181 1448 2242 homo
1473 2188 1697 2261 patrem
1720 2198 1892 2242 suum
1915 2188 1973 2241 et
2011 2198 2137 2241 ma-

497 2281 674 2354 trem,
697 2281 755 2334 et
777 2270 1233 2351 agglutinabitur
1263 2269 1431 2332 uxori
1462 2289 1604 2332 suae.
1634 2270 1702 2331 Et
1727 2277 1902 2331 erunt
1932 2269 1991 2330 hi
2024 2269 2139 2330 duo

497 2365 557 2425 in
581 2381 818 2425 carnem
843 2380 1044 2424 unam.
1074 2360 1268 2434 Quare
1292 2379 1409 2422 non
1433 2360 1686 2440 amplius
1718 2360 1835 2422 duo
1867 2367 2005 2420 sunt
2033 2359 2140 2421 sed

496 2471 616 2516 una
642 2470 775 2514 caro
805 2471 817 2511 :
847 2459 1088 2532 propter
1109 2451 1264 2513 hanc
1285 2467 1426 2530 ergo
1448 2467 1651 2511 vocem
1678 2448 1924 2511 credere
1957 2467 2063 2510 nos
2086 2456 2143 2509 et

499 2540 980 2614 confiteri,unum
997 2538 1423 2620 propemodum
1450 2538 1788 2600 unaminem
1810 2537 2138 2617 hominem,

501 2632 603 2711 qui
634 2629 862 2691 duabus
889 2629 950 2690 in
982 2628 1254 2708 personis
1294 2627 1578 2702 cernitur,
1634 2647 1741 2708 pro
1793 2627 2142 2707 conjugibus

500 2717 862 2781 matrimonii
878 2735 1054 2780 causa
1070 2716 1301 2779 haberi.
1339 2715 1455 2779 Sed
1474 2715 1632 2778 enim
1653 2715 2133 2796 permittendum,

497 2817 563 2870 ut
577 2809 736 2870 rivus
749 2807 1032 2871 orationis
1044 2806 1218 2868 etiam
1237 2805 1310 2867 ad
1327 2805 1485 2867 aliud
1505 2804 1788 2885 quiddam
1806 2815 2142 2886 opportune

498 2905 719 2963 currat.

578 2986 880 3068 Unigeniti
921 2985 1056 3049 Filii
1096 2985 1206 3048 Dei
1245 2983 1843 3066 incomprehensibils
1870 3003 2008 3064 erga
2039 3003 2145 3047 nos

502 3076 814 3149 demissio,
838 3083 897 3138 et
917 3076 1129 3157 pignus
1153 3073 1355 3137 salutis
1375 3073 1617 3137 humani
1640 3073 2044 3152 generis,cum
2078 3093 2147 3136 ex

498 3166 631 3230 aliis
653 3164 853 3228 multis
876 3165 1168 3247 mysteriis
1185 3163 1618 3244 magniticatur,
1653 3172 1772 3228 tum
1815 3165 1992 3226 etiam
2028 3183 2148 3226 non

500 3275 704 3338 parum
731 3255 1094 3335 glorificatur
1109 3273 1180 3316 ex
1195 3251 1614 3316 benedictione
1637 3252 2142 3334 nuptiali.Qnippe

499 3365 633 3408 cum
657 3344 910 3407 obnoxia
932 3351 1173 3425 peccato
1197 3342 1542 3424 conjunctio
1563 3343 1622 3404 in
1671 3344 2007 3406 universam
2040 3344 2142 3404 ho-

499 3437 726 3500 minum
759 3453 1013 3499 massam
1046 3433 1253 3495 fuisset
1282 3432 1482 3495 dedita
1512 3441 1646 3514 post
1671 3432 1948 3496 draconis
1977 3432 2139 3494 invi-

497 3526 683 3601 diam,
713 3533 770 3588 et
797 3523 1056 3587 mandati
1086 3523 1270 3585 divini
1300 3522 1856 3605 transgressionem,
1901 3523 2146 3604 jamque

501 3616 722 3678 malum
746 3614 892 3677 illud
912 3616 986 3677 ad
1009 3612 1128 3676 alia
1151 3613 1308 3677 mala
1320 3615 1544 3694 majora
1555 3613 1972 3696 processisset;
1993 3631 2151 3674 curae

500 3705 759 3785 benigno
783 3705 903 3767 Deo
921 3702 1030 3764 fuit
1053 3703 1428 3784 regeneratio
1452 3714 1650 3764 nostra
1681 3711 1738 3764 et
1765 3702 2145 3768 instauratio.

500 3797 703 3879 Itaque
715 3815 846 3857 cum
867 3795 1207 3875 unigenitus
1219 3795 1324 3858 Dei
1340 3795 1523 3858 Filius
1550 3796 1726 3857 homo
1748 3795 1933 3856 factus
1947 3795 2155 3857 fuisset

505 3887 692 3949 instar
719 3891 1009 3960 nostrum,
1045 3893 1287 3965 propter
1317 3902 1450 3959 nos,
1486 3892 1542 3946 et
1573 3902 1814 3945 omnem
1847 3883 2020 3945 aliam
2053 3884 2154 3946 ad-

506 3972 1006 4037 ministrationem
1027 3973 1106 4034 im
1113 3971 1450 4054 plesset,uti
1470 3991 1577 4034 nos
1595 3971 1938 4035 beatitatem
1957 3972 2152 4053 prisxi-

507 4083 643 4126 nam
675 4080 1139 4142 recuperamus:
1176 4062 1352 4125 etiam
1378 4061 1678 4143 nuptiisin
1720 4063 1877 4125 Cana
1905 4062 2158 4126 Galilaeae

505 4151 823 4215 celebratis
854 4149 1181 4232 benedixit,
1245 4159 1301 4213 et
1351 4169 1560 4232 aquam
1623 4150 2061 4232 deSperationis
2094 4151 2155 4212 in

507 4243 707 4304 vinum
741 4257 896 4302 verae
951 4239 1060 4302 Dei
1103 4239 1466 4321 cognitionis
1513 4241 1754 4301 mutavit
1790 4259 1805 4314 ;
1865 4240 2155 4304 certiores

509 4349 616 4414 per
649 4330 759 4392 hoc
789 4329 1050 4393 reddens
1076 4329 1371 4406 homines,
1405 4328 1562 4410 quod
1593 4328 1832 4391 feminae
1871 4349 1988 4392 non
2020 4349 2152 4393 am-

511 4419 664 4501 plius
718 4419 778 4480 in
809 4417 1119 4480 doloribus
1168 4417 1390 4480 liberos
1434 4417 1684 4499 pariant,
1739 4437 1849 4480 nec
1879 4421 1980 4500 qui
2011 4439 2153 4500 pro-

2219 1738 2410 1800 πόντος
2470 1738 2598 1817 πρὸς
2647 1739 2767 1802 τοὺς
2825 1738 3196 1818 ἐρωτήααντας
3277 1741 3433 1797 αὐτὸν
3497 1741 3777 1815 μαθητὰς,
3839 1741 3876 1794 εξ

2221 1824 2414 1892 ἔξεστιν
2483 1826 2740 1906 ἀνθρώπῳ
2803 1825 3061 1884 ἀπολῦσαι
3111 1831 3210 1896 τὴν
3259 1843 3486 1908 γυναῖκα
3541 1831 3732 1908 αὐτοῦ,
3794 1830 3881 1884 καὶ

2222 1915 2582 1994 ἐπαγαγόντος
2641 1923 2804 1973 ταῦτα
2871 1917 3047 1994 ῥητῶς
3081 1935 3095 1949 ⁶
3178 1921 3285 1976 Οῦκ
3353 1921 3646 1998 ἀνέγνωτε,
3711 1919 3795 1975 ὅτι
3853 1919 3878 1971 ὁ

2223 2007 2453 2075 ποιήσας
2483 2006 2761 2086 ἀπαρχῆς,
2818 2005 2972 2085 ἄρσεν
3031 2008 3117 2062 καὶ
3157 2007 3290 2076 θῆλυ
3345 2007 3592 2086 ἐποίησεν
3665 2009 3873 2070 ανδ-τού(

2219 2096 2305 2151 καὶ
2362 2094 2538 2151 ἕνεκεν
2595 2095 2782 2152 τούτου
2838 2093 3144 2171 καταλείψει
3201 2095 3465 2175 ἄνθρωπος
3520 2100 3615 2154 τὸν
3679 2097 3879 2174 πατέρα

2219 2187 2347 2243 αὐτο
2430 2186 2519 2241 καὶ
2585 2183 2682 2251 τὴν
2740 2184 2967 2266 μητέρα,
3038 2185 3125 2242 καὶ
3181 2186 3716 2266 προσιολληθήσεται
3815 2191 3877 2260 τῇ

2222 2275 2428 2352 γυναικὶ
2469 2275 2625 2330 αὒτοῦ
2653 2288 2666 2302 ⁶
2716 2274 2802 2330 καὶ
2856 2272 3061 2330 ἔσονται
3105 2277 3150 2330 οἱ
3205 2273 3293 2332 δύο
3349 2277 3421 2339 εἷς
3472 2276 3648 2354 σάρκα
3700 2277 3825 2352 μίαν
3860 2290 3873 2302 ’

2223 2364 2358 2421 ὥστε
2389 2364 2559 2422 οῦκέτι
2595 2364 2692 2419 εἶσὶ
2717 2362 2826 2438 δύο,
2860 2361 2996 2419 ἀλλὰ
3049 2363 3172 2442 σὰρξ
3203 2365 3298 2440 μία
3333 2366 3371 2397 ’Ἴ
3401 2367 3673 2423 πιστεύειν
3703 2369 3872 2440 ἡμᾶς,

2223 2454 2310 2510 καὶ
2340 2451 2654 2532 ὁμολογεῖν,
2683 2451 2772 2508 ἕνα
2811 2449 3004 2532 σχεδὸν
3047 2455 3328 2534 ὁμόψυχον
3355 2455 3631 2534 ἄνθρωπον
3668 2456 3724 2511 ἐν
3771 2454 3874 2511 δυέ

2224 2543 2582 2621 θεωρούμενον
2623 2541 2992 2620 ὑποστάσεσιν,
3025 2543 3309 2621 ὁμοζύγους
3338 2542 3423 2598 διὰ
3448 2545 3539 2600 τὸν
3569 2545 3752 2621 γάμον
3783 2544 3878 2600 λο-

2224 2631 2472 2710 γίζεσθαι.
2508 2629 2675 2687 Ἀλλὰ
2703 2628 2878 2687 δοτέον
2900 2629 3221 2710 ἀναδραμεῖν
3263 2639 3354 2689 τοῦ
3395 2631 3555 2712 λόγου
3582 2636 3685 2690 τὸν
3715 2635 3878 2712 ῥύακα

2224 2721 2312 2775 καὶ
2338 2719 2467 2798 πρὸς
2497 2718 2673 2798 ἕτερον
2697 2719 2916 2800 καίριον.

2311 2978 2373 3044 Ἦ
2441 2995 2533 3044 τοῦ
2589 3009 2903 3066 μονογενους
2988 2990 3108 3049 Υίοῦ
3174 2995 3266 3046 τοῦ
3328 2996 3457 3046 Θεοῦ
3528 2993 3667 3070 πρὸς
3739 2994 3877 3066 ἡμᾶς

2228 3075 2605 3144 ἀκατάληπτος
2672 3075 3079 3156 συγκατάϐασις,
3167 3081 3254 3136 καὶ
3324 3080 3385 3136 τὸ
3441 3079 3538 3146 τῆς
3610 3083 3878 3160 σωτηρίας

2228 3176 2321 3226 τοῦ
2369 3167 2552 3245 γένους
2619 3173 2724 3222 τῶν
2794 3167 3080 3246 ἀνθρώπων
3151 3169 3434 3249 ἐχέγγυον,
3524 3169 3877 3248 μεγαλύνεται

2229 3256 2327 3331 μὲν
2356 3254 2450 3312 καὶ
2481 3255 2532 3322 ἐξ
2574 3253 2748 3312 ἄλλων
2799 3260 3095 3336 μυστηρίων
3150 3257 3385 3332 πολλῶν,
3459 3263 3563 3338 οὐχ
3612 3260 3786 3326 ἧττον
3830 3256 3876 3312 δὲ

2225 3347 2312 3401 καὶ
2369 3345 2428 3402 ἐκ
2481 3351 2580 3412 τῆς
2637 3351 2872 3424 γαμικῆς
2917 3345 3206 3427 ἱερολογίας
3264 3346 3553 3420 δοξάζεται.
3614 3354 3732 3414 Τῆς

2226 3435 2592 3514 ἁμαρτητικῆς
2661 3436 2937 3514 συναφείας
3015 3433 3334 3504 διαδοθείσης
3398 3439 3472 3500 εἷς
3545 3437 3698 3492 ἅπαν
3784 3441 3882 3490 τῶν

2230 3525 2515 3604 ἀνθρώπων
2582 3525 2644 3580 τὸ
2690 3523 2921 3604 φύραμα,
2965 3526 3100 3600 μετὰ
3153 3527 3243 3582 τὸν
3295 3527 3481 3606 φθόνον
3528 3532 3620 3581 τοῦ
3654 3523 3882 3603 δράκον-

2231 3635 2346 3693 τος,
2401 3613 2488 3669 καὶ
2544 3617 2642 3680 τῆς
2699 3610 2918 3680 ἐντολῆς
2972 3620 3066 3670 τοῦ
3121 3621 3250 3670 Θεοῦ
3290 3615 3388 3681 τὴν
3439 3611 3774 3691 παράϐασιν,
3805 3615 3883 3668 καὶ

2234 3707 2326 3757 τοῦ
2378 3694 2553 3756 κακοῦ⁸
2625 3699 2755 3778 πρὸς
2828 3699 2979 3778 ἕτερα
3052 3702 3186 3756 κακὰ
3242 3703 3709 3780 προχωρήσαντος
3771 3701 3882 3776 μεί-

2235 3796 2380 3861 ζονα,
2410 3788 2638 3866 ἐμέλησε
2695 3793 2772 3865 τῷ
2801 3788 3150 3870 φιλανθρώπῳ
3193 3798 3306 3866 Θεῴ
3333 3796 3431 3858 τῆς
3484 3792 3640 3866 ἡμῶν
3676 3791 3880 3865 παλιγ-

2233 3879 2468 3956 γενεσίας
2539 3881 2627 3935 καὶ
2703 3879 3071 3943 ἀναπλάσεως.
3153 3881 3389 3959 Γεγονὼς
3440 3882 3610 3936 τοίνυν
3695 3881 3883 3957 ἄνθρω-

2236 3989 2336 4030 πος
2384 3968 2499 4026 καθ’
2529 3971 2692 4046 ἡμᾶς,
2729 3967 2796 4025 δι’
2826 3971 2968 4044 ἡμᾶς
2998 3971 3026 4025 6
3057 3973 3348 4048 μονογενὴς
3403 3971 3519 4032 Υἱὸς
3579 3979 3678 4028 τοῦ
3740 3977 3881 4030 Θεσῖι,

2237 4064 2325 4118 καὶ
2353 4069 2526 4121 πᾶσαν
2585 4059 2752 4126 ἄλλην
2808 4060 3097 4138 πληρώσας
3159 4061 3480 4136 οἰκονομίαν,
3553 4061 3645 4116 ἵνα
3728 4063 3888 4137 ἡμεῖς

2235 4153 2336 4219 τὴν
2388 4152 2614 4232 ἀρχαίαν
2674 4151 3038 4230 μακαριότητα
3094 4150 3362 4227 λάϐωμεν,
3406 4151 3493 4205 καὶ
3547 4152 3640 4206 τὸν
3672 4151 3739 4207 ἐν
3787 4161 3888 4208 Κα-

2237 4247 2301 4296 νᾶ
2330 4242 2426 4307 τῆς
2457 4239 2738 4304 Γαλιλαίας
2795 4241 2964 4318 γάμον
3008 4239 3299 4318 ηὒλόγησε,
3344 4241 3432 4296 καὶ
3485 4241 3544 4294 τὸ
3602 4237 3756 4318 ὕδωρ
3804 4244 3889 4304 τῆς

2237 4329 2590 4408 ἀπογνώσεως
2623 4329 2694 4392 εὶς
2726 4329 2875 4386 οἶνον
2905 4327 3128 4396 ἀληθοῦς
3179 4330 3494 4406 θεογνωσίας
3536 4326 3843 4402 μετέϐαλεν
3873 4343 3886 4355 °

2237 4419 2469 4475 ἐντεῦθεν
2498 4418 2848 4499 πληροφορῶν
2905 4419 2965 4474 τὸ
3021 4418 3364 4497 ἀνθρώπινον,
3422 4419 3494 4481 ὣς
3549 4415 3738 4472 obus-:1.
3800 4441 3892 4494 γυ-

508 4515 790 4571 creantur
845 4525 915 4570 ex
986 4507 1364 4588 c0pulatione
1416 4506 1849 4570 matrimoniali
1906 4509 2142 4590 amplius

2243 4521 2423 4572 ναῖκες
2454 4509 2508 4565 ἓν
2551 4507 2746 4574 λυπαϊς
2803 4506 2960 4564 τέκνα
3015 4509 3376 4587 γεννήσουσιν,
3436 4503 3549 4561 οὐδὲ
3613 4504 3674 4560 ἐκ
3725 4531 3893 4584 γαμι-

511 4595 762 4680 pristino
795 4615 960 4660 more
990 4595 1215 4678 dicant,
1247 4599 1311 4660 ln
1337 4596 1600 4678 peccatis
1622 4597 1896 4678 concepit
1917 4617 2012 4660 me
2042 4617 2142 4660 mai

2238 4603 2339 4663 κῆς
2397 4599 2672 4677 συναφείας
2741 4596 3060 4672 τικτόμενοι,
3139 4597 3273 4653 κατᾶ
3345 4597 3404 4650 τὸ
3476 4596 3745 4676 πρότερον
3827 4595 3897 4650 εἴ-

510 4696 603 4750 ter
635 4705 764 4748 mea
791 4705 804 4750 :
841 4686 946 4749 sed
978 4687 1085 4750 Dei
1109 4695 1402 4769 praecepta
1419 4695 1741 4768 servantes,
1766 4687 2142 4768 quemadmo-

2239 4709 2411 4762 ποιεν,
2447 4684 2535 4744 Ἐν
2563 4687 2839 4766 ἁμαρτίαις
2871 4684 3113 4752 ἐκίσσησέ
3143 4705 3207 4761 με
3239 4687 3273 4753 ἡ
3317 4686 3496 4762 μήτηρ
3549 4708 3657 4759 μου
3692 4701 3713 4715 °
3771 4684 3894 4741 em

511 4778 652 4840 dum
690 4776 916 4857 primus
962 4776 1062 4838 ille
1106 4793 1322 4858 parens
1368 4784 1570 4838 noster
1622 4795 1690 4838 ea
1742 4777 1992 4839 servavit
2023 4785 2142 4840 ante

2239 4779 2567 4854 τηρήσαντες
2609 4776 2704 4839 τὰς
2748 4774 2960 4834 ἐντολὰς
3002 4781 3093 4831 τοῦ
3150 4779 3303 4846 Θεοῦ,
3363 4775 3533 4836 καθὼς
3590 4776 3621 4829 6
3677 4778 3891 4854 προπάο

515 4866 1078 4946 transgressionem,
1137 4865 1414 4928 eumdem
1467 4865 1754 4928 honorem
1804 4873 1862 4927 et
1909 4865 2142 4943 glorian

2242 4888 2348 4945 τωρ
2393 4867 2551 4931 αὐτὰς
2583 4865 2808 4944 ἐτήρησε
2863 4866 2964 4940 πρὸ
3006 4869 3104 4930 τῆς
3161 4861 3532 4942 παραϐάσεως,
3576 4868 3678 4928 τῆς
3733 4866 3892 4928 αὐτῆς

516 4965 978 5038 consequantur,
1012 4972 1128 5036 qua
1154 4954 1374 5018 fuerint
1423 4955 1614 5016 ornati
1661 4955 1836 5036 primi
1887 4964 2142 5036 parente:

2242 4961 2405 5031 τιμῆς
2436 4955 2532 5012 καί
2561 4953 2714 5022 δόξης
2742 4955 3144 5028 ἀξιωθήσονται,
3197 4951 3318 5017 θ’ίας
3349 4955 3448 5030 πρὸ
3478 4953 3575 5017 τῆς
3607 4955 3894 5030 παρακοῆς

517 5053 655 5108 ante
683 5043 1179 5107 inobedientiam.
1355 5038 1368 5053 '

599 5133 958 5199 Honorabile
989 5151 1245 5214 namque
1273 5130 1714 5195 matrimonium
1751 5141 1860 5210 est,
1894 5140 1953 5196 et
1973 5133 2160 5195 lectus

516 5224 886 5307 impollutus,
919 5223 1022 5305 qui
1070 5223 1320 5286 salutem
1370 5222 1637 5303 largitur.
1699 5221 1839 5296 Quae
1890 5242 2023 5285 cum
2083 5222 2163 5284 ita

518 5315 663 5392 sint,
699 5321 756 5378 et
785 5331 919 5376 cum
951 5312 1166 5376 tabulae
1195 5309 1476 5374 divinitus
1517 5311 1754 5394 scriptae
1783 5311 2001 5390 dicant,
2034 5310 2162 5374 Non

519 5401 876 5484 ingredieris
907 5401 982 5465 ad
1013 5400 1282 5483 quemvis
1309 5400 1715 5463 necessarium
1773 5402 1966 5462 carnis
2025 5407 2159 5478 tum,

518 5501 583 5556 ut
611 5490 838 5554 reveles
873 5489 1161 5573 pudorem
1188 5489 1354 5570 ejus:
1394 5508 1529 5552 cum
1561 5488 1790 5570 primus
1817 5488 1918 5552 ille
1948 5506 2165 5570 parens

523 5593 726 5644 noster
753 5579 893 5644 alibi
922 5577 1328 5660 responderit,
1354 5579 1484 5642 Jam
1517 5577 1702 5658 magis
1731 5596 1878 5641 uxor
1908 5595 2044 5642 mea
2076 5586 2164 5641 est

2245 5049 2292 5102 οἱ
2336 5045 2688 5126 προπάτορες.

2326 5136 2506 5212 Τίμιος
2538 5135 2635 5214 γὰρ
2665 5137 2693 5191 6
2723 5135 2916 5213 γάμος,
2950 5135 3036 5190 καὶ
3063 5135 3098 5202 ἡ
3158 5132 3310 5197 κοίτη
3366 5129 3646 5205 ἀμίαντος,
3705 5153 3895 5198 σωτηο

2244 5224 2356 5304 ρίαν
2411 5222 2874 5302 φιλοτιμούμενος.
2950 5223 3160 5281 Τούτων
3239 5220 3403 5282 οὕτως
3472 5217 3751 5299 ἑχόντων³
3819 5222 3896 5275 καὶ

2245 5319 2351 5370 τῶν
2405 5313 2706 5394 θεογράφων
2779 5311 2998 5368 πλακῶν
3066 5310 3334 5388 λεγουσῶν
3366 5321 3382 5339 ⁸
3453 5308 3560 5366 Οὐκ
3617 5308 3893 5382 εἰσελεύσῃ

2247 5403 2376 5481 πρὸς
2405 5401 2576 5458 πάντα
2633 5401 2835 5458 οἰκεῖον
2891 5400 3083 5479 σαρκός
3136 5420 3231 5457 σου
3285 5394 3625 5472 ἀποκαλύψαι
3705 5399 3894 5478 αἰσχύ-

2245 5512 2343 5558 νην
2400 5493 2556 5550 αὒτοῦ
2584 5509 2598 5525 ο
2643 5491 2733 5547 καὶ
2780 5497 2872 5546 τοῦ
2928 5488 3256 5569 προπάτορος
3311 5486 3737 5566 ἀποκρινομένου
3783 5486 3891 5544 ἐτί-

2246 5581 2430 5656 ρωθεν.
2490 5587 2593 5638 Νῦν
2661 5578 2748 5635 καὶ
2793 5577 2994 5654 μᾶλλον
3047 5579 3082 5647 ἡ
3139 5577 3271 5656 γυνή
3301 5597 3404 5651 μου
3461 5575 3651 5631 ὀστοῦν
3695 5576 3758 5632 ἐκ
