4074 6212
254 341 410 408 1209
1585 337 1907 402 GR/ECO-l

1997 339 2302 404 MANUM.
3468 327 3625 393 i‘ZlO

248 477 420 534 ὀστων
451 477 554 553 μού
604 476 746 533 ἐστιν
805 477 894 532 καὶ
964 475 1090 555 σαρξ
1131 475 1184 542 ἐξ
1235 481 1334 543 τῆς
1392 475 1584 554 σαρκός
1641 494 1742 549 μου
1775 487 1790 502 ⁵
1838 472 1898 528 οὐ

1993 488 2046 532 >ε
2071 489 2142 533 ex
2164 471 2396 534 ossibus
2418 471 2594 548 meis,
2615 479 2673 534 et
2690 488 2826 534 caro
2849 487 2918 532 ex
2943 487 3122 532 carne
3148 485 3311 529 mea:
3343 463 3622 555 equidem

250 564 435 642 τολμῶ
458 565 580 629 τοὺς
623 564 912 644 ὃμοζύγους
970 554 1140 621 εἰπεῖν
1195 561 1364 631 ἄλλης
1421 563 1508 620 καὶ
1549 560 1720 629 ἄλλης
1764 559 1905 617 εἶναι

1993 561 2187 622 dicere
2218 580 2336 623 non
2357 561 2860 642 audeo,conjuges
2885 558 3135 622 alterius
3148 565 3205 620 et
3227 554 3474 618 alterius
3494 567 3626 644 esse

157 719 166 726 ,
251 639 468 736 σαρκὸς,
527 655 626 712 κᾶν
658 639 745 710 γὲν
802 639 947 714 δυσὶν
1009 654 1360 714 ὐποστάσεσιν
1431 652 1616 715 αὐτοὺς
1674 655 1855 729 θεωρῶ
1885 663 1898 678 ·

1993 649 2200 727 carnis,
2213 649 2350 714 licet
2367 669 2468 714 eos
2490 639 2801 712 iniduabus
2821 648 3089 730 personis
3104 646 3298 709 video:
3318 661 3392 706 ne
3414 639 3623 703 merito

256 743 349 801 ἵνα
408 745 486 820 μὴ
555 741 770 809 δικαίως
836 746 1135 822 κατακριθῶ
1216 741 1352 799 κατᾶ
1418 742 1538 806 τοὺς
1595 740 1904 801 ἆθετοῦντας

258 833 549 914 ἐγγράφους
637 834 724 889 καὶ
804 831 1070 913 ἀγράφους
1148 829 1488 911 παραδόσεις,
1560 835 1666 886 τῶν
1739 828 1902 907 ἁγίων

258 918 593 989 Ἐκκλησιῶν
643 922 732 978 καὶ
783 925 882 990 τῆς
957 921 1221 1000 σωτηρίας
1279 921 1433 994 ἡμῶν
1500 920 1561 975 τὸ
1619 917 1900 999 ἐχέγγυον.

263 1010 610 1089 Διαγινώσκω
650 1007 706 1066 δὲ
771 1008 974 1086 μᾶλλον
1031 1009 1153 1085 μίαν
1201 1009 1368 1088 σάρκα
1423 1007 1633 1072 τούτους
1691 1005 1902 1084 λογίζε-

258 1101 403 1172 σθαι,
433 1101 521 1156 καὶ
569 1111 687 1162 τοῖς
755 1097 940 1162 αὖτοϊς
994 1098 1444 1179 στενοχωρεῖσθαι
1487 1099 1577 1154 τὸν
1631 1094 1788 1173 ἄνδρα
1820 1117 1906 1152 νο-

257 1201 442 1264 μικοῖς
484 1189 572 1244 καὶ
619 1201 923 1251 κανονικοϊς
979 1186 1439 1268 παραγγέλμασιν,
1501 1185 1624 1243 ὅσον
1666 1184 1798 1248 τέως
1831 1184 1903 1247 είς

259 1279 541 1358 συνάφειαν
565 1277 824 1356 γαμικὴν,
887 1280 973 1341 οἷς
1031 1277 1118 1333 καὶ
1172 1279 1208 1345 ἡ
1258 1277 1442 1333 τούτου
1487 1286 1903 1354 στενοχωρεϊται

1988 739 2354 801 condemner
2397 739 2635 800 illorum
2689 756 2874 812 more,
2935 736 3037 818 qui
3094 734 3343 816 scriptas
3394 738 3451 792 et
3508 746 3626 788 non

1986 827 2238 903 scriptas
2293 827 2642 889 traditiones
2684 826 3025 908 reprobant,
3088 843 3219 906 qua:
3290 827 3623 884 sanctarum

1983 919 2383 982 Ecclesiarum
2433 928 2490 983 et
2529 919 2734 981 salutis
2780 927 2990 979 nostra;
3036 916 3244 998 pignus
3292 920 3449 975 sunt.
3498 909 3623 971 Imo

1987 1011 2182 1090 potius
2212 1017 2423 1090 statuo,
2454 1028 2557 1089 pro
2589 1028 2706 1071 una
2745 1026 2922 1069 carne
2963 1005 3287 1076 ducendos,
3324 1009 3379 1062 et
3410 998 3620 1090 iisdem

1987 1086 2894 1177 constringimaritumlegalibus
2909 1104 2963 1157 et
2978 1093 3276 1156 canonicis
3290 1086 3624 1172 praeceptis,

1987 1188 2517 1268 quantumscilicet
2532 1187 2968 1269 copulationem
2990 1179 3482 1269 matrimonialem
3500 1177 3630 1238 atti-

1991 1284 2114 1348 net,
2165 1276 2379 1358 quibus
2419 1286 2477 1338 et
2509 1268 2723 1356 conjux
2764 1277 2893 1356 ejus
2942 1273 3265 1336 includitur
3300 1291 3312 1332 :
3347 1268 3626 1346 idemque

259 1367 516 1446 ὁμόζυγος
552 1383 567 1398 ⁸
641 1366 820 1446 ὥσπερ
875 1367 964 1422 καὶ
1005 1367 1067 1422 τὸ
1124 1364 1407 1425 ἀνάπαλιν.
1469 1365 1565 1422 Καὶ
1607 1361 1691 1419 διὰ
1751 1371 1907 1420 τοῦτο

1993 1365 2116 1426 vice
2136 1383 2303 1427 versa
2326 1365 2518 1427 locum
2545 1366 2789 1427 habere.
2820 1365 3009 1445 Atque
3049 1363 3162 1424 hac
3201 1359 3277 1420 de
3301 1374 3478 1446 causa
3509 1372 3626 1414 non

260 1447 339 1535 μὴ
381 1443 622 1535 δύνασθαι
694 1443 1154 1535 τὸνλΔημήτριον
1213 1448 1286 1510 εἰς
1353 1458 1581 1523 γυνατκα
1626 1443 1726 1511 τὴν
1770 1449 1906 1498 Geo-

1993 1473 2162 1535 posse
2183 1453 2550 1517 Demetrium
2583 1455 2642 1516 in
2674 1443 2927 1516 uxorem
2966 1452 3186 1513 ducere
3220 1445 3622 1535 Theodoram,

255 1533 424 1615 δώραν
523 1534 735 1615 λαϐεῖν,
822 1534 1174 1614 λογιζομένην
1285 1531 1654 1614 δισεξαδέλφην
1723 1530 1901 1603 αὖτοῦ,

1993 1530 2118 1624 quae
2154 1563 2258 1625 pro
2287 1544 2527 1606 sobrina
2565 1545 2693 1624 ejus
2724 1543 2992 1616 habetur,
3043 1547 3284 1621 propter
3316 1533 3625 1625 matrimo-

258 1621 344 1681 διὰ
369 1625 466 1691 τὴν
499 1625 634 1700 μετᾶ
675 1629 773 1692 τῆς
817 1625 1019 1703 Μαρίας
1075 1623 1312 1703 γαμικὴν
1365 1623 1547 1685 τούτος
1603 1619 1899 1699 συναφειαν.

1993 1619 2208 1694 nialem
2227 1631 2416 1714 ipsius
2440 1652 2575 1694 cum
2596 1619 2786 1694 Maria
2804 1619 3630 1711 conjunctionem.Assentior

260 1710 626 1794 Ἀποδέχομαι
683 1711 739 1769 δὲ
807 1715 894 1770 καὶ
976 1716 1099 1776 τοὺς
1174 1711 1476 1774 κωλυοντας
1545 1711 1606 1766 τὸ
1675 1718 1907 1767 τοιοῦτον

1993 1719 2165 1780 etiam
2199 1710 2295 1795 iis,
2319 1720 2418 1801 qui
2438 1710 2930 1781 matrimonialeni
2953 1715 3625 1798 ejusmodicontractum

259 1805 487 1881 γαμικὸν
513 1812 606 1862 τοῦ
653 1803 957 1881 Δημητρίου
999 1800 1342 1878 συνάλλαγμα
1399 1799 1483 1856 διὰ
1549 1799 1672 1861 τοὺς
1715 1797 1907 1872 νόμους

257 1893 378 1955 τοὺς
408 1891 686 1972 λέγοντας,
716 1891 768 1948 ἐν
815 1903 936 1954 τοϊς
979 1891 1173 1969 γάμοις
1223 1892 1282 1947 οὐ
1309 1889 1470 1966 μόνον
1516 1890 1576 1945 τὸ
1607 1885 1904 1969 ἐφειμένον,

260 1979 398 2037 ἀλλὰ
467 1982 556 2037 καὶ
613 1983 671 2037 τὸ
729 1979 984 2060 εὖπρεπὲς
1061 1979 1318 2051 ζητητέον
1353 1994 1368 2009 ⁸
1445 1983 1684 2035 κατανῶν
1738 1975 1906 2055 ἀπρε-

258 2069 520 2126 πέστατον
575 2069 742 2139 εὖναι,
813 2070 902 2125 τὸν
961 2067 1124 2149 μέχρι
1177 2077 1272 2127 τοῦ
1314 2076 1400 2127 νῦν
1472 2063 1711 2145 γαμϐρὸν
1765 2066 1907 2143 παρὰ

257 2163 357 2225 τῆς
442 2155 811 2238 διπξαρέλφης
863 2156 1175 2236 λεγόμενον,
1238 2156 1500 2234 ὁμόζυγον
1556 2158 1721 2221 αὐτῆς
1777 2154 1904 2210 ὀνο-

259 2247 538 2328 μάζεαβαι,
601 2229 732 2305 νοτ(
763 2245 818 2303 δὲ
861 2229 1131 2328 χρωμένω
1161 2229 1385 2328 ’ῥήμασί
1421 2229 1586 2308 ’τινες
1634 2250 1726 2299 τοῦ
1773 2243 1908 2298 κατὰ

258 2335 358 2403 τὴν
389 2325 443 2391 λ’
482 2342 574 2394 τοῦ
617 2334 832 2394 Ἰουλίου
863 2325 1054 2412 μηνὸς,
1089 2344 1186 2408 τῆς
1242 2325 1315 2412 ιβ’
1361 2335 1747 2412 ὲπινεμήσεως,
1779 2353 1907 2388 συν-

261 2423 440 2482 οδικοῦ
499 2425 900 2504 σημειώματος,
960 2431 1052 2480 τοῦ
1107 2426 1204 2500 μὲν
1263 2423 1556 2502 ἁγιωτάτου
1588 2431 1744 2501 κυροῦ
1772 2429 1907 2478 Θεο-

265 2511 438 2571 δοσίου
476 2513 981 2594 πατριαρχεύοντος,
1053 2514 1207 2589 ἡμῶν
1264 2511 1318 2568 δὲ
1373 2519 1464 2569 τοῦ
1504 2509 1908 2592 χαρτοφύλακος

264 2603 614 2682 ἐνεργούντων
692 2603 916 2682 ὀφίκιον,
1001 2603 1090 2659 καὶ
1184 2602 1301 2680 περὶ
1371 2603 1431 2656 τὸ
1510 2599 1660 2663 τέλος
1744 2609 1907 2658 ταῦτα

264 2689 558 2756 διεξιοῦσιν.
616 2714 644 2746 ι
675 2690 824 2749 Ἐπεὶ
877 2690 977 2769 γὰρ
1033 2691 1068 2758 ἡ
1127 2690 1261 2765 μετὰ
1303 2687 1547 2749 Ἰωάννου
1600 2686 1906 2745 τελεσθεῖσα

265 2783 522 2856 μνησιεία
579 2783 652 2845 ὡς
735 2779 1093 2843 ἀνυπόστατος
1171 2777 1406 2855 λέλυται,
1476 2778 1561 2837 διὰ
1638 2778 1737 2846 τὴν
1804 2783 1904 2843 τῆς

265 2872 494 2950 Εἰρήνης
596 2867 926 2949 ἆνηῦότητα,
1010 2867 1186 2934 καλῶς
1270 2870 1305 2937 ἡ
1391 2870 1587 2948 Εἰρήνη
1685 2865 1905 2946 δευτέρῳ

264 2958 528 3040 έξαδέλφῳ
599 2959 755 3016 αὐτοῦ
857 2958 994 3016 κατὰ
1082 2960 1242 3034 νόμον
1354 2958 1526 3037 γάμου
1609 2955 1896 3036 συξευχθήα

1990 1808 2275 1871 Demetrii
2335 1811 2652 1891 prohibent
2693 1809 2888 1890 legum
2935 1807 3166 1869 ratione
3203 1803 3324 1884 (66)
3379 1815 3624 1891 quarum

1989 1897 2167 1960 verba
2191 1888 2356 1962 sunt}
2380 1898 2444 1961 In
2479 1899 2698 1980 nuptiis
2730 1888 2844 1960 non
2875 1897 3066 1959 solum
3097 1893 3238 1976 quid
3271 1888 3622 1980 permissum

1989 1988 2084 2063 sit,
2117 1989 2220 2050 sed
2237 1989 2410 2050 etiam
2434 1979 2576 2071 quid
2599 1993 2934 2060 honestum,
2958 1979 3452 2046 considerandum
3487 1984 3575 2036 cst
3610 1995 3622 2071 ξ

1989 2077 2127 2138 dum
2158 2063 2582 2153 animadverto,
2634 2075 3186 2139 inhonestissimum
3229 2087 3384 2142 esse,
3434 2076 3496 2126 ut
3527 2063 3626 2146 qui

1991 2166 2276 2228 hactenus
2305 2186 2339 2228 a
2369 2167 2610 2228 sobrina
2655 2176 2891 2230 vocatus
2938 2165 3120 2227 fuerit
3164 2159 3378 2228 afﬁnis,
3428 2163 3629 2236 postea

1991 2256 2205 2334 conjux
2231 2259 2358 2335 ejus
2383 2257 2732 2336 appelletur.
2781 2255 2850 2317 Et
2894 2255 3030 2335 quia
3086 2248 3353 2313 nonnulli
3392 2255 3628 2336 utentes

1991 2331 2185 2406 verbis
2227 2331 2436 2425 scripti
2461 2331 2781 2427 synodalis,
2817 2331 3096 2426 publicati
3125 2341 3222 2401 die
3251 2353 3368 2399 xxx
3409 2331 3630 2427 mensis

1988 2434 2149 2509 Julii,
2186 2421 2511 2496 indictione
2541 2421 2920 2514 duodecima,
2945 2450 3077 2495 cum
3113 2436 3270 2492 esset
3299 2421 3630 2514 patriarcha

1990 2523 2400 2585 sanctissimus
2415 2525 2518 2586 ille
2539 2524 2812 2586 dominus
2834 2511 3290 2593 Theodosius,et
3312 2532 3420 2577 nos
3437 2511 3628 2574 officio

1990 2613 2333 2674 chartularii
2367 2614 2773 2694 fungeremur,
2800 2632 2913 2693 quo
2933 2611 2992 2671 in
3019 2609 3238 2688 scripto
3266 2605 3423 2667 circa
3447 2601 3622 2694 finem

1991 2702 2115 2764 haec
2127 2703 2304 2764 verba
2322 2693 2624 2782 leguntur:
2652 2703 2968 2763 Cumcnim
2981 2697 3283 2762 celebrata
3296 2710 3430 2782 cum
3444 2693 3632 2752 Joan-

1988 2808 2063 2853 ne
2082 2781 2413 2872 sponsalia,
2444 2809 2550 2854 ceu
2585 2793 2839 2854 minime
2877 2792 3242 2864 con-stantia,
3283 2781 3626 2872 solvantur,

1984 2871 2226 2962 propter
2250 2890 2488 2944 (etatem
2513 2881 2708 2944 Ireno:
2730 2879 3101 2960 impuberem
3122 2893 3139 2937 :
3159 2880 3316 2936 recte
3337 2871 3514 2962 Irena
3537 2886 3630 2932 so-

1988 2959 2160 3032 brin
2175 2972 2288 3050 ipsi
2297 2971 2506 3050 uslege
2517 2959 2962 3050 matrimonia“
2981 2959 3630 3050 copula,bilur.Qtntipp‘e

265 3069 437 3108 σεται.
503 3045 632 3107 Οὔτε
702 3048 802 3128 γὰρ
883 3049 1194 3126 συγγενικὸν
1282 3046 1562 3126 πρόσωπον
1644 3046 1742 3113 τὴν
1813 3046 1904 3102 Εἱ-

1993 3068 2095 3112 nec
2114 3040 2222 3136 pro
2243 3040 2777 3136 persoiucagnuta
2807 3049 2856 3112 Τ
2855 3040 3152 3136 ὴθοάοῇιιδ
3176 3045 3417 3136 [renum
3440 3040 3625 3136 ducit,

267 3138 433 3217 ρήνην
491 3135 776 3215 λογίζεται,
835 3140 863 3194 ὁ
937 3135 1224 3217 Θεόδωρος,
1287 3134 1402 3192 οὕτε
1448 3135 1570 3198 τοῖς
1620 3134 1671 3200 ἐξ
1735 3133 1904 3213 ἀγχι-

1993 3148 2096 3192 nec
2114 3128 2436 3211 amamus
2455 3128 2712 3217 uinculis
2730 3128 3168 3217 alqtte_leg_z'litts
3189 3128 3632 3217 constringitur

267 3227 442 3306 στείας
473 3225 691 3302 δεσμοῖς
733 3229 820 3283 καὶ
849 3226 988 3306 ὅροις
1019 3225 1384 3306 συσφίγγεται,
1417 3221 1500 3279 διὰ
1528 3225 1587 3279 τὸ
1616 3219 1904 3303 ὑπερϐῆναι

267 3309 356 3364 τὸν
387 3305 438 3386 ἐξ
469 3307 776 3386 ὰγχιστείας
819 3305 973 3364 ἕκτσν
1015 3305 1240 3386 βαθμόν.
1292 3327 1316 3356 ιι

349 3380 593 3443 Θέλουσιν
648 3388 793 3463 ἡμᾶς
866 3380 1094 3460 σιωπᾷν,
1120 3380 1126 3381 ί
1155 3383 1270 3464 ἄρτι
1325 3384 1574 3440 τάναντία
1653 3380 1908 3460 διαγινώ-

267 3496 490 3537 σκοντας
522 3490 538 3506 ⁶
573 3477 779 3553 πρῶτον
837 3475 932 3551 μὲν
987 3473 1237 3552 λέγομεν,
1297 3473 1370 3534 ὡς
1429 3475 1456 3528 ὁ
1514 3472 1648 3529 κατὰ
1699 3471 1908 3548 καιροὺς

268 3560 605 3644 χαρτοφύλαξ
659 3563 830 3638 στόμα
885 3562 1268 3642 πατριαρχικὸν
1312 3559 1670 3641 λογιζομένος,
1726 3559 1911 3616 ἐκεῖνα

266 3651 409 3730 λέγει
453 3653 539 3708 καὶ
594 3651 800 3731 γράφει,
862 3650 960 3708 ὅσα
1027 3650 1310 3732 νεφελώσει
1361 3650 1455 3706 καὶ
1511 3648 1763 3706 ὑδατώσει
1811 3653 1910 3715 τῆς

269 3739 506 3820 κεφαλῆς
549 3741 584 3808 ἡ
627 3741 910 3820 ἀκρώρεια.
941 3740 1137 3799 Οὐκοῦν
1189 3737 1303 3796 οὐδὲ
1355 3739 1642 3800 αἰτιατέους
1686 3739 1722 3806 ἢ
1753 3737 1911 3793 ἐπαι-

270 3829 476 3893 νετέους
533 3827 793 3906 λογιεῖταί
863 3850 945 3894 τις
999 3831 1143 3904 ἡμᾶς
1205 3826 1734 3907 καλλιγραφήσαντας
1778 3825 1911 3887 ἴσως

268 3919 368 3986 τὴν
417 3923 682 3996 παροῦσαν
750 3916 1015 3992 ὑπόθεσιν,
1087 3916 1124 3985 ἢ
1195 3916 1492 3974 τούναντίον
1562 3916 1912 3995 κακογραφή-

267 4028 486 4070 σαντας.
545 4005 691 4063 Κατὰ
720 4006 843 4098 ..γὰρ
895 4008 986 4062 τὸν
1042 4007 1256 4086 Βαροὺχ
1334 4006 1910 4085 ὑπεγραμματεύσαμεν

266 4095 366 4153 ὅσα
435 4097 639 4173 θρηνῶν
721 4094 980 4174 Ἱερεμίας
1079 4094 1333 4174 ἐθρήνησε
1367 4110 1382 4124 ⁹
1471 4095 1559 4150 καί
1627 4095 1778 4151 κατὰ,
1820 4095 1911 4149 τὸν

267 4183 472 4264 Ἀαρὼν
546 4180 905 4259 ἐλαλήσαμεν,
980 4181 1078 4240 ὅσα
1153 4182 1328 4240 λαλῶν
1407 4181 1639 4250 ἐλάλησε
1685 4185 1908 4248 Μωσῆς.

1983 3205 2310 3351 ὒνῖριὲνεα
2325 3213 2478 3292 quod
2494 3221 2733 3274 sex/um
2755 3205 2837 3274 ei:
2855 3205 3156 3289 afﬁnitate
3171 3205 3427 3286 gradum
3451 3218 3626 3262 cxce-

2031 3309 2066 3351 α
2108 3340 2114 3346 .

2031 3309 2114 3351 ατ.

2074 3378 2174 3440 His
2206 3397 2344 3458 ergo
2381 3380 2575 3442 verbis
2617 3387 2872 3458 utentes,
2899 3388 3094 3438 tacere
3123 3391 3229 3434 nos
3267 3369 3491 3458 volunt,
3528 3366 3628 3447 qui

1984 3469 2108 3548 jam
2140 3456 2438 3533 contraria
2483 3456 3118 3546 statuimuszprimum
3167 3456 3626 3548 respondemus,

1995 3544 2280 3638 cujusque
2309 3557 2593 3639 temporis
2623 3544 3184 3631 chartularium,qui
3205 3567 3270 3609 os
3289 3544 3635 3639 patriarcha:

1995 3636 2125 3708 esse
2155 3636 2408 3721 ducitur,
2436 3636 2525 3709 'ea
2569 3656 2693 3708 tum
2747 3646 2969 3716 dicere,
3007 3649 3129 3703 tum
3181 3636 3465 3709 scribere,
3502 3652 3633 3712 qua:

1996 3738 2204 3817 capitis
2234 3737 2345 3818 ipsi
2380 3746 2576 3799 vertex
2600 3737 2784 3797 instar
2807 3733 2981 3794 nubis
3003 3738 3061 3792 et
3083 3747 3249 3810 aquae
3265 3724 3626 3818 suppeditat.

1996 3811 2394 3906 Ideoque-nec
2425 3825 2894 3906 culpandos,nec
2919 3819 3248 3883 laudandos
3279 3835 3384 3876 nos
3409 3811 3634 3906 putabit

1995 3903 2312 3996 quispiam,
2344 3915 2444 3996 qui
2477 3903 2562 3976 vel
2596 3903 2770 3977 recte
2792 3917 3144 3994 prmsentem
3186 3923 3448 3984 causam,
3481 3903 3568 3965 vel
3601 3921 3632 3962 e

1995 4005 2292 4064 contrario
2327 4005 2477 4065 male
2507 4003 2721 4066 litteris
2744 4000 3031 4082 complexi
3062 3997 3433 4060 simus.Nam
3472 4011 3636 4053 more

1993 4092 2491 4167 Baruchi,scribm
2512 4111 2757 4156 munere
2785 4091 2970 4153 functi
3005 4087 3330 4149 notavimus
3356 4100 3634 4164 quaecun-

1995 4201 2109 4261 que
2143 4182 2516 4244 lamentando
2543 4183 2870 4246 Hieremias
2908 4183 3258 4242 lamvntatus
3293 4184 3406 4236 cst:
3429 4183 3485 4234 et
3506 4173 3628 4234 Aa-

287 4261 430 4352 Οπερ
481 4270 536 4327 δὲ
587 4277 674 4327 και
725 4274 844 4328 τότε
888 4272 986 4340 τὴν
1031 4273 1333 4351 μικρόνοιαν
1394 4274 1548 4347 ἡμῶν
1599 4272 1907 4350 ἑθεράπευσε

1993 4270 2153 4333 ronis
2192 4291 2354 4332 more
2379 4273 2660 4352 proloculi
2693 4285 3298 4351 sumus,qumcunque
3331 4261 3626 4352 loquendo

266 4361 427 4442 χάριν
481 4365 573 4442 τοῦ
638 4359 879 4416 τοιούτου
921 4362 1256 4442 ζητήματος,
1316 4360 1517 4440 ἐγράφη
1575 4359 1702 4439 παρ’
1757 4362 1910 4434 ἡμῶν

269 4451 324 4508 ὲν
355 4457 430 4524 τῷ
471 4438 526 4526 β’
563 4445 855 4528 κεφαλαίω,
901 4456 992 4504 τοῦ
1049 4439 1122 4527 ιγ’
1174 4438 1350 4506 τίτλου
1381 4438 1488 4505 τού
1533 4438 1906 4524 νομοκανόνου.

273 4539 516 4613 Εἴπομεν
543 4537 643 4616 γὰρ
692 4539 753 4593 τὸ
800 4547 1035 4596 τοιοῦτον
1084 4537 1368 4619 κεφάλαιον
1411 4539 1805 4618 ἑρμηνεύοντες,
1839 4539 1912 4600 ὡς

269 4629 356 4684 καὶ
397 4625 669 4704 βασιλικὸν
698 4625 928 4684 ἐκώλυσε
988 4628 1305 4707 πρόσταγμα
1354 4629 1414 4683 τὸ
1467 4628 1909 4707 ζητούμενονσυ·

267 4715 546 4797 νοικέσιον,
591 4717 688 4772 κᾶν
731 4720 1166 4795 κιταστρωθῆναι
1210 4719 1304 4772 οὒκ
1354 4715 1564 4797 ἔφθασε,
1597 4716 1686 4771 καὶ
1714 4717 1748 4783 ἡ
1789 4706 1913 4772 Ἐκ·-

267 4804 460 4872 κλησία
498 4804 599 4871 τὴν
639 4804 825 4861 τούτου
856 4805 1066 4872 ποίησιν
1097 4807 1193 4863 οὐκ
1235 4803 1509 4884 ἀνέχεται.
1558 4803 1687 4861 Εἷτέ
1717 4824 1910 4884 φαμεν,

266 4897 339 4957 ὡς
413 4894 806 4969 σημειωμάτων
886 4891 1352 4973 προκομιζομένων
1414 4890 1766 4971 ταλαυγενῶν,
1828 4893 1915 4948 καὶ

272 4982 356 5040 διὰ
396 4982 459 5032 8³
506 4983 832 5061 γραμμάτων
890 4985 1090 5058 ὁμοιων
1140 4981 1610 5056 ἐκκνησιαστικῶν,
1656 4979 1915 5052 διυλιζόν-

271 5094 376 5128 των
447 5073 532 5127 καὶ
601 5072 760 5128 αὐτὸν
842 5070 1170 5151 φαυλότατον
1245 5070 1476 5128 κώνωπα
1529 5079 1622 5130 τοῦ
1677 5072 1917 5130 τοιούτου

273 5160 604 5237 ζητήματος,
631 5161 719 5218 καὶ
775 5158 1182 5218 ἀποκαλούντων
1231 5167 1388 5218 τοῦτο
1441 5160 1907 5240 παρανομώτατον⁶

1997 5161 2166 5237 stioa,
2204 5162 2622 5242 pravissimum
2656 5175 2714 5224 et
2745 5161 2871 5244 ipsa
2889 5161 3144 5224 culicem
3161 5155 3504 5239 qttwstionis
3530 5157 3640 5218 hu-

1992 4359 2226 4421 locutus
2255 4368 2343 4422 est
2373 4350 2581 4422 Moses.
2625 4361 2793 4432 Quod
2826 4350 3020 4420 autem
3064 4356 3398 4417 intellectus
3440 4350 3626 4412 nostri

1994 4449 2273 4510 tenuitati
2305 4458 2441 4511 tunc
2477 4450 2740 4511 remedio
2765 4449 2870 4509 fuit
2893 4448 2948 4507 in
2971 4448 3080 4507 hac
3113 4442 3456 4524 quaestione,
3489 4457 3627 4518 per-

1996 4539 2278 4618 scriptum
2304 4559 2334 4599 a
2363 4539 2532 4600 nobis
2564 4549 2653 4601 est
2689 4539 2744 4598 in
2777 4537 2966 4617 capite
2998 4533 3258 4594 secundo
3307 4530 3458 4591 tituli
3505 4528 3624 4591 XIll

1999 4626 2422 4692 Nomucanoni.
2483 4629 2712 4708 Quippe
2766 4634 2937 4706 caput
2981 4625 3122 4685 illud
3175 4624 3635 4699 interpretantes

1996 4716 2274 4793 diximus,
2301 4744 2311 4772 ‹
2337 4718 2473 4778 tiam
2491 4719 2686 4778 edicto
2711 4713 3090 4797 imperatorio
3124 4711 3483 4791 prohibitum
3505 4727 3636 4769 csse

1999 4805 2463 4883 matrimonium,
2491 4826 2604 4887 quo
2638 4806 2710 4867 de
2741 4805 2953 4884 agitur,
2980 4803 3118 4864 licet
3146 4802 3202 4861 in
3227 4810 3352 4861 acta
3382 4800 3632 4860 relatum

2000 4913 2114 4957 non
2148 4896 2342 4970 fuerit,
2379 4905 2436 4958 et
2481 4895 2749 4958 Ecclesia
2791 4892 3323 4972 promulgationem
3357 4890 3488 4968 ejus
3520 4908 3634 4947 non

1999 4985 2302 5046 sustineat.
2339 4985 2560 5047 Deinde
2575 4985 2948 5064 subjicimus,
2975 4980 3133 5062 quod
3155 4999 3286 5041 cum
3306 4977 3635 5039 notationes

1999 5073 2210 5154 prisca:
2239 5073 2638 5154 proferuntur,
2665 5083 2723 5135 et
2742 5070 3074 5135 consimilia
3098 5069 3316 5149 scripta
3347 5067 3634 5129 ecclesia-

1575 5324 1830 5391 VARIIE
1874 5327 2191 5395 LECTION
2198 5329 2308 5396 ES.

349 5458 414 5510 8'5
438 5457 870 5539 διαγραμμάτων,

359 5695 483 5776 (66)
515 5693 788 5777 Semper.
824 5696 896 5764 D.
928 5697 1013 5762 De
1040 5711 1175 5781 reg.
1207 5701 1329 5778 iur.
1363 5699 1438 5763 Et
1469 5697 1510 5759 l.
1543 5697 1642 5761 42.
1677 5696 1748 5760 Ι).
1783 5591 2220 5783 impt.

3815 6115 4028 6179 Α
4053 6071 4058 6180 Ι
