4074 6212
295 344 453 409 1213

1625 294 2326 412 GR/ECO—ilOMANUM.

3503 342 3657 407 1214

288 479 605 561 πέπεισμαι,
636 482 725 538 καὶ
752 489 906 541 τοῦτο
948 480 1116 553 λήθης
1379 484 1809 566 κατακέχωσται,
1852 500 1907 538 κα

1994 476 2471 566 .generationem
2503 476 2822 566 transiens.
2854 473 2985 566 Sin,
3036 473 3195 557 quod
3227 473 3512 566 equidem
3537 490 3658 536 non

285 560 604 633 Κασταλίας
643 567 780 650 ὕδωρ
837 560 1180 651 εὐχάριστον
1221 576 1329 630 τῶν
1408 574 1529 631 τότε
1580 560 1907 652 ’κρατούντω

2017 562 2298 652 arbitror,
2321 565 2437 630 hoc
2467 565 2643 628 etiam
2665 563 2982 627 oblivionis
3005 560 3564 652 gurgesabsorbuit,
3601 569 3660 624 et

281 657 341 716 οὔ
410 659 658 737 κηρύττει
726 659 828 728 τὴν
898 659 1148 738 προνοίαν
1211 660 1349 719 ἀλλὰ
1405 651 1700 742 μεμϐράναι
1741 660 1907 739 ptem,

2019 651 2500 742 gratiosaisthzec
2540 673 2690 735 aqua
2722 652 2989 716 Castaliae
3028 651 3454 742 providenttam
3488 668 3660 742 supe-

275 747 579 827 ἶστορικῶν,
664 749 754 805 καὶ
853 750 1149 830 συγγραφαὶ
1213 738 1484 807 τακτικῶν
1553 738 1907 832 ’ἄνακτορικῶ

2015 740 2194 832 rioris
2222 743 2527 805 memoria:
2581 742 2915 824 principum
2945 762 3062 803 non
3095 740 3416 822 praedicat:
3445 738 3653 800 saltem

276 838 615 919 κεκράξονται
672 839 810 897 κατὰ
870 840 1156 920 Στέντορα.
1217 843 1319 901 Καὶ
1361 843 1423 899 σὺ
1478 841 1538 900 δὲ
1563 844 1763 909 παντὸς
1803 866 1929 901 συν-

2015 827 2380 893 membranre
2392 831 2677 893 librorum
2694 828 3653 906 historicorum,etordinationum

273 917 548 1006 τάγματος
616 925 837 1008 λογικοῦ
919 917 1088 986 τελῶν
1158 931 1443 1011 ὑφηγητὴς
1520 932 1907 1013 νουνεχέστατο.

2010 917 2332 980 aulicarum
2377 928 2761 981 monumenta
2811 918 3104 981 Stentoris
3151 918 3214 979 in
3268 935 3492 978 morem
3525 917 3653 1013 haec

275 1003 384 1075 κᾶν
442 1018 612 1093 τούτῳ
670 1003 747 1092 τῷ
802 1016 1069 1091 σπουδαίῳ
1135 1003 1476 1098 προϐλήματι
1522 1003 1907 1093 πλεονεκτήσειε

2010 1006 2486 1098 pro‘clamabunt,
2550 1008 2636 1070 Tu
2688 1026 2949 1098 quoque,
2996 1008 3098 1089 qui
3148 1005 3408 1098 cujusvis
3439 1003 3655 1066 eruditi

276 1103 532 1186 πολλοὺς,
574 1105 664 1163 καί
705 1128 799 1181 μοι
841 1104 1200 1177 σαλλαλήσεις
1255 1113 1334 1183 τῷ
1383 1106 1614 1188 γέροντι.
1649 1099 1812 1166 Ἀλλὰ
1838 1113 1927 1168 καὶ

273 1200 367 1251 τοϋ
432 1192 696 1271 βασιλέως
762 1204 921 1274 κυροῦ
979 1196 1371 1253 Κωνσταντίνου
1439 1206 1533 1256 τοῦ
1602 1198 1925 1277 Μονομάχου

271 1283 338 1340 τὰ
391 1282 803 1350 θεσπησιώτατα
891 1281 1248 1362 διατάγματα,
1315 1285 1382 1344 τὰ
1463 1283 1922 1366 τελεσφορήσαντα

270 1372 336 1428 τὰ
378 1372 595 1452 όφφίκια
649 1378 743 1429 τοῦ
783 1373 871 1429 επὶ
924 1372 1032 1429 τῶν
1089 1374 1336 1451 κρίσεων,
1387 1374 1477 1430 καὶ
1530 1382 1622 1432 τοῦ
1681 1376 1917 1454 νομοφύ-

2007 1092 2217 1176 scripti
2247 1096 2628 1159 acutissimus
2653 1116 2718 1159 es
2752 1096 3073 1176 interpres,
3103 1097 3281 1159 etiam
3306 1095 3364 1156 in
3393 1095 3504 1156 hac
3536 1112 3651 1155 non

2006 1181 2154 1244 levis
2168 1185 2449 1247 momenti
2466 1185 2791 1266 quaestione
2803 1185 3206 1266 compluribus
3219 1184 3337 1246 eris
3348 1181 3649 1265 superior,

2002 1289 2070 1332 ac
2102 1290 2196 1334 me
2227 1291 2434 1335 senem
2464 1274 2525 1336 in
2558 1273 2820 1336 dicendo
2844 1274 3099 1353 juvabis.
3161 1272 3498 1346 Quinetiam
3530 1272 3644 1333 im-

2002 1363 2313 1444 peratoris,
2349 1363 2577 1425 domini
2628 1363 3000 1425 Constantini
3053 1361 3421 1426 lllnnomachi
3453 1360 3650 1423 edicta

269 1450 471 1535 λακος,
518 1462 607 1516 καὶ
664 1457 993 1540 διοριζόμενα
1087 1462 1303 1525 τούτους
1359 1460 1585 1529 ἰτησίως
1640 1461 1774 1538 μέτα
1830 1450 1907 1521 καῖ

1994 1450 2414 1540 sacratissima,
2440 1454 2654 1534 quibus
2700 1453 2966 1516 ordinata
2999 1462 3135 1515 sunt
3161 1451 3356 1514 officia
3383 1450 3643 1532 praefecti

278 1545 458 1604 ἄλλων
483 1545 696 1604 πολλῶν
744 1538 1095 1629 ἆποφέρεσθαι
1152 1549 1312 1630 χάριν
1358 1550 1516 1629 ῥόγας
1559 1550 1659 1606 ἀνὰ
1708 1552 1907 1631 χρυσίω

2007 1538 2398 1631 iudiciorum,
2425 1552 2484 1631 et
2508 1543 2971 1624 nomopbylacis.
2992 1551 3193 1624 etquae
3222 1547 3507 1631 statuunt,
3544 1557 3647 1631 eos

268 1635 494 1706 τοσήνδε
554 1626 877 1709 ποσότητα,’
922 1626 1019 1695 *καὶ
1060 1638 1128 1694 τὰ
1155 1626 1166 1630 ⁷
1182 1626 1395 1709 ’συνήδη
1434 1626 1609 1718 βαΐα,
1652 1626 1765 1695 οὗῖ
1800 1639 1907 1696 eicit

2009 1627 2237 1718 debere
2266 1629 2534 1708 singulos
2563 1632 2623 1693 in
2676 1649 2888 1707 annos,
2938 1640 3153 1713 praeter
3200 1628 3338 1703 alia,
3366 1626 3649 1708 consequi

266 1724 323 1783 ἓν
363 1726 440 1802 τῷ
507 1729 733 1806 οὗρανῷ,
778 1725 893 1783 οὖδὲ
936 1726 1101 1807 πέραν
1141 1726 1433 1799 θαλάσσης,
1504 1716 1603 1784 ἵνα
1653 1749 1730 1794 τις
1761 1727 1907 1810 εἴπῃ1

2006 1716 2235 1810 ratione
2262 1737 2445 1801 roga),
2490 1721 2816 1801 quemlibet
2838 1721 2965 1781 auri
2991 1721 3163 1781 talem
3177 1737 3246 1781 ac
3264 1718 3441 1810 talem
3463 1735 3645 1810 quan-

274 1816 363 1879 Τίς
391 1822 556 1873 ταῦτα
620 1819 963 1892 μετακομίσει
1008 1835 1149 1898 μοις
1213 1812 1359 1896 Παρᾶ
1413 1815 1467 1873 δὲ
1514 1823 1583 1893 τῇ
1631 1818 1772 1897 χειρὶ
1802 1839 1917 1892 σου,

264 1904 354 1961 καὶ
399 1910 469 1981 τῇ
523 1901 707 1983 καρδίᾳ
749 1926 867 1979 σου,
927 1906 1016 1962 καὶ
1069 1909 1149 1979 τῷ
1204 1904 1429 1980 στόματί
1486 1904 1580 1960 σού
1635 1905 1754 1964 εἶσί.
1823 1909 1922 1963 Καὶ

262 1993 480 2057 πάντως
535 1991 970 2072 γνωμολογήσεις
1049 1993 1112 2050 ἐκ
1159 1994 1358 2051 τούτων
1426 1999 1521 2050 τοῦ
1609 1993 1921 2073 πράγματος

263 2081 366 2149 τὴν
395 2080 667 2153 ἀλήθειαν.
700 2087 818 2140 Τῶν
875 2088 999 2161 γοῦν
1057 2081 1318 2159 βασιλέων
1362 2082 1448 2144 καὶ
1501 2086 1608 2138 τῶν
1654 2104 1917 2163 πατριαρ-

262 2174 382 2250 χῶν
411 2167 875 2248 μεγαλυνομένων,
935 2169 1009 2235 ὥς
1066 2168 1305 2250 εἴρηται,
1337 2169 1422 2227 διὰ
1449 2175 1557 2227 τῶν
1604 2171 1776 2247 βα’ίων
1832 2166 1920 2229 καὶ

258 2264 365 2316 τῶν
396 2259 594 2337 ῥογῶν,
627 2256 729 2315 ἔδει
758 2257 894 2323 τέως
923 2259 1044 2322 τοὺς
1084 2260 1421 2338 πατριάρχας
1477 2258 1600 2322 τοὺς
1662 2258 1763 2326 τὴν
1815 2258 1918 2336 ἀρ-

257 2347 422 2428 χαίαν
466 2346 630 2428 μέχρι
693 2353 786 2404 τοῦ
853 2353 943 2405 νῦν
1013 2355 1399 2426 σοντηροῦντας
1453 2348 1756 2421 συνήθειαν,
1825 2341 1915 2403 καὶ

259 2436 539 2518 χρυσίνονς
607 2446 1071 2517 παραμετροῦντας
1141 2449 1260 2500 τοῖς
1329 2435 1637 2515 κληρικοτς,
1712 2434 1915 2526 διδόναξ

258 2527 348 2583 καὶ
393 2527 552 2603 βαΐα,
614 2527 786 2592 καθὼς
854 2526 1277 2607 προτετύπωται.
1336 2524 1487 2583 Ἐπεὶ
1552 2523 1598 2581 δ’
1651 2524 1744 2583 οὒκ
1797 2523 1889 2582 οἶδ

259 2613 409 2679 ὅπως
459 2618 521 2673 οὗ
575 2614 811 2695 φαίνεταί
900 2635 1030 2671 ποτε
1098 2621 1254 2671 τοῦτο
1322 2614 1623 2695 γινόμενον,
1696 2613 1817 2671 ἀλλ’
1862 2610 1916 2670 ἐν

256 2715 381 2766 ταῖς
410 2702 636 2783 ἡμέραις
665 2710 769 2761 τῶν
821 2702 1182 2784 κατηχὴσεων
1238 2703 1351 2760 ἆντὶ
1404 2704 1575 2783 ῥογῶν
1628 2705 1716 2759 καὶ
1740 2704 1914 2780 βαίων

264 2791 404 2866 μόνα
475 2788 674 2848 διδόασι
703 2798 782 2867 τῷ
837 2790 951 2867 λαῷ
1027 2793 1331 2868 θυμιάματα
1363 2810 1379 2824 ⁸
1447 2791 1745 2860 σκοπητέον
1812 2793 1914 2871 πρὸ

261 2882 502 2956 πάντων,
567 2883 629 2940 τό
683 2884 1077 2959 σημαινόμενον
1126 2884 1231 2941 τῶν
1290 2884 1482 2964 βαίων,
1526 2884 1616 2940 καὶ
1654 2882 1912 2955 ζητητέον

262 2971 364 3039 τὴν
406 2971 600 3052 αἰτίαν,
630 2969 699 3028 δι’
728 2973 795 3040 ἣν
840 2974 1145 3049 θυμιάματα
1199 2973 1299 3048 μὲν
1355 2970 1578 3031 δίδονται
1647 2973 1783 3028 κατὰ
1810 2972 1911 3039 τὴν

2002 1806 2252 1881 titalem,
2299 1827 2415 1869 una
2463 1828 2597 1870 cum
2649 1810 2951 1872 consuetis
2993 1807 3187 1889 baiis;
3228 1826 3346 1868 non
3399 1805 3460 1866 in
3492 1803 3643 1867 coelo

2000 1902 2159 1970 sunt,
2194 1914 2305 1958 nec
2358 1905 2517 1959 trans
2574 1916 2758 1967 mare.
2825 1898 2908 1957 uti
2969 1896 3173 1958 dicere
3226 1894 3358 1976 quis
3406 1891 3641 1972 debeat,

1999 1981 2282 2057 Quisnam
2315 1985 2438 2047 hzec
2455 1987 2658 2048 afferet
2685 1985 2875 2048 mihi?
2906 1985 3020 2049 Sed
3069 1993 3207 2046 sunt
3231 1984 3292 2044 in
3317 2001 3492 2043 manu
3519 1990 3638 2057 tua,

2004 2080 2063 2134 et
2091 2073 2151 2134 in
2180 2074 2363 2136 corde
2396 2084 2518 2155 tuo,
2580 2084 2639 2136 et
2682 2076 2741 2136 in
2802 2094 2906 2137 ore
2966 2084 3089 2137 tuo.
3147 2076 3341 2153 Atque
3397 2071 3643 2132 omnino

2001 2159 2090 2222 rei
2122 2161 2436 2223 veritatem
2484 2182 2554 2225 ex
2616 2163 2710 2226 his
2766 2162 2981 2226 mentis
3039 2161 3311 2224 acumine
3369 2160 3636 2236 colliges.

2000 2251 2145 2313 Cum
2177 2259 2373 2312 autem
2423 2252 2815 2333 imperatores
2879 2260 2939 2316 et
2990 2250 3346 2334 patriarchae
3407 2248 3639 2328 magni-

1998 2342 2293 2405 ﬁcentiam
2352 2362 2460 2406 ceu
2518 2345 2743 2407 dictum
2804 2355 2918 2420 est,
3005 2364 3172 2406 suam
3227 2345 3640 2405 demonstrent

1998 2450 2106 2512 per
2136 2430 2267 2493 baia
2296 2451 2353 2494 et
2384 2452 2577 2512 rogas,
2612 2453 2757 2497 sane
2789 2453 2893 2516 par
2949 2443 3102 2509 erat,
3163 2442 3227 2495 ut
3260 2432 3632 2514 patriarchae,

1998 2520 2099 2603 qui
2131 2522 2383 2603 priscam
2400 2523 2689 2585 hactenus
2733 2524 3227 2587 consuetudinem
3263 2527 3633 2591 conservant,

2000 2619 2063 2673 et
2117 2628 2335 2675 aureos
2380 2611 2615 2673 clericis
2670 2632 2945 2674 nummos
2995 2612 3422 2685 admetiuntur,
3458 2608 3632 2670 etiam

2001 2697 2145 2779 ipsis
2171 2699 2305 2762 baia
2353 2700 2589 2777 darent,
2640 2702 3141 2782 quemadmodum
3195 2699 3518 2762 indicatum
3549 2705 3640 2760 est

1996 2796 2191 2852 antea.
2230 2788 2345 2852 Sed
2369 2791 2648 2869 quoniam
2675 2792 2806 2873 hos,
2845 2791 3047 2852 nescio
3067 2788 3267 2872 quade
3288 2806 3488 2867 causa,
3518 2805 3635 2848 non

1996 2877 2251 2953 amplius
2294 2878 2428 2941 ﬁeri
2484 2878 2779 2961 videmus,
2831 2880 2936 2942 sed
2997 2879 3069 2941 iis
3126 2877 3362 2952 diebus,
3422 2874 3637 2957 quibus

1993 2966 2332 3029 catecheses
2344 2967 2665 3043 habentur,
2699 2968 2828 3031 loco
2847 2987 3121 3048 rugarum
3145 2977 3200 3029 et
3216 2966 3483 3029 baiorum
3507 2964 3634 3026 sola

255 3058 462 3140 ἡμέραν
489 3065 590 3128 τῆς
617 3062 998 3142 κατηχήσεως,
1061 3062 1151 3118 καὶ
1204 3061 1340 3118 κατα
1394 3061 1493 3129 τὴν
1553 3058 1794 3139 μεγάλην
1817 3082 1907 3116 τε·

1994 3056 2207 3136 populo
2232 3056 2667 3119 dantincensa:
2699 3057 3198 3121 considerandum
3243 3062 3380 3116 ante
3409 3052 3631 3142 omnia,

259 3146 422 3228 τράδα
474 3150 633 3229 κηρία
679 3150 767 3206 καὶ
820 3150 1121 3226 θυμιάματα
1150 3164 1168 3180 ⁸
1229 3152 1388 3231 κηρία
1443 3148 1499 3207 δὲ
1541 3151 1629 3208 καὶ
1684 3150 1906 3230 σταυρὸς

255 3238 390 3294 κατὰ
418 3243 516 3306 τῆς
544 3239 803 3320 βαϊφόρου
842 3238 907 3288 84
930 3240 1028 3307 τὴν
1075 3239 1434 3319 Κυριώνυμον.

1990 3145 2284 3225 quodnam
2302 3145 2459 3206 vocis
2489 3145 2758 3209 baiorum
2793 3147 3187 3227 signiﬁcatum
3235 3142 3333 3216 sit,
3360 3140 3628 3221 etinqui-

1988 3235 2195 3314 rcnda,
2220 3244 2462 3315 propter
2491 3255 2665 3317 quam
2694 3237 2935 3298 incensa
2994 3236 3214 3296 dantur
3241 3233 3301 3294 in
3335 3231 3434 3293 die
3466 3239 3630 3291 cate-

249 3324 470 3409 obesis,
500 3333 560 3391 et
592 3317 801 3407 magna
823 3328 972 3392 feria
991 3317 1222 3410 quarta,
1255 3325 1417 3391 cerei
1447 3344 1578 3389 cum
1609 3325 1919 3405 incensis;
1946 3323 2107 3388 cerei
2139 3323 2401 3405 denique
2432 3344 2567 3387 cum
2599 3325 2879 3386 crucibus
2906 3343 2974 3386 ea
3005 3321 3334 3396 Dominica,
3363 3337 3479 3402 qua
3501 3317 3635 3379 baia

250 3424 579 3497 gestantur.

332 3511 439 3566 Οἷα
468 3508 567 3583 μὲν
611 3509 700 3566 οὖν
718 3508 859 3577 ἦσαν
887 3507 951 3564 τὰ
995 3508 1128 3585 βαΐα
1175 3506 1380 3580 ἒκεῖνα,
1447 3506 1590 3585 παρὰ
1644 3505 1906 3583 βασιλέων

251 3593 497 3671 διδόμενά
558 3597 689 3656 ποτέ
740 3598 831 3653 καὶ
903 3602 1273 3676 πατριαρχῶν,
1333 3594 1470 3661 τέως
1552 3594 1661 3674 ἐγὼ
1701 3596 1902 3672 ἀγνοῶ.

253 3683 384 3744 Οὔτε
435 3686 535 3766 γὰρ
613 3686 719 3743 ἀπὸ
809 3687 994 3766 χειρὸς
1087 3683 1370 3763 βασιλικῆς
1429 3685 1466 3754 ἢ
1509 3688 1905 3765 πατριαρχικῆς

249 3774 408 3850 βαίον
455 3774 492 3841 ἠ
548 3775 669 3854 χείρ
726 3796 828 3850 μου
887 3773 1024 3849 μετὰ
1092 3774 1252 3852 ῥόγας
1309 3771 1541 3848 ἐδέξατο,
1599 3775 1687 3830 καὶ
1739 3780 1905 3829 ταῦτα

249 3860 636 3937 πλουτιζομένη
693 3860 807 3920 καθ’
862 3862 1095 3929 ἑκάστην
1138 3861 1335 3941 σχεδὸν
1391 3859 1481 3918 ὑπ’
1547 3862 1742 3941 αὐτῶν,
1789 3860 1904 3918 οὔτε

246 3950 346 4017 την
410 3950 612 4007 τούτων
674 3950 938 4017 ποιότητα
993 3972 1102 4030 παρ
1157 3949 1349 4030 ἐτέρων
1380 3950 1690 4026 μεμάθηκα.
1754 3948 1903 4009 Κλά-

245 4036 365 4102 δους
395 4035 451 4094 δὲ
507 4040 756 4120 φοινίκων
824 4040 913 4097 καὶ
955 4043 1217 4120 μυρσινῶν
1287 4037 1473 4117 βλέπω
1540 4040 1664 4102 τοὺς
1707 4039 1877 4117 ἀνθρώ

246 4149 378 4191 πους
461 4127 816 4208 κατέχοντας,
904 4130 995 4185 καὶ
1060 4128 1161 4196 τὴν
1240 4128 1499 4209 βατφόρον
1567 4125 1894 4199 δοξάζοντας.

2072 3501 2386 3564 Enimvero
2411 3502 2745 3582 cujusmodi
2791 3502 3014 3564 fuerint
3051 3502 3153 3564 ifla
3204 3500 3362 3578 baia,
3394 3515 3527 3579 qua;
3557 3495 3632 3556 ab

1988 3589 2455 3671 imperatoribus
2478 3600 2535 3653 et
2561 3592 2910 3672 patriarcliis
2948 3591 3088 3652 olim
3111 3588 3424 3662 dabantur,
3451 3585 3629 3666 equi-

1989 3679 2123 3740 dem
2140 3678 2423 3741 hactenus
2448 3682 2676 3759 ignorn.
2696 3684 2821 3745 Nec
2844 3683 3002 3742 enim
3025 3679 3098 3741 ab
3128 3675 3509 3760 imperatoria
3537 3675 3626 3736 vel

1989 3767 2366 3848 patriarcbali
2392 3788 2570 3830 manu
2590 3769 2790 3831 baium
2818 3769 3055 3849 aliquod
3082 3787 3215 3830 cum
3256 3784 3398 3844 roga
3420 3783 3627 3825 manus

1989 3875 2121 3918 mea
2152 3876 2405 3937 unquam
2436 3859 2692 3939 accepit,
2726 3858 2865 3920 licet
2901 3858 2974 3920 ab
3026 3858 3113 3920 eis
3153 3855 3371 3937 alioqui
3402 3862 3624 3915 tantum

1986 3963 2103 4006 non
2136 3945 2402 4025 quotidie
2433 3948 2940 4029 collocupletetur.
2979 3966 3089 4010 nec
3128 3948 3337 4010 borum
3370 3943 3626 4027 qualita-

1985 4041 2100 4094 tem
2136 4052 2206 4096 ex
2239 4034 2676 4099 aliisintellexi.
2712 4038 3052 4101 Palmarum
3102 4046 3319 4111 tamen,
3374 4054 3442 4095 ac
3474 4052 3628 4113 myr-

1983 4129 2173 4183 torum
2210 4141 2408 4185 ramos
2461 4133 2664 4188 tenere
2709 4147 2888 4189 manu
2942 4127 3214 4188 homines
3264 4125 3459 4203 video,
3491 4141 3625 4184 cum

243 4217 408 4280 Ποίας
450 4215 506 4273 δὲ
575 4215 851 4297 διαλέκτου
891 4218 954 4274 τὸ
1014 4217 1201 4297 βαϊονμ
1226 4218 1364 4292 ἐστὶ,
1420 4217 1511 4273 καὶ
1552 4217 1666 4273 τίνα
1709 4239 1895 4293 σημα-

1994 4211 2135 4273 liem
2168 4212 2493 4287 celebrant,
2530 4235 2645 4297 qua
2674 4217 2805 4279 baia
2835 4226 3159 4296 gestantur.
3189 4216 3258 4278 Et
3307 4216 3623 4291 cuiusnam

240 4305 359 4361 σίαν
401 4304 520 4385 ἔχει
549 4306 688 4386 κατᾷ
716 4288 1126 4382 ’Ῥωμαίους-καὶ
1176 4288 1455 4385 Ἕλληνας,
1497 4288 1885 4375 δηλιώήσεται.

1999 4300 2189 4379 inguaa
2220 4288 2566 4365 vocabulum
2615 4307 2690 4366 sit
2712 4288 2912 4367 baium
2948 4324 3197 4386 quamve
3229 4288 3621 4379 significatio-

243 4396 409 4452 Ba’iov
436 4384 439 4385 ν
462 4384 618 4450 κατὰ
676 4384 963 4471 Ῥωμαίους
1035 4394 1154 4451 οὔτε
1219 4391 1408 4459 κλάδος
1444 4384 1602 4451 ἐστὶν
1670 4394 1730 4450 ἐκ
1779 4392 1900 4450 δέν-

247 4479 372 4560 δρου
414 4484 775 4563 κοπτόμενος,
820 4483 938 4540 οὔτε
1000 4481 1149 4562 ῥόδον
1202 4482 1264 4540 ἐκ
1304 4480 1554 4561 ροδωνίᾶς
1606 4482 1904 4560 συναγόμε-

239 4592 353 4644 νον,
388 4571 503 4629 οὔτε
533 4574 705 4653 κρίνον
760 4573 820 4630 ἐκ
898 4578 1173 4653 κρινωνιᾶς
1221 4571 1605 4650 συλλεγόμενον
1639 4591 1653 4606 ο
1699 4569 1902 4650 ἀνθρω-

245 4662 374 4729 πίνη
403 4661 469 4713 85
495 4660 551 4718 δὲ
593 4663 808 4741 γνώμη,
841 4661 901 4719 ἐκ
928 4659 1077 4719 τοῦδε
1106 4662 1181 4725 εἰς
1243 4659 1361 4717 τόδε
1394 4658 1703 4735 μετάϐασις.
1736 4659 1907 4738 ἀγαθὴ

248 4748 496 4818 δηλονότι
549 4750 585 4816 ἢ
637 4751 867 4830 πονηρά.
956 4747 1225 4808 Ἐντεῦθεν
1307 4749 1409 4827 γὰρ
1464 4747 1583 4812 τοὺς
1627 4746 1898 4828 παιδοτρί-

238 4836 338 4903 ϐας
399 4838 682 4917 βαϊούλους
742 4838 1203 4917 κατονομάζομεν,
1262 4839 1337 4900 ὡς
1393 4837 1460 4894 τὰ
1510 4835 1753 4904 νηπιώδη
1795 4843 1901 4894 τῶν

240 4926 433 4986 παίδων
519 4929 835 5008 φρονήματα
935 4926 1266 5004 μετάγοντας
1357 4926 1488 5003 πρὸς
1590 4924 1894 5005 ἀῤῥένωσιν.

234 5018 338 5074 Καὶ
406 5015 891 5097 πραεϐαρικᾶτορας
949 5015 1202 5095 λέγαμεν,
1274 5016 1396 5080 τοὺς
1460 5014 1898 5092 ποικιλλομένους

238 5105 378 5159 κατὰ
432 5104 532 5170 τὴν
602 5103 711 5184 ἴριν
789 5105 1093 5184 συνεργοὺς,
1173 5104 1264 5161 καὶ
1339 5100 1685 5184 προδιδόντας
1777 5106 1896 5169 τοὺς

239 5191 578 5271 πρόσφυγας.
629 5183 737 5260 Τῆς
779 5203 905 5271 γοῦν
962 5190 1213 5256 ἰουδαίας
1269 5194 1359 5249 καὶ
1416 5183 1762 5271 Ἰερουσαλὴμ
1801 5213 1899 5271 γε-

235 5279 469 5355 νομένης
537 5280 845 5361 ὑποχειρίας
930 5287 1036 5338 τῶν
1126 5271 1403 5358 Ῥωμαίων
1471 5282 1548 5355 τῷ
1606 5278 1896 5361 στέμματι,

247 5368 383 5442 μετα
437 5368 498 5423 τὸ
568 5369 907 5448 μοναρχῆσκι
978 5371 1070 5427 τὸν
1141 5366 1362 5429 Ἰούλιον
1418 5370 1674 5449 Καίσαρα,
1737 5368 1899 5447 (οὕτω

1984 4408 2120 4450 nem
2145 4389 2355 4451 babeat
2372 4393 2696 4455 secundum
2716 4395 3012 4457 Romanos
3032 4396 3356 4463 etGraecos,
3387 4390 3619 4450 iudica-

1984 4476 2165 4540 bitur.
2191 4477 2397 4541 Baiutu
2421 4481 2619 4560 lingua
2643 4484 2905 4544 Roxnaua
2930 4503 3118 4564 neque
3139 4502 3367 4543 ramum
3399 4478 3623 4558 signiﬁ-

1984 4576 2102 4641 cat,
2134 4588 2206 4629 ex
2227 4568 2440 4631 arbore
2465 4590 2702 4646 caesum,
2729 4591 2925 4652 neque
2949 4591 3141 4632 restim
3176 4589 3244 4631 ex
3268 4581 3472 4629 roseto
3492 4567 3617 4629 col-

1985 4656 2199 4718 lectam
2233 4675 2425 4737 neque
2458 4659 2693 4723 lilium:
2744 4662 2851 4722 sed
2901 4669 2991 4723 est
3040 4661 3223 4721 animi
3272 4656 3516 4720 humani
3546 4655 3618 4717 ab

1982 4766 2101 4809 una
2128 4747 2423 4808 sententia
2453 4748 2511 4809 in
2542 4750 2715 4811 alam
2777 4750 3087 4821 traductio,
3141 4749 3293 4810 bona
3324 4745 3618 4817 videlicet,

1981 4837 2070 4899 vel
2103 4852 2301 4916 prava.
2361 4836 2654 4899 Nimirum
2708 4837 2847 4900 hinc
2892 4840 2978 4909 fit,
3032 4848 3091 4899 ut
3138 4855 3459 4918 puerorum
3494 4855 3618 4896 ina-

1981 4926 2201 5006 gistros
2246 4926 2573 5008 apellemus
2624 4926 2877 5001 baiulos,
2931 4929 3112 4991 veluti
3169 4928 3271 5008 qui
3305 4944 3618 5007 puerorum

1980 5014 2212 5077 animos
2266 5015 2526 5076 infantes
2601 5017 2673 5078 ad
2734 5017 3068 5078 virilitatem
3156 5017 3465 5079 traducaut
3549 5013 3621 5075 Et

1983 5103 2465 5182 praevaricatores
2539 5104 2795 5166 dicimus
2878 5124 2983 5169 eos
3061 5104 3457 5185 cooperatios.
3517 5103 3619 5184 qui

1981 5190 2283 5253 variantur
2311 5191 2499 5254 instar
2530 5193 2724 5268 iridis,
2758 5204 2817 5257 et
2846 5194 3093 5257 clientes
3114 5195 3389 5275 produnt.
3416 5193 3620 5274 Itaque

1979 5297 2113 5339 cum
2142 5279 2343 5342 .ludtea
2366 5290 2419 5343 et
2443 5280 2851 5363 Hierosolyma
2892 5284 3039 5347 facta
3078 5282 3286 5344 fuisset
3318 5281 3619 5344 Romano-

1978 5386 2109 5430 rum
2156 5369 2410 5450 imperio
2462 5370 2725 5447 subdita,
2782 5370 2908 5435 solo
2965 5390 3165 5435 rerum
3228 5372 3411 5453 potito
3466 5369 3620 5434 Julio

1561 5535 1824 5599 VARle
1856 5534 2290 5601 LECTIONES.

307 5665 375 5717 ει
405 5670 615 5749 σταυροὶ
646 5671 779 5725 κατὰ
809 5672 906 5738 τὴν
948 5671 1262 5753 βαΐοφόρον,
1344 5671 1411 5723 85
1436 5670 1764 5750 ἀνθρωπίνης
1794 5668 1849 5726 δὲ
1876 5670 2120 5749 γνώμης,
