4074 6212
327 303 474 370 1217

1655 310 2354 376 ϐΒιΕΟΟ-ΗΟΜΑΝΗΜ.

3548 313 3700 378 1218

322 442 424 517 πρὸ
461 439 671 519 χρόνων
702 440 1026 521 ἐσχόλασαν,
1074 439 1140 497 δι’
1187 443 1252 510 ἢν
1293 444 1458 501 αἰτίαν
1481 443 1674 501 ἄνωθεν
1701 445 1927 520 εἴπομεν

2056 462 2212 524 rogie
2241 444 2631 526 baiorumque
2659 444 2862 519 ﬂores,
2887 443 2990 525 qui
3013 462 3146 506 cum
3174 444 3334 524 rogis
3351 447 3694 511 exorieban-

313 535 419 585 τῶν
451 526 506 584 δὲ
576 530 730 594 θείων
787 536 1132 610 πατριαρχῶν
1218 535 1271 588 αἱ
1327 532 1479 609 ρόγαι
1536 531 1962 608 δημοσιεύονται,

2053 540 2321 611 tur,ante
2339 534 2556 595 multos
2570 552 2757 595 annos
2778 534 3090 596 desierunt
3113 553 3179 595 ex
3204 551 3275 595 ea
3293 553 3494 610 causa,
3519 555 3693 617 quam

314 620 402 674 καὶ
446 621 480 687 ἡ
505 623 742 690 συνήθως
773 619 1024 696 διδομένη
1068 622 1198 700 ῥόγα
1259 623 1394 678 κατὰ
1451 623 1550 690 τὴν
1603 624 1791 702 κυρίως
1838 624 1951 680 ἀπό

2051 620 2493 702 indicavimus;
2553 641 2687 683 cum
2752 639 2913 702 rogaa
2973 622 3441 701 patriarcharum
3495 625 3692 688 adhuc

315 730 477 786 κρεω,
552 713 626 774 εἰς
684 712 784 778 τὴν
837 711 1064 778 ἒτησίως
1135 709 1514 791 προϐαίνουσαν
1588 712 1964 779 ἐκκλησιαστι-

314 798 414 863 xm
443 798 600 876 ῥόγαν
652 801 788 856 κατὰ
850 801 948 868 τὴν
993 799 1235 878 μεγάλην
1306 801 1486 880 τρίτην
1546 800 1827 880 μετέπεσε,
1858 822 1964 857 κα-

312 886 440 956 θὼς,
495 887 560 946 ’ςᾶ
631 887 832 944 παλαια
887 887 1104 946 λαλοῦσι
1161 889 1404 968 Mam,
1455 887 1684 945 διδόασιν
1752 893 1799 945 οἱ
1849 909 1962 946 πα·-

315 975 563 1054 τριᾶρχαι
606 977 741 1050 μετὰ
791 979 905 1044 τὴν
944 977 1260 1057 κατώχησιν
1315 983 1394 1050 τῷ
1449 977 1564 1052 λαῷ
1620 980 1694 1041 ὡς
1737 979 1868 1054 βαΐα
1897 980 1963 1035 τὰ

315 1065 616 1138 θυμιάματα
651 1081 665 1094 ·
735 1067 1169 1144 παρεγγυώμενοι
1231 1063 1298 1121 δι’
1356 1068 1525 1122 αὑτῶν
1581 1064 1788 1123 ’ὡσανεὶ
1846 1081 1961 1131 τοῖς

314 1149 660 1227 λαμϐάνουσι,
737 1169 1058 1228 μεταπεσεῖν
1141 1154 1202 1211 ἐκ
1257 1159 1355 1222 τῆς
1413 1153 1619 1235 φαῦλῆς
1679 1153 1960 1235 διαγογῆς,

315 1242 487 1304 καθὼς
557 1265 659 1300 που
729 1245 816 1299 καὶ
885 1245 1291 1322 καθηγήθησαν,
1366 1246 1453 1300 καὶ
1525 1242 1591 1298 δι’
1650 1243 1962 1322 ὀλιγομέρου

313 1328 636 1410 ἐπιστροφῆς
694 1330 964 1407 βασιλείαν
1022 1333 1230 1389 αἰώνιον
1282 1331 1720 1398 ἀνταλλάξασθαι.
1796 1333 1959 1389 Εὐτε-

311 1415 426 1474 λέσι
471 1417 526 1474 δὲ
593 1421 882 1495 θυμιαμάσι
927 1422 1064 1478 κατὰ
1120 1420 1500 1499 σμικρολόγους
1557 1423 1645 1477 καὶ
1713 1419 1962 1496 κίμϐικας

313 1510 407 1564 οὐκ
464 1505 798 1565 ἐλαπονοῦσι
851 1510 914 1564 τὸ
965 1508 1254 1588 μεγαλεῖον
1308 1515 1401 1566 τοῦ
1444 1511 1746 1585 Πνεύματος
1780 1529 1794 1544 ⁸
1828 1513 1960 1580 (πῶς

310 1596 410 1673 γὰρ
469 1598 516 1651 οὶ
558 1604 731 1653 πᾶσαν
801 1598 898 1665 τὴν
968 1597 1282 1673 οἰκουμένην
1357 1597 1749 1678 φιλανθροπίαις
1815 1621 1957 1654 παν-

309 1681 570 1749 τοδαπαῖς
662 1687 1066 1764 σαγηνεύοντες,
1167 1688 1253 1742 καί
1348 1693 1522 1742 πᾶσαν
1576 1687 1964 1752 πενητεύουσαν

309 1771 678 1844 αὐλακίζοντες
764 1774 1008 1855 ἄρουραν,
1092 1778 1178 1832 καὶ
1273 1775 1541 1856 πολύχουν
1663 1777 1964 1856 ευεργεσίας

309 1865 592 1939 θερζοντες
614 1862 898 1944 ἄσταχυνς
937 1865 956 1945 )
987 1864 1122 1922 ἀλλὰ
1175 1864 1270 1934 τῆς
1330 1867 1536 1946 ἡμέρας
1603 1867 1702 1934 τὴν
1745 1865 1959 1942 δύναμιν

309 1952 679 2028 αἰνιττόμενοι,
715 1955 803 2011 καὶ
851 1951 1180 2018 διδάσκοντες
1239 1956 1462 2032 ὡσπερεὶ
1505 1954 1571 2010 δι’
1630 1957 1798 2014 αὐτῶν
1837 1955 1956 2018 τοὺς

308 2037 698 2121 λαμϐάνοντας,
744 2045 933 2099 ὁποῖον
964 2043 1104 2099 εἶναι
1133 2041 1216 2099 δεῖ
1271 2045 1332 2098 τὸ
1363 2045 1596 2122 ψυχικὸν
1637 2044 1956 2119 κατάστημα

304 2135 398 2185 τοῦ
428 2131 796 2206 νηστεύοντος,
845 2133 932 2188 καὶ
982 2131 1078 2199 τῆς
1139 2133 1419 2206 μετανοίας
1474 2135 1536 2188 τὸ
1577 2131 1948 2213 ὁλοκαύτωμα,

305 2219 394 2273 καὶ
421 2219 517 2285 τῆς
545 2225 853 2299 προσευχῆς
898 2221 959 2276 τὸ
1019 2223 1275 2296 θυμίαμα,
1327 2223 1423 2278 Καὶ
1477 2222 1598 2277 τότε
1653 2221 1750 2296 μὲν
1819 2221 1956 2280 οὕτω

305 2308 669 2364 κατευθύνουσι
697 2314 795 2374 τῆς
855 2309 1098 2375 νηστείας
1163 2312 1226 2365 τὸ
1289 2307 1522 2372 στάδιον,
1562 2312 1704 2367 Κατὰ
1761 2309 1815 2366 δὲ
1859 2315 1958 2379 τὴν

303 2401 404 2462 τῆς
460 2397 747 2476 βαϊοφόρου
801 2399 1137 2476 χαρμόσυνυν
1207 2398 1554 2477 κυριώνυμον,
1615 2401 1688 2464 ὡς
1742 2399 1958 2457 ἀθλοθέ-

305 2507 390 2541 ται
420 2487 744 2561 καθίσαντες,
815 2486 1078 2567 (Ἐκάθισε
1122 2489 1246 2567 γὰρ,
1299 2490 1483 2569 φησὶν,
1547 2492 1573 2544 ὁ
1619 2489 1806 2568 κρίνων
1877 2489 1952 2546 δι-

303 2574 644 2654 καιοσὸνην,)
704 2573 984 2641 δεξιοῦνται
1039 2578 1160 2639 τοὺς
1215 2579 1276 2632 τὸ
1318 2578 1644 2656 παγκράτιον
1687 2584 1783 2645 τῆς
1853 2602 1956 2646 νη-

308 2664 486 2726 στείας
569 2666 913 2739 νικήσαντας,
1021 2667 1206 2740 τιμίων
1307 2666 1396 2722 καί
1478 2666 1638 2745 ἁγίων
1724 2671 1957 2745 σταυρῶν

309 2753 626 2830 ἁγιὰσμασι,
712 2755 800 2810 καὶ
893 2755 1096 2830 νημίων
1205 2752 1523 2834 φωτοϐόλων
1607 2757 1950 2836 χαρίσμασιν,

307 2839 437 2898 Οὐδὲ
507 2843 609 2920 γὰρ
676 2841 879 2899 θέλουσι
959 2858 1290 2923 σκιαμαχεῖν
1361 2845 1480 2909 τοὺς
1550 2846 1765 2909 πιστοὺς
1837 2853 1956 2902 κατ’

305 2929 535 2994 ἐκείνους
566 2933 686 2993 τοὺς
718 2933 1129 3011 νηπιόφορονας,
1161 2923 1281 2988 ἀλλ’
1323 2935 1397 2996 ὡς
1465 2931 1568 3000 ἤδη
1621 2939 1718 3001 τῆς
1751 2934 1958 2992 δικαιο-

1993 1736 2030 1784 Β

2050 709 2110 769 in
2138 729 2250 772 usu
2284 711 2516 791 publico
2547 711 2689 782 sint,
2724 728 2972 791 quaeque
3004 729 3108 790 pro
3142 729 3308 772 more
3335 712 3508 774 datur
3555 732 3697 793 roga

2048 798 2146 858 die
2169 800 2362 861 carnis
2387 799 2578 880 privii,
2609 799 2696 860 sic
2715 800 3019 860 immutata
3041 799 3140 871 sit,
3165 799 3309 862 utin
3347 801 3694 865 anniversa-

2041 886 2189 948 riam
2221 906 2424 967 rogam
2478 888 2936 950 ecclesiasticam
3001 907 3225 967 magna;
3288 888 3450 951 ferim
3508 891 3697 954 tertia;

2041 973 2284 1051 incidat,
2301 975 2799 1056 quemadmodum
2824 975 3064 1056 antiqua
3086 975 3326 1054 Bogalia
3345 977 3689 1058 loquuntur:

2042 1063 2264 1126 idcirco
2295 1068 2436 1125 dant
2483 1065 2830 1145 patriarchae
2889 1064 3109 1146 pOpulo
3161 1072 3294 1145 post
3346 1067 3693 1130 catechesin

2043 1151 2311 1228 incensa,
2341 1153 2470 1215 loco
2489 1153 2694 1215 baioru
2707 1173 2757 1214 m
2781 1171 2796 1228 ;
2823 1153 3390 1217 velutadmonentes
3416 1155 3574 1229 illos,
3591 1158 3695 1238 qui

2045 1259 2113 1302 ea
2141 1251 2406 1317 sumunt,
2431 1251 2492 1302 ut
2511 1246 2800 1304 rationem
2819 1243 3051 1303 vivendi
3073 1261 3304 1322 pravam
3323 1244 3688 1329 relinquant,

2043 1331 2194 1391 sicut
2224 1331 2417 1393 edocti
2448 1331 2588 1402 sint,
2625 1351 2692 1393 ac
2727 1350 2833 1412 per
2875 1331 3328 1394 conversionem
3361 1352 3687 1414 paucorum

2043 1419 2275 1480 dierum
2327 1419 2438 1480 sibi
2489 1438 2733 1500 regnum
2785 1419 2933 1482 illud
2981 1428 3265 1482 internum
3315 1434 3686 1504 comparent.

2044 1509 2330 1570 Caaterum
2358 1529 2463 1590 per
2484 1511 2608 1571 haec
2629 1510 2876 1571 incensa
2902 1508 3029 1570 vilis
3058 1510 3255 1590 pretii,
3285 1530 3452 1573 more
3472 1531 3686 1592 parco-

2042 1614 2173 1656 rum
2209 1597 2512 1660 hominum
2548 1607 2606 1660 et
2634 1617 2965 1671 avarorum,
3018 1598 3384 1677 majestatem
3445 1600 3688 1681 spiritus

2053 1703 2170 1746 non
2199 1687 2569 1762 deminuunt,
2606 1690 2740 1768 (quo
2773 1686 2928 1747 enim
2972 1686 3029 1747 id
3092 1695 3256 1766 pacto
3312 1687 3573 1752 facerent
3619 1692 3684 1768 ii,

2054 1775 2152 1854 qui
2201 1789 2488 1837 terrarum
2519 1776 2724 1837 orbem
2759 1776 3097 1837 universum
3157 1776 3335 1838 variis
3379 1778 3686 1842 beneficiis

2043 1862 2338 1939 irretiunt,
2371 1872 2622 1926 etomne
2642 1863 3682 1948 arvumsterilesulcant,opimasque
3721 1901 3726 1906 -

2045 1949 2453 2014 beneficentia)
2507 1953 2700 2033 spicas
2731 1954 3035 2029 metunt?)
3090 1952 3194 2014 sed
3224 1954 3516 2016 occultam
3551 1956 3681 2036 ejus

2041 2041 2162 2102 diei
2190 2041 2304 2102 vim
2334 2041 2605 2104 indicare
2632 2042 2856 2116 volunt,
2882 2041 3168 2122 quasique
3187 2041 3404 2104 docere
3427 2061 3532 2123 per
3555 2044 3682 2107 hinc

2037 2149 2163 2198 eos.
2197 2129 2299 2209 qui
2329 2147 2396 2193 ea
2427 2139 2686 2200 sumunt,
2724 2129 2916 2210 qualis
2945 2147 3077 2191 esse
3106 2128 3320 2192 debeat
3349 2131 3533 2192 animi
3562 2141 3681 2194 sta-

2041 2227 2132 2280 tus
2150 2218 2210 2279 in
2233 2237 2325 2298 eo,
2353 2219 2452 2299 qui
2470 2219 2764 2298 jejunium
2777 2217 3068 2292 observat,
3085 2216 3258 2297 quale
3270 2217 3676 2281 holocaustum

2042 2306 2426 2386 paenitentiae,
2489 2324 2549 2369 et
2602 2306 2959 2386 precationis
3017 2306 3349 2370 incensum.
3409 2307 3494 2370 Ac
3539 2316 3678 2368 tunc

2042 2395 2282 2476 quidem
2313 2395 2396 2458 ita
2422 2395 2638 2476 jejunii
2667 2394 3024 2458 curriculum
3075 2393 3360 2473 dirigunt.
3397 2399 3474 2458 At
3539 2415 3677 2458 vero

2043 2487 2170 2546 laeta
2201 2485 2297 2545 illa
2326 2486 2423 2546 die
2443 2484 2752 2546 Dominica
2773 2483 3038 2544 baiorum
3057 2482 3426 2562 gestationis,
3455 2484 3676 2547 seden-

2039 2583 2128 2635 tes
2159 2592 2263 2653 pro
2296 2592 2460 2634 more
2490 2571 2968 2636 distribuentium
3000 2569 3241 2651 praemia
3268 2571 3508 2653 (quippe
3530 2591 3677 2635 con-

2039 2663 2212 2736 sedit,
2239 2662 2512 2743 inquiunt
2529 2662 2754 2723 Litterae
2771 2679 2976 2734 sacrae,
3006 2660 3102 2740 qui
3108 2659 3338 2738 judicat
3340 2661 3676 2740 justitiam),

2038 2753 2290 2814 victores
2312 2753 2371 2813 in
2403 2750 2725 2813 certamine
2749 2749 2966 2830 jejunii
3005 2749 3391 2826 pretiosarum
3441 2759 3676 2814 sancta-

2041 2859 2293 2920 rumque
2349 2839 2612 2901 crucium
2685 2837 3153 2906 lustrationibus.
3239 2845 3298 2898 et
3365 2855 3676 2901 cereorum

2042 2929 2550 2991 lucentiunidonis
2566 2928 2889 3009 excipiunt.
2905 2927 3136 3008 Quippe
3161 2946 3274 2988 non
3299 2945 3432 2989 cum
3449 2929 3680 2992 umbris

307 3020 472 3085 σύνης
502 3021 592 3075 τὸν
630 3018 773 3085 ἥλιον
803 3019 1117 3100 βλέποντας,
1174 3021 1273 3088 τὴν
1330 3020 1448 3077 νέαν
1503 3023 1644 3078 Σιὼν
1698 3019 1782 3077 διὰ
1830 3024 1948 3080 πώ-

2035 3019 2318 3080 dimicare
2348 3018 2556 3080 fideles
2585 3018 2807 3093 volunt,
2843 3019 3131 3081 fatuorum
3169 3035 3354 3090 more,
3409 3017 3511 3078 sed
3574 3036 3676 3080 eos

222 3105 224 3107 ’
304 3107 398 3163 λου
467 3109 776 3188 φωτίζοντα,
861 3109 1240 3188 προτρέπονται
1310 3107 1376 3164 δι’
1420 3110 1592 3166 αὐτῶν
1659 3123 1774 3174 τοῖς
1845 3109 1944 3177 ἤδη

303 3207 606 3263 νηστεύουσι
678 3197 921 3264 νηστείαν
1007 3198 1276 3276 Κυρωκὴν
1373 3200 1948 3278 τεσσαρακονθήμερον,

300 3288 389 3352 καὶ
443 3293 552 3342 τῶν
634 3287 812 3344 πάθῶν
895 3287 962 3344 τὰ
1055 3286 1184 3365 νέγη
1246 3284 1481 3362 διώξασι,
1553 3286 1949 3346 συνανατέλλειν

300 3376 438 3451 μετὰ
462 3381 554 3431 τοῦ
595 3376 862 3454 γίγαντος.
927 3377 1070 3432 Βαΐα
1137 3374 1230 3430 λέν
1271 3374 1560 3454 κατέχουσι
1615 3390 1738 3440 ταῖς
1769 3377 1945 3456 χερσὶ,

299 3463 384 3526 διὰ
413 3466 474 3520 τὸ
501 3479 825 3538 μεταπεσεῖν
865 3464 919 3530 ἐξ
984 3464 1250 3538 ἐμπαθοῦς
1319 3465 1406 3521 καὶ
1446 3465 1746 3544 καινοτέρας
1817 3467 1948 3530 ἴσως

301 3550 569 3630 διαγωγῆς
621 3555 753 3632 πρὸς
805 3551 1136 3632 ὑψηλοτέραν
1206 3554 1293 3609 καὶ
1361 3553 1538 3619 ἀπαθῆ
1588 3569 1602 3583 ⁸
1663 3556 1821 3631 κηρία
1896 3552 1950 3610 δὲ

301 3642 389 3696 καὶ
420 3643 693 3720 σταυροὺς,
741 3640 826 3698 διὰ
877 3644 940 3698 τὸ
996 3639 1317 3700 καταϐαλεῖν
1347 3643 1479 3718 μετὰ
1521 3651 1615 3701 τοῦ
1662 3644 1762 3709 τῆς
1819 3641 1951 3709 ἆ-λη-

301 3729 441 3791 θείας
510 3731 685 3809 φωτὸς
740 3732 802 3786 τὸ
853 3730 1155 3810 ἀρχέκακον
1212 3731 1384 3788 Σατὰν
1467 3731 1556 3786 καὶ
1635 3729 1946 3794 ἀντίπαλον,

304 3819 404 3880 Καὶ
430 3817 482 3873 τί
511 3820 611 3896 γὰρ
639 3816 772 3874 ἀλλο
827 3817 990 3899 δῶρον
1032 3817 1306 3890 δοθήσεται
1365 3833 1481 3884 τοῖς
1523 3817 1590 3876 δι’
1642 3820 1949 3900 ἐγκρατείας

304 3909 550 3976 νικήσασι
602 3908 665 3962 τὸ
735 3907 874 3987 μέγα
926 3914 1027 3976 τῆς
1115 3910 1357 3976 νηστείας
1439 3910 1788 3989 παγκράτιον,
1861 3919 1953 3969 τοῦ

299 3998 617 4075 τριποθήτου
661 3997 798 4052 θείου
881 4008 1101 4076 σταυροῦ
1198 3999 1534 4077 τιμιώτερον,
1633 4007 1724 4055 τοῦ
1783 3998 1950 4075 μύλας

298 4086 425 4159 ᾅδου
475 4087 764 4165 παμφάγου
847 4087 1242 4162 συντπίξαντος,
1305 4089 1397 4145 καὶ
1447 4088 1618 4152 πύκας
1673 4093 1816 4158 ζωῆς
1874 4095 1952 4162 τῷ

302 4175 442 4254 γένει
512 4175 622 4231 τῶν
685 4175 972 4255 ἀνθρώπων
1027 4176 1392 4256 ἀνοίψαντοςς
1453 4177 1669 4240 Πάντως
1740 4175 1884 4234 οτῖιδὲν
1931 4196 1948 4214 ο

2029 3107 2206 3169 veluti
2233 3106 2356 3186 jam
2386 3105 2746 3187 aspicientes
2790 3103 3036 3185 justitiae
3089 3102 3300 3178 solem,
3333 3103 3433 3184 qui
3465 3122 3674 3166 novam

2030 3195 2270 3258 Sionem
2295 3214 2400 3276 per
2423 3196 2648 3274 pullum
2663 3195 2977 3269 illuminat,
2996 3209 3104 3272 per
3121 3192 3246 3253 haec
3264 3194 3671 3268 exhortantur,

2031 3283 2378 3346 utabsoluto
2405 3283 2718 3344 Dominico
2742 3282 2975 3344 dierum
2999 3280 3388 3360 quadraginta
3413 3281 3672 3360 jejunio,

2033 3381 2092 3435 et
2113 3371 2366 3434 nubibus
2385 3372 2660 3432 vitiorum
2679 3369 2959 3451 expulsis,
2989 3387 3104 3429 una
3126 3386 3258 3429 cum
3303 3368 3413 3430 hoc
3440 3370 3676 3448 gigante

2036 3462 2216 3542 (dicto
2250 3460 2531 3522 nimirum
2581 3460 2728 3538 sole)
2768 3457 3128 3520 exoriantur.
3165 3460 3238 3518 Et
3270 3455 3402 3518 baia
3429 3457 3672 3536 quidem

2033 3549 2306 3611 manibus
2339 3558 2648 3629 propterea
2681 3554 2904 3620 tenent,
2965 3544 3120 3625 quod
3195 3544 3443 3607 traducti
3498 3546 3677 3609 sinta

2031 3637 2238 3700 vitiosa
2257 3637 2615 3717 profanaque
2636 3636 2883 3697 fortasse
2903 3633 3036 3708 vita,
3062 3633 3136 3694 ad
3160 3631 3570 3696 sublimiorem
3618 3642 3678 3696 et

2031 3725 2306 3789 vitiorum
2340 3735 2642 3806 expertcm
2678 3742 2691 3787 :
2754 3741 2962 3786 cereos
3011 3739 3147 3784 vero
3206 3740 3340 3782 cum
3372 3722 3674 3800 crucibus,

2033 3815 2188 3895 quod
2217 3813 2606 3891 cum,lumine
2637 3811 2894 3874 veritatis
2914 3820 3209 3873 auctorem
3234 3809 3430 3872 omnis
3455 3811 3592 3872 mali
3619 3819 3678 3874 et

2033 3904 2434 3966 adversarium
2491 3921 2663 3964 suum
2747 3900 3020 3964 Satanam
3096 3899 3546 3980 prostraverint.
3607 3900 3678 3962 Et

2033 3993 2328 4072 quodnam
2363 3990 2521 4053 aliud
2552 3991 2774 4053 donum
2807 3989 2906 4067 iis,
2936 3987 3036 4068 qui
3059 3987 3679 4068 percontinentiamin

2031 4080 2136 4142 illo
2169 4098 2377 4158 magno
2404 4079 2622 4158 jejunii
2652 4078 2980 4140 certamine
3009 4085 3262 4139 victores
3318 4078 3672 4153 exstiterint,

2031 4167 2160 4230 dari
2217 4168 2534 4248 pretiosius
2601 4167 2784 4247 possit
2840 4165 3204 4246 optatissima
3255 4183 3423 4227 sacra
3473 4186 3676 4249 cruce,

303 4253 347 4320 εἰ
391 4264 470 4338 μή
513 4284 592 4325 τις
623 4253 789 4320 εἴποιν
829 4266 918 4322 τὸν
976 4262 1043 4320 δι’
1100 4264 1258 4323 αὐτοῦ
1307 4253 1408 4331 τὴν
1492 4265 1756 4343 σωτηρίαν
1810 4265 1947 4342 ἢμϊν

2035 4274 2162 4337 quae
2173 4256 2372 4317 omnia
2387 4255 2728 4318 devorantis
2744 4253 2964 4316 inferni
2992 4253 3282 4332 genuinos
3303 4255 3676 4358 comminuit,

300 4349 657 4432 σχεδιάσαντα
716 4351 890 4419 Ἰησοῦ
932 4354 1156 4433 Χριστὸν
1228 4355 1317 4410 καὶ
1359 4354 1492 4409 Θεὸν
1556 4342 1738 4429 ἡμῶν.
1799 4353 1947 4413 Ἐπεὶ

2035 4353 2089 4406 et
2117 4346 2373 4408 humano
2431 4345 2636 4424 generi
2696 4344 2828 4406 vitae
2885 4351 3083 4433 portas
3111 4343 3343 4433 aperuit
3373 4342 3398 4404 ‘3
3430 4344 3674 4433 omnino

299 4439 354 4497 δὲ
395 4441 483 4497 καὶ
551 4439 775 4516 βασιλέα
827 4440 1057 4507 πολλαῖς
1114 4440 1559 4522 δορυφορούμενον
1614 4443 1940 4520 κυριότησιν,

297 4529 510 4604 ἀμέσως
553 4528 589 4597 ἢ
648 4530 784 4586 κατὰ
837 4531 1070 4608 ῥυπαροῦ
1135 4531 1547 4606 καταστήματος
1599 4532 1694 4587 οὐκ
1748 4530 1943 4597 ἔξεστιν

294 4616 654 4699 ὑποδέξασθαι,
733 4626 836 4678 Νῦν
907 4619 1029 4700 μὲν,
1111 4621 1268 4699 φησὶν
1323 4622 1352 4676 ὁ
1423 4618 1590 4698 μέγας
1639 4619 1938 4700 ἀρχιερεὺς,

293 4721 412 4773 τοῖς
461 4708 806 4789 ἀγχεμάχοις
861 4711 1312 4786 συναριθμήθησε,
1392 4721 1512 4772 τοῖς
1571 4707 1942 4787 σφενδονήταις

293 4798 766 4878 συστοιχειώθητε,
841 4811 959 4862 τοῖς
1030 4798 1371 4862 ἀκαντισταϊς
1437 4796 1782 4874 συνανάϐητε,
1854 4803 1942 4858 καὶ

291 4889 411 4951 τοῖς
478 4886 884 4966 τροπαιοφόροις
940 4885 1372 4954 συνανακλίθησε,
1445 4886 1592 4944 Μετὰ
1658 4884 1713 4942 δὲ
1753 4890 1940 4968 μικρὸν

291 4975 701 5055 ἀναχθήσονται
730 4977 857 5051 ὑμῖν
922 4977 990 5034 τὰ
1039 4975 1323 5056 ἀνάκτορα,
1383 4976 1470 5032 καὶ
1525 4972 1675 5042 ἴδητε
1738 4978 1832 5032 τὸν
1857 4977 1942 5034 οὐ·

292 5072 447 5143 ρανοῦ
516 5065 606 5120 καὶ
671 5069 773 5142 γῆς
859 5063 1203 5140 βασιλεύοντα
1284 5065 1668 5144 ἀπερίγραπτον
1755 5066 1940 5146 Κύριον

293 5155 379 5208 καὶ
410 5154 540 5208 Θεὸν
611 5153 766 5227 ἡμῶν
820 5160 1083 5233 σαρκικῶς
1139 5155 1290 5233 χερσί
1345 5151 1558 5211 δικαίων
1626 5155 1944 5236 περιγραφό-

294 5261 476 5315 μενον,
508 5241 596 5296 ml.
637 5241 779 5309 ζωὴν
841 5240 1190 5308 ἀτελεύτητον
1231 5242 1344 5300 ἀντὶ
1398 5243 1569 5318 βαΐων
1627 5240 1940 5322 φιλοτιμούαο

293 5347 474 5402 μενον.
540 5329 638 5385 Καὶ
706 5328 878 5385 πάντα
921 5329 1016 5404 μὲν
1068 5330 1167 5396 τὴν
1224 5329 1562 5409 χαρμόσυνον
1615 5330 1942 5407 κυριώνυμον

300 5417 397 5484 τῆς
453 5422 560 5472 τῶν
656 5417 832 5492 βαίων
879 5425 1080 5485 σεπτής
1182 5419 1548 5498 πανηγύρεως,
1635 5420 1793 5496 κηρία
1851 5423 1940 5477 καὶ

287 5504 540 5582 σταυροὺς
568 5502 924 5579 λαμϐάνοντες
955 5509 1000 5562 οἱ
1042 5505 1180 5586 λαοὶ,
1238 5507 1336 5573 τὴν
1397 5507 1533 5563 κατὰ
1583 5515 1677 5565 τοῦ
1715 5509 1941 5569 θανάτου

289 5593 439 5660 νίκην
471 5593 679 5655 ἑαυτοῖς
739 5595 1243 5672 προμνηστεύονται,
1319 5597 1404 5652 καὶ
1453 5596 1524 5658 ὡς
1582 5594 1792 5675 ἀστέρες
1839 5619 1942 5654 κα-

2026 4435 2278 4512 nullum,
2303 4434 2568 4516 nisiquis
2585 4433 2786 4499 dicere
2798 4431 2971 4497 velitJ
2981 4450 3145 4495 esum
3165 4429 3462 4493 Christum
3487 4430 3674 4494 Deum

2027 4531 2315 4598 nostrum,
2353 4525 2453 4604 qui
2478 4541 2585 4604 per
2615 4541 2854 4585 crucem
2868 4519 3304 4583 nobissalutem
3338 4517 3673 4599 acquisivit.

2027 4609 2096 4672 Et
2124 4611 2405 4691 quoniam
2434 4629 2637 4690 regem
2671 4611 2992 4685 multorum
3011 4607 3425 4670 dominatuum
3457 4607 3679 4670 satelli-

2027 4699 2106 4762 tio
2134 4699 2415 4781 stipatum
2465 4701 2595 4763 sine
2645 4699 2867 4775 medio,
2928 4697 3018 4760 vel
3078 4715 3212 4758 cum
3245 4704 3398 4758 statu
3435 4696 3675 4759 sordido

2007 4808 2141 4852 non
2171 4789 2313 4853 licet
2341 4789 2616 4871 excipere
2644 4810 2661 4866 ;
2709 4791 2881 4852 Nunc
2910 4786 3176 4869 quidem,
3207 4785 3400 4864 inquit
3428 4803 3675 4864 magnus

2019 4879 2123 4946 ille
2137 4878 2420 4959 pontifex,
2435 4879 2594 4943 inter
2615 4879 2827 4958 pedem
2846 4880 3223 4938 conferentes
3245 4875 3669 4953 numeremini,

2019 4965 2385 5032 funditorum
2407 4968 2618 5030 ordiue
2650 4966 2978 5040 consistite,
3011 4982 3148 5026 cum
3193 4962 3513 5043 sagittariis
3540 4981 3669 5044 per-

2024 5057 2160 5136 gite,
2197 5076 2330 5120 cum
2361 5055 2729 5136 gestantibus
2761 5065 2978 5135 tropaea
3025 5053 3422 5135 procumbite.
3451 5050 3669 5115 Verum

2026 5158 2156 5230 post
2175 5149 2448 5230 exiguum
2470 5149 2753 5230 temporis
2780 5148 3156 5210 intervallum
3172 5145 3300 5225 ipsa
3317 5143 3490 5224 regia
3507 5143 3671 5205 vobis

2023 5239 2345 5320 aperietur,
2369 5259 2439 5302 ac
2461 5238 2738 5302 videbitis
2756 5235 2892 5298 caeli
2911 5244 3207 5314 terraeque
3224 5237 3470 5312 Regem,
3491 5232 3672 5294 nullis

2025 5329 2541 5412 circumscriptum
2563 5327 2834 5391 terminis
2860 5324 3180 5412 Dominum
3203 5321 3511 5412 Deumque
3539 5341 3676 5412 nos-

2027 5425 2180 5478 trum
2212 5409 2528 5482 carnaliter
2569 5420 2862 5498 justorum
2920 5411 3195 5476 manibus
3236 5409 3672 5488 circumscribi,

2023 5506 2320 5590 vitamque
2334 5508 2502 5572 vobis
2533 5508 2650 5571 ﬁne
2670 5512 2974 5568 carentem
2999 5502 3266 5564 baiorum
3291 5499 3668 5590 locolargiri.

2024 5599 2114 5658 Ac
2145 5588 2274 5660 laeta
2305 5598 2544 5682 quidem
2562 5597 2662 5660 illa
2679 5595 2776 5658 die
2797 5591 3106 5657 Dominica
3125 5588 3480 5652 venerabilis
3499 5588 3669 5653 baio-
