  <div class='ocr_page' id='page_1' title='image "/cluster/home/n/w/nwhite01/storage/ocr_20150623/119/hvd.32044073502494/617.png"; bbox 0 0 4074 6212; ppageno 0'>
   <div class='ocr_carea' id='block_1_1' title="bbox 434 293 590 358">
    <p class='ocr_par' dir='ltr' id='par_1_1' title="bbox 434 293 590 358">
     <span class='ocr_line' id='line_1_1' title="bbox 434 293 590 358; baseline 0.038 -7"><span class='ocrx_word' id='word_1_1' title='bbox 434 293 590 358; x_wconf 69' lang='grc'><strong>1249</strong></span> 
     </span>
    </p>
   </div>
   <div class='ocr_carea' id='block_1_2' title="bbox 1793 294 2420 364">
    <p class='ocr_par' dir='ltr' id='par_1_2' title="bbox 1793 294 2420 364">
     <span class='ocr_line' id='line_1_2' title="bbox 1793 294 2420 364; baseline -0.002 -1"><span class='ocrx_word' id='word_1_2' title='bbox 1793 301 1825 364; x_wconf 75' lang='grc' dir='ltr'>Ι</span> <span class='ocrx_word' id='word_1_3' title='bbox 1830 300 1925 362; x_wconf 91' lang='lat' dir='ltr'><strong>US</strong></span> <span class='ocrx_word' id='word_1_4' title='bbox 1969 294 2420 363; x_wconf 81' lang='lat' dir='ltr'><strong>CANONICUM</strong></span> 
     </span>
    </p>
   </div>
   <div class='ocr_carea' id='block_1_3' title="bbox 3666 292 3826 361">
    <p class='ocr_par' dir='ltr' id='par_1_3' title="bbox 3666 292 3826 361">
     <span class='ocr_line' id='line_1_3' title="bbox 3666 292 3826 361; baseline -0.019 -3"><span class='ocrx_word' id='word_1_5' title='bbox 3666 298 3692 358; x_wconf 84' lang='grc'>1</span> <span class='ocrx_word' id='word_1_6' title='bbox 3706 292 3826 361; x_wconf 75' lang='lat'><strong>220</strong></span> 
     </span>
    </p>
   </div>
   <div class='ocr_carea' id='block_1_4' title="bbox 435 427 2073 517">
    <p class='ocr_par' dir='ltr' id='par_1_4' title="bbox 435 427 2073 514">
     <span class='ocr_line' id='line_1_4' title="bbox 435 427 2073 514; baseline 0.004 -26"><span class='ocrx_word' id='word_1_7' title='bbox 435 445 566 489; x_wconf 92' lang='lat' dir='ltr'><strong>rum</strong></span> <span class='ocrx_word' id='word_1_8' title='bbox 585 427 946 512; x_wconf 74' lang='lat' dir='ltr'><strong>festivitatis,</strong></span> <span class='ocrx_word' id='word_1_9' title='bbox 973 431 1111 493; x_wconf 90' lang='lat' dir='ltr'><strong>dum</strong></span> <span class='ocrx_word' id='word_1_10' title='bbox 1141 431 1341 514; x_wconf 87' lang='lat' dir='ltr'><strong>populi</strong></span> <span class='ocrx_word' id='word_1_11' title='bbox 1364 450 1571 494; x_wconf 90' lang='lat' dir='ltr'><strong>cereos</strong></span> <span class='ocrx_word' id='word_1_12' title='bbox 1611 442 1898 495; x_wconf 90' lang='lat' dir='ltr'><strong>etcruces</strong></span> <span class='ocrx_word' id='word_1_13' title='bbox 1924 434 2073 496; x_wconf 91' lang='lat' dir='ltr'><strong>acci-</strong></span> 
     </span>
    </p>
   </div>
   <div class='ocr_carea' id='block_1_5' title="bbox 2157 427 3828 517">
    <p class='ocr_par' dir='ltr' id='par_1_5' title="bbox 2164 432 3828 517">
     <span class='ocr_line' id='line_1_5' title="bbox 2164 432 3828 517; baseline 0.001 -28"><span class='ocrx_word' id='word_1_14' title='bbox 2164 436 2507 513; x_wconf 81' lang='grc' dir='ltr'>ταφωτίζουσι</span> <span class='ocrx_word' id='word_1_15' title='bbox 2535 437 2633 504; x_wconf 74' lang='grc' dir='ltr'><strong>τὴν</strong></span> <span class='ocrx_word' id='word_1_16' title='bbox 2675 435 2926 516; x_wconf 74' lang='grc' dir='ltr'>ἇναστρον</span> <span class='ocrx_word' id='word_1_17' title='bbox 2991 437 3223 517; x_wconf 78' lang='grc' dir='ltr'>σφαῖραν</span> <span class='ocrx_word' id='word_1_18' title='bbox 3277 439 3375 504; x_wconf 77' lang='grc' dir='ltr'>τῆς</span> <span class='ocrx_word' id='word_1_19' title='bbox 3430 432 3828 512; x_wconf 79' lang='grc' dir='ltr'><strong>ἀπογνώσεως,</strong></span> 
     </span>
    </p>
   </div>
   <div class='ocr_carea' id='block_1_6' title="bbox 442 518 2082 598">
    <p class='ocr_par' dir='ltr' id='par_1_6' title="bbox 442 518 2082 598">
     <span class='ocr_line' id='line_1_6' title="bbox 442 518 2082 598; baseline 0.004 -21"><span class='ocrx_word' id='word_1_20' title='bbox 442 518 633 598; x_wconf 88' lang='lat' dir='ltr'><strong>piunt,</strong></span> <span class='ocrx_word' id='word_1_21' title='bbox 669 519 975 581; x_wconf 81' lang='lat' dir='ltr'><strong>victoriam</strong></span> <span class='ocrx_word' id='word_1_22' title='bbox 1011 520 1292 582; x_wconf 81' lang='lat' dir='ltr'><strong>adversus</strong></span> <span class='ocrx_word' id='word_1_23' title='bbox 1324 530 1574 583; x_wconf 92' lang='lat' dir='ltr'><strong>mortem</strong></span> <span class='ocrx_word' id='word_1_24' title='bbox 1614 520 1729 582; x_wconf 89' lang='lat' dir='ltr'><strong>sibi</strong></span> <span class='ocrx_word' id='word_1_25' title='bbox 1760 529 1918 585; x_wconf 87' lang='lat' dir='ltr'><strong>certe</strong></span> <span class='ocrx_word' id='word_1_26' title='bbox 1946 524 2082 584; x_wconf 88' lang='lat' dir='ltr'><strong>des-</strong></span> 
     </span>
    </p>
   </div>
   <div class='ocr_carea' id='block_1_7' title="bbox 439 607 2082 692">
    <p class='ocr_par' dir='ltr' id='par_1_7' title="bbox 439 607 2082 692">
     <span class='ocr_line' id='line_1_7' title="bbox 439 607 2082 692; baseline 0.005 -26"><span class='ocrx_word' id='word_1_27' title='bbox 439 607 729 686; x_wconf 91' lang='lat' dir='ltr'><strong>pondent,</strong></span> <span class='ocrx_word' id='word_1_28' title='bbox 762 621 822 669; x_wconf 89' lang='lat' dir='ltr'><strong>et</strong></span> <span class='ocrx_word' id='word_1_29' title='bbox 856 611 1036 670; x_wconf 91' lang='lat' dir='ltr'><strong>instar</strong></span> <span class='ocrx_word' id='word_1_30' title='bbox 1067 610 1330 671; x_wconf 85' lang='lat' dir='ltr'><strong>siderum</strong></span> <span class='ocrx_word' id='word_1_31' title='bbox 1384 611 1719 673; x_wconf 88' lang='lat' dir='ltr'><strong>illuminant</strong></span> <span class='ocrx_word' id='word_1_32' title='bbox 1781 620 2082 692; x_wconf 79' lang='lat' dir='ltr'><strong>expertem</strong></span> 
     </span>
    </p>
   </div>
   <div class='ocr_carea' id='block_1_8' title="bbox 437 698 2081 782">
    <p class='ocr_par' dir='ltr' id='par_1_8' title="bbox 437 698 2081 782">
     <span class='ocr_line' id='line_1_8' title="bbox 437 698 2081 782; baseline 0.005 -28"><span class='ocrx_word' id='word_1_33' title='bbox 437 705 730 756; x_wconf 85' lang='lat' dir='ltr'><strong>astrorum</strong></span> <span class='ocrx_word' id='word_1_34' title='bbox 791 698 1084 777; x_wconf 57' lang='lat' dir='ltr'><strong>sphaeram</strong></span> <span class='ocrx_word' id='word_1_35' title='bbox 1136 698 1620 779; x_wconf 82' lang='lat' dir='ltr'><strong>desperationis;</strong></span> <span class='ocrx_word' id='word_1_36' title='bbox 1668 700 1757 760; x_wconf 86' lang='lat' dir='ltr'><strong>vel</strong></span> <span class='ocrx_word' id='word_1_37' title='bbox 1808 709 2081 782; x_wconf 87' lang='lat' dir='ltr'><strong>tanquam</strong></span> 
     </span>
    </p>
   </div>
   <div class='ocr_carea' id='block_1_9' title="bbox 438 784 2082 867">
    <p class='ocr_par' dir='ltr' id='par_1_9' title="bbox 438 784 2082 867">
     <span class='ocr_line' id='line_1_9' title="bbox 438 784 2082 867; baseline 0.004 -23"><span class='ocrx_word' id='word_1_38' title='bbox 438 784 590 845; x_wconf 86' lang='lat' dir='ltr'><strong>servi</strong></span> <span class='ocrx_word' id='word_1_39' title='bbox 624 784 851 858; x_wconf 82' lang='lat' dir='ltr'><strong>ﬁdeles,</strong></span> <span class='ocrx_word' id='word_1_40' title='bbox 891 787 990 866; x_wconf 88' lang='lat' dir='ltr'><strong>qui</strong></span> <span class='ocrx_word' id='word_1_41' title='bbox 1019 787 1180 847; x_wconf 84' lang='lat' dir='ltr'><strong>faces</strong></span> <span class='ocrx_word' id='word_1_42' title='bbox 1209 794 1462 865; x_wconf 73' lang='lat' dir='ltr'><strong>gestant,</strong></span> <span class='ocrx_word' id='word_1_43' title='bbox 1501 805 1607 867; x_wconf 82' lang='lat' dir='ltr'><strong>per</strong></span> <span class='ocrx_word' id='word_1_44' title='bbox 1635 787 1803 848; x_wconf 90' lang='lat' dir='ltr'><strong>trivia</strong></span> <span class='ocrx_word' id='word_1_45' title='bbox 1835 789 2082 850; x_wconf 85' lang='lat' dir='ltr'><strong>circum-</strong></span> 
     </span>
    </p>
   </div>
   <div class='ocr_carea' id='block_1_10' title="bbox 437 874 2078 958">
    <p class='ocr_par' dir='ltr' id='par_1_10' title="bbox 437 874 2078 958">
     <span class='ocr_line' id='line_1_10' title="bbox 437 874 2078 958; baseline 0.002 -24"><span class='ocrx_word' id='word_1_46' title='bbox 437 889 671 954; x_wconf 80' lang='lat' dir='ltr'><strong>euntes,</strong></span> <span class='ocrx_word' id='word_1_47' title='bbox 703 874 1019 937; x_wconf 81' lang='lat' dir='ltr'><strong>adventum</strong></span> <span class='ocrx_word' id='word_1_48' title='bbox 1054 875 1259 956; x_wconf 75' lang='lat' dir='ltr'><strong>sponsi</strong></span> <span class='ocrx_word' id='word_1_49' title='bbox 1307 877 1768 956; x_wconf 85' lang='lat' dir='ltr'><strong>splendidiorem</strong></span> <span class='ocrx_word' id='word_1_50' title='bbox 1802 878 2078 958; x_wconf 86' lang='lat' dir='ltr'><strong>reddunt,</strong></span> 
     </span>
    </p>
   </div>
   <div class='ocr_carea' id='block_1_11' title="bbox 439 964 2080 1048">
    <p class='ocr_par' dir='ltr' id='par_1_11' title="bbox 439 964 2080 1048">
     <span class='ocr_line' id='line_1_11' title="bbox 439 964 2080 1048; baseline 0.002 -25"><span class='ocrx_word' id='word_1_51' title='bbox 439 964 630 1043; x_wconf 87' lang='lat' dir='ltr'><strong>deque</strong></span> <span class='ocrx_word' id='word_1_52' title='bbox 649 964 813 1044; x_wconf 83' lang='lat' dir='ltr'><strong>lepra</strong></span> <span class='ocrx_word' id='word_1_53' title='bbox 835 964 1221 1025; x_wconf 89' lang='lat' dir='ltr'><strong>sectariorum</strong></span> <span class='ocrx_word' id='word_1_54' title='bbox 1252 965 1309 1024; x_wconf 88' lang='lat' dir='ltr'><strong>in</strong></span> <span class='ocrx_word' id='word_1_55' title='bbox 1333 965 1582 1043; x_wconf 81' lang='lat' dir='ltr'><strong>caligine</strong></span> <span class='ocrx_word' id='word_1_56' title='bbox 1596 966 1927 1027; x_wconf 90' lang='lat' dir='ltr'><strong>sedentium</strong></span> <span class='ocrx_word' id='word_1_57' title='bbox 1943 988 2080 1048; x_wconf 76' lang='lat' dir='ltr'><strong>qun-</strong></span> 
     </span>
    </p>
   </div>
   <div class='ocr_carea' id='block_1_12' title="bbox 436 1053 2080 1134">
    <p class='ocr_par' dir='ltr' id='par_1_12' title="bbox 436 1053 2080 1134">
     <span class='ocr_line' id='line_1_12' title="bbox 436 1053 2080 1134; baseline 0.001 -17"><span class='ocrx_word' id='word_1_58' title='bbox 436 1056 486 1117; x_wconf 90' lang='lat' dir='ltr'><strong>si</strong></span> <span class='ocrx_word' id='word_1_59' title='bbox 519 1054 903 1134; x_wconf 87' lang='lat' dir='ltr'><strong>triumphant.</strong></span> <span class='ocrx_word' id='word_1_60' title='bbox 941 1053 1076 1115; x_wconf 88' lang='lat' dir='ltr'><strong>Post</strong></span> <span class='ocrx_word' id='word_1_61' title='bbox 1105 1054 1261 1115; x_wconf 88' lang='lat' dir='ltr'><strong>diem</strong></span> <span class='ocrx_word' id='word_1_62' title='bbox 1297 1073 1430 1116; x_wconf 89' lang='lat' dir='ltr'><strong>vero</strong></span> <span class='ocrx_word' id='word_1_63' title='bbox 1464 1056 1700 1116; x_wconf 81' lang='lat' dir='ltr'><strong>tertium</strong></span> <span class='ocrx_word' id='word_1_64' title='bbox 1725 1066 1960 1117; x_wconf 83' lang='lat' dir='ltr'><strong>curator</strong></span> <span class='ocrx_word' id='word_1_65' title='bbox 1984 1057 2080 1118; x_wconf 77' lang='lat' dir='ltr'><strong>ille</strong></span> 
     </span>
    </p>
   </div>
   <div class='ocr_carea' id='block_1_13' title="bbox 442 1142 2076 1225">
    <p class='ocr_par' dir='ltr' id='par_1_13' title="bbox 442 1142 2076 1225">
     <span class='ocr_line' id='line_1_13' title="bbox 442 1142 2076 1225; baseline 0.001 -20"><span class='ocrx_word' id='word_1_66' title='bbox 442 1145 836 1205; x_wconf 86' lang='lat' dir='ltr'><strong>humanarum</strong></span> <span class='ocrx_word' id='word_1_67' title='bbox 870 1142 1224 1217; x_wconf 91' lang='lat' dir='ltr'><strong>animarum,</strong></span> <span class='ocrx_word' id='word_1_68' title='bbox 1257 1143 1536 1206; x_wconf 89' lang='lat' dir='ltr'><strong>videlicet</strong></span> <span class='ocrx_word' id='word_1_69' title='bbox 1564 1143 1690 1224; x_wconf 91' lang='lat' dir='ltr'><strong>ipse</strong></span> <span class='ocrx_word' id='word_1_70' title='bbox 1723 1145 2076 1225; x_wconf 86' lang='lat' dir='ltr'><strong>patriarcha,</strong></span> 
     </span>
    </p>
   </div>
   <div class='ocr_carea' id='block_1_14' title="bbox 441 1231 2076 1316">
    <p class='ocr_par' dir='ltr' id='par_1_14' title="bbox 441 1231 2076 1316">
     <span class='ocr_line' id='line_1_14' title="bbox 441 1231 2076 1316; baseline 0.001 -22"><span class='ocrx_word' id='word_1_71' title='bbox 441 1233 608 1314; x_wconf 91' lang='lat' dir='ltr'><strong>quasi</strong></span> <span class='ocrx_word' id='word_1_72' title='bbox 636 1231 966 1294; x_wconf 91' lang='lat' dir='ltr'><strong>rationibus</strong></span> <span class='ocrx_word' id='word_1_73' title='bbox 1022 1251 1223 1313; x_wconf 79' lang='lat' dir='ltr'><strong>secum</strong></span> <span class='ocrx_word' id='word_1_74' title='bbox 1275 1233 1574 1314; x_wconf 86' lang='lat' dir='ltr'><strong>expensis,</strong></span> <span class='ocrx_word' id='word_1_75' title='bbox 1635 1253 1709 1295; x_wconf 89' lang='lat' dir='ltr'><strong>ne</strong></span> <span class='ocrx_word' id='word_1_76' title='bbox 1740 1235 1872 1314; x_wconf 84' lang='lat' dir='ltr'><strong>quis</strong></span> <span class='ocrx_word' id='word_1_77' title='bbox 1901 1256 2076 1316; x_wconf 78' lang='lat' dir='ltr'><strong>quam</strong></span> 
     </span>
    </p>
   </div>
   <div class='ocr_carea' id='block_1_15' title="bbox 436 1320 2080 1403">
    <p class='ocr_par' dir='ltr' id='par_1_15' title="bbox 436 1320 2080 1403">
     <span class='ocr_line' id='line_1_15' title="bbox 436 1320 2080 1403; baseline 0.002 -21"><span class='ocrx_word' id='word_1_78' title='bbox 436 1323 567 1402; x_wconf 89' lang='lat' dir='ltr'><strong>ipso</strong></span> <span class='ocrx_word' id='word_1_79' title='bbox 623 1321 896 1382; x_wconf 85' lang='lat' dir='ltr'><strong>salutaris</strong></span> <span class='ocrx_word' id='word_1_80' title='bbox 956 1320 1248 1401; x_wconf 88' lang='lat' dir='ltr'><strong>passionis</strong></span> <span class='ocrx_word' id='word_1_81' title='bbox 1305 1322 1546 1401; x_wconf 79' lang='lat' dir='ltr'><strong>praemia</strong></span> <span class='ocrx_word' id='word_1_82' title='bbox 1602 1332 1809 1384; x_wconf 84' lang='lat' dir='ltr'><strong>tractet</strong></span> <span class='ocrx_word' id='word_1_83' title='bbox 1836 1323 2080 1403; x_wconf 87' lang='lat' dir='ltr'><strong>indigne</strong></span> 
     </span>
    </p>
   </div>
   <div class='ocr_carea' id='block_1_16' title="bbox 441 1410 2077 1490">
    <p class='ocr_par' dir='ltr' id='par_1_16' title="bbox 441 1410 2077 1490">
     <span class='ocr_line' id='line_1_16' title="bbox 441 1410 2077 1490; baseline 0.002 -20"><span class='ocrx_word' id='word_1_84' title='bbox 441 1412 600 1490; x_wconf 92' lang='lat' dir='ltr'><strong>(nam</strong></span> <span class='ocrx_word' id='word_1_85' title='bbox 634 1411 824 1490; x_wconf 91' lang='lat' dir='ltr'><strong>ipsum</strong></span> <span class='ocrx_word' id='word_1_86' title='bbox 854 1410 970 1471; x_wconf 92' lang='lat' dir='ltr'><strong>mel</strong></span> <span class='ocrx_word' id='word_1_87' title='bbox 1003 1427 1237 1490; x_wconf 90' lang='lat' dir='ltr'><strong>quoque</strong></span> <span class='ocrx_word' id='word_1_88' title='bbox 1268 1410 1484 1488; x_wconf 64' lang='lat' dir='ltr'><strong>saepius</strong></span> <span class='ocrx_word' id='word_1_89' title='bbox 1508 1410 1887 1473; x_wconf 88' lang='lat' dir='ltr'><strong>dulcedinem</strong></span> <span class='ocrx_word' id='word_1_90' title='bbox 1911 1430 2077 1476; x_wconf 88' lang='lat' dir='ltr'><strong>suam</strong></span> 
     </span>
    </p>
   </div>
   <div class='ocr_carea' id='block_1_17' title="bbox 437 1499 2078 1583">
    <p class='ocr_par' dir='ltr' id='par_1_17' title="bbox 437 1499 2078 1583">
     <span class='ocr_line' id='line_1_17' title="bbox 437 1499 2078 1583; baseline 0.002 -23"><span class='ocrx_word' id='word_1_91' title='bbox 437 1501 498 1560; x_wconf 93' lang='lat' dir='ltr'><strong>in</strong></span> <span class='ocrx_word' id='word_1_92' title='bbox 530 1504 813 1560; x_wconf 83' lang='lat' dir='ltr'><strong>vomitum</strong></span> <span class='ocrx_word' id='word_1_93' title='bbox 847 1506 1195 1560; x_wconf 86' lang='lat' dir='ltr'><strong>convertere</strong></span> <span class='ocrx_word' id='word_1_94' title='bbox 1217 1499 1390 1572; x_wconf 88' lang='lat' dir='ltr'><strong>solet,</strong></span> <span class='ocrx_word' id='word_1_95' title='bbox 1415 1499 1464 1559; x_wconf 93' lang='lat' dir='ltr'><strong>si</strong></span> <span class='ocrx_word' id='word_1_96' title='bbox 1493 1499 1664 1562; x_wconf 89' lang='lat' dir='ltr'><strong>aliter</strong></span> <span class='ocrx_word' id='word_1_97' title='bbox 1684 1519 1861 1580; x_wconf 82' lang='lat' dir='ltr'><strong>quam</strong></span> <span class='ocrx_word' id='word_1_98' title='bbox 1894 1519 2078 1583; x_wconf 85' lang='lat' dir='ltr'><strong>expe—</strong></span> 
     </span>
    </p>
   </div>
   <div class='ocr_carea' id='block_1_18' title="bbox 435 1586 2078 1669">
    <p class='ocr_par' dir='ltr' id='par_1_18' title="bbox 435 1586 2078 1669">
     <span class='ocr_line' id='line_1_18' title="bbox 435 1586 2078 1669; baseline 0.002 -21"><span class='ocrx_word' id='word_1_99' title='bbox 435 1589 580 1662; x_wconf 87' lang='lat' dir='ltr'><strong>diat,</strong></span> <span class='ocrx_word' id='word_1_100' title='bbox 613 1597 910 1668; x_wconf 87' lang='lat' dir='ltr'><strong>sumptum</strong></span> <span class='ocrx_word' id='word_1_101' title='bbox 944 1593 1065 1661; x_wconf 84' lang='lat' dir='ltr'><strong>sit),</strong></span> <span class='ocrx_word' id='word_1_102' title='bbox 1097 1586 1290 1648; x_wconf 90' lang='lat' dir='ltr'><strong>instar</strong></span> <span class='ocrx_word' id='word_1_103' title='bbox 1319 1589 1583 1649; x_wconf 83' lang='lat' dir='ltr'><strong>custodis</strong></span> <span class='ocrx_word' id='word_1_104' title='bbox 1600 1590 1857 1669; x_wconf 87' lang='lat' dir='ltr'><strong>vigilacis</strong></span> <span class='ocrx_word' id='word_1_105' title='bbox 1885 1600 2078 1652; x_wconf 88' lang='lat' dir='ltr'><strong>matu-</strong></span> 
     </span>
    </p>
   </div>
   <div class='ocr_carea' id='block_1_19' title="bbox 435 1677 2079 1759">
    <p class='ocr_par' dir='ltr' id='par_1_19' title="bbox 435 1677 2079 1759">
     <span class='ocr_line' id='line_1_19' title="bbox 435 1677 2079 1759; baseline 0.001 -21"><span class='ocrx_word' id='word_1_106' title='bbox 435 1678 562 1739; x_wconf 91' lang='lat' dir='ltr'><strong>rius</strong></span> <span class='ocrx_word' id='word_1_107' title='bbox 589 1695 861 1756; x_wconf 83' lang='lat' dir='ltr'><strong>surgens,</strong></span> <span class='ocrx_word' id='word_1_108' title='bbox 897 1677 1130 1738; x_wconf 92' lang='lat' dir='ltr'><strong>incensi</strong></span> <span class='ocrx_word' id='word_1_109' title='bbox 1187 1679 1286 1737; x_wconf 92' lang='lat' dir='ltr'><strong>dat</strong></span> <span class='ocrx_word' id='word_1_110' title='bbox 1342 1677 1642 1751; x_wconf 63' lang='lat' dir='ltr'><strong>ﬁdi-libus,</strong></span> <span class='ocrx_word' id='word_1_111' title='bbox 1678 1679 1941 1742; x_wconf 66' lang='lat' dir='ltr'><strong>indicare</strong></span> <span class='ocrx_word' id='word_1_112' title='bbox 1973 1697 2079 1759; x_wconf 87' lang='lat' dir='ltr'><strong>per</strong></span> 
     </span>
    </p>
   </div>
   <div class='ocr_carea' id='block_1_20' title="bbox 440 1765 2077 1848">
    <p class='ocr_par' dir='ltr' id='par_1_20' title="bbox 440 1765 2077 1848">
     <span class='ocr_line' id='line_1_20' title="bbox 440 1765 2077 1848; baseline 0.001 -19"><span class='ocrx_word' id='word_1_113' title='bbox 440 1768 567 1829; x_wconf 70' lang='lat' dir='ltr'><strong>haec</strong></span> <span class='ocrx_word' id='word_1_114' title='bbox 627 1767 852 1848; x_wconf 88' lang='lat' dir='ltr'><strong>volens,</strong></span> <span class='ocrx_word' id='word_1_115' title='bbox 908 1774 966 1827; x_wconf 90' lang='lat' dir='ltr'><strong>et</strong></span> <span class='ocrx_word' id='word_1_116' title='bbox 1021 1765 1368 1839; x_wconf 90' lang='lat' dir='ltr'><strong>admonere,</strong></span> <span class='ocrx_word' id='word_1_117' title='bbox 1405 1786 1480 1828; x_wconf 91' lang='lat' dir='ltr'><strong>ne</strong></span> <span class='ocrx_word' id='word_1_118' title='bbox 1510 1768 1718 1830; x_wconf 82' lang='lat' dir='ltr'><strong>festivo</strong></span> <span class='ocrx_word' id='word_1_119' title='bbox 1751 1788 1938 1844; x_wconf 91' lang='lat' dir='ltr'><strong>more,</strong></span> <span class='ocrx_word' id='word_1_120' title='bbox 1973 1771 2077 1832; x_wconf 88' lang='lat' dir='ltr'><strong>sed</strong></span> 
     </span>
    </p>
   </div>
   <div class='ocr_carea' id='block_1_21' title="bbox 436 1855 2078 1938">
    <p class='ocr_par' dir='ltr' id='par_1_21' title="bbox 436 1855 2078 1938">
     <span class='ocr_line' id='line_1_21' title="bbox 436 1855 2078 1938; baseline 0.002 -22"><span class='ocrx_word' id='word_1_121' title='bbox 436 1855 698 1938; x_wconf 81' lang='lat' dir='ltr'><strong>pugilum</strong></span> <span class='ocrx_word' id='word_1_122' title='bbox 730 1857 845 1917; x_wconf 93' lang='lat' dir='ltr'><strong>ritu</strong></span> <span class='ocrx_word' id='word_1_123' title='bbox 876 1856 1157 1936; x_wconf 88' lang='lat' dir='ltr'><strong>deinceps</strong></span> <span class='ocrx_word' id='word_1_124' title='bbox 1213 1855 1446 1916; x_wconf 90' lang='lat' dir='ltr'><strong>dierum</strong></span> <span class='ocrx_word' id='word_1_125' title='bbox 1491 1857 1850 1919; x_wconf 70' lang='lat' dir='ltr'><strong>curriculum</strong></span> <span class='ocrx_word' id='word_1_126' title='bbox 1883 1859 2078 1921; x_wconf 88' lang='lat' dir='ltr'><strong>susci-</strong></span> 
     </span>
    </p>
   </div>
   <div class='ocr_carea' id='block_1_22' title="bbox 436 1944 2078 2026">
    <p class='ocr_par' dir='ltr' id='par_1_22' title="bbox 436 1944 2078 2026">
     <span class='ocr_line' id='line_1_22' title="bbox 436 1944 2078 2026; baseline 0.002 -20"><span class='ocrx_word' id='word_1_127' title='bbox 436 1946 621 2026; x_wconf 89' lang='lat' dir='ltr'><strong>piant.</strong></span> <span class='ocrx_word' id='word_1_128' title='bbox 651 1946 812 2007; x_wconf 90' lang='lat' dir='ltr'><strong>Licet</strong></span> <span class='ocrx_word' id='word_1_129' title='bbox 831 1947 1014 2012; x_wconf 86' lang='lat' dir='ltr'><strong>enim.</strong></span> <span class='ocrx_word' id='word_1_130' title='bbox 1038 1944 1247 2026; x_wconf 90' lang='lat' dir='ltr'><strong>inquit,</strong></span> <span class='ocrx_word' id='word_1_131' title='bbox 1270 1944 1493 2025; x_wconf 88' lang='lat' dir='ltr'><strong>absque</strong></span> <span class='ocrx_word' id='word_1_132' title='bbox 1516 1946 1778 2026; x_wconf 84' lang='lat' dir='ltr'><strong>periculo</strong></span> <span class='ocrx_word' id='word_1_133' title='bbox 1803 1965 2078 2026; x_wconf 85' lang='lat' dir='ltr'><strong>magnum</strong></span> 
     </span>
    </p>
   </div>
   <div class='ocr_carea' id='block_1_23' title="bbox 435 2034 2080 2116">
    <p class='ocr_par' dir='ltr' id='par_1_23' title="bbox 435 2034 2080 2116">
     <span class='ocr_line' id='line_1_23' title="bbox 435 2034 2080 2116; baseline 0.002 -21"><span class='ocrx_word' id='word_1_134' title='bbox 435 2035 580 2096; x_wconf 91' lang='lat' dir='ltr'><strong>illud</strong></span> <span class='ocrx_word' id='word_1_135' title='bbox 607 2034 822 2114; x_wconf 88' lang='lat' dir='ltr'><strong>jejunii</strong></span> <span class='ocrx_word' id='word_1_136' title='bbox 857 2035 1097 2115; x_wconf 85' lang='lat' dir='ltr'><strong>pelagus</strong></span> <span class='ocrx_word' id='word_1_137' title='bbox 1126 2053 1160 2095; x_wconf 94' lang='lat' dir='ltr'><strong>a</strong></span> <span class='ocrx_word' id='word_1_138' title='bbox 1194 2035 1558 2114; x_wconf 84' lang='lat' dir='ltr'><strong>crucisvelo</strong></span> <span class='ocrx_word' id='word_1_139' title='bbox 1586 2035 1871 2097; x_wconf 87' lang='lat' dir='ltr'><strong>sublevati</strong></span> <span class='ocrx_word' id='word_1_140' title='bbox 1901 2037 2080 2116; x_wconf 87' lang='lat' dir='ltr'><strong>traje-</strong></span> 
     </span>
    </p>
   </div>
   <div class='ocr_carea' id='block_1_24' title="bbox 433 2123 2077 2204">
    <p class='ocr_par' dir='ltr' id='par_1_24' title="bbox 433 2123 2077 2204">
     <span class='ocr_line' id='line_1_24' title="bbox 433 2123 2077 2204; baseline 0.003 -20"><span class='ocrx_word' id='word_1_141' title='bbox 433 2123 616 2196; x_wconf 86' lang='lat' dir='ltr'><strong>cistis,</strong></span> <span class='ocrx_word' id='word_1_142' title='bbox 650 2131 709 2185; x_wconf 88' lang='lat' dir='ltr'><strong>et</strong></span> <span class='ocrx_word' id='word_1_143' title='bbox 736 2123 808 2185; x_wconf 91' lang='lat' dir='ltr'><strong>ad</strong></span> <span class='ocrx_word' id='word_1_144' title='bbox 852 2123 1116 2185; x_wconf 90' lang='lat' dir='ltr'><strong>divinum</strong></span> <span class='ocrx_word' id='word_1_145' title='bbox 1176 2132 1406 2204; x_wconf 91' lang='lat' dir='ltr'><strong>portum</strong></span> <span class='ocrx_word' id='word_1_146' title='bbox 1465 2133 1800 2186; x_wconf 89' lang='lat' dir='ltr'><strong>sanctorum</strong></span> <span class='ocrx_word' id='word_1_147' title='bbox 1862 2124 2077 2190; x_wconf 88' lang='lat' dir='ltr'><strong>Christi</strong></span> 
     </span>
    </p>
   </div>
   <div class='ocr_carea' id='block_1_25' title="bbox 429 2213 2078 2294">
    <p class='ocr_par' dir='ltr' id='par_1_25' title="bbox 429 2213 2078 2294">
     <span class='ocr_line' id='line_1_25' title="bbox 429 2213 2078 2294; baseline 0 -18"><span class='ocrx_word' id='word_1_148' title='bbox 429 2213 658 2294; x_wconf 88' lang='lat' dir='ltr'><strong>Deique</strong></span> <span class='ocrx_word' id='word_1_149' title='bbox 690 2213 874 2274; x_wconf 90' lang='lat' dir='ltr'><strong>nostri</strong></span> <span class='ocrx_word' id='word_1_150' title='bbox 900 2213 1222 2275; x_wconf 90' lang='lat' dir='ltr'><strong>cruciatum</strong></span> <span class='ocrx_word' id='word_1_151' title='bbox 1255 2213 1565 2293; x_wconf 86' lang='lat' dir='ltr'><strong>appulistis</strong></span> <span class='ocrx_word' id='word_1_152' title='bbox 1596 2233 1609 2273; x_wconf 93' lang='lat'>:</span> <span class='ocrx_word' id='word_1_153' title='bbox 1668 2221 1865 2276; x_wconf 90' lang='lat' dir='ltr'><strong>tamen</strong></span> <span class='ocrx_word' id='word_1_154' title='bbox 1893 2214 2078 2276; x_wconf 90' lang='lat' dir='ltr'><strong>instar</strong></span> 
     </span>
    </p>
   </div>
   <div class='ocr_carea' id='block_1_26' title="bbox 427 2301 2076 2383">
    <p class='ocr_par' dir='ltr' id='par_1_26' title="bbox 427 2301 2076 2383">
     <span class='ocr_line' id='line_1_26' title="bbox 427 2301 2076 2383; baseline 0 -19"><span class='ocrx_word' id='word_1_155' title='bbox 427 2302 588 2364; x_wconf 89' lang='lat' dir='ltr'><strong>illius</strong></span> <span class='ocrx_word' id='word_1_156' title='bbox 619 2301 926 2383; x_wconf 89' lang='lat' dir='ltr'><strong>prudentis</strong></span> <span class='ocrx_word' id='word_1_157' title='bbox 957 2301 1373 2381; x_wconf 90' lang='lat' dir='ltr'><strong>negociatoris,</strong></span> <span class='ocrx_word' id='word_1_158' title='bbox 1403 2302 1877 2365; x_wconf 63' lang='lat' dir='ltr'><strong>inaestimabilem</strong></span> <span class='ocrx_word' id='word_1_159' title='bbox 1911 2304 2076 2365; x_wconf 90' lang='lat' dir='ltr'><strong>illum</strong></span> 
     </span>
    </p>
   </div>
   <div class='ocr_carea' id='block_1_27' title="bbox 433 2391 2079 2474">
    <p class='ocr_par' dir='ltr' id='par_1_27' title="bbox 433 2391 2079 2474">
     <span class='ocr_line' id='line_1_27' title="bbox 433 2391 2079 2474; baseline 0.001 -21"><span class='ocrx_word' id='word_1_160' title='bbox 433 2392 712 2453; x_wconf 94' lang='lat' dir='ltr'><strong>unionem</strong></span> <span class='ocrx_word' id='word_1_161' title='bbox 727 2392 1033 2454; x_wconf 85' lang='lat' dir='ltr'><strong>consecuti</strong></span> <span class='ocrx_word' id='word_1_162' title='bbox 1055 2410 1171 2453; x_wconf 90' lang='lat' dir='ltr'><strong>non</strong></span> <span class='ocrx_word' id='word_1_163' title='bbox 1187 2391 1351 2452; x_wconf 89' lang='lat' dir='ltr'><strong>estis.</strong></span> <span class='ocrx_word' id='word_1_164' title='bbox 1373 2393 1579 2453; x_wconf 84' lang='lat' dir='ltr'><strong>Adhuc</strong></span> <span class='ocrx_word' id='word_1_165' title='bbox 1596 2392 1754 2453; x_wconf 90' lang='lat' dir='ltr'><strong>enim</strong></span> <span class='ocrx_word' id='word_1_166' title='bbox 1773 2393 2079 2474; x_wconf 65' lang='lat' dir='ltr'><strong>praedones</strong></span> 
     </span>
    </p>
   </div>
   <div class='ocr_carea' id='block_1_28' title="bbox 429 2479 2083 2559">
    <p class='ocr_par' dir='ltr' id='par_1_28' title="bbox 429 2479 2083 2559">
     <span class='ocr_line' id='line_1_28' title="bbox 429 2479 2083 2559; baseline 0 -16"><span class='ocrx_word' id='word_1_167' title='bbox 429 2500 498 2544; x_wconf 88' lang='lat' dir='ltr'><strong>ac</strong></span> <span class='ocrx_word' id='word_1_168' title='bbox 522 2481 782 2543; x_wconf 88' lang='lat' dir='ltr'><strong>latrones</strong></span> <span class='ocrx_word' id='word_1_169' title='bbox 800 2480 1063 2542; x_wconf 87' lang='lat' dir='ltr'><strong>studiose</strong></span> <span class='ocrx_word' id='word_1_170' title='bbox 1092 2479 1335 2542; x_wconf 90' lang='lat' dir='ltr'><strong>domino</strong></span> <span class='ocrx_word' id='word_1_171' title='bbox 1365 2498 1470 2559; x_wconf 87' lang='lat' dir='ltr'><strong>per</strong></span> <span class='ocrx_word' id='word_1_172' title='bbox 1497 2479 1772 2542; x_wconf 90' lang='lat' dir='ltr'><strong>tenebras</strong></span> <span class='ocrx_word' id='word_1_173' title='bbox 1794 2481 2083 2544; x_wconf 88' lang='lat' dir='ltr'><strong>insidian-</strong></span> 
     </span>
    </p>
   </div>
   <div class='ocr_carea' id='block_1_29' title="bbox 431 2569 2082 2652">
    <p class='ocr_par' dir='ltr' id='par_1_29' title="bbox 431 2569 2082 2652">
     <span class='ocr_line' id='line_1_29' title="bbox 431 2569 2082 2652; baseline 0.001 -20"><span class='ocrx_word' id='word_1_174' title='bbox 431 2582 546 2645; x_wconf 90' lang='lat' dir='ltr'><strong>tur,</strong></span> <span class='ocrx_word' id='word_1_175' title='bbox 581 2579 639 2634; x_wconf 92' lang='lat' dir='ltr'><strong>et</strong></span> <span class='ocrx_word' id='word_1_176' title='bbox 667 2571 780 2632; x_wconf 89' lang='lat' dir='ltr'><strong>reti</strong></span> <span class='ocrx_word' id='word_1_177' title='bbox 812 2569 1067 2650; x_wconf 86' lang='lat' dir='ltr'><strong>quodam</strong></span> <span class='ocrx_word' id='word_1_178' title='bbox 1103 2569 1410 2630; x_wconf 85' lang='lat' dir='ltr'><strong>homicidii</strong></span> <span class='ocrx_word' id='word_1_179' title='bbox 1469 2579 1740 2646; x_wconf 89' lang='lat' dir='ltr'><strong>consuto,</strong></span> <span class='ocrx_word' id='word_1_180' title='bbox 1799 2571 2082 2652; x_wconf 86' lang='lat' dir='ltr'><strong>capiendi</strong></span> 
     </span>
    </p>
   </div>
   <div class='ocr_carea' id='block_1_30' title="bbox 430 2657 2082 2742">
    <p class='ocr_par' dir='ltr' id='par_1_30' title="bbox 430 2657 2082 2742">
     <span class='ocr_line' id='line_1_30' title="bbox 430 2657 2082 2742; baseline 0.002 -22"><span class='ocrx_word' id='word_1_181' title='bbox 430 2660 560 2739; x_wconf 86' lang='lat' dir='ltr'><strong>ejus</strong></span> <span class='ocrx_word' id='word_1_182' title='bbox 591 2659 962 2720; x_wconf 90' lang='lat' dir='ltr'><strong>occasionem</strong></span> <span class='ocrx_word' id='word_1_183' title='bbox 996 2665 1287 2738; x_wconf 71' lang='lat' dir='ltr'><strong>quaerunt.</strong></span> <span class='ocrx_word' id='word_1_184' title='bbox 1349 2657 1542 2732; x_wconf 79' lang='lat' dir='ltr'><strong>Igitur</strong></span> <span class='ocrx_word' id='word_1_185' title='bbox 1589 2659 1763 2720; x_wconf 91' lang='lat' dir='ltr'><strong>etiam</strong></span> <span class='ocrx_word' id='word_1_186' title='bbox 1795 2660 2082 2742; x_wconf 87' lang='lat' dir='ltr'><strong>deinceps</strong></span> 
     </span>
    </p>
   </div>
   <div class='ocr_carea' id='block_1_31' title="bbox 431 2746 2083 2826">
    <p class='ocr_par' dir='ltr' id='par_1_31' title="bbox 431 2746 2083 2826">
     <span class='ocr_line' id='line_1_31' title="bbox 431 2746 2083 2826; baseline 0.003 -20"><span class='ocrx_word' id='word_1_187' title='bbox 431 2748 761 2823; x_wconf 71' lang='lat' dir='ltr'><strong>vigilemus,</strong></span> <span class='ocrx_word' id='word_1_188' title='bbox 788 2756 846 2808; x_wconf 91' lang='lat' dir='ltr'><strong>et</strong></span> <span class='ocrx_word' id='word_1_189' title='bbox 869 2765 1001 2807; x_wconf 94' lang='lat' dir='ltr'><strong>cum</strong></span> <span class='ocrx_word' id='word_1_190' title='bbox 1023 2746 1242 2808; x_wconf 76' lang='lat' dir='ltr'><strong>Judzeis</strong></span> <span class='ocrx_word' id='word_1_191' title='bbox 1264 2746 1548 2808; x_wconf 65' lang='lat' dir='ltr'><strong>ext&#39;ubias</strong></span> <span class='ocrx_word' id='word_1_192' title='bbox 1570 2748 1884 2826; x_wconf 84' lang='lat' dir='ltr'><strong>agentibus</strong></span> <span class='ocrx_word' id='word_1_193' title='bbox 1907 2769 2083 2811; x_wconf 84' lang='lat' dir='ltr'><strong>excu-</strong></span> 
     </span>
    </p>
   </div>
   <div class='ocr_carea' id='block_1_32' title="bbox 431 2833 2079 2916">
    <p class='ocr_par' dir='ltr' id='par_1_32' title="bbox 431 2833 2079 2916">
     <span class='ocr_line' id='line_1_32' title="bbox 431 2833 2079 2916; baseline 0.002 -20"><span class='ocrx_word' id='word_1_194' title='bbox 431 2836 662 2898; x_wconf 91' lang='lat' dir='ltr'><strong>bemus.</strong></span> <span class='ocrx_word' id='word_1_195' title='bbox 695 2833 809 2914; x_wconf 92' lang='lat' dir='ltr'><strong>Ipsi</strong></span> <span class='ocrx_word' id='word_1_196' title='bbox 834 2834 1074 2914; x_wconf 90' lang='lat' dir='ltr'><strong>quidem</strong></span> <span class='ocrx_word' id='word_1_197' title='bbox 1099 2834 1438 2896; x_wconf 75' lang='lat' dir='ltr'><strong>intenebris</strong></span> <span class='ocrx_word' id='word_1_198' title='bbox 1465 2853 1570 2916; x_wconf 89' lang='lat' dir='ltr'><strong>per</strong></span> <span class='ocrx_word' id='word_1_199' title='bbox 1596 2855 1757 2897; x_wconf 87' lang='lat' dir='ltr'><strong>mare</strong></span> <span class='ocrx_word' id='word_1_200' title='bbox 1779 2838 2079 2916; x_wconf 83' lang='lat' dir='ltr'><strong>vagabun-</strong></span> 
     </span>
    </p>
   </div>
   <div class='ocr_carea' id='block_1_33' title="bbox 432 2920 2078 2994">
    <p class='ocr_par' dir='ltr' id='par_1_33' title="bbox 432 2920 2078 2994">
     <span class='ocr_line' id='line_1_33' title="bbox 432 2920 2078 2994; baseline 0.002 -13"><span class='ocrx_word' id='word_1_201' title='bbox 432 2933 547 2994; x_wconf 89' lang='lat' dir='ltr'><strong>tur,</strong></span> <span class='ocrx_word' id='word_1_202' title='bbox 572 2922 864 2982; x_wconf 77' lang='lat' dir='ltr'><strong>incassum</strong></span> <span class='ocrx_word' id='word_1_203' title='bbox 888 2921 1036 2981; x_wconf 85' lang='lat' dir='ltr'><strong>retia</strong></span> <span class='ocrx_word' id='word_1_204' title='bbox 1085 2920 1348 2982; x_wconf 79' lang='lat' dir='ltr'><strong>laxantes</strong></span> <span class='ocrx_word' id='word_1_205' title='bbox 1375 2938 1387 2980; x_wconf 92' lang='lat'><strong>:</strong></span> <span class='ocrx_word' id='word_1_206' title='bbox 1433 2941 1538 2982; x_wconf 91' lang='lat' dir='ltr'><strong>nos</strong></span> <span class='ocrx_word' id='word_1_207' title='bbox 1570 2932 1768 2984; x_wconf 85' lang='lat' dir='ltr'><strong>autem</strong></span> <span class='ocrx_word' id='word_1_208' title='bbox 1801 2924 2078 2986; x_wconf 85' lang='lat' dir='ltr'><strong>ambule-</strong></span> 
     </span>
    </p>
   </div>
   <div class='ocr_carea' id='block_1_34' title="bbox 2166 520 3834 605">
    <p class='ocr_par' dir='ltr' id='par_1_34' title="bbox 2166 520 3834 605">
     <span class='ocr_line' id='line_1_34' title="bbox 2166 520 3834 605; baseline -0.001 -27"><span class='ocrx_word' id='word_1_209' title='bbox 2166 520 2202 589; x_wconf 79' lang='grc' dir='ltr'><strong>ἢ</strong></span> <span class='ocrx_word' id='word_1_210' title='bbox 2232 523 2306 585; x_wconf 82' lang='grc' dir='ltr'>ὼς</span> <span class='ocrx_word' id='word_1_211' title='bbox 2350 521 2522 579; x_wconf 87' lang='grc' dir='ltr'>δοῦλοι</span> <span class='ocrx_word' id='word_1_212' title='bbox 2565 525 2742 582; x_wconf 83' lang='grc' dir='ltr'>πιστοὶ</span> <span class='ocrx_word' id='word_1_213' title='bbox 2793 522 3204 605; x_wconf 85' lang='grc' dir='ltr'>λαμπαδηφόροι</span> <span class='ocrx_word' id='word_1_214' title='bbox 3259 525 3354 588; x_wconf 76' lang='grc' dir='ltr'><strong>τὰς</strong></span> <span class='ocrx_word' id='word_1_215' title='bbox 3409 522 3647 602; x_wconf 78' lang='grc' dir='ltr'>τριόδους</span> <span class='ocrx_word' id='word_1_216' title='bbox 3681 541 3834 598; x_wconf 67' lang='grc' dir='ltr'>περι·</span> 
     </span>
    </p>
   </div>
   <div class='ocr_carea' id='block_1_35' title="bbox 2168 608 3833 693">
    <p class='ocr_par' dir='ltr' id='par_1_35' title="bbox 2168 608 3833 693">
     <span class='ocr_line' id='line_1_35' title="bbox 2168 608 3833 693; baseline -0.016 -4"><span class='ocrx_word' id='word_1_217' title='bbox 2168 610 2473 690; x_wconf 75' lang='grc' dir='ltr'>ερχόμενοι,</span> <span class='ocrx_word' id='word_1_218' title='bbox 2546 619 2637 668; x_wconf 74' lang='grc' dir='ltr'><strong>τοῦ</strong></span> <span class='ocrx_word' id='word_1_219' title='bbox 2692 614 2912 693; x_wconf 81' lang='grc' dir='ltr'>νυμφίου</span> <span class='ocrx_word' id='word_1_220' title='bbox 3008 613 3107 680; x_wconf 77' lang='grc' dir='ltr'>τὴν</span> <span class='ocrx_word' id='word_1_221' title='bbox 3193 610 3442 688; x_wconf 79' lang='grc' dir='ltr'>ἐνδημίαν</span> <span class='ocrx_word' id='word_1_222' title='bbox 3529 608 3833 683; x_wconf 81' lang='grc' dir='ltr'>καταλαμ-</span> 
     </span>
    </p>
   </div>
   <div class='ocr_carea' id='block_1_36' title="bbox 2167 698 3836 781">
    <p class='ocr_par' dir='ltr' id='par_1_36' title="bbox 2167 698 3836 781">
     <span class='ocr_line' id='line_1_36' title="bbox 2167 698 3836 781; baseline -0.002 -27"><span class='ocrx_word' id='word_1_223' title='bbox 2167 699 2436 781; x_wconf 89' lang='grc' dir='ltr'>πρύνουσι,</span> <span class='ocrx_word' id='word_1_224' title='bbox 2481 702 2570 757; x_wconf 89' lang='grc' dir='ltr'><strong>καὶ</strong></span> <span class='ocrx_word' id='word_1_225' title='bbox 2611 700 2709 768; x_wconf 78' lang='grc' dir='ltr'><strong>τὴν</strong></span> <span class='ocrx_word' id='word_1_226' title='bbox 2773 699 2953 769; x_wconf 87' lang='grc' dir='ltr'>λώϐην</span> <span class='ocrx_word' id='word_1_227' title='bbox 2995 707 3100 757; x_wconf 78' lang='grc' dir='ltr'><strong>τῶν</strong></span> <span class='ocrx_word' id='word_1_228' title='bbox 3159 701 3213 757; x_wconf 77' lang='grc' dir='ltr'>ἐν</span> <span class='ocrx_word' id='word_1_229' title='bbox 3255 702 3431 757; x_wconf 82' lang='grc' dir='ltr'><strong>σκότει</strong></span> <span class='ocrx_word' id='word_1_230' title='bbox 3499 698 3836 770; x_wconf 82' lang='grc' dir='ltr'>καθημένων</span> 
     </span>
    </p>
   </div>
   <div class='ocr_carea' id='block_1_37' title="bbox 2167 786 3836 869">
    <p class='ocr_par' dir='ltr' id='par_1_37' title="bbox 2167 786 3836 869">
     <span class='ocr_line' id='line_1_37' title="bbox 2167 786 3836 869; baseline 0.004 -27"><span class='ocrx_word' id='word_1_231' title='bbox 2167 789 2487 866; x_wconf 82' lang='grc' dir='ltr'>αἰρεσιωτῶν</span> <span class='ocrx_word' id='word_1_232' title='bbox 2542 787 2930 869; x_wconf 79' lang='grc' dir='ltr'>θριαμϐεύουσι,</span> <span class='ocrx_word' id='word_1_233' title='bbox 2991 791 3137 846; x_wconf 76' lang='grc' dir='ltr'>Μετὰ</span> <span class='ocrx_word' id='word_1_234' title='bbox 3232 787 3286 846; x_wconf 86' lang='grc' dir='ltr'><strong>δέ</strong></span> <span class='ocrx_word' id='word_1_235' title='bbox 3351 788 3531 868; x_wconf 78' lang='grc' dir='ltr'><strong>τρίτην</strong></span> <span class='ocrx_word' id='word_1_236' title='bbox 3587 786 3836 863; x_wconf 65' lang='grc' dir='ltr'>ἡμέραν,</span> 
     </span>
    </p>
   </div>
   <div class='ocr_carea' id='block_1_38' title="bbox 2167 876 3832 958">
    <p class='ocr_par' dir='ltr' id='par_1_38' title="bbox 2167 876 3832 958">
     <span class='ocr_line' id='line_1_38' title="bbox 2167 876 3832 958; baseline 0.002 -26"><span class='ocrx_word' id='word_1_237' title='bbox 2167 877 2195 932; x_wconf 80' lang='grc' dir='ltr'><strong>ὁ</strong></span> <span class='ocrx_word' id='word_1_238' title='bbox 2227 882 2334 932; x_wconf 85' lang='grc' dir='ltr'>τῶν</span> <span class='ocrx_word' id='word_1_239' title='bbox 2379 877 2714 956; x_wconf 77' lang='grc' dir='ltr'><strong>ἀνθρωπίνων</strong></span> <span class='ocrx_word' id='word_1_240' title='bbox 2778 883 2972 958; x_wconf 80' lang='grc' dir='ltr'>ψυχῶν</span> <span class='ocrx_word' id='word_1_241' title='bbox 3043 876 3315 955; x_wconf 85' lang='grc' dir='ltr'>κηδεμὼν,</span> <span class='ocrx_word' id='word_1_242' title='bbox 3379 881 3407 934; x_wconf 79' lang='grc' dir='ltr'>ὁ</span> <span class='ocrx_word' id='word_1_243' title='bbox 3477 877 3832 955; x_wconf 73' lang='grc' dir='ltr'>πατριάρχης</span> 
     </span>
    </p>
   </div>
   <div class='ocr_carea' id='block_1_39' title="bbox 2165 963 3830 1046">
    <p class='ocr_par' dir='ltr' id='par_1_39' title="bbox 2165 963 3830 1046">
     <span class='ocr_line' id='line_1_39' title="bbox 2165 963 3830 1046; baseline -0.002 -25"><span class='ocrx_word' id='word_1_244' title='bbox 2165 967 2324 1044; x_wconf 83' lang='grc' dir='ltr'>φημὶ,</span> <span class='ocrx_word' id='word_1_245' title='bbox 2365 964 2481 1022; x_wconf 85' lang='grc' dir='ltr'>καθ’</span> <span class='ocrx_word' id='word_1_246' title='bbox 2515 967 2698 1022; x_wconf 78' lang='grc' dir='ltr'>ἑαυτὸν</span> <span class='ocrx_word' id='word_1_247' title='bbox 2744 966 2923 1045; x_wconf 80' lang='grc' dir='ltr'>ὥσπερ</span> <span class='ocrx_word' id='word_1_248' title='bbox 2981 965 3452 1046; x_wconf 75' lang='grc' dir='ltr'>σύλλογισάμενος,</span> <span class='ocrx_word' id='word_1_249' title='bbox 3529 965 3608 1041; x_wconf 78' lang='grc' dir='ltr'>μὴ</span> <span class='ocrx_word' id='word_1_250' title='bbox 3685 963 3830 1034; x_wconf 68' lang='grc' dir='ltr'>λάθῃ</span> 
     </span>
    </p>
   </div>
   <div class='ocr_carea' id='block_1_40' title="bbox 2163 1049 3828 1135">
    <p class='ocr_par' dir='ltr' id='par_1_40' title="bbox 2163 1049 3828 1135">
     <span class='ocr_line' id='line_1_40' title="bbox 2163 1049 3828 1135; baseline -0.009 -16"><span class='ocrx_word' id='word_1_251' title='bbox 2163 1075 2242 1118; x_wconf 79' lang='grc' dir='ltr'>τις</span> <span class='ocrx_word' id='word_1_252' title='bbox 2296 1054 2589 1133; x_wconf 80' lang='grc' dir='ltr'>ἀχρειῶσαι</span> <span class='ocrx_word' id='word_1_253' title='bbox 2666 1065 2758 1115; x_wconf 88' lang='grc' dir='ltr'><strong>τοῦ</strong></span> <span class='ocrx_word' id='word_1_254' title='bbox 2854 1057 3112 1135; x_wconf 83' lang='grc' dir='ltr'><strong>σωτηρίου</strong></span> <span class='ocrx_word' id='word_1_255' title='bbox 3195 1055 3382 1121; x_wconf 80' lang='grc' dir='ltr'>πέθους</span> <span class='ocrx_word' id='word_1_256' title='bbox 3439 1055 3504 1111; x_wconf 74' lang='grc' dir='ltr'><strong>τὰ</strong></span> <span class='ocrx_word' id='word_1_257' title='bbox 3577 1049 3828 1123; x_wconf 71' lang='grc' dir='ltr'>ἔπαθλα,</span> 
     </span>
    </p>
   </div>
   <div class='ocr_carea' id='block_1_41' title="bbox 2168 1140 3828 1224">
    <p class='ocr_par' dir='ltr' id='par_1_41' title="bbox 2168 1140 3828 1224">
     <span class='ocr_line' id='line_1_41' title="bbox 2168 1140 3828 1224; baseline -0.003 -26"><span class='ocrx_word' id='word_1_258' title='bbox 2168 1141 2278 1220; x_wconf 89' lang='grc' dir='ltr'>(καὶ</span> <span class='ocrx_word' id='word_1_259' title='bbox 2305 1142 2429 1217; x_wconf 97' lang='grc' dir='ltr'>μέλι</span> <span class='ocrx_word' id='word_1_260' title='bbox 2460 1145 2558 1224; x_wconf 79' lang='grc' dir='ltr'><strong>γὰρ</strong></span> <span class='ocrx_word' id='word_1_261' title='bbox 2587 1142 2746 1201; x_wconf 72' lang='grc' dir='ltr'>εἴωθε</span> <span class='ocrx_word' id='word_1_262' title='bbox 2801 1143 3060 1208; x_wconf 75' lang='grc' dir='ltr'><strong>πολλάκις</strong></span> <span class='ocrx_word' id='word_1_263' title='bbox 3114 1144 3214 1211; x_wconf 76' lang='grc' dir='ltr'><strong>τὴν</strong></span> <span class='ocrx_word' id='word_1_264' title='bbox 3270 1141 3505 1212; x_wconf 76' lang='grc' dir='ltr'>ἧδύτητα</span> <span class='ocrx_word' id='word_1_265' title='bbox 3561 1140 3828 1218; x_wconf 73' lang='grc' dir='ltr'>μετάγειν</span> 
     </span>
    </p>
   </div>
   <div class='ocr_carea' id='block_1_42' title="bbox 2163 1229 3830 1313">
    <p class='ocr_par' dir='ltr' id='par_1_42' title="bbox 2163 1229 3830 1313">
     <span class='ocr_line' id='line_1_42' title="bbox 2163 1229 3830 1313; baseline 0.003 -27"><span class='ocrx_word' id='word_1_266' title='bbox 2163 1232 2234 1294; x_wconf 77' lang='grc' dir='ltr'>εἷς</span> <span class='ocrx_word' id='word_1_267' title='bbox 2267 1229 2453 1306; x_wconf 78' lang='grc' dir='ltr'><strong>ἔμετον</strong></span> <span class='ocrx_word' id='word_1_268' title='bbox 2486 1277 2500 1306; x_wconf 89' lang='grc'><strong>,</strong></span> <span class='ocrx_word' id='word_1_269' title='bbox 2562 1233 2606 1289; x_wconf 79' lang='grc' dir='ltr'>εἰ</span> <span class='ocrx_word' id='word_1_270' title='bbox 2668 1232 3035 1312; x_wconf 80' lang='grc' dir='ltr'>μεταληφθείη</span> <span class='ocrx_word' id='word_1_271' title='bbox 3079 1233 3221 1312; x_wconf 84' lang='grc' dir='ltr'>παρὰ</span> <span class='ocrx_word' id='word_1_272' title='bbox 3275 1234 3334 1288; x_wconf 74' lang='grc' dir='ltr'>τὸ</span> <span class='ocrx_word' id='word_1_273' title='bbox 3390 1233 3725 1313; x_wconf 75' lang='grc' dir='ltr'>χρήσιμον,1</span> <span class='ocrx_word' id='word_1_274' title='bbox 3754 1230 3830 1291; x_wconf 68' lang='grc' dir='ltr'><strong>ὦς</strong></span> 
     </span>
    </p>
   </div>
   <div class='ocr_carea' id='block_1_43' title="bbox 2161 1315 3828 1402">
    <p class='ocr_par' dir='ltr' id='par_1_43' title="bbox 2161 1315 3828 1402">
     <span class='ocr_line' id='line_1_43' title="bbox 2161 1315 3828 1402; baseline 0.003 -29"><span class='ocrx_word' id='word_1_275' title='bbox 2161 1315 2421 1398; x_wconf 76' lang='grc' dir='ltr'>ἄγρυπνος</span> <span class='ocrx_word' id='word_1_276' title='bbox 2479 1319 2642 1402; x_wconf 81' lang='grc' dir='ltr'>φύλαξ</span> <span class='ocrx_word' id='word_1_277' title='bbox 2701 1323 2927 1386; x_wconf 77' lang='grc' dir='ltr'>ἀναστὰς</span> <span class='ocrx_word' id='word_1_278' title='bbox 3016 1322 3384 1401; x_wconf 83' lang='grc' dir='ltr'>ὀρθριαίτερον,</span> <span class='ocrx_word' id='word_1_279' title='bbox 3455 1319 3629 1377; x_wconf 84' lang='grc' dir='ltr'>δίδωσι</span> <span class='ocrx_word' id='word_1_280' title='bbox 3699 1331 3828 1378; x_wconf 73' lang='grc' dir='ltr'>τοῖς</span> 
     </span>
    </p>
   </div>
   <div class='ocr_carea' id='block_1_44' title="bbox 2163 1411 3824 1490">
    <p class='ocr_par' dir='ltr' id='par_1_44' title="bbox 2163 1411 3824 1490">
     <span class='ocr_line' id='line_1_44' title="bbox 2163 1411 3824 1490; baseline -0.002 -23"><span class='ocrx_word' id='word_1_281' title='bbox 2163 1424 2374 1476; x_wconf 74' lang='grc' dir='ltr'>πιστοῖς</span> <span class='ocrx_word' id='word_1_282' title='bbox 2405 1413 2729 1490; x_wconf 75' lang='grc' dir='ltr'>θυμιάματα,</span> <span class='ocrx_word' id='word_1_283' title='bbox 2797 1413 3000 1475; x_wconf 78' lang='grc' dir='ltr'>ὁμιλῶν</span> <span class='ocrx_word' id='word_1_284' title='bbox 3060 1415 3178 1471; x_wconf 83' lang='grc' dir='ltr'>οἷον</span> <span class='ocrx_word' id='word_1_285' title='bbox 3237 1411 3320 1469; x_wconf 74' lang='grc' dir='ltr'><strong>διὰ</strong></span> <span class='ocrx_word' id='word_1_286' title='bbox 3370 1413 3568 1470; x_wconf 74' lang='grc' dir='ltr'>τούτων</span> <span class='ocrx_word' id='word_1_287' title='bbox 3598 1411 3824 1472; x_wconf 73' lang='grc' dir='ltr'>αὐτοῖς,</span> 
     </span>
    </p>
   </div>
   <div class='ocr_carea' id='block_1_45' title="bbox 2161 1497 3826 1582">
    <p class='ocr_par' dir='ltr' id='par_1_45' title="bbox 2161 1497 3826 1582">
     <span class='ocr_line' id='line_1_45' title="bbox 2161 1497 3826 1582; baseline -0.003 -26"><span class='ocrx_word' id='word_1_288' title='bbox 2161 1500 2248 1556; x_wconf 86' lang='grc' dir='ltr'><strong>καὶ</strong></span> <span class='ocrx_word' id='word_1_289' title='bbox 2304 1501 2698 1578; x_wconf 73' lang='grc' dir='ltr'>ὑποτιθέμενος,</span> <span class='ocrx_word' id='word_1_290' title='bbox 2774 1503 2851 1570; x_wconf 74' lang='grc' dir='ltr'>μὴ</span> <span class='ocrx_word' id='word_1_291' title='bbox 2917 1506 3315 1582; x_wconf 80' lang='grc' dir='ltr'>πανηγυρικῶς,</span> <span class='ocrx_word' id='word_1_292' title='bbox 3403 1499 3538 1558; x_wconf 70' lang='grc' dir='ltr'>ἀλλὰ</span> <span class='ocrx_word' id='word_1_293' title='bbox 3606 1497 3826 1577; x_wconf 70' lang='grc' dir='ltr'>ἀγωνι-</span> 
     </span>
    </p>
   </div>
   <div class='ocr_carea' id='block_1_46' title="bbox 2164 1586 3828 1671">
    <p class='ocr_par' dir='ltr' id='par_1_46' title="bbox 2164 1586 3828 1671">
     <span class='ocr_line' id='line_1_46' title="bbox 2164 1586 3828 1671; baseline -0.01 -15"><span class='ocrx_word' id='word_1_294' title='bbox 2164 1594 2360 1654; x_wconf 79' lang='grc' dir='ltr'>στικῶς</span> <span class='ocrx_word' id='word_1_295' title='bbox 2434 1595 2539 1646; x_wconf 85' lang='grc' dir='ltr'>τῶν</span> <span class='ocrx_word' id='word_1_296' title='bbox 2597 1589 2785 1670; x_wconf 80' lang='grc' dir='ltr'>ἐφεξῆς</span> <span class='ocrx_word' id='word_1_297' title='bbox 2840 1593 2996 1671; x_wconf 80' lang='grc' dir='ltr'>τριῶν</span> <span class='ocrx_word' id='word_1_298' title='bbox 3040 1591 3258 1669; x_wconf 77' lang='grc' dir='ltr'>ἡμερῶν</span> <span class='ocrx_word' id='word_1_299' title='bbox 3313 1591 3376 1646; x_wconf 77' lang='grc' dir='ltr'>τὸ</span> <span class='ocrx_word' id='word_1_300' title='bbox 3429 1586 3638 1644; x_wconf 79' lang='grc' dir='ltr'>στάδιον</span> <span class='ocrx_word' id='word_1_301' title='bbox 3692 1586 3828 1640; x_wconf 75' lang='grc' dir='ltr'>ἂνα-</span> 
     </span>
    </p>
   </div>
   <div class='ocr_carea' id='block_1_47' title="bbox 2162 1674 3820 1760">
    <p class='ocr_par' dir='ltr' id='par_1_47' title="bbox 2162 1674 3820 1760">
     <span class='ocr_line' id='line_1_47' title="bbox 2162 1674 3820 1760; baseline 0.003 -28"><span class='ocrx_word' id='word_1_302' title='bbox 2162 1674 2420 1742; x_wconf 80' lang='grc' dir='ltr'>δέξασθαι.</span> <span class='ocrx_word' id='word_1_303' title='bbox 2489 1679 2596 1737; x_wconf 82' lang='grc' dir='ltr'><strong>Κᾶν</strong></span> <span class='ocrx_word' id='word_1_304' title='bbox 2648 1682 2747 1759; x_wconf 77' lang='grc' dir='ltr'>γὰρ</span> <span class='ocrx_word' id='word_1_305' title='bbox 2801 1678 3108 1760; x_wconf 70' lang='grc' dir='ltr'>ἄκινδύνως,</span> <span class='ocrx_word' id='word_1_306' title='bbox 3174 1682 3324 1760; x_wconf 81' lang='grc' dir='ltr'>φησὶ,</span> <span class='ocrx_word' id='word_1_307' title='bbox 3386 1681 3448 1735; x_wconf 75' lang='grc' dir='ltr'>τὸ</span> <span class='ocrx_word' id='word_1_308' title='bbox 3508 1677 3648 1755; x_wconf 71' lang='grc' dir='ltr'>μέγα</span> <span class='ocrx_word' id='word_1_309' title='bbox 3714 1681 3820 1742; x_wconf 70' lang='grc' dir='ltr'>τῆς</span> 
     </span>
    </p>
   </div>
   <div class='ocr_carea' id='block_1_48' title="bbox 2162 1766 3824 1847">
    <p class='ocr_par' dir='ltr' id='par_1_48' title="bbox 2162 1766 3824 1847">
     <span class='ocr_line' id='line_1_48' title="bbox 2162 1766 3824 1847; baseline 0.001 -26"><span class='ocrx_word' id='word_1_310' title='bbox 2162 1767 2405 1833; x_wconf 78' lang='grc' dir='ltr'><strong>νηστείας</strong></span> <span class='ocrx_word' id='word_1_311' title='bbox 2493 1766 2898 1847; x_wconf 83' lang='grc' dir='ltr'>διεπεραιώθητε</span> <span class='ocrx_word' id='word_1_312' title='bbox 2989 1767 3221 1847; x_wconf 84' lang='grc' dir='ltr'>πέλαγος</span> <span class='ocrx_word' id='word_1_313' title='bbox 3314 1775 3391 1842; x_wconf 83' lang='grc' dir='ltr'><strong>τῷ</strong></span> <span class='ocrx_word' id='word_1_314' title='bbox 3504 1768 3654 1841; x_wconf 74' lang='grc' dir='ltr'>ἱστίῳ</span> <span class='ocrx_word' id='word_1_315' title='bbox 3725 1772 3824 1822; x_wconf 75' lang='grc' dir='ltr'><strong>τοῦ</strong></span> 
     </span>
    </p>
   </div>
   <div class='ocr_carea' id='block_1_49' title="bbox 2160 1854 3820 1938">
    <p class='ocr_par' dir='ltr' id='par_1_49' title="bbox 2160 1854 3820 1938">
     <span class='ocr_line' id='line_1_49' title="bbox 2160 1854 3820 1938; baseline -0.001 -28"><span class='ocrx_word' id='word_1_316' title='bbox 2160 1862 2382 1934; x_wconf 88' lang='grc' dir='ltr'>σταυροῦ</span> <span class='ocrx_word' id='word_1_317' title='bbox 2461 1857 2854 1938; x_wconf 81' lang='grc' dir='ltr'>κουφιζόμένοι,</span> <span class='ocrx_word' id='word_1_318' title='bbox 2927 1858 3014 1913; x_wconf 83' lang='grc' dir='ltr'><strong>καὶ</strong></span> <span class='ocrx_word' id='word_1_319' title='bbox 3102 1858 3242 1934; x_wconf 80' lang='grc' dir='ltr'>παρᾶ</span> <span class='ocrx_word' id='word_1_320' title='bbox 3323 1864 3401 1931; x_wconf 82' lang='grc' dir='ltr'>τῷ</span> <span class='ocrx_word' id='word_1_321' title='bbox 3453 1857 3574 1930; x_wconf 74' lang='grc' dir='ltr'>θείῳ</span> <span class='ocrx_word' id='word_1_322' title='bbox 3629 1854 3820 1930; x_wconf 76' lang='grc' dir='ltr'>λιμένι</span> 
     </span>
    </p>
   </div>
   <div class='ocr_carea' id='block_1_50' title="bbox 2159 1945 3822 2026">
    <p class='ocr_par' dir='ltr' id='par_1_50' title="bbox 2159 1945 3822 2026">
     <span class='ocr_line' id='line_1_50' title="bbox 2159 1945 3822 2026; baseline 0 -26"><span class='ocrx_word' id='word_1_323' title='bbox 2159 1945 2266 2001; x_wconf 80' lang='grc' dir='ltr'><strong>τῶν</strong></span> <span class='ocrx_word' id='word_1_324' title='bbox 2296 1945 2458 2022; x_wconf 78' lang='grc' dir='ltr'>ἁγίων</span> <span class='ocrx_word' id='word_1_325' title='bbox 2513 1949 2696 2003; x_wconf 83' lang='grc' dir='ltr'>παθῶν</span> <span class='ocrx_word' id='word_1_326' title='bbox 2739 1956 2831 2006; x_wconf 91' lang='grc' dir='ltr'><strong>τοῦ</strong></span> <span class='ocrx_word' id='word_1_327' title='bbox 2884 1953 3111 2026; x_wconf 81' lang='grc' dir='ltr'>Χριστοῦ</span> <span class='ocrx_word' id='word_1_328' title='bbox 3155 1947 3244 2002; x_wconf 88' lang='grc' dir='ltr'><strong>καὶ</strong></span> <span class='ocrx_word' id='word_1_329' title='bbox 3313 1953 3443 2003; x_wconf 91' lang='grc' dir='ltr'>Θεοῦ</span> <span class='ocrx_word' id='word_1_330' title='bbox 3488 1947 3642 2021; x_wconf 70' lang='grc' dir='ltr'>ἡμῶν</span> <span class='ocrx_word' id='word_1_331' title='bbox 3668 1965 3822 2000; x_wconf 74' lang='grc' dir='ltr'>κατ-</span> 
     </span>
    </p>
   </div>
   <div class='ocr_carea' id='block_1_51' title="bbox 2160 2033 3823 2127">
    <p class='ocr_par' dir='ltr' id='par_1_51' title="bbox 2160 2033 3823 2127">
     <span class='ocr_line' id='line_1_51' title="bbox 2160 2033 3823 2127; baseline -0.001 -38"><span class='ocrx_word' id='word_1_332' title='bbox 2160 2034 2452 2115; x_wconf 79' lang='grc' dir='ltr'>ηντήσατε,</span> <span class='ocrx_word' id='word_1_333' title='bbox 2537 2033 2673 2092; x_wconf 76' lang='grc' dir='ltr'>ἀλλὰ</span> <span class='ocrx_word' id='word_1_334' title='bbox 2747 2038 2838 2091; x_wconf 82' lang='grc' dir='ltr'>τὸν</span> <span class='ocrx_word' id='word_1_335' title='bbox 2923 2035 3181 2111; x_wconf 87' lang='grc' dir='ltr'>ἀτίμητον</span> <span class='ocrx_word' id='word_1_336' title='bbox 3270 2035 3362 2090; x_wconf 76' lang='grc' dir='ltr'><strong>οὒκ</strong></span> <span class='ocrx_word' id='word_1_337' title='bbox 3435 2033 3823 2127; x_wconf 49' lang='grc' dir='ltr'>άπλουτήεατε</span> 
     </span>
    </p>
   </div>
   <div class='ocr_carea' id='block_1_52' title="bbox 2159 2122 3822 2204">
    <p class='ocr_par' dir='ltr' id='par_1_52' title="bbox 2159 2122 3822 2204">
     <span class='ocr_line' id='line_1_52' title="bbox 2159 2122 3822 2204; baseline -0.001 -26"><span class='ocrx_word' id='word_1_338' title='bbox 2159 2123 2450 2204; x_wconf 86' lang='grc' dir='ltr'>μάργαρον,</span> <span class='ocrx_word' id='word_1_339' title='bbox 2507 2125 2580 2189; x_wconf 80' lang='grc' dir='ltr'>ὡς</span> <span class='ocrx_word' id='word_1_340' title='bbox 2622 2169 2627 2174; x_wconf 86' lang='grc'><em>.</em></span> <span class='ocrx_word' id='word_1_341' title='bbox 2671 2123 2874 2188; x_wconf 73' lang='grc' dir='ltr'>ἐκεῖνος</span> <span class='ocrx_word' id='word_1_342' title='bbox 2945 2125 2974 2181; x_wconf 83' lang='grc' dir='ltr'>ὁ</span> <span class='ocrx_word' id='word_1_343' title='bbox 3058 2125 3310 2204; x_wconf 86' lang='grc' dir='ltr'>φρόνιμος</span> <span class='ocrx_word' id='word_1_344' title='bbox 3382 2122 3637 2202; x_wconf 79' lang='grc' dir='ltr'>ἔμπορος,</span> <span class='ocrx_word' id='word_1_345' title='bbox 3696 2122 3822 2178; x_wconf 66' lang='grc' dir='ltr'><strong>⁷Ἐτι</strong></span> 
     </span>
    </p>
   </div>
   <div class='ocr_carea' id='block_1_53' title="bbox 2159 2209 3822 2292">
    <p class='ocr_par' dir='ltr' id='par_1_53' title="bbox 2159 2209 3822 2292">
     <span class='ocr_line' id='line_1_53' title="bbox 2159 2209 3822 2292; baseline -0.001 -25"><span class='ocrx_word' id='word_1_346' title='bbox 2159 2211 2259 2292; x_wconf 75' lang='grc' dir='ltr'><strong>γὰρ</strong></span> <span class='ocrx_word' id='word_1_347' title='bbox 2286 2211 2518 2290; x_wconf 76' lang='grc' dir='ltr'>ἅρπαγες</span> <span class='ocrx_word' id='word_1_348' title='bbox 2587 2214 2675 2270; x_wconf 88' lang='grc' dir='ltr'><strong>καὶ</strong></span> <span class='ocrx_word' id='word_1_349' title='bbox 2730 2212 2920 2290; x_wconf 74' lang='grc' dir='ltr'>λῃσταὶ</span> <span class='ocrx_word' id='word_1_350' title='bbox 2973 2212 3269 2275; x_wconf 74' lang='grc' dir='ltr'>σπουδαίως</span> <span class='ocrx_word' id='word_1_351' title='bbox 3331 2209 3670 2292; x_wconf 76' lang='grc' dir='ltr'>ἐρεϐοδιφῶσι</span> <span class='ocrx_word' id='word_1_352' title='bbox 3724 2213 3822 2266; x_wconf 69' lang='grc' dir='ltr'><strong>τὸν</strong></span> 
     </span>
    </p>
   </div>
   <div class='ocr_carea' id='block_1_54' title="bbox 2163 2303 3819 2386">
    <p class='ocr_par' dir='ltr' id='par_1_54' title="bbox 2163 2303 3819 2386">
     <span class='ocr_line' id='line_1_54' title="bbox 2163 2303 3819 2386; baseline -0.004 -24"><span class='ocrx_word' id='word_1_353' title='bbox 2163 2306 2368 2384; x_wconf 84' lang='grc' dir='ltr'>Κύριον,</span> <span class='ocrx_word' id='word_1_354' title='bbox 2429 2306 2516 2362; x_wconf 89' lang='grc' dir='ltr'><strong>καὶ</strong></span> <span class='ocrx_word' id='word_1_355' title='bbox 2573 2306 2815 2385; x_wconf 80' lang='grc' dir='ltr'>σαγήνην</span> <span class='ocrx_word' id='word_1_356' title='bbox 2870 2305 3170 2386; x_wconf 69' lang='grc' dir='ltr'>μιαιφονίας</span> <span class='ocrx_word' id='word_1_357' title='bbox 3232 2303 3614 2382; x_wconf 76' lang='grc' dir='ltr'>συῤῥάψαντες,</span> <span class='ocrx_word' id='word_1_358' title='bbox 3680 2324 3819 2357; x_wconf 80' lang='grc' dir='ltr'>και-</span> 
     </span>
    </p>
   </div>
   <div class='ocr_carea' id='block_1_55' title="bbox 2163 2392 3816 2472">
    <p class='ocr_par' dir='ltr' id='par_1_55' title="bbox 2163 2392 3816 2472">
     <span class='ocr_line' id='line_1_55' title="bbox 2163 2392 3816 2472; baseline -0.003 -23"><span class='ocrx_word' id='word_1_359' title='bbox 2163 2399 2477 2470; x_wconf 86' lang='grc' dir='ltr'>ροσκοποῦσι</span> <span class='ocrx_word' id='word_1_360' title='bbox 2529 2394 2716 2452; x_wconf 82' lang='grc' dir='ltr'>τούτου</span> <span class='ocrx_word' id='word_1_361' title='bbox 2772 2394 2871 2462; x_wconf 74' lang='grc' dir='ltr'>τὴν</span> <span class='ocrx_word' id='word_1_362' title='bbox 2913 2393 3132 2456; x_wconf 75' lang='grc' dir='ltr'>ἅλωσιν,</span> <span class='ocrx_word' id='word_1_363' title='bbox 3167 2394 3594 2472; x_wconf 79' lang='grc' dir='ltr'>Γρηγορήσωμεν</span> <span class='ocrx_word' id='word_1_364' title='bbox 3631 2392 3816 2446; x_wconf 75' lang='grc' dir='ltr'>τοίνυν</span> 
     </span>
    </p>
   </div>
   <div class='ocr_carea' id='block_1_56' title="bbox 2162 2478 3818 2563">
    <p class='ocr_par' dir='ltr' id='par_1_56' title="bbox 2162 2478 3818 2563">
     <span class='ocr_line' id='line_1_56' title="bbox 2162 2478 3818 2563; baseline -0.003 -25"><span class='ocrx_word' id='word_1_365' title='bbox 2162 2484 2251 2538; x_wconf 84' lang='grc' dir='ltr'><strong>καὶ</strong></span> <span class='ocrx_word' id='word_1_366' title='bbox 2333 2482 2544 2563; x_wconf 78' lang='grc' dir='ltr'>ἐφεξῆς,</span> <span class='ocrx_word' id='word_1_367' title='bbox 2605 2485 2698 2542; x_wconf 82' lang='grc' dir='ltr'><strong>καὶ</strong></span> <span class='ocrx_word' id='word_1_368' title='bbox 2747 2496 2864 2549; x_wconf 78' lang='grc' dir='ltr'>τοῖς</span> <span class='ocrx_word' id='word_1_369' title='bbox 2921 2482 3265 2562; x_wconf 77' lang='grc' dir='ltr'>ἀγρυπνοῦσιν</span> <span class='ocrx_word' id='word_1_370' title='bbox 3324 2478 3590 2544; x_wconf 81' lang='grc' dir='ltr'>Ἰουδαίοις</span> <span class='ocrx_word' id='word_1_371' title='bbox 3678 2500 3818 2534; x_wconf 74' lang='grc' dir='ltr'>συν-</span> 
     </span>
    </p>
   </div>
   <div class='ocr_carea' id='block_1_57' title="bbox 2164 2569 3813 2650">
    <p class='ocr_par' dir='ltr' id='par_1_57' title="bbox 2164 2569 3813 2650">
     <span class='ocr_line' id='line_1_57' title="bbox 2164 2569 3813 2650; baseline -0.001 -24"><span class='ocrx_word' id='word_1_372' title='bbox 2164 2572 2608 2649; x_wconf 82' lang='grc' dir='ltr'>αγρυπνήσωμεν.</span> <span class='ocrx_word' id='word_1_373' title='bbox 2670 2571 2823 2628; x_wconf 81' lang='grc' dir='ltr'>Αύτοὶ</span> <span class='ocrx_word' id='word_1_374' title='bbox 2880 2570 2976 2646; x_wconf 77' lang='grc' dir='ltr'>μὲν</span> <span class='ocrx_word' id='word_1_375' title='bbox 3025 2571 3125 2650; x_wconf 78' lang='grc' dir='ltr'><strong>γὰρ</strong></span> <span class='ocrx_word' id='word_1_376' title='bbox 3181 2570 3234 2626; x_wconf 80' lang='grc' dir='ltr'>ἐν</span> <span class='ocrx_word' id='word_1_377' title='bbox 3294 2569 3469 2626; x_wconf 81' lang='grc' dir='ltr'>σκότει</span> <span class='ocrx_word' id='word_1_378' title='bbox 3526 2589 3813 2624; x_wconf 80' lang='grc' dir='ltr'>ποντοπο-</span> 
     </span>
    </p>
   </div>
   <div class='ocr_carea' id='block_1_58' title="bbox 2163 2655 3811 2740">
    <p class='ocr_par' dir='ltr' id='par_1_58' title="bbox 2163 2655 3811 2740">
     <span class='ocr_line' id='line_1_58' title="bbox 2163 2655 3811 2740; baseline -0.002 -25"><span class='ocrx_word' id='word_1_379' title='bbox 2163 2661 2404 2738; x_wconf 81' lang='grc' dir='ltr'>ρήσουσι,</span> <span class='ocrx_word' id='word_1_380' title='bbox 2491 2673 2670 2724; x_wconf 78' lang='grc' dir='ltr'>κεναῖς</span> <span class='ocrx_word' id='word_1_381' title='bbox 2729 2659 2950 2722; x_wconf 82' lang='grc' dir='ltr'>ὠλέναις</span> <span class='ocrx_word' id='word_1_382' title='bbox 3011 2659 3303 2740; x_wconf 83' lang='grc' dir='ltr'>άφάσοντες</span> <span class='ocrx_word' id='word_1_383' title='bbox 3359 2655 3537 2716; x_wconf 80' lang='grc' dir='ltr'>δίκτυα</span> <span class='ocrx_word' id='word_1_384' title='bbox 3582 2673 3599 2688; x_wconf 86' lang='lat'>&#39;</span> <span class='ocrx_word' id='word_1_385' title='bbox 3636 2658 3811 2731; x_wconf 72' lang='grc' dir='ltr'>ἡμεῖς</span> 
     </span>
    </p>
   </div>
   <div class='ocr_carea' id='block_1_59' title="bbox 2165 2743 3812 2829">
    <p class='ocr_par' dir='ltr' id='par_1_59' title="bbox 2165 2743 3812 2829">
     <span class='ocr_line' id='line_1_59' title="bbox 2165 2743 3812 2829; baseline -0.002 -26"><span class='ocrx_word' id='word_1_386' title='bbox 2165 2745 2210 2803; x_wconf 84' lang='grc' dir='ltr'>δ’</span> <span class='ocrx_word' id='word_1_387' title='bbox 2241 2747 2294 2804; x_wconf 76' lang='grc' dir='ltr'>ἐν</span> <span class='ocrx_word' id='word_1_388' title='bbox 2348 2749 2519 2828; x_wconf 80' lang='grc' dir='ltr'>ἡμέρᾳ</span> <span class='ocrx_word' id='word_1_389' title='bbox 2564 2751 3030 2829; x_wconf 70' lang='grc' dir='ltr'>περιπατήσωμεν,</span> <span class='ocrx_word' id='word_1_390' title='bbox 3077 2750 3165 2805; x_wconf 86' lang='grc' dir='ltr'><strong>καὶ</strong></span> <span class='ocrx_word' id='word_1_391' title='bbox 3218 2757 3309 2807; x_wconf 87' lang='grc' dir='ltr'><strong>τοῦ</strong></span> <span class='ocrx_word' id='word_1_392' title='bbox 3361 2748 3536 2826; x_wconf 77' lang='grc' dir='ltr'>φωτὸς</span> <span class='ocrx_word' id='word_1_393' title='bbox 3581 2747 3652 2801; x_wconf 75' lang='grc' dir='ltr'><strong>τὰ</strong></span> <span class='ocrx_word' id='word_1_394' title='bbox 3681 2743 3812 2824; x_wconf 74' lang='grc' dir='ltr'>ἔργα</span> 
     </span>
    </p>
   </div>
   <div class='ocr_carea' id='block_1_60' title="bbox 2163 2835 3812 2914">
    <p class='ocr_par' dir='ltr' id='par_1_60' title="bbox 2163 2835 3812 2914">
     <span class='ocr_line' id='line_1_60' title="bbox 2163 2835 3812 2914; baseline -0.004 -19"><span class='ocrx_word' id='word_1_395' title='bbox 2163 2835 2467 2913; x_wconf 81' lang='grc' dir='ltr'>ληψόμεθα.</span> <span class='ocrx_word' id='word_1_396' title='bbox 2538 2838 2693 2896; x_wconf 78' lang='grc' dir='ltr'>Αύτοὶ</span> <span class='ocrx_word' id='word_1_397' title='bbox 2774 2839 2894 2901; x_wconf 80' lang='grc' dir='ltr'>τοὺς</span> <span class='ocrx_word' id='word_1_398' title='bbox 2983 2836 3250 2902; x_wconf 87' lang='grc' dir='ltr'>σκόλοπας</span> <span class='ocrx_word' id='word_1_399' title='bbox 3321 2835 3812 2914; x_wconf 80' lang='grc' dir='ltr'>ἆγκιστρεύσσυσιν,</span> 
     </span>
    </p>
   </div>
   <div class='ocr_carea' id='block_1_61' title="bbox 2162 2924 3810 3006">
    <p class='ocr_par' dir='ltr' id='par_1_61' title="bbox 2162 2924 3810 3006">
     <span class='ocr_line' id='line_1_61' title="bbox 2162 2924 3810 3006; baseline -0.003 -23"><span class='ocrx_word' id='word_1_400' title='bbox 2162 2928 2324 3002; x_wconf 80' lang='grc' dir='ltr'>ἡμεῖς</span> <span class='ocrx_word' id='word_1_401' title='bbox 2351 2925 2407 2983; x_wconf 78' lang='grc' dir='ltr'>δὲ</span> <span class='ocrx_word' id='word_1_402' title='bbox 2448 2927 2547 2995; x_wconf 78' lang='grc' dir='ltr'><strong>τὴν</strong></span> <span class='ocrx_word' id='word_1_403' title='bbox 2602 2924 2764 3006; x_wconf 74' lang='grc' dir='ltr'>ἄγραν</span> <span class='ocrx_word' id='word_1_404' title='bbox 2822 2924 3188 3005; x_wconf 77' lang='grc' dir='ltr'>κερδήσωμεν.</span> <span class='ocrx_word' id='word_1_405' title='bbox 3232 2927 3386 2982; x_wconf 75' lang='grc' dir='ltr'>Αὐτοὶ</span> <span class='ocrx_word' id='word_1_406' title='bbox 3441 2926 3534 2980; x_wconf 83' lang='grc' dir='ltr'><strong>τὸν</strong></span> <span class='ocrx_word' id='word_1_407' title='bbox 3591 2924 3810 3001; x_wconf 75' lang='grc' dir='ltr'>μάργαο</span> 
     </span>
    </p>
   </div>
   <div class='ocr_carea' id='block_1_62' title="bbox 435 3009 2073 3096">
    <p class='ocr_par' dir='ltr' id='par_1_62' title="bbox 435 3009 2073 3094">
     <span class='ocr_line' id='line_1_62' title="bbox 435 3009 2073 3094; baseline 0.003 -22"><span class='ocrx_word' id='word_1_408' title='bbox 435 3030 567 3072; x_wconf 92' lang='lat' dir='ltr'><strong>mus</strong></span> <span class='ocrx_word' id='word_1_409' title='bbox 597 3010 657 3071; x_wconf 89' lang='lat' dir='ltr'><strong>in</strong></span> <span class='ocrx_word' id='word_1_410' title='bbox 673 3010 794 3085; x_wconf 90' lang='lat' dir='ltr'><strong>die,</strong></span> <span class='ocrx_word' id='word_1_411' title='bbox 807 3031 874 3070; x_wconf 88' lang='lat' dir='ltr'><strong>ac</strong></span> <span class='ocrx_word' id='word_1_412' title='bbox 903 3009 1050 3072; x_wconf 89' lang='lat' dir='ltr'><strong>lucis</strong></span> <span class='ocrx_word' id='word_1_413' title='bbox 1077 3028 1260 3090; x_wconf 88' lang='lat' dir='ltr'><strong>opera</strong></span> <span class='ocrx_word' id='word_1_414' title='bbox 1275 3027 1742 3092; x_wconf 89' lang='lat' dir='ltr'><strong>consequemur:</strong></span> <span class='ocrx_word' id='word_1_415' title='bbox 1770 3013 1882 3094; x_wconf 79' lang='lat' dir='ltr'><strong>ipsi</strong></span> <span class='ocrx_word' id='word_1_416' title='bbox 1900 3016 2073 3077; x_wconf 85' lang='lat' dir='ltr'><strong>sudes</strong></span> 
     </span>
    </p>
   </div>
   <div class='ocr_carea' id='block_1_63' title="bbox 2157 3009 3813 3096">
    <p class='ocr_par' dir='ltr' id='par_1_63' title="bbox 2162 3011 3813 3096">
     <span class='ocr_line' id='line_1_63' title="bbox 2162 3011 3813 3096; baseline -0.004 -24"><span class='ocrx_word' id='word_1_417' title='bbox 2162 3039 2248 3094; x_wconf 90' lang='grc' dir='ltr'><strong>ρον</strong></span> <span class='ocrx_word' id='word_1_418' title='bbox 2274 3015 2328 3071; x_wconf 77' lang='grc' dir='ltr'>ἐν</span> <span class='ocrx_word' id='word_1_419' title='bbox 2378 3015 2505 3090; x_wconf 88' lang='grc' dir='ltr'>λίθῳ</span> <span class='ocrx_word' id='word_1_420' title='bbox 2547 3015 2895 3096; x_wconf 67' lang='grc' dir='ltr'>καλύψουσιν,</span> <span class='ocrx_word' id='word_1_421' title='bbox 2939 3017 3103 3092; x_wconf 76' lang='grc' dir='ltr'>ἡμεῖς</span> <span class='ocrx_word' id='word_1_422' title='bbox 3172 3011 3227 3070; x_wconf 80' lang='grc' dir='ltr'>δὲ</span> <span class='ocrx_word' id='word_1_423' title='bbox 3283 3020 3467 3071; x_wconf 74' lang='grc' dir='ltr'>τοῦτον</span> <span class='ocrx_word' id='word_1_424' title='bbox 3524 3012 3580 3068; x_wconf 72' lang='grc' dir='ltr'>ἰν</span> <span class='ocrx_word' id='word_1_425' title='bbox 3610 3013 3813 3091; x_wconf 80' lang='grc' dir='ltr'>ὀστρα-</span> 
     </span>
    </p>
   </div>
   <div class='ocr_carea' id='block_1_64' title="bbox 438 3097 2077 3184">
    <p class='ocr_par' dir='ltr' id='par_1_64' title="bbox 438 3097 2077 3184">
     <span class='ocr_line' id='line_1_64' title="bbox 438 3097 2077 3184; baseline 0.003 -24"><span class='ocrx_word' id='word_1_426' title='bbox 438 3100 632 3161; x_wconf 86' lang='lat' dir='ltr'><strong>hamis</strong></span> <span class='ocrx_word' id='word_1_427' title='bbox 659 3097 1048 3170; x_wconf 89' lang='lat' dir='ltr'><strong>uncinabunt,</strong></span> <span class='ocrx_word' id='word_1_428' title='bbox 1092 3117 1198 3159; x_wconf 92' lang='lat' dir='ltr'><strong>nos</strong></span> <span class='ocrx_word' id='word_1_429' title='bbox 1229 3099 1485 3179; x_wconf 62' lang='lat' dir='ltr'><strong>praedam</strong></span> <span class='ocrx_word' id='word_1_430' title='bbox 1519 3100 1924 3164; x_wconf 88' lang='lat' dir='ltr'><strong>lucrabimur:</strong></span> <span class='ocrx_word' id='word_1_431' title='bbox 1960 3103 2077 3184; x_wconf 91' lang='lat' dir='ltr'><strong>ipsi</strong></span> 
     </span>
    </p>
   </div>
   <div class='ocr_carea' id='block_1_65' title="bbox 434 3188 2076 3269">
    <p class='ocr_par' dir='ltr' id='par_1_65' title="bbox 434 3188 2076 3269">
     <span class='ocr_line' id='line_1_65' title="bbox 434 3188 2076 3269; baseline 0.002 -18"><span class='ocrx_word' id='word_1_432' title='bbox 434 3191 717 3252; x_wconf 91' lang='lat' dir='ltr'><strong>unionem</strong></span> <span class='ocrx_word' id='word_1_433' title='bbox 750 3189 808 3250; x_wconf 91' lang='lat' dir='ltr'><strong>in</strong></span> <span class='ocrx_word' id='word_1_434' title='bbox 841 3188 1036 3269; x_wconf 89' lang='lat' dir='ltr'><strong>lapide</strong></span> <span class='ocrx_word' id='word_1_435' title='bbox 1067 3197 1287 3267; x_wconf 84' lang='lat' dir='ltr'><strong>tegent,</strong></span> <span class='ocrx_word' id='word_1_436' title='bbox 1321 3208 1428 3250; x_wconf 92' lang='lat' dir='ltr'><strong>nos</strong></span> <span class='ocrx_word' id='word_1_437' title='bbox 1486 3207 1620 3252; x_wconf 87' lang='lat' dir='ltr'><strong>eum</strong></span> <span class='ocrx_word' id='word_1_438' title='bbox 1681 3190 1743 3252; x_wconf 93' lang='lat' dir='ltr'><strong>in</strong></span> <span class='ocrx_word' id='word_1_439' title='bbox 1802 3194 2076 3255; x_wconf 86' lang='lat' dir='ltr'><strong>testaceis</strong></span> 
     </span>
    </p>
   </div>
   <div class='ocr_carea' id='block_1_66' title="bbox 427 3278 2077 3358">
    <p class='ocr_par' dir='ltr' id='par_1_66' title="bbox 427 3278 2077 3358">
     <span class='ocr_line' id='line_1_66' title="bbox 427 3278 2077 3358; baseline 0.003 -19"><span class='ocrx_word' id='word_1_440' title='bbox 427 3279 580 3342; x_wconf 92' lang='lat' dir='ltr'><strong>vasis</strong></span> <span class='ocrx_word' id='word_1_441' title='bbox 611 3280 1026 3342; x_wconf 83' lang='lat' dir='ltr'><strong>recomlemus.</strong></span> <span class='ocrx_word' id='word_1_442' title='bbox 1055 3280 1378 3358; x_wconf 87' lang='lat' dir='ltr'><strong>Postquam</strong></span> <span class='ocrx_word' id='word_1_443' title='bbox 1405 3278 1466 3339; x_wconf 91' lang='lat' dir='ltr'><strong>in</strong></span> <span class='ocrx_word' id='word_1_444' title='bbox 1489 3279 1644 3340; x_wconf 91' lang='lat' dir='ltr'><strong>hunc</strong></span> <span class='ocrx_word' id='word_1_445' title='bbox 1670 3279 1909 3342; x_wconf 91' lang='lat' dir='ltr'><strong>modum</strong></span> <span class='ocrx_word' id='word_1_446' title='bbox 1941 3281 2077 3344; x_wconf 90' lang='lat' dir='ltr'><strong>data</strong></span> 
     </span>
    </p>
   </div>
   <div class='ocr_carea' id='block_1_67' title="bbox 426 3367 2072 3448">
    <p class='ocr_par' dir='ltr' id='par_1_67' title="bbox 426 3367 2072 3448">
     <span class='ocr_line' id='line_1_67' title="bbox 426 3367 2072 3448; baseline 0.001 -17"><span class='ocrx_word' id='word_1_447' title='bbox 426 3382 564 3433; x_wconf 88' lang='lat' dir='ltr'><strong>sunt</strong></span> <span class='ocrx_word' id='word_1_448' title='bbox 590 3369 858 3442; x_wconf 82' lang='lat' dir='ltr'><strong>incensa,</strong></span> <span class='ocrx_word' id='word_1_449' title='bbox 891 3376 949 3428; x_wconf 92' lang='lat' dir='ltr'><strong>et</strong></span> <span class='ocrx_word' id='word_1_450' title='bbox 1007 3367 1256 3448; x_wconf 88' lang='lat' dir='ltr'><strong>populus</strong></span> <span class='ocrx_word' id='word_1_451' title='bbox 1308 3385 1544 3429; x_wconf 82' lang='lat' dir='ltr'><strong>rursum</strong></span> <span class='ocrx_word' id='word_1_452' title='bbox 1598 3387 1806 3431; x_wconf 90' lang='lat' dir='ltr'><strong>manus</strong></span> <span class='ocrx_word' id='word_1_453' title='bbox 1835 3389 1971 3432; x_wconf 90' lang='lat' dir='ltr'><strong>suas</strong></span> <span class='ocrx_word' id='word_1_454' title='bbox 1999 3372 2072 3433; x_wconf 91' lang='lat' dir='ltr'><strong>ad</strong></span> 
     </span>
    </p>
   </div>
   <div class='ocr_carea' id='block_1_68' title="bbox 421 3459 2074 3544">
    <p class='ocr_par' dir='ltr' id='par_1_68' title="bbox 421 3459 2074 3544">
     <span class='ocr_line' id='line_1_68' title="bbox 421 3459 2074 3544; baseline 0.002 -22"><span class='ocrx_word' id='word_1_455' title='bbox 421 3461 634 3541; x_wconf 88' lang='lat' dir='ltr'><strong>jejunii</strong></span> <span class='ocrx_word' id='word_1_456' title='bbox 665 3460 906 3542; x_wconf 86' lang='lat' dir='ltr'><strong>pelagus</strong></span> <span class='ocrx_word' id='word_1_457' title='bbox 934 3477 1217 3541; x_wconf 88' lang='lat' dir='ltr'><strong>prospero</strong></span> <span class='ocrx_word' id='word_1_458' title='bbox 1247 3477 1426 3521; x_wconf 92' lang='lat' dir='ltr'><strong>cursu</strong></span> <span class='ocrx_word' id='word_1_459' title='bbox 1445 3459 1684 3536; x_wconf 83' lang='lat' dir='ltr'><strong>dixerit,</strong></span> <span class='ocrx_word' id='word_1_460' title='bbox 1713 3471 2074 3544; x_wconf 88' lang='lat' dir='ltr'><strong>noctemque</strong></span> 
     </span>
    </p>
   </div>
   <div class='ocr_carea' id='block_1_69' title="bbox 427 3548 2073 3614">
    <p class='ocr_par' dir='ltr' id='par_1_69' title="bbox 427 3548 2073 3614">
     <span class='ocr_line' id='line_1_69' title="bbox 427 3548 2073 3614; baseline 0.001 -3"><span class='ocrx_word' id='word_1_461' title='bbox 427 3559 764 3612; x_wconf 90' lang='lat' dir='ltr'><strong>sanctorum</strong></span> <span class='ocrx_word' id='word_1_462' title='bbox 823 3548 1042 3612; x_wconf 89' lang='lat' dir='ltr'><strong>Christi</strong></span> <span class='ocrx_word' id='word_1_463' title='bbox 1100 3548 1464 3610; x_wconf 90' lang='lat' dir='ltr'><strong>cruciatuum</strong></span> <span class='ocrx_word' id='word_1_464' title='bbox 1539 3548 1746 3612; x_wconf 83' lang='lat' dir='ltr'><strong>faculis</strong></span> <span class='ocrx_word' id='word_1_465' title='bbox 1805 3552 2073 3614; x_wconf 91' lang='lat' dir='ltr'><strong>accensis</strong></span> 
     </span>
    </p>
   </div>
   <div class='ocr_carea' id='block_1_70' title="bbox 429 3636 2070 3716">
    <p class='ocr_par' dir='ltr' id='par_1_70' title="bbox 429 3636 2070 3716">
     <span class='ocr_line' id='line_1_70' title="bbox 429 3636 2070 3716; baseline 0 -15"><span class='ocrx_word' id='word_1_466' title='bbox 429 3639 792 3701; x_wconf 89' lang='lat' dir='ltr'><strong>collustravit</strong></span> <span class='ocrx_word' id='word_1_467' title='bbox 819 3643 984 3716; x_wconf 87' lang='lat' dir='ltr'><strong>(nam</strong></span> <span class='ocrx_word' id='word_1_468' title='bbox 1016 3637 1077 3698; x_wconf 93' lang='lat' dir='ltr'><strong>in</strong></span> <span class='ocrx_word' id='word_1_469' title='bbox 1138 3637 1235 3698; x_wconf 90' lang='lat' dir='ltr'><strong>die</strong></span> <span class='ocrx_word' id='word_1_470' title='bbox 1293 3636 1689 3714; x_wconf 88' lang='lat' dir='ltr'><strong>ambulantes,</strong></span> <span class='ocrx_word' id='word_1_471' title='bbox 1752 3647 1816 3700; x_wconf 90' lang='lat' dir='ltr'><strong>ut</strong></span> <span class='ocrx_word' id='word_1_472' title='bbox 1865 3658 2070 3701; x_wconf 90' lang='lat' dir='ltr'><strong>eorum</strong></span> 
     </span>
    </p>
   </div>
   <div class='ocr_carea' id='block_1_71' title="bbox 430 3725 2075 3810">
    <p class='ocr_par' dir='ltr' id='par_1_71' title="bbox 430 3725 2075 3810">
     <span class='ocr_line' id='line_1_71' title="bbox 430 3725 2075 3810; baseline 0.001 -20"><span class='ocrx_word' id='word_1_473' title='bbox 430 3748 619 3810; x_wconf 83' lang='lat' dir='ltr'><strong>more,</strong></span> <span class='ocrx_word' id='word_1_474' title='bbox 665 3728 766 3808; x_wconf 88' lang='lat' dir='ltr'><strong>qui</strong></span> <span class='ocrx_word' id='word_1_475' title='bbox 795 3726 1098 3789; x_wconf 86' lang='lat' dir='ltr'><strong>ambulant</strong></span> <span class='ocrx_word' id='word_1_476' title='bbox 1127 3725 1188 3786; x_wconf 92' lang='lat' dir='ltr'><strong>in</strong></span> <span class='ocrx_word' id='word_1_477' title='bbox 1221 3725 1506 3802; x_wconf 87' lang='lat' dir='ltr'><strong>tenebris,</strong></span> <span class='ocrx_word' id='word_1_478' title='bbox 1535 3733 1824 3790; x_wconf 90' lang='lat' dir='ltr'><strong>nocturna</strong></span> <span class='ocrx_word' id='word_1_479' title='bbox 1855 3727 2075 3791; x_wconf 84' lang='lat' dir='ltr'><strong>faciant</strong></span> 
     </span>
    </p>
   </div>
   <div class='ocr_carea' id='block_1_72' title="bbox 428 3814 2074 3898">
    <p class='ocr_par' dir='ltr' id='par_1_72' title="bbox 428 3814 2074 3898">
     <span class='ocr_line' id='line_1_72' title="bbox 428 3814 2074 3898; baseline 0 -19"><span class='ocrx_word' id='word_1_480' title='bbox 428 3818 644 3879; x_wconf 90' lang='lat' dir='ltr'><strong>itinera</strong></span> <span class='ocrx_word' id='word_1_481' title='bbox 665 3816 792 3877; x_wconf 86' lang='lat' dir='ltr'><strong>ﬁeri</strong></span> <span class='ocrx_word' id='word_1_482' title='bbox 812 3815 974 3876; x_wconf 92' lang='lat' dir='ltr'><strong>nullo</strong></span> <span class='ocrx_word' id='word_1_483' title='bbox 998 3814 1174 3875; x_wconf 92' lang='lat' dir='ltr'><strong>modo</strong></span> <span class='ocrx_word' id='word_1_484' title='bbox 1220 3822 1439 3894; x_wconf 88' lang='lat' dir='ltr'><strong>potest:</strong></span> <span class='ocrx_word' id='word_1_485' title='bbox 1498 3831 1620 3876; x_wconf 78' lang='lat' dir='ltr'><strong>tum</strong></span> <span class='ocrx_word' id='word_1_486' title='bbox 1653 3835 1790 3878; x_wconf 88' lang='lat' dir='ltr'><strong>vero</strong></span> <span class='ocrx_word' id='word_1_487' title='bbox 1821 3835 2074 3898; x_wconf 91' lang='lat' dir='ltr'><strong>sponsus</strong></span> 
     </span>
    </p>
   </div>
   <div class='ocr_carea' id='block_1_73' title="bbox 427 3902 2074 3988">
    <p class='ocr_par' dir='ltr' id='par_1_73' title="bbox 427 3902 2074 3988">
     <span class='ocr_line' id='line_1_73' title="bbox 427 3902 2074 3988; baseline 0 -20"><span class='ocrx_word' id='word_1_488' title='bbox 427 3907 705 3968; x_wconf 65' lang='lat' dir='ltr'><strong>Ecclesia;</strong></span> <span class='ocrx_word' id='word_1_489' title='bbox 725 3921 931 3966; x_wconf 90' lang='lat' dir='ltr'><strong>rursus</strong></span> <span class='ocrx_word' id='word_1_490' title='bbox 954 3902 1426 3965; x_wconf 83' lang='lat' dir='ltr'><strong>exoriensinstar</strong></span> <span class='ocrx_word' id='word_1_491' title='bbox 1440 3904 2074 3988; x_wconf 89' lang='lat' dir='ltr'><strong>matutiniautvesper-</strong></span> 
     </span>
    </p>
   </div>
   <div class='ocr_carea' id='block_1_74' title="bbox 427 3991 2073 4073">
    <p class='ocr_par' dir='ltr' id='par_1_74' title="bbox 427 3991 2073 4073">
     <span class='ocr_line' id='line_1_74' title="bbox 427 3991 2073 4073; baseline 0.001 -18"><span class='ocrx_word' id='word_1_492' title='bbox 427 3995 535 4056; x_wconf 92' lang='lat' dir='ltr'><strong>tini</strong></span> <span class='ocrx_word' id='word_1_493' title='bbox 556 3993 817 4073; x_wconf 86' lang='lat' dir='ltr'><strong>Arcturi,</strong></span> <span class='ocrx_word' id='word_1_494' title='bbox 867 3991 965 4053; x_wconf 91' lang='lat' dir='ltr'><strong>die</strong></span> <span class='ocrx_word' id='word_1_495' title='bbox 1005 3992 1194 4053; x_wconf 83' lang='lat' dir='ltr'><strong>fausto</strong></span> <span class='ocrx_word' id='word_1_496' title='bbox 1220 3992 1404 4052; x_wconf 88' lang='lat' dir='ltr'><strong>sancti</strong></span> <span class='ocrx_word' id='word_1_497' title='bbox 1436 3991 1734 4054; x_wconf 80' lang='lat' dir='ltr'><strong>Paschalis</strong></span> <span class='ocrx_word' id='word_1_498' title='bbox 1764 3994 2073 4058; x_wconf 91' lang='lat' dir='ltr'><strong>Dominico</strong></span> 
     </span>
    </p>
   </div>
   <div class='ocr_carea' id='block_1_75' title="bbox 428 4080 2068 4166">
    <p class='ocr_par' dir='ltr' id='par_1_75' title="bbox 428 4080 2068 4166">
     <span class='ocr_line' id='line_1_75' title="bbox 428 4080 2068 4166; baseline 0.002 -23"><span class='ocrx_word' id='word_1_499' title='bbox 428 4085 585 4144; x_wconf 91' lang='lat' dir='ltr'><strong>velut</strong></span> <span class='ocrx_word' id='word_1_500' title='bbox 604 4083 752 4145; x_wconf 90' lang='lat' dir='ltr'><strong>alter</strong></span> <span class='ocrx_word' id='word_1_501' title='bbox 773 4081 1005 4141; x_wconf 79' lang='lat' dir='ltr'><strong>divinus</strong></span> <span class='ocrx_word' id='word_1_502' title='bbox 1042 4080 1232 4143; x_wconf 86' lang='lat' dir='ltr'><strong>Moses</strong></span> <span class='ocrx_word' id='word_1_503' title='bbox 1255 4081 1388 4142; x_wconf 91' lang='lat' dir='ltr'><strong>sinu</strong></span> <span class='ocrx_word' id='word_1_504' title='bbox 1416 4101 1522 4142; x_wconf 92' lang='lat' dir='ltr'><strong>suo</strong></span> <span class='ocrx_word' id='word_1_505' title='bbox 1562 4082 1752 4144; x_wconf 89' lang='lat' dir='ltr'><strong>Chrisi</strong></span> <span class='ocrx_word' id='word_1_506' title='bbox 1789 4086 2068 4166; x_wconf 91' lang='lat' dir='ltr'><strong>populum</strong></span> 
     </span>
    </p>
   </div>
   <div class='ocr_carea' id='block_1_76' title="bbox 425 4168 2068 4254">
    <p class='ocr_par' dir='ltr' id='par_1_76' title="bbox 425 4168 2068 4254">
     <span class='ocr_line' id='line_1_76' title="bbox 425 4168 2068 4254; baseline 0.001 -20"><span class='ocrx_word' id='word_1_507' title='bbox 425 4173 667 4254; x_wconf 82' lang='lat' dir='ltr'><strong>excipit,</strong></span> <span class='ocrx_word' id='word_1_508' title='bbox 702 4170 989 4250; x_wconf 92' lang='lat' dir='ltr'><strong>quasique</strong></span> <span class='ocrx_word' id='word_1_509' title='bbox 1045 4168 1454 4248; x_wconf 81' lang='lat' dir='ltr'><strong>congratularis</strong></span> <span class='ocrx_word' id='word_1_510' title='bbox 1511 4171 1619 4246; x_wconf 93' lang='lat' dir='ltr'><strong>eis,</strong></span> <span class='ocrx_word' id='word_1_511' title='bbox 1674 4173 1772 4253; x_wconf 91' lang='lat' dir='ltr'><strong>qui</strong></span> <span class='ocrx_word' id='word_1_512' title='bbox 1830 4192 2068 4236; x_wconf 91' lang='lat' dir='ltr'><strong>omnem</strong></span> 
     </span>
    </p>
   </div>
   <div class='ocr_carea' id='block_1_77' title="bbox 425 4259 2065 4340">
    <p class='ocr_par' dir='ltr' id='par_1_77' title="bbox 425 4259 2065 4340">
     <span class='ocr_line' id='line_1_77' title="bbox 425 4259 2065 4340; baseline 0 -16"><span class='ocrx_word' id='word_1_513' title='bbox 425 4262 820 4324; x_wconf 90' lang='lat' dir='ltr'><strong>sceleritatem</strong></span> <span class='ocrx_word' id='word_1_514' title='bbox 851 4259 1258 4340; x_wconf 63' lang='lat' dir='ltr'><strong>Egyptiacam</strong></span> <span class='ocrx_word' id='word_1_515' title='bbox 1292 4259 1682 4336; x_wconf 84' lang='lat' dir='ltr'><strong>excusserint,</strong></span> <span class='ocrx_word' id='word_1_516' title='bbox 1717 4270 1774 4323; x_wconf 91' lang='lat' dir='ltr'><strong>et</strong></span> <span class='ocrx_word' id='word_1_517' title='bbox 1807 4263 2065 4325; x_wconf 78' lang='lat' dir='ltr'><strong>Pharao-</strong></span> 
     </span>
    </p>
   </div>
   <div class='ocr_carea' id='block_1_78' title="bbox 427 4347 2061 4432">
    <p class='ocr_par' dir='ltr' id='par_1_78' title="bbox 427 4347 2061 4432">
     <span class='ocr_line' id='line_1_78' title="bbox 427 4347 2061 4432; baseline 0.001 -20"><span class='ocrx_word' id='word_1_518' title='bbox 427 4371 560 4413; x_wconf 90' lang='lat' dir='ltr'><strong>nem</strong></span> <span class='ocrx_word' id='word_1_519' title='bbox 595 4356 1040 4432; x_wconf 89' lang='lat' dir='ltr'><strong>persecutorem</strong></span> <span class='ocrx_word' id='word_1_520' title='bbox 1101 4348 1248 4410; x_wconf 89' lang='lat' dir='ltr'><strong>mari</strong></span> <span class='ocrx_word' id='word_1_521' title='bbox 1301 4347 1735 4410; x_wconf 90' lang='lat' dir='ltr'><strong>submerserint</strong></span> <span class='ocrx_word' id='word_1_522' title='bbox 1773 4368 1785 4413; x_wconf 95' lang='lat'>:</span> <span class='ocrx_word' id='word_1_523' title='bbox 1820 4351 2061 4430; x_wconf 84' lang='lat' dir='ltr'><strong>Adeste,</strong></span> 
     </span>
    </p>
   </div>
   <div class='ocr_carea' id='block_1_79' title="bbox 424 4438 2062 4520">
    <p class='ocr_par' dir='ltr' id='par_1_79' title="bbox 424 4438 2062 4520">
     <span class='ocr_line' id='line_1_79' title="bbox 424 4438 2062 4520; baseline 0 -18"><span class='ocrx_word' id='word_1_524' title='bbox 424 4439 635 4520; x_wconf 89' lang='lat' dir='ltr'><strong>inquit,</strong></span> <span class='ocrx_word' id='word_1_525' title='bbox 651 4438 899 4520; x_wconf 87' lang='lat' dir='ltr'><strong>aspicite</strong></span> <span class='ocrx_word' id='word_1_526' title='bbox 912 4457 1012 4499; x_wconf 91' lang='lat' dir='ltr'><strong>vos</strong></span> <span class='ocrx_word' id='word_1_527' title='bbox 1031 4445 1390 4500; x_wconf 87' lang='lat' dir='ltr'><strong>mercatores</strong></span> <span class='ocrx_word' id='word_1_528' title='bbox 1406 4438 1743 4502; x_wconf 75' lang='lat' dir='ltr'><strong>orthodoxae</strong></span> <span class='ocrx_word' id='word_1_529' title='bbox 1755 4439 2062 4518; x_wconf 76' lang='lat' dir='ltr'><strong>doctrinae,</strong></span> 
     </span>
    </p>
   </div>
   <div class='ocr_carea' id='block_1_80' title="bbox 424 4527 2062 4611">
    <p class='ocr_par' dir='ltr' id='par_1_80' title="bbox 424 4527 2062 4611">
     <span class='ocr_line' id='line_1_80' title="bbox 424 4527 2062 4611; baseline 0.001 -21"><span class='ocrx_word' id='word_1_530' title='bbox 424 4531 525 4611; x_wconf 91' lang='lat' dir='ltr'><strong>qui</strong></span> <span class='ocrx_word' id='word_1_531' title='bbox 585 4528 730 4590; x_wconf 90' lang='lat' dir='ltr'><strong>citra</strong></span> <span class='ocrx_word' id='word_1_532' title='bbox 789 4527 1121 4608; x_wconf 80' lang='lat' dir='ltr'><strong>periculum</strong></span> <span class='ocrx_word' id='word_1_533' title='bbox 1178 4527 1422 4608; x_wconf 86' lang='lat' dir='ltr'><strong>pelagus</strong></span> <span class='ocrx_word' id='word_1_534' title='bbox 1456 4527 1678 4608; x_wconf 85' lang='lat' dir='ltr'><strong>jejunii</strong></span> <span class='ocrx_word' id='word_1_535' title='bbox 1721 4529 2062 4608; x_wconf 88' lang='lat' dir='ltr'><strong>trajecistis,</strong></span> 
     </span>
    </p>
   </div>
   <div class='ocr_carea' id='block_1_81' title="bbox 423 4617 2062 4699">
    <p class='ocr_par' dir='ltr' id='par_1_81' title="bbox 423 4617 2062 4699">
     <span class='ocr_line' id='line_1_81' title="bbox 423 4617 2062 4699; baseline 0.003 -21"><span class='ocrx_word' id='word_1_536' title='bbox 423 4636 680 4699; x_wconf 87' lang='lat' dir='ltr'><strong>quonam</strong></span> <span class='ocrx_word' id='word_1_537' title='bbox 704 4617 940 4679; x_wconf 66' lang='lat' dir='ltr'><strong>invidiae</strong></span> <span class='ocrx_word' id='word_1_538' title='bbox 958 4617 1168 4678; x_wconf 82' lang='lat' dir='ltr'><strong>ﬂuctus</strong></span> <span class='ocrx_word' id='word_1_539' title='bbox 1189 4617 1318 4678; x_wconf 75' lang='lat' dir='ltr'><strong>vitae</strong></span> <span class='ocrx_word' id='word_1_540' title='bbox 1338 4617 1680 4678; x_wconf 86' lang='lat' dir='ltr'><strong>thesaurum</strong></span> <span class='ocrx_word' id='word_1_541' title='bbox 1706 4617 2014 4697; x_wconf 89' lang='lat' dir='ltr'><strong>jactaverit</strong></span> <span class='ocrx_word' id='word_1_542' title='bbox 2047 4637 2062 4683; x_wconf 87' lang='lat'>:</span> 
     </span>
    </p>
   </div>
   <div class='ocr_carea' id='block_1_82' title="bbox 425 4705 2067 4769">
    <p class='ocr_par' dir='ltr' id='par_1_82' title="bbox 425 4705 2067 4769">
     <span class='ocr_line' id='line_1_82' title="bbox 425 4705 2067 4769; baseline 0 -1"><span class='ocrx_word' id='word_1_543' title='bbox 425 4707 668 4768; x_wconf 88' lang='lat' dir='ltr'><strong>ubinam</strong></span> <span class='ocrx_word' id='word_1_544' title='bbox 703 4710 1032 4768; x_wconf 92' lang='lat' dir='ltr'><strong>insomnem</strong></span> <span class='ocrx_word' id='word_1_545' title='bbox 1066 4707 1234 4769; x_wconf 90' lang='lat' dir='ltr'><strong>illum</strong></span> <span class='ocrx_word' id='word_1_546' title='bbox 1265 4705 1547 4769; x_wconf 90' lang='lat' dir='ltr'><strong>unionem</strong></span> <span class='ocrx_word' id='word_1_547' title='bbox 1580 4705 1833 4767; x_wconf 89' lang='lat' dir='ltr'><strong>turbinis</strong></span> <span class='ocrx_word' id='word_1_548' title='bbox 1890 4716 2067 4769; x_wconf 52' lang='lat' dir='ltr'><strong>aestus</strong></span> 
     </span>
    </p>
   </div>
   <div class='ocr_carea' id='block_1_83' title="bbox 424 4795 2064 4877">
    <p class='ocr_par' dir='ltr' id='par_1_83' title="bbox 424 4795 2064 4877">
     <span class='ocr_line' id='line_1_83' title="bbox 424 4795 2064 4877; baseline 0.001 -19"><span class='ocrx_word' id='word_1_549' title='bbox 424 4795 731 4876; x_wconf 90' lang='lat' dir='ltr'><strong>abreptum</strong></span> <span class='ocrx_word' id='word_1_550' title='bbox 763 4795 824 4856; x_wconf 92' lang='lat' dir='ltr'><strong>in</strong></span> <span class='ocrx_word' id='word_1_551' title='bbox 853 4795 1152 4877; x_wconf 87' lang='lat' dir='ltr'><strong>sepulcro,</strong></span> <span class='ocrx_word' id='word_1_552' title='bbox 1179 4803 1451 4876; x_wconf 88' lang='lat' dir='ltr'><strong>tanquam</strong></span> <span class='ocrx_word' id='word_1_553' title='bbox 1477 4795 1539 4855; x_wconf 92' lang='lat' dir='ltr'><strong>in</strong></span> <span class='ocrx_word' id='word_1_554' title='bbox 1560 4803 1781 4870; x_wconf 90' lang='lat' dir='ltr'><strong>ostreo,</strong></span> <span class='ocrx_word' id='word_1_555' title='bbox 1817 4797 2064 4859; x_wconf 64' lang='lat' dir='ltr'><strong>caelave-</strong></span> 
     </span>
    </p>
   </div>
   <div class='ocr_carea' id='block_1_84' title="bbox 424 4883 2066 4966">
    <p class='ocr_par' dir='ltr' id='par_1_84' title="bbox 424 4883 2066 4966">
     <span class='ocr_line' id='line_1_84' title="bbox 424 4883 2066 4966; baseline 0 -19"><span class='ocrx_word' id='word_1_556' title='bbox 424 4889 525 4950; x_wconf 89' lang='lat' dir='ltr'><strong>rit.</strong></span> <span class='ocrx_word' id='word_1_557' title='bbox 556 4890 821 4966; x_wconf 76' lang='lat' dir='ltr'><strong>Cumque</strong></span> <span class='ocrx_word' id='word_1_558' title='bbox 873 4885 1138 4947; x_wconf 88' lang='lat' dir='ltr'><strong>videritis</strong></span> <span class='ocrx_word' id='word_1_559' title='bbox 1194 4886 1418 4946; x_wconf 88' lang='lat' dir='ltr'><strong>saniem</strong></span> <span class='ocrx_word' id='word_1_560' title='bbox 1475 4883 1529 4944; x_wconf 90' lang='lat' dir='ltr'><strong>vi</strong></span> <span class='ocrx_word' id='word_1_561' title='bbox 1583 4883 1832 4964; x_wconf 79' lang='lat' dir='ltr'><strong>fulguris</strong></span> <span class='ocrx_word' id='word_1_562' title='bbox 1884 4885 2066 4947; x_wconf 90' lang='lat' dir='ltr'><strong>divini</strong></span> 
     </span>
    </p>
   </div>
   <div class='ocr_carea' id='block_1_85' title="bbox 424 4973 2060 5053">
    <p class='ocr_par' dir='ltr' id='par_1_85' title="bbox 424 4973 2060 5053">
     <span class='ocr_line' id='line_1_85' title="bbox 424 4973 2060 5053; baseline -0.001 -17"><span class='ocrx_word' id='word_1_563' title='bbox 424 4985 806 5048; x_wconf 86' lang='lat' dir='ltr'><strong>commotam,</strong></span> <span class='ocrx_word' id='word_1_564' title='bbox 833 4973 1178 5034; x_wconf 87' lang='lat' dir='ltr'><strong>etunionem</strong></span> <span class='ocrx_word' id='word_1_565' title='bbox 1195 4974 1433 5053; x_wconf 87' lang='lat' dir='ltr'><strong>propria</strong></span> <span class='ocrx_word' id='word_1_566' title='bbox 1445 4978 1732 5053; x_wconf 67' lang='lat' dir='ltr'><strong>porestate</strong></span> <span class='ocrx_word' id='word_1_567' title='bbox 1755 4973 2060 5052; x_wconf 90' lang='lat' dir='ltr'><strong>prodeun-</strong></span> 
     </span>
    </p>
   </div>
   <div class='ocr_carea' id='block_1_86' title="bbox 423 5060 2058 5143">
    <p class='ocr_par' dir='ltr' id='par_1_86' title="bbox 423 5060 2058 5143">
     <span class='ocr_line' id='line_1_86' title="bbox 423 5060 2058 5143; baseline 0 -21"><span class='ocrx_word' id='word_1_568' title='bbox 423 5069 566 5137; x_wconf 92' lang='lat' dir='ltr'><strong>tem,</strong></span> <span class='ocrx_word' id='word_1_569' title='bbox 595 5080 662 5124; x_wconf 90' lang='lat' dir='ltr'><strong>ac</strong></span> <span class='ocrx_word' id='word_1_570' title='bbox 686 5061 1016 5143; x_wconf 86' lang='lat' dir='ltr'><strong>expositum</strong></span> <span class='ocrx_word' id='word_1_571' title='bbox 1037 5060 1405 5141; x_wconf 88' lang='lat' dir='ltr'><strong>emptoribus</strong></span> <span class='ocrx_word' id='word_1_572' title='bbox 1417 5061 1562 5122; x_wconf 86' lang='lat' dir='ltr'><strong>citra</strong></span> <span class='ocrx_word' id='word_1_573' title='bbox 1575 5060 1764 5123; x_wconf 88' lang='lat' dir='ltr'><strong>ullum</strong></span> <span class='ocrx_word' id='word_1_574' title='bbox 1781 5061 2058 5142; x_wconf 89' lang='lat' dir='ltr'><strong>pretium;</strong></span> 
     </span>
    </p>
   </div>
   <div class='ocr_carea' id='block_1_87' title="bbox 422 5149 2065 5232">
    <p class='ocr_par' dir='ltr' id='par_1_87' title="bbox 422 5149 2065 5232">
     <span class='ocr_line' id='line_1_87' title="bbox 422 5149 2065 5232; baseline 0.001 -20"><span class='ocrx_word' id='word_1_575' title='bbox 422 5151 674 5232; x_wconf 83' lang='lat' dir='ltr'><strong>accipite</strong></span> <span class='ocrx_word' id='word_1_576' title='bbox 703 5168 839 5212; x_wconf 90' lang='lat' dir='ltr'><strong>eum</strong></span> <span class='ocrx_word' id='word_1_577' title='bbox 870 5149 1154 5231; x_wconf 88' lang='lat' dir='ltr'><strong>vobisque</strong></span> <span class='ocrx_word' id='word_1_578' title='bbox 1197 5149 1554 5230; x_wconf 89' lang='lat' dir='ltr'><strong>peculiarem</strong></span> <span class='ocrx_word' id='word_1_579' title='bbox 1605 5149 1804 5228; x_wconf 82' lang='lat' dir='ltr'><strong>facite,</strong></span> <span class='ocrx_word' id='word_1_580' title='bbox 1837 5167 1906 5212; x_wconf 89' lang='lat' dir='ltr'><strong>ac</strong></span> <span class='ocrx_word' id='word_1_581' title='bbox 1935 5150 2065 5213; x_wconf 72' lang='lat' dir='ltr'><strong>vitae</strong></span> 
     </span>
    </p>
   </div>
   <div class='ocr_carea' id='block_1_88' title="bbox 421 5238 2062 5320">
    <p class='ocr_par' dir='ltr' id='par_1_88' title="bbox 421 5238 2062 5320">
     <span class='ocr_line' id='line_1_88' title="bbox 421 5238 2062 5320; baseline 0 -19"><span class='ocrx_word' id='word_1_582' title='bbox 421 5248 660 5302; x_wconf 65' lang='lat' dir='ltr'><strong>aeterna:</strong></span> <span class='ocrx_word' id='word_1_583' title='bbox 690 5241 1033 5303; x_wconf 88' lang='lat' dir='ltr'><strong>thesaurum</strong></span> <span class='ocrx_word' id='word_1_584' title='bbox 1065 5238 1503 5320; x_wconf 86' lang='lat' dir='ltr'><strong>vobismetipsis</strong></span> <span class='ocrx_word' id='word_1_585' title='bbox 1547 5238 1861 5320; x_wconf 87' lang='lat' dir='ltr'><strong>acquirite.</strong></span> <span class='ocrx_word' id='word_1_586' title='bbox 1913 5241 2062 5304; x_wconf 89' lang='lat' dir='ltr'><strong>For-</strong></span> 
     </span>
    </p>
   </div>
   <div class='ocr_carea' id='block_1_89' title="bbox 424 5327 2064 5410">
    <p class='ocr_par' dir='ltr' id='par_1_89' title="bbox 424 5327 2064 5410">
     <span class='ocr_line' id='line_1_89' title="bbox 424 5327 2064 5410; baseline -0.002 -18"><span class='ocrx_word' id='word_1_587' title='bbox 424 5333 599 5393; x_wconf 88' lang='lat' dir='ltr'><strong>tassis</strong></span> <span class='ocrx_word' id='word_1_588' title='bbox 643 5329 821 5391; x_wconf 84' lang='lat' dir='ltr'><strong>etiam</strong></span> <span class='ocrx_word' id='word_1_589' title='bbox 873 5345 1041 5391; x_wconf 91' lang='lat' dir='ltr'><strong>more</strong></span> <span class='ocrx_word' id='word_1_590' title='bbox 1099 5329 1286 5409; x_wconf 86' lang='lat' dir='ltr'><strong>patris</strong></span> <span class='ocrx_word' id='word_1_591' title='bbox 1343 5327 1596 5390; x_wconf 89' lang='lat' dir='ltr'><strong>liberum</strong></span> <span class='ocrx_word' id='word_1_592' title='bbox 1654 5328 1930 5405; x_wconf 90' lang='lat' dir='ltr'><strong>amantis,</strong></span> <span class='ocrx_word' id='word_1_593' title='bbox 1963 5328 2064 5410; x_wconf 91' lang='lat' dir='ltr'><strong>qui</strong></span> 
     </span>
    </p>
   </div>
   <div class='ocr_carea' id='block_1_90' title="bbox 2159 3101 3810 3184">
    <p class='ocr_par' dir='ltr' id='par_1_90' title="bbox 2159 3101 3810 3184">
     <span class='ocr_line' id='line_1_90' title="bbox 2159 3101 3810 3184; baseline -0.003 -23"><span class='ocrx_word' id='word_1_594' title='bbox 2159 3104 2320 3170; x_wconf 86' lang='grc' dir='ltr'>κίνοις</span> <span class='ocrx_word' id='word_1_595' title='bbox 2377 3105 2881 3184; x_wconf 82' lang='grc' dir='ltr'>ἆποθησαυρίσωμεν</span> <span class='ocrx_word' id='word_1_596' title='bbox 2959 3105 3218 3163; x_wconf 79' lang='grc' dir='ltr'>σκεύεσιν.</span> <span class='ocrx_word' id='word_1_597' title='bbox 3297 3101 3447 3160; x_wconf 65' lang='grc' dir='ltr'>Οὕτω</span> <span class='ocrx_word' id='word_1_598' title='bbox 3516 3101 3810 3179; x_wconf 82' lang='grc' dir='ltr'>γινομένης</span> 
     </span>
    </p>
   </div>
   <div class='ocr_carea' id='block_1_91' title="bbox 2157 3189 3814 3270">
    <p class='ocr_par' dir='ltr' id='par_1_91' title="bbox 2157 3189 3814 3270">
     <span class='ocr_line' id='line_1_91' title="bbox 2157 3189 3814 3270; baseline 0 -22"><span class='ocrx_word' id='word_1_599' title='bbox 2157 3195 2245 3250; x_wconf 87' lang='grc' dir='ltr'><strong>καὶ</strong></span> <span class='ocrx_word' id='word_1_600' title='bbox 2274 3194 2466 3261; x_wconf 81' lang='grc' dir='ltr'>ταύτης</span> <span class='ocrx_word' id='word_1_601' title='bbox 2497 3200 2602 3250; x_wconf 85' lang='grc' dir='ltr'><strong>τῶν</strong></span> <span class='ocrx_word' id='word_1_602' title='bbox 2631 3194 2974 3270; x_wconf 83' lang='grc' dir='ltr'>θυμιαμάτων</span> <span class='ocrx_word' id='word_1_603' title='bbox 3038 3195 3137 3260; x_wconf 74' lang='grc' dir='ltr'>τῆς</span> <span class='ocrx_word' id='word_1_604' title='bbox 3208 3189 3512 3265; x_wconf 80' lang='grc' dir='ltr'>διαδόσεως,</span> <span class='ocrx_word' id='word_1_605' title='bbox 3557 3191 3648 3246; x_wconf 88' lang='grc' dir='ltr'><strong>καὶ</strong></span> <span class='ocrx_word' id='word_1_606' title='bbox 3718 3199 3814 3248; x_wconf 74' lang='grc' dir='ltr'><strong>τοῦ</strong></span> 
     </span>
    </p>
   </div>
   <div class='ocr_carea' id='block_1_92' title="bbox 2157 3276 3809 3362">
    <p class='ocr_par' dir='ltr' id='par_1_92' title="bbox 2157 3276 3809 3362">
     <span class='ocr_line' id='line_1_92' title="bbox 2157 3276 3809 3362; baseline -0.003 -24"><span class='ocrx_word' id='word_1_607' title='bbox 2157 3281 2288 3339; x_wconf 91' lang='grc' dir='ltr'>λαοῦ</span> <span class='ocrx_word' id='word_1_608' title='bbox 2315 3283 2409 3347; x_wconf 76' lang='grc' dir='ltr'><strong>τὰς</strong></span> <span class='ocrx_word' id='word_1_609' title='bbox 2439 3296 2632 3362; x_wconf 75' lang='grc' dir='ltr'>χεῖρας</span> <span class='ocrx_word' id='word_1_610' title='bbox 2673 3281 2834 3339; x_wconf 81' lang='grc' dir='ltr'>πάλιν</span> <span class='ocrx_word' id='word_1_611' title='bbox 2865 3281 2952 3338; x_wconf 79' lang='grc' dir='ltr'>ἐπὶ</span> <span class='ocrx_word' id='word_1_612' title='bbox 3008 3283 3068 3338; x_wconf 83' lang='grc' dir='ltr'><strong>τὸ</strong></span> <span class='ocrx_word' id='word_1_613' title='bbox 3114 3287 3216 3349; x_wconf 79' lang='grc' dir='ltr'>τῆς</span> <span class='ocrx_word' id='word_1_614' title='bbox 3254 3280 3498 3348; x_wconf 84' lang='grc' dir='ltr'>νηστείας</span> <span class='ocrx_word' id='word_1_615' title='bbox 3532 3276 3809 3358; x_wconf 60' lang='lat'><strong>03910390-</strong></span> 
     </span>
    </p>
   </div>
   <div class='ocr_carea' id='block_1_93' title="bbox 2159 3369 3808 3450">
    <p class='ocr_par' dir='ltr' id='par_1_93' title="bbox 2159 3369 3808 3450">
     <span class='ocr_line' id='line_1_93' title="bbox 2159 3369 3808 3450; baseline -0.002 -23"><span class='ocrx_word' id='word_1_616' title='bbox 2159 3373 2430 3446; x_wconf 75' lang='grc' dir='ltr'>μήσαντος</span> <span class='ocrx_word' id='word_1_617' title='bbox 2460 3370 2719 3450; x_wconf 87' lang='grc' dir='ltr'>πέλαγος,</span> <span class='ocrx_word' id='word_1_618' title='bbox 2765 3371 2854 3428; x_wconf 83' lang='grc' dir='ltr'><strong>καὶ</strong></span> <span class='ocrx_word' id='word_1_619' title='bbox 2907 3370 3004 3439; x_wconf 81' lang='grc' dir='ltr'><strong>τὴν</strong></span> <span class='ocrx_word' id='word_1_620' title='bbox 3033 3371 3194 3427; x_wconf 80' lang='grc' dir='ltr'>νύκτα</span> <span class='ocrx_word' id='word_1_621' title='bbox 3249 3376 3355 3426; x_wconf 83' lang='grc' dir='ltr'><strong>τῶν</strong></span> <span class='ocrx_word' id='word_1_622' title='bbox 3403 3369 3565 3447; x_wconf 78' lang='grc' dir='ltr'>ἁγίων</span> <span class='ocrx_word' id='word_1_623' title='bbox 3619 3370 3808 3423; x_wconf 72' lang='grc' dir='ltr'>παθῶν</span> 
     </span>
    </p>
   </div>
   <div class='ocr_carea' id='block_1_94' title="bbox 2156 3457 3807 3539">
    <p class='ocr_par' dir='ltr' id='par_1_94' title="bbox 2156 3457 3807 3539">
     <span class='ocr_line' id='line_1_94' title="bbox 2156 3457 3807 3539; baseline -0.002 -24"><span class='ocrx_word' id='word_1_624' title='bbox 2156 3469 2250 3519; x_wconf 90' lang='grc' dir='ltr'><strong>τοῦ</strong></span> <span class='ocrx_word' id='word_1_625' title='bbox 2320 3467 2546 3538; x_wconf 83' lang='grc' dir='ltr'>Χριστοῦ</span> <span class='ocrx_word' id='word_1_626' title='bbox 2583 3459 2825 3537; x_wconf 83' lang='grc' dir='ltr'>λαμπάσι</span> <span class='ocrx_word' id='word_1_627' title='bbox 2881 3459 3428 3539; x_wconf 84' lang='grc' dir='ltr'>καταπυρσεύσαντος,</span> <span class='ocrx_word' id='word_1_628' title='bbox 3500 3457 3644 3532; x_wconf 75' lang='grc' dir='ltr'>(τοὺς</span> 
     </span>
    </p>
   </div>
   <div class='ocr_carea' id='block_1_95' title="bbox 2157 3545 3805 3628">
    <p class='ocr_par' dir='ltr' id='par_1_95' title="bbox 2157 3545 3805 3628">
     <span class='ocr_line' id='line_1_95' title="bbox 2157 3545 3805 3628; baseline -0.002 -24"><span class='ocrx_word' id='word_1_629' title='bbox 2157 3547 2210 3604; x_wconf 84' lang='grc' dir='ltr'>ὲν</span> <span class='ocrx_word' id='word_1_630' title='bbox 2290 3549 2463 3628; x_wconf 80' lang='grc' dir='ltr'>ἡμέρᾳ</span> <span class='ocrx_word' id='word_1_631' title='bbox 2544 3555 2959 3628; x_wconf 87' lang='grc' dir='ltr'>περιπατοῦντας</span> <span class='ocrx_word' id='word_1_632' title='bbox 3061 3545 3400 3605; x_wconf 81' lang='grc' dir='ltr'>νυκτοϐατετν</span> <span class='ocrx_word' id='word_1_633' title='bbox 3470 3547 3606 3602; x_wconf 76' lang='grc' dir='ltr'>κατὰ</span> <span class='ocrx_word' id='word_1_634' title='bbox 3681 3547 3805 3608; x_wconf 70' lang='grc' dir='ltr'>τοὺς</span> 
     </span>
    </p>
   </div>
   <div class='ocr_carea' id='block_1_96' title="bbox 2157 3633 3804 3718">
    <p class='ocr_par' dir='ltr' id='par_1_96' title="bbox 2157 3633 3804 3718">
     <span class='ocr_line' id='line_1_96' title="bbox 2157 3633 3804 3718; baseline -0.002 -26"><span class='ocrx_word' id='word_1_635' title='bbox 2157 3635 2564 3709; x_wconf 79' lang='grc' dir='ltr'>ἐσποτισμένους</span> <span class='ocrx_word' id='word_1_636' title='bbox 2635 3635 2936 3718; x_wconf 81' lang='grc' dir='ltr'>ἀδύνατον,)</span> <span class='ocrx_word' id='word_1_637' title='bbox 2995 3639 3024 3693; x_wconf 85' lang='grc' dir='ltr'><strong>ὁ</strong></span> <span class='ocrx_word' id='word_1_638' title='bbox 3078 3642 3178 3705; x_wconf 75' lang='grc' dir='ltr'>τῆς</span> <span class='ocrx_word' id='word_1_639' title='bbox 3222 3634 3521 3702; x_wconf 83' lang='grc' dir='ltr'>Εκκλησίας</span> <span class='ocrx_word' id='word_1_640' title='bbox 3577 3633 3804 3714; x_wconf 78' lang='grc' dir='ltr'>νυμφίος</span> 
     </span>
    </p>
   </div>
   <div class='ocr_carea' id='block_1_97' title="bbox 2155 3723 3805 3805">
    <p class='ocr_par' dir='ltr' id='par_1_97' title="bbox 2155 3723 3805 3805">
     <span class='ocr_line' id='line_1_97' title="bbox 2155 3723 3805 3805; baseline -0.001 -25"><span class='ocrx_word' id='word_1_641' title='bbox 2155 3723 2431 3791; x_wconf 70' lang='grc' dir='ltr'>ἀνατείλας</span> <span class='ocrx_word' id='word_1_642' title='bbox 2461 3728 2548 3783; x_wconf 86' lang='grc' dir='ltr'><strong>καὶ</strong></span> <span class='ocrx_word' id='word_1_643' title='bbox 2577 3725 2761 3803; x_wconf 90' lang='grc' dir='ltr'>πάλιν,</span> <span class='ocrx_word' id='word_1_644' title='bbox 2804 3728 2940 3783; x_wconf 87' lang='grc' dir='ltr'>καθά</span> <span class='ocrx_word' id='word_1_645' title='bbox 2985 3748 3064 3791; x_wconf 88' lang='grc' dir='ltr'><strong>τις</strong></span> <span class='ocrx_word' id='word_1_646' title='bbox 3117 3724 3277 3805; x_wconf 68' lang='grc' dir='ltr'>εἴπῃ,</span> <span class='ocrx_word' id='word_1_647' title='bbox 3326 3723 3458 3798; x_wconf 75' lang='grc' dir='ltr'>ἑῷος</span> <span class='ocrx_word' id='word_1_648' title='bbox 3515 3723 3805 3801; x_wconf 82' lang='grc' dir='ltr'>άρκτοῦρος</span> 
     </span>
    </p>
   </div>
   <div class='ocr_carea' id='block_1_98' title="bbox 2155 3813 3805 3897">
    <p class='ocr_par' dir='ltr' id='par_1_98' title="bbox 2155 3813 3805 3897">
     <span class='ocr_line' id='line_1_98' title="bbox 2155 3813 3805 3897; baseline -0.002 -28"><span class='ocrx_word' id='word_1_649' title='bbox 2155 3815 2242 3870; x_wconf 87' lang='grc' dir='ltr'><strong>καὶ</strong></span> <span class='ocrx_word' id='word_1_650' title='bbox 2271 3814 2675 3897; x_wconf 77' lang='grc' dir='ltr'>ἀκροκνέφαιος,</span> <span class='ocrx_word' id='word_1_651' title='bbox 2703 3818 2841 3876; x_wconf 78' lang='grc' dir='ltr'>κατὰ</span> <span class='ocrx_word' id='word_1_652' title='bbox 2880 3815 2981 3883; x_wconf 77' lang='grc' dir='ltr'><strong>την</strong></span> <span class='ocrx_word' id='word_1_653' title='bbox 3034 3813 3249 3896; x_wconf 77' lang='grc' dir='ltr'>φαιδρὰν</span> <span class='ocrx_word' id='word_1_654' title='bbox 3302 3821 3394 3870; x_wconf 92' lang='grc' dir='ltr'><strong>τοῦ</strong></span> <span class='ocrx_word' id='word_1_655' title='bbox 3424 3813 3572 3890; x_wconf 78' lang='grc' dir='ltr'>ἁγίου</span> <span class='ocrx_word' id='word_1_656' title='bbox 3602 3813 3805 3890; x_wconf 83' lang='grc' dir='ltr'>Πάσχα</span> 
     </span>
    </p>
   </div>
   <div class='ocr_carea' id='block_1_99' title="bbox 2154 3901 3804 3986">
    <p class='ocr_par' dir='ltr' id='par_1_99' title="bbox 2154 3901 3804 3986">
     <span class='ocr_line' id='line_1_99' title="bbox 2154 3901 3804 3986; baseline -0.003 -27"><span class='ocrx_word' id='word_1_657' title='bbox 2154 3902 2358 3984; x_wconf 84' lang='grc' dir='ltr'>ἡμέραν</span> <span class='ocrx_word' id='word_1_658' title='bbox 2400 3905 2496 3974; x_wconf 77' lang='grc' dir='ltr'><strong>τὴν</strong></span> <span class='ocrx_word' id='word_1_659' title='bbox 2555 3906 2879 3986; x_wconf 86' lang='grc' dir='ltr'>κυριώνυμον</span> <span class='ocrx_word' id='word_1_660' title='bbox 2947 3907 3020 3968; x_wconf 84' lang='grc' dir='ltr'><strong>ὡς</strong></span> <span class='ocrx_word' id='word_1_661' title='bbox 3064 3903 3226 3966; x_wconf 78' lang='grc' dir='ltr'>ἄλλος</span> <span class='ocrx_word' id='word_1_662' title='bbox 3281 3901 3552 3964; x_wconf 88' lang='grc' dir='ltr'>θεσπέσιος</span> <span class='ocrx_word' id='word_1_663' title='bbox 3597 3901 3804 3967; x_wconf 73' lang='grc' dir='ltr'>Μωσῆς</span> 
     </span>
    </p>
   </div>
   <div class='ocr_carea' id='block_1_100' title="bbox 2153 3991 3806 4074">
    <p class='ocr_par' dir='ltr' id='par_1_100' title="bbox 2153 3991 3806 4074">
     <span class='ocr_line' id='line_1_100' title="bbox 2153 3991 3806 4074; baseline -0.004 -24"><span class='ocrx_word' id='word_1_664' title='bbox 2153 3994 2246 4050; x_wconf 86' lang='grc' dir='ltr'>τὸν</span> <span class='ocrx_word' id='word_1_665' title='bbox 2300 3999 2395 4050; x_wconf 89' lang='grc' dir='ltr'><strong>τοῦ</strong></span> <span class='ocrx_word' id='word_1_666' title='bbox 2455 4001 2684 4074; x_wconf 82' lang='grc' dir='ltr'>Χριστοῦ</span> <span class='ocrx_word' id='word_1_667' title='bbox 2727 3996 2857 4050; x_wconf 81' lang='grc' dir='ltr'>λαὸν</span> <span class='ocrx_word' id='word_1_668' title='bbox 2896 3991 3290 4072; x_wconf 76' lang='grc' dir='ltr'>ἒγκολπίζεται.</span> <span class='ocrx_word' id='word_1_669' title='bbox 3339 3992 3437 4048; x_wconf 82' lang='grc' dir='ltr'>Καὶ</span> <span class='ocrx_word' id='word_1_670' title='bbox 3492 3991 3806 4068; x_wconf 80' lang='grc' dir='ltr'>συγχαίρων</span> 
     </span>
    </p>
   </div>
   <div class='ocr_carea' id='block_1_101' title="bbox 2153 4077 3804 4160">
    <p class='ocr_par' dir='ltr' id='par_1_101' title="bbox 2153 4077 3804 4160">
     <span class='ocr_line' id='line_1_101' title="bbox 2153 4077 3804 4160; baseline -0.002 -24"><span class='ocrx_word' id='word_1_671' title='bbox 2153 4085 2268 4138; x_wconf 78' lang='grc' dir='ltr'>οἷον</span> <span class='ocrx_word' id='word_1_672' title='bbox 2351 4086 2556 4159; x_wconf 65' lang='grc' dir='ltr'>αὐτοῖς,</span> <span class='ocrx_word' id='word_1_673' title='bbox 2639 4089 2812 4140; x_wconf 82' lang='grc' dir='ltr'>πᾶσαν</span> <span class='ocrx_word' id='word_1_674' title='bbox 2885 4081 3249 4160; x_wconf 72' lang='grc' dir='ltr'>Αἰγυπτιακὴν</span> <span class='ocrx_word' id='word_1_675' title='bbox 3329 4077 3804 4153; x_wconf 80' lang='grc' dir='ltr'>άποτιναξαμένοις</span> 
     </span>
    </p>
   </div>
   <div class='ocr_carea' id='block_1_102' title="bbox 2152 4168 3800 4250">
    <p class='ocr_par' dir='ltr' id='par_1_102' title="bbox 2152 4168 3800 4250">
     <span class='ocr_line' id='line_1_102' title="bbox 2152 4168 3800 4250; baseline -0.004 -24"><span class='ocrx_word' id='word_1_676' title='bbox 2152 4171 2422 4238; x_wconf 83' lang='grc' dir='ltr'>κακότητα</span> <span class='ocrx_word' id='word_1_677' title='bbox 2452 4173 2542 4229; x_wconf 87' lang='grc' dir='ltr'><strong>καὶ</strong></span> <span class='ocrx_word' id='word_1_678' title='bbox 2568 4173 2766 4250; x_wconf 80' lang='grc' dir='ltr'>Φαραὼ</span> <span class='ocrx_word' id='word_1_679' title='bbox 2816 4168 3046 4238; x_wconf 84' lang='grc' dir='ltr'>διώκτην</span> <span class='ocrx_word' id='word_1_680' title='bbox 3102 4168 3508 4226; x_wconf 85' lang='grc' dir='ltr'>καταποντίσασι</span> <span class='ocrx_word' id='word_1_681' title='bbox 3555 4183 3572 4198; x_wconf 89' lang='grc'>⁶</span> <span class='ocrx_word' id='word_1_682' title='bbox 3609 4173 3800 4239; x_wconf 81' lang='grc' dir='ltr'>Δεῦτε,</span> 
     </span>
    </p>
   </div>
   <div class='ocr_carea' id='block_1_103' title="bbox 2151 4256 3797 4340">
    <p class='ocr_par' dir='ltr' id='par_1_103' title="bbox 2151 4256 3797 4340">
     <span class='ocr_line' id='line_1_103' title="bbox 2151 4256 3797 4340; baseline -0.002 -25"><span class='ocrx_word' id='word_1_683' title='bbox 2151 4260 2331 4340; x_wconf 88' lang='grc' dir='ltr'>φησὶν,</span> <span class='ocrx_word' id='word_1_684' title='bbox 2366 4258 2513 4316; x_wconf 73' lang='grc' dir='ltr'>ἴδετε</span> <span class='ocrx_word' id='word_1_685' title='bbox 2580 4265 2676 4329; x_wconf 79' lang='grc' dir='ltr'><strong>τῆς</strong></span> <span class='ocrx_word' id='word_1_686' title='bbox 2733 4258 3025 4339; x_wconf 78' lang='grc' dir='ltr'>όρθαδοξίας</span> <span class='ocrx_word' id='word_1_687' title='bbox 3077 4261 3123 4315; x_wconf 77' lang='grc' dir='ltr'>οἱ</span> <span class='ocrx_word' id='word_1_688' title='bbox 3180 4256 3422 4335; x_wconf 75' lang='grc' dir='ltr'>ἔμποροι,</span> <span class='ocrx_word' id='word_1_689' title='bbox 3497 4258 3545 4312; x_wconf 79' lang='grc' dir='ltr'>οἱ</span> <span class='ocrx_word' id='word_1_690' title='bbox 3599 4256 3662 4311; x_wconf 78' lang='grc' dir='ltr'>τὸ</span> <span class='ocrx_word' id='word_1_691' title='bbox 3695 4261 3797 4322; x_wconf 76' lang='grc' dir='ltr'>τῆς</span> 
     </span>
    </p>
   </div>
   <div class='ocr_carea' id='block_1_104' title="bbox 2147 4345 3802 4428">
    <p class='ocr_par' dir='ltr' id='par_1_104' title="bbox 2147 4345 3802 4428">
     <span class='ocr_line' id='line_1_104' title="bbox 2147 4345 3802 4428; baseline -0.002 -24"><span class='ocrx_word' id='word_1_692' title='bbox 2147 4349 2390 4415; x_wconf 84' lang='grc' dir='ltr'>νηστείας</span> <span class='ocrx_word' id='word_1_693' title='bbox 2480 4347 2761 4414; x_wconf 76' lang='grc' dir='ltr'>ἀκινδύνως</span> <span class='ocrx_word' id='word_1_694' title='bbox 2865 4349 3186 4428; x_wconf 79' lang='grc' dir='ltr'>περάσαντες</span> <span class='ocrx_word' id='word_1_695' title='bbox 3265 4345 3514 4423; x_wconf 86' lang='grc' dir='ltr'>πέλαγος,</span> <span class='ocrx_word' id='word_1_696' title='bbox 3561 4354 3667 4403; x_wconf 81' lang='grc' dir='ltr'><strong>ποῦ</strong></span> <span class='ocrx_word' id='word_1_697' title='bbox 3741 4346 3802 4402; x_wconf 77' lang='grc' dir='ltr'>τὸ</span> 
     </span>
    </p>
   </div>
   <div class='ocr_carea' id='block_1_105' title="bbox 2151 4434 3797 4518">
    <p class='ocr_par' dir='ltr' id='par_1_105' title="bbox 2151 4434 3797 4518">
     <span class='ocr_line' id='line_1_105' title="bbox 2151 4434 3797 4518; baseline -0.003 -24"><span class='ocrx_word' id='word_1_698' title='bbox 2151 4436 2293 4516; x_wconf 85' lang='grc' dir='ltr'>μέγα</span> <span class='ocrx_word' id='word_1_699' title='bbox 2320 4447 2463 4516; x_wconf 84' lang='grc' dir='ltr'>κῦμα</span> <span class='ocrx_word' id='word_1_700' title='bbox 2505 4448 2598 4498; x_wconf 83' lang='grc' dir='ltr'><strong>τοῦ</strong></span> <span class='ocrx_word' id='word_1_701' title='bbox 2648 4440 2835 4518; x_wconf 85' lang='grc' dir='ltr'>φθόνου</span> <span class='ocrx_word' id='word_1_702' title='bbox 2890 4441 2982 4494; x_wconf 83' lang='grc' dir='ltr'><strong>τὸν</strong></span> <span class='ocrx_word' id='word_1_703' title='bbox 3035 4439 3136 4504; x_wconf 76' lang='grc' dir='ltr'><strong>τῆς</strong></span> <span class='ocrx_word' id='word_1_704' title='bbox 3191 4441 3334 4509; x_wconf 81' lang='grc' dir='ltr'>ζωῆς</span> <span class='ocrx_word' id='word_1_705' title='bbox 3389 4436 3648 4512; x_wconf 78' lang='grc' dir='ltr'>θησαυρὸν</span> <span class='ocrx_word' id='word_1_706' title='bbox 3680 4434 3797 4490; x_wconf 79' lang='grc' dir='ltr'><strong>ἀπ-</strong></span> 
     </span>
    </p>
   </div>
   <div class='ocr_carea' id='block_1_106' title="bbox 2147 4519 3800 4604">
    <p class='ocr_par' dir='ltr' id='par_1_106' title="bbox 2147 4519 3800 4604">
     <span class='ocr_line' id='line_1_106' title="bbox 2147 4519 3800 4604; baseline -0.002 -25"><span class='ocrx_word' id='word_1_707' title='bbox 2147 4524 2351 4583; x_wconf 88' lang='grc' dir='ltr'>εκύλισε</span> <span class='ocrx_word' id='word_1_708' title='bbox 2383 4545 2399 4561; x_wconf 92' lang='grc'><strong>·</strong></span> <span class='ocrx_word' id='word_1_709' title='bbox 2466 4534 2567 4585; x_wconf 85' lang='grc' dir='ltr'><strong>ποῦ</strong></span> <span class='ocrx_word' id='word_1_710' title='bbox 2621 4529 2714 4583; x_wconf 85' lang='grc' dir='ltr'>τὸν</span> <span class='ocrx_word' id='word_1_711' title='bbox 2772 4526 3065 4602; x_wconf 81' lang='grc' dir='ltr'>ἀκοίμητον</span> <span class='ocrx_word' id='word_1_712' title='bbox 3123 4525 3389 4604; x_wconf 87' lang='grc' dir='ltr'>μάργαρον</span> <span class='ocrx_word' id='word_1_713' title='bbox 3469 4519 3800 4601; x_wconf 73' lang='grc' dir='ltr'>εὗροκλύδων</span> 
     </span>
    </p>
   </div>
   <div class='ocr_carea' id='block_1_107' title="bbox 2144 4610 3799 4695">
    <p class='ocr_par' dir='ltr' id='par_1_107' title="bbox 2144 4610 3799 4695">
     <span class='ocr_line' id='line_1_107' title="bbox 2144 4610 3799 4695; baseline -0.003 -25"><span class='ocrx_word' id='word_1_714' title='bbox 2144 4619 2436 4694; x_wconf 84' lang='grc' dir='ltr'>τυφωνικὸς</span> <span class='ocrx_word' id='word_1_715' title='bbox 2493 4618 2566 4682; x_wconf 84' lang='grc' dir='ltr'>ὡς</span> <span class='ocrx_word' id='word_1_716' title='bbox 2615 4615 2670 4672; x_wconf 72' lang='grc' dir='ltr'>ἐν</span> <span class='ocrx_word' id='word_1_717' title='bbox 2727 4615 2925 4693; x_wconf 75' lang='grc' dir='ltr'>ὀστρέῳ</span> <span class='ocrx_word' id='word_1_718' title='bbox 2979 4621 3056 4689; x_wconf 84' lang='grc' dir='ltr'>τῷ</span> <span class='ocrx_word' id='word_1_719' title='bbox 3104 4615 3255 4695; x_wconf 79' lang='grc' dir='ltr'>τάφῳ</span> <span class='ocrx_word' id='word_1_720' title='bbox 3306 4610 3631 4691; x_wconf 77' lang='grc' dir='ltr'>κατέκρυψε.</span> <span class='ocrx_word' id='word_1_721' title='bbox 3695 4612 3799 4667; x_wconf 74' lang='grc' dir='ltr'>Καὶ</span> 
     </span>
    </p>
   </div>
   <div class='ocr_carea' id='block_1_108' title="bbox 2145 4699 3801 4784">
    <p class='ocr_par' dir='ltr' id='par_1_108' title="bbox 2145 4699 3801 4784">
     <span class='ocr_line' id='line_1_108' title="bbox 2145 4699 3801 4784; baseline -0.003 -25"><span class='ocrx_word' id='word_1_722' title='bbox 2145 4700 2339 4769; x_wconf 72' lang='grc' dir='ltr'>ἰδόντες</span> <span class='ocrx_word' id='word_1_723' title='bbox 2373 4709 2434 4763; x_wconf 81' lang='grc' dir='ltr'><strong>τὸ</strong></span> <span class='ocrx_word' id='word_1_724' title='bbox 2484 4705 2583 4782; x_wconf 75' lang='grc' dir='ltr'>μὲν</span> <span class='ocrx_word' id='word_1_725' title='bbox 2651 4703 2864 4784; x_wconf 69' lang='grc' dir='ltr'>ἔλυτρον</span> <span class='ocrx_word' id='word_1_726' title='bbox 2922 4702 3305 4779; x_wconf 82' lang='grc' dir='ltr'>μετασαλευθὲν</span> <span class='ocrx_word' id='word_1_727' title='bbox 3347 4699 3563 4776; x_wconf 84' lang='grc' dir='ltr'>δύνάμει</span> <span class='ocrx_word' id='word_1_728' title='bbox 3605 4703 3801 4767; x_wconf 75' lang='grc' dir='ltr'>θεϊκῇς</span> 
     </span>
    </p>
   </div>
   <div class='ocr_carea' id='block_1_109' title="bbox 2147 4787 3802 4874">
    <p class='ocr_par' dir='ltr' id='par_1_109' title="bbox 2147 4787 3802 4874">
     <span class='ocr_line' id='line_1_109' title="bbox 2147 4787 3802 4874; baseline -0.005 -22"><span class='ocrx_word' id='word_1_729' title='bbox 2147 4796 2444 4874; x_wconf 78' lang='grc' dir='ltr'>ἀστραπῆς,</span> <span class='ocrx_word' id='word_1_730' title='bbox 2505 4796 2597 4850; x_wconf 82' lang='grc' dir='ltr'>τὸν</span> <span class='ocrx_word' id='word_1_731' title='bbox 2674 4791 2729 4849; x_wconf 80' lang='grc' dir='ltr'>δὲ</span> <span class='ocrx_word' id='word_1_732' title='bbox 2787 4793 3054 4872; x_wconf 85' lang='grc' dir='ltr'>μάργαρον</span> <span class='ocrx_word' id='word_1_733' title='bbox 3113 4791 3452 4857; x_wconf 74' lang='grc' dir='ltr'>αὐτεξουσίως</span> <span class='ocrx_word' id='word_1_734' title='bbox 3521 4787 3802 4854; x_wconf 76' lang='grc' dir='ltr'>ἐξανατεί-</span> 
     </span>
    </p>
   </div>
   <div class='ocr_carea' id='block_1_110' title="bbox 2147 4878 3802 4962">
    <p class='ocr_par' dir='ltr' id='par_1_110' title="bbox 2147 4878 3802 4962">
     <span class='ocr_line' id='line_1_110' title="bbox 2147 4878 3802 4962; baseline -0.005 -20"><span class='ocrx_word' id='word_1_735' title='bbox 2147 4884 2334 4960; x_wconf 82' lang='grc' dir='ltr'>λαντα,</span> <span class='ocrx_word' id='word_1_736' title='bbox 2408 4885 2496 4940; x_wconf 86' lang='grc' dir='ltr'><strong>καὶ</strong></span> <span class='ocrx_word' id='word_1_737' title='bbox 2564 4883 2638 4945; x_wconf 76' lang='grc' dir='ltr'><strong>εἰς</strong></span> <span class='ocrx_word' id='word_1_738' title='bbox 2697 4882 2953 4962; x_wconf 75' lang='grc' dir='ltr'>ἐμπορίαν</span> <span class='ocrx_word' id='word_1_739' title='bbox 3007 4881 3350 4961; x_wconf 82' lang='grc' dir='ltr'>προκείμενον</span> <span class='ocrx_word' id='word_1_740' title='bbox 3411 4878 3802 4958; x_wconf 80' lang='grc' dir='ltr'>άπραγμάτευ-</span> 
     </span>
    </p>
   </div>
   <div class='ocr_carea' id='block_1_111' title="bbox 2145 4965 3802 5050">
    <p class='ocr_par' dir='ltr' id='par_1_111' title="bbox 2145 4965 3802 5050">
     <span class='ocr_line' id='line_1_111' title="bbox 2145 4965 3802 5050; baseline -0.007 -19"><span class='ocrx_word' id='word_1_741' title='bbox 2145 4997 2260 5050; x_wconf 90' lang='grc' dir='ltr'>τον,</span> <span class='ocrx_word' id='word_1_742' title='bbox 2341 4969 2528 5028; x_wconf 86' lang='grc' dir='ltr'>λάϐετε</span> <span class='ocrx_word' id='word_1_743' title='bbox 2608 4980 2792 5030; x_wconf 88' lang='grc' dir='ltr'>τοῦτον</span> <span class='ocrx_word' id='word_1_744' title='bbox 2850 4971 2942 5026; x_wconf 87' lang='grc' dir='ltr'><strong>καὶ</strong></span> <span class='ocrx_word' id='word_1_745' title='bbox 2994 4967 3297 5026; x_wconf 76' lang='grc' dir='ltr'>ἰδιώσασθαι</span> <span class='ocrx_word' id='word_1_746' title='bbox 3343 4965 3432 5042; x_wconf 76' lang='grc'><strong>86,</strong></span> <span class='ocrx_word' id='word_1_747' title='bbox 3505 4969 3592 5023; x_wconf 81' lang='grc' dir='ltr'><strong>καὶ</strong></span> <span class='ocrx_word' id='word_1_748' title='bbox 3647 4971 3802 5037; x_wconf 80' lang='grc' dir='ltr'>ζωὴν</span> 
     </span>
    </p>
   </div>
   <div class='ocr_carea' id='block_1_112' title="bbox 2145 5055 3803 5139">
    <p class='ocr_par' dir='ltr' id='par_1_112' title="bbox 2145 5055 3803 5139">
     <span class='ocr_line' id='line_1_112' title="bbox 2145 5055 3803 5139; baseline -0.005 -20"><span class='ocrx_word' id='word_1_749' title='bbox 2145 5063 2353 5120; x_wconf 73' lang='grc' dir='ltr'>αἰώνιον</span> <span class='ocrx_word' id='word_1_750' title='bbox 2416 5062 2625 5125; x_wconf 76' lang='grc' dir='ltr'>ἑαυτοῖς</span> <span class='ocrx_word' id='word_1_751' title='bbox 2674 5059 3152 5138; x_wconf 83' lang='grc' dir='ltr'>ἀποθησαυρίσατε.</span> <span class='ocrx_word' id='word_1_752' title='bbox 3210 5059 3366 5139; x_wconf 86' lang='grc' dir='ltr'>Τάχα</span> <span class='ocrx_word' id='word_1_753' title='bbox 3425 5055 3481 5114; x_wconf 76' lang='grc' dir='ltr'>δὲ</span> <span class='ocrx_word' id='word_1_754' title='bbox 3537 5057 3803 5112; x_wconf 71' lang='grc' dir='ltr'>καὶκατὰ</span> 
     </span>
    </p>
   </div>
   <div class='ocr_carea' id='block_1_113' title="bbox 2145 5142 3790 5231">
    <p class='ocr_par' dir='ltr' id='par_1_113' title="bbox 2145 5142 3790 5231">
     <span class='ocr_line' id='line_1_113' title="bbox 2145 5142 3790 5231; baseline -0.005 -23"><span class='ocrx_word' id='word_1_755' title='bbox 2145 5151 2348 5231; x_wconf 87' lang='grc' dir='ltr'>πατέρα</span> <span class='ocrx_word' id='word_1_756' title='bbox 2427 5148 2800 5231; x_wconf 87' lang='grc' dir='ltr'>φιλόστοργον,</span> <span class='ocrx_word' id='word_1_757' title='bbox 2891 5158 2978 5209; x_wconf 87' lang='grc' dir='ltr'><strong>νῦν</strong></span> <span class='ocrx_word' id='word_1_758' title='bbox 3050 5148 3273 5229; x_wconf 79' lang='grc' dir='ltr'>πρώτως</span> <span class='ocrx_word' id='word_1_759' title='bbox 3351 5145 3526 5203; x_wconf 81' lang='grc' dir='ltr'>ἰδόντα</span> <span class='ocrx_word' id='word_1_760' title='bbox 3579 5142 3790 5210; x_wconf 79' lang='grc' dir='ltr'>παῖδας</span> 
     </span>
    </p>
   </div>
   <div class='ocr_carea' id='block_1_114' title="bbox 2145 5231 3793 5318">
    <p class='ocr_par' dir='ltr' id='par_1_114' title="bbox 2145 5231 3793 5318">
     <span class='ocr_line' id='line_1_114' title="bbox 2145 5231 3793 5318; baseline -0.004 -22"><span class='ocrx_word' id='word_1_761' title='bbox 2145 5241 2442 5318; x_wconf 84' lang='grc' dir='ltr'>ἀμύμονας,</span> <span class='ocrx_word' id='word_1_762' title='bbox 2474 5238 2580 5296; x_wconf 78' lang='grc' dir='ltr'><strong>ἀπὸ</strong></span> <span class='ocrx_word' id='word_1_763' title='bbox 2637 5245 2838 5316; x_wconf 81' lang='grc' dir='ltr'>μακρᾶς</span> <span class='ocrx_word' id='word_1_764' title='bbox 2919 5240 3009 5295; x_wconf 91' lang='grc' dir='ltr'><strong>καὶ</strong></span> <span class='ocrx_word' id='word_1_765' title='bbox 3077 5234 3415 5302; x_wconf 87' lang='grc' dir='ltr'>κινδυνώδους</span> <span class='ocrx_word' id='word_1_766' title='bbox 3473 5231 3793 5309; x_wconf 75' lang='grc' dir='ltr'>ἀποδημίας</span> 
     </span>
    </p>
   </div>
   <div class='ocr_carea' id='block_1_115' title="bbox 2145 5326 3802 5409">
    <p class='ocr_par' dir='ltr' id='par_1_115' title="bbox 2145 5326 3802 5409">
     <span class='ocr_line' id='line_1_115' title="bbox 2145 5326 3802 5409; baseline -0.004 -23"><span class='ocrx_word' id='word_1_767' title='bbox 2145 5327 2390 5396; x_wconf 80' lang='grc' dir='ltr'>ἀϐλαϐῶς</span> <span class='ocrx_word' id='word_1_768' title='bbox 2455 5326 2885 5409; x_wconf 74' lang='grc' dir='ltr'>ὲνδημήσαντας,</span> <span class='ocrx_word' id='word_1_769' title='bbox 2942 5328 2998 5385; x_wconf 70' lang='grc' dir='ltr'>ἐν</span> <span class='ocrx_word' id='word_1_770' title='bbox 3047 5329 3307 5408; x_wconf 82' lang='grc' dir='ltr'>φιλήματι</span> <span class='ocrx_word' id='word_1_771' title='bbox 3550 5345 3802 5404; x_wconf 77' lang='grc' dir='ltr'>περιχα-</span> 
     </span>
    </p>
   </div>
   <div class='ocr_carea' id='block_1_116' title="bbox 1726 5486 2468 5554">
    <p class='ocr_par' dir='ltr' id='par_1_116' title="bbox 1726 5486 2468 5554">
     <span class='ocr_line' id='line_1_116' title="bbox 1726 5486 2468 5554; baseline -0.003 -3"><span class='ocrx_word' id='word_1_772' title='bbox 1726 5486 1984 5553; x_wconf 74' lang='lat' dir='ltr'><strong>VARLE</strong></span> <span class='ocrx_word' id='word_1_773' title='bbox 2030 5487 2344 5554; x_wconf 84' lang='lat' dir='ltr'><strong>LECTION</strong></span> <span class='ocrx_word' id='word_1_774' title='bbox 2350 5487 2468 5553; x_wconf 86' lang='lat' dir='ltr'><strong>ES.</strong></span> 
     </span>
    </p>
   </div>
   <div class='ocr_carea' id='block_1_117' title="bbox 498 5596 881 5662">
    <p class='ocr_par' dir='ltr' id='par_1_117' title="bbox 498 5596 881 5662">
     <span class='ocr_line' id='line_1_117' title="bbox 498 5596 881 5662; baseline -0.005 -6"><span class='ocrx_word' id='word_1_775' title='bbox 498 5596 564 5649; x_wconf 70' lang='lat'><strong>93</strong></span> <span class='ocrx_word' id='word_1_776' title='bbox 588 5596 881 5662; x_wconf 82' lang='grc' dir='ltr'>ἷδιώσασθε.</span> 
     </span>
    </p>
   </div>
   <div class='ocr_carea' id='block_1_118' title="bbox 4018 1317 4027 2650">
    <p class='ocr_par' dir='ltr' id='par_1_118' title="bbox 4021 1837 4023 2060">
     <span class='ocr_line' id='line_1_118' title="bbox 4021 1837 4023 1930; baseline 0 0"><span class='ocrx_word' id='word_1_777' title='bbox 4021 1837 4023 1930; x_wconf 57' lang='grc' dir='ltr'>ψ</span> 
     </span>
     <span class='ocr_line' id='line_1_119' title="bbox 4022 1979 4023 2060; baseline 0 -12"><span class='ocrx_word' id='word_1_778' title='bbox 4022 1979 4023 2060; x_wconf 59' lang='lat' dir='ltr'><strong>i</strong></span> 
     </span>
    </p>
   </div>
  </div>
