4074 6212
219 349 367 415 1221

1561 351 2122 421 ϐΡιιΕΟΟ-ΒΟΜΑΝ
2132 356 2238 421 UM

3429 351 3584 416 1222

222 492 326 563 ρῶς
394 486 807 566 κατασπέζεται,
878 487 966 542 καὶ
1008 485 1209 551 ἁνοίξος
1250 488 1372 551 τοὺς
1425 491 1714 569 θησαυροὺς
1758 494 1894 554 τῆςὶ

1981 508 2056 549 Im
2080 489 2333 569 primum
2353 488 2509 549 filios
2537 486 2697 548 videt
2714 505 2782 547 ex
2814 484 3134 564 longinqua
3169 491 3228 545 et
3259 483 3591 565 periculosa

221 574 461 654 εὖλογίας
506 579 684 655 αὐτοῦ,
748 573 1032 641 δεξιοῦνται
1103 576 1314 640 τούτους
1376 579 1717 657 νομίσμασιν,
1750 576 1868 633 ὀλί-

1981 577 2428 656 leregrinatione
2459 577 2698 638 domum
2760 575 2975 635 illaesos
3018 572 3363 647 redeuntes,
3424 574 3587 634 laeta-

219 687 334 742 γοις
377 665 478 740 μὲν
533 666 668 722 κατὰ
719 667 782 720 τὸ
838 666 1178 746 φαινὶιμενον,
1246 663 1470 729 πολλοῖς
1506 665 1560 722 δὲ
1616 667 1754 723 κατὰ
1807 666 1870 720 τὸ

220 756 526 831 νοούμενον,
573 755 812 836 Ἀφορῶν
871 755 970 834 γὰρ
1014 757 1085 819 εἰς
1136 758 1228 810 τὸν
1268 761 1369 822 τῆς
1427 756 1653 818 πίστεως
1691 756 1868 835 ἀρχηο

222 845 318 922 γὸν
376 845 463 900 καὶ
516 842 806 910 τελειωτὴν
876 843 1084 909 ἰησοῦν
1135 846 1358 923 Χριστὸν
1422 843 1668 911 ἀληθινὸν
1739 846 1869 900 Θεὸν

225 939 398 1010 ἡμῶν,
452 933 851 1014 ἆῤῥαϐωνίζεται
881 933 966 992 δια
1010 935 1209 992 τούτων
1268 940 1448 999 αὐτοῖς
1505 937 1592 994 καὶ
1648 936 1748 1004 τὴν
1777 946 1870 995 τοῦ

224 1025 371 1102 ἁγίου
404 1027 704 1099 ιΙνεύματος
739 1024 1096 1104 ἐπιφοίτησιν,

1955 667 2190 728 bundus
2221 685 2323 728 eos
2354 686 2487 727 rum
2519 665 2724 726 osculo
2766 674 2966 725 sancto
3017 664 3250 742 salutat,
3285 671 3342 723 et
3372 661 3593 742 apertis

1954 755 2249 817 thesauris
2272 754 2706 816 benedictionis
2729 771 2873 825 suae,
2895 751 3269 813 numismatis
3285 769 3387 812 eos
3419 750 3590 813 exci—

1955 845 2059 924 pit,
2097 844 2322 924 exiguis
2352 844 2590 925 quidem
2621 842 2737 904 illis
2767 842 2828 902 iu
2861 841 3127 918 speciem
3163 859 3179 916 ;
3230 840 3332 901 sed
3368 838 3596 918 magnis

1953 933 2084 1011 ejus
2117 935 2362 1007 ratione,
2391 933 2545 1013 quod
2587 929 2958 1008 intelligitur.
3009 929 3236 1010 Quippe
3267 927 3594 1010 respiciens

1949 1022 2011 1083 in
2081 1035 2382 1083 auctorem
2449 1028 2508 1082 et
2571 1028 3112 1081 consummatorem
3171 1017 3333 1098 ﬁdei,
3394 1019 3595 1080 Jesum

226 1111 546 1188 Christum,
581 1131 784 1175 verum
813 1112 982 1174 illum
1014 1115 1200 1176 Deum
1231 1123 1500 1176 nostrum
1536 1134 1554 1191 ;
1604 1113 1762 1176 velut
1810 1112 1987 1176 arrha
2017 1111 2150 1172 data
2181 1129 2286 1192 per
2317 1111 2440 1172 haec
2471 1110 2556 1170 eis
2587 1109 2907 1188 pollicetur
2934 1109 3220 1182 futurum,
3252 1116 3312 1169 ut
3345 1105 3600 1188 Spiritus

228 1210 466 1264 sanctus
496 1219 676 1283 super
706 1220 808 1264 eos
837 1201 1064 1266 veniat.
2275 1202 2296 1219 '

311 1299 484 1349 Ταῦτα
551 1293 713 1367 ἡμεῖς
769 1293 843 1356 ὡς
896 1291 1268 1372 ἀρχιτέκτονες
1310 1294 1550 1371 γέροντες
1608 1295 1871 1372 γεγράφα-

2036 1287 2172 1349 Ηωο
2205 1307 2312 1348 nos
2344 1287 2525 1350 \‘eluti
2559 1287 2964 1367 provectiores
3013 1284 3320 1347 architecti
3366 1285 3604 1367 scripsi-

230 1381 329 1458 μέν
385 1403 493 1461 σοι,
554 1381 854 1461 σοφώτατε,
922 1383 1009 1437 καὶ
1066 1379 1402 1457 ὑπεδείξαμεν
1446 1404 1526 1439 σοι
1583 1381 1871 1460 ἀπολογίας

1981 1397 2088 1440 nus
2113 1377 2238 1449 tibi,
2267 1377 2354 1438 vir
2379 1376 2802 1458 eruditissime,
2836 1396 2902 1438 ac
2933 1375 3382 1438 fundamentum
3425 1377 3602 1437 satis-

231 1469 496 1546 θεμέλιον.
523 1470 596 1524 Σὺ
643 1468 695 1524 δὲ
749 1472 823 1532 ὡς
883 1468 1044 1534 ἄλλος
1105 1469 1392 1544 Βεσελεὴλ,
1436 1469 1874 1546 ἐποικοδομήσεις

1981 1467 2231 1530 'actionis
2253 1467 2416 1547 quasi
2441 1466 2622 1545 digito
2657 1465 3268 1528 commonstravimus.
3326 1463 3413 1526 Tu
3444 1465 3603 1526 velut

233 1561 294 1615 τὸ
323 1557 539 1626 ἀληθές,
571 1557 822 1632 Θεμέλιον
857 1560 952 1638 γὰρ
994 1558 1152 1616 ἄλλον
1205 1557 1392 1632 ούδεὶς,
1452 1562 1603 1640 φησὶ,
1662 1558 1874 1616 δύναται

1981 1559 2111 1617 ιὶίει·
2146 1557 2429 1633 Beseleel,
2465 1573 2666 1616 verum
2688 1564 3084 1635 superstrues.
3133 1553 3360 1634 Quippe
3399 1554 3608 1614 funda-

232 1651 402 1704 θεῖναι
459 1647 600 1725 παρά
681 1648 774 1702 τὸν
832 1647 1095 1723 κείμενον,
1171 1645 1375 1714 Ἰησοῦν
1439 1651 1683 1728 Χριστὸν,
1729 1651 1775 1722 ᾧ
1843 1649 1878 1714 ἡ

1981 1653 2224 1706 nentum
2259 1644 2442 1714 aliud,
2481 1653 2542 1704 ut
2572 1644 2674 1704 ille
2707 1643 2916 1724 inquit,
2948 1661 3123 1704 nemo
3172 1661 3391 1721 ponere
3417 1651 3609 1722 potest

236 1734 357 1802 δόξα
383 1737 469 1792 καὶ
497 1737 558 1790 τὸ
587 1735 775 1813 κράτος
807 1737 879 1800 εἷς
910 1736 1028 1798 τοὺς
1075 1736 1294 1800 αἰῶνας.
1328 1735 1526 1812 Ἀμὴν.

1981 1735 2448 1815 )rzeterid,quod
2475 1733 2726 1813 positum
2756 1743 2865 1809 est,
2897 1736 3098 1794 .lesum
3141 1731 3371 1794 scilicet
3398 1732 3603 1797 Chris-

1903 1865 1940 1913 Β
1965 1833 2110 1904 tum,
2143 1823 2238 1884 cui
2267 1823 2454 1902 gloria
2487 1831 2544 1884 et
2573 1821 2890 1902 imperium
2925 1822 2984 1883 in
3017 1821 3252 1887 saecula.
3287 1821 3502 1884 Amen.

863 1921 991 1970 ΤΟΥ
1035 1921 1252 1971 ΑΥΤΟΥ

2627 1915 2959 1980 EJUSDEM

254 2023 274 2057 ι
338 1998 570 2068 Μελέτη.
605 2003 799 2082 ,χάριν
856 2007 954 2068 τῆς
1013 2003 1086 2066 εἰς
1153 2002 1275 2066 τοὺς
1331 2003 1494 2082 θείους
1552 2003 1710 2082 γαοὺς
1779 2005 1885 2082 τῶν

1981 1997 2346 2075 Mcdilatum,
2396 1996 2954 2082 depcouvocatlone,
2999 2013 3136 2082 qua
3163 1995 3359 2082 ﬁt_ad
3407 2011 3610 2058 sacras

324 2077 688 2160 μοναστηρίων
723 2077 732 2082 ⁷
839 2081 1128 2160 γινομένης
1287 2077 1665 2158 μετακλήσεως
1802 2081 1886 2139 διὰ

2168 2079 2677 2139 monasteriorum
2709 2077 2886 2158 (edes,
2918 2095 3028 2157 per
3056 2078 3177 2138 tria
3207 2077 3403 2156 signa.

327 2162 701 2239 σημαντηρίων
729 2163 912 2241 τριῶν,
947 2181 976 2220 ι

325 2248 540 2305 Βλέπων
595 2249 971 2328 ἀπειροκάλους
1027 2251 1194 2326 τινας,
1255 2252 1344 2307 καὶ
1386 2251 1514 2329 πρὸς
1573 2249 1740 2326 μηδὲν
1793 2251 1884 2307 εῦ-

243 2347 550 2416 κιιρουντας
605 2337 896 2419 ἐπωφελὲς,
944 2338 1060 2395 ἀλλ’
1121 2340 1157 2407 ἢ
1212 2338 1385 2417 λέγειν
1452 2361 1504 2395 τι
1560 2342 1647 2396 καὶ
1678 2339 1885 2396 ἀκούειν

244 2429 570 2507 καινότερον,
641 2428 866 2503 ματαίαν
955 2427 1352 2492 ἀποκαλοῦντας
1445 2430 1532 2484 καὶ
1587 2428 1882 2487 σκανδαλο-

245 2517 400 2572 ποιὸν
470 2516 568 2582 τὴν
610 2514 694 2572 διὰ
772 2517 1148 2595 σημαντηρίων
1205 2523 1364 2597 τριῶν
1426 2519 1498 2582 εἰς
1541 2520 1661 2582 τοὺς
1739 2519 1886 2583 ναοὺς

247 2606 532 2686 γινομένην
572 2614 678 2664 τῶν
751 2609 1083 2683 μοναζόντων
1155 2607 1503 2689 μετάκλησιν,
1577 2611 1736 2689 χάριν
1792 2609 1886 2677 τῆς

247 2701 354 2752 τῶν
395 2697 544 2752 θείων
573 2693 885 2774 δοξολογιῶν
914 2697 1214 2774 ἀκροάσεως
1241 2720 1255 2735 ο
1335 2687 1532 2777 (ὒρκει
1580 2687 1702 2776 γὰρ,
1734 2699 1884 2778 φησὶ,

253 2784 320 2840 δι’
384 2784 500 2848 ἐνὸς
583 2786 768 2848 αὐτοὺς
848 2785 1310 2860 μεταστέλλεσθαι,
1372 2788 1460 2842 καὶ
1531 2791 1608 2862 μη
1662 2787 1891 2865 γίνεσθαι

259 2874 396 2931 κατὰ
423 2879 529 2928 τῶν
590 2873 750 2952 ἁγίων
821 2871 1154 2941 Ἐκκλησιῶν
1205 2875 1296 2930 τοῦ
1347 2882 1476 2933 Θεοῦ
1529 2876 1892 2955 μυκτηρισμὸν

255 2963 346 3019 καὶ
376 2961 683 3042 χλευασμὸν
739 2963 880 3040 παρά
932 2970 1038 3019 τῶν
1079 2963 1410 3020 κυκλούντων
1465 2965 1607 3038 ἡμᾶς
1663 2962 1890 3038 ἀσεϐῶν,

257 3052 534 3110 κάντεῦθεν
575 3052 660 3107 καὶ
691 3049 998 3131 παραϐολὴν
1041 3051 1095 3107 ἐν
1147 3066 1264 3118 τοῖς
1308 3052 1495 3128 ἔθνεσι,
1547 3051 1681 3128 μηδὲ
1711 3057 1895 3132 θριαμ-

258 3139 494 3198 ϐεύεσθαι
537 3141 597 3196 τὸ
660 3142 978 3220 μοναχικὸν,
1054 3144 1127 3206 ὡς
1198 3140 1350 3210 δῆθεν
1409 3143 1481 3204 εἰς
1527 3142 1650 3217 μίαν
1705 3139 1893 3197 διαλα-

259 3229 377 3286 λιὰν
425 3229 504 3304 μὴ
561 3229 937 3308 εὖσυνθετοῦψ)
998 3237 1235 3310 παριστῶ
1309 3229 1392 3287 διὰ
1459 3236 1558 3298 τῆς
1629 3231 1898 3309 παρούσης

259 3342 362 3386 μου
417 3323 648 3398 γραφῆς,
708 3320 782 3382 ὡς
840 3317 957 3375 οὔτε
1005 3317 1088 3375 διὰ
1138 3321 1232 3383 τὰς
1290 3319 1589 3400 φληναφίας
1645 3327 1752 3376 τῶν
1780 3319 1902 3376 ἀσε-

259 3406 391 3484 ϐῶν,
436 3406 552 3464 οὔτε
581 3405 664 3464 διὰ
690 3409 783 3471 τὰς
832 3406 1107 3473 δυσκολίας
1156 3416 1262 3465 τῶν
1311 3415 1583 3482 μοναστῶν
1613 3407 1900 3489 ἐπενοήθη,

261 3495 345 3552 διὰ
375 3497 749 3576 σημαντηρίων
795 3503 954 3573 τριῶν
1011 3497 1106 3561 τὰς
1165 3498 1305 3560 θείας
1363 3494 1659 3575 δοξολογίας
1715 3496 1903 3563 ἐπικη-

264 3586 533 3664 ρύττεσθαι
568 3601 582 3614 '
644 3582 779 3640 ἀλλὰ
836 3583 920 3641 διὰ
962 3583 1120 3662 λόγον
1185 3583 1676 3666 ἀρχαιοπαελίδοτον
1744 3607 1904 3642 σπου-

265 3672 566 3736 δαιότατον,

348 3854 466 3907 Τῶν
508 3848 608 3927 γὰρ
638 3846 722 3904 ἐπ’
782 3845 1102 3916 Ἐκκλησίας
1157 3848 1448 3928 γινομένων
1503 3849 1768 3928 ἡμερινῶν
1821 3849 1910 3905 καὶ

273 3944 582 4018 νυκτερινῶν
625 3935 958 4018 δοξολογιῶν,
994 3939 1128 3994 κατὰ
1158 3940 1218 3994 τὸ
1287 3947 1380 3997 τοῦ
1435 3939 1707 4017 προφήτου
1753 3935 1911 3993 Δαὸὶδ

269 4025 637 4102 θεσπιώδημα,
668 4029 731 4082 τὸ
777 4025 934 4106 λέγον
969 4042 982 4056 ⁸
1047 4024 1135 4084 Ἐν
1194 4025 1416 4106 ἑσπέρα,
1486 4027 1576 4082 καὶ
1605 4029 1778 4106 πρωῒ,
1824 4027 1912 4082 καὶ

271 4111 574 4192 μεσημϐρίᾳ
654 4113 1000 4194 διηγήσομαι,
1083 4116 1171 4172 καὶ
1251 4113 1564 4194 ἀπαγγελῶ,
1665 4117 1752 4171 καὶ
1809 4115 1912 4171 eia-

271 4204 550 4260 ακούσεται
579 4206 676 4268 τῆς
707 4208 886 4284 φωνῆς
919 4204 1018 4279 μοῦ
1061 4206 1088 4260 ὁ
1122 4203 1309 4284 Κύριος
1345 4219 1358 4233 ⁸
1393 4205 1499 4260 ἀπὸ
1543 4211 1650 4261 τῶν
1679 4201 1768 4260 δύο
1797 4225 1915 4259 συν-

269 4290 599 4368 τελουμένων
659 4293 955 4368 Διαθηκῶν,
991 4291 1095 4348 ἀπὸ
1124 4297 1223 4359 τῆς
1280 4292 1416 4355 Νέας
1463 4290 1666 4360 δηλαδὴ
1697 4293 1912 4359 καὶτῆς

272 4382 530 4462 Παλαιᾶς,
587 4383 720 4438 κατὰ
787 4382 892 4438 τῶν
961 4382 1122 4459 ἁγίων
1177 4382 1266 4437 καὶ
1333 4381 1598 4461 θεοφόρων
1670 4381 1914 4460 Πατέρων

271 4445 579 4550 παραδοσίν,
639 4472 832 4548 ὡρίσθη
889 4473 989 4550 πρὸ
1032 4471 1244 4526 πάντων
1297 4445 1593 4541 δοξάξεσθαι
1665 4472 1756 4526 τὸν
1787 4445 1980 4526 ΘεὸνΒ

273 4559 380 4616 ἀπὸ
421 4563 519 4625 τῆς
547 4560 685 4623 θείας
735 4560 970 4638 κιννύρας
1017 4565 1110 4614 τοῦ
1160 4558 1478 4636 θεοπάτορος
1526 4558 1763 4636 (Ἃνοίξω
1791 4561 1913 4637 γὰρ,

2049 2245 2337 2319 Quoniam
2361 2245 2527 2306 video
2546 2245 2829 2326 quosdam
2849 2244 3176 2326 imperitos,
3203 2254 3262 2306 et
3283 2246 3502 2308 nullam
3531 2246 3603 2307 ad

1967 2355 2095 2398 rem
2116 2335 2608 2410 utilemuloneos,
2639 2353 2813 2415 quam
2845 2344 2908 2395 ut
2953 2334 3174 2416 aliquid
3224 2335 3355 2396 novi
3409 2335 3613 2397 dicant

1968 2435 2026 2488 et
2047 2425 2285 2486 audiant
2309 2425 2540 2484 stultam
2575 2443 2644 2486 ac
2677 2424 2940 2487 scandali
2965 2425 3199 2505 plenam
3228 2441 3438 2486 vocare
3462 2443 3610 2486 con-

1970 2516 2342 2576 vocationem
2376 2514 2798 2575 monachorum
2855 2512 2926 2573 ad
2986 2531 3184 2574 sacras
3242 2515 3425 2587 aedes,
3485 2531 3615 2594 qua:

1972 2602 2158 2664 tribus
2190 2602 2252 2663 ﬁt
2309 2602 2516 2682 signis.
2551 2600 2984 2664 celebrationes
3042 2601 3271 2662 divinas
3331 2601 3614 2663 audiendi

1973 2709 2152 2753 causa
2186 2689 2558 2768 (Sufﬁciebat
2586 2689 2770 2768 enim,
2825 2689 3123 2770 inquiunt,
3185 2709 3302 2751 uno
3335 2689 3618 2752 duntaxat

1975 2797 2078 2841 eos
2107 2779 2274 2858 signo
2307 2778 2675 2858 congregari,
2738 2796 2850 2839 nec
2911 2777 3160 2858 praeberi
3205 2796 3438 2840 causam
3471 2779 3616 2840 suh-

1976 2867 2264 2930 sannandi
2287 2867 2646 2928 etirridendi
2689 2877 2923 2928 sanctas
2939 2867 3038 2930 De:
3054 2867 3348 2928 Ecclesias
3367 2869 3621 2929 circum-

1976 2957 2252 3019 dantibus
2285 2975 2392 3018 nos
2423 2957 2642 3037 impiis,
2680 2967 2744 3017 ut
2777 2956 3056 3037 parobola
3083 2959 3223 3018 fiant
3273 2957 3430 3018 inter
3452 2976 3622 3038 paga-

1980 3066 2108 3121 nos,
2146 3064 2254 3107 nec
2285 3055 2497 3107 statum
2551 3046 2938 3107 monasticum
2994 3045 3155 3107 velut
3202 3046 3262 3106 in
3322 3046 3622 3127 triumpho

1979 3135 2363 3216 spectandum
2392 3133 2684 3209 exhiberi,
2714 3135 2881 3214 quasi
2902 3134 2972 3195 ad
2998 3153 3175 3195 unam
3204 3134 3622 3196 commonitio-

1983 3243 2118 3286 nem
2149 3242 2214 3284 se
2234 3235 2400 3285 recte
2417 3243 2534 3284 non
2557 3226 2895 3304 componat)
2925 3240 2940 3297 ;
2969 3223 3246 3304 equidem
3271 3224 3382 3284 hoc
3403 3223 3624 3304 scripto

1987 3313 2272 3394 probabo,
2307 3331 2416 3374 nec
2450 3320 2693 3392 propter
2723 3312 2856 3373 illas
2915 3311 3235 3392 impiorum
3269 3331 3479 3390 nugas,
3515 3330 3626 3374 nec

1987 3410 2230 3483 propter
2301 3402 2727 3462 monachorum
2809 3405 3181 3463 morositates
3234 3401 3625 3480 excogitatum

1987 3509 2143 3571 esse,
2167 3498 2228 3550 ut
2249 3489 2441 3553 tribus
2459 3489 2642 3568 signis
2663 3489 3126 3568 gloriﬁcationes
3169 3489 3382 3552 divina;
3403 3491 3626 3551 denun-

1987 3579 2238 3641 tientur:
2291 3577 2398 3640 sed
2453 3585 2694 3658 pr0pter
2753 3577 2948 3656 magni
2997 3577 3282 3641 momenti
3338 3578 3627 3639 rationem

1989 3668 2333 3749 quamdam,
2365 3665 2437 3727 ab
2469 3665 2730 3746 antiquis
2780 3665 3012 3727 saaculis
3063 3683 3171 3746 per
3204 3684 3412 3728 manus
3442 3666 3629 3728 tradi-

1991 3767 2107 3819 tam
2119 3805 2132 3818 .

2073 3844 2302 3926 Quippe
2325 3863 2458 3906 cum
2483 3843 2589 3907 Dei
2611 3842 3069 3917 celebrationes,
3115 3863 3244 3925 quin
3283 3843 3549 3906 interdiu
3579 3852 3639 3906 et

1993 3947 2175 3997 noctu
2207 3934 2354 3994 ﬁunt
2379 3935 2438 3994 in
2491 3933 2781 4014 Ecclesia,
2813 3933 2996 4013 ljuxta
3041 3931 3303 3994 Davidiis
3335 3935 3640 4015 prophetae

1995 4023 2328 4098 oraculum,
2361 4024 2530 4102 cujus
2560 4022 2738 4085 verba
2767 4030 2943 4085 sunt:
2979 4020 3253 4104 Vesperi,
3284 4031 3339 4084 et
3361 4043 3558 4105 mane,
3583 4031 3640 4085 et

1991 4111 2054 4174 in
2109 4110 2361 4172 meridie
2418 4111 2692 4186 narrabo,
2757 4120 2816 4174 et
2872 4111 3249 4194 renuntiabo,
3312 4131 3639 4194 vocemque

1994 4219 2187 4262 meam
2222 4200 2507 4262 Dominus
2537 4201 2736 4262 audiet
2766 4219 2779 4264 :
2820 4220 2954 4262 cum
3002 4201 3181 4280 igitur
3203 4201 3292 4262 ha:
3315 4202 3634 4281 perﬁcian-

1998 4298 2092 4352 tur
2114 4309 2182 4352 ex
2208 4289 2874 4365 duobusTestamentis,
2898 4288 3058 4350 Novo
3080 4289 3310 4351 scilicet
3331 4307 3398 4351 ac
3410 4288 3632 4364 Veteri,

1993 4381 2156 4459 juxta
2210 4387 2547 4440 sanctorum
2605 4387 2663 4440 et
2711 4378 2989 4440 divinitus
3037 4379 3362 4439 amatorum
3398 4381 3636 4440 Patrum

2000 4466 2376 4530 traditionem
2405 4484 2418 4529 :
2453 4476 2591 4528 ante
2621 4467 2818 4528 omnia
2837 4467 3126 4530 sancitum
3148 4474 3236 4526 est
3265 4477 3325 4526 ut
3349 4466 3642 4545 gloriﬁce-

2000 4565 2095 4618 tur
2125 4555 2286 4618 Deus
2317 4574 2425 4636 per
2453 4574 2685 4616 sacram
2721 4555 2960 4618 Davidis
2989 4555 3304 4630 citharam,
3339 4555 3637 4636 (Aperiam

274 4649 454 4728 φησὶν,
489 4647 542 4703 ἐν
574 4645 849 4726 ψαλτηρίῳ
892 4649 954 4703 τὸ
1006 4643 1293 4725 πρόϐλημά
1336 4646 1464 4726 μου)
1508 4647 1604 4704 καί
1659 4649 1792 4723 μετά
1819 4647 1894 4703 τὶν

2001 4646 2180 4718 enim,
2208 4644 2417 4725 inquit,
2453 4645 2512 4705 in
2564 4645 2840 4724 psalterio
2892 4643 3277 4725 quaestionem
3329 4646 3548 4725 meam)
3585 4653 3646 4706 et

273 4737 460 4792 τούτου
501 4734 801 4809 ἀνάπτυξιν,
852 4737 943 4793 τὸν
984 4739 1126 4792 θετον
1177 4734 1478 4810 μελισσώνα
1529 4742 1626 4802 τῆς
1681 4734 1894 4802 Ἐκκλη-

2004 4745 2136 4816 post
2165 4733 2618 4814 explicationem
2649 4740 2799 4811 ejus,
2837 4741 2898 4793 ut
2926 4750 3162 4794 sacrum
3220 4749 3467 4796 examen
3531 4737 3640 4796 Ec-

273 4826 388 4890 σίας
461 4824 883 4904 ἐξαγωνίζεσθαι,
937 4823 1021 4880 διὰ
1069 4824 1256 4903 κηρίου
1298 4822 1650 4880 διδασκαλιῶν
1693 4824 1894 4903 εὒαγγε

2003 4823 2200 4885 clesize
2217 4829 2688 4883 semetexerceat
2707 4840 2810 4902 per
2833 4820 3321 4900 Evangelicarum
3351 4821 3648 4883 doctrina-

273 4914 462 4995 λικῶν,
495 4917 586 4971 τοῦ
614 4913 828 4994 κέντρου
880 4913 1192 4993 φωτίζοντος
1249 4912 1348 4980 τὴν
1403 4913 1754 4989 σκοτόμαιναν
1790 4931 1804 4946 ·
1839 4912 1894 4968 διε

2001 4931 2135 4974 rum
2217 4911 2410 4972 favum
2497 4909 2736 4970 stimulo
2821 4910 3133 4990 caliginem
3218 4911 3650 4986 illuminante;

275 5003 491 5082 μέλιτος
520 5010 735 5083 γραφῶν
763 5001 1152 5082 ἀποστολικῶν,
1199 5000 1567 5080 γλυκαίνοντος
1597 5002 1692 5070 τῆς
1743 5003 1894 5058 οἰκουι

2005 5019 2230 5082 perque
2261 4999 2377 5060 mel
2395 4998 2850 5080 apostolicorum
2875 5000 3258 5080 scriptorum,
3283 5000 3439 5080 quod
3454 4999 3653 5061 dulce-

277 5097 446 5172 μένης
494 5097 562 5151 τὰ
625 5094 827 5170 πέρατα
855 5111 870 5126 ⁸
924 5095 1012 5151 καὶ
1062 5092 1146 5150 διὰ
1202 5099 1530 5172 μαρτυρικῶν
1571 5093 1894 5174 ἀφηγήσεων

2005 5091 2208 5152 dinem
2241 5089 2461 5150 ﬁnibus
2491 5089 2652 5150 orbis
2683 5099 2972 5152 terrarum
3027 5089 3198 5151 oﬂ'ert
3230 5110 3246 5171 ;
3280 5108 3349 5151 ac
3377 5107 3482 5170 per
3512 5107 3654 5150 nar-

280 5183 686 5261 μεγαλυνουσῶν
741 5184 832 5239 τὸν
889 5181 1138 5260 ἔνσαρκον
1207 5183 1505 5257 οἰκονομίαν
1568 5191 1662 5239 τοῦ
1707 5190 1894 5261 Χριστο

2008 5179 2271 5240 rationes
2302 5177 2562 5258 denique
2592 5178 2666 5239 de
2717 5177 3073 5258 martyribus
3120 5196 3251 5258 quae
3278 5177 3659 5240 administra-

281 5274 370 5328 καὶ
399 5279 531 5330 Θεοῦ
571 5273 749 5346 ἡμῶν.
800 5273 892 5328 Διὸ
944 5274 1030 5328 καὶ
1087 5271 1246 5352 χάριν
1295 5271 1394 5347 μὲν
1449 5277 1552 5328 τῶν
1613 5271 1667 5337 ἕξ
1697 5271 1894 5349 ψαλμῶ

2007 5268 2230 5330 tionem
2264 5266 2325 5327 in
2358 5284 2542 5328 carne
2569 5265 2791 5327 Christi
2817 5265 3042 5347 Deique
3065 5267 3251 5328 nostri
3270 5267 3655 5347 ampliﬁcant.

285 5369 378 5419 τοῦ
416 5361 754 5438 θεοπάτορος,
796 5361 883 5416 καὶ
921 5359 1144 5431 λοιπῶν,
1200 5361 1305 5416 τῶν
1365 5359 1420 5416 ἐν
1456 5367 1523 5437 τῇ
1584 5361 1792 5440 ὀρθρινῇ
1833 5359 1890 5418 δο

2012 5355 2271 5438 Ideoque
2331 5363 2575 5437 propter
2629 5373 2728 5416 sec
2787 5355 2920 5417 illos
2959 5355 3198 5417 Davidis
3255 5357 3543 5437 psalmos,
3603 5363 3662 5418 et

288 5447 528 5526 ξολογίας
557 5451 658 5526 πρὸ
707 5459 799 5508 τοῦ
847 5449 1190 5527 ἀγιοπολιτου
1257 5447 1606 5525 ψαλλομένων
1652 5451 1894 5507 ἑκάστοτε

2012 5446 2301 5526 reliquos,
2351 5446 2454 5526 qui
2496 5442 2734 5507 assidue
2783 5443 2843 5504 in
2901 5443 3330 5522 gloriﬁcatione
3377 5446 3664 5507 matutina

291 5539 376 5594 καὶ
405 5550 528 5602 ταῖς
584 5535 933 5613 ψαλλομένων
985 5540 1220 5609 συνήθως
1263 5538 1315 5595 ἐν
1387 5552 1508 5603 ταῖς
1576 5540 1736 5603 θείαις
1796 5542 1894 5618 ἱερο

2011 5541 2309 5597 canuntur
2329 5543 2468 5596 ante
2497 5532 2915 5614 hagiopolitam
2952 5555 2968 5609 ;
3001 5541 3060 5595 et
3102 5540 3343 5615 propter
3374 5550 3501 5609 eos,
3562 5534 3664 5614 qui

291 5625 605 5701 τελεστίαις,
659 5627 748 5682 καὶ
834 5640 957 5690 ταῖς
1044 5628 1344 5707 ἑσπεριναϊς
1425 5641 1780 5709 προσευχαῖς,
1828 5651 1894 5708 πρ

2013 5642 2120 5706 pro
2160 5641 2325 5686 more
2357 5629 2680 5699 canuntur,
2713 5639 2848 5682 cum
2882 5639 2979 5684 res
3009 5621 3207 5684 divina
3254 5621 3575 5706 peragitur,
3609 5631 3668 5686 et
