4074 6212
514 284 665 350 1223

505 521 564 574 et
618 510 1006 591 evangelicas,
1068 520 1246 592 atque
1301 512 1481 573 etiam
1539 512 1808 574 versibus
1867 512 2144 587 inclusas,

503 611 886 664 arcessuntur
941 603 1217 664 monachi
1269 620 1377 683 per
1431 602 1668 682 signum
1700 601 1998 683 quoddam
2031 603 2151 665 exi-

505 710 708 771 guum,
742 691 1028 771 quasique
1058 691 1343 754 humilius
1373 700 1430 752 et
1477 691 1810 754 obscurius.
1843 689 1987 753 Nam
2018 711 2149 772 quae

505 780 706 843 Veteri
728 779 1106 842 Testamento
1130 780 1308 843 veluti
1340 799 1446 861 per
1466 780 1708 842 umbras
1745 780 2143 854 detineantur,

503 869 696 946 figura
749 869 1076 930 futurorum
1137 878 1332 940 erant,
1386 877 1444 931 et
1499 870 1834 931 simulacra.
1897 873 2148 951 PrOpter

501 959 833 1020 divinorum
861 966 1056 1019 autem
1090 957 1533 1038 Evangeliorum
1559 957 2063 1039 praedicationem,
2087 967 2146 1020 et

497 1067 724 1111 sacram
758 1047 1128 1128 reliquorum
1161 1047 1232 1109 ad
1265 1057 1590 1111 conventus
1645 1047 1912 1128 publicos
1955 1047 2141 1127 perti-

502 1138 767 1200 nentium
785 1137 1066 1200 librorum
1091 1135 1431 1213 lectionem,
1454 1145 1512 1198 et
1537 1144 1778 1218 propter
1799 1135 2140 1198 universiim

499 1227 850 1309 simpliciter
881 1225 1250 1306 hagiopolitae
1273 1225 1567 1293 ordinem.
1599 1244 1870 1304 magnum
1904 1224 2138 1301 signum

502 1315 805 1376 inventum
841 1321 951 1377 est.
984 1312 1049 1374 ln
1103 1313 1437 1375 universam
1497 1312 1654 1374 enim
1714 1322 1954 1385 terram,
1988 1322 2046 1374 et
2071 1313 2143 1374 ad

499 1405 648 1466 fines
695 1402 858 1466 orbis
912 1410 1204 1464 terrarum
1264 1401 1483 1462 utilitas
1538 1419 1608 1463 ex
1654 1401 1740 1462 eis
1792 1400 2146 1482 proveniens

497 1492 844 1574 penetravit.
881 1492 1023 1564 Quae
1046 1509 1219 1571 quam
1253 1490 1328 1551 ita
1354 1489 1530 1551 modo
1559 1491 1813 1570 quodam
1837 1489 1959 1552 Deo
1976 1499 2141 1569 grato

496 1603 564 1645 ac
594 1581 872 1661 religiose
930 1588 1305 1661 peragantur,
1370 1580 1675 1660 oportebat
1725 1579 2004 1659 populum
2036 1582 2141 1640 Do-

497 1671 642 1732 mini
675 1671 850 1733 etiam
885 1672 961 1732 de
992 1669 1191 1731 futuro
1223 1668 1934 1748 commoneﬁerijudicio,
1971 1669 2141 1748 cujus

499 1779 671 1823 causa
705 1760 765 1821 in
796 1777 989 1839 genua
1012 1757 1481 1839 procumbimus,
1504 1777 1571 1818 ac
1593 1775 1798 1838 preces
1812 1757 2135 1818 fundimus.

496 1852 696 1931 Itaque
749 1855 1030 1909 statutum
1109 1855 1216 1920 est,
1290 1846 1511 1908 debere
1586 1846 1959 1908 Christianos
2036 1864 2141 1927 per

493 1939 728 2018 signum
789 1937 1085 1998 aheneum
1135 1935 1296 1996 illius
1355 1934 1548 1995 ultimi
1620 1934 1740 1996 diei
1807 1936 2135 1997 admoneri.

493 2026 788 2108 Scriptum
819 2033 908 2088 est
942 2025 1101 2087 enim
1131 2045 1144 2087 :
1179 2022 1466 2085 Ascendit
1495 2024 1654 2085 Deus
1687 2021 1746 2082 in
1761 2022 2137 2102 jubilatione,

491 2116 775 2178 Dominus
804 2114 865 2176 in
895 2133 1037 2176 voce
1071 2113 1240 2174 tubae.
1281 2115 1454 2183 Item;
1491 2111 1774 2190 Clangent
1804 2112 2001 2190 angeli
2033 2111 2142 2175 Dei

492 2203 655 2283 tuba,
691 2211 748 2265 et
780 2201 997 2264 mortui
1027 2209 1360 2281 resurgent,
1417 2209 1478 2262 et
1533 2198 1894 2261 relribuetur
1921 2201 2140 2280 cuique

489 2292 818 2355 secundum
849 2309 1030 2372 opera
1059 2310 1185 2354 sua.
1251 2289 1417 2363 Quod
1444 2297 1638 2350 autem
1665 2288 1724 2350 in
1759 2289 2137 2368 generalibus

489 2381 724 2443 urbium
759 2381 1033 2444 ecclesiis
1065 2379 1271 2462 plebes
1320 2398 1437 2440 non
1489 2387 1889 2440 convocentur
1945 2378 2136 2441 tribus

487 2470 696 2549 signis,
732 2471 836 2533 sed
873 2489 990 2532 uno
1015 2470 1270 2550 quodam
1306 2487 1516 2547 magno
1547 2486 1560 2528 :
1624 2486 1743 2528 non
1773 2467 1999 2528 ordinis
2027 2486 2134 2529 ec-

488 2558 807 2622 clesiastici
839 2559 1145 2620 subversio
1169 2565 1278 2618 est.
1303 2560 1668 2620 Convocatur
1692 2555 1848 2616 enim
1883 2555 2135 2636 popnlus

488 2647 812 2710 manuariis
834 2647 1086 2726 opificiis
1105 2646 1365 2725 deditus,
1391 2648 1614 2726 quique
1650 2644 1832 2724 ligoni
1861 2654 1917 2706 et
1938 2653 2132 2707 aratro

485 2743 672 2796 vacat.
726 2734 928 2815 Itaque
985 2735 1123 2796 boni
1174 2735 1486 2795 consulere
1536 2731 1734 2807 debet,
1791 2733 1839 2794 si
1899 2733 2134 2814 publico

486 2823 930 2896 intersitczetui,
949 2841 1084 2884 cum
1106 2823 1257 2886 Novi
1279 2824 1644 2886 Testamenti
1667 2821 1953 2884 lectiones
1973 2823 2134 2884 reci-

1906 288 2039 355 .IUS
2078 281 2489 353 ANONICUM

506 422 567 484 in
600 419 876 503 precibus
904 421 1436 502 vespertinis.ante
1458 420 1744 485 lectiones
1762 423 2135 505 apostolicas,

2226 423 2331 479 τῶν
2407 420 2781 479 ἀποστολικῶν
2875 422 3011 502 ἀναγ
3024 425 3307 502 οωσμᾶτων
3347 426 3435 482 καὶ
3490 425 3536 481 εὖ

3744 289 3879 355 1224

3729 450 3876 501 tum,

2231 510 2368 569 ἀλλὰ
2409 510 2518 586 μὴν
2561 512 2647 568 καὶ
2701 514 2806 568 τῶν
2870 516 3166 593 στιχηρῶν,
3233 513 3658 590 μετακαλοῦνται
3704 519 3756 572 οἱ
3785 538 3882 591 μο-

2231 600 2387 680 ναχοὶ
2415 597 2498 655 διὰ
2527 602 2889 678 σημαντηρίου
2929 608 3145 683 μικροῦ,
3205 605 3293 660 καὶ
3321 604 3440 660 ὀῖον
3467 606 3881 682 ταπεινοτέρου,

2229 690 2316 746 καὶ
2349 696 2670 770 σκοτεινσύ..
2699 690 2776 747 Τὰ
2823 690 2921 769 γὰρ
2969 698 3040 768 τῇ
3085 691 3289 764 Παλαιᾷ
3339 695 3578 770 Διαθήκῃ
3609 715 3880 772 σκιαγρα-

2230 778 2485 858 φούμενα,
2558 778 2718 842 τύπος
2773 784 2881 834 τῶν
2937 778 3241 856 μελλόντων
3299 781 3460 857 ἦσαν,
3531 783 3622 838 καὶ
3684 784 3882 838 εἰκονί-

2229 889 2425 942 σματα.
2475 867 2636 947 Χάριν
2719 865 2774 923 δὲ
2831 871 2927 934 τῆς
2987 871 3095 924 τῶν
3149 870 3482 948 θεοφθόγγων
3543 869 3882 949 Εὖαγγελίων

2227 955 2617 1037 ἆνακηρύξεως,
2644 958 2732 1014 καὶ
2781 954 2983 1014 λοιπῶν
3039 967 3414 1037 πανηγυρικῶν
3472 957 3698 1035 βιϐλίων
3743 963 3881 1037 ἱερᾶς

2224 1044 2591 1124 ἀναγνώσεως,
2648 1048 2734 1102 καὶ
2776 1045 2874 1114 τῆς
2915 1044 3046 1114 ὃλης
3093 1047 3398 1112 ἀκολουθίας
3444 1057 3536 1106 τοῦ
3584 1048 3875 1127 ἆγιοπολξ-

2223 1155 2314 1190 του
2343 1132 2549 1209 ἁπλῶς,
2595 1135 2656 1190 τὸ
2699 1135 2837 1212 μὲγσ
2885 1137 3248 1216 σημαντήριον
3290 1135 3528 1216 εὕρηται.
3578 1139 3670 1203 Εἰς
3703 1144 3879 1194 πᾶσαν

2223 1222 2322 1301 γὰρ
2378 1224 2476 1290 τὴν
2532 1229 2633 1302 γῆν
2705 1225 2792 1279 καὶ
2849 1225 2922 1287 εἷς
2979 1223 3077 1292 τῆς
3150 1225 3464 1300 οἰκουμένης
3552 1227 3618 1281 τὰ
3679 1227 3879 1304 πέρατα

2225 1313 2259 1377 ἦ
2289 1313 2350 1367 ἔκ
2391 1312 2586 1368 τούτων
2635 1310 2843 1379 διῆλθεν
2903 1311 3134 1391 ὠφέλεια
3179 1357 3194 1371 .
3256 1313 3406 1371 Οὕτω
3453 1312 3508 1369 8‘;
3564 1316 3775 1371 τούτων
3803 1337 3881 1371 τε·

2224 1398 2492 1475 λουμὲνων
2539 1403 2832 1481 θεαρέστως
2883 1404 2971 1459 καὶ
3019 1401 3268 1480 εὐσεϐῶς,
3319 1402 3419 1460 ἔδει
3470 1407 3556 1462 τὸν
3603 1415 3707 1464 τοῦ
3781 1416 3880 1464 Κυ-

2224 1502 2331 1567 ρίου
2373 1489 2500 1548 λαὸν
2559 1493 2645 1548 καὶ
2698 1493 2816 1571 περὶ
2865 1496 2963 1559 τῆς
3015 1490 3315 1568 μελλούσης
3379 1495 3876 1569 ὑπομιμνήσκεσθαι

2224 1579 2466 1660 κρίσεως,
2522 1577 2588 1636 δι’
2644 1579 2709 1648 ἣν
2780 1579 3193 1659 γονυκλισοῦμεν
3269 1583 3356 1638 καὶ
3424 1584 3863 1662 προσευχόμεθα.

2224 1669 2524 1725 Τετύπωται
2594 1677 2742 1749 γοῦν,
2828 1666 2912 1724 διὰ
2997 1671 3357 1750 σημαντηρίου
3433 1670 3672 1750 χαλκαῖ),
3759 1675 3873 1751 περέ

2220 1760 2319 1824 τῆς
2424 1756 2724 1823 τελευταίας
2793 1758 2996 1837 ἡμέρας
3093 1757 3298 1826 ἐκείνης
3388 1762 3509 1823 τοὺς
3561 1762 3872 1840 χριστωνῦ·

2223 1867 2352 1921 μους
2405 1848 2920 1922 ὑπομιμνήσκεσθαι.
2979 1845 3173 1914 Ἀνέϐη
3233 1850 3357 1926 γὰρ,
3414 1851 3598 1927 φησὶν,
3651 1852 3682 1906 ὁ
3745 1852 3872 1911 Θεὸς

2223 1933 2276 1989 ἐν
2332 1933 2578 2015 ἆλαγμῷ,
2646 1936 2834 2014 Κύριος
2905 1935 2960 1991 ἐν
3045 1957 3196 2013 cpva
3273 1935 3590 2014 σάλπιγγος.
3665 1937 3871 1994 Σαλπί-

2223 2044 2400 2080 σουσιν
2459 2026 2506 2080 οἱ
2549 2021 2766 2102 ἄγγελοι
2823 2030 2914 2079 τοῦ
2958 2030 3112 2098 Θεοῦ,
3156 2025 3245 2079 καὶ
3301 2026 3349 2080 οἱ
3407 2026 3578 2104 νεκροὶ
3631 2025 3871 2094 ἀναστή-

2221 2133 2427 2192 σονται,
2505 2113 2593 2168 καὶ
2687 2112 2893 2186 ἑκάστῳ
2973 2109 3358 2181 ἀποδοθήσεται
3425 2115 3562 2169 κατὰ
3604 2115 3675 2171 τὰ
3743 2114 3867 2193 ἔργα

2219 2201 2399 2264 αὐτοῦ.
2487 2203 2559 2260 Τὸ
2639 2199 2694 2257 δὲ
2776 2201 2913 2258 κατὰ
2997 2201 3090 2264 τὰς
3205 2200 3487 2265 καθολικὰς
3571 2202 3865 2271 ἐκκλησίας

2217 2295 2324 2345 τῶν
2392 2289 2598 2348 πόλεων
2667 2289 2744 2365 μὴ
2801 2287 3214 2364 μετακαλετσθαι
3269 2291 3337 2346 τὰ
3378 2289 3557 2360 πλήθη
3619 2290 3710 2347 διὰ
3765 2315 3868 2359 ση-

2218 2381 2517 2458 μαντηρίων
2572 2386 2751 2460 τριῶν,
2819 2379 2955 2436 ἀλλὰ
2995 2379 3080 2436 διὰ
3123 2379 3358 2460 μεγάλου
3400 2382 3540 2457 ἐνὸς,
3602 2387 3704 2442 οὐκ
3767 2385 3868 2440 ἔστι

2217 2469 2312 2537 τῆς
2395 2469 2846 2538 ἐκκλησιαπικῆς
2943 2469 3250 2536 ἀκολουθίας
3331 2470 3626 2550 ἀνατροπὴ.
3725 2478 3864 2536 Aab;

2215 2560 2315 2636 γὰρ
2383 2558 2762 2635 μετακαλεῖται
2833 2558 3118 2641 χειρῶναξ,
3160 2636 3175 2643 δ’
3210 2560 3299 2616 καὶ
3377 2563 3494 2640 περὶ
3580 2564 3863 2631 ctuti-np

2215 2646 2594 2728 ἠσχολημένος
2650 2652 2737 2706 καὶ
2837 2649 3077 2728 ἄροτρον.
3178 2656 3302 2706 Εστι
3359 2650 3526 2706 τοίνυν
3580 2650 3864 2730 ἀγαπητὸν

2217 2736 2559 2804 ἐκκλησιάσαι
2590 2748 2771 2798 τοῦτον
2828 2741 2926 2795 κᾶν
2998 2741 3072 2804 είς
3127 2744 3227 2806 τῆς
3278 2738 3414 2802 Νέας
3478 2743 3764 2811 Διαθήκης
3807 2744 3864 2798 ri

2217 2824 2640 2902 ψαλτῳδήματα.
2714 2828 2811 2885 Καὶ
2867 2827 3006 2904 ἡμῖν
3064 2829 3162 2903 μὲν
3216 2841 3338 2890 τοῖς
3421 2827 3750 2908 φυλάττουσι
3805 2837 3865 2906 τῇ

2407 2159 2427 2192 ἳ

489 2921 709 2976 tantur.
746 2912 1034 3012 Aconobis
1091 2912 1355 2994 quidem,
1411 2912 1512 2990 qui
1575 2929 1696 3022 per.
1729 2911 1834 2973 Dei
1885 2914 2130 3022 gratiam

2218 2915 2396 2994 χάριτι
2452 2923 2544 2971 τοῦ
2626 2922 2756 2972 Θεοῦ
2825 2923 2996 2973 πᾶσαν
3062 2915 3508 2984 ἐκχὶησιαστικὴν
3569 2917 3862 2997 παράδοσιν

2223 3003 2235 3022 ἲ
2367 3003 2379 3022 Ι
2721 3003 2746 3022 ορ
2954 3003 2974 3022 ‘
3080 3005 3092 3022 1
3159 3007 3184 3022 Α
3317 3002 3397 3022 δνλ
3631 3016 3671 3022 _
3723 3021 3738 3022 κ
3819 3006 3854 3022 ἣ-

485 3019 789 3064 servamus
841 3000 1146 3063 immotam
1205 3019 1442 3062 omnem
1503 3000 1876 3063 traditionem
1936 3001 2132 3063 eccle-

486 3090 810 3163 siasticam,
845 3091 1004 3152 hunc
1033 3091 1308 3153 ordinem
1343 3089 1516 3171 sequi
1538 3089 1727 3150 visum
1761 3097 1870 3151 est.
1911 3090 2132 3154 Latinis

484 3198 632 3242 vero
656 3185 808 3243 male
836 3200 870 3242 a
903 3180 1072 3242 nobis
1101 3178 1334 3260 divisis,
1366 3187 1425 3241 et
1453 3196 1702 3260 quorum
1737 3197 1839 3240 cor
1878 3177 2132 3242 obdura-

485 3281 608 3333 tum
639 3279 786 3333 esta
841 3271 1074 3346 Satana,
1136 3268 1276 3330 licet
1329 3267 1391 3329 in
1451 3265 1823 3329 sermonibus
1852 3267 1984 3330 oleo
2013 3269 2132 3330 sint

482 3359 804 3434 modiores,
842 3359 963 3421 alia
1017 3360 1286 3440 quaedam
1345 3355 1711 3419 consuetudo
1760 3357 2130 3420 convocandi

483 3447 763 3528 populum
793 3465 991 3510 sacras
1035 3447 1109 3510 ad
1167 3446 1322 3509 aedes
1374 3453 1466 3508 est
1519 3443 1756 3508 tradita.
1811 3443 1957 3507 Nam
2011 3465 2128 3508 uno

477 3535 755 3598 duntaxat
788 3545 1032 3603 utuntur
1062 3536 1253 3617 signo,
1317 3552 1602 3614 campana
1653 3533 1900 3610 scilicet,
1935 3554 2068 3616 quae
2093 3555 2128 3597 a

480 3643 687 3705 campo
721 3623 807 3686 sic
837 3625 1074 3690 dicitur.
1127 3624 1637 3699 Quemadmodum
1688 3621 1848 3684 enim
1879 3641 2124 3705 campus

479 3714 735 3792 cujusvis
757 3714 960 3776 itineri
981 3715 1154 3796 citra,
1200 3714 1386 3777 ullum
1427 3711 1732 3791 expositus
1754 3722 1842 3774 est
1864 3712 2124 3794 impedi-

478 3812 769 3884 mentum,
804 3805 890 3866 sic
921 3812 978 3867 et
1007 3804 1166 3866 illius
1195 3805 1405 3866 ahenei
1443 3799 1820 3862 tintinnabuli
1849 3800 2124 3866 sublimis

477 3909 605 3972 vox,
643 3891 934 3955 universis
964 3911 1208 3956 accessu
1233 3889 1423 3954 facilis
1475 3897 1651 3969 patet.
1708 3891 1797 3952 Ac
1855 3889 2126 3970 pluribus

474 3998 618 4041 sane
643 3980 827 4059 signis
853 3981 1046 4044 Latini
1068 3990 1126 4043 vl
1154 3981 1284 4044 Itali
1323 3986 1642 4061 propterea
1675 3997 1795 4040 non
1826 3978 2116 4060 indigent,

475 4069 628 4149 quod
661 4069 1036 4132 cantionibus
1066 4067 1496 4151 hagiopoliticis
1550 4086 1672 4129 non
1719 4075 1979 4148 utantur,
2013 4070 2117 4133 sed

472 4161 596 4220 sola
626 4157 864 4222 Davidis
889 4159 1136 4224 cithara.

2216 3003 2618 3080 ἀμετάπτωτον,
2691 3003 2828 3061 οὕτω
2881 3003 3242 3062 πολιτεύεσθαι
3311 3002 3576 3068 δέδοκται,
3631 3016 3772 3071 Τοῖς
3815 3006 3861 3062 ἕξ

2215 3093 2455 3157 Λατίνοις
2481 3097 2770 3173 μερισθετσι
2811 3095 2990 3158 κακῶς
3033 3094 3118 3158 ἆς⁹
3168 3095 3347 3170 ἡμῶν,
3408 3096 3496 3151 καὶ
3548 3100 3858 3173 πωρωοεϊσι

2212 3181 2312 3248 τὴν
2341 3180 2552 3261 καρδίαν
2579 3183 2681 3240 ὑπὸ
2751 3189 2844 3240 τοῦ
2900 3189 3135 3263 Σατανᾶ,
3196 3184 3293 3239 κᾶν
3343 3195 3458 3248 τοῖς
3513 3181 3707 3262 λόγοις
3738 3187 3864 3255 ὑπὲρ

2213 3269 2390 3328 ἔλαιον
2472 3271 2860 3348 ἀπαλύνωνται,
2921 3272 3060 3340 ἄλλη
3114 3295 3195 3336 τις
3252 3271 3512 3351 παρεδόθη
3584 3277 3860 3346 συνήθεια,

2211 3361 2328 3438 περὶ
2383 3365 2481 3428 τῆς
2552 3363 2627 3426 είς
2683 3363 2806 3426 τοὺς
2883 3363 3038 3427 ναοὺς
3113 3361 3487 3438 μετακλήσεως
3545 3373 3649 3421 τοῦ
3703 3362 3857 3425 λαοῦ.

2214 3437 2320 3506 Ἐνὶ
2399 3451 2498 3528 γὰρ
2593 3450 2884 3531 κέχρηνται
2970 3437 3336 3530 σημαντηριῳ,
3433 3455 3502 3527 τῇ
3605 3454 3866 3531 iugari»;

2209 3537 2370 3618 φημὶ,
2415 3537 2532 3606 ἥτις
2579 3538 2639 3595 ἐκ
2662 3529 2778 3600 τοῦ
2828 3539 3042 3617 κάμπου
3099 3540 3534 3616 μετονομάζεται.
3615 3529 3720 3596 ἰὲσ
3765 3543 3866 3620 τερ

2209 3627 2237 3680 ὁ
2283 3627 2494 3703 κάμπος
2544 3627 2711 3708 (φασὶ)
2783 3627 3125 3707 βουλομένοις
3168 3630 3242 3694 εἰς
3317 3626 3625 3708 ὁδοιποριαν
3683 3629 3865 3704 ἄνεμ-

2206 3713 2453 3783 πόδιστος
2505 3720 2799 3797 πρόκειται,
2859 3717 2995 3776 οὕτω
3037 3720 3124 3774 καὶ
3165 3720 3266 3786 τῆς
3305 3716 3697 3798 χαλκοστόμσυ
3752 3721 3870 3778 κώ-

2210 3801 2372 3869 δωνος
2429 3808 2464 3873 ἡ
2519 3807 2782 3885 μετέωρος
2837 3805 3081 3867 διαλαλιὰ
3145 3821 3264 3871 τοῖς
3319 3814 3480 3864 πᾶσιν
3539 3810 3869 3888 εὗπρόσιτος

2207 3893 2477 3964 ἢπλωται.
2532 3895 2752 3955 Πολλῶν
2811 3893 2865 3953 δὲ
2920 3896 3297 3975 σημαντηρίων
3350 3900 3444 3956 οὒκ
3504 3896 3621 3954 ἔστι
3700 3901 3863 3980 χρεία

2207 3985 2449 4051 Λατίνοις
2530 3989 2616 4043 καὶ
2699 3984 2949 4068 Ἰταλοῖς,
3010 3984 3091 4042 ὅτι
3182 3983 3318 4061 μηδὲ
3397 3983 3864 4065 ψαλτῳδημάτων

2203 4075 2634 4155 ἁγιοπολιτικῶν,
2731 4076 2866 4134 ἀλλὰ
2944 4075 3114 4152 μόνης
3224 4075 3323 4144 τῆς
3406 4077 3665 4154 κιννύρας
3775 4086 3868 4135 τοῦ

2199 4166 2539 4244 θεοπάτορος,
