4074 6212
218 312 365 378 1225

1524 307 2243 374 θΒιΕΟΟ-ΗΟΜΑΝῸΜ.

3421 310 3574 377 mo

667 577 1590 709 ΜΑΤΘΑΙΟΥ
1752 576 2100 706 ΤΟΥ
2264 577 3135 711 ΜΟΝΑΧΟΥ

847 835 1456 920 ΖΗΤΗΜΑΤΑ
1525 837 1711 920 ΚΑΙ
1772 828 2422 960 ΪΠΟΘΕΤΕΙΣ
2497 833 2954 920 ΓΑΜΙΚΑΙ

1022 1192 1862 1324 MATTHZEI
1996 1193 2791 1324 MONACHI

482 1451 1302 1564 QU/ESTIONES
1447 1455 1602 1548 ET
1727 1451 2162 1550 CAUSzE
2295 1449 3308 1553 MATRIMONIALES

568 1837 590 1873 α
625 1819 746 1897 Περὶ
775 1825 880 1876 τῶν
910 1820 1126 1896 βαθμῶν
1152 1827 1242 1878 τοῦ
1271 1821 1464 1900 γάμου.
1508 1839 1536 1879 ι

302 1909 407 1966 Οὐκ
437 1909 498 1965 ἄν
526 1931 628 1985 τις,
664 1924 819 1987 οἶμαι
861 1917 966 1968 τῶν
1009 1913 1063 1968 εὖ
1117 1915 1444 1992 φρονούντων
1498 1911 1693 1992 ἀωρίας
1727 1914 1864 1988 ἡμᾶς

222 1999 509 2077 γράψαιτο,
553 2000 686 2058 κατά
715 2021 776 2078 γε
827 2002 888 2056 τὸ
940 2008 1024 2057 νῦν
1069 1999 1329 2066 δεξιόντας
1387 2003 1474 2058 καὶ
1515 2002 1580 2058 τὰ
1622 2007 1726 2057 τῶν
1769 1999 1864 2057 λε-

223 2087 461 2164 γομένων
491 2098 583 2147 τοῦ
627 2089 800 2166 γάμου
853 2090 1088 2171 βαθμῶν,
1145 2093 1232 2147 καὶ
1289 2097 1386 2157 τῆς
1443 2091 1614 2148 αὐτῶν
1672 2112 1867 2169 συγγε-

225 2177 362 2239 νείας
406 2178 504 2246 τήν
557 2198 612 2231 τε
677 2176 936 2256 ἑγγῦτητα
978 2179 1065 2234 καὶ
1122 2177 1436 2258 ἀπόστασιν,
1482 2178 1596 2235 ὅθεν
1654 2175 1719 2246 δὴ
1762 2183 1867 2234 τῶν

223 2265 720 2343 συγκεχωρημένων
805 2267 851 2321 οἱ
919 2266 1016 2332 τὴν
1088 2265 1312 2322 κώλυσιν
1384 2266 1601 2347 ἔχοντες
1688 2272 1867 2346 σαφῶς

223 2350 568 2432 διακρίνονται
625 2355 711 2409 καὶ
753 2353 1091 2434 ἐλέγχονται.
1152 2356 1282 2419 Τοὺς
1339 2354 1435 2431 μὲν
1495 2354 1582 2411 οὖν
1639 2355 1866 2430 βαθμοὺς

223 2442 327 2500 ἀπὸ
385 2448 681 2521 μεταφορᾶς
725 2444 957 2524 εἰρῆσθαι
1000 2443 1125 2524 φασί
1175 2465 1310 2507 τινες
1367 2450 1473 2500 τῶν
1515 2449 1614 2511 τῆς
1667 2442 1867 2518 κλίμα-

223 2552 316 2593 κος
348 2526 659 2606 ἀναϐαθμῶν
684 2531 768 2592 87,
829 2522 920 2596 Ὦς
973 2522 1071 2610 γὰρ
1114 2532 1323 2588 ἐκείνων
1380 2533 1416 2599 ἡ
1463 2529 1645 2594 ἄνοδος
1688 2532 1776 2588 καὶ
1829 2534 1862 2600 ἡ

223 2617 439 2683 κάθοδος
493 2620 715 2698 γίνεται,
775 2619 911 2679 οὕτω
959 2619 1043 2676 διὰ
1099 2623 1203 2678 τῶν
1246 2626 1344 2687 τῆς
1401 2621 1703 2700 συγγενείας
1761 2621 1864 2697 βα-

222 2709 370 2783 θμῶν
438 2705 494 2765 οἵ
563 2731 619 2764 τε
692 2710 923 2774 ἀνιόντες
994 2711 1081 2766 καὶ
1149 2712 1196 2766 οἱ
1260 2709 1530 2774 κατιόντες
1600 2708 1868 2788 εὑρίσκον-

223 2821 333 2860 ται,
383 2801 441 2855 Οἱ
485 2795 539 2853 δὲ
569 2798 648 2872 μὴ
677 2798 841 2861 οὕτως
873 2797 1114 2877 ἔχοντες,
1156 2797 1215 2856 ἐκ
1243 2797 1467 2876 πλαγίου
1495 2797 1870 2877 γινώσκονται.

228 2886 532 2966 Προϐαίνειν
603 2886 780 2963 μέντοι
858 2889 1119 2966 πεφύκασι
1201 2888 1334 2944 κατὰ
1401 2889 1498 2955 τὴν
1568 2889 1672 2943 τῶν
1743 2908 1868 2965 γεν-

1885 1829 1927 1876 Α

2300 1817 2384 1876 De
2412 1810 2706 1896 gradibus
2734 1813 2800 1876 in
2826 1817 3246 1884 matrimonio.

2031 1904 2217 1968 Nemo
2267 1922 2375 1968 nos
2434 1902 2834 1980 accusaverit,
2883 1904 3131 1987 opinor,
3191 1906 3295 1987 qui
3350 1907 3592 1989 quidem

1950 1994 2160 2076 sapiat,
2195 1992 2378 2056 veluti
2407 2010 2536 2054 rem
2585 1991 2837 2054 alienam
2887 2003 3153 2073 agentes,
3204 1996 3255 2058 si
3304 1997 3414 2059 hoc
3459 1997 3591 2062 loco

1950 2084 2234 2164 graduum
2269 2081 2655 2159 matrimonii,
2690 2100 2837 2162 quos
2861 2091 3093 2165 vocant,
3124 2093 3185 2147 et
3227 2085 3593 2166 cognationis

1952 2171 2297 2234 eorumdem
2330 2179 2445 2231 tam
2470 2169 3175 2254 propinquitatem,quam
3200 2174 3590 2236 remotionem

1953 2279 2366 2341 exponamus:
2419 2257 2577 2321 unde
2633 2259 2754 2333 ﬁet,
2807 2259 2890 2322 uti
2942 2256 3042 2342 qui
3093 2261 3314 2344 aliquid
3371 2262 3595 2328 habent

1949 2348 2387 2430 impedimenti,
2407 2366 2441 2410 a
2462 2347 2769 2429 permissis
2798 2348 2955 2411 clare
2985 2349 3246 2414 discerni
3277 2353 3596 2434 possint,et

1950 2436 2345 2518 deprehendi.
2381 2436 2696 2499 Enimvero
2725 2437 2944 2516 gradus
2969 2438 3150 2520 aliqui
3181 2439 3372 2503 dictos
3397 2442 3592 2522 perhi-

1950 2525 2093 2588 bent
2125 2545 2157 2587 a
2190 2526 2575 2587 translatione
2604 2525 2893 2605 graduum
2925 2527 3117 2590 scalae.
3144 2527 3372 2610 Quippe
3419 2529 3597 2593 sicuti

1950 2633 2058 2696 per
2084 2632 2186 2676 eos
2215 2614 2555 2677 ascenditur
2581 2631 2654 2676 ac
2683 2613 3086 2689 descenditur,
3121 2615 3202 2678 ita
3232 2635 3340 2698 per
3377 2617 3597 2696 gradus

1950 2703 2317 2783 cognationis
2357 2709 2472 2764 tam
2518 2703 2908 2766 ascendentes
2937 2723 3112 2786 quam
3161 2705 3596 2769 descendentes

1949 2794 2354 2860 inveniuntur.
2417 2793 2530 2866 Qui
2579 2812 2719 2857 vero
2766 2795 2854 2858 sic
2906 2797 3102 2859 affecti
3158 2816 3277 2860 non
3329 2805 3490 2875 sunt,
3525 2817 3598 2861 ex

1956 2897 2288 2951 transverso
2356 2894 2814 2964 cognoscuntur.
2875 2887 3167 2952 Caeterum
3242 2890 3461 2970 gradus
3517 2890 3600 2953 ita

228 2980 432 3048 νήσεων
477 2975 640 3042 τάξιν.
719 2967 981 3043 Ἐκάστην
1031 2977 1130 3056 γὰρ
1167 2975 1410 3054 γέννησιν
1441 2977 1638 3053 βαθμὸν
1669 2977 1868 3034 ἀποτε-

1961 2977 2274 3058 comparati
2302 2985 2460 3053 sunt,
2497 2985 2561 3038 ut
2603 2977 2929 3040 secundum
2963 2979 3231 3041 ordinem
3248 2967 3600 3058 'generatio-

227 3065 345 3123 λεῖν
400 3064 491 3121 ἕνα
547 3063 870 3140 νενόμισται.
921 3065 1128 3123 Τούτων
1185 3067 1231 3121 οἱ
1284 3065 1379 3140 μὲν
1425 3065 1495 3129 εἷς
1564 3063 1789 3138 πλάτος,
1824 3067 1870 3121 οἱ

1961 3084 2094 3128 num
2125 3066 2472 3148 procedant.
2507 3064 2738 3148 Quippe
2766 3076 3072 3147 receptum
3096 3077 3209 3148 est,
3231 3075 3294 3130 ut
3323 3068 3602 3151 quaelibet

228 3153 284 3211 δὲ
317 3156 388 3218 εἷς
417 3155 573 3231 βάθος
603 3152 941 3212 ἐκτείνονται.
992 3155 1090 3212 Καὶ
1119 3155 1166 3212 οἱ
1195 3153 1292 3229 μέν
1339 3163 1430 3214 τοῦ
1486 3153 1716 3218 πλάτους
1772 3154 1872 3221 τὴν

1961 3154 2254 3233 generatio
2285 3154 2532 3234 gradum
2563 3174 2745 3217 unum
2778 3156 3066 3220 absolvat.
3099 3157 3330 3220 Deinde
3357 3158 3599 3239 quidam

227 3245 394 3311 αὒτὴν
461 3245 590 3322 πρὸς
655 3241 920 3313 ἀλλήλους
958 3242 1288 3314 ἀποσώζουσι
1344 3242 1508 3308 τάξιν,
1587 3244 1694 3299 Υἱοὶ
1777 3243 1873 3317 μὲν

1961 3244 2014 3305 in
2040 3242 2442 3316 latitudinem,
2478 3243 2717 3323 quidam
2750 3245 3027 3306 deorsum
3061 3244 3602 3318 extendunturQui

225 3334 327 3411 γὰρ
408 3330 579 3406 ὄντες,
670 3334 761 3387 τὸν
847 3339 1056 3412 πρῶτον
1127 3332 1357 3394 ἅπαντες
1427 3331 1684 3412 πληροῦσι
1769 3332 1872 3407 βα-

1961 3331 2016 3393 in
2048 3331 2444 3407 latitudinem,
2481 3332 2759 3393 eumdem
2792 3333 2950 3394 inter
2993 3351 3058 3394 se
3101 3333 3298 3396 locum
3339 3341 3596 3397 servant.

225 3421 359 3496 θμόν
398 3440 414 3457 ’
455 3419 665 3500 ἀδελφοὶ
691 3417 769 3494 δὲ,
801 3422 931 3498 πρὸς
963 3419 1228 3490 ἀλλήλους
1259 3422 1350 3477 τὸν
1391 3417 1648 3500 δεύτερον,
1681 3424 1785 3476 τῶν
1813 3419 1874 3470 88

1961 3421 2101 3482 Nam
2132 3421 2232 3499 qui
2267 3419 2439 3480 liberi
2471 3428 2627 3490 sunt.
2664 3421 2922 3502 primum
2953 3439 3162 3483 omnes
3210 3421 3456 3501 gradum
3480 3421 3600 3483 im-

229 3511 475 3566 ὲπὲκεινα
526 3510 625 3565 ὦσι
680 3514 785 3564 τῶν
841 3506 988 3570 δέκα,
1066 3511 1210 3565 Διὸτι
1267 3509 1387 3574 τοὺς
1457 3515 1698 3588 γαμικῶς
1746 3530 1873 3565 συν-

230 3599 559 3675 απτομένους
600 3599 661 3656 ἐκ
689 3609 779 3658 τοῦ
807 3599 1062 3679 α’ἷματος,
1113 3600 1316 3679 ἀνάγκη
1373 3602 1450 3678 μὴ
1493 3600 1698 3664 πλείους
1733 3601 1875 3658 εἶναι

233 3696 342 3745 τῶν
398 3687 509 3746 δύο.
582 3688 758 3764 Ταύτῃ
835 3710 916 3746 τοι
990 3689 1079 3745 καὶ
1159 3687 1339 3746 τούσδε
1398 3690 1585 3767 μόνους
1644 3690 1704 3746 ἐκ
1771 3697 1878 3747 τῶν

232 3776 470 3858 ἀδελφῶν
516 3779 850 3856 θεωροῦντες,
905 3776 1140 3856 δεῦτέρου
1195 3779 1365 3858 φαμὲν
1450 3780 1594 3837 εἶναι
1650 3780 1874 3856 βαθμοῦ,

236 3867 374 3923 κατὰ
401 3866 499 3934 τὴν
543 3863 735 3932 διπλῆν
777 3869 947 3925 αὐτῶν
976 3867 1188 3925 πάντων
1215 3865 1280 3916 39
1307 3866 1574 3946 γέννησιν,
1611 3859 1877 3932 Ὡσαύτως

235 3958 282 4013 οἱ
326 3955 532 4030 ἀνεψιοὶ
571 3955 663 4012 τὸν
724 3955 892 4034 τρίτον
945 3953 1221 4034 ἐπέχουσι,
1272 3957 1358 4012 καὶ
1388 3959 1434 4013 οἱ
1463 3953 1880 4037 πρωτεξάδελιροι

232 4045 325 4100 τὸν
395 4043 662 4123 τέταρτον,
750 4045 836 4099 καὶ
890 4045 982 4100 τὸν
1041 4041 1194 4100 ἕκτον
1249 4047 1294 4101 οἱ
1349 4041 1726 4126 δισεξάδελφοι,
1795 4047 1883 4102 καὶ

235 4132 424 4213 ἐφεξῆς
485 4131 780 4210 ἀναλόγως.
838 4134 897 4190 Οἱ
950 4129 1004 4188 δὲ
1060 4134 1196 4188 κατὰ
1225 4133 1407 4210 βάθος,
1453 4137 1512 4192 οὒ
1558 4135 1750 4198 πάντες
1791 4135 1881 4190 τὸν

231 4223 391 4279 αὐτὸν
434 4221 632 4296 βαθμὸν
675 4218 914 4300 ἔχουσιν,
971 4220 1088 4278 ἀλλ’
1132 4223 1179 4277 οἱ
1231 4222 1328 4297 μὲν
1375 4223 1474 4278 υἱοὶ
1527 4222 1618 4278 τὸν
1648 4227 1881 4302 πρῶτον,

1959 3509 2124 3590 plent
2153 3527 2167 3568 :
2204 3508 2305 3588 qui
2341 3509 2842 3588 fratres,secundo
2863 3509 3021 3573 inter
3039 3527 3104 3571 se
3128 3509 3311 3590 gradu
3337 3509 3602 3591 jungun-

1959 3605 2077 3673 tur,
2107 3596 2246 3658 licet
2278 3596 2479 3677 plures
2513 3616 2761 3661 numero
2786 3599 2929 3680 sint,
2961 3617 3139 3681 quam
3169 3597 3602 3682 decem.Quip-

1959 3705 2031 3767 pe
2060 3686 2160 3768 qui
2192 3686 2555 3747 matrimonii
2617 3687 2748 3768 lege
2805 3689 2963 3750 inter
3011 3705 3076 3750 se
3128 3688 3483 3769 copulantur
3530 3707 3605 3753 ex

1961 3775 2173 3837 eodem
2227 3774 2554 3857 sanguine,
2615 3777 2955 3839 necessario
3021 3776 3220 3858 plures
3288 3795 3407 3839 non
3467 3786 3606 3840 sunt

1962 3882 2137 3945 quam
2161 3863 2299 3924 duo.
2333 3862 2459 3936 Qua
2489 3864 2666 3928 etiam
2698 3865 2773 3929 de
2803 3885 2981 3930 causa
3030 3867 3139 3928 hos
3168 3866 3327 3929 solos
3376 3885 3448 3928 ex
3478 3865 3603 3930 fra-

1964 3951 2156 4015 tribus
2187 3952 2912 4030 considerantes,secundi
2939 3954 3158 4036 gradus
3178 3973 3309 4018 esse
3326 3954 3602 4034 dicimus,

1963 4040 2206 4102 omnino
2235 4040 2470 4105 ratione
2496 4041 2748 4124 duplicis
2776 4062 2982 4106 eorum
3011 4043 3607 4124 generationis.Con-

1965 4127 2243 4190 similiter
2282 4127 2526 4191 fratrum
2585 4149 2930 4197 sororumve
2974 4133 3151 4195 liberi
3191 4133 3439 4212 gradum
3471 4151 3612 4214 erga

1967 4226 2204 4298 patruos
2233 4231 2289 4279 et
2322 4219 2645 4283 avunculos
2667 4221 2907 4284 tertium
2935 4220 3230 4302 obtinent,
3267 4222 3612 4284 consobrini

234 4315 282 4368 οἱ
312 4309 520 4389 ἔγγονοι
562 4311 653 4365 τὸν
709 4309 967 4389 δεύτερον,
1012 4311 1100 4366 καὶ
1156 4313 1203 4367 οἱ
1232 4307 1530 4388 ἔδισὲγγονοι
1566 4311 1655 4366 τὸν
1684 4311 1874 4389 τρίτον,

1967 4313 2239 4387 quartum
2271 4305 2429 4368 inter
2457 4326 2544 4385 se,
2576 4309 2804 4372 sobrini
2832 4319 3083 4388 sextum,
3117 4310 3324 4372 eadem
3357 4312 3418 4372 in
3441 4319 3613 4374 cate-

232 4402 323 4458 καὶ
351 4398 541 4478 ἐφεξῆς
598 4399 814 4474 ὁμοίως.
864 4401 1005 4479 Παρὸ
1061 4400 1149 4456 καὶ
1201 4403 1260 4459 οὒ
1303 4401 1438 4457 κατὰ
1487 4401 1580 4464 τὰς
1624 4399 1874 4478 γενέσεις,

1967 4394 2293 4457 risratione
2320 4395 2651 4463 observata.
2684 4397 2794 4472 Qui
2823 4417 2889 4462 se
2933 4399 3247 4480 porrigunt
3302 4398 3608 4479 deorsum,

235 4489 311 4555 ὣς
343 4510 405 4568 γε
433 4485 574 4554 ἔδοξε
601 4501 717 4551 τοῖς
760 4487 1147 4568 ἀρχαιοτέροις,
1195 4488 1332 4546 ἀλλὰ
1369 4491 1505 4546 κατὰ
1555 4489 1655 4556 τὴν
1686 4489 1881 4546 οἰκειό-

233 4600 401 4658 τητα,
459 4578 546 4634 καὶ
598 4577 697 4644 τὴν
747 4584 839 4635 τοῦ
895 4577 1076 4656 γένους
1130 4576 1417 4656 ἐγγύτητα,
1472 4580 1560 4634 καὶ
1613 4600 1712 4640 την
1742 4577 1883 4634 ἀπό-

233 4689 418 4724 στασιν
479 4666 622 4730 αὖθις
677 4667 806 4746 πρὸς
849 4667 946 4734 τὴν
1006 4666 1221 4745 πρώτην
1282 4673 1374 4722 τοῦ
1429 4666 1612 4745 γένους
1683 4665 1880 4745 ἀρχὴν,

232 4755 454 4815 κάλλιον
483 4757 604 4818 τοὺς
631 4756 860 4832 βαθμοὺς
893 4756 1260 4832 ὀνομάζεσθαι,
1311 4753 1515 4820 Μεταξὺ
1563 4756 1661 4834 γὰρ
1690 4755 1884 4832 πατρὸς

231 4849 324 4904 καὶ
349 4849 459 4905 υἱοῦ
509 4846 671 4924 μικρά
711 4867 793 4908 τις
836 4842 1127 4909 διάστασις.
1175 4845 1399 4901 Πάππου
1454 4841 1510 4899 δὲ
1551 4845 1640 4900 καὶ
1669 4843 1886 4921 ἐγγόνου

230 4937 449 5014 μείζων.
481 4933 799 5012 Δισεγγόνου
827 4931 882 4988 δὲ
912 4935 1041 5010 πρὸς
1073 4934 1167 4989 τὸν
1197 4934 1352 4989 αὐτὸν
1381 4931 1458 4988 ἔτι
1490 4932 1708 5006 μείζων,
1737 4929 1888 4987 Οὕτω

234 5025 478 5104 σχέσεως
508 5023 692 5102 ἔχουσι
719 5023 806 5078 καὶ
849 5025 896 5078 οἱ
925 5022 985 5078 ἐκ
1027 5021 1275 5100 πλαγίου.

1966 4501 2085 4545 non
2115 4501 2325 4545 omnes
2354 4486 2632 4549 eumdem
2655 4488 2900 4567 gradum
2947 4485 3188 4563 habent;
3221 4486 3326 4548 sed
3358 4485 3464 4547 filii
3483 4487 3612 4566 pri-

1967 4590 2152 4652 mum;
2188 4581 2463 4653 nepotes,
2495 4574 2774 4658 alterum;
2806 4584 3186 4657 pronepotes,
3223 4573 3613 4657 tertium;caa-

1966 4661 2787 4747 teri,consimiliter.Ideoque
2807 4684 2925 4727 non
2943 4663 3270 4727 secundum
3287 4668 3615 4744 generatio-

1967 4767 2096 4826 nes,
2129 4749 2213 4811 uti
2243 4751 2421 4830 pricis
2453 4752 2693 4836 placuit,
2723 4755 2827 4817 sed
2868 4753 3194 4816 secundum
3228 4753 3616 4815 necessitudi-

1969 4855 2140 4913 nem;
2163 4847 2222 4900 et
2260 4841 2497 4916 generis
2528 4842 3047 4926 propinquitatem,
3075 4841 3167 4904 vel
3194 4841 3370 4904 etiam
3405 4859 3608 4904 remo-

1969 4927 2190 4988 tionem
2217 4947 2250 4988 a
2267 4929 2457 5008 primo
2481 4932 2717 5011 generis
2735 4931 3274 5014 principio,gradus
3287 4930 3469 4992 hosce
3492 4949 3608 4992 nu-

1970 5015 2192 5078 merari
2214 5019 2620 5097 praestat.Nam
2639 5022 2796 5084 inter
2807 5031 3032 5104 patrem
3046 5028 3103 5083 et
3116 5018 3610 5100 ﬁlium,exiguum

239 5112 540 5193 quoddam
571 5109 947 5172 intervallum
973 5117 1089 5173 est.
1121 5109 1313 5190 Majus
1341 5109 1500 5172 inter
1545 5125 1715 5171 avum
1765 5115 1825 5170 et
1873 5111 2180 5190 nepotem.
2234 5105 2395 5170 Inter
2422 5127 2593 5172 avum
2627 5118 2686 5174 et
2715 5119 3134 5192 pronepotem,
3169 5109 3365 5172 adhuc
3394 5109 3607 5188 majus.

237 5199 465 5263 Eadem
495 5199 557 5261 in
586 5198 705 5260 illis
735 5198 910 5262 etiam
943 5198 1174 5264 obtinet
1201 5199 1374 5276 ratio,
1401 5199 1504 5281 qui
1533 5205 1674 5262 sunt
1705 5214 1774 5259 ex
1803 5205 2165 5262 transverso.

1566 5327 1814 5393 VARIIE
1856 5326 2292 5393 LECTIONES.

324 5435 386 5485 87
417 5435 756 5512 ἀναϐασμῶν.
839 5435 905 5486 88
947 5434 1067 5498 κᾶν.
1151 5438 1217 5490 89
1242 5439 1477 5504 πάντως.

323 5527 348 5570 α
377 5516 420 5577 l.
459 5515 554 5597 10,
587 5514 618 5594 §
649 5513 895 5580 Gradus
922 5524 1152 5582 autem.
1183 5519 1254 5582 D.
1290 5519 1364 5582 de
1391 5515 1686 5600 gradibus
1709 5523 1762 5579 ei
1790 5516 1958 5596 a/ﬁn.

527 5699 788 5761 Ρλτιιοι..
823 5698 934 5762 Gn.
969 5701 1177 5768 CXIX.
