4074 6212
220 291 372 358 1229

1532 285 2244 356 GRIEGO-ROMANUM.
2312 344 2315 347 .

3419 285 3577 355 1930

212 432 287 509 μὴ
328 429 381 495 ιε
437 428 670 504 ἐννόμων
712 427 812 484 ὦσι
855 427 1063 505 γάμων,
1125 423 1211 483 ἐπ’
1269 424 1480 505 ἄπειρον
1536 423 1828 482 κωλύονται

1937 436 2009 484 ex
2040 417 2316 499 legitimis
2344 437 2463 509 non
2496 419 2617 482 nati
2646 419 2766 483 sint
2792 418 3115 502 nuptiis,in
3145 419 3441 509 inﬁnitum
3470 441 3572 487 ar-

207 524 276 579 Οὗ
300 521 400 599 γὰρ
427 518 545 576 οἶόν
601 539 659 574 τε
701 517 792 599 τξν
847 516 1064 574 πάππον
1107 521 1176 593 τῇ
1230 514 1390 574 αὐτοῦ
1442 513 1637 593 ἐγγόνῃ
1679 534 1845 589 γαμι-

202 586 693 688 κῶς¹ᾦναφθῆναμ
739 586 982 684 Ἄπειρον
1041 603 1095 661 δέ
1148 626 1346 685 φαμεν,
1393 604 1530 660 κατά
1584 603 1645 657 τὸ
1687 599 1846 657 δυνα-

199 699 308 773 τὸν,
342 696 400 753 οὔ
428 696 489 751 τὸ
524 696 672 776 φύσει
700 693 935 773 ἄπειρον.
983 698 1056 753 Οὔ
1082 694 1181 771 γὰρ
1210 693 1437 749 ἀθάνατα
1467 691 1532 750 τὰ
1561 690 1714 769 γένη.

499 894 523 929 α
558 874 682 953 Περὶ
723 880 815 930 τοῦ
841 870 893 938 ἐξ
922 871 1148 948 αἵματος
1178 871 1378 947 βαθμοῦ
1406 858 1477 940 ζ’.
1517 889 1541 924 s

283 966 390 1033 Τὴν
434 961 489 1021 δὲ
515 961 570 1013 9¹
625 962 687 1019 ἐκ
725 960 950 1040 πλαγίου
993 962 1021 1017 ὁ
1075 957 1255 1039 ὄγδοος
1310 957 1484 1038 ἐφίησι
1537 957 1629 1012 τὸν
1670 955 1842 1034 γάμον

201 1056 425 1132 βαθμὸς,
494 1059 585 1109 τοῦ
667 1047 889 1126 ἑϐδόμου
942 1054 1127 1107 τοῦτον
1180 1048 1511 1109 παντάπασιν
1544 1043 1840 1132 εἴργοντος.

204 1131 274 1200 Οὐ
328 1143 427 1222 γὰρ
468 1139 675 1198 δύναταί
727 1161 807 1203 τις
863 1137 963 1205 τὴν
1024 1147 1118 1196 τοῦ
1185 1132 1546 1222 δισεξαδελφου
1586 1131 1841 1212 θυγατέρα

199 1221 431 1289 λαϐεῖν*
507 1228 644 1286 ἀλλὰ
689 1230 940 1307 πρότερον
986 1226 1083 1303 μὲν
1111 1227 1171 1282 τὸ
1200 1232 1294 1283 τοῦ
1361 1221 1584 1300 ἑϐδόμου
1640 1222 1842 1298 βαθμοῦ

198 1320 251 1387 ἐξ
293 1320 352 1377 at”?
356 1341 523 1397 ματος
589 1317 877 1396 ἐρωτώμην
927 1317 1024 1392 μὲν
1052 1313 1114 1364 93
1154 1312 1435 1393 ἐκωλύετο,
1493 1307 1840 1380 ὁπωσδήποτε

198 1409 253 1466 δὲ
307 1406 597 1489 προϐαῖνον
639 1406 733 1464 οὒκ
784 1403 1043 1462 ἐκωλύετο
1087 1403 1206 1481 μὲν,
1253 1402 1539 1477 ἐπετιμᾶτο
1559 1397 1635 1475 δὲ,
1667 1397 1753 1489 διά
1778 1398 1841 1454 τὸ

197 1486 530 1567 σιωπήθῆναι
598 1502 675 1571 τῷ
731 1495 899 1571 νόμῳ,
972 1493 1136 1575 μέχρι
1223 1497 1315 1548 τοῦ
1362 1489 1517 1547 ἕκτου
1585 1486 1839 1545 κωλύοντι

199 1590 379 1662 μόνον.
438 1587 579 1654 Φησὶ
633 1585 732 1664 γάρ
766 1603 780 1619 ’
848 1606 875 1638 ι(
923 1583 1032 1650 Τὴν
1074 1588 1166 1640 τοῦ
1220 1578 1444 1660 ἀδελφοῦ
1497 1599 1599 1653 μου
1653 1576 1690 1645 ἢ
1740 1580 1838 1644 τῆς

196 1676 427 1757 ἀδελφῆς
460 1696 560 1752 μου
602 1672 855 1752 θυγατέρα
908 1668 1195 1747 λαμϐάνειν
1224 1671 1297 1732 εἷς
1340 1668 1510 1757 γάμον
1565 1667 1627 1757 ού
1662 1664 1835 1741 θέμις,

1929 516 2159 570 centur.
2187 508 2319 572 Non
2348 507 2508 571 enim
2531 509 2661 572 ﬁeri
2691 516 2904 591 potest,
2938 516 3004 571 ut
3033 517 3210 592 nepte
3238 504 3577 575 sua'matri-

1930 595 2115 658 monii
2142 595 2271 675 lege
2298 597 2631 678 copuletur.
2664 597 2964 660 Inﬁnitum
2984 615 3125 661 vero
3156 599 3574 679 dicimus,ejus

1926 683 2178 760 ratione,
2212 685 2368 766 quod
2398 685 2528 747 ﬁeri
2555 692 2788 769 potest:
2823 704 2943 749 non
2987 686 3286 753 inﬁnitum
3338 698 3566 755 natura.

1929 771 2161 855 Quippe
2190 791 2412 853 genera
2439 793 2560 837 non
2591 784 2728 837 sunt
2756 775 3135 839 immortalia.

2164 866 2259 929 De
2286 867 2484 947 gradu
2510 870 2761 950 septimo
2783 873 3356 951 consanguinitatis.

2002 958 2102 1034 Iis,
2163 959 2266 1042 qui
2313 968 2453 1022 sunt
2499 980 2571 1024 ex
2618 970 2952 1025 transverso
2977 1011 2993 1038 ,
3052 962 3272 1043 gradus
3327 972 3568 1031 octavus

1924 1048 2386 1138 matrimonium
2405 1050 2718 1131 permittit,
2750 1070 2884 1114 cum
2906 1051 3192 1133 septimus
3211 1052 3284 1116 ab
3310 1073 3381 1118 eo
3403 1074 3567 1138 pror-

1924 1156 2025 1199 sus
2054 1136 2504 1219 arceat.Quirpe
2527 1158 2646 1202 non
2676 1147 2870 1221 potest
2897 1139 3114 1222 aliquis
3134 1141 3361 1206 sobrini
3382 1136 3564 1207 ﬁliam

1923 1243 2168 1289 uxorem
2198 1226 2738 1291 ducere.Caaterum
2763 1236 2937 1291 antea
2966 1229 3188 1308 gradus
3218 1233 3565 1313 consangui-

1923 1313 2125 1377 nitatis
2154 1315 2522 1398 septimus,si
2551 1315 2627 1379 de
2655 1335 2726 1379 eo
2758 1317 3195 1396 consuleretur,
3204 1321 3563 1401 prohibeba-

1923 1410 2020 1466 tur
2049 1403 2153 1467 ille
2180 1403 2422 1486 quidem
2449 1422 2462 1467 :
2494 1405 2600 1468 sed
2630 1406 2681 1467 si
2710 1425 2825 1488 quo
2859 1407 3034 1469 modo
3079 1425 3178 1470 res
3227 1418 3384 1474 esset
3409 1420 3561 1489 acta,

1922 1510 2041 1555 non
2071 1493 2712 1583 prohibebatur,poena
2738 1501 2933 1558 tamen
2963 1495 3359 1575 irrogabatur,
3383 1500 3565 1583 idque

1919 1587 2218 1670 proterea,
2275 1582 2433 1664 quod
2490 1583 2728 1646 silentio
2777 1584 2872 1647 lex
2920 1584 2980 1647 id
3027 1586 3404 1670 praeterierit,
3435 1582 3565 1670 qua

1920 1669 2199 1758 duntaxat
2224 1672 2300 1734 ad
2328 1679 2559 1734 sextum
2590 1672 2712 1755 (69)
2747 1690 2934 1755 usque
2984 1674 3230 1752 gradum
3262 1669 3568 1758 prohibet.

197 1765 310 1824 οὐδὲ
339 1755 466 1834 -τὴν
518 1764 717 1821 τούτων
792 1762 1019 1842 ἐγγόνην
1091 1759 1337 1838 τετάρτου
1393 1756 1550 1813 οὖσαν
1606 1755 1832 1842 βαθμοῖν.

1925 1757 2088 1837 Legis
2119 1759 2245 1822 haec
2274 1760 2453 1824 verba
2479 1769 2617 1823 sunt
2647 1779 2662 1824 :
2702 1786 2732 1818 α
2771 1761 2995 1826 Fratris
3042 1762 3182 1836 mei,
3219 1755 3309 1827 vel
3343 1767 3568 1830 sororis

199 1854 328 1915 Οὐδὲ
369 1842 468 1922 τὴν
510 1851 763 1932 θυγατέρα
814 1839 905 1907 του
957 1850 1118 1921 θείου,
1176 1846 1339 1926 ἤγουν
1380 1842 1689 1932 ἐξαδέλφην,
1723 1839 1836 1932 οὐδὲ

198 1948 227 2002 ὁ
254 1945 363 2008 υἱός
409 1964 511 2020 μου
561 1929 661 2009 τὴν
701 1929 928 2019 ἒγγόνην
958 1938 1161 2018 αὐτῶν,
1196 1935 1390 2001 οἵτινες
1444 1931 1688 2011 λέγονται
1717 1929 1835 1987 δισ-

196 2032 488 2116 εξόδελφοι,
542 2055 570 2087 ι
631 2029 781 2087 Ἐπεὶ
839 2027 895 2085 δέ
950 2049 1105 2116 τινες,
1142 2033 1254 2116 τῷη
1278 2025 1425 2105 βάρει
1493 2029 1600 2116 τῶν
1671 2022 1838 2116 ἐπιτι-

194 2126 330 2202 μίων
381 2110 551 2203 κρύφα
597 2120 717 2183 τοὺς
771 2118 1036 2180 τοιούτους
1093 2112 1364 2173 ἐσετέλουν
1438 2112 1662 2190 γάμους,
1737 2110 1835 2203 ἀν-

192 2200 400 2294 ήνέχθη
422 2200 504 2268 τὰ*
548 2211 665 2290 περὶ
721 2209 902 2265 τούτου
942 2212 1012 2283 τῇ
1067 2203 1287 2280 συνόδῳ,
1344 2208 1533 2294 Τουκὸι⁸
1547 2208 1655 2294 τοῦ⁸
1698 2200 1834 2294 θείου

191 2289 719 2379 τὸν-*πατριαρχικὸν
781 2297 1041 2358 ἷθύνοντος
1098 2295 1302 2372 θρόνον,
1373 2293 1461 2350 καὶ
1516 2289 1579 2379 εξ-
1638 2289 1835 2347 ἐκείνου

193 2392 351 2472 ὥρισε
422 2377 510 2446 καὶ
537 2377 543 2379 ⁷
569 2377 795 2454 ἔστησεν
849 2388 884 2453 ἡ
940 2384 1063 2464 ἁγία
1118 2380 1353 2455 σύνοδος,
1426 2377 1675 2472 μηδόλως
1744 2379 1834 2472 τδν

190 2467 430 2538 τοιοῦτον
460 2474 753 2559 προϐαίνειν
811 2474 848 2543 ἢ
901 2473 1146 2559 ’ίστασθαι
1201 2472 1395 2559 γάμον,
1455 2468 1575 2559 ἀλλ’
1618 2467 1833 2547 ἐρωτώ-

194 2591 354 2646 μενον
408 2555 512 2644 μεν⁷
559 2564 870 2639 κωλύεσθαι,
942 2558 1290 2641 προϐαίνοντα
1360 2556 1416 2616 δὲ
1496 2555 1833 2646 διασπᾷσθαι,

190 2645 281 2714 καὶ
321 2658 443 2723 τοὺς
498 2653 788 2734 πράξαντας
832 2652 1199 2732 ἀφορίσασθαι,
1269 2649 1358 2706 καὶ
1406 2649 1500 2705 τὸν
1554 2645 1836 2727 ἱερολογή-

198 2765 366 2803 σαντα
445 2742 607 2821 ἱερέα,
705 2740 831 2817 εἰμὴ
918 2738 1101 2818 ἀγνοίᾳ
1179 2736 1386 2806 ἐκλάπη
1454 2737 1834 2814 καθαιρεῖσθαι.

199 2833 533 2912 Ἐπεκύρωσε
587 2828 642 2887 δὲ
718 2830 819 2897 τὴν
883 2825 1155 2895 συνοδικὴν
1222 2826 1419 2894 ταύτην
1484 2822 1670 2912 πρᾶξιν
1751 2824 1838 2879 καὶ

197 2910 465 2997 θέσπισμα
535 2929 627 2980 τοῦ
680 2918 733 2975 ὲν
788 2914 1085 2994 βασιλεῦσιν
1149 2913 1383 2992 ἀοιδίμου
1440 2910 1691 2972 Μανουηὶκλ
1746 2920 1838 2971 τοῦ

1923 1864 2073 1910 mea
2102 1847 2309 1926 ﬁliam,
2343 1867 2588 1911 uxorem
2615 1849 2858 1932 ducere,
2891 1851 2979 1912 fas
3008 1869 3127 1913 non
3163 1860 3293 1930 est;
3326 1873 3438 1917 nec
3458 1856 3564 1918 bo-

1916 1953 2049 2025 rum
2068 1948 2473 2020 noptem,quze
2490 1941 2676 2017 gradu
2691 1946 2900 2021 quarto
2924 1947 3034 2004 est.
3059 1938 3182 2004 Nec
3199 1942 3343 2004 item
3361 1943 3558 2025 patrui

1918 2023 2098 2086 ﬁliam
2129 2073 2147 2102 ,
2201 2044 2334 2107 quae
2380 2027 2738 2092 consobrina
2784 2036 2921 2091 est:
2956 2046 3153 2110 neque
3192 2023 3558 2096 ﬁlius'meus

1917 2130 2123 2175 eorum
2166 2122 2406 2195 neptem
2456 2115 2750 2197 ducit,qui
2783 2115 3012 2179 sobrini
3047 2116 3345 2181 dicuntur.
3374 2142 3402 2175 ι
3436 2117 3556 2183 Sed

1916 2200 2056 2281 quia
2083 2202 2355 2265 nonnulli
2386 2212 2627 2286 propter
2652 2203 2995 2284 gravitatem
3047 2222 3358 2286 prunarum
3400 2207 3552 2272 clam

1917 2288 2260 2370 hujusmodi
2289 2291 2526 2373 nuptias
2553 2291 3003 2374 contrahebant,
3037 2292 3224 2357 relata
3256 2314 3354 2358 res
3377 2296 3557 2360 estad

1915 2378 2230 2459 synodum,
2253 2399 2372 2461 quo
2403 2389 2673 2464 tempore
2701 2380 2935 2444 divinus
2963 2381 3066 2445 ille
3091 2383 3280 2446 Lucas
3296 2384 3556 2467 patriar-

1917 2466 2148 2530 cbalem
2181 2469 2459 2532 thronum
2487 2472 2756 2551 regebat,
2789 2488 2860 2533 ac
2888 2469 3172 2553 deinceps
3202 2466 3471 2538 deﬁnivit
3499 2482 3561 2537 et

1918 2556 2122 2619 statuit
2149 2567 2350 2621 sancta
2378 2559 2659 2642 synodus,
2692 2576 3063 2641 nequaquam
3115 2561 3410 2641 ejusmodi
3441 2582 3558 2626 nu-

1920 2645 2073 2726 ptias
2105 2645 2326 2711 debere
2355 2648 2682 2728 procedere
2709 2648 2800 2710 vel
2819 2648 3299 2727 consistere;sed
3320 2651 3372 2713 si
3393 2651 3469 2714 de
3484 2650 3559 2715 iis

1919 2734 2288 2818 consulatur,
2323 2735 2724 2817 prohibendas
2754 2754 2912 2814 esse;
2941 2737 3037 2800 sin
3065 2739 3562 2819 procedant,diri-

1920 2823 2190 2901 mendas,
2235 2832 2292 2887 et
2319 2827 2721 2906 segregandos
2749 2826 2852 2907 qui
2881 2826 3328 2907 contraxerint;
3359 2845 3431 2894 ac
3458 2846 3564 2893 sa-

1918 2911 2242 2992 cerdotem,
2275 2914 2377 2995 qui
2421 2914 2699 2996 precibus
2744 2914 2934 2978 sacris
2963 2914 3230 2997 initiarit,
3267 2917 3385 2981 nisi
3413 2919 3564 2985 forte

193 3011 702 3091 πορφυρογεννήτου.
776 3009 954 3082 Ταύτῃ
1031 3026 1112 3062 τοι
1168 3004 1255 3061 καὶ
1310 3005 1403 3062 οὐκ
1456 3001 1666 3091 ,ἐφεῖταί
1728 3022 1831 3091 τινι

1925 3018 2024 3081 per
2074 3000 2467 3081 ignorantiam
2516 3011 2820 3084 surreptus
2854 3002 3057 3085 fuerit,
3110 3003 3562 3086 deponendum.

189 3085 292 3169 τὴν
313 3085 325 3091 ’
347 3085 454 3157 τούν
508 3095 834 3177 διεξαδὲλφου
889 3094 1047 3151 αὐτοῦ
1121 3092 1375 3172 θυγατέρα
1451 3089 1660 3165 λαϐεῖν,
1716 3089 1833 3146 ἀνε-

1925 3092 2102 3172 Atque
2123 3091 2277 3153 hanc
2305 3110 2434 3154 rem
2452 3101 2642 3155 actam
2664 3092 2727 3154 in
2743 3092 2966 3174 synodo
2982 3085 3354 3158 conﬁrmavit
3382 3096 3560 3160 etiam

190 3192 319 3268 ψιὰν
361 3189 544 3245 τούτου
599 3187 988 3268 τυγχάνουσαν,
1034 3184 1105 3239 Γὺ
1159 3183 1259 3262 γὰρ
1314 3182 1463 3263 φύσει
1514 3179 1832 3249 δίκαιονᾲκαὶ

187 3280 444 3360 εὐπρεπὲς
483 3279 571 3335 καὶ
612 3277 825 3353 σεμνὸν,
871 3272 1048 3351 ὥσπερ
1075 3272 1190 3329 τινὰ
1227 3268 1450 3352 χαλινὸν
1477 3281 1595 3333 τοῖς
1638 3268 1829 3348 γάμοις

186 3368 446 3436 ἐπέθηκεν
473 3365 559 3428 93.

1913 3178 2254 3241 constitutio
2284 3180 2429 3242 clari
2465 3181 2621 3244 inter
2647 3181 3039 3262 imperatores
3077 3184 3364 3247 Manuelis
3394 3185 3558 3249 illius

1911 3266 1973 3329 in
1996 3268 2294 3350 porphyra
2322 3268 2469 3332 nati.
2504 3267 2671 3332 Hanc
2702 3270 2781 3330 ob
2830 3287 3072 3334 causam
3102 3288 3223 3333 non
3252 3273 3555 3352 permitti-

1913 3362 2009 3418 tur
2040 3355 2193 3438 (70),
2224 3357 2307 3418 uti
2336 3358 2468 3438 quis
2497 3357 2723 3420 sobrini
2763 3358 2854 3420 sui
2884 3357 3067 3420 ﬁliam
3100 3359 3277 3423 ducat
3306 3379 3557 3427 uxorem

188 3474 326 3538 qua;
351 3454 470 3536 ipsi
498 3453 629 3516 loco
658 3449 915 3515 sobrina:
943 3456 1057 3515 est.
1088 3447 1320 3530 Quippe
1349 3444 1624 3509 naturale
1657 3443 1782 3525 jus,
1814 3450 1874 3507 et
1901 3444 2271 3510 honestatem
2323 3453 2380 3508 et
2428 3447 2740 3527 pudorem,
2775 3449 2941 3529 quasi
2969 3446 3208 3511 frenum
3234 3450 3563 3535 quoddam,

185 3543 414 3627 nuptiis
441 3544 536 3607 lex
561 3538 867 3623 imposuit.

440 3658 468 3690 α
502 3634 625 3713 Περὶ
638 3641 731 3691 τοῦ
759 3628 811 3696 ἐξ
842 3628 1070 3705 αἵματος
1099 3624 1286 3707 ὀγδόου
1309 3627 1533 3704 βαθμοῦ.
1559 3644 1590 3686 ι

273 3724 371 3788 Εἵς
401 3745 464 3803 γε
494 3712 602 3799 μὴν
645 3723 737 3779 τὸν
779 3716 961 3800 ὄγδοον
1014 3718 1215 3794 βαθμὸν
1269 3712 1708 3803 προϐαίνωνδὲξ
1736 3714 1833 3771 α’ἷ-

188 3835 361 3890 ματος
391 3801 586 3891 γάμος,
619 3808 1049 3890 συγκεχώρηται.
1100 3806 1209 3874 Τὴν
1277 3806 1377 3885 γὰρ
1428 3801 1832 3891 τρισεξαδέλιρην

186 3902 226 3971 ἢ
268 3904 369 3971 τὴν
410 3890 640 3981 ἒγγόνην
696 3908 788 3958 τοῦ
828 3894 1156 3976 διεξαδέλφου
1184 3891 1493 3971 λαμϐάνειν,
1527 3890 1633 3950 οὐδ’
1674 3894 1830 3962 ἡντι-

190 3998 346 4049 ναοῦν
376 3989 493 4072 ἔχει
526 3987 775 4049 κώλυσιν.

440 4103 469 4136 α
506 4080 630 4159 Περὶ
656 4083 763 4136 τῶν
805 4075 865 4133 ἐκ
886 4074 1127 4156 πορνείας
1158 4071 1521 4159 γεννωμένων.
1556 4092 1586 4127 ι

268 4171 341 4229 Τὸ
381 4166 436 4225 δὲ
467 4171 530 4225 hx
571 4156 835 4248 πορνείας,
894 4165 990 4222 οὐκ
1030 4161 1148 4245 ἔχει
1203 4162 1343 4219 ἅπαν
1391 4158 1557 4236 ὄνομα
1585 4160 1664 4236 ἓν,
1709 4156 1829 4215 ἀλλ’

180 4256 566 4337 ὅποδιαιρετται
608 4258 696 4315 καὶ
741 4265 917 4319 τοῦτο.
968 4255 1028 4313 Εἰ
1070 4253 1167 4331 μὲν
1208 4254 1308 4332 γὰρ
1347 4250 1592 4330 γυναικὸς
1650 4269 1830 4306 συνοι-

2158 3622 2250 3685 De
2275 3623 2476 3706 gradu
2503 3625 3048 3708 consanguinitatis
3074 3632 3300 3691 octauo.

1995 3713 2391 3798 Nuptize,quae
2417 3717 2575 3780 inter
2600 3719 3078 3799 consanguineos
3106 3719 3557 3802 contrahuntur,

1916 3807 1966 3868 si
1997 3805 2072 3869 ad
2101 3812 2370 3869 octavum
2400 3825 2586 3888 usque
2616 3806 2862 3885 gradum
2917 3807 3265 3887 procedant,
3299 3810 3559 3891 permis-

1916 3914 1999 3958 sa
2023 3902 2184 3959 sunt.
2216 3893 2448 3977 Quippe
2496 3896 2622 3958 nati
2673 3914 2745 3959 ex
2774 3894 3016 3958 sobrino
3046 3896 3248 3974 ﬁliam,
3281 3899 3375 3961 vel
3407 3918 3559 3983 nep-

1915 3992 2035 4049 tem
2064 3984 2292 4048 sohrini
2312 3983 2534 4046 ducere
2563 3984 2728 4047 nullo
2758 3983 2936 4046 modo
2964 3983 3098 4066 quis
3126 3986 3497 4064 prohibetur.

2431 4076 2515 4137 De
2544 4073 2721 4155 vulgo
2749 4074 3044 4156 qumsitis.

1993 4164 2180 4247 Vulgo
2211 4165 2594 4247 quaesitﬁnon
2622 4165 2782 4228 idem
2814 4183 3028 4229 omnes
3056 4183 3276 4230 nomen
3304 4167 3551 4249 habent,

1912 4254 2019 4322 sed
2049 4253 2524 4319 subdividuntur.
2558 4256 2707 4317 Nam
2739 4253 2790 4316 si
2835 4253 2938 4336 qui
2966 4254 3276 4318 mulierem
3310 4256 3373 4320 in
3409 4275 3559 4323 con-

183 4349 382 4416 κούσης
431 4347 535 4403 τινὶ
575 4351 810 4427 φανερῶς
838 4343 905 4395 94
956 4344 1044 4402 καὶ
1085 4340 1151 4400 δι’
1208 4340 1386 4427 ὀλίγου
1442 4337 1629 4418 γέγονε
1673 4350 1827 4427 πεξτς,

1925 4342 2188 4407 tubernio
2219 4342 2481 4419 habenti,
2516 4342 2709 4424 palam
2737 4350 2934 4417 natus,
2964 4344 3041 4406 sit
3067 4342 3226 4405 ﬁlius
3275 4347 3561 4410 naturalis

442 4399 1114 4513 σύτοςῘόνομάξεταιζέαὶ
1182 4399 1316 4512 ἔχει.
1354 4399 1594 4507 δευτέραν
1622 4517 1626 4518 ν
1659 4399 1826 4518 τάξιν,

1925 4441 2173 4509 vocatur,
2218 4441 2279 4494 et
2329 4399 2656 4495 secundum
2686 4431 2884 4493 locum
2935 4429 3270 4494 obtinetab
3325 4451 3419 4509 eo,
3451 4435 3555 4516 qui

181 4513 260 4590 ὧς
290 4528 420 4606 πρὸς
448 4528 541 4584 τὸν
596 4526 746 4607 φύσει
805 4525 1054 4604 νόμιμον,
1099 4522 1186 4579 καὶ
1212 4524 1533 4598 προτιμᾶται
1590 4517 1665 4607 εἷς
1695 4513 1830 4607 λελη-

1925 4530 2120 4585 aatura
2166 4520 2467 4601 legitimus
2495 4530 2608 4598 est,
2642 4528 2700 4582 et
2729 4520 2791 4581 in
2823 4518 3204 4583 successione
3248 4513 3562 4601 praefertur

179 4602 433 4697 ρονομίαν
478 4616 567 4672 καὶ
606 4602 716 4673 τῶν
771 4602 1048 4692 ἀνιόντων,
1090 4614 1194 4691 οὒχ
1234 4607 1380 4672 ὅπως
1402 4613 1529 4697 Δτιῖιν
1557 4604 1646 4697 ⁸ἐκ
1680 4602 1825 4662 πλα-

1925 4610 2085 4674 etiam
2112 4610 2826 4684 ascendentibus,nedum
2853 4626 2927 4671 ex
2958 4615 3305 4671 transverso
3327 4612 3558 4673 consti-

174 4693 317 4786 γίου.
365 4706 425 4762 El
482 4702 537 4762 δὲ
599 4705 819 4786 φανερὸς
875 4704 973 4780 μὲν
1029 4700 1193 4776 ἔστιν,
1238 4698 1297 4756 ού
1344 4695 1525 4774 μέντοι
1554 4693 1617 4750 ἐκ
1658 4715 1827 4786 συνοιέ

1925 4700 2073 4764 .utis.
2105 4698 2210 4763 Sin
2244 4699 2597 4762 manifestus
2627 4697 2870 4786 quidem
2913 4705 3023 4774 est,
3077 4715 3198 4760 non
3256 4705 3455 4761 tamen
3486 4719 3560 4764 ex

170 4779 377 4863 κούσης
419 4801 497 4870 τῷ
551 4779 693 4874 ἀνδρὶ
731 4779 1018 4873 γυναικὸς,
1078 4788 1390 4881 ὀνομάζεται
1443 4783 1611 4849 νόθος.
1654 4784 1732 4881 σει
1772 4779 1826 4838 δὲ

1925 4789 2159 4852 nuliere
2182 4796 2515 4871 natus,quaa
2542 4789 2606 4850 in
2637 4779 3032 4850 contubernio
3062 4786 3172 4848 viri
3203 4786 3304 4881 sit;
3334 4789 3555 4854 nothus

170 4882 451 4950 παντελῶς
506 4883 733 4964 ἀφανὴς,
766 4880 977 4961 λέγεται
1019 4878 1253 4958 σκότιος,
1297 4874 1369 4941 ὥς
1416 4894 1576 4954 φησιν
1657 4874 1825 4947 Ὁμη-

1925 4878 2030 4943 ιίνο
2075 4879 2317 4961 Spurius
2374 4876 2729 4964 appellatur.
2763 4876 2868 4939 Sin
2927 4877 3171 4964 omnino
3200 4875 3465 4940 incertus
3497 4888 3559 4943 et

1907 4966 2589 5049 obscurus,tenebrosus
2610 4963 3080 5046 dicitur,uticum
3101 4963 3393 5027 Homerus
3422 4965 3506 5029 ait
3531 4984 3547 5031 :

172 4996 269 5055 ρος
305 4996 320 5005 '
1907 4996 2589 5049 uuscurus,wuuurusua
2610 4996 3080 5046 utuntur,ququ
3101 4996 3295 5027 [suum

453 5089 484 5123 ι
521 5065 864 5131 ...ησκότιον
905 5060 959 5120 δὲ
991 5061 1226 5137 ἐγείνατο
1246 5057 1427 5137 μῆτηρ
1457 5076 1472 5093 °
1522 5079 1551 5113 ι
2385 5063 2585 5120 mater
2605 5056 2845 5137 peperit
2874 5054 3251 5118 tenebrosum
3279 5074 3295 5129 ;

453 5089 484 5123 ι
521 5065 864 5131 .....σκότιον
905 5060 959 5120 δὲ
991 5061 1226 5142 ἐγείνατο
1246 5057 1427 5137 μ’(τηρ
1457 5076 1472 5093 ο
1522 5079 1551 5113 ι

1504 5221 1759 5289 VARLE
1800 5222 2234 5291 LEC'I‘IONES.

265 5339 316 5385 9‘
349 5354 467 5408 τοῖς
493 5338 570 5405 δέ.
652 5340 718 5394 93
744 5341 1085 5422 ἐρωτώμενον
1119 5338 1240 5417 μέν.
1323 5334 1389 5388 93
1414 5332 1638 5416 χαλινὸν
1667 5333 1696 5389 δ
1724 5334 1886 5411 νόμος
1928 5348 2047 5402 τοῖς
2076 5357 2209 5416 γαμ.
2295 5334 2362 5387 94
2387 5334 2629 5417 φανερός.
2664 5384 2672 5391 .

1745 5459 1999 5532 NOTAE.

177 5605 651 5757 lib(62)xv§n{t‘igp
679 5624 800 5750 gon
819 5624 1042 5672 omnes.
1068 5603 1261 5670 Instit.
1282 5604 1371 5669 De
1390 5605 1561 5681 nupt.
1588 5597 1825 5662 Basilic.
1991 5603 2122 5686 ('70)
2154 5603 2197 5667 l.
2234 5604 2330 5669 14.
2363 5602 2703 5684 §Servlles.
2739 5598 2811 5667 Β.
2842 5600 2917 5669 de
2945 5605 3050 5669 rit.
3079 5609 3255 5727 nupt.
