4074 6212
493 302 640 377 1231
1857 307 1988 372 JUS
2027 304 2474 372 CANONICUM
3713 295 3869 364 ηδε

492 461 563 507 ac
593 442 669 505 de
706 442 820 519 hoc
850 439 1092 524 quidem
1141 441 1342 505 nullus
1385 441 1558 504 nobis
1613 447 1704 504 est
1759 458 1980 502 sermo.
2013 439 2138 503 Nec

2227 442 2337 520 περὶ
2365 444 2424 498 οὒ
2450 440 2610 520 λόγος
2658 441 2796 516 ἡμῖν
2825 436 3012 502 οὐδείς.
3059 437 3187 498 Οὔτε
3216 439 3314 517 γὰρ
3357 441 3429 502 εἱς
3472 437 3680 514 γαμικὰ
3744 455 3878 524 συν-

494 532 656 596 cnim
711 531 804 594 vel
859 523 1090 594 ratione
1149 539 1512 594 contractum
1574 528 2134 608 matrimonialium,

2227 529 2557 610 αλλάγματα,
2618 527 2732 586 οὔτε
2763 532 2868 604 μὴν
2901 530 2971 594 εἷς
3022 527 3377 607 κληρονομίαν
3427 526 3479 583 ἐν
3533 538 3656 587 τοῖς
3687 523 3881 579 τοιού·-

490 622 580 684 vel
634 620 1064 695 successionis,
1143 620 1330 684 ullum
1386 621 1444 682 in
1502 618 1716 682 talibus
1746 627 1834 680 est
1865 616 2133 679 dubium.

2227 642 2329 684 τοις
2359 620 2495 676 ἐστὶν
2541 615 2958 699 ἀμφισϐήτησις.
3017 619 3163 684 Φησὶ
3195 615 3248 673 δὲ
3276 619 3365 674 καὶ
3393 620 3422 674 6
3479 615 3643 699 νόμος
3680 630 3698 643 ⁸
3768 612 3880 677 ﬁt"

493 709 684 774 Etiam
715 709 809 771 lex
841 708 929 771 ait
955 708 1083 789 (Ἡ)
1109 726 1124 770 :
1149 710 1338 788 Vu'go
1389 712 1692 789 quaesitam
1725 724 1992 769 sororem
2025 721 2136 766 ne-

2227 708 2280 764 ἒκ
2307 709 2547 788 πορνείας
2575 697 2804 788 ἀδελφὴν
2833 705 2995 771 οὐδεὶς
3025 704 3303 782 λαμϐάνει.
3339 708 3458 780 Καὶ,
3523 697 3582 760 Ὀ
3640 702 3882 780 πορνεύ-

505 797 775 861 moducit
790 815 1033 860 uxorem
1046 796 1211 859 .Item
1223 847 1238 872 ,
1257 798 1673 870 Quiscortatus
1695 803 1784 858 est
1801 796 1997 875 aliqua
2010 811 2142 855 cum

2227 819 2317 861 σας
2350 798 2483 872 μετά
2511 818 2649 862 τινος
2679 797 2946 874 γυναικὸς,
2980 797 3023 851 εἰ
3054 796 3151 870 μὲν
3195 793 3303 851 ’ἐστι
3336 795 3531 874 φανερὰ
3555 795 3594 860 ἡ
3623 792 3879 869 πορνεία¹

497 887 773 963 muliere,
809 886 1104 967 siquidem
1138 887 1417 949 scortatio
1450 885 1759 948 manifesta
1799 892 1907 957 est,
1932 893 1994 944 ut
2025 903 2136 944 no-

2227 886 2317 954 τὴν
2350 886 2447 962 μὲν
2476 886 2732 964 μητρυιὰν
2762 886 2924 952 αὐτῆς
2980 884 3238 941 κωλύεται
3279 881 3488 959 λαϐεῖν,
3518 878 3798 958 λαμϐάνει
3829 877 3880 933 δὲ

495 995 734 1041 vercam
767 978 898 1057 ejus
929 977 1149 1039 ducere
1171 976 1631 1058 prohibetur,ita
1655 975 1954 1038 sobrinam
1983 974 2112 1053 ejus

2227 976 2315 1042 τὴν
2357 972 2690 1056 διεξαδέλφην
2731 977 2918 1041 αὐτῆς.

495 1066 632 1130 dem
666 1066 889 1130 ducere
916 1072 1132 1147 potest.

1114 1161 1204 1222 De
1233 1158 1544 1239 a/ﬁnitate.

573 1253 870 1317 Hactenus
899 1254 1127 1316 dictum
1152 1253 1229 1315 de
1257 1249 2138 1332 consanguinitate.Afﬁnitatis

494 1341 694 1398 autem
738 1333 969 1396 ratione
993 1333 1183 1413 magis
1213 1341 1351 1395 sunt
1379 1334 1453 1395 ad
1488 1329 1918 1395 inveniendum
1939 1329 2134 1392 variae.

494 1423 645 1487 Nam
705 1424 766 1485 in
798 1422 891 1484 his
943 1422 1227 1502 graduum
1287 1422 1670 1504 quantitatem
1720 1421 1964 1483 omnino
2019 1437 2138 1480 non

496 1512 880 1594 quaerendam
913 1529 1068 1586 esse,
1100 1509 1288 1572 visum
1321 1519 1410 1573 est
1441 1510 1692 1592 priscis;
1725 1509 1830 1572 sed
1879 1507 2137 1588 nuptias,

2627 1176 2649 1208 ε
2687 1154 2809 1231 Περὶ
2835 1158 2941 1208 τῶν
2971 1150 3021 1218 ἐξ
3052 1152 3383 1232 ἀγχιστείας.
3423 1175 3450 1206 ι

2299 1253 2396 1310 Καὶ
2439 1249 2571 1318 αὕτη
2605 1252 2700 1327 μὲν
2730 1254 2765 1319 ἡ
2809 1253 2912 1306 τῶν
2964 1249 3014 1316 ἐξ
3071 1250 3327 1326 αἵματος.
3373 1252 3486 1307 Τῶν
3531 1247 3576 1304 δ’
3613 1247 3670 1312 ἒξ
3703 1247 3884 1324 ἄγλι-

2218 1341 2415 1419 στείας³
2477 1338 2828 1418 ποικιλωτέρα
2871 1341 2906 1407 ἡ
2962 1338 3184 1418 εἶῖρεσις.
3232 1337 3324 1396 Ἐν
3369 1338 3572 1400 τούτοις
3633 1336 3882 1414 1‘1sz-

2219 1430 2366 1503 θμῶν
2407 1428 2679 1494 ποσότητα
2723 1428 2910 1498 ζητεῖν
2939 1426 3043 1486 οὐδ’
3071 1427 3208 1490 ὅλως
3239 1440 3354 1490 τοῖς
3385 1425 3643 1488 παλαιοῖς
3679 1423 3881 1488 ἔδοξεν·

2223 1516 2358 1572 ἀλλὰ
2385 1518 2450 1572 τὰ
2506 1516 2874 1596 συγκεχυμένα
2903 1517 3038 1572 κατὰ
3065 1517 3162 1582 τὴν
3189 1526 3280 1574 τοῦ
3323 1515 3502 1594 γένους
3558 1514 3765 1580 κλῆσιν
3796 1516 3887 1568 καὶ

497 1618 625 1682 quae
654 1600 1064 1663 confusionem
1085 1598 1535 1662 introducerent
1555 1599 1614 1660 in
1637 1597 2031 1680 appellatione
2047 1612 2142 1671 ge-

2227 1606 2436 1684 ἆπρεπῆ
2475 1605 2648 1682 ῥητῶς
2707 1603 3060 1677 κωλύσαντες,
3099 1605 3166 1660 τὰ
3206 1603 3368 1661 λοιπὰ
3410 1601 3726 1681 ἀνέγκλητα
3758 1601 3888 1655 εἶά-

497 1689 683 1766 neris,
716 1706 916 1769 quaeve
944 1686 1258 1750 inhoneSta
1289 1697 1512 1765 essent,
1561 1689 1784 1750 diserte
1835 1693 2139 1758 vetantes;

2227 1717 2342 1752 σαν.
2389 1696 2448 1753 Οἱ
2490 1692 2546 1749 δὲ
2616 1694 2861 1772 νεώτεροι
2917 1695 3004 1749 καὶ
3045 1693 3274 1768 βαθμοὺς
3317 1695 3496 1753 αὐτοῖς
3550 1691 3882 1768 ἐπενόησαν,

495 1778 755 1858 reliquas
785 1776 1032 1839 minime
1058 1777 1458 1858 reprehensas
1489 1778 1880 1857 reliquerunt.
1914 1773 2142 1836 Recen-

2227 1783 2310 1837 καὶ
2343 1781 2410 1836 τὰ
2438 1781 2568 1858 ὑπὲρ
2608 1781 2698 1837 τὸν
2755 1779 2905 1838 ἕκτον
2947 1782 3168 1857 βαθμὸν,
3228 1777 3528 1859 προϐαίνειν
3584 1777 3876 1836 δεδώκασι.

498 1868 680 1929 tiores
703 1883 846 1929 vero
877 1867 1056 1928 etiam
1103 1867 1320 1945 gradus
1379 1867 1438 1928 in
1489 1867 1581 1927 his
1622 1865 2049 1942 excogitarunt,
2085 1869 2142 1922 et

2230 1870 2405 1929 Καίτοι
2463 1869 2635 1946 ῥητῶς
2677 1871 2980 1948 εὕρίσκομεν
3035 1869 3122 1926 καί
3176 1868 3324 1925 ἕκτον
3383 1866 3879 1947 συγκεχωρημένον

499 1973 631 2036 quae
659 1954 906 2034 gradum
923 1962 1152 2016 sextum
1181 1955 1769 2029 excederent,locum
1801 1952 2027 2014 habere
2049 1969 2138 2011 vo-

500 2044 762 2106 luerunt.
795 2042 973 2124 Atqui
1015 2041 1237 2104 diserte
1267 2043 1602 2105 invenimus
1631 2042 1877 2121 gradum
1915 2047 2142 2101 sextum

501 2132 886 2212 permissum,
920 2137 980 2192 et
996 2131 1312 2211 septimum
1338 2131 1696 2213 prohibitum
1727 2130 1951 2203 :illum,
1977 2127 2139 2188 velut

500 2229 805 2301 expertem
834 2218 1240 2297 confusionis;
1273 2220 1451 2296 hunc,
1479 2229 1755 2300 tanquam
1805 2215 2139 2279 confusioni

501 2305 979 2380 obnoxium.Quo
1009 2307 1096 2383 fit,
1120 2316 1186 2370 ut
1212 2307 1272 2368 in
1307 2309 1399 2372 his
1429 2308 1644 2388 gradus
1675 2307 1920 2369 minime
1944 2306 2135 2366 intro-

499 2397 759 2459 ducendi
788 2396 943 2476 sint;
985 2396 1090 2457 sed
1119 2399 1275 2477 quod
1303 2397 1526 2460 diserte
1557 2399 1650 2460 lex
1676 2395 1880 2474 vetuit,
1901 2393 2136 2473 fugien-

502 2485 647 2548 dum
678 2505 692 2546 τ
719 2483 876 2566 quod
908 2503 1026 2547 non
1077 2486 1279 2563 vetuit,
1315 2487 1771 2549 admittendum.
1809 2483 2000 2545 Vetuit
2030 2501 2138 2542 au-

503 2581 623 2635 tem
656 2574 850 2655 prisca
878 2573 970 2636 lex
997 2574 1123 2656 (72)
1149 2575 1593 2656 propinquiora.
1630 2574 1777 2638 Sunt
1821 2573 1982 2636 enim
2013 2572 2142 2652 ejus

504 2662 634 2724 hac
654 2661 873 2724 verba:
910 2660 1130 2726 Socrus
1159 2671 1248 2726 est
1277 2666 1475 2727 uxoris
1491 2684 1639 2727 meae
1671 2671 1878 2739 mater,
1913 2672 1972 2724 et
1987 2661 2136 2735 avia,

505 2759 564 2812 et
592 2750 852 2830 proavia.
884 2750 1142 2823 Quarum
1175 2753 1396 2814 nullam
1427 2754 1600 2816 duco.
1626 2753 1822 2815 Nurus
1847 2752 2020 2814 etiam
2054 2750 2139 2811 di-

506 2837 678 2914 citur,
705 2856 854 2901 uxor
873 2838 1004 2914 ﬁlii,
1045 2845 1105 2900 et
1128 2841 1384 2920 nepotis,
1417 2850 1472 2903 et
1500 2840 2143 2922 pronepotis.Privigna

505 2945 740 3008 quoque
771 2925 1010 3008 dicitur,
1041 2944 1114 2991 ex
1142 2927 1260 2989 alio
1309 2938 1444 2991 nata
1485 2930 1695 2991 marito
1747 2927 1949 2990 uxoris
1998 2944 2143 2989 meae

507 3015 652 3094 (ilia,
683 3023 742 3078 et
769 3014 986 3096 neptis,
1012 3023 1070 3077 et
1088 3016 1685 3098 proneptis.Quarum
1708 3017 1927 3079 nullam
1961 3017 2136 3077 duco.

2224 1961 2312 2016 καὶ
2366 1956 2587 2034 ἕϐδομον
2639 1957 3027 2034 κεκωλυμένον.
3088 1959 3189 2014 Τὸν
3241 1959 3338 2032 μὲν
3408 1959 3480 2021 ὡς
3537 1957 3876 2035 ἀσύγχυτον,

2225 2051 2316 2105 τὸν
2360 2047 2415 2104 δὲ
2484 2050 2558 2111 ὡς
2616 2046 3034 2128 συγκεχυμένον.
3111 2036 3286 2102 υειὶστε
3342 2047 3401 2102 οὖ
3467 2047 3581 2125 χρὴ
3642 2046 3882 2121 βαθμοὺς

2219 2137 2558 2215 παρεισάγειν
2590 2138 2660 2201 εἰς
2690 2144 2852 2215 ταῦτα
2885 2153 2898 2168 ⁸
2938 2133 3057 2192 ἀλλ’
3089 2137 3116 2191 ὃ
3146 2136 3242 2210 μὲν
3267 2137 3293 2191 ὁ
3325 2135 3484 2210 νόμος
3514 2135 3702 2212 ῥητῶς
3736 2133 3878 2190 ἑκώ-

2219 2211 2366 2299 λυσε,
2417 2211 2624 2305 φεύγειν
2650 2225 2734 2287 95,
2782 2211 2844 2283 r‘0
2888 2224 2939 2280 δὲ
2985 2225 3062 2300 μὴ
3118 2223 3372 2298 ἐκώλυσε,
3447 2211 3878 2302 παραδέχεσθαι,

2219 2313 2485 2372 Ἐκώλυσε
2557 2312 2610 2369 δὲ
2667 2317 2696 2370 6
2753 2315 2849 2389 μὲν
2893 2312 3238 2392 παλαιότερος
3297 2313 3457 2388 νόμος
3499 2314 3568 2368 τὰ
3611 2312 3883 2392 προσεχέ-

2223 2426 2378 2483 στερα
2405 2405 2493 2460 καὶ
2522 2402 2798 2481 ἐγγύτερα,
2845 2404 2984 2470 Φησὶ
3013 2403 3111 2481 γάρ
3148 2421 3161 2436 ·
3202 2403 3424 2480 Πενθερά
3473 2402 3616 2457 ἐστιν
3679 2404 3718 2469 ἧ
3765 2403 3877 2476 μή-

2219 2515 2344 2573 τηρ,
2389 2494 2476 2548 καὶ
2520 2495 2552 2560 ἦ
2611 2493 2832 2572 μάμμη,
2892 2493 2980 2548 καὶ
3022 2494 3056 2560 ἡ
3113 2491 3413 2570 προμάμμη
3476 2495 3575 2559 τῆς
3634 2491 3879 2568 γαμετῆς

2221 2603 2344 2657 μου.
2406 2583 2504 2640 Καὶ
2559 2579 2800 2656 οὐδεμίαν
2859 2583 3029 2636 αὒτῶν
3085 2577 3362 2654 λαμϐάνω.
3413 2581 3509 2638 Καὶ
3555 2581 3745 2658 νύμφη
3789 2578 3877 2634 λέ-

2221 2688 2392 2746 γεται,
2425 2669 2460 2735 ἡ
2511 2667 2603 2723 τοῦ
2643 2667 2753 2724 υἱοῦ
2806 2669 2893 2723 καὶ
2949 2674 3039 2723 τοῦ
3077 2666 3293 2744 ἐγγόνου
3337 2668 3423 2723 καὶ
3465 2669 3500 2734 ἠ
3533 2676 3628 2725 τοῦ
3674 2688 3876 2745 προεγ-

2222 2757 2378 2834 γόνου
2421 2757 2650 2834 γαμετή.
2686 2757 2782 2814 Καὶ
2811 2755 3046 2835 προγόνη
3078 2755 3311 2833 λέγεται,
3370 2757 3404 2822 ἡ
3475 2754 3526 2820 ἐξ
3574 2754 3747 2812 ἄλλου
3791 2760 3880 2812 θυ-

2221 2845 2414 2923 γάτηρ,
2446 2845 2533 2900 καὶ
2591 2844 2813 2923 έγγόνη,
2870 2846 2957 2900 καὶ
3012 2845 3308 2924 προεγγόνη
3338 2849 3437 2910 τῆς
3469 2850 3724 2922 γαμετῆς
3760 2867 3881 2919 μου.

2227 2943 2267 2990 Κ
2305 2935 2320 2956 κ
2401 2930 2454 2956 9"
2529 2935 2542 2978 ί
2707 2935 2724 2970 ρ
2776 2941 2802 2950 -ρ
3057 2935 3068 2953 1
3288 2933 3306 2967 ,ν
3324 2931 3366 2954 ru
3498 2934 3509 2949 ι
3707 2957 3739 2968 _
3842 2936 3852 2950 υ

2273 2955 2323 2989 αι
2366 2947 2608 3009 ουοεμ.αν
2670 2954 2842 2990 αδτων
2896 2931 3170 3009 λαμϐανω.
3245 2943 3372 2991 Osee
3457 2955 3557 2990 την
3618 2957 3882 3013 μη.ρτιιαν

2226 3045 2352 3098 μου,
2409 3023 2452 3078 εἰ
2482 3024 2568 3078 καὶ
2615 3021 2814 3087 πολλὰς
2858 3020 3019 3101 ἔσχεν
3070 3025 3098 3078 6
3150 3023 3326 3101 πατήρ
3356 3044 3476 3098 μου,
3515 3022 3751 3090 Ἐπειδῆ
3785 3046 3882 3096 μη-

505 3088 645 3167 Νεο
680 3104 823 3166 item
850 3088 1188 3167 'novercam
1249 3088 1468 3184 meam,
1525 3107 1689 3184 licet}.
1728 3107 1925 3187 plures
1978 3112 2142 3185 pater

2227 3110 2390 3190 τέρων
2463 3110 2648 3190 ἔχουσι
2702 3111 2867 3177 τάξιν.
2930 3112 3059 3170 Οῧτε
3127 3112 3376 3188 μητυυιὰ,
3436 3113 3528 3167 τὸν
3587 3114 3880 3190 γενόμενον

505 3211 675 3256 meus
703 3192 1000 3256 habuerit.
1032 3193 1320 3266 Quoniam
1352 3203 1603 3258 matrum
1655 3196 1786 3257 loco
1836 3203 1992 3256 sunt.
2024 3192 2146 3255 Nec

507 3300 763 3345 noverca
782 3281 952 3344 nubit
980 3283 1057 3354 ei.
1092 3283 1192 3364 qui
1226 3284 1508 3365 privignae
1538 3303 1686 3347 mea;
1724 3285 1970 3345 maritus
2012 3283 2142 3344 fuit.

509 3369 630 3434 Nec
659 3373 839 3434 ﬁliam
871 3371 1139 3435 mulieris
1170 3373 1348 3449 duco,
1375 3393 1506 3455 qua)
1529 3393 1624 3436 me
1643 3373 1902 3450 divertit,
1937 3392 2007 3434 ex
2030 3372 2146 3433 alio

509 3460 720 3522 marito
752 3467 884 3541 post
912 3459 1225 3524 divortium
1257 3470 1651 3543 procreatam.
1684 3461 1906 3524 Tomus
1949 3469 2147 3522 autem

508 3549 756 3612 Sisinnii
787 3549 913 3630 (73)
943 3550 1244 3630 prohibet,
1276 3570 1352 3614 ne
1391 3552 1507 3614 duo
1561 3553 1771 3614 fratres
1821 3549 2063 3613 amitam
2093 3556 2150 3611 et

508 3637 776 3717 ejusdem
806 3637 1002 3699 fratris
1026 3638 1207 3702 filiam
1227 3639 1444 3702 ducant
1463 3659 1781 3723 uxores,ac
1803 3640 1927 3702 vice
1956 3657 2143 3700 versa.

507 3725 801 3789 Praeterea
828 3726 1031 3802 vetuit,
1062 3746 1137 3788 ne
1166 3728 1283 3790 duo
1315 3729 1527 3791 fratres
1555 3730 1772 3792 ducant
1806 3729 1950 3790 duas
2001 3746 2149 3788 con-

508 3815 800 3877 sobrinas.
852 3813 918 3876 In
950 3833 1204 3895 quorum
1259 3818 1450 3897 primo
1497 3819 1758 3899 quintus,
1793 3818 1852 3879 in
1891 3817 2152 3878 secundo

508 3911 709 3964 sextus
737 3903 954 3980 gradus
975 3913 1293 3983 spectatur.
1323 3904 1503 3984 Igitur
1533 3907 1609 3969 ad
1640 3906 1912 3987 quintum
1963 3921 2154 3984 usque

508 3991 758 4070 gradum
787 3991 1104 4070 prohibita;
1133 4001 1270 4054 sunt
1320 3993 1396 4056 ob
1446 3995 1786 4057 afﬁnitatem
1823 3993 2065 4076 nuptiae,
2095 3992 2146 4053 si

510 4077 750 4158 quidem
781 4079 843 4139 in
866 4079 960 4140 bis
988 4079 1163 4141 etiam
1196 4083 1548 4144 numerandi
1573 4093 1710 4145 sunt
1737 4085 1973 4163 gradus.
2009 4081 2148 4155 Quae

507 4184 649 4228 vero
682 4167 831 4228 sexti
859 4167 1079 4246 gradus
1107 4178 1267 4244 sunt,
1303 4171 1352 4232 si
1385 4171 1546 4233 nulla
1568 4173 1914 4234 interveniat
1947 4171 2150 4233 confu-

508 4253 598 4342 sio
627 4255 787 4317 circa
803 4257 1042 4335 generis
1069 4258 1522 4338 appellationes,
1558 4281 1677 4322 non
1736 4261 2144 4342 prohibentur.

2229 3198 2383 3278 ἄνδρα
2455 3205 2554 3267 τῆς
2621 3206 2886 3280 προγονῆς
2946 3223 3069 3275 μου.
3127 3199 3252 3258 Ούδέ
3317 3201 3417 3267 τὴν
3457 3201 3728 3280 θδγατέρα
3790 3208 3878 3268 τῆς

2228 3288 2642 3369 ἆποζευχθείσης
2687 3312 2776 3370 μοι
2833 3291 3103 3368 γυναικὸς,
3148 3291 3246 3356 τὴν
3299 3291 3431 3364 μετὰ
3462 3289 3562 3357 τὴν
3609 3290 3881 3361 ἆπόζευξιν

2227 3380 2512 3457 τεχθετσαν
2569 3377 2620 3442 ἐξ
2663 3377 2838 3457 ἐτέρου
2893 3377 3099 3458 ἀνδρός.
3155 3370 3212 3435 Ὀ
3256 3375 3310 3434 δὲ
3352 3385 3445 3436 τοῦ
3489 3380 3767 3436 Σισιννίοτι
3793 3382 3880 3435 τό-

2231 3488 2352 3541 μος,
2440 3463 2527 3522 δύο
2597 3464 2846 3546 ἀδελφοὺς
2914 3465 3145 3546 ἒιιῴλυσε
3220 3465 3506 3542 λαμϐάνειν
3574 3469 3725 3524 Θείαν
3806 3472 3887 3524 καὶ

2230 3537 2478 3634 ἆνεψιὰν,
2511 3556 2598 3612 καὶ
2640 3537 2920 3617 ἀνάπαλιν.
2955 3537 3065 3613 “Et.
3109 3554 3163 3612 δὲ
3216 3537 3304 3612 διὸ
3348 3554 3605 3634 ἀδελφοὺς
3652 3556 3886 3614 έκώλπ

2230 3640 2516 3718 λαμϐάνειν
2580 3641 2667 3700 δύο
2726 3643 3177 3723 πρωτεξάδελφας.
3249 3645 3624 3723 Ἐνθεωρεϊται
3699 3645 3759 3702 δὲ
3819 3655 3888 3721 τῷ

2232 3733 2327 3808 μὲν
2360 3733 2554 3812 πρώτῳ
2613 3735 2640 3789 6
2696 3732 2960 3808 πέμπτος,
3016 3740 3093 3807 τῷ
3121 3732 3175 3789 δὲ
3229 3732 3449 3812 δευτέρῳ
3505 3737 3533 3790 6
3577 3734 3744 3798 ἕκτος
3784 3738 3885 3812 βι-

2229 3821 2383 3896 θμός,
2418 3821 2621 3901 Μέχρις
2681 3822 2769 3878 οὗν
2811 3829 2903 3879 τοῦ
2959 3823 3204 3897 πέμπτου
3243 3823 3444 3898 βαθμοῦ
3499 3822 3682 3890 πάντη
3736 3827 3805 3881 τὸ
3844 3824 3888 3888 ἐξ

2233 3910 2542 3989 ἀγχιστείας
2598 3908 2917 3970 κεκώλυται.
2976 3912 3033 3968 Εἰ
3092 3909 3176 3968 δεῖ
3227 3910 3323 3967 κᾶν
3364 3911 3570 3974 τούτοις

2227 3997 2490 4076 ἀριθμεῖν,
2539 3999 2615 4055 Τὰ
2643 3995 2696 4053 δὲ
2745 4005 2838 4054 τοῦ
2879 3997 3030 4058 ἕκτου
3072 4001 3293 4076 βαθμοῦ,
3357 4000 3400 4054 εἰ
3456 4000 3554 4074 μὲν
3613 4003 3713 4056 οὖι
3778 4002 3886 4080 ἔχει

2227 4086 2488 4167 σύγχυσιν
2516 4087 2728 4166 περὶτὰ
2780 4094 2871 4144 τοῦ
2931 4087 3113 4167 γένους
3170 4089 3426 4166 ὀνόματα,
3487 4088 3546 4144 οὗ
3588 4089 3884 4148 κωλύεται.

2229 4176 2287 4232 Εἰ
2316 4173 2370 4231 δέ
2411 4197 2490 4238 τις
2549 4177 2729 4254 ὁρᾶται
2782 4177 3061 4256 σύγχυσις,
3109 4175 3366 4256 εἴργεται.
3420 4178 3517 4234 Καὶ
3558 4174 3630 4244 δὴ
3662 4181 3762 4235 τὸν
3794 4181 3885 4253 μὲν

2227 4261 2278 4328 ἐξ
2327 4264 2441 4328 ἑνος
2497 4265 2585 4320 καὶ
2638 4263 2794 4320 πέντε
2849 4266 3064 4342 βαθμῶν
3105 4267 3386 4344 γενόμενον
3442 4267 3620 4343 γάμον
3680 4271 3733 4323 οἱ
3793 4271 3887 4343 μὲν

509 4341 616 4406 Sin
644 4352 910 4444 emergat
951 4345 1146 4427 aliqua
1162 4347 1463 4444 confusio,
1501 4341 1788 4412 vetantur.
1824 4349 1938 4411 Eas
1971 4349 2142 4410 etiam

2232 4350 2380 4409 ἄλλοι
2436 4353 2629 4415 πάντες
2661 4352 2970 4412 κωλύουσιν.
3022 4345 3080 4412 ιΟ
3120 4341 3183 4410 ’δέ
3225 4376 3284 4432 γε
3331 4341 3731 4422 Θεσσαλονὲκης
3787 4341 3891 4413 Μι-

509 4433 766 4523 nuptias,
792 4453 924 4515 qua;
952 4436 1379 4499 contrahuntur
1409 4456 1477 4499 ex
1511 4458 1627 4500 uno
1649 4448 1706 4500 et
1729 4439 1992 4520 quinque
2022 4457 2142 4517 gra-

2229 4440 2381 4521 χαηλ
2409 4443 2436 4497 ὀ
2466 4442 2726 4517 Γούμενος
2753 4440 2820 4491 96
2848 4443 2902 4498 ἐν
2945 4442 3056 4516 ἰδίῳ
3083 4444 3382 4523 ψηφίσματι
3430 4441 3712 4502 ἀκώλυτον
3744 4447 3891 4503 ἄπο-

509 4521 712 4598 dibus,
750 4541 959 4586 omnes
987 4524 1087 4586 alii
1110 4526 1447 4606 prohibent.
1480 4530 1562 4591 At
1591 4547 1731 4591 vero
1759 4527 2146 4590 Thessaloni-

509 4610 708 4672 censis
739 4611 984 4674 antistes
1004 4613 1106 4675 ille
1122 4615 1375 4677 Michael
1399 4614 1723 4693 Chumnus,
1736 4636 1840 4678 sua
1855 4617 2147 4678 sententia

511 4703 849 4778 pronuntiat
879 4702 1127 4765 minime
1147 4703 1650 4786 vetitas.Exempli
1677 4706 1884 4787 gratia,
1906 4706 1958 4766 si
1979 4713 2146 4785 pater

512 4793 570 4847 et
599 4787 777 4875 filius,
827 4787 928 4868 qui
980 4791 1168 4870 primo
1212 4801 1348 4853 sunt
1403 4794 1608 4872 gradu,
1644 4795 1897 4875 copulati
1922 4795 2141 4856 fuerint

511 4873 711 4936 amita:
741 4893 956 4956 parvae,
989 4896 1058 4940 ac
1082 4879 1282 4942 fratris
1306 4881 1436 4961 ejus
1456 4883 1590 4945 ﬁliae
1620 4873 1749 4964 quae
1769 4884 1952 4961 gradu
1968 4883 2146 4965 quin-

512 4969 571 5024 to
600 4979 667 5025 se
686 4965 1064 5052 (contingunt.
1094 4967 1201 5030 Sin
1229 4971 1446 5049 gradus
1477 4990 1547 5033 ex
1595 4973 1873 5035 afﬁnitate
1922 4981 2144 5052 sextus,

511 5068 629 5131 quo
660 5051 735 5114 de
781 5055 1083 5135 quaeritur,
1116 5073 1188 5119 ex
1232 5057 1466 5120 duobus
1500 5070 1559 5123 et
1597 5069 1848 5142 quatuor
1876 5051 2142 5137 constat;

2228 4529 2416 4610 φαίνει.
2453 4533 2583 4588 Οῖον
2613 4532 2656 4586 εἶ
2699 4532 2872 4610 πατὴρ
2925 4533 3012 4588 καὶ
3054 4534 3163 4595 υἱὸς
3204 4533 3412 4610 πρώτου
3456 4534 3607 4594 ὄντες
3653 4535 3890 4611 βαθμοῦ,

2227 4621 2534 4698 συναφθετεν
2593 4625 2752 4699 μικρᾷ
2803 4621 2914 4693 θείᾳ
2995 4622 3089 4677 καὶ
3156 4621 3367 4700 ἆνεψιᾷ,
3430 4621 3650 4696 πέμπω
3711 4624 3897 4690 οὔσαις

2226 4709 2450 4783 βαθμοῦ.
2486 4709 2543 4764 Εἰ
2585 4705 2639 4764 δὲ
2684 4711 2712 4764 ὁ
2739 4709 3060 4785 ζητούμενος
3116 4710 3267 4773 ἕκτος
3299 4709 3350 4774 ἐξ
3406 4708 3735 4790 ἀγχιστείας
3791 4715 3897 4790 βα-

2229 4797 2358 4872 θμὸς
2417 4796 2476 4850 ἐκ
2516 4794 2604 4852 δύο
2634 4797 2925 4875 σύγκειται,
2971 4799 3057 4854 καὶ
3098 4797 3385 4877 τέσσάρων,
3431 4800 3474 4853 εἰ
3521 4799 3624 4872 μὲν
3688 4801 3899 4878 γίνεται

2231 4886 2508 4963 σύγχυσις,
2555 4887 2582 4940 ὁ
2625 4883 2859 4964 δεύτερος
2900 4885 3222 4949 κεκώλυται,
3282 4889 3356 4945 ῡύ
3400 4888 3501 4964 γὰρ
3545 4885 3784 4948 δυνατὸν

2231 4970 2581 5053 αὖταδέλφους
2641 4971 2750 5029 δυσὶ
2808 4979 3122 5056 συναφθῇναι
3179 4973 3667 5055 πρωτεξαδέλφαὶς,
3740 4981 3780 5048 ἢ
3844 4985 3902 5038 τὲῖι

2229 5060 2512 5120 ἀνάπαλιν.
2600 5063 2834 5119 Γίνονται
2889 5065 2988 5142 γὰρ
3043 5065 3157 5120 ἀντὶ
3209 5062 3547 5144 αὒταδὲλφων
3637 5070 3902 5150 σύγγαμ-

1835 5219 2086 5287 νΑΡιΙΕ
2127 5216 2558 5287 LECTIONES.

590 5311 656 5366 95
682 5329 892 5394 φυγεῖν.
973 5317 1040 5369 96
1067 5328 1297 5398 Χῦμνος,

2052 5449 2300 5515 ΝΟΤΕ.

592 5537 717 5702 ἓἨ)
747 5537 789 5605 l.
823 5541 924 5606 54.
953 5541 1027 5608 D.
1059 5543 1151 5609 De
1177 5547 1261 5610 rit
1289 5555 1463 5629 nupt.

625 5617 728 5698 7%)
763 5619 804 5684 l.
847 5622 942 5685 14.
973 5623 1190 5702 Itaque
1217 5643 1442 5693 socrus.

625 5617 728 5698 7%)
763 5619 804 5684 l.
847 5622 942 5685 14.
973 5623 1190 5705 Itaque
1217 5617 1442 5693 scortis.
1474 5629 1544 5692 D.
1581 5632 1666 5694 De
1693 5633 1796 5697 rit.
1829 5646 2001 5719 nupt.

2317 5557 2447 5640 ('13)
2474 5558 2885 5642 Promulgatus
2916 5579 3071 5625 anno
3094 5562 3164 5625 A.
3189 5560 3262 5626 0.
3295 5562 3362 5627 C.
3393 5563 3578 5630 6499.
