4074 6212
261 301 412 367 1233

1577 294 2158 365 αΒιΕΟΟ-ΒΟΜΑΝ
2166 299 2273 363 UM
2286 346 2300 360 .

3469 302 3620 370 1234

243 432 382 513 ϐροι,
414 437 501 492 καὶ
543 435 858 516 συγχέονται
902 435 1133 493 ἐντεῦθεν
1163 436 1229 495 τὰ
1267 458 1365 504 της
1424 432 1725 512 συγγενείας
1768 430 1886 487 ὀνό-

1978 428 2277 511 siquidem
2291 430 2891 514 sitconfusio,nuptia2
2921 434 3280 514 posteriores
3295 435 3622 516 prohiben-

243 545 411 599 ματα.
444 526 587 592 Φησὶ
616 524 670 580 δὲ
702 527 730 582 6
759 525 894 603 ἱερὸς
921 525 1010 581 καὶ
1059 523 1223 602 μέγας
1271 520 1541 586 Βασίλειος
1578 540 1595 555 ’
1654 518 1742 578 Ἐν
1812 522 1898 581 οἷς

243 616 311 673 τά
353 626 444 677 τοῦ
496 616 681 696 γένους
729 617 965 692 ὀνόματα
1022 616 1359 696 συγχέονται,
1418 614 1473 670 ἐν
1514 613 1719 675 τούτοις
1750 612 1778 666 6
1806 609 1901 687 γά-

245 727 346 780 μος
378 704 645 781 ἀθέμιτος.
683 708 741 763 El
769 703 823 761 δὲ
855 705 914 761 οὒ
970 705 1169 783 γίνεται
1226 704 1507 783 σύγχυσις,
1571 702 1659 759 καὶ
1688 702 1716 756 6
1745 698 1898 761 ἕκτος

247 793 517 858 ἀκώλυτός
577 797 714 855 ἔστι.
762 794 984 850 Πάππον
1043 794 1143 871 γὰρ
1196 794 1285 849 καὶ
1340 790 1580 870 ἔγγονον,
1627 785 1898 845 ἀκώλυτον

247 884 567 961 συναφθῆναι
612 880 820 960 μεγάλῃ
862 881 973 953 θεέᾳ
1016 881 1103 937 καὶ
1158 880 1351 956 ἀνεψιᾷ
1387 898 1405 915 °
1465 878 1620 937 ἕκτου
1676 876 1777 955 γὰρ
1810 875 1899 930 καὶ

248 975 405 1025 τοῦτο
432 970 657 1047 βαθμοῦ.

1984 524 2041 578 tu
2051 517 2251 580 r.Nam
2267 519 2396 581 ﬁeri
2408 520 2706 602 nequit,ut
2726 520 2846 585 duo
2867 521 3135 601 germani
3154 522 3369 585 fratres
3389 523 3623 588 duabus

1982 609 2353 673 consobrinis
2372 612 2856 692 copulentur,aut
2888 613 3017 675 vice
3040 631 3231 677 versa.
3252 614 3432 678 Fiunt
3459 616 3622 679 enim

1980 697 2111 758 loco
2139 697 2411 774 fratrum,
2440 701 2763 780 congeneri
2792 702 2881 764 vel
2912 702 3285 785 coaffines;et
3300 704 3413 767 hoc
3444 704 3621 767 modo

1979 786 2223 848 nomina
2243 789 2607 868 cognationis
2630 789 3201 853 confunduntur.Ait
3223 801 3418 855 autem
3441 811 3620 856 sauc-

1980 882 2073 963 tus
2102 884 2161 937 et
2190 896 2443 956 magnus
2476 877 2577 941 ille
2605 878 2895 942 Basilius:
2922 881 2989 943 In
3009 878 3224 961 quibus
3243 881 3480 961 generis
3507 900 3619 963 ap-

1981 962 2258 1051 pellatiou
2268 984 2330 1028 es
2339 966 2873 1042 confunduntur,in
2890 967 3215 1033 hisillicitaa
3225 962 3615 1051 suntnuptim.

249 1055 353 1118 Sin
375 1058 640 1119 confusio
660 1058 820 1120 nulla
834 1057 935 1134 sit,
956 1058 1135 1120 etiam
1150 1064 1349 1119 sextus
1362 1074 1480 1118 non
1495 1053 1866 1137 prohibetur.
1885 1050 2117 1132 Quippe
2128 1072 2244 1117 non
2256 1063 2502 1132 vetatur,
2517 1056 2984 1138 quominusavus
2996 1064 3056 1121 et
3066 1076 3254 1140 nepos
3269 1050 3623 1140 copulentur

249 1163 385 1207 cum
416 1149 594 1210 amita
625 1166 855 1227 magna,
892 1155 950 1209 et
972 1145 1243 1226 ejusdem
1264 1165 1333 1209 ex
1376 1146 1560 1208 fratre
1603 1149 1823 1224 nepte;
1856 1156 1993 1201 nam
2013 1141 2122 1203 hoc
2145 1162 2380 1225 quoque
2401 1145 2550 1207 sexti
2564 1146 2899 1226 gradusest,
2920 1154 2979 1209 at
2997 1146 3365 1210 confusionis
3382 1166 3618 1229 expers.

331 1233 481 1293 Ἀλλ’
535 1236 674 1293 ἔστιν
742 1238 1064 1318 ἀσύγλυτον,
1160 1236 1325 1296 Πάλιν
1408 1236 1510 1315 γὰρ
1580 1235 1714 1310 μετᾶ
1771 1232 1891 1295 τοὺς

245 1323 448 1401 γάμους
505 1326 726 1385 πάππου
805 1328 893 1382 καὶ
974 1325 1192 1405 ἐγγόνοο
1272 1324 1603 1396 ἀποσώζουσι
1672 1321 1887 1383 τόπους.

245 1415 355 1480 Τὴν
398 1416 496 1493 γὰρ
554 1414 795 1495 μεγάλην
843 1417 984 1473 θείαν
1024 1418 1111 1472 καὶ
1166 1416 1255 1472 τὸν
1327 1414 1504 1491 μάγαν
1554 1417 1722 1485 θετον,
1770 1410 1890 1479 ἢτοι

242 1511 334 1562 τοῦ
384 1504 606 1561 πάππου
650 1506 747 1573 τὴν
803 1504 1033 1586 ἀδελφὴν
1086 1506 1174 1561 καὶ
1217 1506 1307 1560 τὸν
1358 1501 1607 1583 ἀδελφὸν,
1662 1501 1888 1577 μάμμην

242 1593 330 1648 καὶ
378 1593 597 1651 πάππον
655 1597 700 1650 οἱ
768 1592 957 1651 πολλοὶ
1011 1593 1345 1668 ὀνομάζουσι.
1410 1592 1507 1647 Διά
1560 1597 1715 1647 τοῦτο
1772 1588 1889 1645 οὔτε

243 1680 351 1736 ἀπὸ
377 1691 469 1740 τοῦ
512 1683 673 1758 νόμου
700 1684 760 1740 τὸ
816 1684 982 1762 παρὸν
1028 1680 1317 1739 κεκώλυται
1373 1682 1612 1758 ζήτημα,
1671 1679 1760 1735 καὶ
1813 1683 1890 1751 τῷ

2057 1233 2286 1295 Rursus
2311 1236 2472 1297 enim
2497 1235 2749 1316 peractis
2779 1234 3001 1316 nuptiis
3029 1239 3117 1299 avi
3142 1244 3201 1300 et
3230 1238 3464 1318 nepotis
3484 1238 3618 1302 loca

1974 1330 2230 1385 servant.
2263 1322 2495 1406 Quippe
2521 1342 2791 1403 magnam
2821 1322 3063 1387 amitam
3095 1333 3155 1388 et
3183 1334 3458 1407 patruum
3486 1344 3618 1390 ma-

1973 1431 2176 1491 guum,
2212 1415 2325 1477 hoc
2351 1426 2463 1494 est,
2498 1416 2587 1478 avi
2627 1434 2897 1479 sororem
2948 1424 3008 1479 et
3050 1417 3313 1493 fratrem,
3350 1416 3619 1500 plerique

1971 1500 2159 1563 aviam
2182 1512 2240 1564 et
2257 1522 2426 1566 avum
2452 1505 2767 1567 nominare
2785 1503 3238 1570 solent.Idcirco
3259 1524 3369 1569 nec
3385 1505 3618 1585 legibus

1973 1589 2069 1651 hic
2098 1609 2269 1655 casus
2317 1601 2407 1657 est
2438 1594 2794 1675 prohibitus,
2846 1602 2904 1656 et
2932 1611 2967 1655 a
3000 1601 3158 1657 tomo
3197 1594 3458 1660 Sisinnii-
3475 1613 3614 1677 per-

1972 1679 2248 1762 mittitur,
2280 1702 2389 1745 ceu
2439 1682 2685 1745 minime
2711 1682 2923 1745 vetitus
2956 1701 2971 1747 :
3012 1702 3149 1747 cum
3178 1684 3325 1747 illud
3357 1684 3611 1747 alterum

244 1770 392 1843 νόμῳ
419 1769 484 1820 97
512 1786 759 1851 παρεῖται
790 1779 882 1829 τοῦ
926 1772 1157 1828 Σισινίου
1211 1772 1285 1835 ὡς
1328 1768 1616 1828 ἀκώλυτον.
1679 1765 1886 1825 Ἐκεῖνο

1972 1766 2046 1829 sit
2072 1770 2436 1849 prohibitum
2461 1771 2623 1834 velut
2669 1769 2987 1835 obnoxium
3031 1772 3388 1836 confusioni.
3416 1772 3521 1836 Sin
3544 1791 3616 1837 ex

242 1857 296 1914 δὲ
351 1861 425 1922 ὡς
482 1861 741 1941 σύγχυσιν
801 1860 918 1940 ’έχω
944 1860 1011 1910 98
1062 1858 1378 1920 κεκώλυται.
1424 1860 1484 1915 Εἰ
1530 1855 1585 1914 δὲ
1631 1857 1689 1913 ἐκ
1730 1862 1888 1935 τριῶν

240 1948 350 2005 ἐστι
379 1952 466 2006 καὶ
508 1956 688 2029 τριῶν,
723 1953 766 2006 εἰ
823 1951 918 2026 μὲν
968 1953 1063 2008 οὒκ
1111 1950 1232 2029 ἔχει
1276 1948 1559 2027 σύγχυσιν,
1615 1944 1885 2002 ἀκώλυτόν

242 2036 411 2097 ἐστιν.
458 2042 588 2097 Οἷον
617 2037 743 2095 ὅταν
795 2040 892 2115 μὲν
934 2043 1092 2133 θεῖος
1148 2038 1236 2095 καὶ
1299 2036 1515 2112 ἀνεψιὸς
1556 2035 1694 2133 θεςαν
1751 2030 1888 2133 λάϐῃ

241 2129 330 2183 καὶ
372 2128 615 2202 ἀνεψιὰν,
678 2124 889 2203 οὐδεμία
934 2120 1157 2206 ᾯίνεται
1214 2127 1491 2205 σύγχυσις.
1552 2120 1717 2179 Πάλιν
1786 2121 1887 2200 γὰρ

241 2217 379 2273 θείου
449 2219 537 2272 καὶ
594 2216 811 2293 ἀνεψιοῦ
866 2216 1089 2287 σώζουσι
1160 2214 1345 2272 τόπον.
1420 2213 1518 2271 Διά
1572 2217 1727 2267 τοῦτο
1799 2211 1886 2265 καὶ

240 2303 510 2362 ἀκώλυτον
540 2305 681 2362 εἶναι
723 2305 1077 2377 παντάπασιν,
1129 2303 1166 2372 ἤ
1210 2326 1268 2361 τε
1321 2313 1413 2361 τοῦ
1452 2300 1695 2380 ῥηθέντος
1726 2298 1887 2374 νόμου

240 2394 445 2463 σιωπὴ,
504 2398 563 2452 οὗ
618 2394 727 2469 μὴν
769 2392 906 2450 ἀλλά
957 2397 1055 2451 καὶ
1123 2395 1448 2469 θεσπίσματα
1504 2388 1751 2467 βασιλικὰ
1799 2394 1886 2449 καὶ

239 2481 451 2562 πράξεις
494 2481 764 2540 συνοδικαὶ
819 2489 977 2539 πᾶσιν
1022 2483 1326 2562 αἶγώρισαν.
1386 2471 1561 2539 υΟταν
1616 2476 1671 2535 δὲ
1715 2481 1743 2535 6
1787 2476 1885 2553 μὲν

238 2575 382 2637 θεῖος
438 2569 719 2650 προλαϐὼν
770 2569 900 2651 ἔσχε
942 2572 1040 2640 τὴν
1071 2572 1313 2646 ἀνεψιὰν.
1346 2573 1374 2627 6
1429 2567 1484 2625 δὲ
1513 2569 1727 2643 ἀνεψιὸς
1757 2566 1883 2643 βού-

241 2658 401 2726 ληται
458 2664 767 2726 συνοικῆσαι
823 2665 891 2736 τῇ
932 2659 1065 2735 θείᾳ,
1109 2661 1171 2716 τὸ
1226 2657 1594 2736 ἐπιγενόμενον
1648 2654 1733 2712 διὰ
1784 2655 1883 2722 τὴν

241 2750 498 2829 σύγχυσιν
555 2747 872 2808 κεκώλυται.
920 2750 1154 2807 Γίνονται
1197 2749 1295 2827 γὰρ
1349 2750 1422 2811 ὼς
1482 2746 1588 2802 ἀπὸ
1629 2750 1735 2801 τῶν
1792 2744 1885 2800 νό-

239 2860 380 2912 μων,
429 2840 457 2893 6
501 2837 598 2912 μὲν
653 2841 797 2900 θεῖος
828 2838 1065 2914 ἀνεψιὸς.
1125 2840 1154 2893 6
1210 2834 1265 2893 δὲ
1306 2836 1524 2911 ἀνεψιὸς
1574 2837 1741 2899 θεῖος.
1791 2834 1888 2891 Καὶ

239 2924 351 2983 ἔστι
408 2932 562 2983 τοῦτο
617 2926 791 3007 σαφὴς
832 2932 938 2983 τῶν
995 2927 1268 3003 ὀνομάτων
1322 2933 1414 2984 τοῦ
1452 2922 1632 3002 γένους
1676 2924 1884 3002 σὺγχυ-

1971 1855 2159 1919 tribus
2216 1866 2273 1920 et
2335 1860 2524 1921 tribus
2580 1867 2830 1940 constat,
2889 1859 3184 1941 siquidem
3239 1861 3610 1926 confusionis

1971 1963 2185 2026 expers
2209 1963 2319 2024 ost,
2345 1968 2461 2011 non
2495 1956 2741 2011 velatur.
2765 1948 2947 2012 Verbi
2976 1950 3184 2029 gratia,
3216 1969 3352 2014 cum
3369 1959 3611 2032 patruus

1970 2042 2029 2095 et
2058 2035 2254 2097 fratris
2285 2038 2415 2118 ejus
2445 2037 2625 2111 ﬁlius,
2659 2037 2899 2100 amitam
2949 2040 3199 2114 ducunt,
3231 2046 3292 2103 et
3338 2040 3608 2120 ejusdem

1968 2122 2165 2186 fratris
2198 2126 2376 2189 tiliam
2402 2147 2418 2204 ;
2452 2127 2611 2189 nulla
2641 2127 2706 2189 ﬁt
2735 2126 3023 2190 confusio.
3056 2126 3284 2191 Rursus
3313 2130 3473 2191 enim
3498 2147 3607 2210 pa-

1970 2218 2168 2275 truiet
2198 2216 2392 2277 fratris
2440 2216 2549 2279 ﬁlii
2603 2216 2798 2278 locum
2845 2224 3107 2281 servant.
3144 2219 3469 2296 Propterea
3496 2219 3609 2282 hoc

1970 2302 2143 2382 plane
2198 2322 2313 2365 non
2368 2304 2692 2385 prohiberi,
2746 2324 2865 2367 non
2915 2304 3091 2368 modo
3143 2304 3293 2385 legis
3336 2305 3612 2371 indicata

1966 2392 2289 2467 silentium,
2325 2393 2431 2456 sed
2455 2393 2631 2457 etiam
2656 2394 2988 2474 principum
3015 2394 3377 2470 sanctiones,
3402 2403 3461 2458 et
3478 2404 3611 2459 acta

1966 2481 2268 2561 synodalia
2293 2483 2522 2545 cunctis
2549 2483 2974 2562 signiﬁcarunt.
3028 2484 3109 2546 At
3138 2501 3301 2558 vero,
3333 2502 3467 2546 cum
3500 2502 3608 2566 pa-

1970 2578 2133 2632 truus
2159 2571 2284 2651 jam
2333 2578 2507 2633 antea
2554 2572 2748 2633 fratris
2797 2573 2978 2636 habet
3024 2572 3231 2647 ﬁliam,
3290 2573 3605 2656 patruique

1964 2658 2161 2721 fratris
2189 2660 2349 2722 ﬁlius
2386 2678 2519 2722 cum
2551 2661 2679 2741 ejus
2720 2661 2988 2725 mulieris
3014 2660 3194 2723 amita
3221 2661 3384 2724 coire
3402 2663 3525 2724 vult
3543 2662 3608 2725 in

1971 2747 2436 2822 matrimonium;
2468 2748 2827 2829 posteriores
2854 2749 2947 2811 ha:
2973 2749 3196 2831 nuptiae
3240 2750 3609 2814 confusionis

1970 2854 2144 2897 causa
2174 2836 2587 2917 prohibentur.
2612 2837 2842 2919 Quippe
2864 2838 3020 2900 velut
3048 2838 3176 2919 ipso
3197 2839 3336 2919 jure
3364 2847 3608 2920 patruus

1971 2926 2034 2986 ﬁt
2057 2927 2252 2988 fratris
2278 2926 2521 3003 ﬁlius,et
2544 2928 2741 2991 fratris
2763 2928 2919 2991 ﬁlius
2939 2928 3004 2991 fit
3030 2936 3274 3011 patruus
3298 2947 3312 2991 :
3337 2927 3607 3010 adeoque

238 3036 344 3078 σις,
408 3014 575 3071 Ἀλλὰ
630 3017 718 3072 καὶ
774 3018 801 3071 6
859 3016 1050 3095 μέχρις
1119 3012 1340 3090 ἑϐδόμου
1409 3014 1610 3090 βαθμοῦ
1663 3012 1881 3100 θεωρού-

1972 3015 2277 3078 manifesta
2303 3016 2541 3098 generis
2560 3016 3024 3100 appellationum
3054 3017 3181 3079 huic
3202 3017 3471 3080 confusio
3489 3024 3603 3085 est.

239 3126 396 3180 μενος
441 3102 492 3169 ἐξ
549 3102 859 3183 ἀγχιστείας
922 3105 1116 3183 γάμος,
1176 3105 1220 3160 εἰ
1277 3105 1373 3180 μὲν
1431 3100 1484 3168 ἐξ
1515 3103 1629 3166 ἑνὸς
1673 3099 1765 3168 εἴη
1794 3102 1881 3157 καὶ

237 3194 313 3267 ἓξ,
388 3191 702 3254 κεκώλυται.
777 3196 849 3252 Οὔ
923 3195 1023 3273 γὰρ
1073 3194 1190 3250 οἷόν
1246 3213 1303 3249 τε
1359 3191 1559 3270 πατέρα
1614 3193 1702 3249 καὶ
1770 3192 1880 3247 υἱὸν

235 3280 623 3363 δισεξαδέλφαις
694 3285 1011 3364 σλναφθῆναι
1095 3281 1206 3339 δυσί
1239 3299 1252 3313 ⁸
1312 3284 1541 3361 γίνονται
1611 3282 1711 3359 γάρ
1767 3280 1880 3336 ἀντὶ

233 3375 432 3451 πατρὸς
464 3373 551 3428 καὶ
579 3375 689 3429 υἱοῦ
717 3369 1066 3451 σύγγαμϐροι,
1102 3374 1158 3429 Εἰ
1216 3370 1270 3427 δὲ
1325 3371 1387 3427 ἐκ
1426 3370 1514 3429 δύο
1555 3372 1642 3427 καὶ
1696 3369 1875 3443 πέντε,

240 3458 502 3536 μηδαμῶς
538 3476 551 3490 ·
613 3460 726 3516 εἴτε
774 3463 873 3540 γὰρ
928 3462 1144 3522 πάππος
1199 3461 1287 3516 καὶ
1325 3460 1566 3539 ἔγγονος,
1638 3457 1750 3515 εἴτε
1792 3456 1880 3515 δόο

238 3548 549 3629 αότάδελφοι
634 3552 940 3628 συναφθεϊεν
1012 3554 1172 3628 μικρᾷ
1252 3549 1362 3620 θείᾳ
1416 3549 1504 3604 καὶ
1560 3547 1773 3623 ἀνεψιᾷ,
1851 3548 1880 3603 6

237 3638 472 3717 δεύτερος
531 3639 705 3716 γάμος
762 3638 1086 3716 ἀνέγκλητός
1146 3637 1309 3699 ἐστιν,
1369 3638 1426 3694 Εἰ
1480 3634 1535 3692 δὲ
1604 3635 1664 3693 ἐκ
1724 3638 1878 3715 τριῶν

238 3730 327 3785 καὶ
382 3728 672 3805 τεσσάρων,
720 3725 877 3782 πάλιν
935 3728 976 3782 εἰ
1022 3725 1116 3801 μέν
1171 3728 1311 3781 ἔστιν
1367 3724 1686 3804 ἀσύγχυτον,
1744 3746 1878 3803 συγ-

1965 3102 2117 3178 Quiu
2150 3106 2324 3168 etiam
2354 3106 2796 3169 matrimonium
2839 3106 2995 3168 inter
3022 3105 3253 3181 affines,
3286 3106 3361 3168 ad
3411 3106 3604 3187 septi-

1966 3211 2126 3257 mum
2159 3212 2347 3275 usque
2376 3194 2625 3274 gradum
2656 3213 2792 3257 sese
2825 3194 3157 3275 porrigens,
3191 3194 3243 3255 si
3273 3201 3504 3257 constet
3532 3213 3604 3257 ex

1963 3301 2081 3344 uno
2112 3292 2170 3345 et
2197 3302 2322 3353 sex,
2356 3282 2730 3363 prohibetur,
2762 3284 2909 3346 Nam
2941 3282 3073 3345 ﬁeri
3100 3282 3327 3362 nequit,
3350 3289 3416 3343 ut
3436 3291 3604 3363 pater

1962 3380 2019 3432 et
2048 3370 2203 3434 ﬁlius
2231 3370 2459 3433 duabus
2489 3370 2748 3432 sobrinis
2793 3372 3166 3451 copulentur.
3202 3371 3392 3433 Patris
3442 3373 3602 3434 enim

1963 3468 2020 3522 et
2054 3459 2159 3521 ﬁlii
2189 3459 2340 3533 loco,
2375 3461 2524 3520 fiunt
2552 3460 2874 3537 congeneri
2905 3458 2992 3520 vel
3025 3458 3327 3523 coaﬂines.
3360 3459 3603 3541 Nequa-

1961 3567 2136 3630 quam
2167 3550 2279 3611 hoc
2310 3547 2602 3624 usuveuit,
2635 3547 2684 3610 si
2716 3566 2786 3611 ex
2818 3546 3048 3610 duobus
3077 3556 3138 3610 et
3157 3546 3421 3628 quinque
3450 3567 3603 3612 con-

1962 3645 2096 3699 stet.
2126 3637 2272 3701 Nam
2312 3638 2436 3700 sive
2461 3655 2601 3700 avus
2633 3645 2693 3699 et
2722 3655 2933 3718 nepos,
2996 3638 3118 3700 sive
3164 3636 3281 3699 duo
3334 3639 3605 3717 germani

1961 3725 2171 3789 fratres
2202 3726 2460 3808 copulati
2491 3726 2713 3789 fuerint
2738 3745 2870 3788 cum
2893 3725 3074 3789 amita
3097 3743 3295 3808 parva,
3321 3738 3382 3790 et
3404 3727 3605 3792 fratris

237 3817 570 3896 κεχώρηται.
632 3823 788 3879 Θεϊος
857 3817 955 3894 γὰρ
1012 3816 1098 3871 καὶ
1177 3814 1416 3889 ἀνεψιὸς,
1489 3812 1578 3871 δύο
1639 3813 1877 3893 πρωτεξ-

1972 3817 2090 3896 ejus
2124 3815 2266 3889 ﬁlia,
2320 3815 2598 3878 secundae
2656 3815 2879 3897 nuptia:
2934 3814 3076 3878 vitio
3133 3822 3359 3878 carent.
3396 3813 3502 3879 Sin
3531 3835 3603 3879 ex

237 3903 465 3985 αδέλφας
520 3903 804 3967 ἀκωλύτως
834 3900 1155 3979 λαμϐάνοντι
1235 3904 1289 3958 El
1331 3899 1385 3957 δὲ
1437 3902 1693 3983 σύγχυσιν
1735 3900 1878 3983 ἔχων

1972 3905 2150 3966 tribus
2180 3912 2236 3967 et
2266 3913 2536 3985 quatuor,
2569 3923 2775 3967 rursus
2805 3903 3099 3986 siquidem
3141 3902 3411 3966 confusio
3441 3904 3604 3967 nulla

237 3996 446 4072 ὁρᾶται,
480 3993 539 4047 οὗ
566 3988 700 4057 δῆτα
719 4007 734 4022 ⁶
767 3990 983 4054 πάππος
1014 3991 1113 4069 γὰρ
1140 3992 1227 4047 καὶ
1254 3987 1554 4069 δισέγγονος
1579 3987 1666 4048 δύο
1694 4013 1876 4071 πρωτ-

1972 3995 2295 4071 intervenit,
2348 3994 2725 4074 permittitur.
2765 3996 3011 4056 Patruus
3069 3992 3257 4069 enim,
3304 4001 3366 4056 et
3404 3991 3605 4057 fratris

236 4079 525 4160 εξαδέλφας
558 4077 742 4136 λαϐεῖν
774 4078 1040 4158 εἴργονται
1076 4096 1087 4109 ⁸
1120 4079 1213 4135 ’ἶνα
1235 4079 1312 4155 μὴ
1339 4081 1427 4136 καὶ
1456 4082 1596 4137 οὗτοι
1626 4081 1873 4159 σύγγαμ-

1972 4082 2089 4162 ejus
2118 4081 2299 4162 ﬁlius,
2330 4084 2480 4144 duas
2507 4081 2894 4145 consobrinas
2938 4081 3087 4145 citra
3137 4080 3600 4162 prohibitionem

233 4169 347 4251 ϐροι
392 4168 713 4247 λογισθεέν.
776 4164 924 4224 Ἀλλ’
982 4171 1010 4225 6
1076 4169 1169 4244 μὲν
1221 4165 1519 4247 προλαϐὼν,
1568 4167 1712 4243 μένει
1755 4169 1871 4227 ἀκί-

1972 4171 2203 4234 1ιιουηι.
2232 4170 2361 4233 Non
2388 4170 2559 4251 item,
2591 4171 2641 4232 si
2671 4170 2938 4233 confusio
2991 4170 3261 4252 quaedam
3313 4180 3596 4251 emergat.

235 4279 393 4326 γητος
429 4274 441 4287 ·
517 4255 777 4313 κωλύεται
860 4254 915 4313 δὲ
997 4260 1026 4314 6
1095 4258 1485 4335 ἐπιγενόμενος,
1556 4257 1593 4325 ἢ
1677 4256 1875 4336 προϐὰς

1972 4261 2119 4322 Avus
2171 4260 2328 4322 enim
2375 4266 2433 4323 et
2483 4278 2801 4342 pronepos,
2851 4279 2887 4322 a
2939 4258 3319 4322 matrimonio
3349 4259 3597 4323 duarum

233 4346 560 4403 διασπᾶται*
624 4345 690 4400 τὰ
745 4342 798 4401 δὲ
839 4345 968 4424 ὑπὲρ
1009 4346 1098 4401 τὸν
1157 4342 1375 4419 ἕϐδομον
1432 4344 1483 4411 ἐξ
1538 4345 1870 4426 ἀγχιστείας,

1972 4347 2450 4411 :onsobrinarum
2474 4357 2774 4420 arcentur,
2792 4366 2866 4409 ne
2878 4346 3201 4427 congeneri
3214 4347 3304 4410 vel
3317 4347 3599 4410 coafﬁnes

236 4433 764 4512 ἀπολυπραγμόνητά
793 4434 888 4488 εἰσι
940 4434 1028 4490 καὶ
1069 4431 1333 4513 ἀκώλυτα,
1391 4432 1567 4513 ὥσπερ
1596 4434 1649 4489 ἐν
1676 4447 1792 4499 τοϊς
1823 4435 1877 4501 ἐξ

1972 4438 2313 4501 habeantur.
2350 4438 2643 4501 Nimirum
2690 4436 2853 4518 prius
2882 4443 3249 4498 contractum
3289 4436 3597 4498 matrimo-

235 4523 469 4600 α’ῗματος
499 4523 565 4578 τὰ
591 4520 719 4600 ὑπὲρ
741 4522 832 4577 τὸν
862 4519 1066 4599 ὄγδοον.
1100 4523 1173 4578 0‘3
1200 4520 1375 4587 καλῶς
1394 4521 1448 4578 δέ
1475 4545 1611 4579 τισιν
1641 4522 1875 4601 εἴρηται,

1972 4526 2356 4598 nium,manet
2387 4526 2692 4587 immotum
2729 4541 2743 4586 :
2778 4523 3076 4604 posterius
3106 4522 3474 4603 prohibetur,
3511 4524 3600 4586 vel

233 4613 315 4669 ὅτι
346 4613 412 4668 τὰ
442 4609 785 4688 εὑρισκόμενα
840 4608 892 4675 ἐξ
946 4609 1254 4689 ἀγχιστείας
1306 4610 1457 4668 ἕκτου
1510 4613 1731 4692 βαθμοῦ,
1791 4611 1878 4669 ὅτε

1972 4615 2007 4676 si
2021 4615 2145 4694 jam
2172 4614 2545 4693 processerit,
2582 4612 2882 4675 dirimitur
2938 4611 3083 4685 Quae
3111 4629 3246 4674 vero
3280 4611 3598 4675 matrimo-

233 4704 333 4778 μὲν
382 4699 555 4767 ἒξέσης
607 4700 756 4773 εἶτὶν,
801 4701 875 4764 ὡς
914 4698 965 4765 ἐξ
1023 4699 1265 4779 ἐκατέρου
1313 4699 1499 4780 μέρους
1546 4714 1688 4779 τρεῖς
1734 4702 1876 4759 εἶναι

1972 4705 2057 4764 nia
2099 4703 2343 4781 gradum
2392 4701 2691 4764 affinitatis
2729 4702 3046 4783 septimum
3096 4699 3409 4776 excedunt,
3441 4699 3504 4762 in
3533 4718 3605 4764 ea

230 4790 489 4869 βαθμοὺς,
549 4787 795 4845 ἀκώλυτά
849 4790 946 4845 εἱσι
982 4805 995 4818 ’
1051 4788 1414 4865 κεκωλυμένα,
1471 4787 1547 4860 δὲ,
1621 4789 1707 4847 ὅτε
1752 4793 1875 4849 εἰσὶν

1972 4792 2194 4853 curiose
2226 4809 2343 4853 non
2384 4791 2807 4867 in‘juirendum
2833 4799 2944 4867 est,
2978 4808 3091 4853 nec
3133 4788 3424 4853 faciundae
3453 4809 3599 4871 pro-

230 4879 386 4936 ἄνισα
419 4896 437 4914 ⁸
511 4877 571 4933 ἐκ
625 4878 724 4955 γὰρ
780 4885 884 4934 τῶν
952 4877 1242 4958 εἰρημένων
1296 4876 1543 4957 ἀνωτέρω
1596 4875 1872 4954 δέδεικται,

1972 4880 2484 4955 hibitiones,s:cuti
2514 4879 2642 4942 fieri
2662 4878 2930 4953 videmus
2951 4889 3011 4942 et
3039 4877 3103 4939 in
3134 4876 3232 4954 iis,
3246 4876 3348 4959 qui
3366 4876 3598 4942 ratione

230 4969 308 5045 μὴ
335 4969 397 5023 τὸ
427 4966 547 5023 ἴσον
588 4968 676 5021 καὶ
704 4968 764 5022 τὸ
821 4964 1021 5038 ἄνισον,
1054 4966 1189 5023 ἀλλὰ
1218 4968 1278 5023 τὸ
1340 4965 1731 5045 συγκεχυμένον
1790 4972 1877 5026 καὶ

1972 4968 2482 5049 :onsauguinitatis
2512 4977 2776 5031 octavum
2809 4967 3124 5032 excedunt.
3158 4968 3451 5030 Caeterum
3482 4985 3600 5032 non

225 5056 550 5134 ἀτόγχυτον,
581 5056 616 5122 ἢ
644 5054 875 5135 ἀφιέναι,
911 5055 947 5123 ἢ
981 5056 1250 5135 ἀπείργειν
1293 5057 1353 5112 τὸ
1384 5052 1749 5134 συνάλλαγμα,

1972 5064 2120 5120 recte
2150 5057 2424 5120 traditum
2455 5076 2489 5119 a
2522 5057 2819 5120 nonnullis
2875 5065 2986 5133 est,
3043 5055 3421 5118 matrimonia
3450 5056 3606 5119 sexti

233 5160 304 5229 ex
335 5142 617 5205 affinitate
647 5142 887 5225 gradus,
923 5162 1058 5206 cum
1090 5160 1262 5224 pares
1290 5143 1571 5223 utrinque
1603 5143 1820 5222 gradus
1878 5146 2118 5222 habent,
2168 5165 2287 5209 non
2345 5146 2690 5229 prohiberi:
2751 5165 2887 5210 cum
2936 5147 3218 5228 impares,
3273 5144 3601 5226 prohiberi.

232 5226 865 5320 Ostensumestenim
898 5250 975 5296 ex
998 5233 1278 5295 indicatis
1310 5232 1607 5313 superius,
1644 5251 1763 5297 non
1795 5234 2191 5317 aequalitatem
2245 5244 2305 5299 et
2348 5226 2840 5320 inaequalitatem,
2896 5235 3002 5301 sed
3029 5226 3477 5312 confusionem,
3544 5241 3608 5298 et

236 5317 606 5380 confusionis
635 5319 991 5399 absentiam,
1023 5322 1114 5385 vel
1146 5321 1513 5404 permittere,
1546 5321 1636 5382 vel
1668 5320 1961 5405 impedire
1992 5333 2379 5390 contractum.

1566 5481 1741 5546 VARI
1748 5482 1820 5546 ΑΞ
1863 5481 2292 5549 LECTIONES.

315 5584 379 5635 97
408 5594 483 5660 τῲ
510 5588 680 5663 τόμον,
765 5587 830 5638 98
858 5588 1009 5668 ἕχον,
