4074 6212
529 308 684 378 1935

605 442 913 509 Eumdem
940 462 1067 509 non
1095 446 1304 511 debere
1329 446 1484 510 duas
1512 446 1793 510 sobrinus
1821 443 2064 508 ducere.

607 620 917 685 Prohibuit
940 623 1119 687 etiam
1148 623 1440 705 Ecclesia,
1474 640 1551 688 ne
1583 641 1737 686 unus
1766 631 1825 686 et
1844 621 2006 686 idem
2029 623 2175 685 duas

526 710 799 774 sobrinas
829 710 1005 775 ducat
1041 731 1277 777 uxores.
1303 711 1433 777 Non
1466 712 1627 776 enim
1656 712 1755 774 hic
1785 712 2070 793 septimus
2103 729 2174 774 ex

524 799 833 877 afﬁnitate,
866 819 977 864 ceu
1010 801 1281 884 plerique
1311 809 1539 881 putant,
1586 801 1806 881 gradus
1852 799 2169 880 colligitur,

525 888 630 952 sed
662 897 862 953 sextus
899 908 914 953 :
960 898 1298 973 propterea,
1322 891 1480 972 quod
1513 890 1759 952 maritus
1790 896 1845 952 et
1877 906 2025 950 uxor
2052 907 2171 951 uno

528 976 712 1055 gradu
735 978 1030 1042 contineri
1059 978 1373 1043 ducantur.
1415 978 1541 1042 Hoc
1571 979 1730 1041 enim
1763 996 1896 1040 cum
1928 977 1990 1039 in
2018 996 2169 1039 con-

526 1066 906 1130 sultationem
936 1067 1198 1131 venisset
1241 1077 1512 1150 tempore
1539 1066 1766 1130 Nicolai
1795 1066 2168 1148 patriarchae,

527 1155 891 1238 prohlbitum
915 1176 950 1220 a
978 1158 1249 1221 Ecclesia
1277 1157 1385 1220 fuit
1418 1176 1433 1222 :
1465 1157 1759 1239 simulque
1806 1156 2174 1237 promulgata

527 1244 641 1308 fuit
668 1247 895 1309 sanetio
922 1246 1067 1309 clari
1099 1245 1386 1328 principis
1416 1246 1730 1320 Manuelis,
1762 1264 1893 1327 qum
1940 1248 2167 1322 statuit,

526 1351 603 1396 ne
623 1334 739 1397 tale
762 1334 905 1417 quid
935 1353 1197 1418 unquam
1228 1335 1348 1399 ﬁat.
1380 1334 1498 1400 Sed
1530 1354 1646 1417 qua
1670 1336 1744 1399 de
1772 1352 1951 1397 causa
1997 1335 2083 1411 ﬁt,
2110 1341 2175 1397 ut

523 1419 683 1485 inter
723 1423 956 1500 afﬁnes,
1003 1424 1095 1487 vel
1142 1424 1260 1488 duo
1309 1424 1540 1488 diversa
1595 1442 1814 1504 genera
1861 1432 2173 1488 contractae

523 1510 765 1591 nuptiae,
799 1511 988 1591 gradu
1018 1512 1238 1593 sptimo
1255 1512 1460 1576 liberae
1482 1512 1630 1575 sint?
1649 1512 1814 1586 Quod
1850 1531 2030 1575 unum
2055 1520 2168 1590 est,

522 1599 617 1661 vel
641 1607 738 1661 est
764 1607 1001 1682 natura,
1032 1601 1123 1664 vel
1154 1602 1547 1682 arrogatione.
1580 1601 1797 1664 Natura
1837 1621 2021 1664 unum
2054 1611 2164 1678 est,

1894 315 1923 376 ,Ι
1931 311 2024 375 US
2065 309 2534 376 CANONICUM.

3750 302 3881 366 1%

2190 452 2232 501 A
2258 467 2288 501 σ
2356 434 2486 505 υΟτι
2549 446 2608 503 οὒ
2673 443 2756 503 δεῖ
2817 446 2907 502 τὸν
2964 443 3120 501 αὐτὸν
3178 440 3267 500 δύο
3327 440 3568 520 δευτέρας
3618 436 3883 518 ἰξαδέλφας

2947 529 3156 591 λαϐεῖν.
3188 554 3218 587 ι

2337 621 2647 684 Κεκώλυκεν
2716 623 2752 691 ἡ
2821 619 3112 689 Ἐκκλησία
3165 620 3254 677 καὶ
3308 620 3399 676 τὸν
3457 618 3619 675 αὐτὸν
3663 617 3754 674 καὶ
3816 615 3888 672 ἕνα

2255 710 2343 771 δύο
2397 711 2638 791 δευτέρας
2692 708 2975 791 ὲξαδέλφας
3029 706 3341 785 λαμϐάνειν,
3400 708 3474 766 Οὖ
3530 706 3634 784 γὰρ
3689 702 3888 778 ἕϐδομος

2255 800 2307 868 ἐξ
2363 801 2699 881 ἀγχιστείας,
2741 801 2815 863 ὡς
2862 798 3067 857 οἴονταί
3112 818 3273 877 τινες,
3327 796 3606 874 συνάγεται
3681 794 3886 872 βαθμὸς,

2255 887 2374 948 ἄλλ’
2404 889 2579 954 ἕκτος,
2641 890 2739 946 Διᾶ
2795 890 2856 946 τὸ
2911 888 3027 955 ἑνὸς
3085 887 3287 964 βαθμοῦ
3335 884 3632 962 λογίζεσθαι
3673 884 3766 939 τὸν
3806 884 3884 938 ἄισ-

2252 977 2346 1060 δρα
2395 980 2528 1055 μετὰ
2564 979 2664 1046 τῆς
2721 978 2991 1057 γυναικός,
3037 986 3202 1035 Τοῦτο
3246 974 3346 1054 γὰρ
3396 973 3625 1045 ζητηθὲν
3671 972 3760 1029 ἐπὶ
3796 977 3883 1027 τῶν

2251 1070 2465 1149 ἡμερῶν
2505 1078 2599 1128 τοῦ
2639 1069 2970 1148 πατριάρχου
2999 1064 3283 1145 Νικολάου,
3331 1062 3569 1130 ἐκωλύθη
3616 1063 3764 1140 παρὰ
3801 1061 3880 1127 τῆς

2253 1156 2574 1225 Ἐκκλησίας
2610 1200 2625 1216 .
2676 1154 2877 1237 προῦϐη
2934 1153 2989 1212 δὲ
3031 1155 3120 1211 καὶ
3158 1153 3424 1228 θέσπισμα
3478 1160 3574 1211 τοῦ
3631 1149 3689 1208 ἐν
3739 1150 3880 1226 βασι-

2253 1245 2427 1306 λεῦσιν
2484 1244 2722 1322 ἀοιδίμου
2786 1243 3059 1324 Μανουήλ,
3111 1243 3190 1319 μὴ
3262 1240 3490 1320 γίνεσθαί
3542 1262 3679 1297 ποτε
3748 1246 3882 1296 τοῦτο

2254 1332 2629 1414 διοριζόμενον.
2666 1336 2814 1392 Διατί
2859 1331 2913 1390 δὲ
2968 1334 3035 1389 τὰ
3087 1330 3140 1399 ἐξ
3198 1331 3506 1411 ἀγχιστείας
3555 1326 3728 1407 ἤγουν
3780 1349 3881 1403 τρι-

2251 1425 2455 1502 γενείας
2482 1422 2597 1497 98⁸,
2655 1424 2727 1489 εἷς
2772 1423 2863 1479 τὸν
2921 1418 3141 1498 ἕϐδομον
3195 1418 3373 1476 λύεται
3414 1418 3617 1496 βαθμόν
3652 1437 3672 1497 ς
3717 1418 3788 1475 Τὸ
3813 1418 3877 1490 ἓν,

2251 1512 2287 1581 ἢ
2344 1513 2495 1594 φύσει
2550 1512 2714 1587 ἐστιν,
2759 1512 2796 1580 ἢ
2852 1510 2990 1568 θέσει
3023 1527 3038 1542 ·
3101 1511 3189 1567 καὶ
3233 1509 3380 1588 φύσει
3410 1507 3530 1582 μὲν,
3578 1509 3656 1572 ὡς
3687 1509 3770 1570 εἷς
3795 1505 3874 1561 ἄν·

2248 1605 2454 1683 θρωπος
2481 1619 2498 1637 ⁶
2544 1602 2681 1659 θέσει
2718 1600 2794 1676 δὲ,
2843 1602 2916 1667 ὡς
2971 1603 3000 1658 ὁ
3046 1600 3181 1680 ἀνὴρ
3223 1598 3359 1674 μετὰ
3397 1601 3497 1664 τῆς
3538 1595 3767 1671 νομίμου
3804 1618 3878 1672 γυ-

524 1686 692 1750 verbi
721 1688 1115 1785 gratia,_unus
1145 1690 1345 1754 homo.
1371 1690 1567 1754 Unum
1599 1692 2066 1771 arrogatione,ut
2082 1692 2167 1754 vir

2254 1693 2452 1767 ναοκὸς,
2498 1693 2586 1758 οὒς
2616 1690 2804 1772 σχέσις
2833 1689 3009 1757 ἤνωσε
3063 1690 3152 1746 καὶ
3208 1688 3458 1768 συνάφεια
3513 1685 3768 1785 σαρκικῇ,
3814 1685 3874 1746 ὣς

524 1783 585 1840 et
613 1795 764 1840 uxor
790 1777 1074 1858 legitima,
1107 1800 1255 1862 quos
1281 1780 1467 1843 univit
1489 1780 1723 1843 aﬁectio
1745 1790 1803 1841 et
1824 1781 2165 1860 conjunctio

522 1864 800 1944 carnalis,
833 1867 1009 1930 sicuti
1041 1869 1433 1951 proscriptum
1466 1870 1717 1950 legimus
1746 1890 1762 1932 :
1796 1868 1869 1932 Et
1898 1878 2072 1932 erunt
2105 1870 2168 1933 hi

524 1954 642 2017 duo
690 1954 753 2017 in
803 1974 1045 2020 carnem
1089 1977 1294 2021 unam.
1342 1961 1546 2040 Itaque
1602 1978 1738 2021 cum
1791 1958 2168 2022 necessitudo

523 2044 756 2107 exsistit
784 2063 855 2107 ex
882 2046 1190 2130 sanguine,
1227 2054 1286 2110 et
1317 2066 1387 2110 ex
1417 2047 1628 2110 eodem
1654 2065 1875 2127 genere
1924 2056 2167 2111 natura-

526 2131 602 2195 lis
629 2141 722 2197 est
751 2135 1132 2199 necessitudo
1180 2143 1240 2199 et
1279 2136 1522 2199 unitas:
1559 2155 1692 2199 cum
1733 2155 1803 2200 ex
1860 2137 2166 2213 afﬁnitate,

523 2239 592 2284 ac
622 2221 856 2285 duobus
882 2224 1227 2305 generibus,
1261 2227 1635 2306 arrogatione
1678 2228 1743 2289 ﬁt
1771 2227 1966 2290 unitas
2012 2227 2170 2289 inter

526 2327 633 2373 eos
661 2318 720 2373 et
747 2314 1149 2391 necessitudo,
1202 2334 1237 2377 a
1282 2316 1803 2396 consanguinitatis
1834 2317 2167 2379 necessitu—

521 2396 665 2461 dine
695 2398 951 2465 diversa.
983 2404 1309 2484 Propterea
1359 2423 1495 2467 mox
1541 2404 1825 2468 inferiore
1857 2404 2064 2486 gradu,
2110 2411 2170 2467 et

521 2499 661 2549 ante
689 2496 980 2567 octavum,
1014 2493 1358 2574 hujusmodi
1381 2493 1760 2557 necessitudo
1786 2503 1845 2555 et
1872 2495 2167 2574 conjunc-

509 2574 605 2661 tio
644 2576 910 2644 solvitur.
939 2578 1205 2653 Quorum
1234 2582 1394 2645 enim
1418 2583 1677 2645 strictior
1692 2592 1780 2645 est
1801 2582 2165 2663 conjunctio,

2248 1779 2483 1861 εἴρηται,
2526 1782 2616 1838 καὶ
2674 1778 2878 1837 ἔσονται
2935 1781 2981 1835 οἱ
3010 1776 3099 1835 δύο
3152 1777 3226 1841 είς
3284 1777 3451 1855 σάρκα
3493 1774 3644 1849 μίαν,
3721 1774 3735 1785 “
3756 1782 3873 1831 Om

2250 1869 2346 1945 μὲν
2377 1869 2464 1926 οὖν
2491 1867 2543 1935 ἐξ
2595 1868 2825 1945 αἵματος
2867 1867 2903 1943 ᾗ
2960 1868 2995 1935 ὴ
3052 1865 3311 1929 οἰκείωσις
3368 1865 3453 1920 καὶ
3495 1863 3681 1945 γένους
3750 1863 3869 1931 ἑνὸς,

2248 1943 2311 2013 τὸ
2367 1957 2563 2015 οἰκεῖόν
2605 1943 2671 2015 τε
2720 1958 2807 2014 καὶ
2856 1957 3024 2029 τὸὲν,
3081 1955 3227 2034 φύσει
3281 1953 3444 2014 ἔστιν.
3504 1943 3686 2009 υ(ὶτειιν
3734 1947 3786 2004 δὲ
3833 1946 3875 2012 ἐξ

2250 2045 2559 2125 ἀγχιστείας
2600 2049 2688 2104 καὶ
2742 2045 2831 2105 δύο
2899 2051 3089 2125 γενῶν,
3148 2044 3284 2101 θέσει
3326 2045 3389 2100 τὸ
3439 2045 3517 2118 ἓν,
3571 2044 3663 2098 καὶ
3720 2043 3754 2109 ἡ
3804 2041 3873 2094 οἱ·

2250 2136 2463 2204 κειότης
2496 2136 2705 2212 αὐτοῖς,
2750 2137 2808 2194 οὗ
2861 2136 2998 2193 κατὰ
3050 2134 3150 2202 τὴν
3208 2133 3258 2200 ἐξ
3308 2132 3538 2204 αἵματος
3568 2131 3872 2195 οἰκειότητα.

2254 2226 2347 2283 Διὸ
2389 2226 2582 2301 καὶτῷ
2609 2222 2962 2293 ὒποϐεϐηκότι
2992 2224 3202 2300 βαθμῷ,
3237 2224 3323 2280 καὶ
3378 2222 3481 2300 πρὸ
3536 2222 3634 2276 τοῦ
3689 2216 3871 2296 ὀγδὸω,

2251 2312 2396 2378 εὐθὺς
2425 2316 2461 2383 ἡ
2488 2315 2705 2383 τοιαύτη
2735 2314 2997 2381 οἰκειότης
3028 2334 3084 2369 τε
3113 2313 3201 2369 καὶ
3229 2311 3418 2375 ἕνωσις
3447 2309 3655 2367 λύεται.
3701 2308 3773 2365 Τὰ

2252 2401 2453 2480 μᾶλλον
2481 2404 2579 2471 τὴν
2598 2402 2785 2460 ἕνωσιν
2810 2402 3033 2482 ἔχοντα,
3058 2400 3300 2465 πλείονος
3328 2401 3529 2465 καὶτῆς
3549 2396 3871 2455 ἀποστάσεως

2251 2496 2382 2573 πρὸς
2411 2495 2512 2562 τὴν
2540 2492 2773 2552 διάλυσιν
2801 2492 3003 2552 δέονται
3037 2513 3053 2529 ο
3113 2493 3291 2570 ὥσπερ
3337 2490 3403 2547 τὰ
3428 2491 3593 2557 ἦττον
3622 2485 3867 2563 ἡνωμένα,

2250 2581 2549 2648 ἐλάττονος.

522 2681 596 2726 ea
652 2666 894 2746 majoris
953 2669 1132 2732 etiam
1189 2671 1461 2752 indigent
1512 2672 1806 2736 intervalli
1862 2661 1935 2734 ad
1995 2673 2131 2749 hoc,
2183 2679 2250 2735 ut
2304 2671 2614 2752 exspiret:
2687 2670 2861 2734 sicuti
2947 2670 3224 2748 minoris,
3282 2685 3414 2752 quae
3472 2664 3682 2729 minus
3733 2661 3869 2726 unita

523 2759 687 2815 sunt.

583 2840 676 2930 ηε
702 2846 1118 2909 matrimoniis
1146 2864 1225 2911 es:
1251 2846 1448 2910 tribus
1478 2848 1739 2913 diversis
1765 2848 2102 2930 generibus.

609 2927 984 2995 Matrimonia
1011 2952 1082 2996 ex
1111 2934 1301 2998 tribus
1324 2934 1580 2998 diversis
1607 2927 1952 3016 generibus,
1981 2936 2170 3018 perti-

524 3027 680 3113 nent
697 3025 758 3082 et
785 3019 915 3113 ipsa
956 3041 1191 3113 quoque
1243 3024 1317 3088 ad
1371 3024 1633 3113 rationes
1682 3025 1987 3089 afﬁnitatis
2019 3046 2033 3087 :
2063 3026 2227 3113 sedc

525 3107 683 3171 tertii
710 3110 949 3189 generis
976 3111 1332 3191 interventu,
1357 3112 1589 3177 facilius
1614 3114 1803 3177 libera
1818 3115 2168 3195 ﬁunt,quam

522 3211 596 3257 ex
624 3195 858 3260 duobus
883 3217 1178 3264 connexa.
1227 3200 1460 3283 Quippe
1517 3200 1674 3265 sicut
1723 3202 1849 3265 haec
1891 3200 2170 3280 gradibus

525 3283 759 3349 duobus
787 3286 1073 3352 inferiora
1102 3298 1241 3353 sunt
1269 3289 1590 3354 contractis
1636 3309 1708 3353 ex
1740 3289 2165 3369 consanguini-

521 3380 661 3463 tate,
684 3394 817 3458 quae
843 3377 1027 3458 gradu
1076 3387 1279 3443 octavo
1308 3378 1498 3442 libera
1527 3379 1698 3456 ﬁunt,
1718 3399 1865 3463 cum
1896 3398 2004 3461 per
2029 3379 2159 3442 afﬁ-

521 3462 764 3528 nitatem
792 3483 862 3528 ex
892 3467 1127 3530 duobus
1191 3477 1495 3532 contracta
1543 3462 1867 3548 generibus
1892 3487 2164 3530 nonnun-

522 3570 698 3634 quam
727 3553 914 3634 gradu
944 3563 1109 3619 sexto
1140 3556 1327 3621 libere
1355 3556 1815 3639 permittantur:
1848 3556 1931 3619 ita
1956 3575 2163 3619 rursus

523 3661 595 3705 ex
619 3643 811 3708 tribus
840 3647 1156 3711 constituta
1182 3649 1524 3728 generibus,
1559 3648 1735 3711 etiam
1768 3648 1999 3711 duobus
2023 3666 2163 3727 gra-

520 3731 695 3795 dibus
713 3733 1018 3813 inferiora,
1054 3755 1233 3820 quam
1276 3756 1409 3820 quae
1449 3736 1681 3800 duobus
1724 3756 1796 3800 ex
1840 3737 2164 3816 generibus

521 3824 1191 3906 constant,principium
1221 3826 1283 3888 in
1314 3825 1727 3907 permissionis
1745 3825 1807 3887 in
1825 3833 2032 3907 quarto
2049 3836 2162 3887 sta-

521 3910 627 3972 tim
659 3911 851 3991 gradu
869 3923 1350 3997 consequuntur:
1388 3916 1530 3978 licet
1558 3913 1621 3976 in
1648 3913 1739 3976 his
1761 3914 1946 3976 multo
1976 3914 2163 3994 magis

515 3997 802 4077 graduum
834 3999 1070 4063 vitanda
1097 4003 1478 4084 computatio,
1505 4002 1607 4064 sed
1649 4003 2061 4084 quaerendum,
2086 4021 2162 4065 an

518 4086 762 4151 disertis
790 4087 988 4152 verbis
1008 4106 1042 4151 a
1070 4090 1200 4170 lege
1231 4089 1525 4172 prohibita
1566 4091 1705 4153 sint.
1741 4090 1988 4153 Maxime
2024 4110 2161 4155 vero

2677 2870 2702 2907 ι
2737 2850 2865 2929 Περὶ
2892 2855 2999 2906 τῶν
3027 2849 3087 2906 ἐκ
3116 2847 3424 2928 τριγενείας.
3462 2870 3489 2902 ι

2332 2941 2409 2998 Τὰ
2448 2937 2492 2996 δ’
2538 2939 2599 2997 ἐκ
2667 2938 2954 3019 τριγενείας
3010 2938 3215 3016 γαμικὰ
3271 2938 3577 3014 ζητήματα,
3636 2936 3735 2991 εἰσὶ
3796 2934 3872 3007 μὲν

2251 3029 2340 3086 καὶ
2366 3035 2529 3086 ταῦτα
2556 3027 2608 3094 ἐξ
2657 3027 2990 3109 ἀγχιστείας,
3037 3024 3175 3083 ἀλλὰ
3226 3030 3295 3102 τῇ
3362 3032 3454 3083 τού
3495 3023 3680 3104 τρίτου
3719 3023 3870 3101 γένοκ

2252 3116 2516 3197 έπιπλοῷ,
2562 3117 2683 3193 ῥᾷον
2731 3116 2767 3185 ἢ
2820 3116 2886 3172 τὰ
2948 3115 3009 3171 ἐκ
3072 3112 3163 3171 δύο
3218 3111 3675 3192 συμπεπλεγμένα
3735 3110 3871 3189 γενῶν

2251 3204 2484 3266 λύονται.
2532 3197 2752 3284 ιὨσιπερ
2796 3205 2896 3285 γὰρ
2948 3210 3112 3261 ταῦτα
3154 3202 3264 3261 δυσὶ
3313 3204 3541 3280 βαθμοῖς
3599 3198 3868 3265 ὒποὸἐᾶηιε

2249 3300 2355 3351 τῶν
2412 3294 2464 3360 ἐξ
2513 3293 2741 3371 αἵματος
2776 3293 2863 3373 (τὰ
2892 3292 2988 3369 μὲν
3015 3293 3115 3372 γὰρ
3143 3293 3216 3356 εἰς
3245 3293 3338 3348 τὸν
3379 3288 3584 3370 ὄγδοον,
3634 3291 3704 3347 τὰ
3741 3287 3784 3344 δ’

2249 3383 2558 3463 ἀγχιστείας
2614 3383 2676 3440 ὲκ
2729 3381 2872 3442 δυοῖν
2941 3393 3118 3461 γενοῖν
3191 3378 3298 3438 ἔσθ’
3375 3378 3463 3436 ὅτε
3514 3380 3606 3436 καὶ
3682 3380 3754 3441 εἷς
3798 3378 3867 3431 τὸν

2245 3471 2398 3530 ἕκτον
2439 3471 2701 3552 λύονται),
2762 3472 2900 3529 οὕτω
2956 3468 3117 3529 πάλιν
3172 3470 3237 3531 τὰ
3291 3467 3343 3535 ἐξ
3397 3468 3693 3548 τριγενείας
3759 3464 3871 3521 δυσὶν

2242 3558 2657 3622 ὑποϐιϐασθέντα
2710 3562 2937 3637 βαθμοῖς
2999 3564 3104 3615 τῶν
3149 3556 3212 3615 ἐκ
3250 3556 3341 3615 δύο
3380 3563 3574 3636 γενῶν,
3634 3558 3738 3623 τὴν

2243 3648 2355 3728 χὴν
2410 3648 2507 3716 τῆς
2562 3646 2760 3714 λύσεως
2801 3649 2937 3704 κατὰ
2978 3653 3085 3703 τῶν
3124 3645 3373 3726 τέταρτον
3428 3645 3573 3709 εὖθὺς
3633 3640 3869 3719 λαμϐάνει

2244 3738 2468 3813 βαθμὸν,
2552 3739 2596 3793 εί
2663 3738 2752 3794 καὶ
2807 3735 2991 3812 πολλῷ
3042 3733 3247 3810 μᾶλλον
3300 3735 3373 3800 εἷς
3442 3742 3605 3792 ταῦτα

2244 3823 2529 3901 λαμϐάνειν
2572 3828 2636 3884 οὒ
2674 3824 2780 3899 δεῖ,
2813 3824 2949 3882 ἀλλὰ
2999 3833 3206 3905 ζητεῖν,
3260 3825 3304 3881 εί
3345 3823 3442 3880 οὒκ
3481 3820 3731 3889 ἐκωλύθη

2242 3921 2335 3971 τοῦ
2358 3914 2519 3990 νόμου
2548 3920 2722 3994 ρητῶς
2746 3930 2762 3947 ⁶
2795 3927 2911 3978 τοῖς
2935 3911 2989 3970 δὲ
3014 3912 3246 3990 μάλιστα
3272 3910 3563 3975 ἆκωλύτοις
3594 3913 3623 3967 ὁ
3650 3911 3872 3989 τέτιρτος

2245 4001 2562 4061 ἐπακολυθεῖ
2586 4004 2811 4081 βαθμδς,
2843 4008 2960 4061 οἷον
2989 4001 3043 4060 δὲ
3074 4002 3159 4060 ἐπὶ
3187 4009 3279 4060 τοῦ
3331 4001 3671 4081 πατριάρχου
3720 4003 3872 4062 Στυπῆ

2244 4091 2536 4171 ἀπορῤηθέν
2556 4114 2612 4148 τε
2628 4091 2693 4142 99
2720 4095 2854 4169 ὁμοῦ
2880 4094 2969 4150 καὶ
2996 4091 3166 4155 λυθέν,

518 4173 936 4257 prohibitionis
1001 4181 1265 4262 expertia
1310 4180 1581 4262 sequitur
1627 4188 1871 4261 quartus
1898 4181 2139 4259 gradus.
2174 4180 2522 4261 Cujusmodi
2553 4180 2835 4262 quiddam
2868 4192 2984 4256 est,
3021 4180 3179 4263 quod
3203 4178 3313 4242 sub
3339 4176 3684 4259 patriarcha
3716 4178 3874 4256 Stupa

514 4270 786 4327 vocatum
819 4266 881 4328 in
913 4266 1161 4330 dubium
1192 4267 1325 4346 fuit,
1357 4278 1418 4333 et
1446 4287 1555 4351 per
1577 4270 1933 4331 sententiam
1966 4269 2356 4333 declaratum.

590 4352 844 4427 Quidam
876 4356 1037 4419 enim
1080 4357 1498 4422 Constantinus
1547 4376 1792 4421 uxorem
1831 4358 1998 4421 duxit
2024 4358 2153 4421 An-

2320 4368 2718 4425 Κωνσταντῖνος
2766 4361 2865 4441 γάρ
2906 4383 2985 4425 τις
3041 4357 3241 4441 ’ἔλαϐεν
3283 4360 3355 4424 εἷς
3403 4369 3631 4435 γυναῖκα
3676 4353 3871 4413 Θεοδώ-

512 4461 676 4523 nam,
706 4444 1005 4509 Theodori
1033 4447 1342 4528 cujusdam
1378 4465 1645 4511 sororem
1678 4464 2045 4526 germanam.
2073 4447 2156 4510 Ea

2254 4470 2326 4505 θου
2411 4449 2551 4514 τινὸς
2633 4447 2958 4530 αὖτιδέλφην
3041 4427 3243 4507 νΑνναν.
3341 4446 3612 4512 Θανούσης
3688 4446 3872 4509 ἐκείνης

514 4542 770 4610 mortua,
804 4534 1179 4599 matrimonio
1203 4536 1465 4600 secundo
1488 4537 1656 4600 duxit
1675 4534 1934 4612 Irenam,
1953 4537 2158 4616 conju-

2254 4534 2421 4594 ἰλαϐεν
2477 4538 2551 4601 είς
2608 4535 2845 4619 δεύτερον
2925 4537 3245 4598 συνοικέσιον
3301 4537 3399 4603 τὴν
3454 4544 3549 4593 τοῦ
3615 4533 3875 4613 Θεοδώρου

508 4621 599 4703 gis
618 4621 917 4687 Theodori
947 4642 1243 4688 sororem.
1276 4624 1402 4699 Quo
1423 4624 1624 4701 ﬁebat,
1649 4631 1714 4687 ut
1739 4624 2157 4689 Constantinus

2254 4624 2655 4708 rovzthéAqmv
2740 4628 2989 4705 Εἰρήνην.
3077 4618 3170 4692 Ὠς
3254 4624 3491 4705 γενέσθαι
3574 4624 3671 4679 τὸν
3740 4634 3877 4682 Κων-

506 4719 568 4775 et
595 4712 794 4776 afﬁnis
824 4722 984 4776 esset
1004 4713 1328 4790 Theodori,
1364 4722 1423 4776 et
1454 4712 1744 4777 coafﬁnis.
1780 4712 1928 4777 Suut
1956 4723 2154 4777 autem

2254 4727 2517 4772 παντῖνον
2577 4717 2665 4772 καὶ
2729 4713 2964 4795 γαμϐρὸν
3012 4726 3104 4776 τοῦ
3172 4712 3439 4794 Θεοδώρου
3494 4713 3583 4768 καὶ
3614 4733 3876 4795 ’συγγαμ-

505 4798 569 4862 in
591 4800 704 4897 hoc
734 4802 961 4897 gradus
985 4809 1265 4897 quatuor:
1295 4801 1643 4897 Theodorus
1675 4801 1835 4864 enim
1865 4802 2152 4897 οξᾼημιιιΞ

2254 4800 2383 4883 ἔρον,
2444 4805 2552 4861 Εἰσὶ
2604 4801 2659 4860 δὲ
2701 4791 2757 4859 ἐν
2805 4791 2993 4897 ’,τούτῳ
3045 4806 3234 4882 βαθμοὶ
3276 4791 3548 4879 τέσσαρες.
3613 4791 3674 4897 :0
3756 4800 3876 4897 Θεόῖ

506 4888 694 4970 gradu
724 4879 987 4953 secundo
1001 4879 1083 4954 'se
1106 4890 1486 4971 contingunt.
1518 4889 1667 4953 ltem
1715 4909 1864 4953 uxor
1891 4889 2155 4953 Thodori

2254 4879 2398 4971 ῖὼρος
2456 4892 2555 4972 γὰρ
2597 4892 2684 4949 καὶ
2737 4895 2773 4961 ἡ
2817 4879 2997 4967 νΑννα,
3045 4879 3248 4971 βαθμοῦ
3316 4889 3577 4968 δευτέρου.
3625 4879 3697 4945 Ἡ
3758 4887 3877 4966 γυνῆ

502 4986 563 5041 et
589 4977 795 5056 lrena,
828 4978 1019 5059 gradu
1067 4979 1353 5056 secundo,
1405 4978 1507 5061 qui
1560 4979 1745 5059 gradu
1782 4978 1959 5042 simul
2017 4987 2154 5041 sunt

2254 4987 2327 5038 τοῦ
2408 4980 2676 5062 Θεοδώρου
2756 4984 2844 5062 καὶ
2925 4984 2961 5051 ἠ
3046 4983 3267 5061 Εἰρήνη,
3349 4981 3553 5057 βαθμοῦ
3621 4974 3874 5056 δευτέρου.
3990 5020 3991 5062 γ

502 5075 787 5149 quatuor.
818 5057 1051 5149 Quippe
1078 5067 1172 5131 lex
1205 5067 1322 5130 duo
1352 5057 1631 5130 duntaxat
1656 5086 1729 5130 ex
1758 5067 1935 5130 trium
1965 5085 2151 5148 gene-

2254 5075 2401 5146 Ομοῦ
2456 5057 2726 5150 τέσσαρες.
2788 5061 2846 5130 Ὀ
2905 5072 3002 5148 μὲν
3059 5057 3158 5150 γαρ
3227 5069 3392 5146 τόμος
3456 5065 3546 5122 δύο
3611 5065 3761 5141 μόνα
3825 5065 3875 5120 ἐκ

498 5172 634 5219 rum
685 5154 1080 5219 matrimoniis
1122 5154 1450 5238 prohibuit,
1497 5173 1629 5239 qua;
1665 5154 1843 5219 unius
1871 5156 2151 5218 duntaxat

2254 5158 2518 5238 τριγενείας
2599 5158 2883 5240 ἐκώλυσεν,
2969 5160 3003 5215 ἃ
3083 5160 3172 5216 καὶ
3256 5159 3371 5222 ἑνὸς
3440 5155 3603 5232 μόνου
3671 5155 3875 5231 βαθμοῦ

500 5244 720 5327 gradus
743 5251 903 5323 sunt,
937 5263 1056 5308 non
1088 5244 1387 5328 plurium:
1414 5244 1715 5323 videlicet,
1742 5244 1899 5327 quod
1930 5245 2149 5307 ducere

2254 5247 2576 5327 ξυγχάνουσι,
2629 5250 2717 5305 καὶ
2770 5250 2830 5305 οὗ
2885 5247 3151 5312 πλείονος.
3210 5251 3363 5320 Οῖον,
3415 5244 3497 5302 δτι
3540 5244 3604 5301 οὒ
3652 5240 3873 5320 δύναμαι

501 5352 623 5399 non
651 5352 894 5419 possum
916 5351 1072 5413 eam,
1104 5352 1241 5417 qua
1268 5334 1565 5419 quondam
1602 5333 1853 5417 privigni
1894 5335 2012 5397 mei
2040 5333 2149 5397 fuit

2254 5332 2414 5392 .a63‘tv
2470 5337 2570 5404 τὴν
2620 5336 2750 5394 ποτὲ
2807 5349 3032 5416 γυναῖκα
3086 5345 3180 5396 τοῦ
3245 5334 3507 5415 προγόνου
3569 5353 3699 5409 μου,
3778 5328 3875 5389 οὐδ’

1664 5495 1781 5575 Egi
1809 5492 2069 5559 VARI/1‘3
2112 5491 2552 5566 LECTIONES.

567 5600 668 5656 Ψ
699 5603 976 5686 διγινείας,
992 5603 1130 5685 ‘99
1156 5603 1419 5685 ἀπορηθον
1445 5623 1527 5667 τε,
