4074 6212
242 256 401 324 12³7

1561 259 2278 328 ἃΒιΕΟΟοΒΟΜΑΝΗΜ.

3455 265 3609 333 i238

226 388 288 479 it“
325 391 558 470 μητρυιὰ
586 388 771 448 λαϐεῖν
811 392 900 447 τὸν
942 392 1074 450 ποτὲ
1116 391 1273 473 ἄνδρα
1329 399 1429 462 τῆς
1470 392 1737 474 προγόνης
1792 395 1862 451 αὖ

1964 411 2112 456 uxor
2139 394 2288 476 (74);
2320 413 2431 458 nec
2461 397 2515 458 ei
2565 411 2819 459 noverca
2862 395 3111 471 nubere,
3158 398 3263 479 qui
3314 397 3611 478 privignae

223 476 354 546 τῆς.
416 479 526 539 Κάν
578 479 785 546 τούτοις
855 482 956 560 γὰρ
1025 481 1285 561 τριγένειά
1354 482 1518 542 ἐστιν.
1566 480 1716 539 Ἀλλ’
1768 480 1880 538 ἐπεὶ

221 568 252 623 6
326 568 589 648 πρόγονος
646 571 735 626 καὶ
780 572 815 639 ἡ
875 571 1110 650 προγόνη
1168 574 1279 632 υἱοῦ
1332 572 1368 641 ἢ
1415 572 1665 651 θυγατρὸς
1719 569 1881 649 λόγον

223 653 488 737 ἐπέχουσι
556 659 687 737 πρὸς
757 660 850 715 τὸν
915 660 1162 739 πατρωὸν
1216 659 1252 729 ἢ
1312 661 1410 729 τὴν
1468 659 1745 739 μητρυιὰν,
1792 661 1881 716 καὶ

222 745 261 813 ἡ
308 747 446 823 γυνη
475 746 512 815 ἢ
539 749 567 803 6
596 746 730 827 ἀνὴρ
778 748 966 823 αὐτῆς,
1014 749 1221 828 νύμφης
1274 748 1310 817 ἢ
1379 745 1636 828 γαμϐροὺ,
1689 747 1878 822 ἀθέμι-

229 855 297 890 τα
342 836 409 892 τὰ
435 842 651 893 τοιαῦτα
698 837 1023 917 τυγχάνουσι
1079 835 1399 898 συνοικέσια.
1458 837 1534 894 Τὰ
1588 837 1687 915 γὰρ
1743 833 1877 914 ἄκρα

228 921 320 980 δύο
363 925 517 1004 γένη,
576 931 604 985 6
646 927 780 1008 ἀνὴρ
833 928 922 985 καὶ
976 929 1010 996 ἡ
1054 928 1210 1007 γυνη,
1267 928 1469 1004 βαθμὸν
1516 927 1612 983 οὐκ
1659 924 1874 1006 ἔχουσιν

229 1010 351 1070 οὔτε
416 1018 547 1086 πρὸς
604 1015 833 1092 ἄλληλα,
899 1016 1015 1074 οὔτε
1085 1018 1215 1096 πρὸς
1258 1018 1319 1073 τὸ
1357 1014 1517 1090 μέσον
1559 1014 1734 1094 γένος.
1767 1016 1876 1082 Τὴν

228 1103 330 1180 γὰρ
406 1104 591 1186 ἀνδρὸς
667 1107 803 1182 μετὰ
881 1108 1129 1186 γυναικὸς
1200 1106 1483 1187 συνάφειαν
1550 1106 1624 1168 εἷς
1675 1105 1877 1181 βαθμὸν

224 1192 323 1248 οὒκ
389 1196 690 1273 εἰσάγομεν,
762 1193 881 1252 ἀλλ’
939 1197 994 1254 ἓν
1051 1195 1149 1271 μέν
1205 1195 1348 1252 εἶναι
1404 1192 1726 1273 λαγιζόμεθα
1753 1194 1881 1250 ταύ-

226 1301 350 1354 την,
408 1281 496 1340 ὅτε
557 1284 675 1342 καθ’
745 1285 934 1353 ἐαντὴν
1004 1288 1285 1363 καθορᾶται
1340 1284 1445 1353 (καὶ
1518 1283 1618 1363 γὰρ
1686 1283 1721 1350 ἡ
1786 1291 1880 1342 τοῦ

224 1367 450 1452 ἀδελφοῦ
473 1395 574 1447 μου
602 1374 732 1452 γον-ὸ
785 1372 870 1430 διὰ
908 1374 1008 1442 τὴν
1064 1375 1196 1454 πρὸς
1256 1371 1413 1432 αὖτὸν
1470 1370 1633 1452 ἄκραν
1662 1369 1875 1452 ἕνωσιν,

223 1455 465 1540 δευτέρου
537 1464 638 1538 μού
704 1462 815 1520 ἐστι
886 1465 1109 1540 βαθμοῦ,
1194 1464 1412 1543 ἱσχναῖς
1482 1460 1736 1523 ἐπινοίαις
1790 1457 1876 1516 διὰ

220 1548 323 1617 τὴν
379 1550 602 1621 ἐντολὴν
651 1550 956 1633 ἐνουμένη)⁶
1010 1551 1100 1610 ὅτε
1147 1551 1202 1609 δὲ
1258 1553 1389 1631 πρὸς
1442 1550 1619 1628 ἕτερον
1673 1570 1873 1628 συγγε-

222 1639 369 1722 νικὸν
412 1641 577 1709 αὐτῆς
619 1641 901 1722 πρόσωπον
933 1644 961 1699 6
989 1643 1188 1719 βαθμὸς
1239 1649 1482 1713 ζητεῖται
1532 1639 1637 1720 οὔχ
1679 1638 1868 1702 οὕτως.

1960 481 2148 563 ipsius
2178 483 2422 547 maritus
2472 484 2601 547 fuit.
2636 481 2782 546 Nam
2812 486 2872 547 in
2922 486 3015 549 his
3043 505 3283 568 quoque
3313 488 3489 549 trium
3543 488 3610 550 ﬁt

1961 589 2246 661 generum
2266 572 2755 655 conjunctio.Sed
2778 574 2915 655 quia
2926 575 3228 657 privignus
3245 583 3303 639 et
3315 576 3602 661 privigne,

1961 659 2069 723 filii
2093 661 2185 724 vel
2234 662 2373 725 ﬁliai
2415 662 2545 725 loco
2594 669 2754 744 sunt,
2789 680 2931 741 erga
2970 664 3242 727 vitricum
3288 663 3380 726 vel
3400 659 3611 728 nover-

1961 767 2116 827 cam;
2158 760 2335 832 atque
2385 752 2600 816 horum
2647 751 2738 814 vel
2785 771 2956 827 uxor,
2988 753 3078 816 vel
3110 753 3378 829 maritus,
3411 753 3606 816 vicem

1961 857 2147 902 nurus
2174 848 2272 902 aut
2290 841 2497 921 generi
2528 840 2834 916 obtinent;
2866 841 3075 905 illicita
3102 852 3237 904 sunt
3261 839 3608 921 hujusmodi

1961 927 2365 994 matrimonia.
2408 928 2553 991 Nam
2585 947 2820 994 summa
2849 930 2949 994 illa
2972 931 3088 993 duo
3117 949 3363 1012 genera,
3411 930 3499 993 vir
3546 937 3610 994 et

1958 1034 2128 1098 uxor,
2161 1018 2409 1098 gradum
2444 1018 2672 1081 nullum
2726 1018 2971 1101 habent,
3007 1038 3120 1083 nec
3171 1019 3332 1082 inter
3374 1038 3461 1094 se,
3493 1038 3608 1084 nec

1960 1122 2101 1184 erga
2129 1125 2318 1186 genus
2338 1106 2785 1173 intermedium.
2801 1107 3031 1191 Quippe
3052 1108 3162 1172 viri
3183 1128 3317 1171 cum
3349 1109 3605 1173 muliere

1960 1195 2445 1275 conjunctionem
2478 1196 2550 1258 ad
2580 1196 2828 1276 gradum
2888 1216 3006 1259 non
3081 1197 3443 1273 referimus;
3497 1197 3605 1262 sed

1959 1299 2143 1345 unum
2174 1283 2316 1364 quid
2341 1302 2473 1347 esse
2504 1284 2778 1349 ducimus
2808 1285 2980 1368 hanc,
3011 1285 3249 1368 quando
3274 1285 3604 1350 secundum

1958 1370 2215 1452 seipsam
2243 1372 2654 1437 consideratur
2684 1392 2698 1438 :
2737 1374 2958 1456 (fratris
2989 1375 3150 1437 enim
3210 1376 3328 1437 mei
3357 1375 3600 1457 conjux,

1957 1469 2201 1542 propter
2224 1462 2513 1525 unionem
2542 1482 2677 1525 cum
2715 1482 2786 1527 eo
2818 1482 3137 1540 summam,
3161 1463 3426 1527 secundo
3451 1482 3486 1526 a
3506 1481 3603 1526 me

1956 1551 2139 1630 gradu
2169 1560 2280 1626 est,
2307 1572 2422 1633 quo
2444 1571 2579 1614 cum
2611 1553 2930 1617 subtilibus
2965 1572 3110 1616 sane
3141 1553 3481 1616 rationibus
3499 1552 3599 1616 di-

1956 1638 2075 1701 vini
2097 1640 2364 1702 mandati
2394 1649 2668 1722 respectu
2698 1642 3096 1723 conjungitur)
3128 1661 3262 1705 cum
3300 1650 3500 1705 autem
3526 1641 3603 1705 ad

222 1717 288 1784 Ἠ
348 1728 449 1808 γὰρ
488 1712 690 1811 ἀδελφη
742 1730 837 1799 τῆς
882 1712 1111 1812 νύμφης,
1172 1735 1301 1810 πρὸς
1360 1730 1457 1806 μὲν
1532 1712 1697 1796 aiis-iw
1754 1725 1862 1785 δευ-

1961 1727 2136 1789 eliam
2169 1728 2286 1810 ipsi
2315 1712 2618 1809 cognatam
2652 1712 2965 1811 persdnam
2996 1731 3212 1810 gradus
3260 1731 3599 1813 inquiritur,

215 1815 371 1895 τέρου
428 1816 539 1876 ἐστὶ
578 1820 780 1897 βαθμου
815 1840 832 1858 ’
890 1822 1020 1899 πρὸς
1078 1820 1173 1896 ἐμὲ
1224 1817 1304 1898 δὲ,
1358 1817 1633 1897 τετάρτου.
1688 1819 1787 1875 Καὶ
1840 1818 1876 1884 ἡ

218 1905 388 1973 αὖτῆς
451 1908 561 1964 θεία
617 1910 746 1987 πρὸς
804 1908 1007 1977 ἐκείνην
1065 1911 1162 1984 μὲν
1216 1908 1418 1988 τρίτου,
1493 1908 1623 1987 πρὸς
1677 1904 1772 1982 ἐμὲ
1821 1902 1877 1963 δὲ

217 1994 489 2071 πέμπτου.
567 1998 665 2056 Καὶ
746 1997 831 2055 ἐπὶ
898 2005 1004 2056 τῶν
1066 1997 1243 2055 ἄλλων
1313 1998 1536 2073 ὁμοίως.
1595 2002 1711 2053 Τῶν
1782 1996 1877 2053 οὔκ

214 2083 585 2165 ἐνδεχομένων
638 2109 738 2166 γαρ
808 2088 972 2161 ἐστιν,
1048 2087 1225 2166 ὥσπερ
1307 2088 1398 2143 τὸν
1470 2083 1650 2164 ἄνδρα,
1736 2083 1874 2142 οὕτω

213 2171 282 2241 δὴ
337 2175 425 2231 καὶ
466 2175 559 2230 τὸν
618 2176 804 2234 τούτου
857 2175 1079 2256 ἀδελφὸν
1130 2177 1297 2252 σάρκα
1339 2170 1685 2253 λογίζεσθαι1
1748 2175 1871 2245 μίαν

214 2264 352 2338 μετᾶ
379 2269 478 2330 τῆς
539 2265 767 2346 νύμφης,
829 2268 915 2323 καὶ
970 2263 1036 2322 δι’
1081 2264 1312 2331 ἐπινοίας
1368 2263 1600 2321 ἐπίνοιαν
1642 2264 1869 2339 συνάψαι

212 2353 357 2431 παρὰ
394 2354 496 2423 τὴν
548 2361 642 2411 τοῦ
701 2355 868 2429 νόμου
921 2352 1162 2430 δύναμιν.
1224 2357 1284 2413 Οἱ
1342 2354 1443 2433 γὰρ
1488 2352 1549 2409 ἐκ
1616 2351 1867 2431 πλαγίου,

217 2447 428 2519 πρῶτον
483 2444 682 2524 βαθμὸν
739 2447 832 2503 οὒκ
902 2441 1143 2524 ἔχουσιν,
1217 2441 1338 2499 ἄλλ’
1394 2443 1456 2499 ἐκ
1496 2451 1589 2502 τοῦ
1630 2440 1870 2520 δευτέρου

216 2530 497 2610 ἄρχονται.
532 2523 591 2590 Ὀ
623 2532 721 2607 μῖν
766 2531 853 2589 οὗν
909 2533 1069 2608 νόμος
1112 2534 1178 2589 τὰ
1221 2531 1281 2588 ἐκ
1322 2532 1604 2611 τριγενείας
1660 2530 1871 2610 πρώτου

219 2620 422 2697 βαθμοῦ
503 2619 818 2684 κεκώλυσιν.
887 2620 1067 2701 ὥσπερ
1151 2620 1361 2700 εἴρηται
1396 2636 1411 2651 ⁸
1500 2622 1536 2688 ἡ
1619 2616 1675 2675 δὲ
1744 2640 1868 2697 κρα-

225 2715 387 2765 τοῦσα
454 2712 699 2779 συνήθεια
749 2710 838 2766 καὶ
903 2710 970 2767 τὰ
1046 2711 1187 2788 παρὰ
1238 2709 1400 2766 ταῦτα
1455 2709 1544 2765 καὶ
1596 2707 1725 2786 ὑπὲρ
1779 2708 1871 2764 τὸν

224 2804 435 2876 πρῶτον
483 2798 682 2874 βαθμὸν
736 2797 797 2855 ἐκ
850 2799 1138 2878 τριγενείας
1194 2797 1341 2874 ὄντα,
1387 2796 1632 2854 ἀκώλυτα
1700 2794 1817 2875 ἔχει
1850 2812 1865 2826 ⁸

220 2889 360 2958 οἷον,
422 2885 552 2967 ἔσχε
607 2910 689 2952 τις
745 2902 997 2967 γυναῖκα.
1058 2888 1243 2964 Χρόνῳ
1311 2886 1366 2944 δὲ
1421 2885 1633 2964 ὕστερον
1664 2884 1867 2951 ἐκείνης

214 2975 497 3045 θανούσης,
543 2976 641 3043 τὴν
688 2990 916 3055 γυναῖκα
973 2986 1068 3035 τοῦ
1106 2978 1244 3034 θείου
1300 2978 1462 3043 αὐτῆς
1514 2976 1588 3038 εἷς
1630 2970 1867 3053 δεύτερον

210 3060 369 3120 ἔλαϐε
433 3040 783 3127 νσυνοικὲσιὸν,
841 3043 1034 3130 ’Ἄλλος
1087 3066 1187 3134 τὴν
1255 3040 1523 3143 προγόνην
1592 3070 1687 3120 τοῦ
1756 3040 1856 3141 1.0-
1884 3040 1924 3090 ε

209 3149 555 3232 ναικαδέλφου
611 3157 767 3212 αὖτοῦ
820 3152 1027 3216 ἔλαϐεν,
1100 3153 1193 3212 Ἐν
1247 3154 1452 3219 τούτοις
1514 3153 1613 3232 γὰρ
1670 3153 1859 3229 βαθμοὶ

208 3239 307 3315 μὲν
352 3239 720 3321 ἀναφαίνονται
764 3254 934 3319 τρεῖς.
996 3243 1218 3300 Λύονται
1281 3239 1336 3298 δὲ
1393 3240 1539 3316 ὅμως
1579 3240 1716 3296 κατὰ
1758 3240 1859 3307 τὴν

206 3331 502 3400 συνήθειαν.
593 3322 655 3388 Ἠ
740 3330 919 3407 μέντοι
1000 3329 1258 3412 ἀκρίϐεια,
1344 3331 1524 3409 ὥσπερ
1606 3328 1855 3404 εἴπομεν,

204 3419 300 3474 τὸν
366 3418 611 3499 τέταρτον
669 3421 723 3478 ὲν
792 3422 997 3484 τούτοις
1049 3421 1249 3499 βαθμὸν
1302 3420 1545 3482 ἀπαιτεῖ.
1594 3428 1691 3475 Δεῖ
1758 3418 1857 3496 γὰρ

205 3507 308 3574 τὴν
335 3509 636 3577 οἰκειότητα
690 3516 789 3578 τῆς
847 3510 1159 3589 ἀγχιστείας
1203 3512 1596 3588 πλαγιασθῆναι
1641 3509 1855 3587 μικρὸν,

204 3596 296 3652 καὶ
322 3607 610 3663 τηνικαῦτα
652 3598 798 3655 ’ἐσται
830 3601 1043 3674 θεμιτὸς
1101 3602 1130 3656 6
1185 3599 1381 3678 γάμος.
1442 3602 1596 3677 Οἷον,
1640 3595 1721 3655 ὅτι
1763 3595 1858 3653 τοῦ

204 3684 617 3766 γυναικαδέλφου
682 3710 782 3761 μοι)
868 3689 904 3756 ἡ
999 3689 1131 3764 γυνῆ
1216 3693 1500 3767 προπχῶς
1595 3686 1857 3767 ᾠκείωται

202 3776 338 3852 πρὸς
407 3776 468 3831 τὸ
521 3775 682 3850 μέσον
728 3776 899 3855 γένος.
962 3777 1140 3857 ὥσπερ
1170 3778 1324 3855 κάγὼ
1380 3778 1513 3856 πρὸς
1556 3777 1738 3836 αὒτὸν.
1796 3764 1853 3832 Ὀ

198 3864 290 3920 οὖν
362 3863 619 3943 ἡμέτερος
689 3863 914 3945 ἀδελφὸς
998 3864 1206 3922 δύναται
1290 3866 1489 3932 ταύτην
1557 3863 1852 3939 ἀμέμπτως

199 3949 388 4007 λαϐεῖν
442 3952 689 4016 θάνοντος
733 3960 825 4011 τοῦ
872 3951 1285 4034 γυναικαδὲλφου
1334 3976 1458 4031 μου,
1516 3953 1553 4022 ἢ
1607 3952 1716 4029 ἐγὼ
1756 3953 1856 4011 τὴν

194 4039 403 4107 ἐκείνης
456 4038 665 4115 λαϐεῖν,
720 4042 883 4109 αὒτὴν
926 4040 952 4083 2
1008 4040 1063 4097 δὲ
1117 4042 1176 4099 ού
1217 4042 1366 4117 θέμις
1421 4040 1630 4103 λαϐεῖν.
1689 4039 1853 4097 Πάλιν

196 4125 385 4185 ἔλαϐον
441 4130 514 4191 εἷς
551 4129 651 4197 τὴν
719 4128 951 4210 ἀδελφήν
1008 4151 1108 4204 μου
1164 4129 1424 4209 γαμϐρὸν,
1478 4132 1539 4188 οὗ
1606 4130 1705 4197 τὴν
1764 4128 1850 4186 ἐπ’

196 4215 410 4298 ἀδελφῷ
464 4238 595 4274 ποτε
646 4217 854 4297 νύμφην
913 4220 1065 4283 αὐτὸς
1124 4215 1308 4275 ’ἐλαϐεν
1355 4217 1406 4268 3'
1465 4221 1538 4283 εἷς
1595 4231 1844 4297 Tantm,

1962 1836 2081 1879 non
2103 1817 2186 1879 ita
2214 1836 2314 1880 res
2343 1818 2543 1883 habet.
2568 1818 2714 1883 Nam
2754 1820 2973 1883 fratrias
3000 1837 3191 1897 soror,
3221 1837 3360 1900 erga
3383 1818 3598 1902 ipsam,

1961 1906 2200 1987 quidem
2259 1908 2509 1970 secundi
2552 1907 2770 1988 gradus
2817 1917 2945 1973 est:
3000 1926 3141 1988 erga
3194 1926 3322 1984 me,
3379 1908 3595 1989 quarti.

1961 1995 2241 2075 Ejusdem
2269 1994 2449 2058 amita
2476 1996 2693 2075 gradus
2719 2014 2859 2076 erga
2903 1997 3092 2078 ipsam
3122 2005 3213 2059 est
3252 1996 3435 2077 tertii,
3461 2014 3600 2076 erga

1959 2101 2055 2145 me
2082 2083 2706 2164 quinti.tlonsimiliter
2725 2092 2783 2147 et
2811 2084 2874 2147 in
2902 2084 3297 2167 aliis.Quippe
3327 2084 3460 2147 fieri
3486 2103 3598 2147 ne-

1954 2175 2080 2252 quit
2107 2179 2193 2244 ut,
2227 2172 2728 2252 quemadmodum
2781 2175 3049 2249 maritus,
3081 2173 3168 2236 sic
3197 2172 3374 2236 etiam
3411 2172 3596 2235 frater

1955 2260 2085 2340 ejus
2114 2277 2219 2339 pro
2258 2278 2376 2322 una
2424 2278 2604 2322 carne
2633 2260 2916 2323 habeatur
2945 2280 3081 2323 cum
3128 2259 3355 2334 fratria,
3388 2267 3448 2323 et
3485 2278 3597 2340 per

1954 2347 2371 2428 cogitationem
2404 2357 2617 2429 praeter
2646 2359 2906 2413 mentem
2937 2350 3086 2431 legis
3122 2350 3237 2413 alia
3264 2348 3413 2412 ratio
3441 2367 3591 2411 con-

1945 2437 2253 2517 jungatur.
2286 2437 2396 2510 Qui
2443 2438 2602 2500 enim
2652 2457 2724 2501 ex
2774 2447 3107 2503 transverso
3138 2446 3295 2516 sunt,
3333 2438 3590 2519 primum

1953 2527 2197 2607 gradum
2227 2546 2345 2589 non
2378 2527 2623 2603 habent,
2650 2527 2754 2591 sed
2777 2546 2810 2589 a
2841 2529 3106 2591 secundo
3135 2527 3449 2609 incipiunt.
3481 2530 3594 2590 Lex

1953 2617 2156 2696 igitur,
2190 2617 2272 2678 uti
2319 2616 2598 2692 diximus,
2645 2617 3021 2680 matrimonia
3070 2616 3246 2679 trium
3304 2633 3591 2697 generum

1955 2706 2236 2768 duntaxat
2278 2724 2348 2768 ea
2394 2704 2724 2787 prohibuit,
2774 2724 2906 2788 quae
2948 2705 3125 2789 primi
3180 2705 3398 2785 gradus
3427 2713 3589 2770 sunt.

1955 2795 2217 2877 Recepta
2273 2813 2414 2858 vero
2458 2795 2822 2858 consuetudo
2864 2813 2968 2877 pro
3026 2814 3144 2858 non
3188 2794 3382 2857 vetitis
3415 2793 3594 2857 habet

1951 2903 2315 2967 quaeounque
2364 2892 2578 2965 praeter
2610 2885 2736 2947 hac
2767 2893 2928 2965 sunt,
2962 2892 3022 2949 et
3051 2883 3306 2966 primum
3337 2883 3589 2963 gradum

1950 2974 2268 3039 excedunt.
2301 2972 2484 3036 Verbi
2513 2972 2699 3054 gratia
2730 2990 2745 3036 :
2781 2973 3034 3047 Quidam
3058 2990 3307 3035 uxorem
3356 2970 3585 3034 habuit.

1948 3062 2241 3145 Deinceps
2280 3062 2380 3124 illa
2409 3062 2715 3137 defuncta,
2747 3063 3058 3144 conjugem
3093 3060 3289 3140 patrui
3318 3059 3592 3124 mulieris

1940 3153 2204 3215 secundo
2222 3151 2601 3214 matrimonio
2622 3149 3241 3213 duxituxorem.Alius
3262 3148 3588 3229 privignam

1938 3242 2135 3304 fratris
2162 3241 2361 3303 uxoris
2390 3259 2513 3302 sua;
2541 3239 2730 3304 duxit.
2765 3238 2832 3302 In
2854 3240 2947 3303 his
2978 3239 3140 3302 enim
3173 3245 3297 3300 tres
3338 3237 3583 3318 quidem

1939 3330 2157 3410 gradus
2186 3336 2517 3408 emergunt,
2551 3327 2659 3390 sed
2690 3327 3102 3390 nihihominus
3130 3325 3319 3390 libere
3349 3324 3592 3406 permit-

1943 3426 2148 3481 tuntur
2197 3417 2429 3481 ratione
2478 3414 2949 3478 consuetudinis.
2983 3414 3047 3478 Si
3077 3423 3275 3479 tamen
3315 3420 3589 3478 accurate

1938 3526 2067 3570 rem
2098 3505 2575 3579 consideremus,
2619 3504 2836 3584 gradus
2882 3504 2944 3566 in
2975 3504 3092 3582 his,
3147 3520 3259 3566 ceu
3301 3501 3586 3583 diximus,

1940 3604 2183 3678 quartus
2224 3592 2569 3676 requiritur.
2619 3592 2852 3675 Quippe
2898 3592 3401 3656 necessitudinem
3448 3590 3586 3652 affi-

1936 3685 2139 3748 nitatis
2158 3684 2219 3747 in
2253 3692 2654 3746 transversum
2690 3681 2962 3744 nonnihil
2981 3680 3588 3763 oportetextendi,at-

1936 3794 2053 3857 que
2084 3778 2164 3839 ita
2194 3773 2427 3836 licitum
2478 3772 2594 3835 erit
2640 3771 3107 3834 matrimonium.
3140 3769 3325 3833 Verbi
3365 3771 3578 3851 gratia,

1936 3865 2149 3944 conjux
2175 3862 2373 3925 fratris
2395 3861 2597 3924 uxoris
2615 3879 2765 3923 mea;
2784 3860 3113 3942 propinqua
3135 3859 3582 3923 necessitudine

1932 3953 2204 4033 jungitur
2226 3950 2582 4014 intermedio
2606 3950 2837 4030 generi,
2866 3949 3094 4013 sicutet
3112 3968 3219 4029 ego
3250 3948 3390 4030 ipsi.
3414 3947 3583 4012 Hanc

1938 4041 2117 4103 frater
2148 4058 2338 4115 meus,
2367 4038 2644 4102 defuncto
2677 4039 2948 4119 conjugis
2975 4056 3126 4100 mea;
3147 4038 3584 4114 fratre,ducere

1934 4130 2081 4192 citra
2111 4128 2646 4209 reprehensionem
2678 4135 2892 4209 potest,
2924 4128 3013 4190 vel
3044 4127 3231 4208 ipsius
3268 4146 3377 4207 ego
3406 4145 3581 4189 soro-

1931 4240 2058 4285 rem
2086 4244 2103 4298 ς
2135 4220 2241 4283 sed
2273 4239 2390 4283 non
2419 4221 2503 4282 fas
2527 4228 2636 4296 est,
2672 4227 2735 4281 ut
2765 4219 2894 4300 ipsa
2925 4219 3069 4282 mihi
3112 4217 3319 4281 nubat.
3355 4218 3583 4282 Rursus

195 4305 294 4362 καί
350 4305 492 4363 ἔστιν
556 4305 849 4369 ἀκώλυτον,
925 4304 1075 4364 Ἐπεὶ
1147 4309 1235 4365 καὶ
1315 4309 1562 4387 τετάρτου
1646 4309 1847 4384 βαθμοῦ

1945 4312 2165 4374 afﬁnem
2208 4317 2461 4372 nanctus
2490 4327 2646 4382 sum,
2699 4307 2923 4370 sororis
2953 4326 3102 4369 mea;
3130 4308 3361 4379 virum;
3407 4308 3582 4387 cujus

194 4394 512 4474 εὑρίσκεται,
583 4396 672 4453 καὶ
740 4396 1054 4474 μακρύνεται
1111 4399 1295 4476 μικρὸν
1342 4400 1431 4455 καὶ
1497 4401 1598 4462 τῆς
1645 4396 1844 4454 οἰκειό-

189 4505 359 4551 τητος
419 4491 513 4541 τοῦ
566 4483 729 4559 μέσου
781 4484 984 4562 γένους.
1044 4486 1116 4544 Τὸ
1169 4487 1267 4564 γὰρ
1311 4488 1438 4566 πρὸς
1484 4487 1610 4543 αὐτὸ
1671 4507 1843 4564 προσ-

186 4578 336 4652 εχῶς
365 4572 758 4647 σδναπτόμενον
815 4574 1120 4652 πρόσωπον,
1154 4576 1187 4643 ἡ
1218 4573 1417 4652 ἀδελφή
1477 4597 1579 4651 μου
1632 4573 1775 4631 ἐστιν
1825 4592 1837 4606 ³

182 4662 298 4741 ἐγὼ
321 4659 377 4717 δὲ
421 4660 482 4718 ἐκ
536 4660 785 4740 πλαγίου,
844 4664 932 4721 καὶ
975 4665 1160 4743 μικρὸν
1214 4664 1458 4743 ἀποτέρω
1510 4670 1604 4721 τοῦ
1651 4662 1836 4739 μέσου.

180 4750 353 4809 Πάλιν
385 4749 472 4808 ἐπὶ
525 4757 594 4827 τῇ
648 4753 861 4832 θυγατρὶ
905 4752 1117 4832 ἐγένετό
1165 4777 1256 4829 μοι
1325 4753 1588 4833 γαμϐρός,
1642 4753 1841 4812 Τούτου

174 4841 282 4908 τὴν
324 4839 457 4897 ποτὲ
500 4840 597 4916 μὲν
624 4840 834 4921 νύμφην
860 4840 946 4899 ἐπ’
979 4840 1190 4923 ἀδελφῷ
1247 4840 1433 4899 λαϐεῖν
1490 4862 1556 4918 με
1611 4843 1685 4904 είς
1740 4864 1838 4920 γυ-

172 4942 343 4986 ναῖκα
399 4930 459 4985 οὗ
511 4928 683 5008 θέμις,
772 4931 847 4994 ὡς
917 4937 1203 5010 προσεχῶς
1248 4929 1651 5005 συναπτομένην
1706 4931 1836 5008 πρὸς

175 5021 242 5075 τὸ
285 5018 450 5092 μέσον
479 5015 630 5095 γένος
663 5036 679 5053 ⁸
712 5019 812 5086 τήν
842 5016 897 5074 δὲ
947 5020 1109 5087 αὒτῆς
1173 5016 1399 5097 Ιλαϐεῖν]
1445 5016 1701 5099 ἀδελφὴν,
1747 5020 1839 5076 οὒκ

176 5105 426 5180 ἀθέμιτον
460 5122 475 5139 ⁶
562 5104 699 5162 ἀλλὰ
767 5109 856 5189 καὶ
946 5106 1182 5189 γαμϐρὸς
1263 5110 1353 5165 καὶ
1425 5105 1838 5188 γυναικάδελφος

180 5193 545 5273 χηρεύσαντες
603 5196 743 5252 θείαν
810 5188 899 5253 καὶ
958 5188 1182 5273 ἀνεψιὰν
1237 5194 1477 5272 οὐδαμῶς
1533 5194 1839 5271 λαμϐάνου-

1870 4361 1912 4411 D

1931 4396 2216 4480 fratriam,
2269 4398 2437 4461 fratri
2485 4397 2714 4460 scilicet
2761 4396 2949 4477 ipsius
2979 4395 3278 4477 quondam
3309 4403 3577 4477 nuptam,

1930 4508 2172 4551 uxorem
2218 4487 2349 4569 ipse
2390 4487 2567 4567 duco,
2597 4485 2745 4547 citra
2771 4483 3253 4564 prohibitionem.
3287 4483 3579 4555 Quoniam

1929 4587 1986 4640 et
2014 4577 2212 4659 quarti
2263 4577 2482 4657 gradus
2523 4593 2658 4638 esse
2710 4572 3206 4655 deprehenditur,
3240 4579 3299 4634 et
3341 4572 3577 4651 longius

1924 4666 2224 4746 aliquanto
2255 4672 2592 4727 removetur
2615 4682 2649 4724 a
2670 4660 3116 4726 necessitudine
3135 4661 3373 4741 generis
3396 4661 3578 4724 inter-

1924 4752 2280 4826 medii.Quae
2305 4753 2464 4815 enim
2500 4770 2754 4833 persona
2782 4770 2966 4834 prope
2996 4770 3132 4815 cum
3155 4751 3286 4833 ipso
3317 4753 3576 4833 conjun-

1922 4843 2278 4924 gitur,soror
2308 4859 2438 4902 mea
2466 4852 2590 4903 est:
2628 4842 2755 4923 ipse
2775 4859 2915 4904 vero
2937 4859 3070 4905 sum
3100 4858 3172 4903 ex
3205 4848 3563 4921 transverso,

1923 4939 1981 4993 et
2012 4931 2186 5014 paulo
2209 4932 2494 4992 remotior
2521 4928 2596 4993 ab
2629 4929 2987 4994 intermedia
3016 4947 3291 5012 persona.
3313 4931 3567 4992 Rursum

1922 5030 2134 5082 nactus
2184 5036 2319 5082 sum
2366 5034 2677 5098 generum,
2713 5018 2989 5083 maritum
3042 5018 3178 5082 filiai
3207 5020 3418 5101 :cujus
3447 5017 3569 5081 fra-

1923 5111 2119 5182 triam,
2155 5115 2399 5190 nuptam
2431 5106 2661 5170 scilicet
2713 5107 3012 5189 quondam
3040 5108 3170 5190 ejus
3198 5108 3388 5186 fratri,
3420 5106 3569 5171 mihi

1924 5197 2167 5279 quidem
2201 5214 2321 5260 non
2365 5195 2451 5258 fas
2497 5203 2586 5259 est
2614 5214 2857 5261 uxorem
2890 5195 3134 5275 ducere,
3176 5197 3357 5263 veluti
3383 5216 3572 5281 prope

1492 5361 1749 5428 VARIE
1793 5363 2114 5432 LECTlON
2120 5365 2233 5431 ES.

248 5467 267 5510 ί
302 5466 633 5547 λογίσασθαι.
720 5467 748 5511 9
777 5468 993 5538 ἑκηίνης
1028 5469 1282 5549 ἀδελφήν.
1319 5470 1520 5541 Λότήν.
1603 5470 1657 5514 ε’
1692 5472 1907 5537 ἔλαϐον,

1734 5579 1989 5651 ΝΟΤΕ.

256 5679 384 5763 (74)
421 5680 463 5745 ι.
496 5678 594 5745 15.
627 5681 697 5749 D.
736 5683 828 5749 De
852 5689 956 5751 rit.
983 5693 1152 5767 nupt.
