4074 6212
263 295 418 360 1241

1603 304 2314 374 GRzECO-ROMANUM.

3490 324 3643 391 1942

255 425 385 490 τοὺς
468 427 893 504 εἶσποιουμένους
990 433 1119 511 πρὸς
1210 436 1445 512 γαμικὴν
1528 439 1739 516 ὁμιλίαν
1794 464 1896 499 συν·

1994 437 2284 535 ςεειθιυυπι
2300 440 2538 506 Novella
2548 462 2725 509 xxxiv
2739 448 3022 528 principis
3035 449 3273 525 Leonis,
3294 458 3647 535 cognomine

250 513 515 572 ἅπτεσθαι
571 530 689 580 τοϊς
756 524 850 575 τοῦ
906 519 1349 598 εἰσποιησαμένου
1396 513 1594 602 παισὶν,
1656 530 1840 611 ἐπάγει
1888 552 1904 568 ⁶

255 599 429 660 Ἀλλὰ
456 603 622 663 πάλαι
672 607 770 682 μὲν
823 608 900 683 μὴ
956 610 1093 665 κατὰ
1161 608 1342 690 λόγον,
1391 621 1478 672 νῦν
1536 599 1590 673 δέ
1641 599 1784 676 me;
1819 622 1908 677 τὸν

253 692 529 771 πρέποντα
597 696 790 787 θεσμὸν
873 696 974 787 καίῄ
1018 695 1215 755 δίκαιον
1270 706 1371 768 τῆς
1447 706 1701 771 υἱοθεσίας
1758 730 1906 787 γινο-

258 779 455 854 μένης,
522 784 610 839 καὶ
652 781 736 840 διὰ
791 783 1010 853 τελετῆς
1067 789 1229 866 ἱερᾶς,
1289 797 1394 848 τῶν
1450 793 1547 867 μὲν
1606 797 1679 860 εὶς
1709 779 1909 875 γονέων

259 867 410 935 τάξιν
492 872 912 948 καθισταμένων,
970 881 1075 930 τῶν
1132 874 1186 932 δὲ
1241 880 1314 942 είς
1357 881 1455 949 τὴν
1525 889 1629 940 τῶν
1686 884 1902 960 παίδων,

261 958 439 1016 οὐκέτι
495 960 849 1040 περιλείπεται
905 961 1064 1042 λόγος
1152 967 1226 1030 εἰς
1313 970 1487 1047 γάμον
1559 972 1906 1032 συνάπτεσθαι

259 1060 381 1111 τοῖς
438 1050 574 1108 κατὰ
641 1052 791 1130 φύσιν
878 1062 970 1111 τοῦ
1057 1056 1498 1133 εἰσποιησαμένου
1584 1063 1733 1118 παισὶ
1787 1065 1905 1129 τοὺς

262 1139 598 1206 εἰσποιητοὺς
667 1140 888 1217 παῖδας,
949 1141 1086 1218 μηδέ
1134 1147 1195 1202 τὸ
1261 1154 1367 1205 τῶν
1438 1148 1677 1231 ἀδελφῶν
1743 1152 1910 1229 ὄνομα

259 1228 392 1322 πρὸς
436 1230 501 1322 τὸ.
543 1234 642 1296 τῆς
686 1236 926 1322 σφςυγίας
971 1237 1405 1318 μεθαρμόζεσθαι,
1461 1228 1598 1296 ὥστε
1641 1228 1909 1322 γαμϐροὺς

258 1313 372 1372 ἀντὶ
401 1314 638 1398 ἀδελφῶν
676 1318 976 1381 καλεῖσθαι.

582 1517 608 1553 α
646 1487 774 1556 ιὈτι
802 1503 1084 1558 υἱοθετοῦσι
1128 1506 1213 1561 καὶ
1240 1507 1506 1587 εὖνοῦχοι.
1547 1532 1570 1568 o
1804 1549 1809 1553 ο

333 1590 437 1641 Τοῦ
463 1583 518 1642 δὲ
549 1587 710 1662 νόμου
766 1587 1037 1668 λέγοντος,
1084 1593 1164 1650 ὅτι
1214 1595 1249 1663 ἡ
1316 1583 1455 1660 θέσις
1508 1614 1753 1676 μιμεῖται
1802 1606 1901 1671 τὴν

248 1676 426 1755 φύσιν,
495 1680 583 1735 καὶ
637 1678 722 1736 διὰ
789 1689 943 1740 τοῦτο
1023 1684 1321 1751 κωλύοντος
1416 1692 1539 1755 τοὺς
1618 1695 1900 1775 εὐνούχους

1991 526 2309 621 ξορὶεηιίε,
2345 551 2476 594 cum
2511 526 2810 614 prohibet,
2860 526 3061 619 nequi
3094 526 3474 621 adoptantur,
3509 565 3642 607 cum

1992 617 2196 680 liberis
2227 621 2375 700 ejus,
2397 622 2498 702 qui
2519 623 2838 712 adoptavit,
2864 617 3242 691 matrimonio
3261 617 3639 712 copulentur,

1993 706 2119 768 haec
2151 707 2411 789 subjicit.
2442 710 2556 771 Sed
2591 713 2729 773 olim
2760 713 2996 794 quidem
3025 736 3139 778 non
3174 706 3504 781 secundum
3541 706 3636 783 ra;

1995 796 2239 870 tionem,
2275 817 2431 860 nunc
2462 817 2602 862 vero
2634 819 2769 864 cum
2819 803 3059 866 docenti
3090 814 3147 866 et
3172 808 3333 885 justa
3381 810 3508 889 lege
3546 812 3644 873 ﬁat

1991 884 2266 967 adoptio;
2302 906 2594 966 sacroque
2626 890 2740 951 ritu
2773 891 2858 952 illi
2902 902 3236 973 parentum,
3274 898 3332 958 hi
3385 884 3639 961 ﬁliorum

1991 971 2051 1032 in
2089 974 2279 1036 locum
2312 977 2750 1040 constituantur
2776 971 2939 1061 (80f:
2978 1002 3094 1043 non
3118 985 3375 1065 amplius
3406 988 3523 1049 ulla
3539 1008 3642 1051 re-

1990 1061 2151 1142 liqua
2176 1064 2324 1126 ratio
2353 1076 2465 1142 est,
2510 1085 2625 1147 qua
2655 1069 2760 1128 lilii
2810 1069 3064 1148 adoptivi
3110 1061 3244 1133 cum
3279 1077 3644 1140 naturalibus

1993 1150 2197 1214 liberis
2229 1154 2378 1233 ejus,
2441 1155 2542 1235 qui
2597 1157 2854 1239 adoptat,
2917 1161 3293 1225 matrimonio
3352 1168 3637 1246 copulen-

1994 1249 2091 1301 tur
2119 1243 2241 1320 (81)
2276 1261 2290 1304 :
2325 1260 2434 1304 nec
2485 1254 2549 1305 ut
2593 1245 2842 1307 fratuum
2902 1267 3141 1326 nomen,
3205 1271 3337 1313 cum
3400 1243 3640 1316 nomine

1991 1330 2248 1410 conjugii
2275 1331 2360 1393 sic
2389 1342 2812 1412 commutetur,
2848 1346 2912 1399 ut
2940 1337 3183 1400 t‘ratrum
3245 1340 3374 1403 loco
3430 1344 3636 1422 generi

1992 1427 2300 1484 vocentur.

2372 1510 2582 1573 Etiam
2613 1513 2898 1577 Enuchos
2926 1516 3243 1597 adoptare.

2065 1595 2209 1657 Cum
2242 1599 2545 1661 autemlex
2570 1601 2993 1685 dicat(82-83),
3011 1595 3393 1686 adoptionem
3418 1609 3638 1673 imitari

1987 1692 2277 1777 naturam,
2304 1686 2555 1768 ideoque
2581 1691 2912 1773 prohibeat,
2940 1713 3010 1753 ne
3038 1694 3153 1773 (84)
3178 1715 3356 1777 quem
3380 1701 3639 1761 eunuchi

244 1766 499 1823 εἶσποιειν
554 1790 692 1843 τινα,
766 1772 855 1827 καὶ
913 1770 1059 1853 ἔχειν
1115 1776 1273 1833 αὐτὸν
1330 1778 1656 1862 ὑπεξούσιον,
1713 1785 1748 1851 ἡ
1817 1774 1896 1847 κς4

1988 1771 2284 1868 adoptant,
2319 1784 2382 1868 ut
2403 1766 2606 1840 eorum
2625 1779 2686 1839 in
2712 1766 2998 1859 potestate
3020 1766 3095 1844 sit
3129 1766 3146 1844 έ
3173 1766 3442 1865 ejusdem
3466 1789 3632 1868 prin-

249 1855 427 1934 Νεαρὰ
454 1858 550 1913 τοῦ
576 1856 731 1915 αὐτοῦ
750 1859 1010 1935 βασιλέως
1052 1863 1314 1939 ἐθέσπισε,
1349 1868 1435 1924 καὶ
1488 1855 1653 1928 τοῦτο⁷
1671 1873 1899 1950 γίνεσθαι

254 1941 566 2008 ἀκωλύτως.

582 2056 611 2090 ι
646 2026 775 2094 υΟτι
803 2041 1085 2099 υἱοθετοῦσι
1115 2046 1202 2101 καὶ
1231 2045 1499 2123 παρθένοι.
1542 2072 1563 2102 ι

340 2113 403 2179 Ἠ
453 2120 510 2216 δέ
541 2126 773 2216 Δεἰκοστὴ
858 2125 1057 2205 ἑϐδόμη
1128 2134 1215 2189 καὶ
1269 2113 1394 2198 ταῖς
1465 2136 1737 2216 παρθένοις
1795 2142 1898 2196 εἰσ-

253 2224 432 2268 ποιεῖν
488 2210 683 2288 δίδωσι,
742 2219 830 2274 καὶ
924 2220 1044 2284 τοὺς
1114 2223 1509 2290 εἶσποιηθέντας
1566 2225 1896 2293 ὓπεξουσίους

249 2300 286 2368 ἢ
316 2298 697 2378 αὖτεξουσίους,
728 2301 900 2362 δίκαια
929 2306 1285 2388 κληρονομίας
1356 2310 1504 2392 ἔχειν
1564 2312 1649 2370 ἐπ’
1685 2318 1895 2380 αὐταῖς.

254 2390 353 2484 {iui
376 2389 455 2464 μὴ
506 2388 708 2449 δεῖσθαι
779 2395 1054 2471 βασιλικοῦ
1108 2388 1491 2477 ἐπιτάγματος,
1565 2403 1600 2472 ἢ
1664 2405 1899 2484 πράξεως

253 2475 534 2538 δικαστῶν.

259 2591 287 2622 ιι
335 2570 460 2664 Περὶ
627 2570 734 2628 ἀπὸ
779 2580 875 2664 τοῦ
922 2574 1069 2653 ἁγίου
1120 2577 1481 2655 βαπτίσματος
1530 2582 1819 2664 ἂναδοχῆς.
1868 2608 1891 2642 ι

343 2678 365 2712 ιι
406 2651 469 2715 Ἠ
498 2657 553 2715 δὲ
580 2659 687 2717 ἀπὸ
714 2661 807 2718 τοῦ
850 2651 1000 2741 ἁγίου
1054 2651 1414 2744 βαπτίσματος
1460 2670 1579 2730 κατ’
1624 2651 1898 2755 ἀναδοχην

253 2747 509 2824 γινόμένη
576 2752 826 2830 υἱοθεσία,
885 2752 979 2809 οὒκ
1032 2755 1104 2817 είς
1164 2754 1517 2835 κληρονομίαν
1574 2747 1891 2844 εἰσέρχεται,

252 2834 376 2892 ἀλλ’
419 2839 490 2904 εἷς
546 2838 668 2903 τοὺς
726 2843 984 2919 γαμικούς
1040 2834 1282 2918 μόνους,
1311 2849 1385 2910 ὡς
1442 2834 1890 2928 simum-5115‘:-

250 2947 336 2981 ται
366 2927 617 3003 βαθμοὺς.
663 2930 804 2996 Φησὶ
853 2930 952 3009 γὰρ
1010 2934 1038 2988 ὁ
1084 2937 1437 3000 πεντηκοστὸς
1493 2927 1664 3018 τρίτος
1721 2942 1894 2999 κανὼν

1983 1860 2569 1957 cipisNovellaxxvr
2590 1870 2811 1944 statuit,
2843 1882 2904 1932 ut
2927 1873 3036 1934 hoc
3072 1860 3307 1955 quicque
3326 1860 3633 1957 citra-pro-

1983 1949 2333 2014 hibitionem
2372 1955 2555 2017 ullam
2591 1958 2708 2017 ﬁat.

2336 2044 2606 2125 Virgines
2633 2050 2817 2109 etiam
2839 2049 3128 2128 adoptare
3165 2051 3308 2132 (85).

2061 2129 2340 2210 Ejusdem
2397 2151 2559 2196 xxvu
2613 2137 2954 2198 constitutio
3003 2129 3329 2218 virginibus
3399 2161 3634 2225 quoque

1981 2228 2332 2311 potestatem
2361 2223 2678 2303 adaptandi
2711 2226 3005 2301 Concedit,
3033 2237 3091 2289 et
3119 2237 3178 2289 ut
3198 2231 3483 2311 adoptati,
3514 2223 3629 2293 tam

1982 2307 2085 2368 ﬁlii
2119 2309 2392 2391 familias,
2424 2331 2597 2393 quam
2630 2315 2987 2394 emancipati
3035 2307 3364 2396 virginibus
3422 2339 3630 2383 succe-

1982 2396 2164 2491 dendi
2187 2400 2284 2479 jus
2321 2402 2576 2464 habeant
2608 2422 2753 2465 :uec
2773 2405 2844 2466 ad
2871 2406 2981 2466 hoc
3004 2405 3312 2485 indigeant
3345 2408 3630 2491 principis

1981 2487 2297 2569 rescripto,
2324 2493 2417 2553 vel
2450 2501 2583 2553 actu
2608 2493 2903 2572 judicum.

2202 2579 2285 2641 De
2313 2584 2682 2661 susceptione
2702 2601 2783 2643 ea:
2808 2601 2989 2645 sacro
3020 2583 3402 2665 baptismate.

2061 2667 2344 2749 Adoptio,
2377 2688 2508 2750 qua
2538 2670 2598 2730 ﬁt
2624 2689 2728 2750 per
2751 2673 3189 2753 susceptionem
3225 2693 3293 2737 ex
3317 2694 3486 2739 sacro
3520 2676 3626 2738 ba-

1982 2756 2279 2837 ptismate,
2300 2776 2416 2818 non
2430 2759 2499 2819 ad
2520 2760 2922 2822 hazreditatem
2937 2762 3270 2826 adeundam
3285 2782 3349 2825 se
3361 2764 3626 2845 porrigit,

1976 2846 2083 2908 sed
2143 2846 2419 2908 duntaxat
2473 2847 2535 2907 in
2582 2848 2862 2927 gradibus
2924 2850 3460 2931 matrimoniorum,
3522 2873 3630 2916 ceu

1977 2934 2198 2996 dictum
2231 2946 2340 3010 est,
2371 2945 2696 3017 spectatur.
2732 2937 2967 3019 Quippe
3025 2958 3212 3003 canon
3270 2959 3375 3004 Lm
3420 2943 3631 3022 synodi

249 3019 353 3081 τῆς
408 3014 565 3083 ἕκτης
650 3015 885 3075 συνόδου·
975 3018 1191 3089 Ἐπειδὴ
1248 3024 1438 3097 μείζων
1480 3014 1617 3084 ἐστὶν
1672 3031 1707 3098 ἠ
1760 3033 1894 3089 κατὰ

1988 3031 2158 3086 sexta:
2183 3024 2299 3087 ait:
2340 3014 2630 3098 Quoniam
2662 3014 2986 3107 spiritualis
3017 3029 3393 3091 necessitudo
3442 3014 3633 3111 major

250 3106 457 3179 πνεῦμα
499 3105 762 3173 οἰκειότης
812 3107 909 3175 τῆς
962 3115 1067 3166 τῶν
1118 3113 1379 3187 σωμάτων
1444 3118 1742 3198 συναφείας,
1773 3122 1894 3186 τοὺς

252 3193 315 3250 ἐκ
369 3194 655 3273 τοῦίὰγίον
712 3198 801 3252 καὶ
856 3197 1225 3278 σωτηριώδους
1280 3193 1646 3281 βαπτισματος
1703 3207 1896 3275 παῖδας

249 3281 692 3363 ἀναδεχομένους,
728 3287 818 3341 καὶ
848 3287 982 3362 μετὰ
1032 3289 1187 3345 τοῦτο
1242 3305 1365 3355 ταῖς
1424 3294 1634 3351 ἐκείνων
1664 3299 1894 3377 μητράσι

248 3373 601 3453 χηρευούσαις
670 3381 915 3452 γαμικῶς
960 3378 1409 3461 συναπτομένους,
1484 3384 1723 3462 ὁρίζομεν
1779 3373 1893 3467 ’ἀφ

250 3463 486 3519 ίστασθαι
516 3463 614 3538 μὲν
661 3470 755 3521 τοῦ
826 3466 1063 3523 τοιούτου
1132 3471 1453 3527 συνοικεσίου
1499 3489 1514 3506 ⁸
1575 3472 1754 3530 ἔπειτα
1811 3478 1897 3533 καὶ

244 3562 366 3613 τοῖς
441 3556 548 3608 τῶν
641 3553 1000 3631 πορνευόντων
1108 3556 1392 3632 ἐπιτιμίοις
1488 3560 1894 3629 ὑποϐάλλεσθαι,

252 3629 310 3697 Ὀ
372 3639 472 3718 γὰρ
522 3641 598 3714 μὴ
669 3629 892 3717 ἑτοίμως
974 3643 1066 3700 τοῦ
1142 3629 1308 3703 κακοῦ
1363 3648 1738 3729 ἀφιστάμενος,
1811 3657 1897 3711 καὶ

248 3727 749 3814 ἐξομολογούμενος,
834 3732 909 3794 ὡς
968 3731 1262 3808 ἐμομίκτης
1307 3735 1341 3785 4
1411 3727 1658 3814 κρίνεται.
1725 3734 1782 3801 Ὀ
1838 3744 1893 3799 δὲ

249 3816 411 3892 νόμος
441 3819 600 3897 φησίν
635 3832 649 3846 ⁹
702 3809 759 3875 ιΟ
788 3818 968 3893 μέντοι
1015 3820 1121 3877 ἀπὸ
1176 3829 1268 3880 τοῦ
1320 3809 1485 3903 ’ἁγίου
1526 3828 1892 3906 βαπτίσματος

247 3906 367 3962 τινὰ
397 3903 701 3986 δεξάμενος,
760 3908 820 3962 οὒ
873 3904 1082 3965 δύναται
1125 3913 1289 3979 αὖτήν
1342 3903 1554 3994 ὕστερον
1604 3919 1734 3996 πρὸς
1790 3921 1894 3999 γά-

252 4017 353 4071 μον
382 3994 693 4074 ἀγαγέσθαι,
754 3997 826 4060 ὼς
896 3995 999 4065 ἤδη
1072 4001 1358 4077 γενομένην
1404 4003 1563 4062 αὑτοῦ
1612 3994 1892 4087 θυγατέρα.

248 4082 378 4145 Οὐδὲ
429 4086 529 4153 τὴν
587 4087 783 4153 ταύτης
826 4086 1031 4166 μητέρα
1088 4091 1123 4160 ἥ
1181 4092 1459 4172 θυγατέρα.
1507 4091 1656 4151 Ἀλλ’
1687 4082 1831 4157 *οὒδέ
1863 4102 1890 4156 ὁ

246 4175 356 4238 υἱὸς
432 4176 611 4238 αὐτοῦ,
674 4173 822 4232 Ἐπεὶ
890 4175 1037 4232 οὖὸὲν
1106 4175 1236 4235 ἄλλο
1305 4179 1512 4239 δύναται
1561 4184 1726 4249 οὕτως
1780 4189 1892 4243 εἰσ-

246 4276 472 4341 αγαγεῖν
523 4264 786 4342 πατρικὴν
854 4263 1077 4321 διάθεσιν
1130 4269 1217 4324 καὶ
1273 4268 1475 4326 δικαίαν
1531 4275 1704 4352 γάμου
1787 4278 1894 4334 κώ-

1981 3124 2069 3173 est
2094 3114 2513 3193 conjunctione
2569 3132 2907 3194 corporum,
2943 3116 3277 3192 statuimus,
3312 3126 3373 3178 ut
3405 3120 3503 3199 qui
3553 3138 3627 3181 ex

1978 3220 2150 3266 sacro
2193 3213 2249 3263 et
2278 3202 2520 3263 salutari
2553 3202 2901 3283 baptismate
2935 3222 3153 3283 pueros
3181 3207 3536 3286 suscipiunt,
3572 3217 3631 3269 et

1981 3300 2181 3371 postea
2203 3310 2335 3352 cum
2359 3291 2646 3352 matribus
2671 3310 2878 3352 eorum
2900 3293 3161 3353 viduisin
3187 3294 3626 3357 matrimonium

1979 3387 2211 3458 coeunt,
2250 3379 2506 3459 primum
2563 3398 2597 3440 a
2654 3380 2753 3441 tali
2814 3379 3206 3442 contubernio
3264 3381 3624 3459 abstineant,

1980 3467 2198 3529 deinde
2229 3475 2618 3530 scortatorum
2677 3485 2912 3549 quoque
2965 3470 3154 3547 pmnis
3205 3469 3623 3549 subjiciantur.

1981 3555 2208 3637 Quippe
2237 3556 2336 3637 qui
2366 3555 2437 3617 ab
2469 3557 2582 3618 hoc
2616 3556 2766 3617 malo
2786 3566 3057 3637 prompte
3089 3577 3206 3619 non
3239 3559 3603 3621 semetabsti

1984 3654 2102 3723 net,
2132 3656 2189 3707 et
2219 3647 2533 3707 conﬁtetur
2564 3660 2837 3726 tanquam
2858 3646 3103 3708 incestis
3126 3647 3345 3729 nuptiis
3366 3649 3627 3729 pollutus

1978 3735 2312 3797 damnatur.
2346 3735 2519 3814 Legis
2539 3742 2735 3796 autem
2759 3735 2882 3797 haec
2905 3735 3081 3797 verba
3101 3746 3238 3798 sunt
3256 3737 3375 3817 (86)
3402 3755 3416 3801 :
3450 3737 3563 3810 Qui
3593 3757 3627 3800 e

1977 3842 2149 3886 sacro
2174 3823 2521 3904 bapiismate
2543 3843 2717 3905 quam
2734 3825 3021 3905 suscepit,
3046 3844 3174 3886 eam
3208 3836 3410 3907 postea
3430 3828 3628 3889 matri-

1978 3913 2179 3977 monio
2208 3913 2321 3974 sibi
2343 3914 2598 3993 jungere
2629 3932 2746 3973 non
2796 3922 3010 3994 potest,
3042 3923 3245 3995 utpote
3274 3935 3404 3997 quae
3438 3914 3624 3997 ipsius

1978 4002 2098 4064 ﬁlia
2123 4003 2272 4064 facta
2303 4004 2399 4064 sit.
2460 4004 2584 4065 Nec
2645 4004 2783 4064 item
2831 4003 3078 4082 [ducere
3111 4007 3328 4087 potest]
3374 4014 3622 4068 matrem

1977 4093 2126 4172 ejus,
2153 4101 2252 4153 ant
2283 4092 2459 4153 ﬁliam
2499 4111 2512 4152 :
2547 4092 2664 4153 imo
2725 4110 2799 4153 ne
2843 4094 3033 4171 ipsius
3064 4096 3304 4175 quidem
3366 4095 3522 4156 ﬁlius
3566 4096 3621 4157 id

1978 4184 2171 4244 facere
2199 4188 2409 4262 potest.
2465 4180 2696 4262 Quippe
2720 4184 2885 4243 nulla
2918 4202 3013 4243 res
3036 4186 3149 4244 alia
3182 4185 3267 4245 ait:
3318 4194 3618 4265 paternam

1977 4272 2347 4332 affectionem
2380 4270 2663 4331 inducere
2694 4281 2902 4351 potest,
2939 4281 2995 4332 et
3035 4273 3256 4351 justam
3287 4275 3621 4353 nuptiarum

244 4350 417 4426 λυσιν,
451 4354 524 4417 ὡς
576 4356 604 4409 ὁ
646 4360 880 4417 τοιοῦτος
934 4353 1148 4431 δεσμὸς,
1182 4355 1248 4412 δι’
1294 4361 1354 4415 οὗ
1407 4367 1538 4417 Θεοῦ
1594 4366 1894 4438 μεσιτεύον-

1988 4359 2462 4439 prohibitionem,
2480 4369 2536 4419 ut
2557 4350 2895 4438 hujusmodi
2920 4350 3126 4430 nexus,
3163 4350 3482 4442 perquam,
3503 4366 3622 4422 Deo

243 4463 332 4505 τος
359 4442 393 4492 5
448 4445 499 4497 αἱ
556 4444 727 4523 ψυχαὶ
818 4446 987 4501 αιότῶν
1050 4445 1418 4510 συνάπτονται.
1510 4448 1885 4533 ’ἰσχυρίζονται

240 4531 412 4587 τοίνυν
454 4531 616 4605 τινὲς,
675 4533 748 4594 ὡς
816 4531 925 4588 ἐπεὶ
969 4532 1074 4589 ἀπὸ
1101 4534 1191 4590 τοῦ
1232 4537 1451 4602 κανόνος
1494 4542 1583 4596 καὶ
1638 4542 1744 4599 ἀπὸ
1796 4554 1889 4603 τοῦ

241 4619 406 4696 νόμου
474 4621 666 4695 μείζων
723 4623 759 4689 ἡ
829 4626 1160 4698 πνευματικὴ
1215 4631 1314 4693 τῆς
1386 4628 1553 4707 σάρκα
1588 4628 1621 4679 6
1691 4655 1888 4713 συγγε-

237 4710 379 4773 νείας
451 4710 698 4789 ὁρίζεται,
754 4715 952 4789 χρῆναι
1036 4713 1157 4777 τοὺς
1242 4716 1404 4792 ταύτῃ
1495 4710 1888 4796 συνδεδεμένους

236 4812 567 4878 παρατηρεῖν
636 4801 758 4862 τοὺς
827 4799 1225 4876 κεκωλυμένους
1308 4804 1538 4880 βαθμοὺς
1611 4806 1740 4889 ἄχρι
1796 4821 1890 4870 τοῦ

235 4883 486 4963 ἒϐδὸμου,
532 4885 683 4955 ὅσους
713 4886 916 4955 δηλαδή
944 4890 1032 4945 καὶ
1089 4890 1162 4955 εἷς
1197 4890 1297 4959 τὴν
1352 4895 1472 4950 καθ’
1526 4883 1726 4971 ἡμᾶς-Ἴ
1755 4920 1888 4978 συγ..

1981 4448 2299 4529 mediante,
2324 4450 2536 4510 animae
2560 4468 2766 4511 eorum
2801 4451 3169 4528 copulantur.
3193 4453 3499 4512 Affirmant
3521 4449 3625 4527 igi-

1973 4545 2065 4597 tur
2094 4538 2297 4618 aliqui,
2332 4539 2486 4617 quod
2520 4557 2651 4598 cum
2703 4548 2819 4599 tam
2872 4557 2939 4598 ex
2975 4558 3221 4613 canone,
3258 4559 3429 4620 quam
3464 4540 3617 4615 lege,

1976 4626 2160 4706 major
2185 4645 2317 4689 esse
2344 4628 2442 4687 illa
2472 4626 2814 4706 spiritualis,
2853 4646 3025 4707 quam
3059 4631 3310 4690 carnalis
3351 4630 3620 4710 cognatio

1973 4724 2305 4789 statuatur;
2336 4714 2652 4776 observare
2683 4716 2939 4778 debeant
2970 4717 3076 4777 hac
3127 4719 3379 4799 colligati
3413 4719 3619 4799 prohi-

1975 4808 2125 4869 bitos
2175 4806 2412 4883 gradus,
2467 4822 2652 4886 usque
2704 4807 2775 4868 ad
2816 4809 3133 4887 septimum
3184 4828 3197 4873 :
3261 4819 3342 4872 tot
3393 4811 3622 4872 ευὶιιυθι

1972 4914 2245 4960 numero.
2282 4901 2421 4974 quot
2455 4893 2629 4954 etiam
2657 4894 2715 4956 in
2736 4899 3246 4976 consanguinitate
3264 4900 3490 4961 soleant
3511 4899 3618 4959 ob-

1567 5063 1664 5126 VA
1678 5064 1828 5129 tum
1873 5063 2298 5132 LECTIONES.

319 5172 352 5223 4
377 5176 725 5251 αἱμομίκτης.
811 5178 845 5229 5
871 5179 1211 5255 μεσάζοντος.
1298 5177 1331 5229 θ
1357 5185 1457 5250 τῆς
1487 5184 1622 5240 κατὰ
1651 5186 1841 5266 σάρκα.
1927 5187 1957 5236 7
1986 5190 2103 5248 καθ’
2133 5194 2291 5264 αἷμα.

1802 5287 2047 5356 NOTE.

475 5380 825 5473 Abrogatio,
856 5386 907 5473 l1
935 5387 1034 5451 l7.
1067 5388 1136 5473 l_).
1170 5389 1375 5473 deﬁt.
1403 5399 1575 5473 n_upt.

320 5458 439 5550 (81)
471 5460 501 5541 §
522 5458 849 5550 Minorem.
882 5464 1028 5550 Inst.
1057 5469 1134 5550 de
1183 5469 1388 5550 adopt.
1431 5458 1607 5537 Ι.’15.
1642 5475 1710 5537 D.
1748 5475 1883 5540 eod.

236 5539 770 5681 IteénlJAdoptio,
806 5552 864 5606 et
920 5546 962 5609 1.
1024 5539 1380 5631 Adrogatio,
1442 5560 1499 5614 et
1551 5552 1593 5614 Ι.
1656 5539 1768 5622 3'7.
1799 5539 1885 5624 ίι).

239 5639 312 5681 eo
364 5669 377 5681 .

239 5639 377 5684 θοα.

317 5699 553 5783 (82-83)
586 5702 617 5785 §
642 5702 764 5769 Sed
791 5710 843 5770 ct
869 5704 1047 5772 illud.
1082 5707 1226 5773 Inst.
1260 5709 1330 5773 de
1359 5710 1557 5793 adapt.

2062 5398 2252 5490 (84)_§
2281 5396 2451 5490 Iliad
2478 5399 2549 5462 D.
2584 5402 2720 5466 eod.
2755 5408 2813 5464 et
2842 5402 3051 5465 horum
3083 5403 3385 5487 abrogatio
3415 5426 3485 5471 ex
3518 5429 3620 5473 no-

1978 5478 2131 5540 vella
2169 5478 2429 5543 Leonis.
2601 5546 2616 5556 ,
3231 5478 3261 5487 ⁷

2057 5559 2182 5650 ςξξ)
2217 5556 2597 5650 ᾼὺξρεαιίοξ
2622 5563 2899 5650 Femina.
2933 5562 3074 5626 Inst.
3109 5567 3181 5629 de
3209 5567 3414 5650 adopt.

2058 5638 2183 5720 (86)
2218 5643 2263 5706 Ι.
2298 5638 2401 5704 96.
2430 5644 2494 5706 G.
2529 5638 2835 5722 lieuupt.’
