4074 6212
452 269 603 336 1243
1805 269 1937 335 JUS
1976 270 2069 333 CA

2163 269 2446 334 lNIGUM.
3671 270 3835 342 1244

444 402 687 465 servari.
723 401 943 465 Verum
977 401 1245 483 pluribus
1284 402 1397 465 hoc
1450 400 1695 494 minime
1744 401 1933 465 visum
1965 412 2073 472 est.

2164 399 2393 494 γένειαν.
2468 410 2595 466 Τοῖς
2664 400 2746 494 δὲ-
2776 402 2979 459 πλείοσι
3044 412 3197 463 τοῦτο
3260 408 3356 466 οὒκ
3428 409 3624 494 ἃξεν,
3687 411 3838 470 ἆλλᾶ

444 491 552 553 sed
581 492 657 553 ad
682 510 783 554 eas
805 492 1109 569 duntaxat,
1131 509 1413 573 personas
1450 489 1910 571 prohibitionem
1942 511 2073 573 per-

2165 488 2302 565 μόνα
2356 490 2423 546 τὰ
2477 497 2558 563 τῷ
2626 489 2831 569 ῥηθέντι
2886 492 3035 567 νόμσρ
3104 498 3464 578 περιεχόμενα
3524 488 3833 559 κωλύεσθαι

445 579 660 655 linere,
695 599 824 662 quae
844 580 1003 643 dicta
1018 581 1145 660 lege
1162 580 1597 672 contineantur.
1630 580 1917 672 Caeterum
1942 600 2073 672 gra-

2164 578 2443 672 npdcwmt.
2609 578 2790 672 μέντοι
2845 580 3035 672 βαθμοὶ
3090 590 3193 640 τῶν
3221 584 3274 651 ἐξ
3315 590 3564 656 υἱοθεσίας
3626 592 3826 672 ἀμφο-

443 669 555 732 dus
584 670 886 750 utriusque
915 670 1272 751 adoptionis,
1313 668 1545 731 diverso
1593 687 1726 730 cum
1759 669 1875 731 illis
1907 670 2073 732 modo

2164 665 2340 747 τέρας,
2414 665 2824 747 ἐνηλλαγμένως
2905 668 3242 747 ἀριθμοῦνται
3320 679 3451 756 πρὸς
3533 665 3676 743 ταίδςέ
3718 665 3834 756 βα-

443 767 850 833 numerantur,
875 759 976 841 qui
1001 772 1134 821 sunt
1169 758 1230 821 in
1265 758 1797 838 consanguinitate.
1822 758 1967 821 Nam
1998 760 2073 821 ibi

2163 756 2325 832 θμοὺς
2397 757 2504 846 τῶν
2562 756 2613 822 ἐξ
2683 756 2937 846 α’ῗματος.
3013 757 3163 818 Ἐκεῖ
3217 762 3314 837 μὲν
3386 768 3487 846 γὰρ
3555 771 3586 824 6
3644 769 3835 846 πατὴρ

441 860 608 928 pater
630 866 775 929 erga
804 848 1011 911 fratres
1042 847 1370 919 universos,
1405 847 1648 910 omnino
1679 848 1861 927 gradu
1892 849 2080 927 primo

441 944 569 999 est:
605 937 701 999 hic
725 955 862 1000 vero
905 946 1072 1019 pater
1125 938 1234 999 iste
1282 937 1606 1018 spiritualis
1671 956 1809 1017 erga
1867 939 2077 1013 ﬁlium,

439 1044 613 1106 quem
631 1026 946 1106 adoptavit,
964 1029 1145 1106 gradu
1167 1035 1255 1089 est
1280 1026 1502 1107 primo:
1547 1028 1650 1089 sed
1682 1045 1821 1106 erga
1867 1046 2077 1091 carna-

440 1114 557 1175 lem
580 1116 709 1195 ejus
736 1116 841 1177 ﬁlii
873 1125 1120 1196 patrem,
1152 1115 1436 1177 secundo.
1459 1114 1691 1196 Quippe
1729 1115 1911 1178 frater
1952 1117 2080 1197 ejus

442 1221 572 1265 esse
602 1203 841 1268 dicitur.
874 1203 1024 1284 Erga
1052 1204 1260 1266 fratres
1290 1214 1483 1266 autem
1516 1222 1831 1283 germanos
1861 1205 1968 1267 ﬁlii
1988 1206 2081 1268 sui

437 1290 781 1371 spiritualis,
813 1294 994 1373 gradu
1028 1294 1198 1355 tertio
1256 1302 1554 1357 censetur.
1587 1292 1715 1355 Non
1749 1294 1908 1355 enim
1944 1294 2079 1358 illos

2162 846 2293 918 πρὸς
2351 844 2553 909 πάντας
2618 846 2739 910 τοὺς
2797 844 3077 928 ἀδελφοὺς,
3152 851 3361 930 πρώτου
3404 844 3651 922 iam»;
3721 844 3834 913 δπς

2162 934 2317 1014 ἄρχει
2345 934 2546 1011 βαθμοῦ
2592 950 2607 965 ⁸
2656 933 2873 992 ἐνταῦθα
2919 934 2975 992 δὲ
3017 939 3046 993 ὁ
3093 945 3447 1016 πνευματικὸς
3491 947 3646 1010 οὗτος
3711 969 3835 1002 πει-

2166 1023 2270 1115 τὴρ
2293 1025 2423 1115 πρὸς
2478 1023 2574 1099 μὲν
2644 1024 2742 1115 τὸν,
2803 1023 2995 1115 παῖδα,
3054 1027 3111 1084 ὃν
3169 1030 3557 1108 εἰσεποιήσατο,
3610 1035 3837 1115 πρώτου

2168 1111 2279 1168 ἐστὶ
2333 1113 2536 1188 βαθμοῦ
2567 1128 2583 1144 ⁸
2659 1113 2789 1192 πρὸς
2854 1111 2911 1169 δὲ
2978 1116 3070 1170 τὸν
3144 1121 3391 1195 σαρκικὸν
3458 1131 3551 1181 τοῦ
3634 1111 3836 1187 παιδὸς

2167 1199 2417 1290 πατέρα,
2476 1199 2736 1281 δευτέρου.
2798 1201 3053 1290 ’ᾼδελφὸς
3130 1207 3230 1285 γὰρ
3284 1208 3442 1267 αὐτοῦ
3525 1210 3830 1290 λογίζεται.

2172 1290 2309 1361 Πρὸς
2379 1286 2433 1345 δὲ
2489 1292 2609 1353 τοὺς
2687 1287 3039 1372 αὖταδέλφους
3128 1304 3221 1353 τοῦ
3299 1286 3659 1374 πνεῳατικοῡ
3713 1304 3835 1358 υἱοῦ

437 1398 674 1461 quoque
704 1381 859 1443 ﬁlios
890 1382 1114 1447 habuit.
1162 1383 1350 1445 Filius
1407 1391 1627 1457 autem,
1689 1401 1827 1462 erga
1876 1383 2073 1446 fratres

2171 1380 2352 1451 αὐτοῦ,
2421 1376 2619 1457 τρίτου.
2694 1381 2767 1437 O6
2821 1379 2927 1457 γὰρ’
2987 1380 3259 1446 κάκείνους
3308 1384 3464 1465 ἔσχεν
3528 1390 3700 1452 υἱούς.
3764 1380 3831 1447 10

437 1486 579 1530 suos
608 1470 875 1532 carnales
904 1473 1084 1550 gradu
1136 1471 1397 1533 secundo
1430 1478 1521 1533 est
1556 1493 1569 1530 :
1606 1480 1662 1533 et
1692 1490 1830 1550 erga
1858 1481 2073 1551 putrem

2166 1466 2277 1530 υἱὸς
2308 1463 2364 1522 δὲ
2419 1468 2551 1544 πρὸς
2607 1466 2728 1531 τοὺς
2791 1470 3070 1545 σαρκικοὺς
3123 1463 3599 1553 ἀδελφοὺς-αὐτοῦ,
3634 1476 3830 1535 δευτέ-

438 1575 609 1619 suum
640 1560 961 1634 carnalem,
1021 1560 1213 1642 primo
1240 1581 1255 1641 ;
1288 1560 1442 1622 sicut
1472 1560 1647 1621 etiam
1683 1579 1822 1639 erga
1852 1576 2073 1642 pa‘rem

2166 1574 2276 1643 pou.
2326 1554 2425 1611 Καὶ
2475 1556 2603 1634 πρὸς
2631 1556 2723 1610 τὸν
2768 1556 3016 1634 σαρκικὸν
3070 1561 3227 1617 αὺτοῦ
3279 1561 3500 1641 πατέρα,
3552 1567 3775 1643 πρώτου
3809 1582 3828 1597 ο

436 1647 824 1728 spiritualem.
858 1641 1088 1713 Idcirco
1123 1651 1260 1713 licet
1297 1651 1374 1721 ei,
1408 1648 1508 1730 qui
1538 1650 1657 1711 vult
1689 1668 1933 1713 uxorem
1965 1650 2073 1712 du-

2164 1641 2341 1720 ὥσπερ
2381 1644 2474 1699 καὶ
2516 1646 2647 1721 πρὸς
2698 1646 2788 1701 τὸν
2843 1648 3221 1721 πνευματικόν.
3265 1651 3364 1705 Δια
3424 1641 3603 1711 τοῦτο.
3654 1653 3831 1720 ἔξεστι

435 1755 571 1798 cere
600 1738 919 1817 compatris
946 1739 1035 1800 sui
1057 1758 1322 1801 sororem
1382 1736 1492 1812 Qui
1524 1757 1660 1800 vero
1693 1738 1876 1800 ﬁlium
1910 1758 2073 1800 suum

2163 1737 2240 1805 τῷ
2322 1730 2626 1808 βουλομένῳ
2680 1730 2866 1789 λαϐεῖν
2908 1813 2921 1817 _
2949 1735 3022 1797 εἰς
3096 1751 3324 1814 γδναῖκα
3380 1739 3478 1808 τὴν
3532 1751 3628 1801 τοῦ
3701 1766 3830 1800 συν-

438 1844 506 1887 ex
537 1844 704 1888 sacro
738 1813 1085 1906 baptismate
1132 1828 1402 1910 suscipit,
1454 1828 1528 1890 ab
1560 1846 1740 1890 uxore
1771 1845 1876 1889 sua
1904 1846 2073 1909 sepa-

2163 1819 2347 1879 τέκνου
2376 1820 2534 1877 αυτοῦ
2589 1818 2842 1902 ἀδελφήν,
2907 1813 2963 1879 Ὀ
3006 1820 3061 1878 δὲ
3110 1813 3201 1881 τὸν
3256 1827 3365 1882 υἱὸν
3393 1828 3550 1886 αὒτοῦ
3577 1830 3690 1888 ἀπὸ
3730 1843 3834 1892 τοῦ

434 1925 621 1981 ratur.

483 2096 565 2158 De
591 2098 821 2178 nuptiis
848 2114 984 2177 quae
1002 2099 1401 2179 prohibentur
1421 2100 1790 2177 etiamvﬁtm
1815 2116 2040 2178 cogna-

1132 2194 1372 2252 tionem.

511 2278 949 2357 Nonnunquam
984 2276 1158 2339 etiam
1190 2279 1334 2339 citra
1365 2278 1866 2340 necessitudinem
1902 2278 2081 2340 ullam

2163 1910 2314 1988 ἁγίου
2367 1911 2727 1986 βαπτίσματος
2785 1908 3203 1991 ἀναδεχόμενος,
3250 1920 3349 1982 τῆς
3397 1919 3646 1994 γυναικὸς
3721 1921 3826 1977 αὖ-

2162 2006 2255 2055 του
2283 1996 2661 2076 διαζεύγνυται.

2173 2115 2195 2147 ι
2237 2093 2361 2170 Περὶ
2430 2097 2534 2148 τῶν
2581 2090 2982 2181 κεκωλυμένων.
3001 2092 3033 2142 ⁸
3077 2094 3266 2172 γάμων
3310 2100 3399 2154 καὶ
3458 2100 3625 2179 χωρὶς
3685 2124 3825 2181 συγ-

2842 2172 3068 2251 γενείας.
3111 2197 3133 2229 ι

2249 2254 2410 2323 ἸΕστι
2438 2262 2484 2320 δ’
2538 2262 2627 2321 ὅτε
2678 2266 2767 2321 καὶ
2809 2267 2977 2345 χωρὶς
3032 2269 3335 2347 συγγενείας
3385 2274 3673 2332 ὁποιασοῦν
3716 2282 3827 2331 τῶν

429 2356 820 2427 iudicatarum
853 2367 1116 2427 omnium
1150 2368 1587 2447 cognationum,
1636 2367 2073 2429 matrimonium

2163 2359 2453 2439 εἰρημένων
2497 2357 2651 2415 πέντε
2674 2356 2708 2407 9
2733 2362 3072 2441 ωγγενειῶν,
3119 2360 3375 2420 κωλύεται
3430 2367 3491 2422 τὸ
3545 2366 3824 2424 συνάλλα-

431 2454 782 2533 prohibetur
809 2457 961 2536 (8'7).
1002 2457 1182 2518 Verbi
1210 2458 1416 2535 gratia,
1471 2457 1571 2537 qui
1620 2464 1929 2518 accusatus
1986 2466 2073 2520 est

2163 2475 2294 2541 γμα,
2328 2456 2489 2541 Οἴον,
2513 2454 2541 2541 6
2571 2454 2954 2541 κατηγορηθεὶς
2982 2455 3203 2533 μοιχὸς,
3236 2457 3279 2511 εἰ
3307 2458 3395 2513 καὶ
3423 2458 3503 2533 μὴ
3532 2468 3822 2541 προφανῶς

429 2542 731 2617 adulterii,
766 2545 903 2606 licet
936 2545 1250 2610 manifesto
1284 2564 1399 2608 non
1423 2545 1496 2607 sit
1518 2545 1846 2621 convictus,
1873 2545 2073 2626 nequit

2163 2540 2443 2622 ἂπηλέγβη
2474 2540 2555 2620 10,
2585 2545 2645 2600 οὗ
2689 2539 2900 2597 δύναται
2968 2543 3164 2610 ταύτην
3204 2546 3276 2608 είς
3318 2560 3548 2624 γυναῖκα
3597 2539 3819 2611 λαϐεῖν.

432 2648 562 2692 eam
596 2632 908 2695 mulierem
958 2653 1199 2696 uxorem
1225 2634 1464 2698 ducere.
1508 2636 1633 2697 Nec
1662 2635 1911 2696 libertus
1944 2634 2073 2715 (88)

2163 2629 2287 2690 Οὗδὲ
2344 2629 2686 2709 ἀπελεύθερος
2728 2630 2827 2697 τὴν
2874 2644 3103 2708 γυναῖκα
3165 2640 3259 2690 τοῦ
3305 2634 3581 2714 πάτρωνος
3632 2639 3821 2719 αιῖιτοῦ,

432 2738 677 2781 uxorem
709 2722 940 2802 patroni
964 2723 1055 2783 sui
1089 2723 1269 2794 ducit,
1307 2733 1436 2803 post
1465 2724 1595 2802 ejus
1628 2732 1896 2784 mortem.
1924 2728 2071 2786 Prae-

2163 2721 2291 2795 μετὰ
2350 2722 2440 2776 τὸν
2487 2719 2685 2776 ἐκείνου
2738 2720 2985 2781 θάνατον.
3037 2717 3226 2777 Δίδωσι
3260 2724 3355 2801 γὰρ
3401 2725 3656 2805 ὑποψίαν,
3740 2717 3824 2784 ὅτι

433 2809 532 2869 bet
558 2809 716 2870 enim
750 2811 1177 2891 suspicionem,
1220 2812 1376 2892 quod
1409 2813 1583 2874 etiam
1618 2813 1716 2874 illo
1746 2812 1871 2873 vivo
1903 2832 2073 2873 com-

2163 2811 2243 2865 καὶ
2323 2815 2517 2880 ζῶντος
2574 2808 2790 2882 ἐκείνου,
2850 2809 3049 2877 ταύτην
3121 2813 3391 2890 μοιχεύων
3445 2813 3538 2881 ἦν,
3598 2813 3737 2875 Οὖδὲ
3796 2819 3826 2873 ὁ

432 2896 660 2960 miserit
688 2898 746 2959 in
774 2916 904 2960 eam
920 2899 1306 2963 adulterium.
1329 2900 1448 2962 Nec
1470 2910 1626 2963 tutor
1648 2902 1767 2981 (89)
1791 2902 2072 2982 pupillam

2163 2899 2437 2977 ἐπίτροπος
2481 2896 2528 2940 ¹¹
2562 2900 2661 2965 τὴν
2710 2898 2964 2978 ὀρφανὴν,
3026 2898 3061 2967 ἢ
3106 2901 3134 2956 6
3189 2902 3298 2966 υἱὸς
3355 2904 3534 2983 αὺτοῦ,
3592 2908 3700 2983 πρὸ
3729 2914 3825 2962 τοῦ

433 2984 599 3063 prius
640 2986 804 3048 ducit
850 3005 1118 3061 uxorem,
1167 2988 1259 3049 vel
1316 2988 1469 3050 ﬁlius
1499 2989 1650 3069 ejus,
1686 3008 1859 3070 quam
1897 2991 2073 3051 tutela

2163 2990 2378 3055 λυθῆναι
2447 2988 2545 3055 τὴν
2589 2987 2903 3066 ἐπιτροπήν,
2950 2988 3137 3044 Λύεται
3194 2986 3249 3045 δὲ
3306 2992 3340 3059 ἡ
3405 2992 3666 3071 ἐπιτροπὴ
3728 2997 3825 3051 τὸν

429 3078 562 3137 sive
592 3077 814 3137 curatio
848 3077 1169 3157 perimatur
1217 3077 1535 3140 Perimitur
1556 3087 1750 3141 autem
1776 3078 2073 3156 trigesimo

2163 3077 2470 3157 τριακοστὸν
2519 3077 2735 3157 χρόνον.
2784 3076 2944 3134 Πέντε
2990 3078 3089 3155 γὰρ
3130 3078 3218 3133 καὶ
3277 3077 3450 3137 εἴκοσι
3498 3082 3689 3161 χρόνοι
3720 3090 3823 3151 τῆς

431 3184 607 3229 anno.
641 3165 869 3247 Quippe
901 3184 1014 3230 xxv
1033 3168 1175 3228 anni
1196 3176 1331 3229 sunt
1358 3167 1544 3229 aetatis
1569 3166 1802 3238 adulta,
1828 3176 2073 3248 quatuor

2163 3164 2576 3244 ἐνηλικιώσεως,
2656 3166 2743 3221 καὶ
2816 3165 3063 3237 τέσσαρες
3153 3168 3250 3232 τῆς
3302 3167 3819 3247 ἀποκαταστάσεως,

433 3253 492 3315 in
521 3253 812 3335 integrum
843 3255 1254 3329 restitutionis,
1318 3264 1376 3317 et
1435 3255 1727 3337 principio
1786 3255 2073 3334 trigesimi

2163 3256 2247 3312 καὶ
2276 3261 2344 3333 τῇ
2376 3255 2523 3335 ἀρχῇ
2579 3264 2673 3313 τοῦ
2735 3261 3045 3333 τριακοστοῦ
3088 3256 3281 3334 χρόνου
3338 3256 3523 3316 αὐτίκα
3561 3260 3598 3327 ἡ
3647 3260 3823 3340 ἐνοχὴ

430 3343 630 3406 statim
663 3344 943 3425 obligatio
974 3345 1265 3407 curatoris
1322 3345 1633 3426 perimitur
1666 3362 1680 3407 :
1718 3353 1779 3407 ut
1811 3353 2077 3425 potesta-

432 3441 550 3503 tem
582 3451 651 3496 ex
683 3451 753 3495 eo
786 3442 1052 3515 tempore
1082 3434 1298 3496 habeat
1328 3453 1460 3495 cum
1514 3452 1583 3496 eo
1613 3453 1678 3496 se
1730 3434 2070 3515 copulandi,

428 3524 595 3603 cujus
623 3532 709 3585 est
740 3532 1009 3605 curator;
1039 3534 1214 3585 antea
1247 3543 1411 3596 vero,
1456 3542 1855 3605 nequaquam.
1894 3528 2078 3587 Mater

428 3622 623 3673 autem
655 3613 784 3692 ejus
817 3614 967 3693 (90),
1000 3614 1170 3693 cujus
1229 3614 1469 3694 negotia
1516 3622 1822 3693 geruntur,
1882 3620 2078 3694 potest

426 3707 563 3761 ante
594 3701 705 3761 hoc
743 3702 919 3763 etiam
955 3709 1187 3782 tempus
1218 3702 1472 3765 curatori
1516 3702 1653 3763 ﬁliae
1678 3721 1797 3763 suae
1825 3701 2072 3764 nubere.

428 3787 573 3860 Quia
605 3806 740 3850 vero
771 3791 1122 3870 simpliciter
1153 3791 1485 3870 domestici,
1515 3792 1618 3873 qui
1661 3800 1798 3851 sunt
1829 3790 1886 3851 in
1916 3800 2072 3871 pote-

428 3884 602 3951 state,
633 3876 771 3940 licet
794 3879 945 3940 servi
991 3898 1107 3941 non
1159 3883 1302 3961 sint,
1328 3897 1438 3942 nec
1468 3879 1783 3961 aliquando
1835 3878 2073 3954 fuerint,

430 3966 558 4026 loco
590 3966 933 4028 libertorum
976 3978 1111 4029 sunt
1144 3986 1157 4031 :
1191 3987 1266 4031 ne
1297 3970 1356 4029 hi
1385 3969 1624 4049 quidem
1658 3977 1785 4048 post
1823 3977 2074 4029 mortem

426 4054 805 4117 dominorum
854 4076 1119 4137 suorum,
1182 4076 1393 4120 uxores
1443 4075 1650 4118 eorum
1679 4061 1895 4118 ducere
1928 4074 2068 4137 pos-

2159 3353 2252 3404 τοῦ
2320 3343 2604 3423 ἐπιτρόπου
2658 3341 2858 3404 λύεται.
2923 3345 3021 3401 Καὶ
3075 3342 3192 3423 ἔχει
3260 3343 3438 3423 ἄδειαν
3500 3345 3553 3412 ἐξ
3615 3347 3822 3405 ἐκείνου

2159 3437 2442 3511 συζυγῆναι
2510 3438 2597 3517 Δτῇ
2707 3431 3183 3509 ἐπιτροπευομένη.
3287 3435 3392 3513 Πρὸ
3472 3436 3660 3493 τούτου
3732 3436 3816 3517 6‘s,

2156 3520 2420 3597 οὐδαμῶς,
2510 3511 2572 3577 Ἠ
2644 3519 2699 3576 δὲ
2778 3521 2959 3597 μήτηρ
3025 3526 3122 3588 τῆς
3208 3511 3667 3601 ἐπιτροπευθείσης
3727 3511 3822 3581 δύζ

2156 3623 2308 3658 ναται
2362 3602 2449 3658 καὶ
2504 3602 2605 3680 πρὸ
2669 3601 2853 3658 τούτου
2907 3607 2984 3675 τῷ
3063 3601 3333 3679 ἐπιτρόπῳ
3404 3608 3504 3671 τῆς
3557 3608 3821 3685 θυγατρὸς

2160 3689 2319 3758 αὖτῆς
2373 3693 2703 3768 γαμηθῆναι.
2763 3689 2910 3746 Ἐπεὶ
2950 3686 3005 3744 δὲ
3062 3688 3246 3755 ἁπλῶς
3321 3692 3411 3747 καὶ
3461 3694 3509 3749 oi
3561 3694 3827 3752 οἰκιακοὶ

2157 3780 2478 3858 ὑποχείριοι,
2530 3779 2574 3834 εἰ
2617 3779 2704 3834 καὶ
2759 3778 2838 3852 μὴ
2894 3774 3069 3834 δοῦλοί
3123 3780 3251 3834 εἰσιν
3302 3778 3336 3847 ἢ
3365 3778 3615 3858 ἐγένοντό
3657 3804 3822 3858 ποτε,

2157 3868 2301 3933 τάξιν
2331 3866 2676 3945 ἀπελευθέρου
2732 3864 2974 3946 ἔχουσιν,
3032 3864 3151 3921 068E
3209 3870 3352 3925 οὗτοι
3408 3871 3544 3945 μετὰ
3591 3871 3826 3928 θάπτον

2156 3962 2261 4016 τ’ῦν
2304 3958 2444 4016 ἰδίων
2475 3957 2768 4039 δεσποτῶν,
2825 3960 2918 4020 τὰς
2967 3958 3181 4015 ἐκείνων
3230 3957 3517 4036 λαμϐάνειν
3568 3960 3824 4021 δύνανται

2157 4050 2415 4128 γαμετὰς,
2490 4047 2580 4105 ἵνα
2630 4049 2709 4125 μὴ
2752 4048 2896 4106 δοῖεν
2948 4045 3319 4126 προλαϐούσης
3361 4052 3614 4131 μοιχείας
3672 4053 3826 4109 ὑπό-

426 4151 584 4218 sunt,
619 4163 695 4205 ne
724 4135 1123 4226 suspicionem
1146 4146 1418 4207 adulterii
1450 4146 1713 4227 praebent
1733 4150 1820 4223 (tit
1841 4151 1879 4219 ).
1910 4135 2066 4226 quod

2163 4161 2317 4199 νοιαν.
2351 4138 2479 4198 068%.
2522 4141 2551 4195 6
2580 4140 2854 4213 σκηνικὸς,
2888 4136 3006 4206 ἤτοι
3049 4140 3078 4195 6
3136 4135 3390 4214 δημόσιος
3450 4142 3823 4232 πεαιγνιιὲιτνννς⁹

430 4225 986 4312 ιπωοθεεετίιξΝεο
1026 4236 1323 4315 scenicus,
1388 4225 1497 4298 hoc
1555 4245 1665 4314 est,
1724 4236 1822 4315 qui
1877 4225 2063 4298 artem

2163 4228 2185 4296 ἢ
2238 4231 2267 4285 6
2339 4230 2523 4286 τούτου
2605 4229 2737 4301 υἱὸς,
2816 4225 3169 4304 συγκλητικοῦ
3262 4228 3515 4308 θυγατέρα
3569 4228 3798 4287 δύναται

2163 4320 2172 4338 ι
2226 4315 2254 4336 ο
2284 4331 2308 4338 ..
2422 4324 2462 4338 Α..
2539 4318 2554 4338 \
2642 4317 2652 4331 ε
2758 4318 2772 4338 ι
2864 4317 2879 4338 1
2936 4337 2942 4338 ,
3058 4316 3083 4338 υ
3193 4312 3250 4338 νη
3401 4331 3425 4338 ..
3548 4319 3561 4338 ι

427 4322 712 4385 ludicram
747 4323 979 4404 publice
1026 4325 1182 4399 facit,
1218 4333 1315 4386 aut
1348 4325 1503 4387 ﬁlius
1561 4325 1710 4404 ejus,
1774 4325 2069 4402 senatoris

429 4413 606 4474 ﬁliam
635 4414 852 4477 ducere
885 4423 1094 4494 potest.
1136 4415 1306 4494 Legis
1346 4415 1501 4477 enim
1533 4415 1710 4476 verba
1739 4424 1872 4476 sunt
1904 4416 2067 4483 (9'2):

429 4501 489 4563 In
521 4504 737 4582 nuptiis
770 4522 885 4564 non
921 4504 1112 4565 solum
1162 4504 1302 4585 quid
1353 4504 1706 4585 permissum
1741 4503 1841 4577 sit,
1876 4504 1979 4564 sed
2013 4514 2075 4566 et

425 4591 565 4671 quid
597 4591 935 4657 honestum.
972 4594 1466 4655 considerandum
1511 4601 1619 4655 est.
1655 4591 1798 4653 Nam
1832 4594 1890 4652 in
1922 4610 2071 4653 con-

425 4679 841 4756 sanguin'tate,
878 4689 936 4742 et
964 4681 1348 4757 Susceptione
1394 4700 1460 4742 ex
1495 4699 1662 4741 sacro
1696 4679 2069 4760 baptismate,

425 4774 485 4827 et
510 4766 849 4847 adoptione,
883 4767 1098 4847 gradus
1129 4768 1545 4830 considerandi
1574 4776 1731 4829 sunt.
1777 4776 1835 4830 et
1867 4769 2072 4830 matri-

425 4855 624 4917 munia
665 4855 911 4936 gradum
945 4857 1004 4918 in
1037 4857 1129 4919 his
1159 4857 1509 4921 excedentia
1535 4856 1850 4939 septimum
1876 4855 2074 4937 prohi-

2152 4315 2359 4376 λαϐεῖν.
2418 4318 2558 4384 Φησὶ
2599 4317 2698 4395 γὰρ
2752 4318 2780 4372 6
2822 4317 3007 4391 νόμος,
3054 4316 3135 4372 ὅτι
3193 4312 3282 4374 Ἐν
3332 4331 3453 4381 τοῖς
3494 4319 3697 4396 γάμοις
3756 4327 3826 4382 οὗ

2153 4409 2313 4481 μόνον
2383 4408 2445 4463 τὸ
2497 4404 2969 4485 ἐπιτετραμμένον,
3052 4402 3183 4460 άλδὰ
3265 4408 3353 4463 καὶ
3425 4409 3486 4463 τὸ
3547 4411 3828 4489 εὐπρεπὲς

2153 4495 2236 4553 δεῖ
2262 4504 2470 4568 ζητεῖν,
2521 4493 2643 4552 Ἐπὶ
2688 4495 2785 4552 μὲν
2840 4494 2940 4573 γὰρ
2989 4494 3096 4550 τῶν
3156 4493 3207 4560 ἐξ
3262 4494 3517 4572 α’ῗματος,
3584 4500 3831 4556 καὶτῶν

2154 4597 2245 4645 τοῦ
2339 4585 2487 4664 ἁγίου
2581 4583 2963 4659 βαπτῖσματος,
3036 4585 3125 4640 καὶ
3210 4591 3317 4640 τῶν
3400 4584 3453 4650 ἐξ
3521 4588 3826 4667 υἱοθεσίας,

2155 4676 2383 4752 βαθμοὺς
2414 4672 2531 4730 δέον
2555 4680 2762 4745 ζητεῖν,
2793 4672 2880 4727 καὶ
2908 4673 2973 4727 τὰ
3018 4672 3146 4749 ὑπὲρ
3198 4676 3287 4728 τὸν
3344 4670 3558 4749 ἕϐδομοι
3599 4677 3829 4742 τούτοις

2155 4761 2422 4825 ἀκώλυτα.
2495 4764 2596 4819 Eni
2650 4757 2704 4816 δὲ
2756 4766 2860 4817 τῶν
2903 4758 2955 4825 ἐξ
3050 4760 3358 4841 ἀγχιστείας
3446 4764 3535 4819 καὶ
3588 4771 3705 4821 τῶν
3760 4767 3833 4824 ἐκ

2154 4852 2462 4930 τριγενείας,
2507 4851 2573 4907 τὰ
2625 4849 2799 4929 ῥητῶς
2856 4849 3153 4906 κωλυθέντα
3209 4850 3246 4918 ἢ
3295 4851 3552 4931 σύγχυσιν
3581 4851 3827 4933 ἔχοντα,

1741 5023 2000 5089 VARle
2050 5017 2478 5088 LEGTIONES.

498 5133 532 5183 8
560 5132 935 5211 κωλυομένων,
1020 5134 1053 5184 9
1083 5136 1313 5194 πάνεων.
1402 5133 1455 5177 ¹⁰
1483 5132 1830 5213 ἀπηλέγχθη.

1919 5130 1965 5173 ¹¹
1997 5132 2114 5209 περὶ
2150 5127 2456 5207 ἐπιτρόπου.

1988 5233 2240 5300 NOTAE.

504 5361 700 5444 (87:1.
750 5360 851 5427 42.
909 5362 1117 5443 5014a:
1173 5364 1240 5426 in
1296 5362 1619 5427 adulterio.
1681 5360 1750 5425 D.
1815 5361 1901 5423 De
1952 5362 2063 5424 rit.

417 5450 627 5603 Maia)
660 5521 701 5603 l.
738 5522 839 5587 62.
872 5523 901 5603 §
930 5521 1181 5588 Mulier.
1216 5524 1301 5589 De
1333 5521 1468 5603 eod.

498 5601 619 5684 (89)
656 5602 695 5667 I.
730 5604 830 5667 66.
864 5601 936 5669 D.
973 5604 1106 5667 eod.
1142 5612 1201 5668 et
1229 5606 1271 5670 l.
1307 5604 1403 5668 l5.
1436 5601 1503 5666 D.
1548 5602 1631 5665 De
1659 5620 1863 5685 spons.

2390 5353 2431 5418 l.
2462 5346 2524 5412 2.
2560 5347 2627 5411 C.
2658 5349 2748 5411 De
2780 5347 3060 5410 interdic.
3095 5346 3367 5409 malrim.

2390 5434 2433 5499 l.
2466 5428 2567 5492 44.
2589 5426 2680 5508 ξι).
2711 5427 2800 5491 De
2825 5427 2913 5490 rit
2940 5432 3116 5508 πυρί.

2382 5514 2425 5577 1,
2454 5508 2556 5573 42.
2587 5506 2657 5571 D.
2692 5508 2830 5574 eod.
