4074 6212
230 327 389 393 1245

1584 324 2157 395 ϐΒᾸΞΟΟ-ΒΟΜΑΝ
2168 330 2273 392 UM
2285 376 2297 390 .

3462 305 3612 379 1246

220 463 582 544 φυλάττεσθαιΔ
632 464 766 544 χρή.
828 462 949 521 Ἐπὶ
1006 460 1062 518 δὲ
1113 468 1219 519 τῶν
1278 460 1376 529 ἔξω
1431 463 1759 543 συγγενείας,
1830 465 1868 520 τί

1977 460 2204 525 bitioue
2235 470 2467 526 carent.
2527 461 2592 526 In
2649 461 2930 525 afﬁnitate
2975 459 3275 539 triumque
3328 466 3614 544 generum

217 540 504 633 εὐπρεπές.
569 540 790 610 Ἠωοῦν
864 551 1187 632 παρανόμως
1262 540 1593 631 γαμηθεῖσα,
1670 550 1865 610 δύνατα

1968 551 2372 634 copulatione,
2404 571 2537 634 qua
2564 551 2785 614 diserte
2816 548 3110 633 prohibita
3146 556 3309 619 sunt,
3341 542 3434 605 vel
3462 558 3611 603 con-

220 637 455 698 διαλύειν
506 641 600 697 τὸν
653 641 849 719 γάμον,
925 639 1015 697 καὶ
1096 643 1382 719 γαμεῖσθαι
1439 637 1588 716 ἄλλῳ
1642 639 1878 721 ὕστερον.

215 732 282 789 Οἱ
337 728 394 787 δὲ
452 729 557 786 ἀπὸ
606 728 990 805 κεκωλυμένων
1058 729 1248 809 γάμων
1302 728 1602 805 τικτόμενοι
1657 727 1878 810 παῒδες,

219 816 343 876 οῦδὲ
396 823 494 895 τῇς
562 824 667 876 τῶν
740 818 905 875 νόθων
987 815 1246 883 ἀξιοῦνται
1322 817 1695 899 προσεφορίας,
1761 816 1878 875 0536

219 905 557 987 διαδέχονται
614 906 750 963 κατά
816 928 936 964 τινα
988 906 1080 962 τὸν
1137 904 1274 962 ἴδιον
1340 897 1563 985 πατέρα,
1624 897 1681 964 ’0
1745 908 1877 986 πρὸς

218 994 491 1075 ἐλευθέραν
561 996 640 1070 μὴ
696 993 1068 1071 ποιησαμένην
1118 994 1281 1074 πόρον
1338 994 1399 1051 ἐκ
1470 1002 1563 1051 τοῦ
1617 994 1874 1071 σώματος

222 1085 372 1166 ἔχων
421 1086 718 1166 συνήθειαν,
765 1089 826 1145 οὗ
870 1083 1176 1159 παλλακὴν,
1235 1081 1372 1140 ἀλλὰ
1427 1085 1669 1163 γαμετὴν
1725 1083 1875 1165 ἔχειν

223 1173 396 1238 δοκεῖ,
458 1174 679 1231 Δύναται
741 1175 770 1231 6
839 1173 1107 1251 κουράτωρ
1162 1172 1387 1248 συνάψαι
1451 1173 1549 1241 τὴν
1606 1170 1735 1231 ἰδίαν
1779 1178 1873 1231 θυ-

222 1262 419 1342 γατέρα
472 1269 550 1337 τῷ
611 1261 1039 1342 κουρατευομένῳ
1120 1263 1207 1341 ὑπ⁸
1260 1262 1439 1321 αὖτοῦ.
1514 1261 1615 1322 Τόν
1655 1260 1710 1318 δὲ
1765 1265 1875 1320 υἱὸν

224 1350 382 1411 αὒτοῦ
437 1356 507 1427 τῇ
558 1350 979 1430 κουρατευομένῃ
1042 1351 1101 1406 οὗ
1155 1347 1365 1406 δύναται
1436 1352 1604 1430 χωρὶς
1673 1351 1876 1429 βασιλι-

223 1444 325 1507 κῆς
418 1437 736 1505 κελεύσεως.
818 1438 968 1496 Ἐπεὶ
1037 1438 1335 1511 ἂτιμοῦται.
1413 1439 1544 1496 Οῦτε
1615 1442 1644 1497 6
1700 1442 1875 1521 πατὴρ

222 1534 317 1585 τοῦ
403 1528 687 1607 ἐπιτρόπου
783 1526 1097 1602 ἐπισκόπου,
1190 1526 1307 1584 οὔτε
1390 1530 1418 1583 6
1477 1526 1873 1595 συνυπεξούσιος

222 1620 381 1676 αὐτοῦ
430 1615 649 1697 ἀδελφὸς
679 1615 889 1674 δύναται
931 1629 1128 1696 γαμεῖν
1182 1616 1283 1684 τὴν
1338 1617 1592 1698 ὀρφανήν.
1668 1621 1728 1675 Αἱ
1769 1625 1875 1676 τῶν

220 1705 598 1798 πενθουμένων
636 1708 861 1798 γαμεταὶ
908 1705 1200 1798 κωλύοντα-ι
1248 1704 1303 1761 ἐν
1325 1712 1426 1798 ⁸
1470 1706 1872 1798 πενθίμῳᾼχρό-
1897 1749 1934 1798 Β

217 1817 297 1868 νῳ
381 1797 668 1873 γαμεῖσθαι
700 1812 715 1827 ⁸
795 1796 840 1851 εί
922 1802 1000 1870 μὴ
1068 1794 1206 1850 κατᾶ
1277 1792 1516 1851 κέλευσιν
1587 1795 1869 1873 βασιλέως.

216 1886 284 1941 Αἱ
313 1880 369 1940 δὲ
397 1888 503 1939 τῶν
536 1884 614 1959 μὴ
670 1882 1055 1959 πενθουμένων,
1114 1880 1233 1949 ἤτοι
1288 1887 1395 1938 τῶν
1453 1882 1538 1938 ἐπὶ
1564 1885 1875 1946 καθοσιώσει

215 1970 727 2045 καταδικασθέντων,
800 1974 859 2029 οὐ
925 1969 1239 2031 κωλύονται.
1302 1961 1364 2028 Ἠ
1436 1970 1491 2026 ἐν
1531 1978 1609 2046 τῷ
1663 1976 1873 2030 πενθεῖν

215 2062 310 2119 τὸν
371 2058 530 2141 ἄνδρα
594 2062 913 2140 γεννήσασα,
989 2059 1066 2116 ἔτι
1119 2057 1380 2116 κωλύεται
1434 2060 1595 2138 γάμῳ
1638 2060 1871 2141 προσελ-

215 2154 354 2212 θεῖν.
391 2141 454 2208 Ἠ
501 2148 557 2206 δὲ
605 2150 659 2208 ἐν
715 2154 792 2225 τῷ
849 2149 1084 2226 πενθίμῳ
1139 2149 1321 2229 χρόνῳ
1359 2156 1608 2219 τεκοῦσα,
1654 2154 1714 2211 οὗ
1764 2174 1869 2209 κω-

217 2240 422 2305 λύεται,
485 2243 633 2301 Κατὰ
688 2240 778 2299 δύο
819 2242 919 2321 γὰρ
970 2242 1139 2305 αἰτίας
1208 2244 1237 2297 6
1318 2242 1569 2318 πένθιμος
1626 2243 1867 2311 ὲτυπώθη

220 2332 426 2411 καιρὸς,
501 2328 586 2387 διὰ
651 2331 713 2386 τὸ
771 2333 848 2405 μὴ
906 2330 1162 2411 σύγχυσιν
1216 2329 1448 2408 γίνεσθαι
1501 2335 1601 2398 τῆς
1677 2338 1863 2410 γονῆς,

218 2420 307 2476 καὶ
350 2417 434 2481 διὰ
483 2419 585 2487 τὴν
637 2417 984 2499 ὀφειλομένην
1042 2417 1170 2476 αἰδὼ
1208 2420 1299 2475 καὶ
1352 2419 1514 2496 τιμὴν
1550 2428 1627 2495 τῷ
1674 2419 1816 2500 ἀνδρί
1848 2440 1862 2453 '

220 2511 272 2565 αἱ
300 2508 388 2566 οὖν
457 2520 704 2587 γυναῖκες
742 2509 849 2565 τῶν
916 2508 992 2583 μὴ
1049 2507 1205 2574 ἀξίων
1273 2500 1615 2580 πενθεῖσθαι,
1669 2506 1754 2566 διὰ
1807 2512 1870 2567 τὸ

218 2599 291 2662 είς
361 2595 593 2674 δημόσια
642 2599 806 2677 τυχὸν
855 2609 1160 2675 περιπεσεῖν
1208 2595 1539 2676 ἐγκλήματα,
1603 2599 1739 2674 μετὰ
1779 2600 1869 2656 τὸν

216 2686 377 2766 τόκον
436 2687 497 2743 οὗ
537 2685 828 2743 κωλύονται
884 2688 970 2742 καὶ
1014 2685 1069 2741 ἐν
1121 2693 1200 2762 τῷ
1266 2686 1501 2763 πενθίμῳ
1552 2691 1862 2766 γαμεῖσθαι.

221 2764 285 2832 Ἠ
313 2776 417 2854 πρὸ
462 2782 557 2831 τσῦ
608 2778 858 2851 πενθίμου
920 2774 1114 2855 χρόνου
1192 2764 1641 2856 δευτερογαμοῦσα
1706 2779 1861 2856 γυνὴ,

215 2864 521 2944 ἆτιμοῦται,
554 2861 719 2940 μηδὲν
777 2864 837 2920 ἐκ
890 2873 985 2923 τοῦ
1044 2864 1255 2943 πρώτου
1300 2865 1475 2942 γάμου
1502 2863 1857 2944 κερδαίνουσα,

1966 642 2263 705 fusionem
2295 643 2625 718 continent,
2687 641 2880 704 caveri
2910 639 3150 730 debent.
3211 637 3279 730 In
3327 635 3423 730 iis,
3481 648 3613 730 quae

1965 741 2133 796 extra
2161 733 2574 813 cognationem
2607 731 2796 814 posita
2825 740 2981 807 sunt,
3033 726 3236 819 decori
3267 733 3325 788 et
3381 724 3612 819 honesti

1961 811 2437 886 liabendairatio.
2474 811 2790 893 Caeterum,
2845 838 2977 901 quae
3026 816 3288 880 nefarias
3319 811 3614 901 eontrasit

1962 911 2218 991 nuptias,
2248 912 2476 975 solvere
2509 897 2948 973 matrimonium
2985 913 3196 989 potest,
3225 912 3283 966 et
3311 901 3412 965 alii
3444 897 3609 960 dein—

1958 1018 2099 1081 ceps
2123 1000 2372 1064 nubere.
2398 1000 2508 1073 Qui
2531 1010 2724 1062 autem
2755 1018 2825 1061 ex
2848 996 3169 1080 prohibitis
3219 991 3438 1073 nuptiis
3464 1004 3606 1068 pro-

1957 1098 2236 1152 creantur
2288 1089 2485 1165 liberi,
2568 1108 2680 1151 nec
2750 1088 3086 1168 spuriorum
3148 1081 3605 1165 appellationem

1958 1188 2422 1260 consequuntur,
2457 1197 2567 1242 nec
2612 1178 2750 1239 ullis
2806 1176 2866 1238 in
2926 1174 3097 1236 bonis
3145 1171 3297 1254 patri
3324 1187 3431 1231 suo
3464 1182 3603 1226 suc-

1957 1267 2175 1329 cedunt
2198 1268 2349 1349 (93).
2384 1266 2495 1341 Qui
2527 1287 2660 1330 cum
2694 1265 2944 1327 muliere
2965 1263 3180 1335 libera,
3203 1269 3602 1349 qumcorpore

1956 1346 2242 1436 quaestum
2274 1346 2391 1417 non
2425 1355 2653 1431 fecerit,
2721 1351 3216 1417 consuetudinem
3250 1346 3602 1436 habet,_nou

1953 1433 2380 1520 concubinum,
2434 1445 2539 1507 sed
2594 1462 2837 1507 uxorem
2896 1442 3120 1505 habere
3170 1439 3401 1500 videtur
3452 1433 3599 1514 (94).

1957 1531 2156 1596 Potest
2187 1541 2422 1596 curator
2455 1532 2829 1595 matrimonio
2871 1530 3151 1611 copulare
3202 1526 3382 1588 ﬁliam
3433 1539 3601 1583 suam

1955 1620 2034 1692 ei,
2069 1622 2237 1702 cujus
2265 1630 2501 1686 curator
2529 1631 2619 1685 est
2651 1623 2768 1703 (95)
2803 1642 2817 1683 :
2850 1630 2908 1683 at
2938 1620 3121 1683 [ilium
3152 1634 3324 1679 suum
3368 1627 3605 1703 cumAea

1958 1699 2255 1791 copulare,
2291 1712 2459 1791 cujus
2485 1699 2721 1788 negotia
2737 1711 2910 1790 gerit,
2965 1708 3189 1788 absque
3227 1707 3403 1785 jussu
3432 1699 3601 1782 prin-

1958 1798 2108 1879 cipis
2129 1801 2247 1880 (96)
2283 1802 2512 1881 nequit.
2544 1803 2692 1863 Nam
2722 1799 2964 1861 infamia
2988 1806 3248 1860 notatur.
3281 1791 3403 1854 Nec
3436 1796 3605 1870 pater

1958 1888 2190 1964 tutoris,
2224 1907 2336 1952 nec
2381 1880 2567 1950 frater
2641 1889 2791 1968 ejus,
2859 1888 2960 1968 qui
2990 1885 3183 1948 adhuc
3217 1889 3305 1943 est
3335 1880 3396 1941 in
3428 1884 3600 1958 pote-

1956 1984 2124 2052 state,
2156 1978 2437 2059 pupillam
2468 1978 2691 2041 ducere
2722 1984 2906 2059 poteSI
2944 1977 3094 2055 (97).
3118 1972 3344 2036 Uxores
3366 1984 3597 2046 eorum,

1955 2064 2056 2145 qui
2087 2065 2421 2145 elugentur,
2471 2066 2627 2129 intra
2656 2074 2886 2146 tempus
2916 2063 3105 2127 luctus
3136 2061 3362 2123 nubere
3392 2064 3602 2146 vetant

1948 2144 2066 2228 tur,
2115 2144 2227 2216 nisi
2253 2156 2421 2235 jussu
2454 2154 2757 2237 principis.
2782 2144 2883 2216 -Αι
2922 2171 3127 2215 eorum
3154 2150 3463 2229 conjugeS.
3497 2144 3601 2237 qui

1949 2241 2140 2322 lugeri
2170 2233 2287 2306 non
2319 2233 2531 2319 solent,
2568 2233 2678 2307 hoc
2709 2252 2820 2316 est,
2854 2242 2954 2324 qui
2986 2239 3312 2320 majestatis
3334 2233 3596 2297 damnati

1949 2343 2110 2407 sunt,
2135 2352 2249 2395 non
2266 2334 2684 2414 prohibentur.
2707 2332 2847 2406 Quae
2866 2333 3341 2410 Iuctustempore
3359 2334 3595 2387 uterum

1952 2420 2125 2501 gerit,
2148 2422 2338 2483 adhuc
2356 2423 2701 2504 prohibetur
2742 2420 2819 2484 ad
2861 2421 3005 2482 alias
3049 2418 3302 2481 transire
3333 2414 3593 2495 nuptias.

1952 2508 2094 2583 Qua;
2122 2530 2259 2572 vero
2291 2511 2446 2572 intra
2475 2520 2705 2592 tempus
2749 2511 2943 2573 luctus
2972 2516 3203 2591 partum
3232 2504 3440 2578 edidit,
3474 2520 3593 2564 non

1955 2599 2326 2680 prohibetur.
2359 2600 2502 2662 Nam
2531 2601 2681 2662 duas
2703 2599 2776 2661 ob
2800 2617 3005 2662 causas
3034 2596 3360 2676 legitimum
3401 2593 3593 2654 luctus

1953 2696 2186 2769 tempus
2216 2699 2306 2753 est
2349 2689 2753 2760 constitutum,
2794 2707 2871 2751 ne
2913 2686 3185 2749 videlicet
3214 2681 3462 2746 seminis
3493 2680 3593 2769 fiat

1948 2777 2241 2854 confusio,
2273 2797 2342 2841 ac
2375 2787 2612 2860 propter
2640 2776 3033 2841 reverentiam
3067 2783 3124 2837 et
3154 2775 3467 2851 honorem,
3493 2768 3595 2851 qui

1947 2867 2158 2928 marito
2215 2868 2483 2930 debetur.
2541 2866 2725 2947 Igitur
2771 2885 2979 2929 eorum
3035 2881 3270 2943 uxores,
3326 2860 3426 2942 qui
3476 2876 3593 2920 non

214 2953 309 3010 καὶ
370 2950 524 3028 μεδὲν
580 2951 740 3010 πλέον
782 2961 873 3011 τοῦ
920 2952 1096 3030 τρίτου
1148 2953 1336 3033 μέρους
1361 2958 1461 3020 τῆς
1517 2951 1652 3017 ἰδίας
1683 2955 1859 3017 οὐσίας

1955 2955 2112 3035 digni
2134 2964 2294 3031 sunt,
2318 2965 2377 3017 ut
2408 2957 2717 3036 legeantur
2747 2963 3060 3038 propterea
3088 2951 3245 3035 quod
3266 2951 3325 3012 in
3358 2948 3595 3038 pubfica

213 3039 389 3101 δοῦναι
444 3038 702 3118 δυναμένη
776 3045 854 3116 τῷ
1219 3028 1432 3122 ⁷(Ξινδρὶ,
1494 3043 1582 3099 ὅτε
1668 3040 1863 3106 παῖδας

1955 3028 2098 3105 forte
2127 3028 2378 3106 crimina
2410 3028 2559 3127 lapsi
2584 3045 2701 3106 sint
2733 3028 2875 3119 {98),
2940 3050 3069 3123 post
3110 3028 3375 3121 'partum'
3409 3036 3589 3127 etiam

212 3128 418 3198 δηλαδὴ
450 3130 544 3187 οὐκ
586 3129 724 3211 ἔχει.
762 3128 884 3187 Ἐὰν
954 3131 1088 3206 μετᾶ
1134 3131 1233 3198 τὴν
1259 3137 1353 3187 τοῦ
1396 3128 1580 3210 ανδρὸς
1611 3130 1864 3199 τελευτὴν

209 3221 330 3300 περὶ
395 3221 486 3277 τὸν
542 3217 815 3277 ἑνδέκατον
883 3223 1026 3294 μῆνα
1098 3218 1230 3295 τέκῃ
1323 3220 1359 3287 ἡ
1431 3220 1565 3296 γυνὴ
1648 3221 1864 3299 πορνεία

207 3308 319 3366 ἐστί
347 3310 408 3365 τὸ
450 3310 691 3388 γεγονὸς,
744 3309 832 3365 καὶ
876 3320 993 3372 τοῖς
1036 3309 1219 3371 αὒτοῖς
1276 3307 1560 3383 ἐπιτιμίοις
1591 3308 1858 3389 ἐνέχεται,

207 3401 295 3462 οἷς
354 3399 389 3467 ἡ
446 3399 560 3478 περὶ
629 3399 721 3455 τὸν
797 3396 1048 3473 πένθιμον
1122 3397 1314 3478 χρόνον
1383 3395 1857 3476 δευτερογαμοῦσα.

208 3486 532 3546 ἐκπίπτουσα
586 3484 829 3554 δηλονότι
883 3490 981 3553 τῆς
1039 3507 1095 3543 τε
1135 3485 1474 3566 προικώσεως
1534 3488 1735 3560 πάσης,
1771 3490 1859 3545 καὶ

210 3573 446 3655 ἀνδρώας
492 3576 547 3626 19
588 3576 934 3640 ὑωοστάσεως
946 3623 960 3637 ,

1948 3132 2103 3195 intra
2132 3142 2363 3215 tempus
2396 3124 2586 3197 luctus
2615 3133 2842 3197 nubere
2870 3151 2989 3194 non
3010 3128 3399 3215 prohibentur
3451 3124 3593 3215 Quae

1946 3231 2081 3284 ante
2113 3214 2337 3284 finitum
2402 3224 2594 3284 luctus
2631 3230 2863 3302 tempus
2920 3217 3214 3281 secundas
3250 3214 3320 3277 ad
3357 3214 3594 3293 nuptias

1946 3311 2218 3372 convolat
2243 3310 2479 3389 mulier,
2543 3311 2782 3371 infamia
2838 3315 3096 3381 notatur,
3141 3313 3199 3365 et
3256 3302 3482 3363 nullum
3515 3320 3589 3361 ex

1948 3400 2129 3480 priori
2152 3400 2527 3461 matrimonio
2566 3400 2791 3460 lucrum
2825 3396 2999 3477 capit,
3034 3413 3145 3455 nec
3168 3392 3326 3455 ultra
3355 3390 3587 3480 tertiam

1945 3478 2170 3570 partem
2261 3487 2597 3569 patrimonii
2666 3486 2756 3547 sui
2826 3484 2965 3546 dare
3042 3480 3310 3570 secnndo
3380 3478 3592 3570 marito

1945 3564 2159 3659 potest,
2182 3564 2331 3657 (99),
2365 3594 2498 3637 cum
2530 3574 2807 3637 videlicet
2830 3574 3053 3635 liberos
3088 3570 3277 3632 nullos
3301 3567 3498 3659 habet.
3525 3564 3587 3631 Si

210 3670 345 3743 post
370 3662 595 3726 obitum
633 3662 828 3726 mariti
859 3662 1078 3725 mulier
1101 3659 1419 3725 undecimo
1452 3681 1659 3726 menso
1716 3655 1961 3746 partum
2003 3655 2291 3736 ediderit,
2318 3655 2552 3726 factum
2585 3665 2696 3726 hoc
2728 3682 2889 3726 mera
2918 3659 3196 3724 scortatio
3229 3666 3340 3732 est,
3375 3667 3434 3718 et
3457 3655 3590 3746 ipsa

209 3751 401 3832 pinnis
432 3752 658 3815 eisdem
690 3759 949 3832 tenetur,
981 3750 1197 3833 quibus
1241 3769 1333 3827 ea,
1365 3770 1499 3831 quae
1532 3752 1690 3815 circa
1717 3743 1957 3835 tempus
1989 3757 2184 3817 luctus
2234 3754 2528 3816 secundas
2581 3752 2877 3816 contrahit
2906 3749 3140 3831 nuptias
3172 3770 3187 3810 :
3221 3746 3377 3829 quod
3410 3743 3589 3807 nimi-

207 3858 340 3901 rum
374 3848 489 3901 tam
522 3840 841 3915 dotalibus,
874 3858 1048 3922 quam
1082 3838 1358 3903 omnibus
1391 3841 1523 3903 aliis
1556 3843 1755 3906 mariti
1792 3843 1964 3906 bonis
1990 3844 2240 3907 excidat.

296 3952 317 3983 ιι
354 3932 476 4008 Περὶ
503 3936 609 3987 τῶν
638 3928 1063 4008 βδελυσσομένων
1107 3929 1225 3992 τοὺς
1256 3928 1506 4005 ἐννόμους
1546 3932 1775 4010 γάμους,

545 4020 637 4075 τὸν
666 4023 834 4093 οἶνον,
882 4020 948 4075 τὰ
975 4017 1126 4098 κρέα,
1157 4019 1245 4098 καὶ
1272 4017 1446 4098 ἕτερα.
1483 4042 1511 4074 ιι

289 4098 347 4166 Ὀ
382 4113 489 4163 τῶν
531 4108 694 4186 ἁγίων
744 4094 1055 4165 ἀποστόλων
1098 4094 1183 4163 να’
1228 4094 1403 4165 ωνῶν
1449 4124 1464 4139 ⁶
1506 4106 1851 4185 Ἐπίσκοπος,

2047 3934 2129 3995 De
2154 3932 2274 4007 his,
2306 3937 2414 4013 qui
2438 3931 2870 3994 abominantur
2896 3929 3195 4011 legitimas
3223 3926 3487 4007 nuptias,

2381 4022 2614 4093 vinum,
2649 4036 2882 4089 comes,
2915 4026 2970 4083 et
3001 4020 3148 4082 alia.

2019 4112 2221 4174 Canon
2256 4128 2314 4171 LI
2363 4116 2702 4171 sanctorum
2750 4109 3152 4189 apostolorum
3192 4130 3203 4164 :
3239 4103 3586 4186 Episcopus,

203 4198 386 4276 φησὶν,
418 4196 454 4264 ἢ
484 4194 851 4277 πρεσϐύτερος,
910 4196 947 4265 ἢ
1006 4194 1164 4259 ἄλλος
1220 4202 1314 4252 τοῦ
1369 4195 1596 4275 κλήρου,
1659 4199 1718 4254 οὔ
1747 4199 1856 4273 μὴν

1955 4200 2150 4280 .nquit,
2181 4207 2280 4260 aut
2311 4198 2514 4280 presb}
2536 4206 2648 4279 ter,
2678 4206 2777 4258 aut
2806 4198 2957 4258 alius
2984 4194 3273 4277 quispiam
3305 4212 3371 4255 ex
3404 4193 3587 4265 clero,

201 4285 269 4342 δι’
348 4284 573 4354 ἄσκησιν
626 4288 715 4343 καὶ
769 4285 1098 4366 ἐγκράτειαν,
1145 4282 1265 4339 ἀλλ’
1324 4286 1399 4348 ὡς
1455 4284 1737 4361 βδελυκτὸν
1800 4286 1857 4336 13

1957 4288 2039 4369 lui
2070 4307 2186 4349 non
2212 4286 2653 4349 exercitationis
2683 4298 2748 4349 et
2787 4284 3168 4348 continentiae
3222 4300 3422 4353 causa,
3483 4280 3589 4342 sed

202 4374 540 4455 ἀπεχόμενος
598 4376 771 4454 γάμου
828 4397 886 4433 τε
942 4377 1029 4432 καὶ
1097 4380 1267 4454 κρεῶν
1324 4376 1412 4431 καὶ
1455 4373 1626 4447 οἴνου,
1684 4374 1858 4433 ἐπιλε-

1955 4375 2421 4451 tbominationis,
2442 4375 2701 4438 abstinet
2720 4394 2752 4436 a
2775 4373 3174 4448 matrimonio,
3198 4382 3251 4434 el
3286 4370 3588 4442 carnibus,

200 4462 467 4539 λησμένος
525 4463 607 4521 ὅτι
666 4463 821 4544 ἄρσεν
875 4466 962 4521 καὶ
1016 4462 1150 4543 θῆλυ
1206 4462 1452 4531 ἐποίησεν
1503 4465 1531 4521 ὀ
1585 4467 1713 4531 Θεὸς
1766 4468 1859 4523 τὸν

1955 4474 2001 4527 et
2032 4466 2187 4540 vino,
2220 4468 2407 4528 Deum
2442 4465 2667 4527 oblitus
2699 4463 2999 4525 hominem
3028 4462 3237 4523 fecisse
3262 4458 3585 4521 masculum

198 4550 496 4631 ἄνθρωπον,
540 4554 628 4609 καὶ
672 4553 754 4610 ὅτι
818 4553 990 4610 πάντα
1016 4553 1157 4609 κακὰ
1184 4550 1321 4626 λίαν,
1381 4553 1470 4608 καὶ
1524 4552 1855 4633 βλασφημῶν

1955 4562 1998 4615 3t
2027 4554 2335 4630 feminam,
2392 4564 2570 4635 atque
2627 4552 2827 4614 omnia
2857 4552 2999 4613 facta
3037 4570 3165 4612 esse
3196 4548 3363 4611 valde
3407 4547 3584 4619 bona,

195 4639 467 4697 διαϐάλλει
500 4649 593 4699 τσῦ
641 4649 774 4700 Θεοῦ
827 4643 928 4710 τὴν
997 4638 1365 4719 δημιουργίαν,
1426 4640 1462 4709 ἢ
1516 4639 1850 4719 διορθούσθω,

1955 4643 2158 4724 ιυίίιυε
2187 4643 2603 4705 maledicendo
2636 4639 2985 4704 criminatur
3006 4640 3306 4719 opificium
3340 4636 3471 4709 Dei,
3498 4637 3588 4698 vel

194 4729 234 4797 ἢ
280 4733 644 4810 καθαιρείσθω,
696 4734 785 4789 καὶ
841 4736 940 4799 τῆς
997 4728 1344 4802 Ἐκκλησίας,
1397 4730 1471 4794 ὡς
1530 4729 1853 4809 πορῤωτάτω

1955 4731 2269 4809 :orrigitor,
2303 4732 2390 4791 vel
2422 4730 2748 4800 abdicator,
2775 4737 2834 4789 et
2860 4728 2931 4789 ab
2958 4727 3222 4788 Ecclesia
3245 4726 3589 4804 longissime

190 4818 445 4899 γενέσθω,
519 4821 593 4885 ὡς
651 4821 964 4885 ἀπεναντίας
1021 4831 1138 4881 τοῖς
1211 4818 1387 4896 ὀρθοῖς
1445 4818 1641 4885 ταύτης
1701 4821 1851 4876 ἱστά-

1955 4828 2288 4895 'emovetor,
2326 4818 2509 4880 veluti
2534 4817 2633 4901 qui
2663 4817 2844 4879 rectis
2874 4816 3003 4897 ejus
3033 4815 3287 4877 decretis
3316 4816 3590 4875 adverse-

190 4929 356 4984 μενος
398 4906 680 4987 δόγμασιν,
714 4912 774 4969 El
804 4907 858 4967 δὲ
891 4910 1002 4990 ⁸καὶ
1058 4905 1247 4970 λα’ίκὸς
1290 4915 1456 4966 ταῦτα
1484 4913 1688 4987 φρονῶν
1731 4908 1847 4980 εἴη,

1961 4927 2053 4970 ur.
2088 4908 2253 4982 Quod
2272 4910 2319 4971 si
2340 4907 2525 4971 laicus
2546 4909 2605 4970 in
2623 4907 2828 4970 cadem
2854 4904 3146 4969 sententia
3167 4904 3263 4979 sit,
3283 4903 3356 4964 ab
3379 4903 3586 4965 Eccle-

1520 5063 1780 5130 VARIIE
1821 5066 2258 5134 LECTiONES.

275 5170 331 5215 ‘3
360 5175 599 5242 ποικώας
631 5179 718 5235 καὶ
747 5178 926 5247 πάσης
956 5179 1213 5260 ἀνδρώας.
1298 5175 1353 5224 ⁸³
1381 5172 1701 5254 βδελυκτῶν.

512 5361 846 5458 μέλ-⁵ος
870 5368 974 5458 rit.
1002 5372 1182 5458 napi.
1275 5450 1287 5458 _
1338 5444 1352 5458 .
2011 5365 2158 5458 (97)-
2180 5367 2228 5437 Ι.
2260 5368 2357 5436 10.
2390 5370 2461 5433 D.
2504 5368 2591 5433 De
2619 5368 2711 5433 his
2742 5367 2849 5450 qui
2880 5370 3006 5430 not.
3039 5362 3290 5443 iniam,
3325 5382 3457 5426 cum
3490 5348 3594 5427 se"

276 5439 404 5528 (ἓξ)
432 5439 474 5528 l_.
508 5440 568 5528 ξ.
602 5441 673 5528 l_).
709 5439 1128 5528 DeAintcrdici.
1163 5444 1439 5510 matrim.
1932 5439 2202 5528 quentib.

301 5519 403 5611 εις)
436 5519 480 5611 .I-
513 5520 671 5611 2.6..
700 5524 837 5611 eod:
981 5608 990 5611 -
1056 5608 1083 5611 _
1251 5605 1268 5611 _
1950 5519 1969 5528 ·
2018 5525 2145 5611 es)
2180 5528 2718 5611 noveramus
2754 5528 2864 5595 22.

296 5598 405 5681 96)
434 5598 475 5662 Ι.
507 5600 609 5667 67.
642 5600 673 5683 §
699 5601 827 5669 Sed
854 5608 1016 5701 διιεῖ.
1051 5608 1125 5673 D.
1158 5605 1295 5670 eod.
2014 5598 2155 5687 (99)
2186 5605 2430 5673 Novella
2456 5598 2623 5674 39in
2654 5598 2796 5674 "ﬁne.
2850 5620 2873 5643 ’ν
