4074 6212
250 267 277 327 1
303 266 424 331 249

1591 263 2276 331 GR/ECO-ROMANUM
2288 312 2301 326 .

3480 271 3505 328 4
3520 264 3639 330 250

254 424 278 458 ι
332 402 457 480 Περῖ
512 401 700 479 γάμων
768 422 874 457 των
956 398 1228 479 κληρικῶν
1296 399 1759 479 ἐπιτετραμμέιων
1814 400 1901 455 καὶ

2039 395 2128 458 Dc
2158 398 2395 475 nuptiis
2425 394 2801 459 clericorum
2830 396 3127 459 concessis
3155 403 3211 458 et
3238 395 3579 475 prohibitis.

843 487 1226 565 κεκωλνμένων
1237 536 1250 551 ,
1287 512 1315 544 ι)

337 570 396 638 Ὀ
450 582 558 636 τῶν
613 579 778 657 ἁγίων
850 577 1164 635 ἀποστόλων
1210 578 1446 643 εἰκοστὸς
1502 579 1653 642 ἕκτος
1708 578 1904 653 κανὼν,

249 670 344 727 καὶ
373 671 402 725 6
430 667 583 733 ἕκτος
637 671 735 737 τῆς
779 667 941 734 ἕκτης
998 663 1233 745 συνόδου,
1265 667 1354 722 καὶ
1382 669 1410 722 6
1456 669 1554 734 τῆς
1611 667 1665 722 ἐν
1699 669 1903 744 Καρθα-

253 780 415 837 γενῃ,
449 747 572 837 ις’,
605 771 721 819 τοῖς
778 764 856 832 τῷ
921 755 1106 836 κλήρῳ
1147 753 1597 835 κατειλεγμένοις,
1655 757 1743 812 καὶ
1773 755 1906 810 ἀνα-

256 848 503 927 γνώστας
533 844 609 903 ἔτι
638 849 725 904 καὶ
763 844 969 922 eam
1021 843 1253 921 τελοῦσι,
1306 845 1545 921 νομίμως
1574 850 1907 924 συγχωροῦσι

257 949 481 1015 γαμεῖν.
527 936 674 992 Μετά
702 934 758 991 δέ
809 956 870 1013 γε
923 935 986 990 τὸ
1029 935 1101 997 είς
1151 933 1348 1008 βαθμὸν
1392 937 1727 1013 προαχθῆναι
1771 934 1907 988 ὑπο-

256 1023 503 1084 διακόνου
565 1025 602 1093 ἢ
663 1022 926 1103 διακόνου,
985 1022 1022 1090 ἢ
1079 1019 1445 1101 πρεσϐυτέρου,
1505 1022 1730 1080 οὐκέτι.
1793 1026 1909 1079 Τῶν

262 1115 363 1193 γὰρ
404 1114 702 1191 ἱερωμένων
750 1113 867 1175 τοὺς
911 1112 1042 1191 πρὸς
1088 1111 1260 1188 γάμον
1328 1109 1661 1175 ἒκκλίνοντας
1716 1114 1905 1167 καθαι-

263 1213 437 1283 ροῦσιν
495 1204 638 1268 εὐθύς
726 1203 823 1260 Καὶ
893 1204 921 1258 6
1002 1206 1209 1281 πρῶτος
1271 1201 1370 1277 γὰρ
1425 1205 1523 1268 τῆς
1608 1212 1906 1261 Νεοιιαισα-

265 1293 397 1372 ρείᾳ,
456 1295 546 1349 τὸν
601 1290 752 1359 δῆθεν
782 1291 1018 1366 νομίμως
1070 1290 1276 1367 γυναικὶ
1319 1286 1909 1372 συναφθέντα-πρεσϐύ-

263 1368 410 1461 τερον
440 1382 537 1449 τῆς
566 1381 849 1461 ἱερωσύνης
891 1379 1213 1456 ἀπογυμνοϊ.
1256 1377 1325 1435 Οἵ
1375 1376 1428 1434 δὲ
1459 1368 1557 1445 τῆς
1588 1368 1669 1453 ς’
1698 1376 1911 1434 συνόδου

264 1475 396 1527 θεῖοι
433 1468 658 1547 Πατέρες
689 1466 1068 1547 ἀνατρέποντες
1108 1468 1169 1522 τὸ
1190 1468 1247 1522 ἓν
1292 1472 1360 1543 τῇ
1407 1475 1643 1523 Λατινων
1675 1465 1909 1533 Ἐκκλη-

266 1560 348 1631 σία
372 1557 642 1637 κρατῆσαν
697 1555 833 1634 ἔθος,
888 1556 948 1610 τὸ
1003 1555 1123 1619 τοὺς
1194 1555 1693 1634 χειροτονουμένους
1747 1555 1915 1633 ἱερέας

258 1669 319 1704 τε
361 1648 451 1703 καὶ
479 1645 751 1708 ὃιακόνοτς
792 1644 992 1705 πίστεις
1022 1643 1274 1722 πρότερον
1329 1640 1546 1722 διδόναι,
1599 1643 1633 1710 ἧ
1684 1644 1792 1719 μὴν
1832 1664 1917 1698 τε·

2071 572 2268 636 Canon
2324 591 2457 636 xxvt
2503 582 2847 637 sanctorum
2883 572 3312 654 apostolorum,
3348 582 3408 637 et
3436 582 3634 638 sextus

1990 661 2200 742 synodi
2225 675 2427 738 sextae,
2454 672 2512 725 et
2535 680 2630 723 xvr
2660 661 2899 725 concilii
2931 660 3459 741 Carthaginiensis,
3495 681 3632 745 per-

1991 751 2228 811 mittunt
2253 751 2349 824 iis,
2376 751 2476 832 qui
2493 751 2655 814 clero
2667 750 3064 821 continentur,
3088 759 3147 812 et
3167 751 3362 814 adhuc
3381 752 3635 815 lectores

1991 846 2047 899 et
2077 847 2351 900 cantores
2383 848 2542 912 sunt,
2580 848 2643 900 ut
2668 838 2963 918 legitimas
2993 839 3228 921 nuptias
3257 843 3631 905 contrahant.

1990 924 2210 988 Verum
2245 946 2361 989 non
2418 927 2697 1008 amplius,
2758 936 3064 1010 postquam
3121 930 3383 1009 provecti
3414 931 3634 994 fuerint

1989 1015 2061 1076 ad
2085 1016 2332 1095 gradum
2350 1016 2722 1091 subdiaconi,
2741 1014 3109 1094 veldiaconi,
3143 1018 3234 1079 vel
3265 1020 3630 1100 presbyteri.

1991 1103 2135 1167 Nam
2159 1107 2421 1168 initiatos
2445 1105 2804 1181 sacerdotio,
2833 1107 2933 1186 qui
2956 1105 3028 1167 ad
3055 1107 3496 1172 matrimonium
3520 1108 3631 1173 de-

1991 1195 2256 1270 ﬂectunt,
2278 1196 2470 1256 statim
2495 1195 2793 1258 abdicant.
2826 1194 3010 1256 Etiam
3037 1196 3261 1277 primus
3287 1216 3472 1260 canon
3498 1218 3634 1262 con-

1993 1282 2115 1343 cilii
2171 1282 2672 1345 Neocaesariensis
2725 1283 3175 1365 presbyterum,
3217 1287 3317 1367 qui
3376 1288 3636 1366 legitime

1994 1373 2305 1449 cepulatus
2336 1372 2505 1434 uxori
2541 1373 2740 1447 fuerit,
2786 1373 3123 1436 sacerdotio
3172 1375 3357 1439 exuit.
3415 1376 3634 1439 Verum

1994 1461 2146 1523 sexti
2175 1461 2411 1523 concilii
2458 1461 2641 1522 divini
2701 1464 2899 1522 Patres
2955 1480 3083 1523 eam
3143 1466 3633 1528 consuetudinem

1997 1549 2325 1631 abutentes,
2352 1570 2480 1631 quae
2503 1550 2559 1610 in
2580 1550 2842 1612 Ecclesia
2866 1551 3205 1613 Latinorum
3245 1553 3512 1629 invaluit,
3542 1556 3632 1616 vi-

1998 1637 2218 1699 delicet
2249 1649 2311 1702 ut
2340 1640 2680 1700 sacerdotes
2736 1646 2795 1701 et
2844 1639 3102 1715 diaconi,
3137 1642 3237 1721 qui
3263 1642 3631 1721 ordinantur,

258 1734 398 1799 λέως
446 1735 580 1804 μετά
631 1732 728 1799 τὴν
769 1732 1097 1810 χειροτονίαν
1143 1730 1414 1810 ἀφέξεσθαι
1461 1739 1565 1788 τῶν
1627 1734 1728 1810 πρὸ
1782 1732 1913 1786 ταύ-

2003 1725 2162 1803 prius
2196 1728 2369 1788 tidem
2403 1727 2563 1804 dent,
2596 1727 2752 1807 quod
2774 1728 3017 1789 omnino
3040 1738 3172 1810 post
3199 1730 3631 1796 ordinationem

262 1847 366 1891 της
397 1823 635 1898 νομίμως
684 1823 1068 1900 σνζευχθεισῶν
1116 1821 1300 1886 αὺτοῖς
1356 1828 1616 1898 γυναικῶν
1650 1838 1664 1851 ’
1701 1813 1912 1897 Ἠμεῖς,

265 1915 415 1994 φασὶ,
468 1913 557 1967 καὶ
609 1912 743 1986 μετὰ
809 1912 909 1977 τὴν
971 1910 1299 1989 χειροτονίαν
1351 1908 1599 1987 ἐρρῶσθαι
1655 1911 1719 1966 τὰ
1750 1933 1917 1967 συνοι-

264 2004 415 2061 κέσια
473 1999 768 2078 βουλόμεθα
838 1999 945 2055 τῶν
989 1996 1143 2062 ἀξίως
1185 2003 1284 2065 τῆς
1330 2000 1615 2077 ἱερωσύνης
1677 1998 1912 2074 ἠξιωμέ-

262 2117 391 2170 νων,
425 2090 518 2146 ’ἶνα
562 2090 639 2165 μὴ
668 2090 760 2145 τὸν
791 2086 1141 2164 εὖλογηθέντα
1194 2094 1263 2162 τῇ
1304 2093 1397 2144 τοῦ
1447 2089 1632 2164 Κυρίου
1661 2089 1915 2165 παρουσίᾳ

261 2181 435 2260 γάμον
492 2177 740 2253 λάτωμεν
793 2175 1106 2255 ὑϐρίζοντες,
1165 2177 1251 2231 καὶ
1307 2176 1522 2255 προσέτι
1575 2176 1916 2256 ἀποθρηναμέ-

263 2294 378 2342 νου,
412 2269 446 2324 ἆ
506 2270 534 2324 6
593 2268 720 2330 Θεὸς
778 2262 1088 2337 συνέζευξεν,
1151 2262 1418 2338 ἄνθρωπος
1477 2266 1553 2339 μὴ
1612 2266 1907 2345 χῶριζέτω.

269 2360 367 2416 Καὶ
396 2358 503 2433 μὴν
545 2357 634 2412 καὶ
675 2354 709 2412 6'
757 2352 1082 2416 Ἀπόστολος
1127 2354 1299 2427 τίμιον
1331 2355 1473 2410 εἶναι
1517 2353 1659 2432 λέγει
1689 2358 1779 2411 τδν
1807 2356 1912 2432 γά-

268 2469 387 2521 μον,
434 2447 521 2501 καὶ
568 2444 671 2512 τὴν
727 2443 909 2509 κοίτην
952 2441 1225 2516 ἀμίαντον.
1300 2445 1400 2500 Καὶ
1454 2441 1612 2499 πάλιν
1648 2463 1662 2477 ·
1701 2442 1913 2500 Δέδεσαι

270 2535 510 2614 γυναικὶ,
576 2533 653 2608 μὴ
710 2533 859 2603 ζήτει
902 2529 1071 2592 λύσιν,
1135 2521 1191 2587 Ὀ
1239 2532 1404 2588 τοίνυν
1459 2531 1765 2611 ἀποστερῶν
1809 2531 1917 2588 διὰ-

265 2645 441 2692 κονον,
490 2620 525 2689 ἦ
550 2618 918 2690 ὑποδιάκονον,
1043 2617 1407 2698 πρεσϐύτερον,
1468 2624 1566 2688 τῆς
1628 2623 1758 2701 πρὸς
1816 2623 1913 2689 τὴν

267 2714 495 2787 νόμιμον
569 2724 797 2789 γυναῖκα
873 2710 1148 2788 συναφείας
1182 2755 1198 2782 ,
1270 2711 1631 2788 καθαιρείσθω,
1729 2711 1912 2775 Ἐκτὸς

267 2801 560 2880 ὡρισμένου
615 2797 680 2868 δή
740 2820 881 2861 τινος
964 2803 1167 2875 καιροῦ,
1242 2795 1328 2852 ὅτε
1406 2802 1791 2879 μεταχειρίζειν
1848 2803 1913 2857 τὰ

266 2890 391 2968 ἅγία
433 2886 676 2965 μέλλοιεν
711 2907 723 2919 ’

268 2983 377 3035 τῶν
438 2976 743 3052 αἱτημάτων
792 2975 870 3049 μὴ
914 2972 1268 3051 διαμάρτοιεν.
1329 2974 1495 3033 Ἀλλὰ
1537 2979 1626 3034 καί
1681 3000 1785 3035 τισι
1813 2985 1919 3035 τῶν

267 3067 388 3145 περὶ
417 3065 517 3132 τὴν
545 3065 760 3123 Νίκαιαν
821 3063 920 3129 τὴν
986 3060 1207 3140 ωρώτην
1251 3065 1661 3139 συστησαμένων
1710 3065 1920 3124 σύνοδον

266 3154 435 3212 ἐδόκει
492 3159 680 3230 μῶμον
748 3152 1070 3230 ἐπεισάγειν,
1164 3151 1506 3226 ἐπισκόπους,
1557 3156 1644 3211 καὶ
1701 3155 1920 3235 πρεσϐυ-

266 3245 476 3322 τέρους,
519 3241 789 3304 διακόνους
846 3262 905 3297 τε
936 3242 1024 3297 καὶ
1069 3239 1442 3306 ὑποδιακόνους
1495 3244 1572 3318 μὴ
1629 3248 1917 3323 συγκαθεύ-

269 3336 376 3393 δειν
407 3333 546 3397 ὅλως
589 3346 711 3396 ταῖς
741 3345 1030 3411 γαμεταῖς,
1065 3332 1126 3395 ἃς
1192 3334 1351 3409 πρινή
1396 3336 1625 3413 ἱερᾶσθαι
1684 3339 1920 3412 νομίμως

267 3428 562 3505 ἠγάγοντο.
597 3415 654 3482 Ὀ
713 3424 891 3500 μέντοι
951 3424 1295 3502 Πανρνούτιος,
1350 3431 1466 3499 μιᾶ,
1517 3430 1623 3481 τῶν
1652 3429 1786 3484 κατά
1826 3431 1920 3494 τὰς

269 3513 447 3585 Θήϐας
496 3512 704 3569 πολεων
776 3512 1061 3575 ἐπίσκοπος
1143 3514 1242 3592 ὢν,
1305 3513 1439 3591 ἀνὴρ
1499 3514 1559 3571 ἐκ
1607 3514 1787 3580 πνιδὸς
1867 3518 1920 3575 ἐν

274 3602 586 3681 ἀσκητηρίῳ
680 3601 1059 3679 τεθραμμένος,
1154 3602 1242 3657 καὶ
1337 3608 1509 3659 πᾶσαν
1579 3609 1928 3684 κατορθωκὼς

276 3695 496 3774 ἀρετὴν,
528 3694 623 3750 ἀπὶ
652 3693 961 3772 σωφροσύνη
1017 3691 1073 3748 δὲ
1129 3694 1217 3748 καὶ
1262 3692 1493 3769 μάλιστα
1547 3698 1781 3776 γεγονὼς
1825 3721 1926 3757 πε-

275 3781 551 3863 ριϐόητος,
585 3785 643 3841 οὒ
700 3782 809 3857 μὴν
862 3779 999 3836 ἀλλά
1054 3782 1141 3837 καὶ
1209 3790 1285 3857 τῷ
1325 3787 1424 3851 τῆς
1481 3786 1769 3865 ὁμολογίας
1801 3811 1927 3846 στε-

271 3873 423 3951 φάνῳ
470 3869 872 3946 κεκοσμημένος
933 3868 1138 3949 (ἅτερος
1196 3872 1296 3951 γὰρ
1352 3875 1492 3948 αὐτῷ
1562 3879 1669 3931 τῶν
1725 3877 1926 3957 ὀφθαλ-

326 3956 700 4016 οδννέε
883 3957 1136 4014 έει-
1340 3962 1375 3997 κ

273 3982 394 4036 μων
455 3983 471 4015 ι
550 3981 665 4016 ευσ,
702 3980 815 4014 ειαν
910 3963 1268 4040 ,ωρωρυιιτο),
1328 3976 1545 4019 αιτεϊπε
1599 3978 1703 4029 ,οῖς
1758 3989 1922 4029 ουυω,

277 4048 465 4130 ἔχουσι
509 4049 750 4127 γνώμης,
814 4047 986 4123 τίμιόν
1035 4070 1091 4104 τε
1133 4050 1223 4105 τὸν
1269 4050 1439 4127 γάμον
1488 4052 1792 4135 ἀποκαλῶν,
1838 4049 1925 4112 καὶ

278 4138 623 4219 σωφροσύνην
686 4138 784 4205 τὴν
839 4138 969 4217 πρὸς
1028 4138 1121 4201 τὰς
1178 4135 1310 4202 ἰδίας
1385 4144 1619 4218 γαμετὰς
1688 4142 1921 4218 ὁμιλίαν.

1999 1815 2296 1877 abstinere
2325 1816 2504 1877 velint
2535 1816 2607 1878 ab
2644 1817 2947 1894 uxoribus,
2982 1836 3111 1897 quae
3137 1826 3272 1879 ante
3304 1820 3631 1884 ordinatio-

1999 1921 2135 1963 nem
2170 1924 2301 1966 cum
2336 1905 2424 1966 eis
2455 1906 2740 1986 copulata:
2798 1907 3015 1969 fuerint
3047 1925 3060 1966 :
3125 1908 3266 1982 Nos,
3330 1908 3629 1990 inquiunt,

1995 1992 2171 2054 etiam
2201 2004 2332 2074 post
2361 1995 2793 2058 ordinationem
2847 2013 3088 2057 manere
3142 1996 3312 2057 firma
3367 2000 3635 2061 volumus

1997 2100 2201 2143 eorum
2237 2084 2630 2158 matrimonia,
2664 2084 2765 2165 qui
2789 2084 2965 2163 digne
2993 2084 3390 2147 sacerdotium
3420 2106 3634 2149 conse-

1998 2174 2115 2232 cuti
2146 2183 2302 2243 sunt,
2326 2192 2400 2234 ne
2448 2174 2787 2236 benedictas
2811 2173 3046 2235 Domini
3071 2176 3380 2254 praesentia
3399 2178 3635 2258 nuptias

1996 2264 2353 2324 contumelia
2383 2264 2714 2325 clanculum
2756 2264 3129 2344 afﬁciamus;
3183 2266 3284 2345 qui
3345 2279 3634 2347 praeterea

1998 2352 2409 2432 pronuntiavit,
2447 2352 2746 2414 hominem
2774 2371 3053 2433 separare
3083 2371 3200 2414 non
3231 2354 3450 2417 debere
3503 2375 3633 2437 quae

1999 2443 2157 2503 Dens
2178 2442 2309 2520 conj
2321 2461 2395 2501 un
2410 2468 2433 2501 ι
2447 2445 2577 2505 erit.
2602 2441 2934 2514 Quinetiam
2950 2442 3265 2521 Apostolus
3287 2443 3636 2507 honorabile

1997 2529 2141 2592 dicit
2164 2548 2296 2591 esse
2322 2531 2789 2606 matrimonium,
2821 2532 3107 2592 etlectum
3130 2532 3528 2610 impollutum.
3554 2540 3639 2598 Ac

1995 2637 2254 2693 rursum,
2279 2620 2564 2697 Alligatus
2589 2638 2653 2682 es
2675 2619 2964 2681 mulieri?
2987 2621 3337 2682 solutionem
3372 2639 3448 2683 ne
3475 2642 3638 2703 qure-

1996 2709 2132 2769 rite.
2159 2707 2555 2780 Quamobrem
2584 2709 2683 2790 qui
2706 2710 3045 2779 diaconum,
3071 2710 3160 2772 vel
3182 2710 3633 2785 subdiaconutn,

1994 2799 2085 2860 vel
2117 2798 2520 2879 presbyterum
2544 2799 2961 2878 conjunctione
3003 2820 3136 2861 cum
3176 2819 3355 2861 uxore
3382 2800 3641 2881 legitima

767 2886 862 2942 ἵνα
912 2887 1127 2964 καθαροὶ
1171 2892 1248 2960 τῷ
1302 2890 1513 2965 καθαρῷ
1582 2891 1910 2970 προσιόντες,

2003 2888 2206 2968 privat,
2235 2888 2566 2967 deponitur.
2595 2888 2850 2970 Excepto
2874 2896 3067 2950 tamen
3116 2890 3360 2952 definito
3385 2891 3639 2971 quodam

2004 2984 2292 3057 tempore,
2326 2997 2461 3038 cum
2492 2997 2657 3039 sacra
2686 2986 2824 3040 sunt
2857 2978 3197 3039 tractaturi:
3262 2987 3324 3040 ut
3364 2980 3494 3060 puri
3526 3000 3638 3062 pu-

2001 3082 2133 3125 rum
2152 3066 2457 3147 adeuntes,
2497 3085 2706 3146 preces
2732 3085 2867 3128 suas
2898 3066 3224 3129 obtineant.
3258 3068 3452 3129 Etiam
3485 3088 3643 3131 non-

2005 3154 2179 3215 nullis
2204 3156 2540 3235 eorum,qui
2563 3154 2983 3235 apudNiczeam
2997 3155 3250 3234 primum
3266 3156 3647 3220 celebrabant

2002 3243 2345 3315 concilium,
2383 3244 2690 3305 videbatur
2720 3244 3113 3304 invehendam
3131 3262 3257 3305 rem
3290 3244 3645 3325 vituperabi-

2002 3330 2143 3405 lem,
2179 3341 2241 3392 ut
2272 3330 2556 3411 episcopi,
2584 3341 2641 3393 et
2673 3331 3020 3412 presbyteri,
3053 3339 3111 3392 et
3132 3330 3385 3406 diaconi,
3412 3342 3471 3393 et
3499 3334 3644 3396 sub-

2003 3419 2259 3491 diaconi,
2287 3440 2420 3482 cum
2448 3421 2733 3482 uxoribus
2780 3421 2902 3481 suis
2927 3421 3168 3482 omnino
3194 3440 3310 3483 non
3336 3422 3641 3501 cubarent,

2001 3527 2147 3589 quas
2179 3509 2339 3589 prius
2368 3510 2697 3584 duxissent,
2732 3527 2906 3592 quam
2951 3510 3298 3571 sacerdotiis
3326 3510 3638 3574 initiaren-

2012 3605 2131 3658 tur.
2167 3600 2378 3659 Verum
2438 3601 2825 3680 Paphnutius,
2889 3599 3060 3661 unius
3114 3599 3186 3660 ad
3242 3599 3480 3662 Thebas
3512 3603 3640 3663 sitae

2011 3686 2258 3748 civitatis
2287 3688 2625 3769 episcopus,
2659 3689 2759 3770 qui
2789 3692 2875 3750 vir
2905 3709 2938 3750 a
2975 3706 3156 3769 puero
3195 3689 3477 3751 educatus
3524 3699 3651 3753 erat

2008 3776 2071 3837 in
2100 3777 2228 3839 loco
2259 3778 2371 3858 piis
2400 3778 2697 3840 exercitiis
2726 3780 2965 3853 dictato,
3022 3786 3079 3839 et
3108 3797 3344 3841 omnem
3376 3779 3647 3842 virtutem

2012 3867 2272 3946 perfecte
2304 3868 2590 3945 coluerat,
2627 3887 2694 3930 ac
2742 3869 2801 3929 in
2859 3868 3067 3949 primis
3100 3868 3339 3930 nomine
3369 3869 3652 3931 castitatis

2009 3955 2462 4029 celebrabatur;
2516 3956 2635 4018 imo
2666 3958 2766 4038 qui
2796 3956 3187 4019 confessionis
3222 3958 3398 4019 etiam
3431 3974 3653 4019 corona

2007 4044 2198 4107 fuerat
2222 4054 2483 4121 ornatus,
2509 4047 2665 4127 quod
2688 4048 2837 4110 alter
2858 4049 3063 4110 oculus
3103 4047 3156 4109 ei
3186 4057 3425 4129 propter
3456 4048 3648 4126 pieta-

2008 4142 2125 4195 tem
2159 4135 2410 4197 eﬂ'ossus
2441 4145 2598 4198 esset
2630 4159 2645 4209 ;
2700 4137 2852 4199 hanc
2884 4138 3235 4201 sententiam
3271 4137 3653 4216 probantibus

275 4223 655 4283 Συνεϐούλευσέ
690 4248 748 4282 τε
809 4231 878 4303 τῇ
919 4224 1140 4301 συνόδῳ,
1198 4227 1276 4303 μὴ
1320 4236 1556 4287 τοιοῦτον
1616 4230 1791 4289 θέσθαι
1835 4233 1918 4289 νό-

2015 4224 2386 4299 contradixit,
2424 4244 2558 4286 eum
2591 4226 2969 4290 honorabiles
2998 4245 3128 4289 esse
3146 4225 3372 4287 diceret
3394 4228 3648 4307 nuptias,

278 4338 403 4393 μον,
438 4314 690 4395 δυσχερὲς
718 4315 859 4372 εἶναι
917 4328 1033 4380 τοῖς
1082 4315 1136 4371 ἐν
1178 4318 1380 4401 ’κόσμῳ
1418 4317 1650 4398 διάγουσι
1696 4323 1757 4378 τὸ
1789 4329 1931 4401 πρᾶ-

278 4390 394 4483 γμα
436 4390 615 4484 φέρειν
662 4403 1107 4483 ἀποφαινόμενος.
1174 4390 1323 4469 ’ίσως
1382 4407 1481 4487 γὰρ
1516 4390 1623 4464 ¹τοῦ
1679 4410 1803 4488 τόγε
1833 4390 1933 4467 ⁵καὶ

278 4494 469 4558 αὐτοῖς
497 4507 620 4560 ταῖς
674 4494 874 4551 τούτων
918 4507 1182 4573 γαμεταῖς
1236 4505 1329 4555 τοῦ
1383 4498 1461 4571 μὴ
1520 4512 1812 4577 σωφρονεῖν
1843 4501 1931 4556 αἶ-

280 4583 366 4639 τία
418 4584 699 4662 γενήσεται
733 4581 811 4641 Π.
863 4584 1009 4640 Κατά
1051 4581 1105 4638 δὲ
1150 4585 1250 4651 τὴν
1288 4584 1517 4665 ἀρχαίαν
1565 4592 1662 4654 τῆς
1694 4585 1929 4655 Ἐκκλη-

278 4674 394 4738 σίας
451 4670 761 4752 παράδοσιν,
835 4672 955 4735 τοὺς
1028 4672 1125 4747 μὲν
1184 4672 1419 4751 ἀγάμους
1500 4683 1592 4733 τοῦ
1670 4681 1933 4757 ἱερατικοῦ

275 4762 554 4841 τάγματος
624 4761 1075 4840 κοινωνήσαντας,
1150 4761 1345 4837 μηκέτι
1404 4778 1601 4842 γαμεῖν
1636 4782 1648 4795 ·
1703 4768 1821 4833 τοὺς
1877 4767 1931 4823 δὲ

274 4851 411 4927 μετά
465 4852 559 4907 τὸν
615 4850 786 4927 γάμον
846 4850 918 4913 είς
974 4850 1259 4928 ἱερωσύνην
1327 4850 1790 4930 προϐιϐασθέντας,
1852 4858 1926 4912 ὧν

273 4938 464 5019 ἔχουσι
539 4944 788 5017 γαμετῶν
832 4937 911 5013 μὴ
968 4938 1307 5017 χωρίζεσθαι.
1372 4943 1471 4998 Καὶ
1524 4950 1687 4999 ταῦτα
1744 4945 1843 5020 μὲν
1904 4947 1932 5001 6

272 5027 631 5106 Παφνούτιος,
683 5026 871 5103 καίπερ
934 5026 1105 5103 γάμου
1160 5025 1375 5107 ἄπειρος
1417 5029 1512 5092 ὤν,
1569 5029 1829 5109 Ἐπῄνεσε
1876 5030 1932 5089 δὲ

276 5115 377 5182 τὴν
433 5121 526 5171 τοῦ
583 5115 855 5171 θεσπεσίου
917 5112 1099 5195 ἀνδρὸς
1143 5117 1421 5194 εἰσήγησιν
1474 5122 1562 5177 καὶ
1624 5123 1659 5190 ἡ
1691 5120 1928 5196 σύνοδος,

279 5203 369 5258 καὶ
425 5200 573 5290 οὐδέν
614 5204 732 5273 περὶ
787 5202 972 5260 τούτου
1020 5205 1454 5290 νενομοθέτηκεν,
1499 5208 1635 5270 ἀλλᾶ
1676 5217 1744 5289 τῇ
1800 5211 1931 5268 ἑκά-

274 5310 403 5346 στου
429 5288 621 5369 γνώμῃ
656 5294 718 5348 τὸ
751 5298 995 5372 πρᾶγμα,
1054 5294 1142 5353 καὶ
1177 5296 1273 5352 οὒκ
1314 5288 1523 5377 ἀνάγκη
1570 5298 1743 5358 θέσθαι
1773 5302 1926 5358 νενό-

2019 4321 2077 4374 et
2097 4313 2588 4376 consuetudinem
2611 4333 2743 4376 cum
2768 4316 3051 4379 uxoribus
3065 4315 3389 4396 appellaret
3414 4315 3650 4376 castita-

2016 4409 2157 4465 tem.
2192 4402 2477 4484 Adeoque
2501 4405 2723 4485 synodo
2745 4414 2953 4468 auctor
2993 4413 3141 4486 erat,
3172 4422 3247 4465 ne
3280 4407 3467 4482 legem
3503 4406 3655 4465 hanc

2018 4491 2493 4571 promulgarent:
2529 4493 2683 4573 quod
2716 4495 2868 4556 hanc
2897 4512 3021 4555 rem
3046 4494 3105 4554 in
3137 4493 3358 4555 mundo
3380 4491 3653 4568 degenti-

2014 4579 2124 4641 bus
2156 4581 2403 4642 toleratu
2435 4581 2733 4643 difficilem
2766 4582 3014 4646 diceret.
3068 4582 3212 4645 Nam
3245 4581 3512 4643 fortassis
3542 4581 3656 4643 hoc
3726 4608 3731 4615 ·

2018 4669 2317 4750 tamipsis,
2342 4689 2518 4750 quam
2543 4672 2805 4751 ipsorum
2858 4671 3158 4740 uxoribus.
3191 4688 3427 4734 causam
3460 4670 3657 4731 minus

2014 4766 2174 4820 caste
2196 4760 2435 4822 vivendi
2459 4760 2865 4841 praebiturum.
2881 4760 2961 4822 Ex
2982 4764 3171 4842 prisca
3194 4759 3430 4840 quidem
3456 4759 3660 4821 Eccle-

2015 4847 2117 4909 siae
2162 4848 2500 4925 traditione,
2535 4858 2822 4934 quotquot
2869 4859 3143 4931 expertes
3164 4848 3529 4911 matrimonii
3559 4868 3655 4911 sa-

2015 4935 2374 4999 cerdotalem
2406 4938 2465 5000 in
2496 4939 2770 5002 ordinem
2795 4940 3051 5021 cooptati
3072 4939 3345 5020 fuissent,
3380 4957 3497 5000 non
3526 4957 3657 5000 am-

2015 5023 2168 5105 plius
2198 5044 2414 5101 uxores
2441 5029 2662 5091 ducere
2696 5047 2711 5090 :
2770 5027 2872 5110 qui
2926 5048 3067 5091 vero
3128 5036 3260 5106 post
3288 5036 3660 5090 contractum

2015 5114 2455 5178 matrimonium
2480 5117 2668 5181 evecti
2692 5117 2977 5181 essentad
3002 5116 3427 5193 sacerdotium,
3455 5134 3557 5180 eos
3586 5116 3661 5179 ab

2012 5204 2318 5280 uxoribus,
2345 5224 2490 5286 quas
2512 5205 2794 5283 habeant,
2816 5225 2933 5269 non
2956 5206 3243 5288 separari.
3270 5205 3343 5268 Et
3370 5207 3496 5269 haec
3525 5206 3661 5287 qui-

2010 5292 2508 5376 demPapbnutius
2521 5314 2860 5379 quanquam
2876 5297 3004 5378 ipse
3015 5296 3664 5378 manitrimoniiexpers

1603 5474 1869 5541 VARUE
1916 5470 2349 5542 LEGTIONES.

361 5571 416 5616 1⁸⁷
449 5575 790 5655 γενήσεσθαι.
