4074 6212
506 302 652 367 1951

1866 303 1898 364 J
1904 301 1999 364 US
2041 297 2486 364 CANONICUM

3113 249 3152 265 κ

3711 293 3842 359 12Βὲ

497 440 678 494 esset.
709 430 1071 495 Collaudavit
1095 430 1421 492 orationem
1450 429 1711 492 hominis
1743 428 1927 506 divini
1957 449 2111 511 syno'

2222 453 2399 507 μικεν,
2433 431 2583 490 Οὕτω
2609 429 2854 513 θεοφιλὴς
2913 433 2940 488 ὁ
2985 431 3306 511 Παφνούτιος
3349 433 3496 495 οὗτος
3537 430 3633 503 ἧν,
3679 431 3747 492 ὡς
3776 434 3844 485 καὶ

495 522 628 596 dus,
660 539 851 600 neque
869 520 940 581 de
963 519 1075 582 hoc
1091 519 1411 601 quidquam
1435 518 1840 600 promulgavit,
1869 518 1970 579 sed
2004 537 2130 580 rem

494 609 736 673 arbitrio
769 609 1026 689 cujusvis
1076 607 1583 687 committendam,
1640 626 1757 668 non
1809 607 2130 689 coactioni,

492 699 711 761 statuit.
736 698 903 760 Adeo
928 716 1063 760 vero
1095 697 1412 776 religiosus
1457 707 1581 757 erat
1603 696 1713 758 iste
1740 696 2130 777 Paphnutius,

491 795 554 848 ut
582 788 757 848 etiam
787 784 1132 846 admiranda
1154 786 1417 865 quadam
1447 784 1713 864 prodigia
1739 802 1843 864 per
1863 803 1994 846 eum
2025 784 2126 845 fie-

2217 534 2424 595 σημεϊα
2476 521 2751 596 θαυμαστᾶ
2800 516 2889 576 ὑπ’
2945 519 3102 576 αὒτοῦ
3153 520 3403 599 γίνεσθαι.
3459 517 3668 599 Σφόδρα
3737 516 3785 572 δὲ
3826 521 3847 573 ὃ

2216 608 2462 685 βασιλεὺς
2533 619 2932 674 Κωνσταντϊνος
3002 608 3155 682 ἐτίμα
3220 610 3311 665 τὸν
3358 606 3537 687 ἄνδρα,
3580 609 3676 664 καὶ
3744 628 3837 666 συν-

2219 703 2364 777 εχῶς
2400 698 2482 754 ἐπὶ
2546 701 2614 755 τὰ
2667 697 2905 775 βασίλεια
2963 697 3351 773 μετεπέμπετο,
3399 698 3484 752 καὶ
3529 697 3624 753 τὸν
3678 694 3847 774 ἐξορω-

2220 787 2471 864 ρυγμένον
2503 786 2772 867 ὀφθαλμὸν
2802 786 3091 865 κατεφίλει.

488 884 641 938 rent.
674 874 744 936 Et
775 875 1194 946 Constantinus
1224 873 1551 953 imperator
1581 873 1885 935 hominem
1923 892 2136 950 magno
2169 874 2422 936 habebat
2455 875 2515 936 in
2547 874 2759 956 pretio,
2796 882 2855 937 et
2884 874 3230 956 frequenter
3257 873 3328 935 ad
3360 873 3554 936 aulam
3588 889 3850 936 arcesse-

489 964 609 1040 bat,
645 973 999 1045 erutumque
1028 963 1262 1025 oculum
1296 961 1770 1024 exosculabatur.

567 1055 852 1116 Cteterum
903 1055 1106 1134 synodi
1165 1053 1486 1132 Ancyranae
1527 1052 1737 1112 canoni
1775 1051 2128 1113 duodecimo

486 1163 601 1205 non
634 1143 1080 1215 attendendum,
1115 1142 1217 1223 qui
1249 1158 1421 1220 posse
1453 1140 1597 1200 dicit
1646 1141 1958 1202 diaconum
1994 1161 2126 1202 uxo-

486 1251 610 1295 rem
645 1233 863 1294 ducere
890 1232 1064 1292 etiam
1101 1239 1229 1310 post
1258 1229 1717 1304 ordinationem,
1747 1229 2007 1309 episcopi
2037 1230 2124 1290 sui

483 1322 800 1402 permissu.
835 1320 1062 1401 Quippe
1115 1319 1351 1386 Leonis,
1409 1319 1764 1398 coqnomine
1799 1317 2118 1398 Sapientis,

480 1409 718 1473 Novella
747 1410 888 1472 dicit
933 1412 1040 1489 ('l),
1101 1407 1338 1469 tametsi
1391 1426 1459 1468 ex
1517 1407 1952 1468 consuetudine
2007 1428 2122 1469 non

480 1501 700 1580 scripta
722 1498 958 1560 licuerit
986 1496 1396 1559 sacerdotibus
1421 1497 1569 1556 intra
1601 1496 1959 1558 decennium
1993 1500 2034 1574 (1
2053 1499 2120 1578 ‘),

481 1596 611 1669 post
635 1587 1063 1649 ordinationem
1087 1585 1575 1665 computandum,
1601 1585 1891 1663 legitimas
1913 1605 2125 1648 uxores

2293 1061 2378 1128 Τῷ
2437 1052 2714 1128 δωδεκάτῳ
2770 1055 2950 1110 κανόνι
3022 1058 3121 1119 τῆς
3188 1051 3242 1108 ὲν
3301 1049 3527 1131 Ἀγκύρᾳ
3610 1049 3849 1127 μηδόλως

2211 1145 2456 1224 πρόσχης
2527 1148 2617 1201 τὸν
2695 1155 2836 1219 νοῦν,
2913 1143 3155 1202 δύνασθαι
3235 1142 3440 1221 λέγοντι
3518 1156 3724 1221 γαμεῖν
3775 1144 3848 1195 τὸν

2209 1231 2450 1289 διάκονον
2520 1236 2606 1290 καὶ
2663 1236 2797 1309 μετὰ
2846 1235 2941 1300 τὴν
3005 1233 3356 1313 χειροτονίαν,
3402 1239 3469 1308 τῇ
3512 1242 3604 1290 τοῦ
3675 1231 3848 1286 οἰκείου

2208 1321 2494 1380 ἐπισκόπου
2553 1323 2812 1399 ἐπιτροπῇ
2845 1339 2858 1352 ⁵
2922 1325 3050 1402 φησὶ
3120 1323 3220 1400 γὰρ
3285 1322 3318 1388 ἡ
3391 1322 3562 1398 Νεαρᾶ
3634 1319 3848 1380 Λέοντος

2206 1412 2297 1467 τοῦ
2352 1420 2548 1490 Σοφοῦ,
2607 1415 2678 1475 ὡς
2710 1414 2754 1467 εἰ
2810 1414 2898 1468 καὶ
2942 1412 3047 1468 ἀπὸ
3105 1410 3377 1476 συνηθείας
3447 1410 3690 1488 ἀγράφου
3744 1407 3847 1474 ἐξῆν

2206 1514 2322 1565 τοῗς
2377 1500 2680 1580 ἱερωμένοις
2736 1500 2882 1564 ἐντὸς
2926 1498 3219 1562 δεκαετείας
3265 1497 3342 1574 18,
3408 1498 3540 1574 μετᾶ
3586 1499 3690 1564 τὴν
3739 1519 3848 1576 χει·

2208 1590 2440 1667 ροτονίαν
2514 1589 2910 1669 ψηφιζομένης,
3011 1585 3296 1663 λαμϐανειν
3368 1588 3615 1662 νομίμους
3679 1599 3848 1665 γυναῖ-

480 1677 702 1738 ducere
731 1697 744 1736 :
782 1685 975 1737 tamen
1000 1676 1134 1747 hoc,
1162 1682 1434 1754 tanquam
1483 1673 1845 1753 prohibitum
1876 1693 1907 1735 a
1939 1693 2111 1736 cano-

2206 1699 2325 1758 κας,
2359 1677 2496 1734 ἀλλὰ
2548 1688 2702 1737 τοῦτο
2766 1679 2837 1740 ὡς
2885 1679 2985 1733 ὑπὸ
3033 1678 3138 1734 τῶν
3189 1676 3421 1731 κανόνων
3464 1674 3846 1750 κεκωλυμένον,

478 1765 674 1838 nibus,
702 1766 899 1828 valere
933 1784 1047 1826 non
1073 1763 1317 1825 debere.
1345 1761 1453 1834 Qui
1485 1773 1787 1842 expertem
1815 1764 2122 1825 matrimo-

477 1855 559 1916 nii
588 1854 673 1935 (2)
695 1854 950 1928 ordinat,
980 1854 1302 1930 interroget
1325 1870 1484 1926 eum,
1517 1870 1588 1911 an
1617 1851 2122 1932 absquelegitima

476 1963 654 2006 uxore
682 1943 857 2004 vitam
889 1951 1106 2004 castam
1139 1959 1316 2020 agere
1355 1941 1560 2020 possit.
1589 1941 1649 2002 Si
1681 1942 1793 2002 hoc
1822 1940 2116 2002 facturum

473 2051 541 2095 se
568 2040 834 2107 testetur,
871 2031 1176 2093 hominem
1233 2028 1488 2091 ordinet.
1551 2028 1658 2102 Qui
1693 2029 1943 2092 diacono
1978 2049 2118 2110 per-

473 2121 670 2198 mittit,
704 2129 766 2183 ut
797 2129 925 2202 post
951 2117 1385 2181 ordinationem
1445 2119 1617 2180 ducat
1667 2138 1934 2194 uxorem,
1990 2120 2116 2200 epi-

469 2223 714 2290 scopatu
771 2207 1102 2289 expellitor.
1149 2205 1488 2286 Presbyter,
1549 2216 1648 2268 aut
1681 2208 1984 2282 diaconus,
2019 2218 2118 2271 aut

469 2298 891 2380 subdiaconus,
951 2300 1051 2378 qui
1126 2304 1258 2377 post
1329 2295 1762 2357 ordinationem
1825 2297 2118 2358 contrahit

470 2390 702 2469 nuptias
738 2409 754 2465 ;
806 2407 839 2450 e
897 2396 1049 2448 cestu
1109 2385 1252 2447 cleri
1284 2385 1542 2465 ejicitur.
1580 2385 1823 2448 Clericis
1856 2396 1942 2448 est
1974 2405 2113 2468 per-

468 2478 741 2558 missum,
774 2492 836 2538 ut
870 2475 1158 2555 legitimas
1191 2474 1446 2536 habeant
1477 2493 1710 2536 uxores.
1749 2474 2038 2540 Cantires
2058 2485 2116 2538 et

467 2567 719 2629 lectores
749 2566 981 2646 nuptias
1013 2564 1310 2644 legitimas
1371 2565 1721 2626 contrahere
1754 2575 2021 2647 possunt,
2056 2584 2114 2637 at

467 2654 839 2730 subdiaconi,
875 2662 931 2715 et
957 2653 1216 2733 diaconi,
1252 2661 1309 2714 et
1365 2653 1716 2734 presbyteri,
1752 2655 1994 2715 omnino
2031 2655 2109 2733 [id

464 2743 692 2822 facere]
729 2742 1136 2822 prohibentur.
1200 2742 1325 2813 Quo
1380 2743 1464 2817 fit,
1504 2750 1562 2802 ut
1595 2750 1878 2823 quotquot
1907 2763 2108 2806 eorum

468 2831 830 2893 matrimonii
865 2830 1178 2911 participes
1207 2831 1376 2906 ﬁunt,
1419 2829 1694 2891 excidant
1753 2832 2106 2897 saceriotio.

938 2920 1321 3004 Matrimonii
1352 2920 1648 2997 deﬁnitio.

543 3005 982 3070 Matrimonium
1015 3007 1103 3088 (3)
1141 3017 1230 3069 est
1287 3008 1628 3088 conjunctio
1683 3011 1862 3070 maris
1921 3019 1980 3072 et
2016 3010 2104 3070 fe-

463 3097 660 3174 mina,
695 3105 754 3158 et
783 3096 977 3158 omnis
1004 3096 1134 3159 vita:
1159 3098 1545 3172 consortium,
1574 3096 1754 3158 divini
1775 3106 1832 3159 et
1861 3099 2106 3162 humani

455 3185 611 3266 juris
643 3185 1100 3248 communicatio
1129 3206 1142 3247 :
1180 3186 1302 3250 sive
1327 3204 1432 3267 per
1451 3185 1957 3262 benedictionem,
1982 3189 2106 3250 sive

459 3294 566 3356 per
589 3277 1063 3352 coronationem,
1089 3275 1214 3338 sive
1261 3294 1364 3357 per
1389 3275 1849 3336 instrumentum
1869 3285 2101 3338 contra-

456 3365 651 3426 hatur.
679 3364 819 3437 Quae
840 3372 1037 3426 autem
1075 3373 1286 3446 praeter
1325 3366 1503 3426 hosce
1526 3363 1734 3426 modos
1758 3364 1912 3427 facta
1940 3375 2099 3448 sunt,

456 3473 560 3533 pro
593 3473 708 3515 non
743 3455 1065 3517 contractis
1098 3454 1411 3516 habentur.
1457 3453 1776 3533 Legitimas
1799 3461 1994 3515 autem
2023 3455 2098 3536 (4)

452 3543 687 3622 nuptias
719 3543 874 3606 inter
903 3563 968 3605 se
999 3544 1249 3607 Romani
1279 3543 1661 3618 contrahunt,
1697 3562 1830 3604 cum
1865 3561 1933 3604 ea
1964 3562 2098 3606 ser-

453 3643 609 3707 vant,
645 3651 776 3712 qum
806 3632 1037 3712 legibus
1069 3633 1142 3695 de
1176 3633 1396 3714 nuptiis
1422 3641 1711 3712 praecepta
1737 3639 1890 3692 sunt.
1915 3631 2102 3713 Opor-

452 3729 536 3782 tet
566 3731 760 3783 autem
791 3741 986 3784 mares
1044 3722 1284 3803 quidem
1341 3741 1476 3784 esse
1534 3721 1812 3802 puberes,
1849 3722 2101 3784 feminas

450 3827 587 3870 vero
619 3809 728 3871 viri
760 3817 1054 3892 potentes,
1090 3811 1203 3872 hoc
1233 3819 1344 3885 est,
1403 3805 1535 3871 illos
1593 3809 1881 3872 excedere
1937 3810 2096 3878 deci-

451 3915 611 3959 mum
637 3907 908 3979 quartum
930 3917 1174 3974 annum,
1201 3899 1306 3960 bas
1355 3898 1610 3978 majores
1630 3917 1758 3959 esse
1783 3897 2096 3960 duodecim

446 3987 640 4049 annis.
668 3987 805 4049 Haec
826 3996 1023 4048 autem
1049 3987 1325 4062 dicimus,
1375 3987 1496 4048 sive
1519 3996 1714 4068 patres
1742 3985 2094 4049 familiarum

2204 1772 2297 1825 οὐκ
2371 1766 2566 1846 ὀφείλει
2630 1781 2867 1846 κρατεῖν.
2936 1757 2992 1823 Ὀ
3051 1766 3370 1844 χειροτονῶν
3427 1763 3657 1843 ἄγαμον,
3722 1764 3845 1842 ἐρωο

2203 1858 2345 1915 τάτω
2392 1858 2568 1928 αὒτὸν,
2617 1858 2660 1911 εἰ
2740 1853 2948 1911 δύναται
3055 1856 3221 1932 χωρὶς
3320 1853 3543 1928 νομίμου
3609 1857 3846 1929 γαμετῆς

2204 1949 2408 2020 σεμνῶς
2465 1945 2632 2020 βιοῦν,
2697 1945 2795 2001 Καὶ
2866 1945 2909 1999 εἰ
2964 1943 3267 2016 κατάθοιτο,
3350 1951 3527 2000 τοῦτον
3598 1962 3845 2020 χειροτο-

2202 2034 2374 2092 νείτω.
2438 2023 2495 2090 Ὀ
2551 2031 2605 2088 δὲ
2674 2031 2969 2110 ἐπιτρέπων
3025 2030 3251 2106 διακόνῳ
3305 2043 3532 2108 γυναῖκα
3576 2031 3719 2104 μετὰ
3759 2036 3845 2095 την

2200 2122 2526 2202 χειροτονίαν
2631 2119 2842 2201 λαϐεῖν,
2929 2125 3026 2187 τῆς
3105 2119 3396 2186 ἐπισκοπῆς
3489 2116 3841 2178 ἐκϐαλλέςθω.

2202 2209 2548 2290 Πρεσϐύτερος
2607 2207 2682 2282 δὲ,
2744 2210 2780 2277 ἢ
2840 2209 3104 2285 διάκονος,
3180 2208 3213 2275 ἣ
3283 2206 3649 2282 ὕποδιάκονος,
3720 2209 3844 2282 μετὰ

2199 2301 2295 2366 τὴν
2356 2300 2684 2379 χειροτονίαν
2786 2299 2999 2378 γαμῶν,
3074 2295 3384 2354 ἐκϐάλλεται
3458 2306 3548 2354 τοῦ
3619 2295 3839 2376 κλήρου,

2197 2397 2322 2453 Τοῖς
2368 2387 2649 2468 κληρικοϊς
2702 2386 3075 2466 ἐπιτέτραπται
3133 2385 3384 2462 νομίμους
3454 2385 3602 2464 ἔχειν
3670 2407 3840 2463 γαμε-

2194 2478 2309 2542 τάς.
2346 2479 2405 2534 Οἱ
2435 2475 2630 2552 ψάλται
2680 2477 2766 2533 καὶ
2815 2479 2861 2532 οἱ
2910 2476 3240 2554 ἀναγνῶσται
3311 2473 3549 2530 δύνανται
3603 2475 3839 2549 νομίμως

2195 2579 2408 2642 γαμεῖν.
2491 2568 2550 2623 Οἱ
2593 2563 2646 2620 δὲ
2702 2562 3062 2638 ὑποδιάκονοι,
3108 2565 3198 2642 καὶ
3255 2561 3508 2642 διάκονοι,
3569 2564 3658 2618 καὶ
3717 2584 3836 2640 πρε·

2195 2650 2454 2733 σϐύτεροι,
2484 2650 2722 2718 καθάπαξ
2770 2651 3115 2714 κεκώλυνται.
3172 2635 3312 2708 ’ὅθεν
3364 2652 3562 2708 τούτων
3593 2654 3638 2707 οἱ
3685 2653 3838 2730 γάμῳ

2193 2745 2631 2820 κοινωνήσαντες,
2668 2741 2975 2798 ἐκπίπτουσι
3009 2745 3105 2808 τῆς
3135 2741 3442 2819 ἱερωσύνης.

2743 2941 2770 2973 σ
2810 2907 2978 2998 ’Ὄρος
3009 2918 3203 2997 γάμου.
3241 2939 3266 2975 ρ

2279 3030 2302 3065 tt
2365 3008 2540 3073 I‘a'zuoc
2583 3007 2719 3064 ἐστὶν
2761 3005 2945 3086 ἀνδρὸς
2989 3009 3074 3063 καὶ
3117 3007 3362 3085 γυναικὸς
3421 3007 3698 3085 συνάφεια,
3753 3009 3834 3061 καὶ

2190 3096 2554 3176 συγκλήρωσις
2611 3098 2788 3163 πάσης
2831 3096 2994 3172 ζωῆς,
3067 3097 3202 3152 θείου
3253 3117 3308 3151 τε
3364 3096 3452 3150 καὶ
3509 3095 3833 3172 ἀνθρωπίνου

2186 3184 2385 3246 δικαίου
2410 3186 2680 3262 κοινωνία,
2745 3183 2856 3241 εἴτε
2891 3183 2957 3240 δι’
3013 3183 3273 3264 εὐλογίας,
3335 3183 3446 3240 εἴτε
3487 3181 3575 3238 διὰ
3630 3205 3832 3262 στερέσαι

2185 3275 2452 3355 νώματος,
2484 3276 2520 3343 ἢ
2569 3272 2652 3333 διὰ
2710 3271 3051 3350 συμϐολαίου.
3097 3274 3171 3330 Τὰ
3241 3270 3294 3328 δὲ
3351 3272 3490 3350 παρᾶ
3536 3278 3707 3327 ταῦτα
3747 3292 3831 3348 γε·

2185 3365 2401 3440 νόμενα,
2459 3366 2532 3428 ὡς
2605 3363 2682 3438 μὴ
2756 3362 3011 3441 γεγονότα
3081 3360 3398 3441 λογίζονται,
3461 3360 3750 3434 Ἐννόμους
3780 3359 3831 3413 δὲ

2183 3453 2384 3532 γάμους
2444 3449 2635 3528 μεταξῦ
2685 3449 2934 3521 ἀλλήλων
2997 3455 3272 3508 συνιστῶσι
3332 3439 3613 3524 Ῥωμαῖοι,
3675 3449 3830 3515 ἡνίκα

2181 3543 2248 3598 τὰ
2288 3542 2405 3620 περὶ
2445 3547 2549 3597 τῶν
2581 3541 2766 3618 γάμων
2809 3552 2928 3604 τοϊς
2992 3539 3175 3615 νόμοις
3224 3536 3608 3617 διηγορευμένα
3655 3535 3828 3616 φυλά-

2186 3632 2348 3699 ξουσι.
2387 3643 2483 3690 Δεῖ
2525 3631 2580 3689 δὲ
2609 3635 2729 3697 τοὺς
2763 3633 2860 3708 μὲν
2903 3630 3115 3711 ἄῤῥενας
3167 3629 3393 3713 ἐφήϐους
3447 3630 3615 3702 εἶναι,
3648 3631 3753 3691 τὰς
3781 3627 3832 3683 δὲ

2180 3722 2392 3790 θηλείας
2449 3720 2633 3802 ἀνδρὸς
2690 3720 2954 3787 δεκτικάς.
3016 3721 3260 3780 ’τουτέστι
3331 3720 3452 3784 τοὺς
3507 3719 3608 3794 μὲν
3664 3720 3836 3798 ὑπερ-

2179 3809 2461 3879 ϐεϐηκέναι
2515 3813 2607 3867 τὸν
2665 3802 2732 3866 ιδ’
2786 3812 3001 3892 χρόνον,
3046 3811 3140 3874 τὰς
3183 3809 3239 3866 δὲ
3301 3809 3504 3885 μείξους
3537 3810 3686 3863 εἶναι
3733 3814 3838 3862 τῶν

2181 3896 2402 3958 δώδεκα
2450 3899 2718 3958 ἐνιαυτῶν.
2781 3907 2954 3957 Ταῦτα
3011 3897 3066 3955 δὲ
3138 3898 3364 3977 λέγομεν
3434 3897 3544 3952 εἴτε
3592 3895 3842 3961 αὐτεξού-

2183 4011 2309 4066 σιοι,
2342 3989 2454 4046 εἴτε
2481 3986 2780 4053 ὕπεξούσιοί
2827 3991 2977 4069 εἰσιν²
3035 3990 3082 4044 οἱ
3128 3988 3256 4067 πρὸς
3311 3986 3481 4065 γάμον
3538 3986 3840 4048 συνιόντες,

446 4076 585 4148 sint,
621 4074 742 4136 sive
776 4075 887 4136 ﬁlii
941 4075 1296 4137 familiarum
1330 4075 1394 4149 ii,
1428 4079 1526 4157 qui
1559 4083 1771 4137 coeunt
1801 4076 1858 4135 in
1891 4077 2097 4137 matri-

2199 4079 2251 4136 )ὺ
2293 4079 2489 4156 γίνεται
2532 4078 2728 4156 γάμος,
2803 4079 2846 4134 εἰ
2903 4078 2981 4154 μὴ
3038 4075 3423 4134 συναινέσουσιν
3495 4077 3543 4130 οἱ
3575 4075 3843 4130 συναπτό-

447 4165 710 4224 monium
746 4165 851 4244 (5).
886 4163 1124 4245 Nuptias
1179 4183 1292 4227 non
1349 4166 1517 4240 ﬁunt,
1581 4164 1694 4226 nisi
1725 4164 2099 4227 consentiant

2199 4189 2328 4224 ιενοι
2375 4169 2462 4225 καὶ
2519 4169 2566 4224 οἱ
2625 4166 2842 4246 ἔχοντες
2912 4167 3098 4232 αὐτοὺς
3159 4163 3512 4231 ὑπεξουσίους.
3576 4164 3681 4221 Τὸν
3732 4165 3838 4242 γά-

445 4263 562 4316 tam
592 4256 656 4338 it,
691 4256 790 4337 qui
821 4257 1194 4339 copulantur,
1233 4278 1409 4340 quam
1442 4257 1544 4340 qui
1599 4275 1702 4318 eos
1748 4257 1970 4318 habent
2027 4257 2090 4320 in

2199 4280 2303 4333 ιον,
2349 4258 2408 4314 οὒ
2461 4257 2522 4312 τὸ
2592 4253 3008 4334 συγκαθευδῆσαι
3051 4253 3306 4326 ἀλλήλοις
3376 4256 3467 4310 τὸν
3520 4250 3682 4330 ἄνδρα
3746 4256 3836 4308 καὶ

444 4357 754 4431 potestate.
790 4350 1037 4432 Nuptias
1067 4371 1184 4414 non
1214 4353 1323 4414 viri
1352 4371 1484 4415 cum
1519 4350 1768 4413 muliere
1797 4350 2088 4412 concubi-

2199 4347 2272 4414 ἑὴν
2339 4359 2566 4424 γυναῖκα
2612 4344 2938 4421 συνίστησιν,
2995 4343 3113 4401 ἀλλ’
3157 4345 3192 4412 ἡ
3237 4343 3443 4422 γαμικὴ
3493 4348 3666 4396 αᾶτῶν
3707 4365 3841 4398 συν-

444 4425 536 4499 ἱυε
569 4441 678 4522 (6),
715 4439 820 4502 sed
854 4425 1301 4503 niatrimonialis
1332 4459 1538 4503 eorum
1569 4457 1895 4502 consensus
1924 4438 2086 4503 facit.

2199 4439 2389 4500 είνεσις.
2459 4425 2516 4492 Ὀ
2574 4431 2899 4499 αὒτεξὸύσιος
2956 4432 3160 4490 τελείαν
3219 4430 3363 4512 ἄγων
3432 4442 3533 4499 την
3589 4429 3839 4504 ἥλικίαν,

441 4525 627 4589 Filius
686 4528 1092 4610 emancipatus
1151 4531 1233 4611 (7)
1300 4530 1533 4612 plenam
1592 4547 1777 4608 agens
1829 4536 2082 4604 aetatem,

2199 4528 2257 4582 ,αὶ
2285 4546 2454 4605 χωρις
2511 4529 2609 4590 τῆς
2677 4524 2769 4580 τοῦ
2827 4525 3025 4605 πατρὸς
3099 4522 3441 4586 συναινέσεως
3499 4534 3698 4600 γαμεῖ,
3765 4523 3843 4578 '1“:

443 4616 617 4678 etiam
649 4618 778 4680 sine
809 4637 1100 4681 consensu
1138 4620 1321 4701 patris
1377 4637 1620 4681 uxorem
1654 4615 1838 4680 ducit.
1875 4617 2094 4678 Luctus

441 4705 889 4769 ascendentium
923 4727 1042 4770 non
1074 4709 1322 4789 impedit
1379 4709 1613 4790 nuptias
1644 4726 1844 4770 earum
1881 4724 2091 4786 perso-

441 4812 673 4870 narum,
710 4814 842 4876 quae
869 4798 1092 4876 lugent.
1127 4796 1238 4870 Qui
1270 4797 1409 4860 vivit
1440 4798 1502 4858 in
1533 4796 1795 4859 castitate
1831 4795 1936 4876 (8),
1973 4813 2094 4856 non

441 4891 684 4963 cogatur
711 4903 744 4946 a
774 4892 941 4966 patre
990 4903 1098 4948 suo
1156 4888 1509 4950 contrahere
1537 4884 1792 4967 nuptias,
1860 4882 2093 4946 tametsi

2176 4615 2339 4681 πένθη
2383 4619 2489 4668 τῶν
2576 4611 2849 4687 ἀνιόντων,
2922 4613 3016 4669 οὒκ
3104 4610 3366 4689 ἐμποδίζει
3435 4611 3556 4673 τοὺς
3623 4610 3842 4688 γάμους

2175 4710 2283 4762 τῶν
2319 4703 2639 4760 πενθούντων
2710 4703 3033 4782 προσώπων.
3108 4701 3196 4761 Ἐν
3263 4702 3574 4781 σωφροσύνῃ
3630 4698 3842 4778 διάγων

2177 4794 2256 4869 μὴ
2312 4792 2683 4870 ἀναγκαζὲσθω
2736 4794 2866 4871 πρὸς
2920 4793 3091 4871 γάμον
3147 4791 3320 4848 ἐλθεῖν
3375 4791 3517 4869 παρὰ
3573 4794 3671 4845 τοῦ
3702 4787 3846 4847 ἰδίου

2177 4883 2402 4962 πατρὸς,
2474 4879 2570 4936 κᾶν
2627 4879 2927 4946 ὑπεξούσιος
2980 4883 3040 4957 ᾖ,
3129 4878 3321 4948 Μηδεὶς
3380 4883 3655 4954 μυστικῶς
3717 4899 3847 4934 cz:-

1769 5050 2022 5115 VARIIE
2052 5047 2490 5117 LECTIONES.

521 5153 573 5198 ³⁸
599 5155 792 5223 διετίας
805 5207 818 5222 ,

2010 5262 2257 5330 NOTAE.

526 5363 618 5452 t,l_)_
641 5363 884 5452 Novella
914 5367 1001 5452 3._
2251 5370 2340 5452 (5)
2366 5369 2410 5452 l.
2449 5369 2509 5452 2.
2542 5370 2616 5452 D_.
2652 5369 2735 5433 De
2764 5370 2869 5434 rit.
2899 5375 3076 5452 nupt.

525 5443 768 5532 (Ῡᾙῃο
799 5445 1128 5532 liminium.
1211 5531 1219 5532 ί
1251 5531 1260 5532 ί
1486 5530 1496 5532 ,
2254 5443 2333 5532 (ὃ)
2365 5449 2408 5532 l.
2442 5449 2546 5532 30.
2576 5450 2646 5513 D.
2682 5452 2770 5514 De
2788 5468 2918 5532 reg.
2940 5443 3069 5531 jtir.

524 5527 603 5607 (2)
631 5527 878 5607 Novella
903 5527 1123 5594 Justin.
1162 5531 1298 5607 123,
1330 5549 1384 5596 ο.
1428 5530 1525 5593 14.
2257 5527 2311 5607 (7

440 5605 671 5767 Ροὲἓέιί.
708 5609 767 5670 1.
807 5610 876 5672 D.
911 5609 1001 5673 De
1029 5613 1131 5675 rit.
1164 5605 1338 5693 nupt.
1366 5612 1476 5692 et§
1516 5613 1538 5675 1
1577 5609 1766 5673 Instit.
1806 5609 1897 5673 De
1921 5616 2089 5693 part.

524 5767 607 5848 (4)
637 5767 880 5846 §lnstit.
920 5770 1011 5835 De
1036 5782 1208 5850 nupt.

2173 5609 2396 5693 cipLD,
2431 5611 2518 5672 De
2547 5609 2685 5693 bon.
2712 5627 2874 5693 pass.
2908 5609 3068 5693 coni.
3103 5609 3224 5693 tab.

2449 5369 2485 5432 2

2322 5454 2333 5524 t
2365 5449 2408 5510 l.
2442 5449 2546 5516 30.
2576 5450 2646 5513 D.
2682 5452 2770 5514 De
2788 5468 2918 5532 reg.
2940 5449 3069 5531 jur.

2322 5530 3226 5672 ιξ·,ξξ·οθ,;.ιιε,ε.ε·οε,ξιιηεξ
3269 5527 3312 5594 ι·
3343 5531 3404 5594 ³·
3437 5527 3467 5609 θ
3599 5545 3852 5594 επακ-

2255 5691 2342 5774 (8)
2376 5691 2416 5755 l.
2457 5693 2548 5755 11.
2584 5690 2649 5753 In
2679 5689 2870 5774 princ.
2906 5689 2976 5756 D.
3010 5693 3100 5753 De
3141 5691 3236 5754 his
3271 5691 3382 5773 qui
3425 5696 3554 5756 not.
3588 5690 3852 5770 infant.
