4074 6212
239 289 399 364 4253
1568 290 2272 363 ῦΒᾹῧΟΟ-ΒΟΜΑΝΟΜ.
3459 282 3618 352 1254

240 436 539 516 φανούσθω,
610 432 747 494 ἀλλᾶ
798 435 1073 515 παρόντων
1136 432 1421 498 πλειόνων.
1500 424 1558 493 ’0
1629 430 1685 489 δὲ
1740 434 1879 488 τοῦτι

1978 422 2391 516 ﬁliustamilias
2446 424 2566 516 sit._
2603 422 2788 516 Nemo
2837 430 3070 516 secreto
3113 432 3451 516 coronetur,
3500 431 3607 493 sed

235 512 674 604 κατατολμησας,
725 512 952 603 τιμωρίᾳ
997 522 1442 603 συμφρονιζέσθω.
1503 521 1759 599 Δῃλονότι
1800 521 1879 577 καῖ

1970 512 2241 604 pluribus
2273 512 2684 604 praesentibus.
2715 578 2722 585 ,
2744 512 2857 604 Qui
2903 523 3099 604 autem
3122 514 3311 604 t'nerit
3337 535 3519 581 ausus
3546 522 3608 584 id

230 619 324 670 τοῦ
394 600 574 692 ἱερέως
646 600 702 670 ἓν
786 600 912 677 τοῒς
982 600 1269 693 ἐκπρεπέσιν
1329 614 1515 669 ἑαυτὸν
1570 606 1879 690 παρεμϐιίλ⁴

1971 600 2191 676 facere,
2227 621 2399 683 paena
2432 603 2743 693 castigator
2763 603 2851 683 (9)
2887 623 2901 663 :
2939 603 3018 665 ita
3051 602 3301 680 scilicet,
3335 614 3398 668 ut
3428 610 3608 673 etiam

230 690 452 777 lovcoc,
532 706 629 769 τὰς
714 704 858 770 ἀξίας
943 690 1152 768 εὐθύνας
1237 702 1693 783 είσπρατεομένου,
1752 702 1879 757 κατᾶ

1968 707 2003 752 a
2030 695 2365 768 sacerdote,
2403 693 2504 774 qui
2535 690 2716 754 rebus
2763 692 3094 755 inhonestis
3121 704 3312 757 semet
3342 696 3608 779 interpo-

228 793 330 861 τὴν
384 799 491 850 τῶν
560 791 1033 862 ἐκκλησιαστικῶν,
1084 793 1321 849 κανόνων
1360 779 1635 857 διάταξιν.
1679 779 1879 868 ⁷Κωφὸς

1966 779 2175 856 suerit,
2210 781 2387 861 digna
2416 781 2704 862 supplicia
2735 782 3061 864 exigantur,
3114 784 3285 863 juxta
3312 803 3608 850 canonum

230 883 320 938 καὶ
348 880 568 958 ἄλαλος,
599 884 686 939 καὶ
714 880 935 964 τυφλὸς,
986 883 1076 939 καὶ
1107 896 1305 961 γαμεῖν
1334 880 1602 954 δύνανται,
1650 881 1738 938 καὶ
1768 879 1879 957 περὶ

1966 870 2503 932 ecclesiasticorum
2536 870 3040 933 constitutionem.
3074 869 3325 955 Surdus,
3385 884 3442 937 et
3473 896 3607 939 mu-

231 972 448 1049 προικὸς
472 971 769 1051 ἐνέχονται.
792 959 803 964 ⁷
1125 959 1131 961 ⁷

1966 964 2057 1020 tus
2087 966 2144 1020 et
2174 977 2387 1030 ctecus,
2419 959 2657 1038 nuptias
2686 960 3047 1023 contrahere
3071 979 3338 1041 possunt,
3365 973 3424 1026 et
3453 965 3608 1029 dotis

1956 1055 2200 1108 nomine
2232 1055 2534 1112 tenentur.

238 1170 266 1203 α
303 1148 425 1225 Περὶ
453 1145 690 1226 διγᾶμων
720 1148 802 1229 19,
832 1150 1127 1229 τριγάμων,
1167 1152 1255 1206 καὶ
1297 1148 1643 1227 πολυγάμων,
1676 1144 1874 1227 ἄνδρων

1966 1135 2043 1198 De
2061 1137 2571 1229 contrahentibus
2598 1138 2915 1229 secundas,
2943 1139 3175 1229 tertios,
3200 1139 3414 1229 plures
3443 1162 3601 1225 nup-

770 1261 827 1295 τε
855 1240 944 1296 καὶ
973 1244 1254 1317 γυναικῶν.
1295 1262 1321 1293 ι

317 1315 375 1382 Ὀ
405 1322 622 1389 δέκατος
691 1324 911 1403 ἕϐδομος
970 1315 1078 1382 τῶν
1134 1327 1297 1405 ἁγίων
1340 1324 1650 1383 ἀποστόλων
1677 1325 1873 1397 κανὼν,

236 1404 294 1471 Ὀ
326 1412 438 1470 δυκὶ
470 1416 687 1493 γάμοις,
748 1418 900 1496 φησὶ,
961 1417 1097 1491 μετὰ
1162 1410 1224 1473 τὸ
1266 1417 1539 1493 βάπτισμα
1595 1412 1879 1492 ὁμιλήσας,

232 1501 269 1570 ἢ
340 1505 557 1583 πορνείᾳ
611 1507 931 1584 περιπεσὼν,
1007 1505 1066 1562 οὐ
1118 1502 1330 1562 δύναται
1374 1505 1516 1561 εἶναι
1573 1503 1880 1578 ἐπίσκοπος,

2201 1219 2361 1291 tias;
2400 1224 2522 1279 tam
2555 1222 2729 1299 viris,
2762 1236 2940 1298 quam
2972 1219 3350 1282 tnuliciibus.‘

2042 1301 2297 1366 Canonis
2319 1322 2435 1369 xvu
2454 1317 2789 1368 sanctorum
2812 1307 3211 1387 apostolorum
3229 1309 3406 1372 verba
3422 1322 3559 1375 sunt
3587 1331 3601 1376 :

1966 1389 2078 1481 Qui
2111 1393 2379 1470 geminas
2411 1404 2539 1474 post
2597 1393 2951 1475 baptismum
3012 1397 3302 1460 contraxit
3350 1402 3602 1481 nuptias,

1967 1480 2056 1541 vel
2080 1483 2141 1542 in
2171 1482 2588 1544 scortationem
2615 1482 2812 1562 lapsus
2842 1491 2951 1557 est,
3000 1503 3117 1545 non
3150 1494 3342 1566 potest
3372 1490 3604 1569 episco-

236 1590 274 1659 ἢ
316 1571 693 1675 πρεσϐύτερος,
735 1595 771 1663 ἢ
826 1571 1087 1675 διάκονος,
1132 1595 1168 1664 ἢ
1219 1593 1357 1659 ὅλως
1412 1600 1501 1649 τοῦ
1548 1595 1687 1671 ἱεροῦ
1714 1571 1879 1647 κατα-ί

1968 1589 2077 1651 pus
2108 1589 2262 1644 esse,
2297 1572 2385 1634 vel
2412 1573 2748 1653 presbyter,
2784 1571 2874 1633 vel
2905 1571 3212 1648 diaconus,
3242 1575 3329 1637 vel
3361 1581 3604 1641 omnino

233 1659 411 1758 λόγου.
478 1673 538 1739 Ἠ
742 1659 902 1764 χάρις
958 1659 1362 1760 τοῦτ’παναγίου
1429 1659 1752 1761 Πνεύματος,
1810 1687 1879 1754 τῷ

1968 1659 2124 1720 sacri
2179 1660 2481 1722 consortii.
2537 1659 2681 1721 Nam
2742 1667 3051 1741 postquam
3107 1662 3362 1742 Spiritus
3415 1669 3604 1730 sancti

231 1779 326 1828 τοῦ
378 1772 516 1829 θείου
585 1772 949 1849 βαπτίσματος
1035 1771 1329 1849 μυστηρίῳ,
1412 1776 1490 1844 τῷ
1549 1770 1686 1844 μήτε
1741 1767 1885 1846 λόγῳ

1035 1771 1329 1851 μυστηρίῳ,

232 1858 399 1936 ῥητῷ,
452 1861 588 1936 μήτε
659 1868 731 1936 νῷ
798 1859 1149 1940 καναληπτῷ,
1209 1860 1406 1923 παντὸς
1462 1858 1621 1936 ῥύπου
1664 1856 1883 1933 15V?“-

232 1949 555 2024 πτισάμενον
619 1949 988 2024 ἆποπλύνασα,
1034 1951 1123 2007 καὶ
1165 1950 1338 2029 φωτὸς
1380 1946 1618 2004 δεκτικὸν
1666 1945 1883 2025 ἀποφή-

235 2057 389 2112 νασα,
452 2040 512 2095 οὗ
580 2039 773 2097 κωλύει
841 2039 1029 2097 λοιπὸν
1091 2040 1180 2096 καὶ
1222 2044 1301 2111 τῷ
1350 2040 1562 2116 καθαρῷ
1607 2037 1740 2116 φωτὶ
1784 2040 1882 2102 τῆς

233 2126 521 2204 ἱερωσύνης
576 2136 762 2186 τοῦτον
837 2126 1360 2208 καταφαιδρύνεσθαι.
1419 2126 1565 2182 Μετὰ
1618 2122 1672 2180 δέ
1713 2145 1774 2203 γε
1822 2125 1882 2180 τὸ

230 2216 375 2273 θεῖον
428 2215 667 2298 λουτρὸν,
739 2218 911 2276 οὐκέτι
992 2219 1111 2295 περὶ
1205 2217 1481 2295 ἁμαρτιῶν
1537 2212 1881 2271 ὑπολείπεται

233 2304 404 2385 θυσία,
441 2309 533 2362 οἷα
602 2308 691 2364 καὶ
744 2308 1034 2387 ἱερωσύνην
1117 2306 1458 2386 χαρίσασθαι.
1503 2310 1604 2362 Τοῦ
1663 2302 1883 2387 κανόνος

230 2393 417 2449 τούτου
470 2397 558 2451 καὶ
614 2398 643 2452 ὁ
712 2395 881 2474 μέγας
933 2395 1199 2471 μέμνηται
1254 2391 1526 2456 Βααίλειος
1559 2392 1612 2449 ἐν
1680 2397 1757 2466 τῷ
1811 2392 1863 2468 ιβ

232 2482 390 2541 αὐτοῦ
445 2483 647 2563 κανόνι,
707 2485 837 2549 Τοὺς
908 2482 1185 2563 διγάμους,
1265 2480 1460 2561 λέγων,
1518 2480 1794 2545 παντελῶς
1850 2484 1879 2538 ὁ

231 2572 407 2626 κανὼν
435 2576 533 2639 τῆς
563 2572 699 2628 κατὰ
763 2573 864 2641 τὴν
920 2571 1110 2640 κλῆσιν
1156 2571 1448 2652 ὑπηρεσίας.
1503 2569 1812 2628 ἀπέκλεισεν
1860 2588 1875 2603 ⁰

231 2666 419 2715 τοῦτον
444 2658 510 2729 δὴ
553 2659 749 2740 λέγων,
785 2653 843 2720 Ὀ
886 2660 941 2718 δὲ
986 2649 1337 2725 ἀποστολικὸς
1369 2649 1448 2727 ιη⁹
1480 2679 1493 2692 ·
1530 2658 1657 2717 Οὒδὲ
1701 2662 1729 2717 ὁ
1760 2662 1877 2740 χή-

230 2769 326 2826 ραν
375 2746 578 2806 λαϐὼν⁶
649 2751 685 2819 ἢ
740 2748 1139 2826 ἐκϐεϐλημένην
1195 2750 1327 2828 πρὸς
1386 2759 1480 2808 τοῦ
1537 2748 1727 2805 οἰκείου
1780 2748 1879 2804 ἆν-

229 2833 377 2918 δρὺς,
425 2838 462 2907 ἢ
525 2839 767 2917 amp”,
822 2841 858 2909 ἢ
915 2839 1129 2920 οίκέτιν,
1188 2839 1225 2907 ἢ
1268 2844 1373 2895 τῶν
1424 2837 1509 2894 ἐπὶ
1562 2842 1786 2916 σκηνῆς,
1819 2834 1882 2892 αἴ

1966 1747 2151 1824 gratia
2183 1767 2286 1828 per
2316 1749 2467 1809 sacri
2508 1748 2882 1830 baptismatis
2913 1754 3280 1833 mysterium,
3309 1756 3463 1835 quod
3496 1775 3608 1818 nec

1964 1835 2164 1898 verbis
2180 1838 2452 1918 exprimi,
2483 1857 2590 1901 nec
2613 1836 2839 1919 percipi
2861 1852 3061 1901 mente
3084 1849 3297 1921 potest,
3320 1843 3394 1905 ab
3416 1850 3605 1907 omni-

1967 1923 2078 1987 bus
2106 1926 2382 1989 sordibus
2412 1927 2557 1989 eluit
2609 1946 2770 2000 eum,
2831 1931 2929 2009 qui
2987 1928 3333 2009 baptizatur,
3368 1942 3427 1995 et
3456 1935 3605 1997 lucis

1941 2030 2241 2096 'capacem
2294 2016 2452 2097 fecit,
2504 2016 2649 2078 nihil
2696 2017 2949 2097 amplius
3002 2017 3430 2100 impedimento
3490 2033 3600 2101 est,

1964 2104 2282 2185 quominus
2303 2105 2460 2167 idem
2487 2105 2662 2167 etiam
2687 2124 2833 2187 pura
2874 2108 3193 2170 sacerdotii
3222 2110 3355 2174 luce
3384 2111 3603 2175 exhila-

1963 2202 2147 2256 retur.
2180 2193 2401 2256 Verum
2435 2203 2565 2274 post
2613 2212 2848 2257 sacrum
2896 2196 3042 2258 illud
3092 2197 3413 2282 lavacrum,
3446 2203 3606 2264 nulla

1967 2300 2073 2364 pro
2104 2283 2362 2363 peccatis
2391 2282 2619 2364 reliqua
2649 2298 2740 2346 est
2796 2284 3009 2367 hostia,
3042 2305 3175 2367 quae
3203 2290 3602 2353 sacerdotium

1877 2382 1886 2400 '
1965 2371 2166 2452 largiri
2196 2373 2404 2454 possit.
2465 2373 2653 2453 Hujus
2707 2374 2953 2435 canonis
3005 2376 3180 2437 etiam
3227 2396 3476 2458 magnus
3504 2380 3605 2443 ille

1965 2461 2220 2524 Basilius
2238 2461 2503 2524 meminit
2524 2462 2581 2523 in
2606 2479 2689 2523 xu
2709 2480 2940 2524 canone
2964 2481 3095 2540 suo,
3119 2484 3251 2527 cum
3276 2468 3355 2529 ait
3388 2485 3403 2531 :
3460 2471 3599 2547 Eos,

1960 2550 2065 2631 qui
2100 2550 2391 2613 secundas
2422 2559 2766 2612 contraxere
2800 2552 3056 2631 nuptias,
3084 2555 3328 2617 omnino
3351 2552 3539 2620 canon
3571 2577 3607 2621 a

1962 2639 2292 2701 ministerio
2322 2639 2645 2701 vocationis
2671 2639 2941 2717 exclusit,
2975 2641 3190 2722 quibus
3220 2644 3416 2707 verbis
3448 2647 3601 2711 hunc

1958 2732 2151 2793 innuit
2171 2750 2483 2794 canonem.
2511 2734 2796 2795 Caeterum
2821 2750 2963 2795 xvm
2984 2752 3173 2797 canon
3200 2739 3601 2817 apostolorum

1962 2820 2043 2883 ait
2069 2842 2086 2883 :
2118 2820 2242 2884 Nec
2270 2820 2370 2902 qui
2421 2821 2652 2883 viduam
2706 2822 2891 2899 duxit,
2926 2823 3016 2885 vel
3047 2825 3299 2905 ejectam
3327 2846 3360 2889 a
3390 2831 3600 2893 marito

227 2934 306 3002 τῷ
377 2927 626 3004 ἀσέμνως
687 2927 876 2987 ϐιῶναι
947 2931 1009 2987 οὐ
1061 2928 1393 2986 πιστεύονται
1436 2940 1747 3007 σωφρονεῖν,
1781 2924 1875 2981 δύ-

1966 2929 2095 2987 suo,
2127 2910 2214 2973 vel
2247 2910 2649 2984 meretricem,
2686 2911 2780 2974 vel
2831 2930 3084 2992 servam,
3119 2916 3207 2978 vel
3238 2917 3500 3001 aliquam
3530 2940 3602 2984 ex

228 2999 379 3073 ναται
413 2999 561 3073 εἶναι
590 3017 899 3089 ἐπίσκοπος,
954 3018 991 3087 ἢ
1061 3014 1428 3098 πρεσϐύτερος,
1488 2999 1565 3085 ἢ..
1594 2999 1738 3080 ὅλως
1783 3020 1876 3071 τοῦ

1966 2999 2056 3075 iis,
2109 3018 2241 3081 quae
2292 3008 2481 3063 artem
2512 3000 2801 3101 ludicram
2833 3012 3130 3082 exercent,
3161 3024 3230 3068 ac
3262 2999 3597 3090 propterea,

225 3104 453 3187 κλήρου.
523 3117 651 3174 Τοῖς
707 3106 818 3166 δυσὶ
871 3087 1075 3172 τούτοις
1105 3087 1497 3170 ’ἀποστολικοτς
1552 3105 1735 3162 κανόσι
1790 3105 1879 3161 καὶ

1966 3087 2118 3171 quod
2142 3107 2352 3171 parum
2374 3090 2621 3152 honeste
2636 3088 2825 3151 vivant
2838 3137 2855 3168 ,
2879 3111 2999 3155 non
3020 3087 3345 3158 creduntur
3360 3087 3493 3160 esse
3508 3118 3603 3162 ca-

224 3197 253 3252 ὁ
280 3180 461 3276 τρίτος
515 3199 612 3264 τῆς
662 3197 820 3266 ἕκτης
878 3195 1090 3257 συνόδω
1144 3195 1319 3253 κανών
1346 3192 1431 3257 90,
1486 3191 1681 3261 Μηδεὶς
1711 3192 1879 3251 δευτε-

1966 3188 2089 3255 staa,
2105 3188 2301 3261 potest
2314 3180 2629 3262 episcopus
2645 3197 2822 3276 esse,‘
2814 3182 2902 3243 vel
2917 3182 3341 3267 presbyter,vel
3354 3188 3598 3253 omnino

221 3268 568 3366 ρογαμήσας,
627 3286 1030 3368 χειροτονείσθω
1077 3282 1449 3366 πρεσϐύτερος,
1507 3282 1544 3351 ἢ
1612 3281 1872 3358 διάκονος,

1966 3268 2316 3332 clericorum
2344 3270 2406 3331 in
2432 3269 2755 3332 consortio.
2782 3268 2928 3333 Cum
2952 3272 3189 3336 duobus
3219 3275 3384 3339 hisce
3415 3297 3600 3341 cano-

220 3357 366 3449 μητε
398 3374 521 3452 μὴν
552 3357 878 3454 ἐἰηγύναικὶ
939 3357 1175 3434 συνοικεῖ
1217 3374 1309 3430 τὸν
1336 3357 1489 3428 ’ἴδίον
1528 3368 1685 3448 ἄνδρα
1711 3357 1878 3427 καταέ

1966 3357 2139 3420 nibus
2167 3359 2509 3440 apostolicis
2530 3358 2708 3421 etiam
2741 3360 2949 3423 tertius
2969 3371 3148 3425 sextae
3169 3367 3377 3446 synodi
3406 3386 3600 3432 canon

229 3462 500 3543 λιπούση,
548 3464 684 3539 μήτε
727 3466 771 3521 εί
828 3462 1111 3531 παλλακὴν
1161 3461 1301 3542 ἔχει,
1352 3459 1470 3517 ἀλλ’
1516 3459 1552 3528 ἢ
1596 3466 1721 3536 μιᾶς
1748 3460 1880 3539 ἀνὴρ

221 3554 519 3629 γενόμενος
594 3553 861 3633 σώφρονος
928 3554 1017 3609 καὶ
1085 3552 1145 3609 ἐκ
1219 3550 1516 3631 παρθενίας.
1592 3551 1652 3607 Ei
1706 3546 1761 3607 δέ.
1802 3571 1881 3613 τις

225 3642 473 3718 γαμετὴν
533 3639 570 3708 ἢ
629 3640 912 3709 παλλακὴν
983 3640 1317 3719 εἰσαγάγοιτο
1372 3644 1607 3720 φανερῶς
1673 3638 1709 3707 ἢ
1777 3637 1880 3696 λα-

229 3729 444 3810 θραίως,
520 3728 706 3793 εὒθέως
733 3732 861 3810 ,τῆς
929 3732 1069 3809 ἱερᾶς
1163 3728 1462 3785 ἐκπιπτέτω
1515 3727 1736 3805 τάξεως,
1794 3732 1883 3785 καὶ

231 3808 448 3885 ἰδιώτης
506 3816 664 3880 ἴστω.
728 3808 790 3875 ’Π
858 3816 911 3875 δὲ
981 3808 1315 3897 ὃγδοηκοστὴ
1334 3815 1384 3859 ’ί
1442 3816 1653 3880 ἔννατος
1710 3817 1882 3896 Νεαρὰ

232 3906 492 3984 βασιλέως
550 3907 773 3973 Λέοντος
842 3915 935 3965 τοῦ
988 3916 1184 3989 Σοφοῦ,
1229 3908 1353 3971 τοὺς
1396 3905 1744 3985 διγαμοῦντας
1773 3912 1880 3963 τῶν

233 3994 505 4076 κληρικῶν
547 3999 686 4074 μήτε
734 4004 828 4055 τοῦ
878 3999 1163 4079 σχήματος
1214 3995 1602 4076 ἀλλπριοῦσθαι
1653 3994 1876 4070 κελεύει,

232 4086 383 4161 μήτη
454 4089 553 4153 τῆς
608 4085 668 4143 lx
709 4093 801 4143 τοῦ
857 4088 1100 4165 βήματος
1156 4085 1469 4163 ὑπηρεσίας.
1531 4085 1671 4153 Φησὶ
1713 4085 1814 4165 γάρ
1860 4104 1878 4123 ο

1962 3449 2279 3521 consentit,
2305 3449 2477 3528 cujus
2498 3448 2623 3510 haec
2640 3448 2820 3511 verba
2838 3459 3003 3515 sunt:
3028 3451 3238 3535 Nemo,
3259 3456 3359 3537 qui
3378 3475 3600 3521 secun-

1962 3537 2069 3600 das
2094 3538 2307 3601 adierit
2335 3538 2589 3620 nuptias,
2622 3539 2925 3602 ordinator
2952 3542 3276 3624 presbyter,
3309 3554 3411 3608 aut
3462 3548 3599 3610 dia-

1962 3644 2146 3691 conus
2180 3648 2194 3688 :
2230 3646 2342 3691 nec
2370 3628 2421 3689 si
2453 3627 2763 3691 mulierem
2826 3629 3039 3693 habeat
3088 3632 3150 3694 in
3182 3636 3597 3714 contubernio,

1964 3736 2096 3799 quae
2149 3717 2338 3780 virum
2391 3737 2563 3780 suum
2620 3717 2950 3799 reliquerit,
2980 3738 3092 3783 nec
3122 3722 3599 3797 siconcubinam

1962 3806 2179 3871 habeat
2212 3830 2225 3868 :
2285 3808 2391 3870 sed
2445 3808 2727 3870 duntaxat
2757 3808 2830 3883 is,
2863 3809 2965 3890 qui
2994 3810 3082 3871 vir
3107 3804 3393 3877 est‘unius
3424 3830 3603 3879 castae

1964 3896 2256 3987 mulieris,
2289 3906 2348 3959 et
2374 3915 2554 3987 quam,
2580 3896 2867 3987 virginem
2899 3900 3151 3961 duxerit.
3177 3902 3281 3965 Sin
3305 3904 3601 3987 quispiam

1964 3986 2199 4049 duxerit
2221 3985 2598 4048 matrimonio
2630 3986 2791 4067 prius
2805 3987 3161 4067 copulatam,
3189 3991 3279 4053 vel
3310 3985 3601 4057 concubi-

1965 4095 2102 4139 nam
2130 4076 2257 4140 sive
2288 4075 2628 4150 manifesto,
2663 4076 2787 4139 sive
2828 4076 3005 4153 clam,
3048 4079 3360 4143 confestim
3392 4084 3602 4147 ordine

232 4178 343 4233 Οὐκ
434 4174 809 4256 ἀποδεχόμεθα
879 4178 977 4243 τῆς
1058 4176 1412 4255 προαιρέσεως
1494 4176 1588 4231 τὸν
1656 4173 1879 4231 παλαιὸν

1966 4184 2133 4256 sacro
2148 4166 2413 4242 'excidat,
2451 4174 2509 4228 et
2537 4165 2819 4256 privatam
2872 4166 3051 4231 vitam
3084 4180 3234 4249 aget.
3271 4169 3603 4255 Septuage-

230 4262 547 4339 νομοθέτην,
602 4247 689 4329 ξς-
723 4263 966 4342 βούλεται
1035 4247 1404 4345 πρεσϐύτερον,
1460 4263 1496 4332 ἢ
1550 4260 1812 4325 διάκονον,
1843 4264 1879 4334 ἢ

1966 4255 2119 4318 sima
2146 4274 2284 4318 vero
2307 4263 2365 4318 et
2386 4274 2540 4318 nona
2558 4254 2799 4318 Novella
2821 4256 3104 4340 principis
3129 4247 3603 4343 Leonis-cogno-

226 4350 593 4435 δποδιάκονον,
667 4355 801 4430 μετὰ
856 4354 956 4423 τὴν
1002 4342 1088 4410 ἰίπὁ
1182 4353 1325 4428 αύτῷ
1379 4342 1709 4433 χειροθεσίαν
1765 4376 1879 4410 συν-

1966 4344 2125 4408 mine
2156 4342 2453 4427 Sapientis
2507 4345 2967 4435 (lO),iclericos
3024 4348 3317 4411 secundas
3369 4342 3603 4433 nuptias

228 4441 458 4521 αφθέντα
524 4434 753 4521 γυναικὶ,
812 4441 1088 4506 παντελῶς
1153 4448 1244 4500 τοῦ
1310 4442 1551 4499 τοιούτου
1600 4441 1879 4508 ὑπεξίστα-

1966 4435 2381 4496 contrahentes
2412 4452 2521 4496 nec
2551 4434 2818 4495 habitum
2861 4435 3133 4499 amittere
3188 4437 3431 4521 debere,
3491 4459 3603 4504 nec

225 4533 343 4587 σθαι
388 4530 701 4610 σχήματος,
730 4534 817 4589 καὶ
845 4534 976 4612 πρὸς
1018 4534 1110 4589 τὸν
1164 4530 1354 4591 λα’ἰκὸν
1384 4531 1497 4608 βίον
1552 4530 1877 4613 ἐπαναστρέ-

1966 4523 2325 4613 [unctionem
2348 4523 2800 4613 sacerdotalem,
2826 4523 3111 4613 praecipit.
3128 4526 3453 4590 Suntenim
3476 4529 3602 4591 haec

223 4609 434 4700 φεσθαι,
454 4609 460 4610 7
505 4618 645 4676 ἀλλᾶ
697 4609 991 4701 ἆκυροῦμεν
1047 4622 1109 4677 τὸ
1163 4618 1336 4699 δόγμα
1370 4636 1383 4650 ⁸
1429 4620 1740 4697 θεσπίζομεν
1786 4609 1871 4699 δὲ,

1966 4612 2121 4676 illius
2135 4612 2318 4674 verba
2345 4632 2358 4675 :
2386 4609 2513 4701 Non
2541 4609 2863 4701 probamus
2884 4610 3238 4701 legislatoris
3259 4617 3470 4677 veteris
3485 4619 3528 4694 (t
3550 4618 3604 4695 1)

222 4699 363 4785 μόνη
406 4712 477 4784 τῇ
532 4699 875 4789 ὑποχωρήσει
948 4714 1047 4776 τῆς
1102 4706 1326 4781 τάξεως,
1412 4707 1494 4789 ἐφ’
1540 4711 1576 4785 ᾗ
1628 4711 1731 4788 πρὸ
1781 4721 1875 4770 τοῦ

1966 4700 2315 4777 institutum,
2350 4699 2716 4789 quivult,ut
2766 4699 3095 4781 presbyter,
3144 4712 3244 4765 aut
3290 4704 3598 4782 diaconus,

220 4796 398 4876 γάμου
440 4788 768 4877 ἐγνωρίζετο,
832 4800 1105 4877 ἀρκεῖσθαι
1147 4798 1247 4865 τὴν
1300 4788 1463 4865 δίκην
1502 4799 1684 4862 αὐτοῖς
1718 4818 1734 4833 ·
1779 4810 1874 4859 τοῦ

1966 4799 2057 4853 aut
2088 4790 2517 4877 subdiaconus,
2548 4788 2648 4868 qui
2682 4798 2813 4871 post
2838 4790 3055 4853 factam
3083 4811 3293 4856 manus
3348 4795 3601 4877 imposi-

223 4883 278 4942 δὲ
321 4876 591 4965 κληρικοῦί
641 4876 927 4968 σχήματος
970 4887 1057 4943 καὶ
1113 4891 1213 4955 τῆς
1261 4885 1433 4955 ἄλλης
1484 4900 1609 4951 ταῖς
1642 4884 1873 4956 Ἐκκλη-

1966 4880 2180 4944 tionem
2210 4897 2343 4942 cuin
2396 4876 2649 4968 mullera
2689 4879 2997 4961 copulatus
3024 4881 3223 4959 fuerit,
3258 4876 3498 4965 prorsus
3527 4886 3599 4948 ab

223 4973 363 5039 σίαις
392 4966 688 5054 ὑπηρεσίας
705 4966 1050 5057 ἒφάπτεσθαι,
1093 4976 1188 5033 οὒκ
1216 4974 1463 5051 ἀθέμιτον
1503 4972 1585 5035 92.

1966 4970 2070 5033 hoc
2098 4968 2303 5032 habitu
2336 4966 2603 5044 recedat,
2639 4976 2699 5031 et
2724 4968 2799 5031 ad
2823 4970 2998 5033 vitam
3022 4970 3314 5051 plebeiam
3345 4983 3603 5037 reverta-

222 5069 321 5125 tur
351 5079 365 5126 :
401 5061 511 5126 sed
540 5061 849 5129 decretum
878 5064 995 5128 hoc
1020 5063 1397 5144 abrogamus,
1429 5069 1605 5147 atque
1635 5066 1964 5147 sensimus,
1999 5064 2089 5131 uti
2116 5063 2398 5127 duntaxat
2453 5060 2540 5122 eis
2597 5076 2705 5140 pro
2763 5076 2940 5139 pcena
2996 5060 3249 5126 sufﬁciat
3305 5064 3438 5145 ejus
3493 5083 3597 5129 or-

1534 5223 1796 5293 VARIIE
1837 5224 2155 5296 LEGTION
2164 5219 2280 5290 ES.

304 5328 361 5414 φ
386 5330 507 5414 περὶ
548 5327 786 5414 διγάμων
812 5331 1114 5414 ἱερωμένων
1192 5330 1253 5382 α)
1289 5337 1390 5401 τῆς
1439 5332 1601 5404 ἕκτης
1644 5334 1859 5398 συνόδου
1906 5330 2111 5408 συνᾴδει
2162 5323 2497 5414 uanos-5mmﬂ
2555 5326 2965 5414 §5&pnxovfn._
3038 5328 3102 5380 ²²
3145 5328 3314 5401 ἄλλης
3368 5333 3423 5391 ἐν
3474 5350 3599 5402 τιϊς

220 5407 533 5481 ἐκκλησίαις
562 5407 893 5495 ὑπηρεσίαις,
922 5407 988 5483 ἧς
1014 5413 1331 5495 ἑφάπτεσθαι
1360 5418 1456 5475 οὒκ
1482 5414 1752 5494 ἀθέμιτον,
1785 5417 1864 5494 μὴ
1891 5407 2194 5475 παντάπασι
2223 5409 2321 5478 τὴν
2353 5407 2695 5490 ἀλλοτρίωσιν
2717 5408 3169 5484 καταδικάζεσθαι,

1787 5518 2033 5588 NOTIE.

304 5620 553 5715 (θέρε
579 5621 1067 5715 BasiliiNovellm
1094 5631 1313 5715 sunt.“
1393 5704 1429 5715 __
1481 5704 1495 5715 _
1582 5706 1595 5715 _
1753 5709 1766 5715 _
1813 5712 1825 5715 _
1977 5704 2015 5715 Δ
2046 5624 2835 5715 (ωΗοο-οειλειιειὶηἱδιιί.
2880 5628 3073 5692 Locus
3124 5637 3216 5695 est
3241 5628 3504 5712 Novella,
3535 5634 3595 5715 6,

310 5700 1874 5796 (lO)Novella79,quaeNovellam6Iustinianicorrigit.
1965 5700 2269 5771 Clitarum
2300 5711 2355 5769 si
2382 5700 2538 5791 quis.
