4074 6212
464 247 618 312 1255

1830 250 1963 317 JUS
2004 249 2455 315 CANONICUM

3684 255 3710 315 l
3725 250 3849 318 256

454 382 612 446 diuis
642 383 858 460 cessio,
893 399 1022 466 quo‘
1041 385 1102 446 in
1133 384 1346 448 ordine
1374 393 1511 449 ante
1541 393 1875 449 contractas
1905 382 2141 465 nuptias
2166 383 2707 465 conspiciebantur.
2742 384 2836 449 Ad
2874 384 3111 449 habitus
3141 393 3340 451 autem
3392 386 3717 464 clericalis,
3783 395 3848 450 et

457 472 700 554 reliquae
728 473 1051 536 functiouis
1080 475 1139 536 in
1168 473 1450 540 Ecclesiis
1485 475 1897 557 privationem,
1946 493 2063 536 non
2113 472 2357 536 omnino
2414 473 2908 553 condemnentur,
2968 483 3262 558 quatenus
3304 481 3369 537 ut
3424 494 3558 539 eam
3616 475 3843 540 obeant

451 562 539 624 fas
568 562 771 624 fuerit.

515 651 603 713 De
631 651 807 714 (uicis
836 650 917 713 ad
943 653 1241 717 secundas
1270 660 1518 735 nuptias
1563 652 2037 717 tramenta/ibus.
2118 658 2160 707 Α

493 740 806 803 Enimvero
822 739 1056 803 divinus
1074 742 1173 804 ille
1191 744 1507 822 Apostolus
1531 744 1723 805 viduis
1734 740 2098 824 junioribus,

453 840 516 892 ut
545 831 763 893 alteras
792 829 865 891 ad
894 831 1128 912 nuptias
1180 841 1505 909 transeant,
1555 834 1849 915 siquidem
1885 833 1966 894 ita
1994 849 2098 892 ve-

456 920 593 999 lint,
621 918 893 1001 permisit
928 940 942 980 :
995 938 1197 982 earum
1244 933 1470 985 natura:
1500 922 1894 985 lubricitatem
1928 921 2099 982 intel-

456 1009 673 1086 ligens.
698 1007 889 1070 Divini
910 1026 1049 1071 vero
1088 1012 1292 1073 Patres
1321 1016 1496 1075 etiam
1524 1013 1707 1093 viros,
1742 1012 1843 1093 qui
1873 1029 2096 1073 secun-

454 1098 561 1160 das
585 1096 821 1177 nuptias
836 1096 1147 1174 eligerent,
1163 1098 2092 1182 minimeputabantinhibendos,

453 1185 929 1268 quandoquidem
987 1187 1251 1250 libidinis
1326 1191 1579 1253 carnalis
1634 1191 1918 1271 impetum
1976 1207 2097 1251 non

452 1274 822 1355 ignorabant.
853 1274 980 1337 Non
1009 1285 1204 1339 tamen
1256 1279 1368 1341 hoc
1407 1280 1650 1360 impune
1689 1280 1818 1341 ﬁeri
1849 1283 2093 1359 permit-

456 1365 681 1448 tebant.
714 1363 945 1446 Quippe
975 1366 1152 1446 primi
1182 1369 1431 1430 canonis
1473 1369 1680 1449 synodi
1743 1368 2095 1431 Laodicenee

453 1454 581 1516 haec
609 1452 792 1515 verba
819 1461 993 1516 sunt:
1020 1454 1128 1527 Qui
1162 1457 1420 1535 legitime
1445 1458 1738 1521 secundas
1767 1458 1837 1519 ad
1865 1460 2096 1537 nuptias

456 1542 838 1616 transierunt,
870 1542 970 1605 ubi
990 1562 1096 1624 per
1115 1545 1388 1625 exiguum
1411 1547 1696 1628 temporis
1715 1546 1972 1627 Spatium
1997 1546 2094 1607 in-

455 1631 819 1707 tercesserit,
879 1652 948 1694 ac
1005 1634 1284 1713 precibus
1341 1643 1399 1697 et
1438 1636 1683 1715 jejuniis
1739 1635 2091 1710 vacaverint,

454 1720 875 1783 communione
900 1740 1006 1802 per
1023 1722 1447 1803 indulgentiam
1474 1726 1760 1788 fruantur.
1786 1724 1888 1787 Sin
1908 1725 2092 1806 prius,

451 1828 628 1889 quam
661 1810 953 1889 legitimas
982 1814 1407 1876 contraherent
1439 1817 1692 1896 nuptias,
1728 1814 2096 1877 clandestino

2606 675 2629 711 I
2666 655 2791 734 Περὶ
2830 652 3069 733 διγάμων
3110 653 3338 715 λα’ἱκῶν.
3374 680 3404 711 ι

2266 740 2415 799 Ἀλλ’
2459 746 2487 799 6
2516 743 2615 819 μὲν
2658 746 2799 809 θεῖος
2841 742 3167 809 Ἀπόστολος
3219 745 3314 808 τὰς
3370 744 3627 823 νεωτέράς
3655 747 3841 827 χήρας

2184 831 2375 909 γάμοις
2447 832 2589 898 αὖθις
2647 832 3021 913 προσομιλεῖν,
3102 836 3145 890 εἶ
3199 833 3498 910 βούλοιντο,
3583 837 3841 916 συνεχώ-

2184 942 2344 997 ρησεν
2376 937 2390 951 ·
2453 923 2515 978 τὸ
2571 920 2833 980 εὒόλισθον
2901 928 3001 990 τῆς
3077 926 3280 1003 φύσεως
3348 923 3718 1001 ὑπειδόμενος.
3790 932 3832 980 Ο

2182 1007 2236 1064 δὲ
2264 1012 2399 1067 θεῖοι
2453 1009 2679 1091 Πατέρες
2728 1014 2816 1069 καὶ
2862 1012 2968 1068 τῶν
3028 1010 3229 1091 ἀνδρῶν
3270 1013 3393 1076 τοὺς
3444 1011 3691 1092 διγαμεῖν
3744 1016 3837 1068 al-

2181 1098 2485 1177 ρουμένους,
2513 1099 2681 1175 ᾤοντο
2717 1098 2830 1159 δεῖν
2878 1105 2936 1159 ὠ
2996 1101 3075 1176 μὴ
3130 1100 3375 1178 κωλύειν,
3429 1103 3522 1159 τοῦ
3576 1112 3840 1182 σαρκικοῦ

2180 1188 2516 1268 φαονήματος
2583 1189 2661 1263 μὴ
2742 1188 3050 1267 ἀγνοοῦντες
3126 1198 3223 1256 τήν
3279 1189 3652 1251 ἐπανάστασιν.
3755 1187 3837 1245 Οὔ

2180 1277 2287 1351 μὴν
2316 1276 2710 1352 ἂνεπιτιμήτως
2755 1275 2943 1334 εἴασαν
2988 1276 3161 1358 ἔχειν.
3207 1279 3348 1346 Φησὶ
3390 1279 3489 1356 γὰρ
3535 1280 3563 1334 ὁ
3614 1282 3835 1357 πρῶτος

2177 1369 2275 1432 τῆς
2305 1364 2360 1420 ὲν
2418 1366 2695 1437 Λαοδικείᾳ
2748 1364 2961 1445 σορόδου
3013 1366 3189 1423 κανών
3226 1381 3241 1396 ⁸
3304 1369 3364 1424 Οἱ
3408 1368 3647 1442 νομίμως
3699 1362 3832 1420 δευ-

2178 1454 2345 1533 τέροις
2387 1454 2737 1530 ὁμιλήσαντες
2778 1457 2993 1534 γάμοις,
3037 1454 3215 1534 ὀλίγου
3262 1454 3330 1512 δι’
3374 1453 3735 1516 έππεύσαντος
3768 1451 3841 1502 ὖ

2178 1543 2398 1624 χρόνου,
2440 1545 2527 1601 καὶ
2556 1557 2677 1609 ταῖς
2746 1546 2938 1624 εὐχαῖς
2992 1545 3081 1601 καὶ
3134 1544 3259 1609 ταῖς
3317 1545 3583 1611 νηστείαις
3611 1542 3837 1623 σχσλά..

2182 1654 2390 1708 σαντες,
2448 1633 2545 1701 τῆς
2613 1634 2886 1696 κοινωνίας
2974 1634 3109 1690 κατὰ
3154 1633 3477 1712 συγγνώμην
3557 1631 3836 1690 ἀπολαυέ-

2179 1724 2406 1783 σθωσαν.
2440 1723 2499 1782 Εί
2540 1720 2595 1778 δὲ
2623 1724 2740 1802 πρὶν
2789 1723 2855 1779 τὰ
2900 1723 2992 1779 τοῦ
3032 1724 3256 1798 νομίμου
3311 1724 3483 1800 γάμου
3523 1720 3837 1777 τελέσασθαι

2180 1809 2399 1889 λαθραία
2468 1810 2600 1885 μίξει
2701 1809 2977 1885 συνῆλθον,
3060 1812 3149 1866 καὶ
3237 1812 3311 1874 ὡς
3408 1811 3828 1890 πεπορνευκόεες

454 1898 774 1961 concubitu
804 1900 1079 1969 coierint,
1114 1903 1289 1963 etiam
1312 1891 1757 1982 punian—turceu
1789 1904 2100 1965 scortatio-

2186 1899 2629 1974 ἐπιτιμάσθωσαν.
2671 1891 2728 1957 Ὀ
2758 1898 2811 1955 δὲ
2841 1899 3007 1979 μέγας
3064 1899 3349 1964 Κασύλειος
3395 1899 3446 1955 ἐν
3494 1904 3572 1972 τῷ
3599 1899 3835 1976 τετάρτῳ

453 1986 547 2049 nis
571 1989 677 2049 rei.
717 1991 962 2068 Magnus
993 2000 1186 2052 autem
1237 1991 1339 2053 ille
1389 1991 1641 2054 Basilius
1670 1993 1728 2053 in
1758 2000 1966 2073 quarto
1996 2012 2096 2055 cae

459 2096 615 2139 uone
662 2095 820 2139 suo:
885 2079 1163 2153 Quidam,
1224 2081 1435 2161 inquit,
1484 2081 1556 2142 ad
1615 2101 1833 2143 annum
1890 2102 2098 2157 unum,

454 2166 693 2248 quidam
726 2167 798 2228 ad
844 2168 996 2229 duos
1047 2179 1253 2231 arcent
1306 2190 1441 2231 eum
1499 2190 1530 2231 a
1561 2171 1982 2234 communione
2011 2191 2101 2233 sa-

452 2275 573 2330 cra,
603 2257 703 2335 qui
738 2258 1036 2320 secundas
1067 2259 1301 2340 nuptias
1317 2259 1635 2322 contrahit.
1661 2258 1849 2340 Idem,
1879 2279 2105 2323 canone

452 2362 553 2407 XLI
581 2344 835 2421 :Vidua,
860 2346 1072 2427 inquit,
1101 2347 1150 2408 si
1186 2348 1469 2426 proximis
1504 2348 1849 2429 parentibus
1878 2360 2101 2430 careat,

456 2437 632 2495 etiam
658 2434 729 2495 ad
755 2436 1048 2497 secundas
1078 2435 1361 2498 arbitratu
1403 2457 1510 2498 suo
1533 2438 1770 2518 nuptias
1790 2439 2105 2501 convolare

456 2539 575 2587 non
628 2523 993 2603 prohibetur.
1030 2524 1177 2586 Nam
1210 2526 1475 2606 Apostoli
1503 2527 1683 2589 verba
1710 2537 1889 2589 sunt:
1926 2528 1988 2590 Si
2018 2528 2107 2589 vir

458 2618 726 2673 mortuus
755 2612 954 2692 fuerit,
993 2613 1186 2675 libera
1215 2623 1329 2691 est,
1391 2623 1454 2676 ut
1511 2616 1565 2677 ei
1624 2616 1827 2693 nubat,
1861 2617 1954 2679 cui
1985 2617 2100 2681 vul.

456 2699 738 2761 Parentes
767 2708 962 2762 autem
1018 2702 1151 2775 vivi,
1216 2722 1467 2783 quorum
1526 2713 1614 2766 est
1668 2705 1730 2765 in
1783 2713 2102 2786 potestate,

456 2790 503 2849 si
552 2804 672 2849 non
731 2790 1164 2863 consenserint,
1230 2792 1569 2872 nuptiarum
1620 2794 2101 2873 conjunctionem

457 2876 742 2939 dirimere
764 2881 1026 2956 pdssunt.
1062 2878 1294 2960 Quippe
1325 2882 1417 2942 lex
1439 2881 1516 2943 ait
1545 2882 1660 2962 (l2.
1686 2904 1700 2944 :
1724 2882 2105 2955 Emancipata

458 2965 653 3027 minor
680 2966 851 3027 annis
884 2984 1020 3039 xxv,
1052 2969 1347 3031 secundas
1375 2970 1448 3030 ad
1498 2970 1730 3051 nuptias
1762 2971 2099 3045 transitura,

455 3054 530 3116 de
561 3057 745 3135 patris
774 3056 1068 3119 sententia
1102 3056 1306 3119 nubat.
1343 3058 1553 3121 Mulier
1578 3059 1753 3121 vidua
1779 3062 1926 3131 ιη’)
1946 3069 2101 3123 tem-

457 3162 562 3223 pus
595 3143 787 3205 luctus
802 3154 1146 3224 exspectare
1160 3147 1413 3227 cogitur.
1432 3156 1673 3229 propter
1692 3149 2100 3213 confusionem

2184 1993 2340 2048 αὐτοῦ
2369 1989 2577 2062 κανόνι,
2633 1991 2693 2047 Οἱ
2750 1989 2871 2067 μὲν,
2930 1988 3110 2068 φησὶν,
3155 1985 3238 2045 ἐπ’
3297 1988 3531 2047 ἐνιαυτὸν
3577 1986 3708 2060 ἕνα,
3780 1990 3836 2043 οἱ

2185 2035 2339 2048 *⁵⁸⁷⁷⁷
2371 2035 2577 2062 ”“⁷”⁷“,
2637 2035 2693 2047 ν’
2750 2035 2871 2067 Γ”’
2933 2035 3110 2068 τ”⁵“”)
3155 2035 3221 2045 ⁷η
3297 2035 3526 2047 ν”“’“’“”
3577 2035 3600 2044 ⁷
3633 2035 3708 2060 ⁷’“’
3785 2035 3834 2043 τ’

2184 2074 2229 2132 δ’
2272 2078 2358 2134 ἐπὶ
2412 2075 2500 2133 δύο
2549 2082 2648 2144 τῆς
2707 2080 2845 2157 ἱερᾶς
2918 2076 3153 2155 εἴργουσι
3196 2078 3474 2140 κοινωνίας
3527 2078 3621 2132 τὸν
3673 2074 3834 2152 διγα-

2184 2174 2408 2243 μοῠντα.
2441 2166 2530 2224 Ἐν
2558 2164 2613 2222 δὲ
2642 2173 2720 2241 τῷ
2759 2155 2885 2241 μα’,
2947 2157 3009 2222 Ἠ
3067 2167 3236 2245 χήρα,
3298 2167 3481 2246 φησὶν,
3538 2167 3583 2221 εί
3610 2166 3695 2219 καὶ
3722 2169 3832 2219 τῶν

2186 2256 2471 2336 προσεχῶν
2526 2255 2725 2333 γονέων
2780 2255 3059 2335 ἀφῄρεται,
3117 2258 3203 2311 καὶ
3251 2256 3324 2318 είς
3374 2252 3608 2333 δεύτερον
3658 2251 3834 2308 ἐλθεῖν

2186 2345 2500 2423 αὒθαιρὲτως
2584 2346 2643 2401 οὔ
2697 2342 2988 2400 κεκώλυτῖι
3045 2344 3386 2401 συνοικέσιον.
3433 2344 3574 2410 Φησὶ
3628 2343 3729 2421 γὰρ
3796 2343 3829 2397 6

2186 2432 2511 2498 Ἀπόστολος
2546 2449 2559 2463 ⁸
2609 2433 2736 2490 Ἐὰν
2766 2430 2821 2488 δὲ
2843 2433 3080 2509 ἀποθάνῃ
3132 2435 3159 2488 6
3210 2432 3365 2512 ἀνὴρ,
3428 2431 3665 2510 ἐλευθέρα
3695 2431 3828 2501 ἐστὶ,

2186 2528 2230 2579 ὦ
2272 2524 2433 2602 θέλει,
2491 2524 2820 2602 γαμηθῆναι.
2879 2528 3078 2587 Ζῶντες
3137 2520 3192 2577 δὲ
3260 2525 3306 2578 οἱ
3357 2535 3561 2601 γονεῖς,
3604 2523 3677 2575 ὧν
3733 2523 3829 2576 ὑπ-

2188 2612 2420 2680 εξούσιος
2483 2612 2610 2668 οὖσα
2669 2611 2947 2691 τυγχάνει,
2996 2612 3082 2667 καὶ
3124 2610 3202 2685 μὴ
3249 2608 3661 2682 συναινέσαντες,
3711 2607 3832 2665 δια-

2188 2710 2386 2759 01:66.“
2412 2700 2650 2759 δύνανται
2695 2701 2792 2768 τὴν
2835 2707 2927 2756 τοῦ
2984 2701 3181 2779 γάμου,
3206 2700 3507 2779 συνάφειαν.
3566 2699 3706 2764 Φησὶ

2188 2794 2215 2849 6
2246 2794 2405 2865 νόμος
2440 2810 2454 2825 ’
2517 2785 2578 2847 Ἠ
2652 2788 2884 2850 ἐλάττων
2938 2796 3045 2846 τῶν
3100 2778 3183 2845 κε’
3239 2778 3492 2845 ἐνιαυτῶν
3533 2787 3833 2852 αὐτεξουσία

2188 2880 2456 2957 μέλλουσα
2524 2876 2953 2959 δευτερογαμετν,
3053 2877 3241 2957 γνώμῃ
3310 2885 3400 2934 τοῦ
3458 2879 3656 2956 πατρὸς
3729 2899 3831 2955 γα-

2188 2974 2405 3047 μείσθω.
2460 2959 2525 3026 Ἦ
2563 2970 2711 3049 χήρα
2754 2968 2907 3046 γυνὴ·
2929 2966 3310 3043 ἀναγκάζεσται
3362 2978 3542 3041 μεῖναι
3570 2968 3669 3031 τὸη
3698 2966 3830 3021 πέν-

2184 3065 2338 3138 θιμον
2373 3060 2568 3141 χρόνον
2615 3056 2699 3114 διὰ
2744 3057 2844 3123 τὴν
2886 3077 3143 3135 συγχυσιν
3202 3060 3302 3123 τῆς
3344 3060 3535 3134 γονῆς,
3592 3055 3723 3133 ὅπερ
3749 3054 3834 3111 ἐπὶ

2185 3160 2277 3210 τοῦ
2308 3147 2487 3228 ἀνδρὸς
2543 3145 2639 3204 οὐκ
2707 3144 2840 3206 ἔστι.
2899 3147 3211 3219 Γαμηθεῖσα
3278 3141 3333 3198 δὲ
3390 3146 3550 3222 πρινὴ
3614 3141 3834 3222 πληρω.

454 3233 724 3308 seminis,
759 3235 918 3311 quod
951 3234 1010 3296 in
1042 3235 1165 3298 viro
1200 3236 1393 3299 locum
1428 3256 1545 3300 non
1576 3238 1773 3301 habet.
1801 3238 1941 3312 Quae
1962 3258 2100 3302 vero

2186 3242 2340 3307 θῆναι
2397 3239 2489 3295 τὸν
2532 3236 2667 3313 μετὰ
2719 3234 2939 3290 θάνατον
2992 3240 3086 3289 τοῦ
3128 3230 3309 3312 ἀνδρὸς
3365 3231 3620 3307 ἐνιαυτὸν,
3677 3233 3828 3288 ἀντι-

456 3322 724 3403 nupserit
781 3330 917 3384 ante
978 3343 1155 3405 quam
1213 3327 1544 3408 completus
1601 3328 1779 3390 fuerit
1832 3347 2024 3392 annus
2063 3348 2098 3392 a

459 3419 646 3472 morte
673 3412 888 3485 mariti,
916 3412 1232 3476 etinfamia
1261 3425 1519 3497 notatur,
1555 3435 1665 3480 nec
1683 3417 1835 3479 ultra
1859 3418 2095 3481 tertiam

455 3499 792 3562 facultatum
825 3519 1062 3563 suarum
1097 3511 1325 3583 partem
1384 3506 1553 3567 alteri
1607 3506 1817 3568 marito
1875 3507 2099 3570 donare

456 3597 670 3670 potest,
704 3591 793 3651 vel
826 3590 884 3651 in
917 3599 1272 3656 testamento
1303 3593 1665 3675 relinquere,
1714 3614 1847 3657 cum
1881 3596 2101 3658 liberos

456 3677 687 3739 scilicet
717 3678 911 3739 nullos
940 3679 1116 3741 habet
1149 3698 1162 3743 :
1221 3700 1331 3742 nec
1358 3681 1482 3762 ipsa
1511 3684 1833 3763 quidquam
1861 3684 2105 3748 habebit

457 3784 523 3826 ex
557 3766 921 3839 haereditate,
954 3768 1045 3828 vel
1078 3768 1294 3845 legato,
1349 3771 1438 3831 vel
1476 3773 1681 3833 mortis
1712 3791 1887 3833 causa
1916 3773 2102 3836 dona-

457 3855 663 3944 tione;
697 3856 800 3944 sed
833 3855 1128 3944 accipiunt
1163 3858 1288 3919 hac
1345 3859 1505 3920 illius
1537 3861 1661 3922 haec
1693 3862 1969 3939 heredes,
2004 3860 2105 3944 qui

454 3961 523 4003 ea
552 3942 815 4023 reliquit.
851 3942 912 4005 Si
951 3944 1090 4024 quid
1124 3945 1297 4007 etiam
1352 3947 1595 4028 reliquit
1624 3948 1680 4011 ei
1712 3950 1873 4030 prior
1904 3942 2091 4014 mari-

458 4042 570 4103 tus,
606 4049 808 4091 secum
838 4033 1055 4109 gradus
1112 4033 1319 4094 decem
1382 4055 1649 4116 personze
1677 4040 1937 4121 capiunt,
1993 4042 2108 4106 hoc

459 4128 572 4194 est,
603 4122 992 4182 ascendentes
1052 4131 1108 4183 et
1156 4122 1613 4199 descendentes,
1649 4136 1707 4187 et
1735 4128 1834 4209 qui
1866 4138 2106 4194 suntex

458 4216 821 4282 transverso,
857 4228 1046 4289 usque
1076 4210 1149 4272 ad
1182 4212 1508 4274 secundum
1538 4214 1809 4293 gradum.
1862 4217 1950 4279 Ab
2008 4224 2104 4281 iu-

457 4306 663 4360 testato
685 4309 905 4379 autem,
931 4299 1199 4362 hieredes
1227 4312 1611 4379 cognatorum
1632 4305 1895 4387 ipsorum
1918 4327 2109 4390 usque

456 4389 526 4449 ad
561 4387 796 4449 tertium
849 4388 1128 4450 duntaxat
1183 4391 1452 4467 gradum.
1514 4394 1665 4455 Buin
1724 4395 1905 4458 etiam
1944 4387 2106 4460 omni

2181 3339 2394 3415 μοῡται,
2428 3327 2515 3382 καὶ
2572 3328 2632 3384 οὐ
2678 3320 2887 3380 δύναται
2940 3321 3102 3379 πλέον
3167 3329 3259 3379 τοῦ
3307 3323 3481 3402 τρίτου
3526 3327 3626 3389 τῆς
3653 3322 3829 3385 οὐσίας

2181 3408 2345 3490 αὐτῆς
2375 3414 2568 3474 διδόναι
2598 3420 2675 3489 τῷ
2720 3410 2942 3491 δευτέρῳ
2983 3410 3147 3489 ἀνδρὶ,
3205 3411 3241 3479 ἢ
3298 3410 3351 3466 ἐν
3406 3408 3632 3490 διαθήκῃ
3671 3432 3832 3467 κατα-

2182 3514 2386 3588 λιπεῖν,
2420 3505 2507 3562 ὅτε
2533 3502 2730 3567 παῖδας
2774 3499 2978 3570 δηλαδὴ
3026 3501 3121 3558 οὐχ
3180 3499 3325 3580 ἔχει,
3381 3502 3469 3556 καὶ
3525 3501 3658 3568 τί,τή
3685 3498 3833 3558 οὐδὲν

2180 3602 2284 3669 ἕξει
2327 3598 2432 3655 ἀπὸ
2472 3593 2855 3672 κληρονομίας,
2900 3591 2937 3660 ἢ
2999 3589 3254 3669 ληγάτου,
3317 3589 3353 3657 ἢ
3396 3590 3578 3669 μόρτις
3630 3612 3824 3663 καυσα,

2183 3691 2346 3771 ἤγουν
2375 3682 2727 3742 ἐπιτελεντίου
2772 3678 2966 3771 δωρεᾷς
3006 3695 3037 3771 Ἀ
3081 3677 3217 3735 ἀλλὰ
3268 3685 3431 3771 ταῦτα
3477 3675 3834 3771 λαμϐάνουσιν

2186 3766 2587 3854 οἷ’κληρονόμοι
2630 3779 2722 3829 τοῦ
2775 3766 3181 3831 καταλιπόντος,
3230 3768 3329 3826 Καὶ
3374 3766 3430 3822 εἴ
3458 3789 3508 3823 τι
3550 3767 3833 3824 “tam”

2186 3873 2321 3945 αδτῇ
2364 3869 2393 3922 ὂ
2462 3866 2669 3941 πρῶτος
2726 3859 2879 3937 ἀνὴρ,
2927 3855 3250 3933 λαμϐάνουσι
3305 3857 3465 3945 κατὰ,
3497 3857 3700 3933 βαθμὸν
3767 3858 3834 3915 τὲ

2187 3944 2312 4014 δέκα
2374 3952 2653 4028 πρόσωπα,
2710 3947 2998 4027 τουτέστιν,
3087 3946 3321 4010 ἀνιόντες
3388 3944 3478 4001 καὶ
3534 3946 3831 4020 κατιόντες,

2186 4048 2274 4103 καὶ
2329 4044 2389 4100 ἐκ
2447 4038 2673 4117 πλαγίου
2724 4036 2885 4116 μέχρι
2940 4032 3177 4113 δευτέρου
3230 4034 3458 4111 βαθμοῦ,
3532 4032 3618 4099 Ἐξ
3688 4032 3836 4090 ἀδιι-

2186 4134 2334 4192 θέτου
2400 4129 2479 4204 δὲ,
2540 4126 2861 4206 κληρονόμοι
2904 4125 3012 4182 τῶν
3067 4130 3335 4203 συγγενῶν
3405 4124 3572 4180 αὑτῶν
3630 4123 3835 4204 μέχρι-

2187 4224 2360 4303 τρίτου
2413 4219 2575 4296 μόνου
2645 4216 2867 4291 βαθμοῦ.
2928 4211 3095 4303 ’λλλὰ
3149 4214 3237 4303 καὶ
3290 4213 3467 4303 πᾴσης
3526 4210 3672 4303 ἀξίας
3701 4234 3835 4303 στι..

2190 4299 2386 4391 ρεϊται,
2432 4308 2519 4365 καὶ
2548 4309 2653 4361 τῶν
2693 4304 2793 4360 ὑπὸ
2821 4308 2912 4360 τοῦ
2972 4300 3034 4351 ίι
3073 4301 3284 4391 πρώτου
3544 4301 3627 4391 ,είς
3667 4300 3842 4370 αὐτὴν

2193 4387 2449 4456 έλθόντων
2504 4392 2761 4473 προφάσει
2835 4392 3136 4471 μνήστρων,
3184 4389 3221 4458 ἢ
3275 4390 3409 4446 κατὰ
3463 4387 3713 4466 βούλησιν
3744 4399 3844 4448 τοῦ

456 4474 743 4556 dignitate
775 4475 1056 4556 privatur,
1085 4486 1143 4540 et
1172 4478 1266 4555 iis,
1301 4499 1435 4560 quae
1483 4499 1518 4542 a
1572 4482 1781 4545 marito
1817 4484 2001 4566 priori
2030 4486 2101 4548 ad

2191 4487 2629 4556 τελευτήσαντος.
2691 4481 2838 4539 Κατὰ
2926 4478 3171 4536 κάλευσιν
3213 4476 3268 4534 δὲ
3309 4476 3567 4554 βασιλέως
3622 4474 3844 4537 δύναται

457 4582 584 4627 eam
614 4574 1008 4646 pervenerunt
1034 4585 1101 4628 ex
1126 4586 1301 4630 causa
1336 4571 1732 4653 sponsalium,
1772 4574 1862 4635 vel
1895 4592 2101 4637 secun-

2187 4577 2321 4656 γυνὴ
2353 4575 2408 4630 ἐν
2459 4577 2538 4645 τῷ
2580 4570 2829 4656 ,πενθίμῳ
2883 4569 3065 4649 χρόνῳ
3118 4567 3355 4646 δεύτερον
3408 4568 3624 4647 νυμφίον
3675 4568 3849 4647 ἑαυτῇ

456 4654 596 4716 dum
631 4654 980 4717 voluntatem
1014 4656 1294 4719 defuntis.
1333 4659 1628 4741 Principis
1680 4651 1879 4725 autem
1928 4664 2101 4744 jussu

2192 4651 2514 4740 ἐπεισάγειν,
2579 4651 2642 4717 Ἠ
2685 4656 2740 4715 δὲ
2794 4666 3016 4716 τεκοῦσα
3080 4656 3134 4714 ἐν
3187 4660 3265 4731 τῷ
3322 4656 3562 4744 ,πενθίμῳ
3628 4658 3845 4736 χρόνῳ,

459 4751 648 4823 potest
699 4744 917 4808 mulier
971 4746 1123 4810 intra
1182 4746 1413 4828 tempus
1459 4748 1654 4812 luctus
1710 4742 1963 4815 alterum
1995 4753 2101 4825 sibi

2192 4759 2526 4833 παραχρῆμα
2574 4746 2784 4805 δύναται
2836 4750 3167 4833 γαμηθῆναι.
3241 4742 3416 4833 Οὐδεὶς
3468 4742 3680 4801 δύναται
3733 4749 3849 4803 ὑπὸ

458 4850 739 4925 sponsum
763 4835 1075 4925 inducere.
1097 4835 1241 4907 Quae
1266 4826 1493 4916 partum
1530 4839 1653 4901 edit
1689 4840 1843 4904 intra
1874 4850 2101 4925 tempus

2193 4826 2292 4911 τὴν
2341 4826 2647 4925 πολιτείανΔ
2682 4836 2757 4895 ὥν
2811 4842 2917 4893 τῶν
2975 4826 3246 4910 Ῥωμαίων
3317 4830 3406 4891 δύο
3474 4835 3710 4925 γαμετὰς
3787 4836 3850 4892 ἐν

458 4920 652 4983 luctus
686 4922 833 5003 (l3),
867 4924 1068 4986 Statim
1123 4932 1370 5006 nuptum
1419 4945 1484 4988 se
1534 4928 1828 4993 collocare
1861 4920 2058 5011 potest
2091 4952 2101 4993 :

2195 4940 2371 5007 ταυτῷ
2413 4929 2583 5011 ἔχειν.
2633 4920 2691 5000 ὀ
2746 4927 2835 4987 δὺο
2889 4927 3124 5006 γαμετὰς
3180 4924 3233 4981 ’έν
3302 4925 3479 4998 ταύτῳ
3532 4923 3703 5004 ἔχων,
3746 4947 3850 4982 τυ-

1783 5098 2044 5165 VARIAE
2086 5097 2520 5170 LECTIONES.

539 5190 603 5244 33
630 5192 1058 5261 δι’ίππεύσαντος.
1144 5196 1204 5247 94
1244 5199 1349 5257 ἀπὸ
1370 5207 1484 5263 τοῦ.

546 5409 679 5513 (12)
708 5410 751 5476 l.
790 5411 885 5475 18.
916 5413 981 5476 C.
1023 5414 1106 5477 De
1126 5424 1323 5513 titlpl.‘
2012 5308 2393 5582 NOTé;l3)
2424 5417 2468 5483 l.
2508 5419 2604 5480 11.
2662 5417 2692 5498 §
2738 5418 3133 5500 Pomponius.
3186 5413 3258 5477 1).
3312 5412 3403 5475 De
3448 5409 3547 5476 Ms
3567 5413 3678 5492 qui
3707 5420 3848 5479 not.

548 5490 746 5582 (ωλι.
778 5493 871 5557 lt.
901 5491 973 5559 Ι).
1004 5493 1089 5557 De
1109 5496 1321 5578 hisque
1348 5505 1475 5566 not.
1501 5498 2102 5582 fnfam.Novella22,
2185 5518 2257 5565 ιη
2283 5517 2410 5563 am.

548 5490 746 5582 (ωλι.
778 5493 871 5557 lt.
901 5491 973 5559 Ι).
1004 5493 1089 5557 De
1109 5490 1323 5578 hirqui
1348 5505 1475 5566 not.
1501 5498 2102 5582 fnfam.Novella22,
2185 5490 2410 5582 iufaui.

462 5589 595 5654 cap.
630 5571 729 5634 εν.
