4074 6212
260 297 284 362 1
295 292 410 364 287

255 435 484 508 πτέσθω,

259 525 394 600 μετά
444 533 550 582 τῶν
619 528 915 609 τεχθέντων
984 531 1036 597 ἐξ
1104 535 1269 600 αὐτῆς
1335 529 1552 592 παίδων.
1619 521 1677 590 Ὀ
1733 531 1900 610 μέγας

259 612 528 703 Βασίλειος
583 616 636 674 ἐν
693 625 769 692 τῷ
810 617 858 674 δ’
897 620 1102 694 κανόνι,
1165 611 1282 679 Ἐπι
1318 627 1423 679 τῶν
1462 621 1732 703 τριγάμων
1787 642 1904 677 συν-

257 702 464 782 ήθειαν,
530 707 683 785 φησὶ,
743 707 1134 786 κατελάϐομεν,
1194 702 1505 774 πενταετίας
1557 709 1847 791 ἀφορισμόν
1881 724 1895 739 ⁸

259 797 350 848 τοὺ
401 793 574 872 γάμου
635 793 838 864 δηλαδὴ
888 799 965 874 μὴ
995 795 1385 876 διασπωμένου.
1439 798 1665 858 Καλοῦσι
1712 796 1767 855 δὲ
1808 799 1900 854 τὸν

256 891 494 968 τοιοῦτον
563 882 734 942 οὒκέτι
803 886 994 963 γάμον,
1070 887 1206 945 ἀλλὰ
1261 887 1615 968 πολυγαμίαν.
1685 886 1898 945 Μᾶλλον

255 966 310 1024 δὲ
366 971 606 1051 πορνείαν
661 972 1084 1054 κεκολασμένην,
1182 966 1420 1035 τουτέστι
1501 979 1579 1054 μὴ
1654 975 1900 1057 διακεχυε

259 1058 449 1134 μένην,
483 1059 620 1118 ἀλλὰ
664 1063 1113 1140 συνεσταλμένην,
1155 1068 1242 1124 καὶ
1296 1068 1349 1124 ἐν
1409 1071 1506 1143 μιᾷ
1571 1087 1896 1147 περιγραφο-

256 1147 424 1222 μένην
498 1151 726 1227 γυναικί.
802 1154 894 1209 Διὸ
946 1155 1034 1210 καὶ
1076 1158 1120 1235 άὸ
1175 1157 1362 1235 Κύριος
1419 1162 1489 1232 τῇ
1560 1152 1896 1234 Σαμαρείτιδι

256 1235 412 1293 πέντε
444 1225 630 1317 ἄνδρας
659 1237 1010 1324 διαμειψάσῃ,
1075 1225 1158 1302 ε’ον
1217 1225 1326 1319 νύν,
1386 1225 1568 1324 φησὶν,
1599 1225 1771 1322 ἔχεις,
1803 1244 1898 1299 οὒκ

255 1321 364 1380 ἔστι
415 1347 508 1382 σου
551 1328 706 1408 ἀνήρ.
769 1321 859 1394 Ὠς
922 1335 1016 1390 οὐκ
1057 1331 1198 1390 ἐστιν
1255 1321 1411 1399 ἄξιον
1461 1333 1566 1391 τῶν
1608 1321 1896 1412 ὅπερεκπε-

254 1415 454 1473 σόντων
495 1425 587 1476 τοῦ
639 1419 848 1499 μετρίου
903 1426 1002 1488 τῆς
1059 1419 1328 1500 διγαμίας,
1385 1429 1461 1497 τῷ
1514 1431 1607 1482 τοῦ
1647 1420 1829 1501 ἀνδρὸς
1859 1421 1896 1488 ἣ

253 1505 353 1570 τῆς
409 1509 655 1585 γυναικὸς
710 1506 984 1566 καλεῖσθαι
1043 1513 1400 1591 προσρήματι.
1463 1520 1560 1568 Δεῖ
1613 1508 1693 1592 δὲ,
1739 1511 1888 1590 φησὶ,

255 1595 333 1669 μὴ
390 1596 565 1664 πάντη
622 1597 837 1661 τούτους
893 1598 1160 1678 ἀπείργειν
1215 1605 1313 1668 τῆς
1371 1598 1712 1681 Ἐκκλησίας,
1770 1598 1889 1656 ἀλλ’

1575 304 2310 378 ϐΗιΕὒΟ-ΒΟΜΑΝΠΜ.

600 438 989 518 ἑκδιωκομένης
1071 445 1172 512 τῆς
1263 443 1572 503 ἐπεισάκτου
1653 443 1892 521 γυναικὸς

1980 434 2169 499 Nemo
2205 435 2357 517 (14),
2388 435 2492 518 qui
2531 434 2640 498 sub
2671 453 3052 500 romanorum
3084 434 3310 501 ditioue
3336 437 3435 520 sit,
3461 436 3636 502 binas

3481 303 3636 370 1258

1985 543 2199 587 uxores
2231 525 2441 588 eodem
2495 531 2764 607 tempore
2819 531 3015 606 potest
3053 524 3299 588 habere.
3346 525 3458 600 Qui
3486 527 3634 590 duas

1982 631 2196 676 uxores
2226 613 2438 678 eodem
2470 612 2649 675 habet
2679 622 2949 693 tempore
2982 613 3135 694 (15),
3165 613 3546 679 verberator:
3575 625 3635 680 et

1982 702 2406 784 superinducta
2433 702 2648 764 mulier
2675 702 2916 782 ejicitor
2935 721 3053 766 una
3090 721 3229 766 cum
3260 704 3416 767 natis
3460 723 3529 767 ex
3562 723 3632 769 ea

1983 790 2210 856 liberis.
2245 793 2488 870 Magnus
2545 791 2648 854 ille
2698 791 2951 854 Basilius
2999 793 3062 853 in
3105 802 3318 873 quarto
3344 812 3626 857 canone:

1981 880 2506 956 Consuetudinem,
2567 880 2783 962 inquit,
2845 881 2908 944 iu
2962 881 3455 945 contrahentibus
3501 891 3630 946 ter-

1980 968 2088 1031 tias
2136 968 2372 1058 nuptias
2427 969 2792 1051 accepimus,
2825 970 2887 1032 in
2937 969 3368 1051 quinquiennio
3419 990 3630 1052 segre-

1978 1066 2244 1138 gentur:
2282 1058 2363 1120 ita
2393 1065 2612 1135 tamen,
2647 1066 2714 1120 ut
2769 1058 2966 1140 ipsum
3015 1059 3460 1123 matrimonium
3509 1079 3629 1124 non

1980 1146 2314 1210 dirimatur.
2389 1148 2616 1208 Vocant
2697 1157 2895 1210 autem
2976 1149 3083 1210 has
3164 1167 3286 1210 non
3371 1149 3629 1231 amplius

1979 1234 2236 1316 nuptias,
2288 1235 2392 1298 sed
2442 1237 2787 1317 nuptiarum
2845 1236 3273 1318 pluralitatem,
3305 1237 3426 1300 imo
3456 1257 3628 1300 scor-

1981 1325 2263 1387 tatiouem
2320 1326 2674 1402 coercitam,
2738 1327 2848 1389 hoc
2907 1335 3043 1402 est,
3094 1345 3215 1388 non
3265 1327 3386 1390 late
3440 1327 3628 1392 diﬂ'u-

1976 1429 2125 1494 sam,
2186 1412 2290 1476 sed
2333 1421 2732 1491 contractam,
2786 1423 2846 1478 et
2895 1433 3027 1496 quae
3082 1415 3146 1477 in
3194 1434 3315 1479 una
3375 1417 3631 1480 muliere

1976 1501 2742 1568 circumscribitur.ldcirco
2772 1503 3062 1567 Dominus
3093 1505 3272 1567 etiam
3301 1505 3375 1568 ad
3406 1506 3629 1570 mulie-

1974 1609 2103 1653 rem
2165 1591 2326 1654 illam
2375 1592 2808 1656 Samaritanam
2839 1643 2854 1669 ,
2918 1611 3049 1676 quae
3098 1594 3257 1657 viros
3307 1595 3624 1676 .quinque,

253 1681 306 1739 έν
336 1697 455 1748 τοῖς
480 1685 664 1750 τόποις
706 1686 889 1762 μόνοις
919 1688 1026 1744 τῶν
1085 1687 1460 1768 ἀκροωμένων,
1515 1689 1604 1746 καὶ
1645 1680 1892 1745 συνιστα-

1979 1699 2162 1742 unum
2187 1690 2316 1763 post
2343 1680 2550 1754 alium,
2588 1681 2877 1745 habuerat
2911 1704 2925 1742 :
2963 1681 3151 1756 Quem
3204 1703 3364 1747 nunc
3405 1685 3625 1763 habes,

254 1770 426 1848 μένων
497 1778 801 1852 μετρεῖσθαι
867 1776 1071 1841 τούτοις
1129 1778 1230 1846 τὴν
1286 1775 1598 1857 καταδίκην,
1667 1779 1726 1835 οὗ
1785 1779 1893 1857 μὴν

251 1862 340 1918 καὶ
394 1868 498 1918 τῶν
541 1862 991 1943 προσκλαιόντων.
1051 1864 1217 1923 Ἀλλὰ
1258 1867 1344 1922 καὶ
1415 1867 1556 1930 αὖθις
1582 1856 1649 1923 έν
1700 1873 1778 1942 τῷ
1821 1856 1888 1944 ν’,

252 1951 539 2030 Τριγαμίας
606 1953 786 2030 νόμος,
857 1956 1038 2034 φησὶν²
1099 1957 1191 2012 οὒκ
1245 1955 1408 2030 ἔστιν,
1457 1954 1892 2023 ἒκκλησιαστικὸς

250 2036 477 2111 δηλαδή.
529 2042 605 2100 Τὰ
656 2043 837 2120 μέντοι
879 2051 1118 2124 τοιαῦτα,
1180 2048 1272 2102 οἷα
1315 2045 1453 2123 ῥύπη
1501 2050 1598 2112 τῆς
1648 2043 1885 2113 Ἐκκλη-

248 2130 362 2194 σίας
414 2133 641 2210 ὁρῶμεν.
695 2133 988 2208 Δημοσίαις
1029 2131 1088 2190 δὲ
1131 2132 1433 2198 καταδίκαις
1493 2138 1596 2215 οὔχ
1647 2131 1888 2196 ὑποϐάλ-

247 2217 436 2296 λομεν,
510 2223 584 2287 ὡς
639 2227 738 2289 τῆς
793 2221 1074 2298 ἀνειμένης
1131 2225 1370 2302 πορνείας
1424 2224 1758 2304 αἱρετώτερα,
1817 2223 1889 2282 Ού

245 2310 345 2388 γὰρ
391 2308 804 2388 καταδικάζομεν
856 2311 956 2379 τὴν
1011 2310 1217 2392 πρᾶξιν,
1274 2311 1412 2368 ὥστε
1479 2313 1566 2368 καὶ
1613 2309 1836 2386 διασπᾷν
1868 2328 1883 2343 ·

246 2399 382 2455 κατά
408 2395 464 2454 δὲ
505 2400 595 2456 τόν
626 2401 810 2457 αὐτίκα
866 2400 1226 2478 ῥηθησόμενον
1285 2405 1384 2468 τῆς
1415 2399 1654 2465 ἐνώσεως
1697 2401 1886 2479 τόμον,

243 2489 330 2544 καὶ
369 2489 491 2571 τὴν.
525 2486 804 2557 διαστολὴν
848 2490 936 2546 καὶ
992 2494 1172 2570 ψῆφον
1214 2493 1396 2570 αὐτοῦ,
1451 2490 1664 2554 τούτους
1720 2487 1887 2571 δεχό-

245 2579 400 2651 μεθα.
479 2569 536 2636 Ὀ
603 2575 658 2635 δὲ
713 2582 808 2647 τῆς
896 2569 1168 2658 θεολογίας
1245 2569 1521 2655 ἐπώνυμος
1585 2581 1672 2637 καὶ
1719 2569 1886 2659 μέγας

1977 1769 2190 1850 inquit,
2243 1789 2363 1832 non
2414 1770 2521 1834 tibi
2573 1771 2818 1834 maritus
2874 1781 2984 1835 est.
3038 1773 3206 1836 Adeo
3243 1791 3362 1835 non
3391 1791 3625 1854 aequum

1977 1867 2086 1935 est,
2120 1871 2185 1922 ut
2215 1859 2316 1941 qui
2345 1860 2497 1922 ultra
2529 1860 3002 1922 mediocritatem
3034 1862 3432 1924 secundarum
3463 1882 3622 1944 nup-

1979 1947 2188 2009 tiarum
2247 1948 2505 2030 prolapsi
2555 1956 2715 2024 sunt,
2769 1949 3014 2012 nomine
3075 1950 3270 2012 mariti
3297 1950 3392 2012 vel
3423 1952 3627 2014 uxoris

1973 2037 2368 2118 appellentur.
2404 2040 2650 2120 Oportet
2697 2047 2923 2114 autem,
2981 2038 3191 2120 inquit,
3230 2057 3348 2101 non
3379 2058 3625 2120 prorsus

1973 2125 2080 2187 hos
2109 2145 2314 2190 arcere
2342 2125 2414 2189 ab
2447 2125 2736 2202 Ecclesia,
2788 2127 2896 2189 sed
2955 2129 3035 2189 ita
3077 2126 3336 2204 mitigari
3386 2145 3620 2208 poenam

1972 2232 2204 2291 eorum,
2235 2216 2388 2278 utin
2417 2215 2564 2278 locis
2620 2214 2986 2278 audientium
3035 2215 3341 2291 duntaxat,
3397 2224 3457 2278 et
3506 2235 3624 2280 una

1971 2303 2293 2381 stantium,
2359 2305 2729 2384 consistant;
2787 2324 2906 2367 non
2978 2303 3155 2367 etiam
3214 2323 3466 2387 eorum,
3520 2306 3622 2388 qui

1970 2393 2224 2472 plorant.
2261 2397 2487 2458 Rursus
2518 2394 2710 2475 inquit
2737 2395 2797 2457 in
2827 2413 3056 2457 canone
3105 2395 3617 2476 quinquagesimo.

1978 2484 2062 2543 De
2095 2483 2286 2547 tertiis
2317 2487 2538 2566 nuptiis
2588 2485 2748 2547 nulla
2795 2484 2890 2547 lex
2944 2492 3054 2559 est,
3091 2484 3366 2547 videlicet
3419 2483 3621 2547 eccle-

1969 2572 2228 2635 siastica.
2277 2569 2569 2634 Nimirum
2631 2572 2927 2654 ejusmodi
3000 2580 3277 2654 tanquam
3333 2571 3619 2636 Ecclesia

243 2665 556 2747 Γρηγόριος,
631 2669 702 2726 Τὸ
756 2668 989 2748 πρῶτον,
1045 2670 1196 2746 φησὶ,
1256 2667 1578 2726 συνοικέσιον
1609 2669 1794 2745 νόμος,
1824 2671 1886 2727 τὸ

1977 2662 2178 2724 sordes
2207 2661 2528 2724 intuemur.
2570 2661 2832 2728 Publicis
2854 2671 3053 2725 autem
3081 2662 3272 2743 poenis
3313 2681 3434 2725 non
3467 2662 3615 2726 sub-

242 2752 476 2834 δεύτερον
559 2757 926 2836 συγχώρησις,
986 2758 1048 2813 τὸ
1103 2759 1274 2835 τρίτον
1344 2759 1667 2837 παρανομία.
1713 2759 1784 2816 Τὸ
1838 2755 1884 2814 δ’

1977 2748 2226 2827 iicimus,
2259 2751 2436 2812 veluti
2479 2769 2611 2832 quae
2640 2752 2827 2815 libera
2871 2751 3230 2813 scortatione
3276 2752 3462 2830 magis
3493 2753 3614 2814 sint

241 2845 372 2922 ὑπὲρ
441 2851 616 2925 τοῦτο,
675 2843 946 2926 χοιρώδης
1001 2847 1135 2926 βίος,
1195 2845 1312 2906 οὐδὲ
1369 2845 1542 2904 πολλὰ
1585 2846 1730 2927 ’έχων
1785 2852 1884 2915 τῆς

1977 2839 2270 2920 optabilia.
2301 2838 2428 2902 Non
2476 2842 2634 2903 enim
2677 2860 2806 2904 rem
2857 2843 2938 2903 ita
2980 2843 3357 2917 damnamus,
3391 2849 3455 2903 ut
3484 2861 3612 2905 ma-

240 2933 428 2996 κακίας
497 2933 574 3034 τά
603 2933 1020 3014 παραδείγματα.
1072 2927 1130 2994 εΟ
1215 2931 1269 2991 δὲ
1325 2940 1424 3003 τῆς
1480 2935 1535 2992 ὲν
1579 2947 1882 2996 Νεοκαισα-

1977 2928 2311 2991 Lrimonium
2356 2929 2550 3011 ipsum
2603 2929 3001 2994 dirimamus:
3038 2931 3144 2992 sed
3187 2930 3356 3010 juxta
3388 2937 3609 2994 tomum

239 3021 350 3099 ρείᾳ
421 3020 634 3080 συνόδου
691 3025 861 3103 τρίτος
929 3024 1126 3106 κανὼν³
1213 3026 1338 3104 Περὶ
1406 3029 1512 3082 τῶν
1586 3024 1875 3102 πλείστοις,

1977 3017 2223 3094 unionis,
2257 3038 2434 3100 quem
2493 3039 2627 3082 mox
2676 3041 2882 3083 sumus
2932 3019 3280 3102 exposituri,
3309 3026 3368 3082 et
3393 3019 3612 3083 distin-

236 3110 390 3191 φησὶ,
454 3111 647 3190 γάμοις
690 3113 1102 3193 περιπεσόντων,
1162 3115 1236 3179 ὡς
1292 3115 1380 3171 καὶ
1459 3113 1555 3182 τῆς
1600 3116 1879 3196 τριγαμίας

1977 3107 2222 3172 :tinuem
2279 3117 2454 3190 atque
2519 3111 2870 3173 sementiam
2929 3110 3078 3188 ejus,
3140 3110 3319 3172 hasce
3376 3111 3614 3191 nuptias

234 3197 514 3280 προελθεῖν
581 3201 852 3281 παρετέρω
905 3200 992 3282 28,
1067 3205 1096 3259 ὁ
1165 3202 1264 3280 μὲν
1333 3202 1624 3282 ὡρισμένος
1685 3205 1880 3284 χρόνος

1977 3197 2353 3259 ulmittimus.
2384 3200 2630 3278 Magnus
2659 3207 2856 3260 autem
2888 3198 2988 3258 ille
3019 3199 3361 3278 Gregorius,
3397 3218 3615 3278 cogno-

235 3289 435 3367 σαφὴς,
469 3288 505 3357 ἢ
533 3291 622 3346 καὶ
650 3291 893 3370 ἀτεχνῶς
950 3291 1181 3370 ἀσαφὴς,
1235 3291 1311 3366 μή
1354 3312 1494 3359 τινος
1540 3295 1645 3348 τῶν
1674 3291 1878 3350 παλαι-

1977 3286 2123 3349 nine
2155 3286 2533 3366 Theologus:
2571 3289 2833 3350 Primum
2859 3288 3203 3367 conjugium
3236 3288 3360 3366 lex,
3392 3287 3609 3369 inquit,

232 3377 400 3456 τέρων
469 3375 828 3446 δηλώσαντος.
890 3379 955 3438 Ἥ
1008 3376 1063 3436 δὲ
1127 3379 1302 3444 πίστις
1359 3381 1445 3436 καὶ
1491 3381 1526 3448 ἡ
1571 3379 1876 3460 ἀναστροφὴ

1977 3375 2210 3437 tlterum
2261 3376 2596 3456 permissio,
2647 3377 2887 3438 tertium
2935 3376 3194 3438 violatio.
3253 3376 3424 3448 Quod
3456 3378 3612 3442 ultra

233 3471 340 3522 τῶν
431 3468 826 3542 μετανοούντων
915 3467 1216 3544 συντέμνειν
1301 3465 1414 3526 οἶδε
1510 3469 1600 3526 τὸν
1656 3468 1874 3550 χρόνον,

1977 3483 2095 3546 ιοο,
2131 3464 2378 3545 porcina
2397 3465 2508 3526 vita
2536 3473 2646 3548 est,
2680 3485 2794 3528 noc
2821 3465 3004 3528 multa
3032 3465 3160 3527 vitii
3188 3464 3366 3528 habet
3397 3485 3606 3529 exem-

237 3557 418 3633 φησίν,
1963 3553 2082 3633 pla.
2151 3557 2351 3617 Canon
2429 3561 2626 3616 autem
2706 3554 2915 3616 tertius
2972 3553 3211 3614 concilii
3287 3556 3608 3618 Neocaesa-

236 3642 455 3706 riensis
488 3661 503 3707 :
541 3643 626 3707 De
656 3642 752 3721 iis,
784 3641 888 3726 ait,
923 3644 1022 3726 qui
1056 3645 1254 3726 plures
1283 3645 1366 3708 ita
1395 3651 1748 3708 contraxere
1778 3643 2036 3726 nuptias,
2071 3652 2136 3704 ut
2161 3643 2337 3705 etiam
2369 3643 2521 3706 ultra
2551 3643 2755 3706 tertias
2787 3642 3088 3724 progressi
3115 3643 3255 3718 sint,
3291 3643 3609 3708 deﬁnitum

235 3742 469 3814 tempus
499 3733 674 3812 plane
705 3742 953 3811 constat,
986 3735 1077 3798 vel
1107 3735 1301 3818 potius
1330 3735 1628 3798 incertum
1660 3743 1771 3812 est,
1804 3753 1936 3796 cum
1969 3752 2004 3795 a
2034 3732 2278 3796 nemine
2306 3733 2681 3816 antiquorum
2714 3734 2790 3794 sit
2816 3733 3162 3794 indicatum.
3189 3733 3364 3797 Fides
3385 3743 3607 3815 autem,

234 3831 294 3886 et
321 3821 690 3886 conversatio
721 3823 1127 3904 pmnitentiam
1157 3826 1484 3907 agentium,
1516 3832 1752 3908 tempus
1783 3826 1977 3906 ipsum
2009 3822 2330 3886 imminere
2359 3824 2530 3900 solet,
2565 3823 2777 3905 inquit.

314 3980 340 4001 ν
519 3936 546 3968 σ
580 3913 705 3993 Περὶ
733 3923 824 3974 τοῦ
853 3915 1016 3992 νόμου
1041 3913 1105 3965 33
1130 3922 1228 3985 τῆς
1257 3917 1522 3980 ὲνώσεως.
1558 3939 1585 3972 ι

2480 3913 2576 3978 De
2609 3923 2768 3976 (omo
2798 3915 3068 3976 unionis.

333 4000 446 4070 Ηδη
491 4002 588 4078 μὲν
616 4001 705 4084 οὖν
748 4017 865 4069 τοῖς
911 4003 1170 4068 παλαιοῖς
1221 4006 1403 4082 νόμοις
1432 4018 1578 4084 τρεῖς
1622 4003 1871 4084 ἐνεγινώ-

2037 4002 2215 4066 Enim
2245 4021 2381 4064 vero
2413 4002 2625 4084 priscis
2652 4001 2884 4084 legibus
2925 4005 3093 4065 trinae
3121 4002 3604 4084 agnoscebantur

231 4112 421 4148 σκοντο
450 4091 636 4169 γάμοι.
685 4081 742 4150 Ὀ
770 4089 828 4148 δὲ
875 4091 1120 4169 βασιλεὺς
1183 4081 1329 4151 Λέων
1373 4096 1402 4150 ὁ
1462 4081 1632 4175 Σοφὺς
1683 4081 1770 4150 καὶ
1801 4095 1874 4158 εἷς

1977 4092 2196 4173 iuptiaa.
2254 4091 2370 4155 Sed
2410 4081 2735 4174 imperator
2764 4093 2904 4168 Leo,
2939 4081 3291 4172 cognomine
3323 4093 3602 4174 Sapiens,

229 4180 477 4258 τέταρτον
577 4178 740 4236 ἐλθὼν
808 4183 1154 4263 συνοικέσιον,
1221 4183 1501 4262 ἀφορισμῷ
1586 4182 1728 4262 παρὰ
1782 4189 1875 4239 τοῦ

1977 4199 2093 4242 :um
2121 4183 2196 4242 ad
2226 4191 2493 4263 quartum
2519 4199 2754 4263 quoque
2777 4181 3220 4244 matrimonium
3252 4201 3612 4263 progressus

229 4269 562 4348 πατριάρχου
633 4269 894 4329 Νικολάου
950 4269 1348 4372 κατυπεϐληθηι.
1439 4274 1512 4330 Οὗ
1567 4273 1652 4328 καὶ
1701 4268 1873 4328 ἐδεῖτο

1977 4279 2136 4346 esset,
2163 4271 2883 4353 segregationisubjectus
2913 4271 3068 4372 fuita
3086 4270 3326 4333 Nicolao
3352 4272 3609 4353 patriar-

230 4361 260 4416 ὁ
316 4356 561 4434 βασιλεὺς
613 4356 827 4428 λυθῆναι
895 4367 988 4417 τοὺ
1047 4359 1265 4438 δεσμοῦ.
1316 4352 1406 4427 Ὠς
1459 4358 1506 4416 δ’
1553 4359 1755 4425 ἐκεῖνος
1815 4362 1876 4416 τὸ

1977 4360 2072 4421 :ha
2105 4381 2118 4424 :
2155 4379 2335 4442 quem
2366 4362 2586 4424 deinde
2615 4352 2864 4440 rogabat
2884 4361 3262 4442 princeps,ut
3293 4352 3363 4422 eo
3396 4363 3611 4425 vincu-

227 4447 474 4526 παράπαν
503 4445 848 4516 ἀδυσώπητος
895 4449 981 4525 ἦν,
1027 4456 1128 4518 τῆς
1187 4449 1508 4518 Ἐκκλησίας
1549 4458 1734 4508 τοῦτον
1779 4449 1874 4508 έκ-

1977 4467 2040 4528 ηο,
2075 4467 2140 4510 se
2172 4449 2470 4513 liberaret.
2505 4451 2650 4513 Cum
2679 4449 2782 4511 ille
2804 4468 3045 4529 prorsus
3075 4459 3234 4513 esset
3258 4450 3602 4513 inexorabi-

227 4534 436 4610 ϐάλλει,
485 4536 572 4592 καὶ
627 4538 720 4596 τὸν
791 4539 1044 4614 Εὐθύμιον
1095 4538 1382 4618 σύγγελλον
1424 4537 1482 4588 97
1529 4537 1686 4619 ἄνδρα
1740 4541 1878 4619 ἱερὸν

1977 4537 2055 4611 is,
2081 4537 2380 4602 hominem
2411 4539 2573 4618 ejicit
2592 4547 2761 4603 extra
2783 4537 3208 4609 Ecclesiam,et
3235 4538 3607 4601 Euthimium

228 4624 618 4706 προχειρίζεται
660 4627 1019 4709 πατριάρχην,
1080 4629 1138 4694 ὃς
1195 4629 1282 4686 καὶ
1324 4630 1414 4686 τὸν
1442 4627 1661 4706 βασιλέα
1689 4631 1876 4687 θεσπί-

1977 4628 2326 4707 syncellum,
2380 4629 2568 4690 virum
2615 4635 2881 4689 sanctum
2907 4677 2922 4704 ,
2976 4627 3372 4708 patriarcham
3416 4627 3604 4692 facit:

229 4737 318 4774 σαι
375 4711 718 4795 βουλόμενον,
767 4717 854 4771 καὶ
909 4717 1071 4797 μέχρι
1115 4727 1209 4778 τοῦ
1259 4718 1509 4798 τετάρτου
1563 4719 1737 4797 γάμου
1764 4741 1870 4775 πα-

1977 4720 2054 4797 [ui
2105 4736 2242 4779 cum
2295 4717 2620 4798 imperator
2667 4717 2898 4779 saucire
2943 4716 3140 4797 vellet,
3196 4724 3264 4778 ut
3305 4716 3482 4778 etiam
3532 4718 3608 4782 ad

229 4800 548 4879 ρατείνεσθαι
625 4816 744 4869 τοῖς
813 4803 1155 4880 βουλομένοις
1210 4807 1276 4862 τὰ
1339 4807 1661 4887 συνοικέσια,
1724 4808 1872 4884 πάσῃ

1977 4815 2193 4889 [uartas
2223 4825 2411 4886 usque
2444 4806 2676 4888 nuptias
2708 4805 3169 4868 extenderentur
3195 4807 3268 4869 ab
3300 4805 3374 4866 iis
3394 4809 3604 4868 matri-

229 4887 433 4967 σπουδῇ
463 4885 797 4970 διεκώλυσεν,
857 4893 961 4974 οὒχ
1019 4891 1166 4960 ὅπως
1219 4895 1318 4962 τὴν
1364 4885 1740 4975 τετραγαμίαν,
1768 4895 1874 4952 ἀλ-

1977 4885 2180 4970 nonia,
2212 4885 2425 4976 quibus
2454 4885 2542 4956 ita
2563 4895 2820 4971 luberet,
2852 4914 2988 4958 eum
3018 4895 3182 4957 omni
3209 4894 3405 4957 studio
3437 4896 3605 4958 inhi-

229 4978 298 5036 λὰ
363 4979 451 5038 καὶ
519 4978 617 5047 τὴν
685 4981 965 5059 τριγαμίαν
1019 4982 1263 5059 ἀθέμιτον
1331 4984 1471 5042 εἶναι
1565 4986 1702 5060 μετὰ
1768 4991 1875 5042 τῶν

1977 4983 2106 5060 iuit,
2156 4984 2456 5046 affirmans
2505 5003 2639 5047 cum
2673 4984 2940 5066 pluribus
2991 4983 3388 5066 pontiﬁcibus,
3425 4985 3602 5047 etiam

1547 5148 1803 5218 νΑΒιιΕ
1846 5149 2162 5218 LECTION
2169 5151 2283 5216 ES.

310 5248 370 5304 ’ὅ
396 5253 708 5334 περαιτέρω.
792 5253 857 5304 93
876 5257 1064 5332 τόμου.
1148 5256 1208 5307 ³7
1234 5256 1544 5338 σύγκελλον,

1804 5335 2036 5412 NOTAE

311 5409 518 5574 (1431.
550 5411 610 5476 2.
641 5414 822 5506 αρε
843 5415 1056 5483 incest.
1089 5425 1148 5481 et
1174 5424 1242 5482 in
1270 5419 1377 5481 rit.
1408 5423 1584 5498 nupt.

311 5492 413 5572 (t5
467 5492 770 5558 Correctio
801 5495 842 5559 1.
869 5497 1031 5561 Eum
1060 5499 1167 5574 qui
1194 5499 1364 5564 duas.
1399 5499 1467 5563 C.
1500 5498 1574 5562 ad

311 5492 363 5572 (t
376 5492 436 5574 5)
467 5492 770 5558 Correctio
801 5495 842 5559 l.
869 5497 1031 5561 Eum
1060 5499 1167 5580 qui
1194 5499 1364 5564 duas.
1399 5499 1467 5563 C.
1498 5492 1574 5562 ad
1595 5497 1638 5565 l.
1669 5498 1788 5564 Jul.
1821 5498 1916 5563 De
1943 5500 2142 5564 adult.

510 5697 772 5759 Parum.
811 5697 924 5760 Gn.
956 5698 1164 5763 CXIX.
3242 5709 3321 5788 49
