4074 6212
539 321 561 386 1
573 319 692 388 259

1845 317 1851 324 ’
1896 326 2028 390 JUS
2067 328 2535 393 CANONICUM.

3761 331 3911 397 1260

531 455 740 518 tertias
805 458 1039 540 nuptias
1109 458 1329 522 nedum
1392 464 1668 539 quartas,
1729 456 1964 520 illicitas
2021 479 2148 522 esse

2232 458 2522 517 ιπλειόνων
2576 460 2868 541 ἀρχιερέων
2929 460 3340 540 διατεινόμενος.
3377 467 3473 524 Διά
3527 464 3593 534 δὴ
3641 469 3911 523 τοῦτοκαὶ

531 543 887 616 Qamobrem
949 547 1268 610 discidium
1302 547 1526 610 exstitit
1555 550 1614 608 in
1643 546 1932 620 Ecclesia,
1970 566 2176 630 eaquae

527 633 742 695 seditio
810 635 1044 698 duravit
1095 655 1286 718 usque
1345 637 1419 698 ad
1501 635 1820 716 imperium
1881 637 1986 698 filii
2045 638 2176 718 ejus

528 721 895 786 Constantini
954 725 1076 788 nati
1117 725 1178 787 in
1231 727 1556 806 Porphyra,
1591 731 1648 787 et
1677 724 1950 799 Romani,
2001 726 2176 806 hujus

525 813 743 874 soceri.
776 812 902 885 Quo
950 823 1219 895 tempore
1270 813 1603 895 publicatus
1658 821 1748 875 est
1803 822 2019 889 tomus,
2073 817 2174 896 qui

522 898 759 963 unionis
784 901 1020 979 dicitur,
1055 911 1114 965 et
1145 903 1246 984 qui
1291 902 1489 983 tradit,
1551 903 1808 983 quando,
1858 911 1916 964 et
1959 904 2172 984 quibus

523 989 714 1050 tertia:
742 993 960 1071 nuptiae
992 991 1402 1072 permittendae
1447 990 1589 1063 sint,
1639 991 2014 1054 liberioribus
2037 1011 2170 1054 am-

523 1079 748 1141 natium
779 1080 1128 1143 libidinibus
1149 1081 1452 1161 egregium
1482 1081 1715 1142 frenum
1747 1081 2082 1162 imponens.
2116 1081 2170 1144 Is

523 1173 716 1229 tomus
756 1187 962 1232 mense
989 1170 1144 1234 Julio
1195 1169 1514 1252 quotannis
1553 1169 1613 1230 in
1645 1168 1898 1231 ambone
1931 1170 2164 1249 legitur,

522 1265 582 1315 et
609 1257 682 1318 ad
714 1259 896 1320 ﬁnem
925 1260 1051 1322 haec
1088 1259 1268 1322 verba
1299 1260 1563 1322 continet
1594 1276 1606 1320 :
1635 1259 1774 1339 Eos,
1805 1259 1906 1340 qui
1946 1278 2166 1320 annum

518 1345 1036 1427 quadragesimum
1085 1349 1424 1427 attigerunt,
1461 1355 1519 1408 et
1566 1347 1769 1408 tertias
1806 1348 1879 1408 ad
1934 1349 2168 1429 nuptias

515 1452 651 1498 sese
682 1437 1023 1518 projiciunt,
1059 1439 1238 1501 veluti
1268 1438 1368 1520 qui
1413 1437 1693 1498 Ecclesiae
1737 1438 1855 1500 sint
1884 1437 2162 1519 inquina-

512 1532 731 1600 menta,
786 1527 1194 1608 quinquennio
1240 1525 1682 1589 communionis
1736 1536 2000 1590 exsortes
2030 1547 2165 1592 esse

516 1610 741 1674 debere
771 1615 1103 1686 sancimus;
1141 1633 1331 1696 eoque
1362 1623 1630 1695 tempore
1663 1614 2024 1696 exspirante,
2060 1635 2159 1678 se-

519 1701 636 1762 mel
667 1701 728 1764 in
765 1721 920 1766 anno
949 1705 1022 1766 ad
1054 1704 1536 1766 communionem
1559 1705 1872 1780 accedere,
1907 1723 2156 1767 venera-

2257 549 2464 628 σχίσμα
2520 551 2636 628 περὶ
2704 551 2805 617 τὴν
2867 548 3185 619 Ἐκκλησίαν
3264 554 3521 636 ἐγεγόνει,
3563 558 3655 612 καί
3696 557 3766 612 τὰ
3823 556 3910 622 τῆς

2259 639 2558 701 συστάσεως
2627 636 2692 688 κ
2734 639 2896 719 μέχρι
2954 646 3053 707 τῆς
3109 640 3378 716 βασιλείας
3440 652 3530 700 τοῦ
3585 648 3698 704 υἱοῦ
3759 646 3911 701 αὐτοῦ

2261 729 2653 784 Κωνσταντίνου
2735 736 2828 784 τοῦ
2903 734 3419 812 Πορφυρογεννήτου,
3475 735 3562 789 καὶ
3640 725 3908 808 Ῥωμανοό

2256 821 2350 870 τοῦ
2415 819 2662 895 πενθερού
2728 818 2911 872 τούτου
2981 815 3244 895 διήρκεσε.
3309 823 3406 878 Καὶ
3483 831 3780 888 τηνικαῦτα
3833 821 3906 887 ἐξ-

2254 903 2460 984 ηνέχθη
2490 906 2678 985 τόμος,
2727 908 2755 962 ὁ
2811 904 3093 984 λεγόμενος
3133 912 3233 974 τῆς
3291 909 3550 983 ἐνώσεως,
3596 908 3901 984 διαλαμϐά-

2254 1015 2354 1049 νων
2385 993 2514 1050 πότε
2544 997 2631 1051 καὶ
2672 995 2772 1050 τίσι
2829 997 2920 1051 τὸν
2962 996 3132 1074 τρίτον
3156 995 3240 1053 δεῖ
3295 999 3465 1074 γάμον
3520 1013 3896 1079 παραχωρεῖν,

2251 1095 2374 1145 ταῖς
2443 1083 2740 1159 ἀνειμέναις
2797 1089 2902 1139 τῶν
2958 1084 3196 1163 ἐρώντων
3251 1085 3541 1162 ἐπιθυμίαις
3585 1088 3646 1144 ἐκ
3699 1088 3900 1145 πολλοῦ

2251 1180 2341 1229 τοῦ
2390 1174 2662 1250 περιόντος
2733 1172 2978 1235 ἐπιτιθεὶς
3020 1172 3265 1254 χαλινὸν,
3359 1176 3416 1238 ὃς
3472 1177 3559 1232 καὶ
3614 1179 3754 1233 κατά
3813 1180 3900 1232 τὸν

2253 1257 2470 1316 Ἰούλιον
2523 1265 2668 1335 μῆνα
2726 1260 2948 1327 ἐτησίως
3017 1261 3102 1317 ἐπ’
3146 1260 3388 1337 ἄμϐωνος
3457 1264 3898 1342 ἀναγινώσκεται.

2253 1348 2390 1425 Πρὸς
2421 1354 2545 1425 γοῦν
2572 1355 2649 1422 τῷ
2677 1347 2839 1423 τέλει,
2872 1350 3035 1404 ταῦτά
3092 1371 3221 1430 φησι
3260 1366 3274 1380 ⁶
3327 1353 3455 1416 Τούς
3497 1355 3571 1417 εἰς
3616 1353 3734 1418 ἔτος
3766 1355 3898 1408 ἀνα-

2247 1432 2540 1502 ϐεϐηκότας
2599 1438 3039 1517 τεσσαρακοστὸν,
3125 1440 3211 1494 καὶ
3274 1441 3400 1518 πρὸς
3455 1442 3626 1519 τρίτον
3682 1443 3897 1504 ἑαυτοὺς

2247 1524 2614 1604 ἐπιρίπτοντας
2665 1527 2861 1604 γάμον,
2908 1530 3000 1583 οἷα
3045 1525 3181 1604 ρύπη
3226 1529 3326 1594 τῆς
3384 1527 3702 1596 Ἐκκλησίας
3762 1555 3895 1608 τυγο

2245 1615 2534 1696 χάνοντας,
2580 1613 2743 1693 μέχρι
2804 1615 3108 1679 πενταετίας
3164 1615 3549 1687 ἀκοινωνήτους
3599 1620 3742 1675 εἶναι
3802 1623 3893 1675 θε-

2243 1701 2516 1774 σπίζομεν,
2559 1705 2648 1759 καὶ
2693 1710 2786 1761 τοῦ
2839 1705 3084 1760 τοσούτου
3141 1707 3338 1784 χρόνου
3394 1705 3696 1787 ἐξήκοντος,
3753 1707 3894 1772 ἅπαξ

510 1786 617 1850 bili
647 1790 920 1854 salutaris
947 1794 1254 1856 Paschalis
1275 1792 1627 1873 die,jejunio
1645 1793 1801 1854 diem
1828 1793 1993 1856 illum
2015 1809 2148 1875 pm-

2241 1800 2334 1850 τοῦ
2393 1790 2536 1856 ἔτους
2584 1797 2652 1868 τῇ
2712 1792 2960 1865 κοινωνίᾳ
3027 1793 3321 1874 προσιέναι,
3381 1797 3517 1851 κατὰ
3583 1797 3681 1863 τὴν
3721 1795 3890 1852 σεϐά-

513 1877 787 1956 cedente,
817 1890 1106 1962 quantum
1157 1880 1287 1962 ejus
1320 1881 1450 1944 fieri
1480 1890 1672 1962 potest
1705 1891 1894 1943 semet
1937 1901 2157 1962 expur-

511 1975 740 2044 gantes.
770 1970 1062 2033 Sacerdos
1093 1979 1308 2047 autem,
1345 1970 1444 2052 qui
1469 1978 1681 2051 praeter
1715 1971 1772 2031 id
1805 1971 1962 2051 quod
1983 1990 2016 2032 a
2044 1991 2157 2033 no-

513 2053 604 2116 bis
647 2065 736 2118 est
764 2066 1068 2140 statutum,
1101 2059 1175 2122 ad
1225 2078 1453 2122 sacram
1498 2059 1753 2139 aliquam
1800 2059 2155 2140 praeceptio-

511 2161 649 2206 nem
672 2164 776 2208 eos
792 2147 1406 2222 audetadmittere,de
1435 2147 1619 2227 gradu
1652 2166 1757 2208 suo
1783 2147 2154 2228 periclitabi-

512 2240 626 2294 tur.
650 2232 788 2297 Haac
818 2244 1020 2300 autem
1055 2235 1334 2313 dicimus,
1365 2255 1496 2298 cum
1523 2236 1672 2298 nulli
1697 2244 1832 2297 sunt
1864 2235 1949 2298 eis
1980 2235 2152 2297 liberi

510 2323 810 2402 prioribus
857 2344 928 2387 ex
959 2325 1202 2407 nuptiis.
1240 2325 1344 2389 Sin
1395 2333 1617 2400 autem,
1652 2324 1890 2386 tertium
1951 2326 2152 2386 matri-

509 2411 775 2474 monium
807 2415 893 2476 eis
928 2434 1047 2476 non
1093 2415 1491 2497 permittetur.
1526 2413 1694 2486 Quod
1721 2413 1770 2475 si
1801 2413 1934 2494 quis
1963 2432 2151 2475 annos

507 2499 750 2576 triginta
780 2512 976 2579 natus,
1011 2511 1070 2566 et
1099 2505 1367 2567 haeredes
1398 2522 1468 2566 ex
1516 2502 1814 2584 prioribus
1857 2502 2149 2583 conjugiis

507 2587 1154 2672 habens,nihilomiuus
1185 2593 1259 2656 ob
1291 2592 1544 2656 carnalis
1573 2591 1841 2653 libidinis
1864 2591 2044 2652 intem
2057 2611 2152 2672 pe-

503 2682 754 2740 rantiam
817 2681 1004 2742 tertiae
1053 2683 1362 2763 c0pulatus
1414 2681 1582 2742 uxori
1630 2680 1808 2742 fuerit
1842 2700 1856 2740 :
1893 2679 2149 2742 triennio

505 2767 944 2829 communionis
962 2788 1164 2832 exsors
1186 2769 1535 2850 esto.Atque
1567 2769 1647 2830 ita
1677 2768 1959 2848 deinceps
1979 2777 2066 2830 ter
2088 2769 2148 2830 in

503 2871 660 2916 anno
674 2855 1087 2936 percipiat,die
1103 2857 1372 2920 videlicet
1392 2857 1652 2938 paschali
1665 2856 2143 2939 resurrectionis,

507 2943 659 3004 etin
702 2944 1139 3008 obdormitione
1184 2946 1578 3008 immaculata:
1630 2944 1920 3026 Deiparae,
1977 2953 2036 3008 et
2085 2947 2145 3008 in

2243 1899 2396 1954 σμιον
2427 1886 2518 1936 τοῦ
2566 1880 2826 1958 σωτηρίου
2884 1882 3078 1961 Πάσχα
3123 1881 3347 1961 ἡμέραν,
3405 1881 3460 1937 ἐν
3514 1889 3580 1960 τῇ
3634 1886 3734 1962 πρὸ
3765 1888 3893 1941 ταύ-

2241 1989 2338 2034 της
2396 1969 2598 2041 νεστείᾳ
2666 1969 2781 2025 καθ’
2827 1970 2950 2026 ὅσον
3003 1971 3118 2026 οἷόν
3172 1993 3229 2027 τε
3283 1972 3726 2051 ἀποκαθαίροντας
3772 1976 3892 2034 Eze-

2239 2056 2382 2119 τούς,
2420 2047 2477 2114 Ὀ
2535 2055 2590 2112 δὲ
2647 2057 2861 2134 τολμῶν
2916 2059 3078 2137 ἱερεὺς
3138 2061 3282 2139 παρὰ
3337 2063 3427 2116 τὸν
3483 2059 3893 2139 διατεταγμένον

2239 2142 2359 2222 ὅρον
2429 2144 2782 2221 μεταλήψεως
2824 2146 2963 2211 θείας
3022 2149 3163 2212 τινὸς
3205 2148 3418 2213 τούτους
3469 2149 3711 2225 ἀξιῶσαι,
3772 2149 3893 2229 περὶ

2236 2235 2328 2288 τὸν
2368 2231 2507 2289 ἵδιον
2562 2233 2876 2294 κινδυνεύσει
2926 2237 3147 2312 βαθμόν,
3196 2244 3369 2294 Ταῦτα
3411 2235 3464 2293 δέ
3508 2259 3702 2318 φαμεν,
3755 2239 3884 2296 ὅταν

2235 2321 2312 2397 μὴ
2342 2321 2498 2379 τέκνα
2554 2323 2757 2388 τούτοις
2813 2323 2872 2378 ἐκ
2927 2329 3034 2379 τῶν
3115 2323 3384 2404 προτέρῶν
3440 2327 3625 2403 γάμων
3683 2334 3832 2405 παρῇ
3864 2348 3884 2366 ο

2233 2410 2277 2465 εἰ
2319 2407 2365 2465 δ’
2408 2409 2518 2486 οὖν,
2574 2411 2958 2491 ἀσυγχώρητος
3006 2415 3188 2476 αὺτοῖς
3235 2412 3379 2471 ἔσται
3434 2416 3470 2481 ἡ
3513 2419 3786 2493 τριγαμία.
3823 2420 3882 2475 Εἰ

2230 2497 2284 2555 δέ
2326 2522 2406 2566 τις
2435 2504 2837 2580 τριακοντούτης
2867 2502 2963 2582 ὥν,
2994 2505 3082 2561 καὶ
3124 2511 3216 2560 τοῦ
3263 2503 3444 2582 γένους
3495 2504 3637 2584 ἔχων
3680 2507 3740 2562 ἐκ
3770 2513 3877 2565 τῶν

2233 2591 2539 2668 φθασάντων
2569 2591 2756 2668 γάμων
2811 2589 3091 2670 διαδοχὴν,
3137 2591 3285 2666 ὅμως
3325 2614 3388 2669 γε
3437 2595 3544 2668 μὴν
3575 2591 3657 2650 διὰ
3686 2598 3746 2651 τὸ
3773 2602 3877 2663 τῆς

2233 2675 2486 2757 σαρκικῆς
2544 2678 2818 2753 ἐπιθυμίας
2878 2678 3170 2737 ἀκόλαστον
3239 2679 3387 2758 τρίτῃ
3436 2682 3710 2760 συναφθείη
3771 2705 3874 2760 γ.)-

2231 2769 2390 2843 ναικὶ,
2449 2768 2533 2825 ἐπὶ
2586 2769 2882 2845 τετραετίαν
2941 2769 3298 2834 ἀκοινώνητος
3351 2769 3508 2828 ἔστω,
3563 2769 3678 2826 Εἶθ’
3737 2771 3875 2827 οὕτω

2228 2857 2338 2933 τρὶς
2408 2867 2498 2915 τοῦ
2552 2857 2788 2913 ἐνιαυτοῦ
2847 2855 3320 2932 μεταλαμϐανέτω,
3381 2857 3435 2913 έν
3503 2865 3571 2934 τῇ
3633 2859 3872 2916 ἀναστα-

2229 2943 2368 3019 σίμῳ
2407 2944 2578 3024 ἡμέρᾳ
2606 2953 2697 3002 τοῦ
2742 2946 2956 3024 Πάσχα,
3019 2944 3072 3001 ἐν
3114 2950 3182 3021 τῇ
3236 2945 3483 3020 κοιμήσει
3549 2951 3646 3012 τῆς
3678 2946 3875 3025 ἀχράν-

503 3030 652 3094 festo
684 3033 1080 3097 natalitiorum
1116 3034 1351 3099 Domini
1371 3054 1386 3098 2
1410 3054 1543 3097 cum
1561 3035 1792 3114 jejunia
1811 3033 1939 3096 dies
1965 3035 2146 3098 hosce

2232 3055 2320 3090 του
2355 3033 2638 3114 Θεοτόκου,
2669 3035 2756 3090 καὶ
2784 3034 2836 3090 ἐν
2867 3040 2934 3110 τῇ
2962 3032 3241 3111 γενεθλίων
3297 3040 3390 3090 τοῦ
3434 3035 3619 3112 Κυρίνυ
3661 3035 3818 3112 ἑορτῇ
3855 3055 3868 3067 ⁸

501 3122 898 3200 praecedentia
926 3125 1212 3205 majorem
1252 3132 1477 3206 partem
1500 3123 1799 3185 exstincta
1821 3123 1882 3184 iu
1902 3123 2030 3205 ipso
2053 3125 2142 3186 la-

2232 3129 2332 3177 τών
2362 3124 2463 3201 πρὸ
2519 3124 2718 3179 τούτων
2755 3129 3010 3190 νηστειῶν
3066 3135 3128 3178 τὸ
3184 3121 3438 3180 πλεῖστον
3492 3128 3593 3190 τῆς
3637 3123 3869 3180 ἐκτακεί-

499 3207 593 3271 bis
621 3211 964 3292 abstergere
994 3215 1337 3278 credantur.
1370 3212 1470 3275 Sin
1492 3212 1696 3276 liberis
1720 3213 2140 3288 caret,veniam

499 3299 580 3360 im
588 3304 962 3384 petrat,quod
980 3304 1304 3367 liberorum
1320 3303 1819 3385 precrcandorum
1840 3302 2139 3365 desiderio

501 3389 703 3450 tertias
732 3393 1022 3473 optaverit
1059 3393 1330 3475 nuptias;
1388 3399 1788 3472 consuetaque
1837 3409 2010 3472 paena
2037 3410 2139 3454 re-

501 3478 768 3542 medium
790 3480 852 3542 -ei
879 3481 1280 3560 adhibebitur,
1312 3490 1373 3543 ut
1403 3480 1594 3543 tribus
1613 3480 1784 3541 annis
1814 3499 1848 3542 a
1877 3499 2140 3542 commu-

498 3567 676 3630 nioue
699 3579 988 3633 arceatur.
1023 3573 1310 3635 Caeterum
1343 3569 1610 3632 eruditus
1639 3569 1738 3630 ille
1773 3568 1834 3629 in
1864 3569 2140 3630 omnibus

497 3655 794 3736 Basilius,
853 3661 1212 3738 octogesimo
1269 3678 1496 3721 canone
1547 3677 1651 3718 suo
1713 3675 1727 3719 :
1790 3657 2137 3738 Nuptiarum

501 3747 919 3829 pluralitatem,
949 3748 1164 3830 inquit,
1199 3748 1424 3811 silentii
1455 3745 1708 3826 caligine
1740 3744 1944 3808 Patres
1966 3745 2138 3808 obve-

493 3835 714 3913 larunt,
773 3837 951 3898 veluti
997 3838 1335 3918 bestialem,
1369 3846 1425 3898 et
1451 3835 1707 3899 alienam
1757 3833 1830 3896 ab
1879 3835 2139 3897 humana

496 3926 950 3989 consuetudine.
997 3924 1178 3988 Nobis
1224 3934 1419 3988 autem
1465 3924 1536 3986 ad
1587 3924 1849 3985 animum
1897 3924 2130 4001 accidit,

495 4013 610 4073 hoc
656 4020 766 4092 est,
818 4013 1052 4076 videtur
1081 4029 1141 4078 et
1174 4014 1364 4095 placet
1399 4012 1628 4093 judicio
1689 4021 1914 4088 nostro,
1949 4012 2136 4092 magis

2225 3232 2323 3278 σης
2383 3215 2525 3287 αὐτῷ
2583 3210 2796 3279 κηλίδος
2845 3212 3187 3292 ἀποσμήχειν
3228 3212 3642 3283 πιστευομένων,
3689 3215 3747 3271 Ei
3807 3212 3860 3269 δὲ

2223 3297 2383 3364 ἅπαις
2434 3299 2506 3357 ὥν
2549 3302 2827 3381 τυγχάνει,
2875 3301 3196 3379 συγγνώμην
3231 3300 3516 3366 ἀξιοῦται,
3571 3301 3638 3357 δι’
3688 3301 3853 3382 ἔφεσιν

2222 3387 2553 3453 παιδοποιίας
2623 3392 2713 3446 τὸν
2783 3391 2950 3468 τρίτον
3020 3391 3192 3468 γάμον
3241 3392 3567 3469 αἱρούμενος,
3626 3392 3713 3446 καὶ
3781 3398 3856 3458 τῷ

2221 3481 2429 3550 συνήθει
2499 3478 2746 3555 ἐπιτιμίῷ
2786 3481 3246 3560 θεραπευθήσεται,
3305 3479 3387 3535 ἐπὶ
3457 3483 3594 3557 τρισὶ
3646 3481 3858 3560 χρόνοις

2220 3570 2318 3635 τῆς
2359 3567 2630 3631 κοινωνίας
2686 3567 3014 3646 εἰργόμενος.
3077 3558 3134 3624 ιΟ
3203 3558 3257 3622 δὲ
3330 3568 3500 3628 πάντα
3541 3558 3704 3648 σοφὸς
3760 3576 3864 3624 Βα-

2221 3655 2413 3722 σίλειος
2469 3655 2522 3712 ἐν
2565 3663 2640 3731 τῷ
2685 3655 2742 3712 π’
2787 3656 2964 3713 κανόνι
3015 3673 3028 3688 ⁸
3077 3657 3186 3723 Τὴν
3217 3654 3545 3734 πολογαμίαν
3594 3660 3642 3712 οἱ
3686 3657 3858 3712 Πατέ-

2220 3767 2327 3824 ρες,
2401 3747 2552 3826 φησὶ,
2609 3752 2686 3820 τῷ
2755 3749 2854 3813 τῆς
2927 3745 3152 3824 ἀφασίας
3222 3745 3585 3820 συνεκάλυψαν
3657 3747 3858 3804 σκότει.

2220 3838 2310 3890 οἷα
2339 3832 2586 3902 κτηνώδη
2615 3837 2700 3890 καὶ
2746 3839 2843 3902 τῆς
2899 3835 3226 3914 ἀνθρωπίνης
3284 3834 3598 3891 ἀπεοικυῖαν
3667 3834 3864 3913 διαγω·

2217 3927 2343 4003 γῆς.
2399 3929 2544 4000 Ημτν
2572 3921 2627 3980 δὲ
2693 3925 3027 4003 παρίσταται,
3089 3922 3210 3990 ἤτοι
3262 3921 3412 3980 δοκεῖ
3465 3925 3551 3980 καὶ
3613 3925 3868 4003 κρίνεται,

2217 4011 2378 4070 πλέον
2424 4013 2460 4082 ἢ
2514 4014 2613 4080 τὴν
2682 4013 2926 4092 παρνείαν
2983 4013 3180 4079 ταύτην
3233 4011 3564 4083 κολάζεσθαι,
3615 4013 3863 4090 Πολυγα-

495 4105 649 4168 hanc
678 4106 1105 4186 castigandam,
1138 4126 1314 4188 quam
1348 4108 1536 4188 ipsam
1579 4105 2024 4168 scortationem.
2059 4107 2134 4168 Et

2232 4103 2309 4158 ιία
2364 4099 2418 4158 δέ
2473 4102 2636 4176 ἐστιν,
2685 4101 2744 4158 οὗ
2801 4103 2861 4158 τὸ
2920 4100 3148 4164 πολλαῖς
3205 4098 3498 4180 ἀδιαφόρως
3554 4103 3865 4181 μίγνυσθαι,

494 4195 834 4276 nuptiarum
885 4197 1131 4277 pluritas
1187 4203 1313 4270 est,
1368 4215 1488 4258 non
1541 4213 1674 4256 cum
1737 4193 1936 4256 multis
1990 4213 2125 4274 pro-

2212 4191 2349 4251 ἀλλά
2378 4190 2578 4256 πολλὰς
2607 4191 2890 4269 ἀγαγέσθαι
2940 4191 3028 4247 τὸν
3079 4193 3255 4265 «saw,
3311 4192 3354 4246 εἷ
3401 4192 3488 4246 καὶ
3536 4193 3616 4265 μὴ
3646 4191 3868 4270 ἀθρόον,

495 4285 722 4347 miscue
768 4303 894 4348 rem
927 4285 1171 4367 habere,
1203 4285 1309 4348 sed
1339 4281 1614 4346 eumdem
1674 4282 1873 4364 plures
1919 4301 2130 4344 uxores

2232 4281 2388 4358 .‘époc
2450 4281 2570 4359 γὰρ,
2646 4292 2705 4335 οὐ
2759 4282 2840 4367 τὸ,
2889 4280 3092 4357 γυναικὶ
3152 4282 3515 4367 ῳμφθαρῆναι
3557 4280 3722 4355 μόνον
3781 4280 3870 4336 ἐπὶ

495 4371 740 4450 ducere,
772 4377 912 4438 licet
934 4395 1050 4438 non
1079 4395 1191 4438 una
1229 4383 1288 4437 et
1319 4375 1527 4436 eadem
1551 4372 1701 4435 vice.
1728 4373 1874 4434 Nam
1909 4373 2130 4453 nuptiae

494 4480 613 4523 non
663 4474 887 4526 tantum
935 4475 1074 4528 sunt
1122 4463 1470 4527 concubitus
1499 4481 1631 4524 cum
1677 4461 1928 4522 muliere
1979 4463 2126 4542 (16),

2214 4367 2691 4450 καταχυδαιοτέραν
2747 4366 3046 4442 διάλεκτον,
3101 4366 3238 4424 ἀλλὰ
3281 4367 3463 4444 ἀνδρὸς
3521 4369 3609 4427 καὶ
3677 4391 3872 4446 γυναι-

2213 4461 2306 4523 κὸς
2366 4458 2615 4538 συνάφεια
2672 4458 2759 4514 καὶ
2846 4456 3210 4537 συγκλήρωσις
3300 4467 3391 4515 τοῦ
3449 4457 3563 4532 βίου
3633 4460 3866 4530 παντὸς,

493 4550 647 4614 sicut
670 4553 878 4631 vulgus
908 4554 1214 4616 hominum
1251 4553 1411 4633 loqui
1454 4551 1621 4627 solet,
1656 4550 1760 4611 sed
1793 4529 2130 4629 conjunctio

2232 4550 2349 4604 θείου
2417 4569 2473 4603 τε
2529 4548 2614 4602 καὶ
2671 4546 2990 4623 ἀνθρωπίνου
3059 4545 3258 4603 δικαίου
3313 4547 3583 4626 κοινωνία,
3662 4547 3742 4610 ὣς
3821 4552 3872 4603 οἱ

492 4644 675 4703 maris
706 4652 764 4704 et
790 4642 1052 4719 feminae,
1078 4650 1135 4705 et
1165 4643 1359 4704 omnis
1389 4640 1520 4702 vita;
1551 4637 2132 4714 consortium,divini

489 4737 552 4790 et
590 4730 832 4793 humani
876 4732 1032 4812 juris
1080 4730 1565 4802 communicatio,
1625 4727 2129 4807 quemadmodum

487 4817 654 4898 leges
697 4821 954 4883 tradunt.
1007 4820 1137 4882 Non
1167 4821 1323 4882 enim
1360 4839 1430 4882 ex
1460 4815 1879 4897 conjunctione
1910 4816 2128 4879 dunta-

492 4915 586 4968 xat
615 4920 1033 4988 agnoscuntur,
1065 4928 1267 4973 verum
1321 4908 1498 4970 etiam
1547 4924 1616 4967 ex
1662 4903 1901 4966 illorum
1945 4907 2127 4968 allec-

490 4995 673 5072 tione,
705 4998 809 5079 qui
854 5007 1294 5060 contraxerunt.
1348 4996 1500 5058 Dicit
1551 5002 1748 5056 autem
1790 4994 2130 5073 nuptiarum

492 5084 881 5165 pluralitatem
913 5106 948 5150 a
975 5087 1246 5152 Patribus
1294 5086 1530 5148 silentio
1585 5082 1962 5163 praeteritam,
1996 5083 2136 5164 quia

492 5174 699 5236 tertias
721 5177 963 5259 quidem
981 5175 1214 5258 nuptias
1238 5175 1328 5238 lex
1360 5173 1626 5253 agnoscit
1651 5189 1664 5236 :
1700 5179 1756 5232 at
1787 5172 2132 5236 earumdem

2214 4636 2364 4712 νόμοι
2421 4633 2826 4715 διαγορεύουσιν.
2885 4635 2957 4692 Οὐ
3001 4636 3098 4715 γὰρ
3169 4636 3275 4692 ἀπὸ
3345 4636 3513 4711 μόνης
3583 4639 3683 4702 τῆς
3745 4657 3874 4692 συν-

2213 4726 2394 4806 αφείας
2423 4725 2762 4804 γινώσκεται,
2796 4722 2932 4782 ἀλλά
2979 4726 3065 4782 καὶ
3122 4725 3228 4781 ἀπὸ
3286 4729 3385 4791 τῆς
3445 4722 3730 4786 διαθέσεως
3763 4732 3878 4782 τῶν

2213 4813 2663 4880 συναλλαξάντων.
2728 4811 3222 4880 Ἀποσεσιωπῆσθαι
3292 4810 3346 4868 δέ
3389 4833 3519 4892 φησι
3575 4813 3698 4874 τοῖς
3751 4819 3876 4869 Πα-

2212 4906 2412 4984 τράσιν,
2447 4903 2527 4960 ὅτι
2570 4905 2604 4971 ἡ
2635 4902 2732 4979 μὲν
2784 4905 3033 4981 τριγαμία
3088 4910 3164 4978 τῷ
3215 4902 3361 4977 νόμῳ
3403 4901 3824 4980 ἐπιγινώσκεται
3857 4920 3876 4935 ⁸

2213 4996 2249 5061 ἠ
2293 4991 2346 5050 δὲ
2404 4991 2706 5072 πολυγαμία
2764 4992 2846 5048 λοὶ
2886 5005 3004 5056 τοῖς
3063 4994 3270 5072 νόμοις,
3329 4991 3415 5046 καὶ
3469 5004 3587 5054 τοῖς
3646 4993 3877 5048 κανόσιν

2215 5083 2522 5162 ἀπείρηται.
2596 5089 2706 5138 Πᾶν
2757 5082 2855 5159 γὰρ
2910 5079 3272 5160 συνάλλαγμα,
3333 5080 3452 5144 τοὺς
3505 5079 3658 5158 ὅρους

2213 5171 2400 5230 ϐαῖνον
2441 5177 2540 5240 τῆς
2597 5172 2900 5250 τριγαμίας,
2945 5169 3247 5250 πολυγαμία
3291 5173 3467 5248 σαφῶς
3517 5169 3879 5245 ὀνομάζεται.

1805 5351 2059 5417 VABLE
2101 5350 2415 5418 LECTION
2421 5352 2530 5416 ES.

575 5435 638 5486 38
665 5437 926 5508 στάσεως,

2047 5602 2292 5668 ΝΟΤΕ.

575 5701 712 5780 (16)
734 5699 777 5765 l.
817 5703 870 5765 1.
903 5705 977 5764 D.
1009 5702 1095 5764 De
1120 5702 1224 5764 rit.
1261 5708 1436 5783 πυρί.
