4074 6212
171 323 310 392 1261

1505 319 2223 385 θΒᾹῦΟΟ-ΒΟΜΑΝΙΙΜ.

3403 323 3428 386 1
3441 320 3559 389 262

168 462 264 518 Καὶ
303 461 405 528 τῆς
467 459 713 537 πορνείας
761 456 815 512 δὲ
861 456 1045 536 εἴρηκε
1095 455 1335 535 χείρονα,
1389 452 1532 530 μάλα
1574 454 1812 517 εἰκότως.

1902 451 2204 531 pluralitas
2234 460 2356 515 tum
2389 453 2645 534 legibus,
2680 462 2804 516 tum
2848 456 3178 519 canonibus
3220 463 3310 519 est
3341 457 3549 538 prohi-

175 541 230 608 “Ο
264 552 361 626 μὲν
410 551 510 629 γὰρ
552 548 842 628 πορνεύων,
900 548 972 611 εἰς
1028 546 1212 602 ἑαυτὸν
1245 544 1404 619 μόνον
1451 543 1548 610 τὴν
1617 540 1818 598 ἀδικίαν

168 639 520 716 περιίστησιν,
582 636 762 716 ἀκοντὶ
810 635 888 709 τῷ
927 634 1167 712 βαράθρῳ
1215 637 1313 698 τῆς
1357 629 1642 694 ἀκολασίας
1688 630 1817 688 ἐαυ-

165 713 255 783 τὸν
314 713 648 806 ἐπιρῤίπτων.
717 713 774 781 Ὀ
849 721 902 778 δὲ
959 723 1205 801 τέταρτον
1273 721 1310 786 ἦ
1364 719 1606 794 πέμπτον
1645 719 1817 797 γάμον

166 814 318 885 δῆθεν
361 816 530 889 ἑαυτῷ
575 811 920 888 συναλλάξας,
975 823 1324 891 κατορχεῖται
1398 809 1494 884 μὲν
1551 808 1656 864 τῶν
1705 829 1816 863 κω-

165 903 396 961 λυόντων
427 909 613 961 τοῦτον
670 901 821 958 θείων
876 901 1135 979 κανόνων,
1196 896 1370 954 ἀδικεῖ
1421 895 1475 953 δὲ
1525 898 1646 959 τοὺς
1676 919 1814 974 γνη-

166 994 306 1056 σίους
379 994 535 1051 αὐτοῦ
589 988 809 1069 παῖδας,
867 989 1240 1065 παρασπείρων
1323 987 1530 1048 τούτοις
1589 986 1677 1041 καὶ
1735 985 1818 1040 νό-

165 1085 308 1145 θους.
359 1083 453 1138 Διὸ
481 1081 569 1137 καὶ
621 1079 756 1155 μετὰ
784 1079 881 1146 τὴν
923 1083 1022 1145 τῆς
1083 1076 1414 1155 παρανομίας
1470 1072 1813 1151 ἀπαλλαγὴν,

165 1171 251 1227 καὶ
282 1171 381 1237 τὴν
431 1170 654 1248 γνησίαν
705 1166 1114 1246 ἐξομολόγησιν,
1176 1165 1262 1222 καὶ
1300 1163 1462 1220 πλέον
1519 1168 1625 1218 τῶν
1693 1184 1819 1241 πορ-

167 1260 462 1317 νευσάντων
511 1257 800 1315 εὐθύνεσθαι
851 1255 1014 1320 ἀξιοῖ.
1074 1254 1203 1317 Τοὺς
1236 1255 1333 1329 μὲν
1391 1253 1490 1331 γὰρ
1533 1253 1606 1314 εἷς
1649 1251 1817 1307 ἑπτα-

165 1349 328 1428 ετίαν,
385 1347 599 1410 τούτους
659 1343 712 1400 δὲ
774 1347 844 1410 εἰς
915 1345 1058 1400 ὀκτὼ
1098 1343 1396 1422 παρατείνει
1467 1341 1712 1420 χρόνους,
1776 1341 1818 1395 εἰ

164 1435 393 1516 ἀκριϐῶς
455 1437 548 1493 τὸν
592 1443 709 1492 νοῦν
763 1435 1076 1505 ἐπιστήσαις
1118 1446 1237 1496 τοῖς
1293 1433 1388 1487 τοῦ
1445 1431 1595 1509 ἁγίου
1641 1429 1795 1487 θεσπί

169 1548 394 1602 σμασιν,
428 1526 488 1582 Εἰ
531 1526 630 1605 γὰρ
685 1531 790 1580 τῶν
831 1521 918 1580 δύο
964 1524 1142 1579 τόπων
1189 1526 1289 1589 τῆς
1348 1519 1624 1596 μετανοίας
1657 1520 1818 1594 μόνον

175 1615 453 1690 μνησθεὶς,
513 1612 768 1692 τέσσαρας
810 1611 864 1668 ἐν
929 1614 1109 1675 α-ἃτοῖς
1195 1610 1417 1668 διελθεῖν
1461 1607 1619 1688 ὢρισε
1675 1609 1814 1688 χρό-

164 1726 310 1783 νους,
369 1703 508 1770 ἦπου
561 1704 650 1759 καὶ
691 1701 745 1757 ἐν
798 1714 914 1766 τοῖς
975 1699 1112 1757 δυσὶν
1182 1699 1401 1778 ἑτέροις,
1462 1699 1550 1761 οὒς
1612 1700 1816 1776 παρῆκε

1900 539 2040 606 bita.
2074 540 2284 604 Omnis
2342 542 2500 604 enim
2559 551 2893 606 contractus
2951 546 3406 610 matrimonialis
3449 547 3553 629 qui

1902 631 2208 693 tertiarum
2240 631 2575 712 nuptiarum
2609 631 2759 694 fines
2793 635 3025 710 transit,
3059 636 3400 716 nuptiarum
3428 638 3556 718 plu-

1899 719 2099 782 ralitas
2155 720 2310 782 haud
2369 720 2549 782 dubio
2582 720 2818 784 dicitur.
2851 722 3136 786 Eamdem
3197 727 3558 788 scortatione

1901 809 2165 889 pejorem
2197 827 2314 870 non
2339 809 2444 870 abs
2474 827 2540 871 re
2571 811 2994 890 pronuntiavit.
3028 812 3174 875 Nam
3197 816 3294 895 qui
3319 822 3551 877 scorta-

1901 905 2014 970 tur,
2048 895 2110 958 in
2140 915 2204 958 se
2225 896 2414 984 solum
2447 897 2676 960 facinus
2708 899 2821 961 hoc
2849 900 3150 977 admitttit,
3179 904 3319 964 dum
3340 912 3551 984 sponte

1899 1001 2004 1072 sua
2026 991 2218 1046 semet
2239 983 2302 1045 in
2326 985 2665 1065 voraginem
2689 985 3162 1068 intemperantiae
3192 983 3547 1072 praecipitat:

1900 1070 2000 1152 qui
2036 1090 2172 1133 vero
2204 1082 2440 1152 quartas
2486 1082 2586 1135 aut
2632 1075 2866 1155 quintas
2900 1079 3257 1141 contraxerit
3314 1070 3550 1160 nuptias

1901 1160 1951 1220 is
1983 1169 2041 1221 et
2071 1179 2271 1222 sacros
2302 1179 2583 1237 canones,
2601 1163 2701 1244 qui
2725 1182 2823 1224 eas
2850 1165 3188 1247 prohibent,
3224 1169 3548 1248 proculcat,

1903 1257 1962 1311 et
1989 1267 2302 1339 germanos
2332 1269 2472 1312 suos
2494 1251 2716 1313 liberos
2748 1252 2930 1315 afﬁcit
2953 1253 3194 1334 injuria,
3223 1257 3364 1318 dum
3397 1276 3547 1339 prae-

1900 1345 1991 1428 ter
2020 1357 2123 1428 eos
2148 1338 2323 1428 etiam
2355 1340 2590 1420 spurios
2619 1345 3246 1424 procreat.Propterea
3276 1338 3412 1426 post
3449 1348 3545 1428 ip.

1900 1426 2023 1488 sius
2047 1426 2328 1488 facinoris
2372 1428 2848 1505 omissionem,et
2868 1449 3064 1493 veram
3089 1426 3548 1517 confessionem,

1901 1517 2020 1577 vult
2049 1517 2226 1578 etiam
2258 1517 2495 1596 gravius
2525 1518 2686 1598 ipsos
2710 1519 2934 1598 puniri,
2966 1540 3142 1602 quam
3174 1523 3275 1603 qui
3305 1525 3550 1588 scortati

1900 1603 2256 1668 fuerint.His
2273 1605 2432 1667 enim
2458 1607 2858 1688 septennium,
2876 1609 2996 1672 illis
3017 1630 3207 1672 annos
3234 1621 3365 1676 octo
3396 1632 3542 1676 con-

1900 1695 2124 1769 stituit;
2157 1693 2209 1756 si
2237 1705 2515 1757 accurate
2547 1705 2805 1758 mentem
2839 1697 2900 1759 in
2933 1718 3164 1780 ea,quae
3192 1702 3282 1763 vir
3307 1712 3552 1767 sanctus

166 1789 254 1848 διὰ
311 1792 611 1867 συντομίαν.
668 1793 742 1854 ὡς
785 1789 1001 1862 δήλους,
1050 1788 1255 1867 ἑτέρους
1313 1785 1397 1844 δεῖ
1438 1785 1696 1867 τέσσαρας
1746 1783 1812 1840 δι-

1900 1783 2588 1860 statuit,deﬁxeris.Nam
2617 1785 2668 1847 si
2699 1787 2952 1848 duorum
2979 1789 3262 1855 duntaxat
3281 1792 3550 1856 locorum

164 1893 393 1959 αγαγεῖν
431 1865 532 1959 πρὸ
601 1885 703 1959 τῆλς
757 1885 862 1936 τῶν
932 1865 1276 1957 ἀγιασμάτων
1320 1874 1598 1953 μεθέξεως.
1663 1865 1720 1932 Ὀ
1764 1872 1818 1930 δὲ

163 1954 336 2044 νόμος
398 1954 558 2049 φησίν
584 1988 599 2003 ·
659 1954 832 2026 ’Ἐστω
887 1954 992 2023 οὗνή
1021 1977 1173 2027 τοῦτο
1222 1972 1349 2023 πᾶσι
1393 1961 1712 2037 κατάδηλον,
1744 1965 1817 2028 ὡς

162 2058 218 2113 εἴ
266 2082 348 2123 τις
391 2057 678 2135 τολμήσειε
723 2059 850 2136 πρὸς
898 2057 1143 2134 τέταρτον
1193 2057 1386 2134 γάμον,
1437 2055 1526 2109 τὸν
1558 2049 1815 2130 οὒ’γάμον

163 2145 369 2222 ἐλθεῖν,
428 2148 488 2203 ού
535 2148 696 2222 μόνον
739 2145 852 2201 ἀντ’
911 2143 1116 2208 οὐδενὸς
1160 2147 1188 2201 6
1242 2150 1478 2204 τοιοῦτος
1527 2142 1815 2218 νομιζόμε-

163 2257 261 2300 νος
287 2235 657 2314 λογισθήσεται
712 2234 906 2311 γάμος,
969 2231 1090 2290 ἀλλ’
1160 2230 1276 2292 οὐδὲ
1345 2233 1392 2286 οἱ
1420 2227 1471 2295 ἐξ
1537 2229 1695 2286 αὐτοῦ
1735 2251 1820 2286 τε-

162 2324 388 2405 χθέντες
432 2325 640 2401 γνήσιοι
695 2320 1099 2401 λογισθήσονται
1145 2319 1357 2396 παῖδες,
1415 2319 1501 2375 καὶ
1555 2321 1676 2405 ταῖς
1701 2341 1817 2376 ποι-

162 2404 294 2478 ναῖς
349 2411 404 2469 δὲ
462 2419 565 2469 τῶν
632 2409 1048 2487 μεμολυσμένων
1098 2415 1168 2486 τῇ
1235 2407 1450 2489 πορνείᾳ
1503 2404 1816 2483 ὕποϐληθή-

156 2523 346 2560 σονται
418 2503 464 2558 οἱ
527 2499 775 2576 τοιοῦτοι,
848 2496 942 2556 ἀπ’
1013 2497 1263 2568 ἀλλήλων
1321 2497 1570 2578 πρότερον
1629 2494 1816 2576 διαιρε-

155 2591 372 2653 θέντες.

1905 1875 2262 1953 paenitentiae
2289 1875 2592 1937 mentione
2621 1876 2792 1951 facta,
2841 1885 3096 1958 quatuor
3137 1879 3200 1941 in
3231 1881 3320 1942 eis
3361 1901 3549 1946 annos

1902 1965 2203 2042 praeterire
2233 1963 2456 2026 debere
2489 1964 2727 2028 definit:
2751 1967 2995 2028 omnino
3018 1968 3078 2028 in
3102 1969 3340 2032 duobus
3368 1973 3545 2034 etiam

1900 2051 2056 2127 aliis,
2081 2070 2228 2132 quos
2259 2052 2597 2132 compendii
2622 2073 2798 2116 causa
2820 2056 3000 2119 veluti
3030 2057 3373 2122 manifestos
3394 2061 3550 2122 omi-

1901 2139 1997 2214 sit,
2031 2141 2132 2203 alii
2153 2149 2404 2222 quatuor
2435 2141 2576 2203 anni
2604 2151 2781 2206 erunt
2829 2144 3104 2222 exigendi
3157 2156 3294 2211 ante
3343 2166 3548 2212 sacra-

1902 2237 2236 2292 mentorum
2271 2231 2740 2311 perceptionem.
2775 2233 2948 2312 Legis
2991 2243 3190 2298 autem
3222 2237 3348 2299 hac
3373 2237 3552 2301 verba

1899 2327 2038 2380 sunt
2073 2342 2085 2378 :
2119 2318 2424 2382 Universis
2473 2321 2850 2384 manifestum
2911 2332 3060 2401 esto,
3095 2327 3254 2407 quod
3310 2327 3361 2389 si
3415 2329 3550 2410 quis

1899 2425 2078 2470 ausus
2132 2407 2312 2470 fuerit
2351 2408 2425 2470 ad
2467 2422 2714 2490 quartas
2758 2412 3071 2474 convolare
3125 2416 3381 2497 nuptias,
3420 2407 3552 2499 quae

1899 2497 2121 2577 nuptiae
2151 2516 2268 2587 non
2300 2505 2461 2587 sunt,
2499 2517 2618 2559 non
2644 2499 2812 2561 msdo
2833 2500 3194 2576 futurum,ut
3222 2523 3308 2566 eae
3329 2497 3552 2587 nuptim

1899 2603 2005 2666 pro
2036 2586 2214 2648 nullis
2245 2585 2575 2648 habeantur
2607 2605 2620 2649 :
2656 2588 2761 2650 sed
2786 2607 2861 2650 ne
2893 2589 3065 2652 liberi
3103 2593 3347 2673 quidem
3370 2585 3439 2657 ex
3464 2596 3556 2659 eis

160 2678 482 2760 procreati,
515 2695 620 2759 pro
652 2676 930 2757 legitimis
958 2675 1254 2739 ducantur
1289 2696 1306 2752 ;
1337 2675 1605 2757 adeoque
1637 2673 1831 2755 poenis
1857 2675 2036 2738 etiam
2068 2676 2425 2756 pollutarum
2456 2677 2819 2741 scortatione
2851 2679 2998 2742 tales
3011 2679 3426 2761 subjicientur,
3452 2684 3555 2748 ubi

163 2769 430 2848 primum
458 2785 492 2828 a
522 2785 588 2828 se
612 2766 865 2828 invicem
900 2765 1182 2848 dirempti
1209 2765 1452 2828 fuerint.

167 2880 194 2910 α
251 2859 376 2934 Περὶ
418 2860 516 2925 τῆς
575 2857 648 2921 εἷς
708 2853 945 2935 δεύτερον
1015 2857 1188 2934 γάμον
1263 2855 1437 2914 ἐλθεῖν
1488 2854 1814 2935 βουλομένης

245 2933 524 3017 γυναικὸς,
583 2935 659 3015 ἐν,
701 2933 1039 3017 ἀποδημίᾳ,
1069 2937 1105 3005 ἢ
1174 2936 1417 3016 στρατείᾳ
1483 2935 1577 2994 τοῦ
1632 2933 1814 3015 ἀνδρὸς

243 3015 414 3083 αιὸτῆς
460 3015 834 3096 ἀφανισθέντος
846 3061 858 3076 ,
899 3037 924 3073 ι

247 3096 306 3163 Ὀ
341 3093 542 3163 λα’τοῧ
584 3103 817 3184 μεγάλου
846 3103 1118 3160 Βασιλείου
1171 3105 1370 3166 κανών.
1406 3095 1469 3160 Ἦ
1527 3105 1812 3186 ἀναχωρή-

156 3215 374 3268 σαντος,
408 3195 558 3274 φησὶ,
603 3201 694 3250 τοῦ
726 3191 931 3272 ἀνδρὸς,
972 3194 1059 3248 καὶ
1091 3192 1318 3273 ἀφανοῦς
1366 3191 1542 3269 ὄντος,
1572 3195 1651 3270 μὴ
1674 3194 1809 3250 ἀνα-

152 3285 386 3362 μείνασα
435 3283 534 3349 τὴν
601 3281 880 3354 ἐπάνοδον,
932 3279 1060 3358 μήτ’
1117 3280 1181 3338 αὗ
1229 3284 1362 3361 πρὸς
1417 3289 1522 3338 τῶν
1581 3279 1809 3362 ἀκριϐῶς

151 3375 220 3430 τὰ
277 3371 405 3430 κατ’
461 3369 526 3421 ω
599 3375 768 3430 αὐτῶν
825 3371 1135 3449 ἐγνωκότων
1191 3372 1427 3446 μαθοῦσα
1497 3373 1541 3427 εἰ
1597 3371 1808 3439 άληθῶς

155 3461 458 3536 ἐτεθνήκει,
530 3461 618 3517 καὶ
673 3458 1007 3540 γαμουμένη
1043 3459 1222 3537 ἑτέρῳ,
1279 3466 1357 3534 τῷ
1407 3462 1504 3528 της
1561 3461 1810 3540 μοιχείας

157 3549 408 3630 ἐνέχεται
439 3549 674 3628 κρίματι,
709 3540 767 3607 ’0
797 3547 851 3605 δὲ
891 3538 1008 3622 λς’
1049 3552 1100 3605 αἱ
1150 3555 1256 3605 τῶν
1306 3548 1390 3606 ἐπὶ
1439 3551 1641 3629 μακρὸν
1662 3538 1812 3606 νάπο-

162 3638 476 3714 δημούντων
505 3643 836 3717 στρατιωτῶν
886 3637 1137 3718 σύνευνοι,
1190 3644 1267 3712 τῷ
1303 3638 1468 3730 οςῦτῷ,
1512 3639 1663 3719 φησὶ,
1714 3639 1810 3706 τῆς

165 3710 420 3806 μοιχείας
474 3710 763 3804 ἐγκλήκατι
824 3710 1254 3804 περεπίπτουσιν,
1313 3710 1547 3808 ’Ἐχὸμσὶ
1590 3710 1661 3784 δέ’
1695 3749 1812 3784 τινα

161 3814 516 3894 συγγνώμην,
571 3821 649 3889 τῷ
717 3814 772 3870 ἐν
807 3815 988 3896 χρόνῳ
1040 3816 1260 3872 θανάτου
1332 3815 1412 3873 ἀεὶ
1465 3817 1588 3879 τοὺς
1646 3837 1810 3894 στρα-

158 3911 362 3966 τιιῖιτας
416 3904 816 3984 ὑποπτεύεσθαι,
884 3904 974 3960 εἴτε
1051 3906 1166 3984 περὶ
1220 3903 1506 3986 πολέμους,
1552 3906 1640 3963 καὶ
1690 3927 1810 3962 κιν-

157 3992 372 4066 δύνους,
403 3993 490 4050 καὶ
541 3995 742 4074 σφαγὰς
796 3992 1299 4074 ἀναστρέφομένους.
1368 4003 1495 4058 Τοῖς
1547 3992 1657 4054 δυσὶ
1694 3994 1810 4052 τού-

154 4103 274 4144 τοις
308 4091 403 4140 τοῦ
432 4071 669 4160 μεγάλου
703 4083 884 4139 κανόσι
913 4071 1007 4138 καί
1034 4071 1088 4149 Vi,
1118 4071 1201 4155 ς’
1258 4080 1472 4145 σύνοδος
1529 4082 1808 4162 ἀρεσθεῖσα

1896 2855 1978 2912 De
2020 2855 2253 2930 muliere
2305 2854 2572 2930 secundas
2626 2856 2700 2912 ad
2743 2858 2968 2930 nuptias
3017 2861 3264 2919 transire
3315 2863 3573 2930 volente,

1967 2927 2140 3007 cujus
2169 2928 2404 3007 meritus
2451 2926 2513 2982 in
2558 2926 3022 3000 peregrinatione,
3070 2932 3156 2990 vel
3203 2926 3550 3007 empeditioué

1834 3025 1874 3076 ο
1969 2997 2266 3055 interierit.

1973 3094 2174 3158 Canon
2228 3113 2366 3159 xxx:
2416 3097 2615 3159 Basilii
2673 3099 2869 3179 magni
2916 3118 2930 3163 :
2985 3101 3221 3178 Mulier,
3256 3103 3359 3179 ait,
3413 3123 3544 3186 quae

1893 3188 2102 3250 marito
2135 3206 2382 3269 peregre
2414 3190 2701 3270 profecto,
2739 3210 2850 3254 nec
2880 3193 3074 3254 adhuc
3130 3205 3541 3275 comparente,

1893 3276 2146 3338 reditum
2197 3278 2328 3357 ejus
2359 3297 2477 3339 non
2509 3281 2978 3361 exspectaverit;
3017 3299 3130 3344 nec
3181 3281 3254 3344 ab
3306 3284 3405 3359 iis,
3440 3288 3540 3366 qul

1893 3365 2022 3444 ejus
2069 3366 2304 3444 negotia
2356 3375 2574 3427 norunt
2628 3375 2925 3445 accurate,
2985 3387 3127 3432 vere
3169 3388 3245 3431 ne
3277 3365 3544 3434 mortuus

1893 3453 1991 3529 sit,
2026 3453 2385 3516 intellexerit
2415 3500 2430 3528 ,
2487 3463 2662 3535 atque
2694 3455 2773 3516 ita
2802 3457 3076 3538 nupserit
3121 3458 3334 3536 alteri,
3367 3460 3544 3523 adul-

1895 3541 2026 3603 terii
2073 3542 2300 3623 judicio
2361 3550 2613 3605 tenetur.
2662 3542 2810 3605 Item
2843 3563 3032 3608 canon
3083 3564 3285 3611 xxxvr.
3320 3547 3546 3613 Uxores

1895 3631 2146 3693 militum
2192 3633 2394 3712 procul
2451 3632 2648 3714 aliquo
2701 3634 3232 3714 proﬁciscentium,
3287 3638 3349 3700 in
3382 3639 3539 3703 idem

1893 3721 2170 3782 adulterii
2221 3721 2450 3782 crimen
2497 3721 2768 3784 incidunt
2821 3744 2836 3784 :
2894 3724 2999 3786 sed
3048 3727 3275 3788 veniam
3339 3735 3540 3792 tamen

1894 3809 2148 3891 aliquam
2171 3817 2484 3892 propterea
2512 3819 2838 3891 merentur,
2872 3814 3028 3894 quod
3061 3833 3300 3898 semper
3335 3817 3542 3880 existi-

1899 3907 2132 3962 mentur
2165 3900 2226 3961 in
2247 3899 2494 3961 articulo
2528 3901 2735 3963 mortis
2780 3919 2912 3965 esse
2957 3903 3199 3982 milites,
3228 3906 3405 3968 veluti
3436 3907 3542 3988 qui

1893 3987 1954 4048 in
2011 3989 2252 4068 praeliis,
2304 3997 2362 4050 et
2418 3988 2721 4069 periculis,
2785 3998 2844 4052 et
2891 3991 3150 4055 caedibus
3198 3987 3533 4058 versentur.

1889 4077 2132 4141 Duobus
2164 4077 2330 4139 hisce
2362 4077 2560 4139 Basilii
2592 4079 2918 4141 canonibus
2972 4083 3303 4146 assentiens
3360 4084 3537 4146 etiam

153 4170 508 4236 ἐνενηκοστὸν
562 4171 728 4249 τρίτον
788 4169 984 4226 κανόνα
1067 4169 1254 4237 ἑαυτῆς
1312 4170 1626 4245 ἐποιήσατο,
1706 4173 1804 4227 αὖ·

1900 4176 2054 4228 sexta
2082 4165 2359 4247 synodus,
2394 4182 2534 4227 xcm
2592 4185 2880 4230 canonem
2941 4186 3114 4232 suum
3172 4172 3334 4247 fecit,
3396 4174 3542 4254 ipsis

151 4272 278 4321 τοῖς
309 4271 428 4324 τοῖς
457 4257 613 4314 αύτοῦ
667 4259 867 4337 ῥήμασι
913 4258 1256 4338 χρησαμένη,
1307 4261 1392 4316 καὶ
1443 4261 1802 4337 προστίθησιν,

1900 4256 2021 4335 ejus
2051 4255 2247 4318 verbis
2304 4273 2429 4330 usa,
2464 4262 2523 4344 et
2572 4255 2792 4344 deinde
2834 4257 3124 4337 adjiciens
3157 4279 3171 4324 :
3209 4262 3397 4337 Miles,
3436 4264 3539 4344 qui

151 4351 230 4413 ὡς
262 4345 588 4418 Ἐπανήκων
619 4349 646 4403 6
691 4346 1017 4426 στρατιώτης
1049 4345 1108 4403 ἐκ
1136 4347 1230 4414 τῆς
1249 4347 1462 4426 χρονίας
1482 4346 1804 4423 ἀποδημίας,

1900 4362 1961 4406 ex
2009 4344 2287 4406 diuturna
2342 4343 2711 4424 profectione
2759 4347 3092 4424 revertitur,
3157 4348 3206 4409 si
3261 4343 3532 4431 voluerit,

151 4438 197 4493 εἰ
255 4433 571 4516 βουληθείη,
621 4434 849 4511 λήψεται
906 4435 1005 4502 τὴν
1050 4432 1182 4491 ἰδίαν
1225 4447 1452 4513 γυναῖκα
1486 4451 1500 4466 ⁸
1563 4437 1805 4514 συγγνώ-

1900 4450 2134 4494 uxorem
2164 4451 2328 4494 suam
2361 4431 2632 4512 recipiet.
2667 4431 2853 4496 Venia
2908 4452 3043 4496 vero
3095 4443 3211 4497 tam
3259 4437 3372 4517 ipsi
3398 4457 3538 4500 mu-

147 4547 232 4602 μη
279 4520 338 4578 δὲ
385 4525 472 4580 καὶ
497 4524 661 4601 ταύτῃ
707 4523 795 4579 καὶ
837 4523 914 4597 τῷ
972 4523 1211 4599 νομίμως
1267 4524 1568 4604 συναφθέντι
1611 4523 1805 4581 δίδοται

1889 4520 2044 4601 lieri,
2075 4539 2250 4601 quam
2272 4520 2396 4581 viro
2447 4520 2707 4598 legitime
2735 4537 2870 4584 cum
2900 4540 2970 4583 ea
2995 4524 3267 4605 copulato
3321 4526 3526 4590 datur.

144 4611 321 4692 ἀνδρί.
382 4613 454 4671 Οὐ
499 4613 599 4691 γὰρ
642 4612 1009 4687 ἐπιτιμῶνται,
1070 4609 1154 4668 διὰ
1209 4611 1308 4679 τὴν
1373 4611 1607 4692 ἄγνοιαν.
1645 4604 1708 4670 Ἠ
1749 4612 1804 4669 δὲ

1900 4609 2013 4672 Non
2053 4610 2210 4672 enim
2263 4609 2610 4690 puniuntur,
2669 4619 2912 4690 propter
2957 4604 3533 4694 ignOrantiam.Ejus

140 4709 238 4760 τοῦ
280 4699 376 4776 μὴ
437 4699 586 4765 ὄντος
629 4700 974 4780 στρατιώτου,
1033 4699 1404 4779 ἀσύγγνωστος
1429 4753 1435 4759 .
1462 4702 1538 4778 μὴ
1586 4701 1810 4778 ἀναμεί-

141 4813 284 4850 νασα
323 4791 436 4856 τὴν
467 4788 742 4849 ἐπάνοδον.
774 4789 832 4846 Εἰ
892 4786 946 4843 δὲ
1004 4790 1108 4868 οὐχ
1164 4790 1390 4868 αἱρεῖται
1433 4792 1468 4858 ἡ
1525 4791 1655 4869 γονὴ
1713 4790 1812 4857 τὴν

149 4881 296 4960 μετὰ
353 4880 454 4935 τοῦ
507 4878 882 4940 ἐπανελθόντος
944 4879 1268 4956 στρατιώτου
1323 4876 1633 4955 συμϐίωσιν,
1696 4877 1812 4938 ούδὲ

153 4978 252 5030 τοῦ
293 4965 534 5048 δευτέρου
583 4965 763 5046 ἀνδρὸς
799 4967 887 5022 καὶ
957 4964 1252 5042 βουλομένη
1311 4981 1575 5024 συνοικεῖν
1646 4967 1812 5038 ἐαθή-

151 5081 336 5120 σεται.
391 5057 449 5112 Εἰ
498 5057 598 5137 γὰρ
637 5055 906 5134 βουλεθείη
963 5051 1100 5118 ὅλως
1146 5057 1278 5132 μετὰ
1328 5057 1428 5123 τὴν
1481 5057 1678 5113 ἐκείνου
1710 5056 1811 5113 ἐπ-

152 5147 376 5219 άνοδον,
437 5147 480 5203 εἷ
520 5148 610 5204 καὶ
665 5147 742 5221 μὴ
804 5142 1074 5224 προσίεται
1143 5146 1365 5226 ταύτην,
1421 5144 1496 5202 ’έτι
1547 5160 1811 5204 συνοικεῖν

149 5248 233 5317 τῷ
275 5232 530 5313 δευτέρῳ,
585 5237 657 5300 ὡς
715 5231 970 5313 μοιχαλὶς
1013 5236 1463 5313 τιμωρηθήσεται,
1515 5235 1605 5292 καί
1647 5239 1675 5292 6
1703 5237 1808 5314 γά-

152 5352 259 5412 μος
329 5322 518 5381 αὒτίκα
575 5322 1043 5393 διασπασθήσεται.
1109 5321 1346 5387 Ἐκείνας
1409 5324 1509 5404 γὰρ
1562 5326 1806 5404 συγγνώ-

1892 4709 2088 4762 autem
2123 4716 2306 4769 uxor,
2350 4697 2454 4778 qui
2505 4715 2622 4758 non
2655 4704 2743 4758 est
2773 4698 2968 4780 miles,
3002 4700 3052 4760 si
3102 4702 3360 4764 reditum
3411 4723 3528 4765 non

1894 4786 2342 4870 exspectaverit,
2377 4785 2606 4847 veniam
2636 4804 2754 4848 non
2786 4787 3085 4868 impetrat.
3123 4791 3292 4864 Quod
3324 4796 3371 4854 si
3408 4813 3538 4857 mu-

1893 4878 2004 4939 lier
2030 4877 2252 4939 reversi
2304 4875 2506 4936 militis
2561 4875 3018 4939 contubernium
3079 4879 3374 4960 repudiet,
3426 4901 3537 4944 nec

1893 4966 2068 5028 alteri
2120 4965 2348 5038 marito,
2401 4963 2539 5024 licet
2583 4963 2643 5023 id
2692 4973 2944 5044 expetat,
3001 4968 3344 5031 cohabitare
3395 4988 3536 5050 per-

1896 5055 2181 5115 mittetur.
2216 5051 2358 5113 Nam
2409 5051 2459 5113 si
2489 5051 2738 5112 voluerit
2790 5055 3036 5118 omnino
3089 5066 3218 5137 post
3275 5059 3532 5120 reditum

1897 5143 2121 5212 militis,
2157 5143 2291 5203 licet
2317 5159 2445 5203 eam
2501 5159 2620 5201 non
2649 5142 2939 5218 admittat,
2973 5145 3170 5208 adhuc
3197 5155 3394 5209 tamen
3426 5168 3534 5209 co-

1893 5232 2161 5295 habitare
2191 5230 2452 5293 secundo
2498 5230 2732 5306 marito,
2782 5241 3059 5314 tanquam
3108 5236 3376 5300 adultera
3419 5257 3534 5318 pu-

1894 5322 2109 5398 nietur,
2152 5329 2210 5384 et
2265 5319 2703 5382 matrimonium
2762 5324 2956 5384 statim
3011 5323 3348 5388 dirimetur.
3381 5328 3531 5390 Nam

1474 5499 1729 5566 VARUE
1774 5498 2092 5566 LECTION
2097 5499 2208 5563 ES.

235 5680 300 5734 19
328 5672 455 5736 κατ’
484 5671 662 5730 αὐτόν.
