4074 6212
235 367 390 435 1265

1552 367 2266 437 ῦΒᾸΞῦΟ-ΗΟΜΑΝῘΜ.

3449 363 3606 432 me

231 501 403 562 Ἀλλὰ
445 507 532 561 καί
585 508 612 562 6
664 503 722 581 μ’
767 505 842 562 ἔτι
892 504 944 562 δε
989 508 1076 563 καὶ
1117 509 1145 563 6
1197 496 1314 583 μβ’,
1356 507 1450 574 τὴν
1498 504 1618 563 ἄνευ
1660 505 1863 584 γνώμης

1964 508 2167 564 nostro
2205 506 2475 581 tempore
2517 518 2637 563 non
2684 499 3114 562 contrahuntur
3151 497 3375 581 absque
3421 499 3608 563 sacris

230 593 324 651 τοῦ
378 595 570 652 οἰκείου
646 591 904 652 δεσπότου
1007 593 1191 662 δούλην
1288 595 1653 675 γαμουμένην,
1733 591 1876 650 οὐδὲν

231 678 452 762 ἄμοιρον
513 682 660 763 ἔχειν
705 685 906 762 πόρνης
981 684 1313 764 ψηφίζονται.
1362 687 1424 741 A't
1484 685 1584 763 γὰρ
1627 686 1876 748 συνθῆκαι

229 779 338 830 τῶν
395 773 732 849 ὑπεξουσίων,
827 772 972 833 οὐδὲν
1047 774 1231 855 ’έχουσι
1314 773 1548 851 βέϐαιον.
1619 774 1878 850 Ταύτῃτοι

231 863 321 918 καὶ
384 865 432 919 οἱ
473 863 616 939 παρὰ
671 862 893 941 γνώμην
934 871 1040 920 τῶν
1095 864 1421 942 κρατούντων
1492 863 1676 940 γάμοι,
1739 883 1876 940 πορ-

232 963 371 1007 νεῖαι
429 950 747 1029 λογίζονται.
799 954 854 1009 Εἰ
909 951 965 1008 δέ
1005 975 1066 1032 γε
1124 952 1406 1028 μετέπειτα
1456 953 1523 1008 τὰ
1562 957 1657 1009 τοῦ
1700 949 1876 1006 τοιού-

230 1062 322 1097 του
359 1033 800 1118 ’παῤῥησιασθείη
857 1041 1054 1119 γάμου,
1127 1047 1219 1098 τοῦ
1271 1042 1444 1120 κυρίου
1502 1044 1660 1117 αὒτῇς
1709 1039 1746 1107 ἢ
1798 1045 1876 1112 τῷ

229 1127 389 1204 γάμῳ
446 1130 607 1203 μόνον
694 1130 1213 1207 συγκατανεύσαντος
1277 1130 1312 1196 ἦ
1368 1131 1455 1185 καὶ
1507 1129 1604 1197 τὴν
1665 1126 1873 1185 ἐλευθε-

230 1215 343 1292 ρίαν
387 1217 768 1295 χαρισαμένου,
815 1219 843 1274 6
873 1218 1042 1296 γάμος
1083 1219 1180 1294 μὲν
1233 1218 1527 1292 ἀνεύθυνος,
1573 1219 1608 1285 ἡ
1637 1215 1693 1272 δὲ
1734 1239 1872 1297 προ-

229 1303 354 1383 τέρα
411 1306 659 1385 ἁμαρτία,
724 1311 816 1364 οἷα
871 1307 1110 1387 πορνεία,
1153 1306 1365 1371 δικαίως
1409 1307 1846 1382 ἰπιτιμηθήσεται

234 1393 406 1461 Δούλη
464 1393 518 1450 δὲ
561 1399 803 1474 γαμικῶς
849 1395 1153 1471 ὁτῳδήποτε
1208 1400 1526 1478 συναφθεῖσα
1597 1394 1867 1474 ἐλευθέρῳ,

226 1488 319 1538 τοῦ
369 1480 622 1540 δεσπότου
665 1483 881 1559 εἰδότος,
956 1486 1043 1542 καὶ
1084 1486 1161 1560 μὴ
1205 1484 1592 1563 ἀντιλέγοντος,
1651 1485 1752 1563 οὐχ
1795 1485 1869 1546 ὡς

1961 588 2258 671 precibus.
2293 588 2588 652 Praeterea
2617 608 2806 652 canon
2833 603 2933 663 XL,
2985 595 3046 650 et
3095 604 3238 662 xui,
3299 589 3601 666 ancillam,

1959 695 2089 758 quae
2117 677 2268 740 citra
2295 677 2523 739 domini
2571 678 2664 741 sui
2691 678 3054 740 voluntatem
3085 676 3274 754 nubit,
3308 679 3459 742 nihil
3490 680 3601 744 ha-

1960 764 2104 827 bere
2136 773 2420 841 statuunt,
2455 767 2612 848 quod
2642 768 2703 830 in
2753 766 3134 829 meretricem
3167 786 3289 830 non
3325 768 3600 850 quadret.

1959 852 2104 915 Nam
2136 853 2372 916 illorum
2408 862 2576 935 pacta
2603 857 2706 937 qui
2736 863 2873 918 sunt
2897 857 2960 918 iu
2991 855 3241 919 aliorum
3289 865 3602 938 potestate,

1959 943 2108 1005 nihil
2139 951 2329 1004 ratum
2363 943 2603 1007 habent.
2633 945 2759 1018 Quo
2779 945 2868 1020 ﬁt,
2907 953 2971 1006 ut
3014 945 3258 1025 nuptiae,
3285 965 3415 1028 quae
3453 948 3605 1012 citra

1958 1032 2339 1094 dominorum
2367 1033 2724 1096 voluntatem
2753 1035 3201 1106 contrahuntur,
3241 1053 3345 1116 pro
3365 1045 3601 1100 scorta~

1958 1120 2218 1182 tionihus
2247 1120 2604 1185 habeantur.
2638 1121 2809 1195 Quod
2841 1123 2891 1185 si
2921 1141 3037 1204 qua
3064 1123 3243 1186 fuerit
3273 1144 3419 1188 ausa
3453 1127 3602 1192 tales

1954 1210 2305 1273 contrahere
2334 1211 2769 1292 uuptias,cujus
2798 1211 3076 1276 dominus
3101 1221 3306 1294 postea
3332 1216 3421 1276 vel
3440 1215 3600 1298 ipsas

1955 1299 2237 1361 duntaxat
2265 1300 2505 1381 nuptias
2534 1301 2848 1382 approbet,
2883 1301 2974 1363 vel
3027 1301 3204 1364 etiam
3263 1303 3597 1370 libertatem

1952 1387 2254 1467 largiatur,
2307 1387 2451 1468 ipsa:
2505 1388 2747 1468 quidem
2808 1381 3029 1469 nuptiae
3059 1391 3233 1471 culpa
3263 1402 3488 1468 carent,
3537 1402 3600 1457 at

1955 1474 2117 1557 prius
2174 1482 2368 1538 tamen
2423 1484 2757 1557 peccatum,
2811 1485 2955 1558 puta
3006 1479 3320 1554 scortatio,
3384 1482 3597 1546 merito

223 1571 395 1648 πόρνη
438 1569 834 1650 λογισθήσεται.
889 1564 952 1631 Ἠ
1002 1575 1102 1654 γὰρ
1146 1573 1342 1630 ἐκείνου
1391 1574 1516 1652 σιγὴ
1571 1574 1667 1640 τὴν
1720 1572 1863 1631 ἐλευ-

1953 1564 2248 1646 puuietur.
2309 1564 2466 1654 Quae
2507 1583 2642 1654 vero
2695 1566 2911 1628 ancilla
2985 1585 3090 1648 per
3146 1570 3593 1637 matrimonium

218 1659 396 1738 θερίαν
494 1660 546 1726 ἐξ
614 1661 851 1742 ᾅνάγκης
907 1665 994 1719 καὶ
1079 1653 1164 1720 τὸ
1269 1662 1636 1742 ἀναμάρτητον
1699 1662 1863 1737 ταύτῃ

1953 1653 2280 1734 cuicunque
2299 1653 2570 1733 copulata
2590 1653 2762 1716 fuerit
2778 1655 3310 1734 ingenuo,domiuo
3333 1659 3592 1741 sciente,

218 1748 520 1828 χαρίζεται,
611 1741 674 1807 Ἠ
727 1750 1001 1817 ὑπεξοοσία
1057 1751 1094 1820 ἢ
1133 1741 1470 1820 ,ὑπεξουσιος
1544 1752 1603 1807 οὗ
1655 1749 1863 1806 δύναται

1953 1761 2061 1838 nec
2090 1742 2558 1838 contradicente,
2579 1763 2709 1838 non
2750 1746 3202 1838 pro-meretrice
3243 1747 3585 1814 habebitur.

215 1837 462 1912 νομίμως
505 1851 724 1917 γαμεῖν,
758 1841 835 1916 μὴ
879 1847 1239 1906 ωναινοῦντος
1296 1847 1387 1897 τοῦ
1429 1839 1650 1920 ἔχοντος
1680 1839 1862 1903 αὐτοὺς

1953 1830 2179 1920 Quippe
2207 1830 2511 1893 silentium
2537 1832 2668 1911 ejus
2698 1841 2820 1894 tum
2853 1832 3187 1897 libertatem
3248 1839 3589 1903 necessario

211 1925 552 1994 ὑπεξουσίο·.›ς
589 1945 603 1960 ⁶
649 1931 693 1986 εἱ
754 1933 830 2006 μή
891 1953 992 1987 που
1048 1933 1077 1988 6
1119 1931 1293 2010 πατὴρ
1374 1918 1652 2009 γεγονυῖαν
1710 1931 1863 1989 αὑτοῦ

1953 1918 2173 2010 tribuit,
2203 1927 2487 2010 tumeam
2527 1929 2830 2010 apeccato
2883 1921 3118 1987 liberat.
3156 1923 3586 2009 Filiafamilias,

211 2015 321 2081 τὴν
405 2019 660 2097 θυγατέρα
756 2019 964 2099 χρόνων
1053 2008 1398 2099 εἰκοσιπέντε,
1455 2008 1612 2098 ίᾶνδρὶ
1693 2015 1860 2089 ζεῦξαι

1953 2008 2033 2070 vel
2063 2009 2494 2084 ﬁliusfamilias,
2526 2009 2792 2089 legitime
2822 2011 3054 2091 nuptias
3081 2015 3434 2079 contrahere
3468 2008 3587 2079 non

212 2103 520 2182 ὑπερέθετο.
582 2107 712 2164 Τότε
771 2109 869 2187 γὰρ
927 2106 1176 2188 ἐλευθέρῳ
1220 2111 1568 2189 συζευχθῆναι
1615 2107 1752 2184 μόνη
1803 2105 1863 2156 59

1953 2106 2220 2189 possunt,_
2245 2117 2315 2189 eo
2364 2117 2485 2160 non
2517 2101 2951 2175 consentiente,
3008 2102 3179 2182 cujus
3207 2102 3269 2164 in
3301 2112 3591 2184 potestate

215 2192 281 2251 οὗ
313 2193 632 2258 κεκώλυται,

217 2486 247 2518 α
308 2464 432 2541 Περὶ
475 2463 662 2541 γάμων
721 2462 1040 2543 παρανόμων
1096 2466 1184 2521 καὶ
1239 2465 1499 2541 ἀθεμίτων
1567 2467 1672 2521 τῶν
1731 2485 1864 2542 συγ-

904 2554 1095 2630 γενῶν,
1129 2576 1156 2607 »

294 2647 416 2699 Τῶν
445 2641 521 2716 μὴ
550 2641 781 2716 ἐννόμως
810 2640 1100 2720 γινομένων
1156 2642 1366 2720 γάμων,
1401 2644 1448 2700 οἱ
1488 2644 1586 2718 μὲν
1614 2640 1857 2721 λέγονται

1941 2195 2080 2249 sunt
2113 2208 2126 2248 :
2165 2187 2276 2249 nisi
2309 2196 2474 2268 pater
2503 2189 2680 2249 ﬁliam
2713 2207 2905 2266 suam,
2936 2209 3068 2271 quae
3107 2209 3226 2253 xxv
3253 2208 3440 2256 annos
3468 2194 3588 2258 im-

1944 2276 2212 2357 pleverit,
2245 2276 2370 2338 viro
2410 2277 2691 2358 copulare
2739 2277 3059 2343 distulerit.
3092 2279 3260 2343 Tunc
3312 2281 3476 2345 enim
3527 2290 3594 2346 ut

1944 2365 2200 2444 ingenue
2230 2365 2513 2428 duntaxat
2557 2366 2891 2447 copuletur,
2924 2387 3043 2430 non
3075 2377 3164 2432 est
3193 2370 3583 2451 prohibitum.

2040 2455 2128 2516 De
2159 2456 2386 2533 nuptiis
2415 2457 2692 2534 nefariis,
2723 2463 2780 2520 et
2806 2457 3040 2522 illicitis
3066 2468 3482 2541 cognatorum.

2020 2631 2276 2712 Nuptiae,
2309 2651 2424 2713 que
2453 2633 2716 2714 legitime
2746 2652 2864 2696 nou
2895 2637 3350 2710 contrahuntur,
3368 2639 3586 2719 partim

208 2728 479 2803 ἆθέμιτοι,
512 2731 584 2795 ὡς
644 2733 690 2786 οἱ
747 2718 880 2804 μετὰ
923 2718 1209 2808 συγγενῶν,
1271 2730 1306 2799 ἢ
1358 2733 1653 2810 αἱρετικῶν.
1691 2718 1760 2790 Ὀἱ
1803 2729 1857 2787 δὲ

1953 2718 2218 2810 dicuntur
2264 2720 2505 2796 illicitae,
2552 2723 2757 2803 quales
2787 2732 2947 2797 sunt,
2980 2742 3110 2804 quas
3149 2743 3285 2787 cum
3317 2718 3586 2808 cognatis

206 2817 537 2898 παράνομοι,
582 2819 655 2881 ὡς
699 2821 746 2875 οἱ
803 2819 936 2894 μετὰ
991 2805 1492 2898 ἐπιτροπευομὲνῖλς.
1539 2823 1598 2879 Οἱ
1646 2820 1700 2876 δὲ
1763 2842 1859 2877 κα-

1953 2807 2334 2906 intercedunt,
2383 2819 2484 2906 aut
2534 2830 2667 2873 cum
2727 2811 3026 2906 haereticis
3085 2834 3100 2874 :
3153 2815 3364 2906 partim
3396 2805 3578 2879 nefa-

205 2907 474 2987 τάκριτοι,
525 2909 598 2972 ὡς
655 2910 701 2963 οἱ
758 2909 892 2983 μετᾶ
960 2912 1058 2976 τῆς
1099 2897 1504 2984 ἂνατεθειμένης
1562 2914 1639 2982 τῷ
1695 2916 1810 2984 Θεῷ
1835 2927 1852 2942 ⁶

1953 2897 2064 2969 riae,
2095 2897 2271 2958 veluti
2304 2899 2512 2961 tutoris
2543 2918 2677 2962 cum
2737 2918 2830 2975 ea,
2888 2901 3061 2981 cujus
3093 2903 3336 2965 tutelam
3369 2905 3531 2984 geris
3569 2928 3583 2970 :

207 2999 302 3060 οὓς
365 2998 412 3052 οἱ
468 2996 566 3071 μὲν
619 2999 754 3052 θεῖοι
807 2998 1023 3060 κανόνες
1092 2995 1403 3054 διασπᾶσθαι
1449 2998 1621 3072 μόμον
1667 2998 1852 3054 θεσπί-

1938 2985 2152 3064 partim
2204 2986 2518 3058 damnatae,
2543 2988 2628 3049 uti
2669 3007 2798 3070 quae
2827 2991 3258 3052 contrahuntur
3285 3010 3420 3054 cum
3445 3012 3582 3057 mu-

204 3093 412 3157 ζουσιν,
475 3087 522 3140 οἱ
564 3081 616 3139 δὲ
659 3084 814 3158 νόμοι
858 3086 944 3141 καὶ
1015 3083 1327 3160 δημεύεσθαι
1409 3087 1529 3147 τοὺς
1585 3085 1852 3143 συναλλά-

1953 3073 2086 3135 iere
2115 3074 2234 3138 Deo
2252 3085 2594 3139 consecrata
2627 3095 2640 3140 :
2671 3097 2817 3158 quas
2837 3080 2990 3144 sacri
3013 3099 3271 3143 canones
3295 3081 3590 3146 duntaxat

205 3173 403 3240 ξαντας
446 3173 534 3228 καὶ
602 3170 933 3252 ἐξορίζεσθαι.
995 3171 1240 3236 Εὐτελεῖς
1298 3173 1353 3229 δὲ
1405 3172 1561 3238 ὄντας
1615 3176 1704 3231 καὶ
1744 3197 1856 3250 μα-

203 3263 498 3334 στίζεσθαι,
533 3266 824 3325 Λατινικῶς
855 3259 910 3317 δὲ
938 3265 966 3318 6
997 3263 1094 3337 μὲν
1111 3263 1416 3342 παράνομος
1446 3265 1617 3342 γάμος
1647 3262 1857 3342 λέγεται

201 3351 487 3431 νεφθάριον
516 3349 601 3426 53,
659 3352 687 3406 6
738 3348 792 3406 δὲ
848 3350 1191 3430 κατάκριτος,
1237 3348 1496 3427 δαμνᾶτος
1530 3367 1545 3383 ⁶
1605 3351 1856 3430 ’ίγκεστος

203 3440 285 3516 δὲ,
321 3442 354 3496 6
383 3437 629 3516 ἀθέμιτος
640 3487 654 3501 .

467 3637 494 3670 α
529 3615 948 3696 Περὶλκληρικῶν
990 3615 1542 3695 ἀθεμιτογαμοόντων,
1581 3641 1610 3672 ι

295 3697 356 3763 Ὀ
400 3709 569 3763 τοίνυν
599 3694 667 3761 ιθ’
693 3694 800 3761 τῶν
841 3705 1004 3784 ἁγίων
1046 3705 1354 3762 ἀποστόλων
1385 3707 1588 3782 κακὼν,
1645 3697 1701 3766 Ὀ
1743 3706 1852 3782 δύο,

207 3795 394 3875 φησὶν,
470 3790 701 3873 ἀδελφὰς
763 3793 1046 3873 ἀγόμενος,
1119 3794 1155 3862 ἢ
1227 3793 1531 3874 ἀδελφιδῆν,
1603 3795 1856 3875 κληρικὸς

209 3884 358 3940 εἶναι
403 3883 462 3938 οὔ
517 3879 750 3944 δύναται,
795 3889 903 3947 Πᾶς
935 3883 1033 3962 γὰρ
1076 3885 1104 3939 6
1148 3882 1392 3958 ἀθέμιτος
1435 3884 1608 3961 γάμος
1665 3885 1776 3942 εἴτε
1805 3884 1857 3952 ἐξ

209 3975 470 4052 αἵματος,
504 3973 615 4031 εἴτε
644 3974 694 4040 ἐξ
746 3975 1080 4056 ἀγχιστείας,
1139 3973 1420 4032 διασπᾶται
1453 3991 1468 4006 ⁸
1502 3979 1591 4034 καὶ
1620 3980 1648 4034 6
1690 3980 1860 4052 τούτῳ

208 4053 396 4138 ἀῐῖόὺξ,
445 4066 548 4145 οὔχ
575 4063 720 4130 ὅπως
749 4053 856 4121 τοῦ*
870 4063 1067 4145 κλήρου
1099 4063 1392 4145 ἐξωθεῖται,
1422 4065 1558 4125 ἀλλὰ
1600 4069 1686 4124 καὶ
1733 4068 1854 4125 ἐπι-

206 4153 406 4228 τιμίοις
434 4142 808 4210 ὑποϐάλλεται.
871 4143 928 4210 Ὀ
981 4142 1086 4232 γὰρ
1154 4142 1239 4224 κζ’
1279 4160 1370 4210 τοῦ
1414 4154 1647 4233 μεγάλου
1691 4165 1856 4213 Βασι-

206 4240 374 4315 λείου,
445 4239 583 4319 ἱερέα
639 4242 730 4296 τὸν
788 4240 1000 4317 ἀθέσμγ.»
1046 4241 1204 4320 γάμῳ
1272 4241 1327 4298 ἐν
1385 4242 1570 4320 ἀγνοίᾳ
1625 4265 1855 4325 περιπα-

1940 3162 2306 3226 dirimendas
2337 3167 2941 3247 statuuntzcumleges
2970 3169 3373 3232 velinteorum
3403 3171 3586 3248 bona,

1941 3248 2112 3315 bona,
2139 3252 2242 3333 qui
2265 3272 2364 3315 eas
2389 3259 2818 3328 contraxerint,
2854 3255 3179 3336 publicari;
3213 3265 3389 3339 atque
3423 3261 3584 3339 ipsos

1939 3340 2238 3418 relegari:
2274 3343 2428 3422 quod
2473 3343 2524 3404 si
2573 3361 2845 3422 personae
2901 3344 3020 3406 sint
3078 3346 3357 3427 humiles,
3406 3348 3583 3410 etiam

1939 3428 2188 3507 ﬂagellis
2207 3429 2376 3491 caedi.
2401 3429 2504 3493 Hae
2532 3431 2751 3512 nuptiae
2779 3432 2908 3512 (19)
2937 3432 3139 3512 lingua
3159 3433 3339 3497 latina
3367 3435 3583 3498 dicun-

1938 3523 2035 3578 tur
2054 3517 2315 3594 nel’arice,
2345 3518 2663 3591 damnatae,
2698 3521 2967 3584 incestae.

2019 3607 2113 3672 De
2138 3609 2376 3673 clericis
2404 3613 2663 3676 incestas
2689 3613 3186 3678 contrahentibus
3234 3619 3500 3696 nuptias.

2019 3699 2203 3779 Igitur
2249 3719 2438 3764 canon
2479 3710 2818 3764 sanctorum
2847 3703 3254 3785 apostolorum
3285 3721 3380 3770 xxx
3419 3728 3435 3769 :
3473 3707 3589 3782 Qui

1941 3795 2109 3871 duas,
2145 3790 2356 3871 inquit,
2389 3809 2628 3854 sorores
2671 3791 2831 3854 ducit
2865 3803 2966 3856 aut
3024 3811 3178 3872 eam,
3231 3815 3367 3875 quae
3412 3800 3586 3863 uxori

1940 3897 2063 3940 sum
2104 3879 2327 3940 sororis
2383 3888 2470 3942 est
2527 3881 2669 3955 ﬁlia,
2699 3881 2955 3945 clericus
2985 3899 3118 3945 esse
3165 3885 3397 3967 nequit.
3432 3887 3580 3952 Nam

1941 3985 2150 4029 omnes
2177 3968 2422 4030 incestae
2451 3969 2822 4050 nuptiae,sive
2855 3989 2963 4052 per
2980 3975 3580 4055 consauguinitatem,

1940 4055 2067 4146 sive
2099 4074 2205 4136 per
2234 4055 2582 4146 afﬁnitatem
2614 4057 3014 4121 dirimuntur:
3050 4069 3107 4122 et
3138 4061 3239 4142 qui
3263 4063 3352 4126 eis
3383 4083 3448 4128 se
3465 4066 3586 4146 pol-

1939 4143 2198 4224 luit,non
2222 4144 2383 4206 clero
2415 4144 2704 4208 duntaxat
2724 4147 3176 4227 expellitur,sed
3200 4152 3390 4231 poenis
3410 4143 3588 4219 etiam

1942 4233 2274 4314 subjicitur.
2318 4232 2551 4314 Quippe
2587 4251 2747 4298 xxvu
2805 4238 3006 4300 Basilii
3037 4239 3237 4318 magni
3263 4260 3452 4304 canon
3483 4263 3588 4306 sa-

208 4330 388 4410 ρὲντα,
443 4331 542 4396 τὴν
599 4328 717 4386 καθ’
777 4335 940 4407 αἷμα,
997 4333 1166 4411 τυχὸν
1221 4333 1592 4408 προσήκουσαν
1639 4336 1847 4392 εἰσοικι-

1953 4324 2269 4404 cerdotem,
2295 4322 2396 4404 qui
2423 4341 2532 4414 per
2547 4323 2950 4414 ignorantiam
2981 4329 3040 4389 in
3066 4329 3301 4408 nuptias
3329 4329 3588 4396 incestas

205 4417 459 4490 σάμενον,
553 4415 588 4484 ἢ
680 4418 998 4497 μονάστριαν
1093 4420 1153 4473 τὸ
1251 4420 1388 4498 ἱερὸν
1484 4419 1860 4498 ἀρνησαμένην

1953 4411 2239 4484 inciderit,
2281 4412 2362 4473 uti
2391 4411 2491 4492 qui
2537 4413 2686 4475 forte
2715 4415 3002 4494 sanguine
3047 4415 3160 4478 sibi
3203 4420 3580 4498 conjunctam

203 4509 426 4584 σχῆμα,
472 4504 508 4573 ἢ
549 4505 647 4562 τὴν
716 4513 792 4579 τῷ
835 4507 988 4585 πατρὶ
1038 4505 1193 4564 αὖτοῦ
1260 4506 1744 4585 ἐπιτροπευομένην
1771 4509 1856 4582 54,

1953 4501 2000 4560 in
2033 4500 2272 4562 domum
2297 4500 2632 4581 deduxerit;
2665 4501 2754 4563 vel
2776 4503 3125 4580 solitariam,
3157 4523 3287 4584 quae
3316 4507 3585 4571 habitum

201 4601 392 4650 τοῦτον
421 4599 519 4661 τῆς
609 4595 744 4668 μετὰ
799 4601 904 4650 τῶν
960 4592 1322 4674 πρεσϐυτέρων
1381 4594 1633 4675 κατέδρας
1690 4599 1859 4674 μόνης

1953 4608 2175 4651 sacrum
2203 4589 2566 4670 repudiarit;
2597 4591 2685 4650 vel
2719 4608 2870 4662 eam,
2924 4593 3094 4672 cujus
3145 4594 3386 4656 tutelam
3420 4610 3590 4677 pater

202 4695 506 4762 μετασχεῖν
535 4682 700 4757 ἀξιοῖ,
733 4689 839 4739 τῶν
881 4682 936 4740 δὲ
992 4683 1193 4740 λοιπῶν
1238 4682 1513 4764 ἐνεργειῶν
1561 4691 1660 4753 τῆς
1714 4691 1861 4766 ἱερω-

1953 4678 2132 4760 ipsius
2162 4678 2412 4759 gesserit
2438 4697 2454 4753 ;
2487 4679 2645 4739 hunc
2675 4697 2813 4757 ergo
2845 4681 3027 4743 solius
3060 4684 3217 4744 inter
3244 4686 3588 4751 sacerdotes

199 4772 362 4838 σύνης
426 4771 745 4852 ἀπέχεσθαι,
819 4783 1142 4848 μετανοῦντα
1231 4772 1517 4840 διαπαντὸς
1592 4782 1708 4851 Θεῷ
1778 4787 1863 4840 καὶ

1953 4769 2232 4830 sessionis
2255 4767 2602 4848 participem
2637 4785 2768 4829 esse
2789 4769 2929 4845 vult,
2967 4781 3026 4832 et
3045 4789 3079 4832 a
3104 4769 3352 4851 reliquis
3382 4791 3588 4838 sacer-

197 4859 496 4939 ἇνθρωποις
555 4861 691 4935 μετὰ
745 4859 980 4941 δακρύων
1015 4877 1029 4892 ⁸
1092 4867 1170 4935 τῷ
1225 4863 1344 4942 μὲν,
1377 4865 1452 4926 ὡς
1496 4864 1645 4939 μόνῳ
1698 4863 1856 4922 δυνα-

1953 4858 2094 4920 dotii
2123 4855 2470 4919 muneribus
2493 4855 2816 4932 abstinere,
2852 4867 3139 4940 perpetuo
3175 4861 3584 4938 paenitentiam

202 4949 351 5026 μένῳ
393 4951 485 5016 τὰς
527 4951 782 5029 ἁμαρτίας
840 4951 1043 5032 ἀφιέναι
1080 4968 1094 4982 ⁸
1152 4964 1269 5015 τοῖς
1324 4951 1402 5027 δὲ,
1449 4953 1540 5010 ’ίνα
1581 4955 1680 5022 τὴν
1727 4977 1858 5035 συγ-

1953 4945 2067 5008 Deo
2115 4955 2173 5008 et
2224 4943 2563 5007 hominibus
2613 4963 2744 5007 cum
2800 4946 3074 5029 lacrymis
3105 4961 3380 5029 agentem
3415 4970 3429 5015 :
3464 4953 3588 5016 Deo

197 5037 447 5118 χώρησιν
503 5040 644 5113 αὒτῷ
713 5039 858 5118 παρὰ
921 5040 1106 5119 Κυρίου
1179 5041 1526 5112 αἰτήσωνται.
1600 5033 1857 5124 Εὖλογεῖν

1953 5034 2296 5120 quidem,uti
2328 5033 2426 5115 qui
2451 5042 2688 5124 peccata
2706 5035 2871 5098 solus
2897 5037 3206 5100 remittere
3239 5041 3456 5121 possit:
3483 5043 3586 5105 ho-

199 5125 255 5182 δὲ
328 5128 418 5182 τὸν
483 5128 548 5183 τὰ
618 5129 793 5184 οἰκεῖα
848 5129 1150 5207 θεραπεύειν
1222 5129 1498 5211 ὀφείλοντα
1531 5123 1848 5212 ’τραύματα

1953 5126 2201 5188 minibus
2230 5133 2455 5198 autem,
2489 5131 2552 5184 ut
2579 5123 2693 5204 ipsi
2723 5124 3220 5189 condonationem
3252 5137 3313 5190 et
3352 5131 3584 5195 veniam

203 5212 322 5273 οὔτε
351 5213 478 5294 ἰδίᾳ,
529 5213 645 5273 οὔτε
697 5213 925 5293 δημοσίᾳ
969 5207 1277 5298 προσήκειν·
1303 5219 1482 5299 φησίν.
1529 5207 1598 5301 ’ῼ
1638 5207 1850 5280 66106-

1953 5237 1968 5278 ι
2002 5215 2252 5280 Domino
2271 5214 2734 5296 petant.Verum
2766 5218 2834 5277 ut
2863 5213 3343 5284 benedictionem
3371 5219 3590 5302 imper-

1529 5385 1786 5454 VARIIE
1830 5382 2256 5457 LECTlONES.

279 5540 344 5592 32
376 5543 564 5618 μόνον,
650 5542 708 5588 ³³
739 5546 1001 5628 νεφάριος,
1086 5547 1152 5600 ³4
1179 5548 1661 5629 ἐπιτροπευθεῖσαν.

293 5702 421 5785 (19)
444 5698 690 5769 Novella
717 5723 822 5784 xu,
857 5723 988 5786 cap.
1030 5709 1080 5771 ι,
1765 5631 2012 5699 NOTAE.
