4074 6212
542 359 691 428 1267

1917 369 1948 432 J
1955 370 2047 432 US
2085 365 2527 434 CANONICUM

3764 364 3912 428 i268

529 496 717 560 tiatur
733 497 813 585 is,
837 497 975 578 quia
1004 497 1245 580 propria
1269 516 1485 562 sanare
1501 500 1746 563 vulnera
1760 500 1962 577 debet,
1988 520 2172 582 neque

2264 525 2368 560 των
2399 505 2458 560 οὔ
2487 503 2697 580 μέτεστι
2743 504 2826 562 διά
2855 507 2916 564 τὸ
2963 507 3236 585 ἀνόμημα,
3297 507 3340 560 εί
3395 506 3482 560 καὶ
3530 505 3670 558 κατὰ
3701 501 3912 578 ἄγνοιαν

534 584 829 668 privatim,
865 605 1059 668 neque
1108 587 1346 668 publice
1393 589 1717 651 convenire
1767 590 1935 652 dicit.
1967 590 2044 652 At
2087 604 2172 670 qu‘

2270 591 2478 673 γέγονε,
2524 600 2637 659 πῶς
2695 597 2853 674 οὗτος
2918 594 3079 674 ἑτέρῳ
3133 583 3374 661 δυνηθείη
3433 589 3794 669 μεταδοῦναι;
3869 589 3916 643 Εἶ

537 674 1119 756 propteradmissum
1147 677 1376 738 facinus
1398 677 1650 757 ipsemet
1667 680 1880 740 horum
1898 682 2172 760 particep:

2270 679 2324 736 δὲ
2365 689 2540 762 τοῦτο,
2590 682 2768 763 σχολῇ
2799 673 2855 762 γ’
2883 683 2945 740 ἂν
2974 673 3034 740 τί)
3083 690 3240 758 σῶμα
3292 693 3384 741 τοῦ
3431 681 3618 760 Κυρίου
3647 678 3915 751 διανεμεῖ.

531 781 664 826 esse
710 765 954 846 nequit,
1005 765 1146 826 licet
1195 785 1303 846 per
1361 767 1752 846 ignorantiam
1813 768 2028 830 factum
2089 767 2184 839 sit,

533 871 791 934 quonam
844 852 1024 915 modo
1079 855 1522 916 communicare
1585 875 1718 917 cum
1776 856 1892 918 alio
1955 855 2185 937 possit?

531 941 698 1014 Quod
749 961 892 1004 sane
941 941 992 1003 si
1037 959 1241 1004 verum
1289 951 1412 1020 est,
1466 944 1650 1006 multo
1706 944 1904 1006 minus
1968 960 2182 1023 corpus

529 1029 768 1093 Domini
818 1030 1153 1093 distribuet.
1194 1030 1350 1094 Satis
1402 1032 1561 1093 enim
1614 1052 1826 1113 magna
1882 1034 2008 1094 hac
2067 1031 2180 1112 ipsi

526 1120 698 1182 venia
727 1127 820 1182 est
851 1127 1092 1201 pr0pter
1133 1120 1734 1201 ignorantiam,quod
1779 1141 1894 1184 non
1939 1121 2179 1202 punitus

526 1208 625 1285 sit,
660 1210 779 1271 imo
813 1212 988 1272 etiam
1019 1211 1315 1272 cathedra;
1345 1210 1420 1272 sit
1449 1210 1644 1272 adhuc
1675 1211 2179 1292 particeps.Hunc

522 1307 717 1361 autem
773 1317 1059 1361 canonem
1125 1300 1348 1380 optime
1411 1300 1858 1380 pronuntiatum
1913 1300 2174 1362 arbitrati

526 1319 717 1361 autem
773 1319 1059 1361 canonem
1125 1319 1348 1448 optime
1411 1319 1858 1380 pronuntiatum
1913 1319 2174 1362 armtrau

526 1387 720 1450 sancti
741 1390 946 1451 Patres
967 1387 1155 1469 synod
1201 1396 1400 1462 sextae,
1440 1388 1788 1467 vigesimum
1814 1397 2041 1451 sextum
2065 1389 2178 1453 sibi

521 1477 816 1550 fecerunt,
861 1477 1133 1558 ipsismet
1174 1479 1301 1558 ejus
1343 1476 1540 1540 verbis
1581 1478 1697 1560 usi,
1730 1479 1842 1540 hoc
1871 1478 2173 1559 duntaxat,

523 1567 782 1647 adjecto,
837 1566 995 1647 quod
1045 1566 1339 1629 incestum
1387 1567 1682 1647 ejusmodi
1730 1566 2171 1628 matrimonium

525 1654 682 1716 haud
707 1653 888 1716 dubie
910 1654 1314 1717 dirimendum
1347 1657 1444 1739 sit,
1485 1677 1594 1721 nec
1617 1656 2180 1740 permittendum,ut

527 1743 648 1806 ullo
683 1743 859 1806 modo
893 1744 980 1805 vir
1008 1763 1078 1806 ea
1108 1744 1362 1828 fruatur,
1399 1755 1642 1829 pr0pter
1671 1765 1844 1826 quam
1878 1745 2177 1806 functione

2273 768 2599 851 Ἀποχρῶσα
2669 773 2795 851 γὰρ
2838 773 2982 847 ὠτῷ
3041 773 3332 851 συγγνώμη
3395 769 3478 827 διὰ
3520 770 3620 835 τὴν
3675 768 3916 844 ἄγνοιαν,

2271 860 2332 915 τὸ
2405 861 2482 936 μὴ
2526 860 2901 937 ἐπιτιμηθῆνκι
2960 861 3095 919 ἀλλὰ
3150 863 3236 917 καὶ
3291 866 3389 926 τῆς
3448 857 3704 936 καθέδρας
3768 853 3920 910 εἷσέ-ιι

2265 949 2536 1029 μετέχειν,
2595 952 2696 1008 Τὸν
2753 949 2808 1006 δὲ
2853 952 3048 1008 κανόνα
3106 958 3288 1007 τοῦτον
3342 949 3396 1004 ἐν
3444 946 3617 1029 καλοῦ
3647 945 3816 1023 μοίρᾳ

2261 1027 2446 1117 πρῳτη
2474 1037 2729 1118 λεχθῆναι
2794 1041 3101 1115 νομίσαντες
3146 1042 3193 1094 οἱ
3242 1039 3339 1104 τῆς
3371 1027 3452 1112 ς’
3502 1032 3722 1092 συνόδου
3785 1036 3914 1088 θεῖοι

2260 1127 2486 1206 Πατέρες
2545 1129 2778 1184 εἰκοστὸν
2830 1128 2980 1184 ἕκτον
3062 1128 3272 1190 ἑαυτοῖς
3347 1126 3732 1195 πεποιήκασν,
3820 1122 3912 1174 αὖ·

2258 1229 2380 1278 ταῖς
2409 1229 2529 1279 ταῖς
2560 1219 2716 1273 αὖτοῦ
2765 1217 3098 1297 χρησάμενοι
3154 1216 3347 1291 λέξεσι,
3378 1212 3688 1292 προσθέντες
3725 1210 3912 1285 μόνον,

2261 1305 2332 1370 ὡς
2409 1307 2436 1362 6
2496 1311 2731 1370 τοιοῦτος
2788 1306 3014 1382 ἄθεσμος
3083 1307 3253 1385 γάμος
3309 1302 3584 1384 προδήλως
3645 1298 3913 1366 διαλυθή-

2262 1415 2430 1467 σεται,
2505 1396 2593 1450 καὶ
2665 1393 2906 1470 οὖδαμῶς
2962 1398 2990 1451 6
3048 1395 3182 1473 ἀνὴρ
3258 1394 3534 1470 μετουσίαν
3603 1387 3706 1453 ’έξει
3784 1390 3913 1464 πρὸς

2259 1482 2381 1557 τὴν,
2435 1480 2500 1538 δι’
2543 1484 2608 1549 ἣν
2664 1489 2762 1550 τῆς
2817 1486 2956 1562 ἱερᾶς
3015 1483 3275 1562 ἐνεργείας
3329 1481 3642 1556 ἐστέρηται’
3708 1479 3756 1533 εἷ
3817 1477 3912 1553 γὰρ

2259 1572 2335 1646 μὴ
2393 1569 2736 1639 διασπασθείη
2793 1574 2853 1628 τὸ
2925 1570 3150 1648 ἄθεσμον
3234 1570 3575 1641 συνοικέσιον,
3636 1565 3759 1624 οὔτε
3815 1565 3914 1631 τὴν

2259 1658 2508 1739 καθέδραν
2553 1658 2680 1736 ἔξει,
2714 1659 2850 1716 ἄλλα
2900 1663 3114 1728 καὶτῆς
3189 1659 3509 1726 Ἐκκλησίας
3550 1655 3910 1724 ἐξωσθήσεται

2261 1748 2394 1823 μετᾶ
2454 1754 2555 1816 τῆς
2639 1750 2958 1829 παρανόμως
3039 1752 3179 1822 αύτῷ
3249 1747 3594 1826 μιγνυμένης,
3676 1745 3770 1800 καὶ
3832 1741 3912 1796 διὰ

531 1851 698 1895 sacra
730 1833 988 1914 privatus
1017 1833 1113 1895 sit.
1155 1833 1386 1914 Quippe
1429 1837 1480 1897 si
1511 1834 1958 1897 matrimonium
2008 1834 2172 1898 ince-

2259 1842 2358 1926 τῆς
2403 1844 2508 1894 τῶν
2553 1838 2832 1919 ἀρχόντων
2898 1839 3130 1905 ἐξουσίας
3189 1841 3217 1894 6
3273 1839 3441 1916 γάμος
3508 1833 3906 1901 διαλτθήτεται,

524 1929 680 1983 stum
711 1941 830 1983 non
855 1922 1034 1984 fuerit
1064 1922 1453 2004 diremptum,
1479 1943 1673 2006 neque
1703 1923 2043 1986 cathedram
2069 1924 2172 1985 ha-

2263 1917 2319 1983 ιο
2371 1926 2469 2004 γὰρ
2518 1917 2658 2001 μετᾶή
2707 1927 2805 1993 τὴν
2875 1926 3153 2006 ἐπίγνωσιν
3197 1925 3458 2002 ἐπιμένων
3522 1929 3592 1998 τῇ
3649 1919 3905 1997 ἁμαρτίᾳ,

525 2009 715 2086 bebit,
746 2019 921 2093 atque
964 2012 1143 2074 etiam
1196 2012 1528 2092 expelletur
1558 2032 1625 2075 ex
1659 2012 1913 2075 ecclesia
1941 2031 2074 2074 cum
2110 2031 2180 2074 ea

2259 2015 2330 2079 ὡς
2363 2015 2683 2090 αἱμομίκτης
2712 2015 2954 2095 άτεχντῦς
2985 2017 3437 2093 τιμωρηθήσεται,

527 2119 782 2183 quacum
818 2101 1043 2164 nefarie
1075 2102 1438 2164 concubuit:
1475 2111 1534 2165 et
1563 2100 1913 2164 auctoritate
1945 2101 2390 2180 magistratuum
2460 2110 2658 2182 nuptae
2703 2103 3049 2166 solventiur.
3101 2101 3246 2164 Nam
3303 2101 3403 2184 qui
3463 2107 3593 2181 post
3645 2095 3911 2175 agnitio-

531 2209 669 2253 nem
695 2190 757 2252 in
790 2198 1029 2270 peccato
1062 2199 1420 2272 perseverat,
1456 2192 1611 2254 haud
1646 2190 1824 2251 dubie
1856 2197 2132 2270 tanquam
2167 2189 2406 2272 proprio
2437 2192 2709 2271 sanguini
2741 2208 2804 2255 se
2836 2192 3094 2254 miscens
3126 2191 3426 2273 punietur.

655 2279 740 2341 De
771 2279 948 2342 (uicis
977 2281 1238 2343 incestus
1267 2281 1762 2343 contrahentibus
1789 2280 2056 2359 nuptias.

607 2367 873 2450 Epistola
900 2367 1102 2430 Basilii
1138 2368 1333 2448 magni
1371 2369 1441 2430 ad
1478 2368 1802 2432 Diodorum
1826 2368 2181 2430 Tarsensem

2537 2305 2564 2335 α
2611 2284 2734 2362 Περὶ
2766 2281 2972 2338 λα’ἰκῶν
3003 2283 3556 2360 ἀθεμιτογαμούντων.
3603 2301 3631 2333 ι

2351 2361 2412 2427 Ἠ
2484 2368 2538 2426 δὲ
2581 2361 2711 2450 πρὸς
2774 2367 3034 2448 Διόδωρον
3077 2372 3168 2427 τὸν
3210 2369 3497 2426 ἐπὶσκοπον
3544 2375 3751 2445 Ταρσοῦ
3823 2373 3911 2420 τοῦ

532 2457 1075 2539 episcopum,omni
1092 2459 1383 2540 sapientia
1394 2459 1568 2539 plena
1582 2466 1760 2534 est,et
1777 2457 2043 2518 suasoria
2056 2475 2172 2518 ora-

2268 2457 2500 2536 μεγάλου
2548 2458 2818 2516 Βασιλείου
2871 2458 3150 2540 ἐπιστολὴ,
3206 2460 3382 2525 πάσης
3426 2458 3522 2533 μὲν
3578 2457 3766 2536 σοφίας
3824 2475 3912 2510 πει

527 2554 720 2608 torum
769 2554 897 2608 arte
957 2555 1187 2611 ornata.
1240 2547 1475 2610 Tractat
1526 2555 1722 2609 autem
1772 2565 1861 2619 ea,
1909 2565 2038 2627 quae
2075 2563 2172 2627 per

2267 2545 2565 2627 πλήρωται,
2653 2548 2741 2604 καὶ
2813 2548 3069 2626 ῥητορικῇ
3141 2549 3499 2626 περιήνθισται
3568 2545 3902 2610 πιθανότητι.

525 2634 635 2697 Dei
665 2635 912 2714 gratiam
938 2635 1234 2700 hodierno
1257 2637 1354 2701 die
1388 2637 1535 2698 nulli
1579 2635 1807 2698 homini
1843 2635 2172 2698 Christiano

2261 2633 2726 2711 Ἀνασκευάζειδὲ,
2762 2635 2890 2692 ἅττα
2936 2635 3103 2702 οὐδεὶς
3149 2639 3220 2702 εἷς
3260 2635 3325 2686 35
3369 2635 3601 2691 διάνοιαν
3646 2632 3905 2704 ἀνθρώπῳ

525 2722 588 2784 in
631 2730 892 2784 mentem
928 2727 1194 2787 veniunt.
1238 2727 1467 2807 Quippe
1503 2725 1796 2786 Diodorus
1830 2742 1862 2786 a
1901 2725 2172 2805 quapiam

2263 2731 2558 2801 Χριστιανῷ
2585 2732 2653 2802 τῇ
2709 2729 2802 2783 τοῦ
2851 2734 2980 2784 Θεοῦ
3029 2727 3210 2806 χάριτι
3253 2726 3352 2792 τὴν
3384 2725 3614 2801 τήμερον
3661 2720 3901 2800 ἔρχεται.

524 2811 945 2893 interrogatus,
987 2821 1189 2894 posset
1221 2833 1294 2876 ne
1317 2816 1595 2877 defuncta
1625 2832 1804 2876 uxore
1833 2831 1966 2889 sua,
2003 2831 2172 2874 soro-

2263 2813 2575 2892 Ἐρωτηθεὶς
2653 2815 2752 2893 γὰρ
2811 2815 2941 2893 πρός
2996 2837 3136 2879 τινος
3168 2817 3196 2870 ὁ
3269 2810 3550 2891 Διόδωρος,
3607 2812 3651 2866 εί
3699 2808 3908 2866 δυναιτο

525 2917 652 2964 rem
686 2900 814 2980 ejus
854 2901 913 2962 in
965 2903 1406 2965 matrimonium
1454 2902 1750 2981 accipere,
1802 2920 1909 2982 per
1953 2901 2172 2963 litteras

2258 2901 2355 2969 τῆς
2411 2903 2654 2981 γυναικὸς
2723 2902 2878 2960 αύτοῦ
2929 2904 3186 2970 θανούσης
3255 2903 3354 2968 τὴν
3415 2900 3617 2966 ἐκείνης
3675 2895 3906 2977 ἆδελιρὴν

524 2988 940 3070 responderat,
1001 2991 1060 3052 id
1114 2990 1361 3054 minime
1409 2991 1737 3072 prohiberi.
1788 2992 1934 3053 Cum
1978 2998 2172 3052 autem

2259 2989 2544 3069 ἀγαγέσθαι
2655 2993 2784 3070 πρὸς
2895 2992 3090 3072 γάμον,
3201 2990 3512 3069 ἀπεκρίνατο
3595 2986 3903 3066 ἐγγράφως,

534 3095 782 3156 magnus
810 3077 913 3140 ille
942 3077 1116 3142 Pater
1145 3079 1396 3142 Basilius
1429 3079 1718 3156 ejusmodi
1749 3077 1985 3159 nuptias
2016 3085 2172 3139 veta-

2259 3089 2414 3137 τοῦτο
2445 3079 2520 3155 μὴ
2570 3079 2882 3143 κωλύεσθαι,
2938 3088 3024 3155 Τῷ
3079 3079 3132 3136 δὲ
3166 3077 3383 3157 μεγαλῳ
3428 3077 3588 3154 Πατρὶ
3649 3073 3908 3144 Βασιλείῳ

530 3178 646 3241 ret,
672 3165 868 3230 oblata
911 3176 999 3230 est
1047 3168 1102 3230 ei
1148 3167 1369 3249 scripta
1405 3169 1531 3230 haec
1573 3167 1818 3229 Diodori
1859 3166 2172 3228 sententia.

2260 3169 2351 3223 τὸν
2381 3174 2614 3224 τοιούτον
2657 3169 3034 3249 ἀπαγορεύοντι
3079 3169 3239 3245 νόμον
3265 3165 3350 3244 56,
3396 3169 3431 3234 ἡ
3456 3172 3544 3222 τοῦ
3576 3160 3906 3239 ΘεοδλὶιραῦῚ

533 3253 722 3330 Quam
755 3275 887 3318 cum
920 3275 984 3319 se
1013 3242 1661 3338 graviter-molesteque
1691 3257 1849 3318 ferre
1899 3255 1987 3316 vir
2035 3273 2172 3317 san-

2263 3254 2522 3337 ἓγγραφος
2573 3242 2848 3338 ἀπόφασις.
2936 3242 3339 3338 ἐμφανίζεται,-
3412 3248 3569 3333 ιΥπὲρ
3663 3254 3736 3317 ἧς
3820 3254 3904 3308 καὶ

532 3352 662 3406 ctus
690 3345 1074 3423 ostendisset,
1109 3346 1421 3428 epistolam
1466 3346 1620 3409 hanc
1653 3363 1866 3425 magna
1893 3343 2172 3406 refertam

2260 3343 2638 3417 δεινοπαθήσας
2695 3350 2724 3404 6
2779 3347 2952 3426 ἅγιος,
3043 3347 3142 3414 τὴν
3211 3345 3416 3413 πολλῆς
3493 3343 3752 3423 ὠφελείας
3809 3342 3902 3418 γέ-

531 3433 784 3497 utilitate
823 3437 1310 3518 composuit,qua
1336 3454 1457 3498 non
1478 3435 1586 3497 has
1623 3432 1981 3510 tantum,sed
1999 3432 2172 3494 etiam

2260 3456 2461 3511 μουσαν
2516 3436 2758 3502 συνέταξε
2817 3437 3012 3503 ταύτην
3085 3435 3392 3510 ἐπιστολὴν,
3453 3436 3530 3511 μὴ
3575 3434 3742 3509 μόνον
3816 3433 3904 3486 τὸν

528 3540 738 3585 omnes
789 3525 1023 3587 illicitas
1067 3526 1305 3606 nuptias
1354 3524 1586 3586 evertit.
1639 3522 1871 3604 Quippe
1911 3518 2172 3601 generali

2258 3531 2515 3600 τοιοῦτον,
2575 3524 2711 3584 ἀλλὰ
2765 3529 2853 3583 καὶ
2935 3527 3107 3583 πάντα
3196 3526 3420 3601 ἄθεσμον
3509 3523 3903 3601 ἀνατρέπουσαν

523 3613 923 3694 appellatione
956 3615 1316 3696 impuritatis
1366 3633 1530 3685 usus,
1577 3631 1788 3674 omnes
1837 3607 2172 3690 hujusmodi

2261 3613 2456 3692 γάμον.
2498 3619 2585 3688 Τῷ
2613 3614 2739 3694 ςγᾶρ
2794 3622 2987 3694 γενικῷ
3041 3615 3383 3695 χρησάμενος
3437 3613 3530 3682 τῆς
3586 3610 3903 3688 ἀκαθαρσίας

524 3701 760 3782 nuptias
777 3702 1036 3766 breviter
1054 3713 1143 3767 est
1159 3703 1519 3784 complexus.
1543 3705 1836 3765 Caeterum
1859 3700 1920 3761 in
1942 3716 2172 3761 canone

2258 3703 2500 3777 ὀνόματι,
2575 3705 2788 3784 τούτους
2841 3705 3075 3768 ἅπαντας
3124 3702 3526 3783 ἐμπεριείληφεν
3580 3700 3636 3755 ἒν
3677 3701 3902 3778 βραχεῖ.

523 3781 669 3854 Χιιιι
692 3809 705 3854 :
732 3795 820 3856 De
855 3792 950 3870 iis,
983 3793 1086 3864 ait,
1120 3793 1222 3875 qui
1253 3781 1403 3855 duas
1448 3810 1688 3854 sorores
1717 3791 1960 3863 ducunt,
1997 3787 2169 3870 quale

2258 3785 2344 3848 Ἐν
2369 3790 2530 3864 δὲτῷ
2583 3781 2674 3871 κγ’
2728 3793 2932 3872 κανόνι,
2979 3793 3102 3872 Περὶ
3145 3781 3405 3870 τῶνγδύο,
3448 3781 3638 3865 Ἰφησὶν,
3673 3787 3901 3865 aestas:

525 3879 601 3940 sit
632 3889 894 3942 nostrum
939 3881 1277 3962 judicium:
1334 3901 1402 3944 ex
1441 3879 1692 3960 epistola
1743 3897 1849 3957 per
1901 3877 2088 3952 brevi,
2135 3895 2168 3937 a

2258 3881 2557 3960 γαμούντων
2631 3881 2776 3947 ὅπως
2835 3881 3034 3962 ’έχομεν
3106 3882 3349 3959 κρίσεως,
3423 3879 3528 3936 ἀπὸ
3585 3886 3677 3935 τοῦ
3738 3879 3902 3935 ἐκπε-

524 3967 697 4029 nobis
725 3969 1137 4051 dictata,cujus
1163 3971 1498 4051 exemplum
1531 3968 1878 4030 reverentia
1911 3975 2022 4027 tua:
2052 3964 2166 4025 mi-

2258 3969 2566 4051 ιρωνημένου
2648 3970 2784 4047 ἡμῖν
2840 3968 3210 4044 ἐπιστολιδίου,
3297 3973 3356 4026 οὗ
3437 3970 3499 4024 τὸ
3583 3967 3903 4046 ἀντίγραᾳον

520 4058 728 4134 simus,
762 4066 927 4120 recte
977 4059 1296 4139 intelliges.
1325 4059 1552 4132 Quibus
1576 4058 1635 4119 in
1667 4056 1864 4118 verbis
1914 4056 2067 4116 hanc
2097 4055 2171 4116 ad

2258 4057 2660 4136 ἀπεστᾶλκαμέν
2691 4081 2784 4117 σου
2814 4065 2880 4136 τῇ
2909 4057 3170 4132 εὒλαϐείᾳ,
3218 4059 3274 4116 εὖ
3303 4057 3447 4135 μάλα
3493 4056 3620 4132 εἴση
3655 4075 3670 4090 ⁸
3705 4059 3905 4121 ταύτην

516 4145 841 4208 Diodorum
877 4147 1126 4228 epistola
1163 4149 1484 4228 signiﬁcat,
1513 4165 1690 4228 quam
1716 4146 1904 4226 ipsam
1932 4162 2168 4225 quoque

2258 4145 2318 4216 δὴ
2361 4145 2532 4226 λέγων
2561 4149 2660 4216 τὴν
2703 4151 2833 4229 πρὸς
2870 4147 3126 4226 Διόδωρον
3184 4147 3491 4221 ἐπιστολὴν,
3545 4147 3611 4213 ἣν
3657 4147 3747 4200 καὶ
3777 4147 3904 4224 πρὸς

517 4234 589 4296 ad
621 4244 889 4297 sanctum
913 4236 1390 4318 Amphilochium
1441 4236 1624 4298 misit.
1657 4235 1728 4296 Et
1753 4252 1916 4305 vero,
1952 4233 2166 4314 inquit,

2258 4236 2344 4292 τὸν
2404 4235 2554 4314 ἅγιον
2611 4236 2888 4317 πέπομφεν
2942 4235 3324 4316 Ἀμφιλόχιον.
3413 4242 3499 4309 Τῷ
3553 4232 3609 4290 δὲ
3660 4231 3901 4306 λαϐόντι,

519 4325 612 4388 sui
637 4324 740 4406 qui
774 4324 972 4387 fratris
1003 4345 1245 4390 uxorem
1289 4325 1545 4403 duxerit,
1596 4344 1712 4386 non
1765 4323 1932 4405 prius
1966 4321 2160 4403 paeni-

2258 4327 2403 4405 φησὶ,
2467 4335 2559 4384 τοῦ
2605 4324 2735 4385 ἰδίου
2777 4324 3001 4404 ἀδελφοῦ
3071 4325 3167 4393 τὴν
3225 4338 3474 4402 γυναῖκα,
3534 4324 3594 4380 οὔ
3646 4324 3905 4401 πρότερον

518 4415 716 4477 tentia;
747 4415 914 4478 locus
930 4415 1186 4491 dabitur,
1205 4434 1380 4499 quam
1416 4415 1488 4477 ab
1514 4434 1582 4478 ea
1605 4411 1940 4475 diverterit.
1977 4410 2164 4490 Hujus

2258 4412 2406 4478 τόπος
2452 4415 2728 4490 μετανοίας
2785 4413 3082 4487 δοθήσεται,
3143 4416 3260 4493 πρὶν
3317 4415 3377 4469 ἃν
3429 4413 3625 4478 ταύτης
3659 4411 3902 4486 ἀποστῇ.

517 4493 1321 4586 ερίεῑοιωιιυίηίιιιεεθείηἶιιε
1337 4506 1511 4568 etiam
1532 4514 1775 4586 quartus
1796 4500 2002 4581 synodi
2027 4517 2163 4561 sex--

2258 4503 2453 4570 Γαύτης
2481 4509 2579 4569 τῆς
2637 4503 2920 4571 ἐπιστολῆς
2976 4505 3063 4559 καὶ
3120 4506 3148 4560 6
3191 4493 3269 4558 νϐ’
3323 4501 3416 4570 δῆς
3475 4501 3634 4568 ἕκτης
3683 4499 3906 4557 συνόδου

517 4598 591 4655 ιω
612 4611 801 4655 canon
835 4594 1125 4670 meminit,
1148 4614 1280 4658 cum
1299 4595 1409 4658 ait:
1427 4592 1684 4656 Tametsi
1716 4607 1929 4671 paucas
1941 4608 2010 4651 ex
2033 4607 2166 4669 pro-

517 4681 721 4744 hibitis
751 4684 970 4764 nuptiis
990 4683 1079 4745 vir
1098 4693 1335 4748 sanctus
1357 4681 1814 4761 enumeraverit,
1848 4687 1904 4741 et
1924 4679 2162 4740 silentio

517 4772 856 4852 complures
881 4790 1085 4834 earum
1121 4773 1494 4854 praeterierit,
1528 4790 1603 4834 ne
1631 4789 1799 4832 suam
1833 4767 2163 4830 orationem

516 4858 776 4940 profanis
797 4860 1101 4923 vocabulis
1123 4861 1478 4936 sordidaret,
1503 4879 1610 4942 per
1638 4857 1982 4939 generalem
2005 4855 2162 4917 dun-

515 4955 671 5009 taxat
702 4948 1078 5026 impuratatis
1121 4951 1580 5031 appellationem
1613 4946 1859 5009 nefariis
1887 4944 2163 5007 omnibus

514 5037 739 5118 nuptiis
767 5037 1043 5100 indicatis
1075 5060 1088 5097 :
1125 5057 1233 5101 nos
1259 5049 1454 5102 tamen
1500 5036 1818 5099 definimus
1864 5053 2024 5109 eum,
2057 5034 2160 5114 qui

515 5144 651 5187 cum
683 5125 1041 5190 consobrina
1063 5146 1170 5190 sua
1203 5129 1435 5210 nuptias
1466 5125 1782 5199 contrahit,
1809 5124 1899 5186 vel
1932 5132 2158 5205 patrem

517 5221 578 5278 et
607 5214 795 5278 filium
826 5234 960 5278 cum
997 5223 1186 5280 matre
1220 5236 1289 5280 ac
1314 5217 1456 5293 tilia,
1495 5215 1585 5278 vel
1619 5223 1846 5296 patrem
1883 5220 1938 5275 et
1979 5213 2165 5275 ﬁlium

515 5321 652 5366 cum
684 5303 914 5367 duabus
936 5305 1272 5388 sororibus,
1304 5307 1396 5369 vel
1427 5306 1575 5368 duos
1597 5303 1810 5366 fratres
1842 5320 1973 5363 cum
2012 5301 2165 5364 dua-

510 5390 622 5456 bus
645 5392 982 5470 sororibus,
1018 5394 1129 5458 sub
1161 5413 1452 5459 canonem
1485 5391 1784 5475 septennii
1814 5390 2059 5467 cadere;
2081 5391 2166 5453 sic

2246 4592 2420 4649 κανὼν
2488 4592 2779 4669 μέμνηται,
2852 4592 2940 4649 καί
2997 4615 3156 4673 φησιν
3191 4611 3206 4625 '
3257 4594 3313 4649 Ei
3368 4593 3455 4648 καί
3511 4589 3720 4668 ὀλίγους
3804 4597 3905 4645 τῶν

2244 4679 2611 4760 ἀπειρημένων
2667 4681 2855 4761 γάμων
2909 4683 2936 4738 6
2995 4681 3142 4758 ἅγιος
3202 4680 3556 4760 ἧριθμήσατο,
3619 4685 3812 4754 σιωπῇ
3856 4677 3905 4732 δὲ

2244 4771 2362 4834 τοὺς
2413 4769 2601 4836 πλέους
2653 4770 2850 4826 τούτων
2903 4767 3250 4849 παρέδραμεν,
3313 4769 3405 4824 ἵνα
3463 4769 3541 4844 μὴ
3599 4769 3690 4823 τὸν
3737 4766 3904 4845 λόγον

2244 4861 2588 4939 καταρυπάνῃ
2625 4873 2742 4924 τοῖς
2792 4855 3038 4935 βεϐήλοις
3111 4858 3356 4938 ὀνόμασι,
3415 4881 3484 4933 τῃ
3531 4862 3628 4923 τῆς
3661 4857 3907 4935 ἀκαθιρο

2244 4948 2358 5013 σίας
2459 4948 2618 5024 μόνον
2713 4953 2900 5027 γενικῇ
2972 4948 3298 5025 προσηγορίᾳ
3365 4947 3482 5010 τοὺς
3555 4946 3902 5024 παρανόμους

2243 5037 2550 5112 σύμπαντας
2597 5035 2862 5101 ὑποδείξας
2914 5037 3138 5114 γάμους.
3197 5033 3345 5091 Ἀλλ’
3419 5036 3583 5110 ἡμεῖς
3633 5034 3904 5113 ὁρίζομεν,

2247 5127 2339 5182 τὸν
2397 5133 2464 5204 τῇ
2546 5125 2710 5198 οἰκείᾳ
2780 5122 3031 5204 ἐξαδέλφη
3089 5131 3332 5202 γαμικῶς
3388 5125 3820 5201 συναπτόμενον,
3875 5128 3906 5192 ἢ

2371 5214 2379 5228 ο
2549 5215 2562 5234 ι
2646 5215 2658 5232 \
2906 5214 2920 5231 ι
3077 5213 3092 5234 \
3319 5216 3334 5234 ἢ
3409 5213 3430 5232 ἢ
3506 5211 3554 5234 λα
3650 5213 3707 5233 ’Ν

2248 5237 2448 5294 πατερα
2479 5238 2566 5271 και
2594 5217 2702 5274 υἱον
2763 5234 2947 5292 μητρι,
3008 5235 3096 5269 και
3125 5216 3358 5292 θυγατρι,
3407 5236 3443 5280 η
3501 5233 3590 5269 ουο
3641 5214 3904 5297 ἀδελφαῖς

2247 5303 2447 5374 πατέρα
2505 5304 2593 5360 καὶ
2659 5304 2792 5375 υἱὸν,
2850 5301 2887 5369 ἢ
2953 5299 3206 5382 ἀδελφοὺς
3286 5299 3377 5358 δύο
3429 5299 3569 5358 δυσὶν
3612 5299 3902 5383 ἀδελφαῖς,

2246 5392 2347 5448 ὑπὸ
2376 5393 2464 5448 τὸν
2496 5395 2593 5459 τῆς
2642 5393 2916 5458 ἑπταετίας
2975 5391 3182 5448 πίπτειν
3240 5391 3456 5467 κανόνα,
3508 5389 3905 5469 ἀφισταμένους

1846 5558 2098 5624 VARIE
2142 5557 2576 5624 LECTIONES.

585 5667 639 5711 ³⁵
665 5669 796 5728 ἅττα
824 5669 940 5729 068%
973 5677 1070 5738 εἰς.
1154 5669 1211 5716 ³6
1240 5675 1435 5753 γάμου.
1523 5667 1575 5712 ³⁷
1609 5668 1900 5748 Διοδώρου.
