4074 6212
256 311 415 379 1269
1574 314 1891 379 ϐΙὶιΕΟΟ-]

1975 310 2282 378 ιΜΑΝυΜ.
3465 302 3623 393 mo

253 448 505 527 πρότερον
560 455 652 506 τοῦ
736 452 1041 529 παρανόμου
1127 450 1467 507 συνοικεσίου.
1547 440 1605 507 ι0
1671 447 1726 505 δὲ
1808 454 1891 503 τοῦ

1984 454 2202 521 tamen,
2241 454 2305 509 ut
2360 465 2396 509 a
2452 446 2678 509 nefario
2733 448 3007 530 conjugio
3058 447 3222 527 prius
3275 445 3616 510 discedant.

254 535 489 615 μεγάλου
544 536 813 596 Βασιλείου
879 530 956 609 EC.
1007 536 1106 605 τὴν
1167 534 1536 617 ἀδελφομιξίαν
1591 539 1665 602 εἰς
1723 534 1891 593 εἴκοσι

1980 533 2181 598 Canon
2222 544 2415 598 autem
2471 553 2626 599 xum
2676 535 2877 599 Basilii
2917 536 3114 616 magni
3157 536 3484 606 hominem,
3518 534 3621 618 qui

257 625 504 704 χρόνως,
536 628 628 707 ὡςΔ
651 627 857 707 καὶτὸν
899 628 1057 707 φόνον
1088 625 1173 700 38,
1195 631 1295 694 τῆς
1324 627 1597 689 κοινωνίας
1627 622 1891 687 ἐκϐάλλει,

1980 642 2114 686 cum
2161 643 2367 687 sorore
2417 644 2523 687 sua
2570 643 2697 687 rem
2747 625 3040 701 habuerit,
3075 626 3136 686 in
3173 643 3361 686 annos
3392 624 3618 706 viginti,

354 712 489 791 δέγε
541 702 675 785 ξη’,’
710 704 774 770 Ἠ
970 714 1329 794 ἀπειρημένης
1387 715 1535 794 φησὶ,
1596 713 1891 793 συγγενείας

1980 711 2133 775 sicut
2164 720 2224 775 et
2253 713 2631 792 homicidam,
2677 731 2712 775 a
2740 715 3161 777 communione
3197 713 3417 794 rejicit.
3454 702 3618 776 item

256 804 387 881 πρὸς
438 802 609 881 γάμον
669 803 915 885 σύσταρις
971 805 1015 860 εί
1069 804 1355 885 φωραθείη,
1405 804 1499 885 τὰΔ
1525 808 1631 859 τῶν
1684 809 1891 882 μοιχῶν

1976 818 2156 865 vam
2184 821 2375 865 canon
2413 824 2428 863 :
2458 803 2523 864 Si
2551 804 2989 884 deprehensum
3023 804 3221 878 fuerit,
3250 802 3461 884 inquit,
3490 821 3621 865 ma-

252 875 489 966 ὲπιτίμια
513 875 754 956 δέξεται.
821 875 980 972 Ἀπερ
1024 875 1171 966 εἰσὶν,
1222 893 1257 960 ἡ
1315 894 1386 955 εἷς
1431 880 1499 948 ιε⁹
1525 875 1747 971 χρόνους
1783 875 1891 959 ’τῆς

1979 888 2322 952 trimonium
2346 875 2709 954 contrabiex
2731 893 3083 972 cognatione
3104 875 3620 974 pro—hibita,ptena3

250 980 523 1045 κοινωνίας
594 980 864 1060 στέρησις,
928 980 1179 1061 πρότερον
1246 988 1339 1039 τοῦ
1421 980 1596 1059 γάμου
1651 977 1891 1037 διασπω-

1975 977 2377 1042 adulterorum
2400 979 2842 1061 irrogabuntur.

246 1067 426 1143 μένου.
1190 1077 1207 1083 ”

328 1148 386 1215 Ὀ
412 1155 467 1214 δὲ
499 1180 555 1214 οε
568 1147 601 1232 ’,
652 1149 709 1217 ’0
738 1156 939 1240 ἀδελφῇ
970 1156 1071 1233 ἰδίᾳ
1098 1158 1158 1216 ἐκ
1199 1160 1395 1237 πατρὸς
1438 1159 1475 1228 ἢ
1518 1159 1719 1238 μητρὸς
1749 1180 1891 1234 συμ-

2055 1154 2196 1229 Quae
2223 1155 2463 1237 quidem
2490 1165 2647 1232 sunt,
2681 1177 2715 1221 a
2743 1158 3164 1221 communione
3205 1158 3279 1221 ad
3321 1178 3403 1223 xv
3431 1179 3620 1223 annos

241 1248 499 1326 μιανθεὶς,
572 1248 660 1304 καὶ
727 1253 821 1304 τοῦ
877 1247 1030 1305 ο’ἷκου
1070 1249 1170 1315 τῆς
1212 1249 1518 1327 προσευχῆς
1579 1245 1889 1327 ἐξωθείσθω,

1975 1243 2258 1318 exclusio,
2327 1245 2705 1309 matrimonio
2780 1248 2945 1328 prius
3014 1247 3334 1329 dirempto.
3417 1251 3619 1312 Cauon

245 1339 427 1413 φησὶν,
459 1334 593 1398 ἕσως
623 1333 685 1391 ἂν
736 1333 841 1391 ἀπὸ
895 1340 963 1412 τῇ
1008 1341 1107 1404 τῆς
1134 1333 1189 1378 ³9
1231 1335 1475 1410 ἀθεμίτου
1515 1336 1603 1392 καὶ
1650 1334 1891 1413 παρανό-

1975 1350 2112 1394 vero
2142 1350 2295 1395 Lxxv
2329 1334 2411 1395 ait
2442 1353 2456 1395 :
2494 1334 2603 1407 Qui
2634 1354 2768 1397 cum
2810 1353 3016 1398 sorore
3063 1355 3190 1412 sua,
3227 1339 3442 1400 eodem
3482 1344 3617 1399 nata

248 1444 353 1498 μου
408 1421 641 1501 μίξεωςη
683 1420 1089 1503 Ἀποσχόμενος
1132 1422 1211 1498 δὲ,
1270 1426 1357 1480 καὶ
1406 1421 1560 1489 ἀξίως
1619 1424 1891 1499 μετανοή-

1976 1430 2139 1501 patre
2170 1423 2258 1484 vel
2295 1431 2499 1498 matre,
2534 1442 2665 1487 sese
2696 1424 2931 1505 polluit,
2976 1426 3156 1489 etiam
3209 1435 3374 1489 extra
3403 1443 3617 1507 preca-

250 1532 369 1595 σας,
415 1512 551 1595 μετά
578 1509 777 1568 δώδεκα
826 1511 920 1579 ἔτη
969 1515 1065 1580 τῆς
1108 1512 1247 1577 θείας
1290 1510 1544 1577 ἀξιούσθω
1593 1512 1891 1576 κοινωνίας.

1976 1509 2154 1572 tionis
2178 1511 2365 1574 aedem
2392 1513 2741 1593 expellatur,
2759 1513 2969 1595 inquit,
3025 1514 3217 1577 donec
3268 1514 3341 1576 ab
3388 1515 3618 1576 incesto

251 1587 310 1656 ’0
340 1596 394 1654 δὲ
453 1588 545 1665 οη’
575 1614 590 1630 ⁶
652 1602 712 1657 Oi
762 1597 849 1655 δύο
896 1597 1118 1680 ἀδελφὰς
1174 1601 1247 1665 εἰς
1290 1598 1609 1659 πνοικὲσιον
1678 1597 1891 1675 λαμϐά-

1977 1606 2035 1660 et
2063 1600 2291 1661 nefario
2313 1587 2635 1664 concubitu
2663 1587 3027 1667 discesserit.
3063 1605 3209 1667 Cum
3254 1611 3456 1665 autem
3503 1601 3620 1664 ab-

246 1707 449 1766 νοντες,
520 1688 565 1743 εἰ
618 1689 707 1745 καὶ
764 1689 902 1746 κατά
976 1658 1251 1768 διάφόρους
1295 1689 1543 1769 χρόνους,
1616 1658 1762 1764 μετὰι
1831 1690 1891 1744 τὸ

1975 1688 2273 1758 stinuerit.
2309 1697 2367 1751 et
2402 1701 2564 1752 recte
2592 1691 2999 1771 paenitentiam
3029 1691 3258 1771 egerit;
3292 1692 3615 1755 duodecim

247 1771 630 1843 διασπασθῆναι
684 1778 776 1833 τὸν
830 1776 1074 1857 ἀθέμιτον
1117 1779 1311 1855 γάμον,
1368 1784 1445 1853 τῷ
1500 1782 1601 1844 τῆς
1644 1777 1890 1857 μοιχείας

246 1862 547 1920 ὑπόκεινται
576 1866 815 1943 κρίματι.
863 1856 922 1923 ’0
971 1863 1025 1921 δὲ
1055 1856 1192 1940 σίζ’.
1226 1857 1284 1925 Ὀ
1336 1866 1493 1929 αὒτὸς
1545 1864 1703 1937 ἔστω,
1736 1856 1887 1945 φησὶ,

246 1952 426 2035 τύπος
468 1954 556 2009 καὶ
613 1956 729 2035 περὶ
800 1960 908 2010 τῶν
965 1955 1060 2018 τὰς
1130 1956 1332 2035 νύμφας
1376 1956 1544 2012 αὐτῶν
1586 1953 1890 2031 λαμϐανόν-

246 2060 375 2102 των.
413 2030 468 2098 Ὀ
497 2039 552 2096 δὲ
585 2030 712 2098 οθΓ·
748 2044 847 2101 Καὶ
890 2045 936 2099 οἱ
988 2056 1113 2108 ταῖς
1156 2030 1420 2122 μητρυαῖς
1465 2043 1637 2099 αὐτῶν
1665 2042 1887 2118 ἐπιμαι-

248 2128 457 2204 νόμενοι
482 2129 567 2209 ιο,
598 2136 675 2204 τῷ
728 2131 909 2188 κανόνι
961 2132 1288 2207 ὑπόκεινται,
1342 2136 1387 2206 ᾧ
1412 2132 1499 2188 καὶ
1528 2134 1575 2189 οἱ
1603 2144 1724 2194 ταῖς
1763 2132 1891 2186 ἐαυ-

246 2223 351 2275 τῶν
379 2216 631 2299 ἀδελφαῖς
662 2220 1124 2296 συμμιαινόμενοι.
1183 2212 1239 2279 Ὀ
1297 2219 1352 2276 δὲ
1400 2222 1497 2288 τῆς
1548 2220 1603 2277 ἐν
1660 2230 1890 2277 Νεοκαι-

247 2306 427 2385 σαρείᾳ
481 2298 695 2365 συνόδου
747 2298 825 2385 β’,
886 2310 977 2366 σὺν
1019 2307 1158 2365 δυσὶν
1212 2306 1464 2389 ἀδελφοῖς
1520 2308 1891 2387 γεγαμηνένην

249 2392 551 2460 ἐξωθεῖσθαι
576 2403 674 2465 τῆς
733 2397 1052 2465 Ἐκκλησίας
1110 2398 1210 2462 ἕως
1239 2399 1461 2458 θανάτου
1527 2396 1751 2456 κελεύει.
1812 2398 1892 2473 μὴ

248 2484 564 2559 πειθομένην
591 2485 744 2543 λῦσαι
787 2484 992 2554 δηλαδῆ
1055 2488 1148 2543 τὸν
1194 2486 1389 2565 γάμον.
1452 2487 1609 2561 Νόσψ
1640 2484 1694 2541 δὲ
1735 2508 1891 2566 περι-

246 2578 479 2628 πεσοῦσα
505 2579 575 2649 τῇ
637 2574 859 2632 θάνατον
920 2573 1234 2651 ἀπειλούσῃ,
1292 2576 1336 2630 εἰ
1405 2573 1787 2654 ἐπαγγέλλεται
1818 2576 1892 2639 ὡς

247 2659 480 2736 ῥαίσασα
533 2660 678 2719 λύσει
729 2665 821 2720 τὸν
889 2664 1082 2742 γάμον,
1157 2661 1542 2743 προσδέχεσθαι
1596 2665 1667 2730 εἷς
1722 2663 1890 2740 μετά-

252 2769 420 2823 νοιαν,
473 2752 528 2807 Ei
570 2749 621 2806 δὲ
677 2755 765 2809 καὶ
820 2752 922 2820 τὴν
994 2765 1223 2831 γυναῖκα
1274 2750 1582 2821 τελευτῆσαι
1636 2750 1889 2827 συμϐαίη,

249 2837 286 2906 ἢ
315 2841 409 2896 καὶ
451 2844 544 2897 τὸν
599 2841 780 2922 ἄνδρα,
828 2842 904 2899 ἔτι
953 2850 1023 2921 τῇ
1077 2843 1296 2920 τοιαύτη
1339 2847 1637 2923 παρανομίᾳ
1665 2844 1893 2923 ἑνισχη-

255 2926 468 3003 μένους,
539 2929 802 3013 δυσχερὴς
866 2934 902 3001 ἡ
999 2933 1252 3007 μετάνοια
1320 2938 1397 3007 τῷ
1450 2930 1826 3011 περιλειφθέντι
1874 2949 1891 2966 '

1973 1777 2144 1839 annis
2200 1778 2444 1855 exactis,
2489 1779 2973 1841 communionem
3026 1798 3257 1843 sacram
3310 1782 3613 1863 impetret.

1972 1867 2177 1931 Canon
2211 1883 2432 1930 Lxxvm
2458 1888 2472 1926 :
2500 1866 2611 1940 Qui
2634 1867 2779 1929 duas
2809 1886 3049 1931 sorores
3077 1869 3141 1930 in
3170 1870 3615 1931 matrimonium

1974 1954 2295 2036 accipiunt,
2327 1955 2467 2018 licet
2494 1956 2744 2019 diversis
2766 1956 3151 2038 temporibus,
3179 1966 3491 2040 postquam
3517 1958 3616 2020 di-

1977 2050 2221 2123 rempta;
2268 2043 2492 2105 fuerint
2541 2044 2780 2107 incesta;
2808 2044 3048 2126 nuptiis,
3081 2044 3364 2108 adulterii
3385 2046 3615 2126 judicio

1975 2138 2272 2195 tenentur.
2319 2134 2520 2195 Canon
2565 2150 2736 2194 LXXVI
2767 2153 2780 2193 :
2812 2132 3059 2214 Eadem,
3116 2133 3330 2215 inquit,
3362 2134 3511 2197 ratio
3542 2135 3619 2196 sit

1973 2220 2149 2281 etiam
2182 2220 2242 2282 in
2274 2221 2371 2296 iis,
2403 2222 2505 2303 qui
2550 2240 2734 2285 nurus
2783 2241 2921 2285 suas
2958 2222 3183 2285 ducunt
3225 2240 3458 2285 uxores.
3493 2223 3609 2287 Ca-

1975 2327 2094 2370 non
2118 2327 2286 2371 Lxm
2322 2329 2336 2374 :
2372 2312 2563 2373 Etiam
2593 2312 2659 2387 ii,
2700 2312 2801 2393 qui
2845 2330 2982 2374 cum
3033 2312 3301 2375 novercis
3329 2313 3454 2374 suis
3481 2331 3615 2376 sese

1976 2397 2269 2479 polluunt,
2297 2419 2524 2462 canone
2556 2410 2834 2463 tenentur
2863 2401 3098 2478 eodem,
3133 2420 3249 2482 quo
3289 2409 3348 2463 et
3395 2400 3484 2463 tlli
3511 2401 3614 2483 qui

1975 2503 2109 2549 cum
2140 2487 2263 2549 suis
2312 2508 2444 2551 sese
2471 2490 2778 2552 sororibus
2824 2489 3157 2571 inquinant.
3192 2489 3443 2554 Concilii
3472 2508 3613 2552 vero

1975 2576 2474 2639 Neocaesariensis
2522 2598 2717 2641 canon
2772 2579 3070 2642 secundus
3118 2579 3428 2642 mulierem
3481 2596 3616 2642 cum

1976 2663 2209 2726 duobus
2242 2676 2479 2747 nuptam
2511 2668 2789 2731 fratribus
2818 2686 3006 2749 usque
3026 2667 3097 2729 ad
3124 2676 3374 2732 mortem
3403 2667 3620 2750 expelli

1974 2751 2239 2815 Ecclesia
2258 2756 2456 2835 jubet,
2490 2758 2539 2817 si
2572 2775 2781 2838 parere
2801 2757 3030 2819 scilicet
3062 2756 3208 2817 nolit
3236 2755 3297 2817 in
3327 2756 3618 2819 dirimen-

1975 2840 2050 2902 do
2084 2844 2255 2904 matri
2268 2844 2560 2908 monio.Si
2587 2853 2784 2907 tamen
2806 2845 2866 2907 in
2903 2844 3175 2907 morbum
3204 2845 3620 2927 inciderit,qui

1980 2942 2229 2994 mortem
2278 2932 2603 3006 minitetur,
2665 2953 2734 2996 ac
2784 2932 3132 3016 polliceatur
3179 2951 3269 3014 se,
3308 2942 3619 3016 postquam

254 3013 533 3104 ἐλέγχεται
576 3022 699 3101 γὰρ,
744 3023 816 3085 ὡς
858 3023 953 3078 οὒκ
1008 3019 1070 3077 ἂν
1126 3019 1331 3087 ἀπέστη
1388 3022 1788 3104 τῆς-ἁμαρτίας,
1850 3022 1891 3078 εἰ

1978 3021 2361 3095 convaluerit,
2416 3023 2651 3104 nuptias
2695 3013 3150 3103 dirempturam,
3194 3013 3617 3085 admittendam

256 3103 331 3163 ἔτι
376 3115 562 3189 περιῆν
594 3100 663 3189 τὸ
711 3110 1077 3189 ἀποιχόμενον
1132 3109 1443 3188 πρόσωτων.
1493 3100 1550 3167 Ὀ
1605 3106 1660 3164 δὲ
1710 3114 1808 3177 τῆς
1838 3108 1891 3166 ἐν

250 3188 481 3278 Ἀγκύρα
532 3188 616 3255 κε’
668 3188 880 3262 ἰδικὼςη
935 3199 1054 3278 περί
1148 3220 1288 3262 τινος
1384 3197 1775 3279 ἐπιπεφώνηται,
1836 3197 1892 3263 ὅς

245 3287 410 3366 κόρην
472 3288 568 3363 μέν
615 3311 731 3344 τινα
790 3288 1205 3363 ἐμνηστεύσατο,
1261 3292 1328 3363 τῇ
1370 3283 1425 3342 δὲ
1467 3287 1663 3353 ταύτης
1693 3285 1893 3368 ἀδελφῇ

244 3379 585 3457 συμφθαρεὶς,
664 3378 931 3457 ἐγκύμονα
1019 3376 1336 3445 ἐποιήσατο.
1424 3375 1571 3432 Μετὰ
1630 3373 1685 3432 δὲ
1739 3384 1893 3433 τοῦτο

251 3466 526 3542 γήμαντος
557 3468 717 3526 αὐτοῦ
774 3467 873 3534 τὴν
918 3466 1187 3542 μνηστὴν,
1248 3461 1284 3531 ἤ
1341 3466 1598 3543 φθαρεῖσα
1666 3466 1765 3521 ὑπὸ
1794 3471 1892 3533 τῆς

246 3550 417 3620 λύπης
476 3555 773 3633 ἀπήγξατο.
850 3555 983 3617 Τοὺς
1051 3553 1140 3611 οὖν
1198 3550 1495 3617 συνειδότας
1566 3553 1893 3633 ἐψηφίσαντο

247 3643 295 3697 οἱ
324 3642 562 3722 Πατέρας
603 3644 689 3700 ἐπὶ
734 3642 857 3700 δέκα
912 3642 1010 3710 ’ἐτη
1064 3642 1141 3717 μὴ
1199 3641 1515 3709 κοινωνῆσαι
1551 3662 1568 3679 ο
1602 3641 1891 3708 συνειδότες

244 3729 301 3787 δέ
343 3732 493 3805 εἰσιν,
539 3735 583 3788 οἱ
614 3730 1027 3810 συμπράξαντες,
1074 3735 1132 3790 οὐ
1190 3730 1299 3806 μὴν
1354 3732 1400 3786 οἱ
1452 3729 1667 3810 ἔχοντες
1711 3730 1892 3796 ἀπλῶς

245 3819 477 3901 εἴδησιν,
536 3822 624 3878 καὶ
693 3819 925 3878 κωλῦσαι
991 3830 1069 3896 μη
1123 3817 1396 3894 δυνάμενοι
1432 3838 1446 3854 ·
1505 3818 1591 3876 ἐπὶ
1646 3820 1745 3899 γὰρ
1787 3823 1892 3877 τῶν

243 3911 506 3986 ἀθεμίτων
562 3909 800 3990 πράξεων
843 3914 946 3990 οὐχ
1015 3911 1179 3990 ἦττον
1246 3909 1294 3963 οἱ
1357 3914 1720 3990 συνεργοῦντες
1788 3914 1893 3966 τῶν

1979 3126 2112 3171 esse
2138 3111 2209 3173 ad
2243 3110 2675 3191 paenitentiam.
2727 3110 2895 3185 Quod
2939 3111 2989 3172 si
3028 3112 3119 3174 vel
3154 3111 3490 3187 mulierem,
3528 3112 3619 3175 vel

1974 3199 2191 3274 virum,
2224 3199 2393 3261 obire
2425 3208 2675 3263 mortem
2708 3202 3028 3279 contingat,
3072 3199 3216 3261 dum
3265 3199 3462 3262 adhuc
3519 3200 3622 3264 tali

1978 3287 2239 3350 facinore
2286 3302 2424 3352 sunt
2462 3288 2772 3370 implicati,
2806 3287 3068 3350 difficilis
3114 3287 3461 3367 paenitentia
3512 3306 3621 3350 su-

1977 3377 2205 3458 perstiti
2238 3396 2506 3458 personae
2537 3378 2914 3459 relinquitur.
2946 3375 3226 3455 Arguitur
3251 3375 3438 3453 enim,
3458 3376 3620 3458 quod

1973 3486 2009 3529 a
2039 3474 2280 3548 peccato
2328 3467 2665 3529 discessura
2713 3484 2830 3527 non
2877 3464 3075 3545 fuerit,
3108 3464 3160 3526 si
3184 3463 3381 3526 adhuc
3403 3483 3617 3547 super-

1974 3564 2095 3617 stes
2143 3563 2301 3618 esset
2352 3574 2608 3637 persona
2661 3554 2962 3617 defuncta.
3024 3556 3221 3617 Canon
3272 3560 3468 3615 autem
3499 3571 3619 3616 xxv

1973 3645 2299 3726 Ancyranae
2323 3646 2526 3725 synodi
2559 3645 2634 3705 de
2664 3644 2919 3726 quodam
2947 3641 3329 3724 peculiariter
3359 3649 3450 3704 est
3478 3661 3621 3724 pro-

1977 3734 2300 3809 nuntiatus,
2334 3737 2432 3815 qui
2468 3734 2722 3816 puellam
2761 3732 2876 3795 sibi
2915 3729 3230 3813 quamdam
3275 3730 3621 3812 desponde-

1974 3832 2087 3897 rat,
2122 3832 2181 3885 ot
2211 3832 2490 3903 repostea
2544 3842 2679 3885 cum
2730 3823 2862 3903 ejus
2910 3838 3121 3883 sorore
3182 3819 3403 3896 habita,
3463 3838 3619 3903 pm-

1974 3920 2250 3992 gnantom
2308 3913 2461 3974 hanc
2524 3911 2767 3975 fecerat.
2828 3910 3058 3972 Deinde
3111 3907 3426 3971 celebratis
3486 3928 3621 3972 cum

240 3985 541 4078 αὐτουργῶν
605 3985 1008 4078 ’τιμωροῦνταμ
1105 3989 1162 4056 Ὀ
1236 3994 1291 4052 δὲ
1360 3985 1436 4054 ια’
1479 3985 1573 4055 τοῦ
1639 3998 1892 4073 Τιμοθέου

238 4086 631 4165 Ἀλεξαςδρείας
688 4087 805 4154 τούς
886 4087 1170 4167 κληρικοὺς
1258 4083 1457 4141 κελεύει
1532 4085 1610 4161 μὴ
1682 4086 1893 4143 ἀπιέναι

237 4175 598 4252 καλουμένους
629 4178 701 4240 εἰς
745 4177 942 4257 γάμον,
974 4178 1018 4233 εἰ
1073 4174 1312 4232 πύθοιντο
1368 4174 1511 4230 εἶναι
1554 4175 1890 4255 παράνομον,

240 4264 409 4346 ενόχῆς
466 4266 624 4345 χάριν
679 4268 769 4324 καὶ
823 4271 1146 4346 προσφορᾶς.
1232 4260 1439 4320 Πολλοῦ
1504 4284 1566 4341 γε
1626 4261 1710 4320 δεῖ
1769 4262 1885 4339 μεθ’

1978 4267 2207 4332 Conscii
2256 4287 2398 4329 vero
2442 4276 2602 4339 sunt,
2654 4267 2936 4329 facinoris
2989 4266 3328 4347 participes,
3363 4285 3483 4328 non
3522 4276 3623 4349 qui

240 4354 533 4434 ἱερολογίας
590 4355 858 4435 ζευγνύναι
900 4356 1020 4419 τοὺς
1064 4354 1201 4411 οὕτω
1256 4357 1429 4431 γῆμαι
1476 4352 1887 4439 προελομένους,

1976 4357 2331 4439 simpliciter
2374 4357 2460 4417 rei
2509 4356 2775 4419 notitiam
2826 4354 3145 4428 habebant,
3196 4363 3256 4416 et
3301 4355 3621 4434 prohibere

241 4444 333 4500 ἵνα
390 4445 469 4519 μὴ
524 4442 822 4523 ἀλλοτρίαις
865 4445 1258 4513 κοινωνήσωσιν
1308 4440 1587 4520 ἁμαρτίαις
1668 4435 1725 4500 Ὀ
1764 4442 1891 4500 ἀθέ-

1978 4435 2419 4529 ηοῐίροῑριόηι.
2443 4446 2588 4510 Nam
2620 4447 2679 4508 in
2708 4445 2950 4509 nefariis
2977 4443 3309 4506 actionibus
3354 4462 3473 4505 non
3508 4445 3622 4506 mi-

242 4554 395 4607 μιτος
426 4534 486 4590 οὔ
512 4530 813 4610 βεϐαιοῦται
869 4533 1064 4613 φάμος.
1115 4531 1212 4589 Διά
1264 4539 1420 4589 τοῦτο
1476 4529 1566 4584 ἐὰν
1608 4532 1710 4611 πρὸ
1757 4552 1888 4588 κατ-

1978 4556 2088 4599 nus
2120 4536 2225 4616 illi,
2260 4536 2361 4618 qui
2392 4536 2609 4598 factum
2632 4535 3116 4615 adjuvant,quam
3139 4530 3240 4613 qui
3272 4532 3399 4609 ejus
3415 4539 3617 4595 aucto-

241 4624 461 4701 ηγορίας
519 4619 674 4701 λυθῇ,
732 4634 1093 4701 συγχοωρεϊται
1173 4621 1209 4687 ἡ
1266 4620 1467 4708 ποινη.⁸
1498 4614 1620 4677 Ἐπὶ
1686 4629 1778 4679 τοῦ
1834 4619 1890 4675 ὲν

1975 4645 2071 4688 res
2099 4614 2646 4708 sunt,'puniuntur.
2687 4614 2888 4687 Canon
2919 4639 3055 4683 vero
3103 4620 3477 4683 undecimus.
3512 4621 3620 4683 Ti-

236 4710 423 4788 ἀγνοίᾳ
505 4710 790 4789 γενομένω
842 4708 1087 4785 ἀθεμίτου
1144 4708 1340 4787 γάμου,
1398 4705 1574 4764 δίδωσι
1640 4709 1885 4788 συγγνώ-

1975 4715 2202 4776 mothei
2236 4705 2620 4777 Alexandrini
2652 4711 2919 4793 episcopi
2964 4708 3253 4791 praecipit,
3289 4717 3354 4772 ut
3392 4709 3621 4792 clerici,

237 4820 347 4873 μην
376 4798 464 4854 καὶ
504 4799 540 4866 ἡ
585 4795 898 4871 Ἐκκλησίαο,
947 4799 1035 4854 καὶ
1094 4798 1130 4864 ἡ
1173 4796 1527 4875 ἐπανόρθωσις
1584 4803 1673 4853 τοῦ
1712 4798 1883 4876 ἁμαρ-

1975 4824 2108 4866 cum
2140 4800 2739 4877 invitantur,minime
2771 4798 3005 4881 nuptias
3036 4798 3329 4872 adeant,si
3364 4799 3624 4862 nefarias

234 4888 497 4962 τήματος.
548 4888 647 4945 Καὶ
676 4886 927 4967 μάλιστα,
974 4888 1019 4943 εὶ
1074 4886 1150 4962 μή
1206 4905 1293 4940 πω
1320 4884 1373 4934 4¹
1433 4890 1531 4952 τῆς
1564 4885 1719 4942 αὖτοῦ
1751 4908 1884 4941 κατ-

1975 4911 2106 4955 esse
2140 4900 2520 4972 cognoscant,
2547 4908 2787 4971 precum
2824 4897 2881 4951 et
2910 4886 3231 4950 oblationis
3254 4888 3622 4951 causa.Tan-

234 4977 527 5055 ηγόρησεν.
589 4978 649 5033 Οἱ
706 4976 1037 5056 αἰμομίκται,
1097 4975 1210 5031 εἴτε
1267 4987 1443 5053 γονεῖς
1502 4976 1632 5054 πρὸς
1700 4974 1881 5048 τέκνα,

1975 4991 2093 5043 tum
2144 4981 2335 5056 abest,
2400 4988 2465 5041 ut
2513 4979 2662 5040 votis
2713 4978 2900 5041 sacris
2948 4975 3488 5040 intervenientibis
3520 4997 3624 5041 eos

232 5065 269 5133 ἢ
314 5065 486 5135 τήκνα
526 5066 658 5141 πρὸς
706 5078 911 5145 γονεῖς,
955 5065 992 5134 ἢ
1034 5061 1243 5144 διδελφοὶ
1275 5064 1405 5141 πρὸς
1456 5062 1705 5144 ἀδελφὰς,
1750 5060 1880 5143 ξίφει

1975 5071 2333 5150 conjungere
2382 5068 2637 5131 debeant
2668 5069 2821 5148 (90),
2856 5065 2957 5149 qui
2989 5064 3226 5145 nuptias
3277 5065 3620 5145 hujusmodi

237 5155 681 5232 τιμωρείσθωσαν.
735 5158 795 5213 Οἱ
844 5153 898 5211 δὲ
953 5155 1089 5211 κατά
1144 5151 1314 5220 ἄλλην
1385 5153 1689 5232 συγγένειαν
1748 5174 1879 5229 προς

1975 5160 2316 5223 :ontrahere
2347 5159 2573 5228 volunt,
2608 5176 2685 5220 ne
2709 5157 3029 5238 participes
3048 5154 3379 5215 alienorum
3412 5173 3623 5235 pecca-

238 5240 504 5312 ἀλλήλους
562 5245 1019 5323 συμφθειρόμενοι,
1099 5241 1334 5301 τουτέστι
1412 5242 1589 5327 πατὴρ
1646 5250 1720 5311 εἷς
1778 5263 1878 5317 γυ-

1975 5258 2155 5311 torum
2182 5245 2647 5311 tiantJncestum
2675 5245 3115 5308 matrimonium
3148 5261 3267 5305 non
3299 5244 3621 5307 confirma-

1572 5416 1820 5481 VARLE
1862 5415 2296 5483 LECTIONES.

313 5518 369 5565 ³8
409 5519 613 5598 φονεία.
698 5515 753 5561 ³9
781 5518 966 5598 ἀπωθῇ
998 5521 1120 5587 τῆς.
1206 5519 1270 5570 4ο
1311 5520 1753 5601 ἐπιμιαινόμινοι.
1832 5526 1896 5578 ίιι
1928 5529 1972 5584 εἷ
2001 5528 2079 5604 μή
2110 5549 2197 5583 πω
2225 5526 2341 5590 τάς.

308 5734 433 5815 (20)
469 5734 509 5796 1.
543 5713 649 5797 38.
680 5734 710 5814 §
740 5731 912 5797 Idem
947 5731 1238 5797 Pollioni.
1275 5734 1345 5799 ο.
1379 5732 1457 5797 ad
1485 5733 1529 5797 ι.
1558 5734 1680 5801 Jul.
1710 5631 2045 5804 nam?

1977 4020 2196 4080 sponsa
2229 4000 2471 4081 nuptiis,
2506 4009 2771 4082 stuprata
2796 4017 2968 4061 soror
2995 3998 3179 4060 animi
3232 3997 3435 4060 dolore
3467 4006 3623 4061 mota

1979 4091 2188 4172 laqueo
2219 4090 2394 4152 vitam
2438 4089 2695 4152 finierat.
2745 4088 2950 4170 Itaque
2996 4088 3272 4151 conscios
3325 4088 3389 4150 in
3432 4106 3621 4151 annos

1976 4179 2181 4242 decem
2208 4178 2499 4241 arcendos
2530 4197 2564 4240 a
2586 4178 3245 4251 communione,Patres
3266 4185 3619 4241 statuerunt.
