4074 6212
263 365 426 433 1273
1591 370 1930 440 GRECO-R

2019 371 2293 434 ίΑΝῐΙΜ.
3485 365 3596 430 127
3611 364 3651 428 4

267 505 466 564 κλίνειε
526 506 720 583 γάμον,
782 511 878 572 τῆς
932 507 1206 569 κοινωνίας
1263 507 1759 582 ἀποκλεισθήσεται,
1819 503 1922 582 μέ-

2019 501 2242 582 nuptias
2255 501 2556 582 respiciat,
2571 503 2918 568 excludetur
2939 523 2973 565 a
2994 500 3439 574 communione,
3459 498 3649 561 donec

279 617 404 674 χρις
450 595 513 650 ἃν
569 602 661 653 τοῦ
703 594 896 658 πάθους
954 593 1184 671 ἀποστῇ,
1246 597 1308 652 τὸ
1365 596 1548 674 ἐναγὲς
1604 597 1785 654 τούτου
1828 617 1924 671 μι-

2019 590 2080 650 ab
2113 591 2225 651 hoc
2251 590 2390 652 vitio
2415 599 2606 653 semet
2629 591 3002 667 abstinuerit,
3020 591 3317 672 piaculum
3333 595 3389 650 et
3406 587 3654 668 impuri-

267 685 483 754 σήσασα
511 685 599 740 καὶ
630 682 941 762 ἀκάθαρτον.
982 681 1061 740 Ἐί
1091 683 1271 759 μέντοι
1323 687 1424 765 πρὸ
1467 685 1722 756 ἐξήκοντά
1763 706 1924 766 φησιν

2019 687 2188 743 tatem
2219 680 2348 760 ejus
2382 689 2706 744 exsecrata.
2731 681 2902 756 Quod
2923 681 2974 743 si
3003 679 3350 759 nosmetipsi
3368 686 3505 766 ante
3534 695 3648 739 an-

273 771 409 828 ὲτῶν
478 783 601 835 ταῖς
648 771 847 850 χήραις
907 771 1070 840 αὒτήν
1125 772 1508 851 ἀριθμήσομεν,
1553 765 1808 851 ἡμέτερον
1864 773 1925 829 τὸ

2019 785 2147 828 num
2179 769 2611 848 sexagesimum
2645 771 2800 832 inter
2834 770 3042 833 viduas
3071 787 3200 831 eam
3231 765 3648 838 retulerimus;

273 858 544 938 ἔγκλημα,
604 859 662 915 οὗ
731 859 822 915 του
873 860 1105 937 γυναίου.
1167 865 1227 918 Οἱ
1294 876 1414 926 ταῖς
1479 864 1842 942 μοναζούσαις,
1889 861 1924 930 ἣ

277 960 399 1012 ταῖς
459 947 746 1027 διακόνοις,
806 947 841 1015 ἢ
899 960 1021 1010 ταῖς
1077 949 1387 1028 ἆσκητρίαις
1444 951 1922 1030 ἐνασελγαίνοντες,

275 1038 348 1102 ὡς
413 1037 485 1101 εἰς
527 1036 626 1103 τὴν
689 1036 896 1117 νύμφην
952 1044 1178 1114 Χριστοῦ
1231 1039 1328 1105 τὴν
1399 1038 1720 1106 Ἐκκλησίαν
1778 1037 1921 1118 ὑϐρί-

275 1132 482 1200 ζοντες,
551 1124 1024 1202 ῥινοκοπείσθωσαν
1109 1128 1252 1182 αὐτοί
1331 1149 1412 1206 τε,
1496 1130 1584 1184 καὶ
1654 1132 1744 1192 αἷς
1827 1130 1920 1184 οὗ·-

277 1235 360 1270 τοι
428 1212 843 1292 συνεφθάρησαν,
931 1217 992 1270 Αἱ
1048 1215 1509 1293 χειροτονούμεναι
1580 1213 1808 1276 διάκονοι
1880 1217 1924 1271 εί

277 1299 605 1376 τολμήσαιεν
673 1309 1024 1380 καταισχῦναι
1097 1325 1194 1363 την
1249 1306 1601 1382 χειροτονίαν,
1661 1326 1922 1384 προσομι-

280 1388 462 1446 λοῦσαι
519 1389 677 1466 γάμῳ
719 1389 756 1458 ἢ
799 1389 936 1466 ἄλλῃ
988 1392 1100 1467 βίου
1154 1393 1309 1471 πορίᾳ
1337 1393 1420 1467 45,
1479 1392 1700 1450 θανάτου
1757 1395 1920 1471 γενή-

281 1500 460 1534 σονται
516 1475 719 1557 ἔνοχοι,
766 1478 853 1533 καὶ
904 1493 1020 1542 τοῖς
1071 1481 1239 1536 αὐτῶν
1295 1481 1688 1558 μοναστηρίοις,
1733 1480 1769 1549 ἢ
1802 1494 1924 1544 ταῖς

281 1566 452 1622 αὐτῶν
508 1564 813 1632 ἐκκλησίαις
886 1570 935 1622 αἱ
1013 1569 1182 1625 αὖτῶν
1237 1571 1546 1650 πειριουσίαι
1615 1592 1924 1649 πρεσκυρω-

276 1655 529 1724 θήσονται
564 1673 576 1686 °
626 1657 671 1710 οἱ
713 1651 767 1709 δὲ
796 1659 966 1732 γῆμαι
992 1657 1080 1712 καὶ
1109 1660 1316 1737 φθεῖραι
1347 1658 1503 1721 αὖτᾶς
1532 1656 1917 1734 τολμήσαντες,

2005 857 2234 919 crimen
2266 865 2532 919 nostrum
2572 867 2808 936 est,non
2843 858 3222 920 mulierculae.
3278 855 3386 928 Qui
3441 854 3652 917 solita-

2003 943 2152 1006 riam
2183 946 2358 1006 vitam
2392 946 2723 1025 agentibus,
2756 957 2856 1010 aut
2887 945 3260 1024 diaconissis,
3293 949 3391 1004 aut
3421 941 3654 1023 pietatis

2003 1033 2285 1097 exercitia
2307 1035 2693 1098 tractantibus
2711 1045 3010 1117 struprum
3043 1033 3350 1096 intulerint
3373 1050 3388 1108 ;
3413 1031 3570 1092 velut
3589 1029 3649 1091 in

2003 1119 2324 1183 Ecclesiam
2369 1122 2498 1199 Dei,
2549 1143 2687 1205 quae
2734 1124 2952 1186 Christi
3007 1141 3228 1200 Sponsa
3257 1128 3370 1200 est,
3404 1117 3647 1198 injurii;

2006 1216 2122 1270 tam
2155 1210 2396 1272 naribus
2425 1211 2536 1292 ipsi
2574 1213 2900 1293 priventur,
2923 1228 3252 1292 quamquae
3271 1207 3489 1288 strupri
3512 1223 3653 1267 con-

2007 1298 2384 1360 suetudinem
2417 1319 2551 1362 cum
2583 1303 2671 1363 eis
2719 1301 3054 1364 habuerint.
3103 1297 3485 1370 Diaconissaa,
3522 1312 3653 1375 quaa

2009 1385 2376 1462 ordinantur,
2411 1389 2459 1449 si
2492 1407 2648 1451 ausze
2674 1390 2892 1452 fuerint
2915 1389 3348 1451 ordinationem
3378 1385 3452 1447 de
3469 1385 3654 1446 hone-

2009 1481 2190 1556 stare,
2224 1477 2313 1539 vel
2352 1477 2818 1552 matrimonium,
2884 1479 2969 1540 vel
3021 1477 3178 1539 aliud
3232 1477 3344 1537 iter
3395 1473 3526 1534 vitae
3554 1491 3652 1533 se-

2009 1564 2247 1646 ctando,
2283 1565 2490 1627 mortis
2532 1585 2649 1628 reae
2705 1568 2868 1641 fient,
2928 1577 2986 1628 et
3017 1563 3389 1628 monasteriis
3420 1580 3650 1636 earum,

2007 1652 2098 1714 vel
2131 1671 2333 1716 earum
2389 1654 2682 1737 ecclesiis,
2743 1657 3051 1718 facultates
3103 1654 3477 1716 addicentur.
3540 1647 3654 1721 Qui

275 1742 544 1800 ὑπεύθυνοί
584 1743 682 1799 εἰσι
726 1741 878 1822 ξίφει,
911 1743 998 1799 καὶ
1039 1745 1138 1812 τὴν
1167 1746 1345 1806 ούσίάν
1375 1749 1546 1805 αὐτῶν
1576 1747 1637 1802 τὸ
1665 1744 1919 1822 δημόσιον

2019 1748 2201 1802 autem
2258 1741 2417 1823 ipsas
2464 1762 2678 1806 uxores
2735 1745 2978 1825 ducere,
3011 1745 3100 1806 vel
3134 1752 3403 1822 stuprare
3434 1738 3655 1800 fuerint

280 1829 533 1908 λήψεται.

520 2044 543 2078 ι
572 2005 673 2080 Ὀτι
703 2021 761 2077 οὗ
785 2020 870 2078 δεῖ
896 2023 1095 2100 γάμους
1128 2023 1500 2082 συναλλάττειν
1531 2027 1666 2101 μετὰ

904 2107 1198 2182 αἱρετικῶν.
1252 2127 1275 2162 ι

364 2200 421 2267 Ὀ
464 2208 560 2285 μὲν
603 2207 651 2264 ιδ
662 2199 672 2217 ’
709 2214 806 2276 τῆς
850 2198 900 2265 δ’
939 2207 1152 2266 συνόδου
1192 2211 1365 2268 κανὼν
1420 2209 1717 2290 ὀρθοδόξους
1772 2211 1915 2279 κλη-

2003 1829 2128 1891 ausi
2162 1852 2175 1893 :
2211 1830 2390 1911 gladii
2421 1851 2653 1912 poenam
2679 1842 3004 1909 morentur,
3029 1840 3087 1894 et
3117 1831 3425 1894 facultates
3443 1844 3646 1891 eorum

2002 1918 2178 1980 fiscus
2207 1919 2479 1995 accipiet.

2054 2010 2314 2093 Nuptias
2342 2031 2480 2077 cum
2507 2015 2803 2080 haereticis
2834 2035 2951 2080 non
2981 2035 3103 2080 esse
3129 2012 3595 2079 contrahendis.

2083 2199 2284 2262 Canon
2315 2219 2370 2263 iv
2399 2204 2612 2281 synodi
2644 2213 2863 2280 quartae
2893 2211 3069 2280 vetat,
3096 2221 3204 2264 nec
3230 2201 3434 2265 clerici
3456 2201 3652 2262 ortho-

281 2299 457 2377 ρικοὺς
523 2301 810 2377 αἱρετικαϊς
869 2298 1211 2357 συνάπτεσθαι
1267 2299 1464 2379 γυναιξὶ
1519 2301 1693 2369 πάντη
1763 2301 1918 2358 ἀπεί-

2019 2286 2319 2379 iovi‘cum
2352 2291 2703 2354 mulieribus
2757 2293 3052 2355 haereticis
3083 2292 3200 2354 ullo
3236 2290 3409 2352 modo
3444 2287 3654 2379 matri-

279 2375 430 2468 ρηκε.
478 2375 600 2447 Τῶν
633 2387 687 2444 δὲ
730 2387 832 2456 ἤδη
891 2375 1292 2465 συνῳκηκότων
1308 2393 1428 2455 τοὺς
1487 2389 1683 2456 παῖδας
1708 2399 1775 2468 τῇ
1802 2397 1924 2450 καθ-

2019 2375 2208 2468 mo‘nia
2235 2381 2605 2468 contrahant.
2650 2381 2870 2445 Eorum
2923 2400 3059 2444 vero
3101 2381 3343 2453 liberos,
3401 2377 3500 2468 qui
3524 2379 3648 2456 jam

281 2464 440 2550 ολικῇ
497 2473 788 2542 Ἐκκλησία
857 2464 1055 2533 κελεύει
1125 2479 1501 2557 προσάγεσθαι.
1565 2481 1662 2538 Καὶ
1719 2464 1762 2536 εί
1828 2481 1924 2554 μὲν

2019 2464 2219 2557 eodem
2252 2466 2312 2528 in
2345 2469 2734 2545 contubernio
2782 2471 3051 2544 vixerint,
3084 2471 3157 2532 ad
3188 2467 3517 2532 Ecclesiam
3543 2485 3646 2527 ca-

281 2565 383 2620 ὑπὸ
432 2566 708 2641 αἱρετικῶι
766 2563 959 2644 ἔτυχον
1010 2567 1414 2643 βαπτισάμιινοιδ
1447 2570 1522 2622 ὧν
1562 2570 1624 2624 τὸ
1655 2569 1927 2645 βάπτισμα

2019 2553 2285 2645 tholicam
2318 2556 2531 2645 adduci
2555 2558 2747 2638 jubet.
2784 2563 2867 2620 Ac
2909 2559 2960 2620 si
2987 2559 3225 2640 quidem
3254 2557 3326 2619 ab
3358 2554 3654 2618 haereticis

283 2665 402 2716 τοϊς
472 2653 633 2730 ὑγιῶς
690 2642 964 2732 φρονοῦσιν
1023 2654 1350 2733 ἀπόϐλητον,
1426 2656 1619 2715 ἄνωθεν
1655 2642 1924 2735 ’βαπτίζε-

2019 2642 2129 2720 iam
2180 2642 2450 2735 baptisati
2499 2646 2746 2723 fuerint,
2808 2667 3059 2729 quorum
3110 2645 3413 2726 baptisma;
3451 2662 3651 2735 sanam

289 2745 406 2798 σθαι
440 2760 456 2775 ⁸
512 2742 556 2796 εἰ
594 2737 640 2795 δ’
687 2731 799 2812 οὖν,
858 2747 1004 2817 μόνῳ
1045 2751 1121 2818 τῷ
1177 2745 1298 2816 θείῳ
1330 2731 1591 2824 γχρῗεσθαι
1650 2731 1818 2824 μύρῳ,
1877 2748 1930 2803 Ei

2019 2733 2373 2824 sententiam
2395 2736 2780 2814 sequentibus
2800 2737 3111 2817 rejiculum
3133 2735 3444 2810 est,denuo
3459 2731 3652 2824 bapti-

286 2826 340 2884 δὲ
371 2829 540 2902 μήπω
567 2829 933 2904 βαπτίσματος
979 2829 1225 2911 σφραγῖδι
1256 2820 1930 2910 ἐνεσημάνθησανίμηκέτι

2019 2820 2174 2881 sari:
2209 2821 2299 2882 sin
2339 2831 2559 2899 autem,
2609 2837 2910 2905 unguento
2957 2844 3127 2888 sacro
3171 2824 3450 2884 duntaxat
3489 2820 3650 2898 ungi.

288 2918 391 2973 ὑπὸ
448 2918 720 2994 αἱρετικῶν
770 2909 1139 2994 βαπτίζεσθαι,
1196 2919 1364 2978 Ἀλλὰ
1425 2921 1531 2996 μὴν
1574 2919 1709 2996 μηδὲ
1748 2909 1930 2999 γαμι-

2019 2909 2181 2983 Quod
2227 2911 2278 2973 si
2325 2915 2577 2976 necdum
2633 2917 2824 2996 sigillo
2852 2916 3222 2998 baptismatis
3254 2913 3489 2994 signati,
3534 2931 3654 2972 non

292 3011 401 3069 κῶς
457 3005 748 3088 συνάπτειν-
789 3007 1000 3071 τούτους
1059 3011 1365 3087 αἱρετικοϊς,
1431 3011 1567 3084 μήτε
1629 3011 1736 3084 μὴν
1794 3007 1930 3068 Ἰου-

2019 3002 2273 3080 amplius
2310 3005 2383 3066 ab
2423 3007 2716 3069 haereticis
2755 3027 2854 3070 eos
2900 3007 3281 3088 baptisandos
3310 3024 3464 3067 esse.
3499 3002 3652 3077 Quin

290 3092 481 3172 δαίοις,
535 3093 664 3168 μγθ⁹
711 3085 1002 3163 ιἘλλησιν.
1035 3085 1331 3175 Αἱρετικοὺς
1381 3099 1476 3172 μὲν
1533 3099 1654 3161 τοὺς
1713 3099 1772 3153 τὸ
1812 3096 1928 3155 καθ’

2019 3091 2190 3152 etiam
2223 3112 2298 3154 ne
2329 3095 2600 3174 conjugia
2631 3097 2869 3177 quidem
2904 3085 3012 3158 hos
3041 3096 3396 3158 contrahere
3436 3092 3657 3154 debere

283 3183 426 3258 ἡμᾶς
479 3180 803 3262 δεχομένους
853 3187 1137 3264 μυστήριον
1196 3184 1360 3264 λέγω,
1409 3184 1463 3242 ἕν
1494 3209 1596 3242 τισι
1638 3184 1692 3242 δὲ
1750 3186 1925 3268 σφαλ-

2019 3198 2146 3268 cum
2177 3181 2495 3258 haereticis,
2532 3203 2641 3246 nec
2673 3204 2805 3246 cum
2828 3184 3067 3259 Judaais,
3096 3203 3206 3246 nec
3230 3201 3362 3244 cum
3391 3181 3652 3261 paganis.

288 3269 542 3346 λομὲνους
598 3285 717 3336 τοῖς
773 3273 1085 3355 ὁρθοδόξοις.
1155 3271 1428 3337 Ἰουδαίους
1481 3273 1556 3353 δὲ,
1620 3276 1739 3338 τοὺς
1796 3266 1924 3355 χρι-

2019 3266 2330 3330 Haareticos
2359 3272 2614 3352 appello,
2650 3273 2750 3352 qui
2782 3272 2919 3333 ﬁdei
2944 3281 3157 3332 nostrae
3176 3270 3512 3350 mysterium
3531 3269 3657 3349 qui-

285 3361 598 3425 στοκτὸνους
630 3379 644 3393 ⁸
692 3363 780 3418 καὶ
825 3352 1127 3434 ΗΕλληνιις,
1173 3364 1292 3428 τοὺς
1335 3371 1630 3444 περιφανῶς
1679 3365 1925 3427 ἀπίστους

2019 3361 2147 3421 dem
2180 3359 2620 3438 amplectuntur
2654 3381 2667 3421 :
2706 3362 2809 3422 sed
2853 3361 2910 3421 in
2958 3361 3308 3441 quibusdam
3343 3360 3416 3419 ab
3447 3358 3654 3418 ortho-

287 3449 375 3505 καὶ
419 3445 794 3524 εἶδωλομανίαν
828 3461 1124 3515 νοσοῦντας.
1189 3453 1248 3508 Εἰ
1290 3451 1335 3508 δ’
1393 3451 1525 3517 ἴσως
1581 3455 1609 3508 ὁ
1667 3455 1925 3531 αἱρετικὸς

2019 3447 2182 3508 doxis
2211 3446 2489 3508 aberrant
2521 3469 2533 3507 :
2570 3449 2825 3522 .ludaaos,
2850 3450 3073 3511 Christi
3091 3447 3416 3529 parricidas
3441 3465 3454 3510 :
3484 3465 3660 3526 paga-

287 3536 324 3604 ἣ
382 3537 410 3592 ὁ
485 3535 705 3600 ἄπιστος
778 3538 1046 3596 συνθέσθαι
1103 3547 1171 3608 τῇ
1241 3538 1492 3618 ὀρθοδόξῳ
1549 3539 1932 3618 ἐπαγγέλλεται

285 3624 483 3696 πίστει,
515 3625 575 3680 τὸ
617 3625 714 3698 μὲν
770 3624 1137 3707 συνάλλαγμα,
1195 3629 1346 3707 φησὶ,
1404 3625 1753 3706 προϐαινέτω,
1808 3630 1835 3696 i,
1878 3627 1933 3683 δέ

289 3733 349 3789 γε
405 3711 658 3790 συνάφεια
728 3714 1098 3793 ὑπερτιθέσθω,
1185 3715 1376 3796 μέχρις
1437 3715 1498 3772 ἂν
1553 3718 1640 3772 καὶ
1708 3719 1773 3773 τὰ
1829 3722 1930 3784 τῆς

288 3797 605 3877 ἐπαγγελίας
676 3799 848 3880 ἔργοις
904 3801 1191 3881 βεῗαιωθῇ.
1265 3811 1439 3863 Ταῦτα
1496 3807 1582 3861 καὶ
1639 3807 1744 3862 τῶν
1815 3812 1932 3862 Λα-

289 3889 446 3944 τίνων
502 3902 677 3944 ποιετν
741 3893 1136 3970 εἰσπράττονται
1195 3895 1240 3950 οἱ
1298 3891 1595 3972 ὀρθοδόξους
1653 3894 1934 3973 ἐγαγὲσθαι

286 3989 546 4055 γυναῒκας
604 3979 922 4057 αἱρούμενοι.
985 3982 1045 4039 Οἱ
1100 3979 1154 4036 δὲ
1212 3981 1289 4056 μὴ
1347 3982 1645 4057 πειθόμενοι
1701 3985 1930 4062 τούτοις,

284 4078 587 4131 κανονικοϊς
644 4065 924 4143 ἐπιτιμίοις
993 4070 1294 4126 ὑπόκεινται
1331 4089 1344 4104 ⁸
1408 4071 1499 4126 σὺν
1568 4077 1636 4148 τῇ
1705 4069 1933 4128 διαλύσει

289 4156 390 4233 γὰρ
433 4164 526 4213 τοῦ
581 4156 754 4233 γάμου
827 4159 909 4214 καὶ
969 4156 1315 4230 ἐπιτιμῶνται
1388 4161 1434 4214 oi
1503 4157 1928 4239 παραϐαίνοντες,

288 4235 348 4302 Ὀ
411 4240 466 4298 δὲ
521 4248 620 4310 τῆς
666 4243 721 4299 ἐν
759 4243 1035 4319 Λαοδικείᾳ
1064 4243 1303 4310 δέκατος,
1366 4249 1438 4305 03
1491 4235 1595 4326 δεῖ,
1629 4250 1780 4329 φησὶ,
1814 4250 1932 4311 τοὺς

285 4338 386 4399 τῆς
434 4329 758 4398 Ἐκκλησίας
816 4333 1109 4414 ἀδιαφόρως
1166 4337 1295 4414 πρδς
1339 4337 1614 4392 κοινωνίαν
1643 4337 1814 4414 γίμου
1871 4338 1934 4392 τὰ

286 4422 487 4477 ἑαυτῶν
543 4418 702 4475 τέκια
759 4423 1038 4478 συνάπτειν
1095 4425 1414 4501 αἱρητικοῒς.
1479 4415 1536 4481 Ὀ
1595 4423 1650 4480 δὲ
1709 4413 1800 4481 κα’
1837 4431 1934 4492 τῆς

287 4509 341 4566 ἐν
431 4508 736 4587 Καρθαγὲνῃ
807 4510 1021 4568 συνόδου
1105 4513 1168 4566 τα
1253 4512 1410 4568 τέκνα
1495 4520 1599 4570 τῶν
1669 4513 1936 4591 κληρτκὼν

287 4600 542 4672 ἑθνικοῒς,
640 4599 802 4676 ἤγουν
871 4601 1136 4672 ἀπίστοις,
1219 4602 1254 4670 ἢ
1329 4607 1613 4680 αἱρετικοθς
1693 4612 1935 4682 γαμιιιῶς

287 4687 603 4764 ἀπαγορεύει
664 4687 1035 4748 συνάπτεσθαι.
1116 4682 1172 4748 Ὀ
1235 4690 1290 4747 δὲ
1347 4690 1580 4770 δεύτερος
1637 4697 1734 4758 τῆς
1777 4693 1936 4760 ἕκτης

287 4773 504 4832 συνόδου
601 4774 737 4831 οὕτω
819 4777 952 4834 κατα
1032 4778 1174 4855 ῥῆμα
1245 4780 1470 4851 θεσπίζει
1507 4796 1520 4809 ⁸

289 4859 561 4940 ὀρθόδοξον
648 4860 804 4940 ἄνδρα
902 4867 1139 4943 αἱρετικῇ
1223 4868 1570 4924 συνάπτεσθαι

1606 4781 1695 4848 Μὴ
1750 4780 1944 4846 ἐξέστω

1673 4869 1878 4945 γυναικί
1924 4886 1940 4905 ⁸

288 4952 426 5026 μήτε
484 4951 593 5025 μὴν
664 4953 908 5030 αἱρετικῷ
962 4953 1104 5033 ἀνδρὶ
1147 4970 1376 5034 γυναῖκα
1432 4954 1698 5034 ὁρθόδοξον
1755 4959 1940 5029 συζεύ-

285 5041 526 5118 γνυσθαι.
584 5037 733 5094 Ἀλλ’
779 5041 824 5096 εἰ
885 5043 974 5098 καὶ
1029 5044 1215 5122 φανείη
1257 5067 1306 5100 τι
1363 5055 1600 5102 τοιοῦτον
1656 5046 1756 5102 ὑπό
1801 5069 1942 5112 τινος

287 5134 397 5184 τῶν
457 5126 702 5183 ἁπάντων
760 5127 1066 5211 γενόμενον,
1126 5129 1314 5212 ἄκυρον
1385 5135 1628 5212 ἡγεῖσθαι
1696 5136 1786 5190 τὸν
1852 5136 1944 5213 γά-

286 5240 412 5293 μον,
460 5216 550 5272 καὶ
603 5217 664 5271 τὸ
723 5215 948 5292 ἄθεσμον
1008 5217 1305 5279 διαλύεσθαι
1351 5221 1700 5280 ωνοικὲσιον.
1748 5221 1819 5280 Οὗ
1845 5225 1944 5304 γὰρ

286 5304 400 5385 χρὴ
463 5303 530 5359 τὰ
584 5300 782 5378 ἄμικτα
840 5306 1108 5383 μιγνύναι,
1183 5308 1296 5368 οὐδὲ
1351 5319 1429 5386 τῷ
1484 5307 1730 5389 προϐάτῳ
1785 5300 1940 5369 λύκον

289 5389 704 5468 συμπλέκεσθαι,
766 5393 854 5449 καὶ
906 5399 976 5470 τῇ
1031 5403 1123 5452 τοῦ
1180 5403 1406 5478 Χριστοῦ
1476 5396 1642 5478 μερίδι
1701 5399 1792 5454 τὸν
1835 5405 1942 5458 τῶν

2016 3554 2142 3610 nos,
2169 3535 2270 3616 qui
2295 3535 2608 3600 manifesto
2641 3547 2778 3599 sunt
2810 3537 3127 3612 increduli,
3162 3546 3218 3599 et
3241 3537 3298 3597 in
3325 3555 3466 3598 sane
3496 3537 3657 3598 cultu

2015 3623 2311 3685 idolorum
2344 3624 2569 3686 infecti.
2603 3625 2767 3696 Quod
2814 3626 2862 3687 si
2893 3628 3042 3689 forte
3072 3627 3160 3688 vel
3195 3625 3532 3704 haereticus,
3565 3625 3654 3686 vel

2014 3713 2357 3775 incredulus
2385 3713 2701 3794 quispiam,
2731 3716 2800 3777 ad
2836 3716 3012 3776 ﬁdem
3045 3715 3431 3776 orthodoxam
3463 3733 3658 3775 acces-

2017 3820 2218 3863 surum
2253 3821 2316 3863 se
2349 3801 2718 3882 polliceatur;
2745 3805 2871 3884 ipse
2897 3804 3161 3885 quidem,
3194 3803 3408 3884 inquit,
3430 3812 3660 3865 contra-

2015 3898 2146 3954 ctus
2195 3892 2471 3969 procedat
2515 3914 2528 3950 :
2571 3893 2674 3955 sed
2724 3893 3018 3973 copulatio
3053 3891 3431 3954 matrimonia
3456 3891 3656 3953 tantis-

2020 3999 2126 4061 per
2154 3981 2516 4061 extrahatur,
2549 3982 2740 4042 donec
2772 3982 3074 4063 praemissa
3116 3981 3284 4043 factis
3314 3981 3660 4043 confirmata

2017 4069 2211 4130 fuerit.
2237 4070 2286 4130 A
2317 4069 2534 4131 Latinis
2565 4071 2767 4146 etiam,
2798 4081 2859 4132 ut
2890 4071 3096 4132 eadem
3131 4071 3254 4132 haec
3279 4071 3514 4150 faciant,
3549 4088 3654 4130 ex-

2017 4157 2231 4236 igitur;
2281 4158 2330 4219 si
2383 4159 2484 4239 qui
2533 4179 2740 4221 eorum
2783 4161 3138 4222 orthodoxas
3178 4179 3390 4221 uxores
3440 4163 3662 4220 ducere

2018 4246 2215 4309 velint.
2270 4248 2379 4320 Qui
2430 4257 2624 4309 autem
2675 4247 2766 4310 his
2825 4267 2940 4309 non
2983 4249 3419 4328 obtempezant,
3472 4247 3664 4328 poenis

2020 4335 2322 4397 canonicis
2351 4335 2590 4397 obnoxii
2643 4345 2800 4398 sunt.
2852 4335 2995 4397 Nu!“
3050 4347 3259 4413 printer
3305 4336 3658 4396 Solutiunem

2030 4425 2734 4500 matrimonii,violatores
2757 4426 2931 4488 etiam
2959 4424 3665 4505 puniuntur.t.aodicenae

2028 4533 2167 4576 vero
2198 4515 2399 4594 synodi
2437 4515 2704 4575 decimus
2732 4534 2917 4574 canon
2957 4535 2968 4572 :
3007 4513 3286 4575 Ecclesize
3328 4521 3657 4576 consortes.

2028 4603 2240 4684 inquit,
2305 4605 2708 4664 inditl'erenter
2745 4603 2966 4663 liberos
3007 4621 3147 4660 suns
3188 4604 3257 4662 ad
3309 4602 3665 4664 matrimonii

2027 4691 2368 4753 societatem
2402 4710 2533 4751 cum
2589 4691 2881 4751 haereticis
2924 4691 3200 4769 c0pulare
3251 4710 3367 4750 non
3408 4700 3659 4771 “ptirch

2028 4783 2226 4843 Canon
2259 4797 2357 4842 xm
2388 4779 2622 4840 concilii
2658 4779 3186 4857 Carthaginiensis,
3208 4801 3279 4841 ιιι·
3305 4781 3663 4842 libcricleri-

2027 4888 2230 4930 corum
2269 4888 2402 4930 cum
2429 4867 2688 4948 paganis,
2710 4869 2822 4929 hoc
2853 4877 2960 4938 est,
2989 4867 3350 4942 infidelibus,
3371 4870 3668 4930 authazre-

2027 4958 2157 5020 ticis
2187 4955 2546 5018 matrimonii
2585 4957 2709 5032 lege
2745 4957 3198 5035 conjungantur,
3227 4958 3521 5035 prohibet.
3550 4962 3662 5020 Se—

2027 5045 2252 5106 cundas
2281 5053 2479 5106 autem
2511 5054 2690 5104 sextae
2711 5044 3034 5123 synodisic
3056 5043 3124 5105 ad
3155 5044 3396 5105 verbum
3433 5053 3662 5105 sanczt:

2027 5135 2155 5197 Non
2179 5135 2262 5196 fas
2293 5133 2390 5206 sit,
2425 5141 2486 5194 ut
2515 5152 2648 5193 cum
2674 5133 2948 5195 haeretica
2982 5133 3232 5194 muliere
3261 5133 3347 5193 vir
3376 5132 3664 5197 orthodo-

2026 5243 2132 5287 xus
2181 5221 2625 5285 matrimonium
2686 5231 2898 5284 coeat:
2937 5241 3048 5284 nec
3097 5229 3159 5283 ut
3203 5221 3481 5284 haeretica
3535 5220 3666 5283 viro

2027 5312 2241 5374 mulier
2269 5308 2595 5373 orthodoxa
2625 5309 2824 5372 nubat.
2858 5309 3006 5390 Imo,
3029 5310 3080 5372 si
3118 5310 3305 5372 visum
3347 5309 3524 5372 fuerit
3550 5309 3662 5371 ali-

2025 5401 2165 5483 quid
2183 5397 2527 5481 hujusmodi
2557 5416 2591 5460 a
2610 5417 2964 5486 quocunque
2988 5399 3226 5478 factum,
3247 5398 3429 5464 irritae
3449 5398 3670 5465 ducan-

1618 5566 1717 5632 VA
1728 5566 1880 5631 ΒΙΑΣ
1923 5567 2347 5637 LECTIONES.

373 5651 430 5699 ⁸³
455 5653 662 5733 πορείᾳ.
