4074 6212
475 309 630 378 1275
1836 316 1966 381 JUS
2007 313 2090 381 CA

2174 319 2475 381 )NICUM.
3690 315 3833 380 1276

473 451 568 507 tur
597 443 834 526 nuptiae,
860 454 920 508 et
949 445 1237 510 nefarium
1262 446 1702 510 matrimonium
1726 448 2088 511 distrahatur

2174 451 2524 531 ἁμαρτωλῶν
2583 450 2804 532 κλῆρον.
2902 430 2983 523 ’λν
3052 450 3109 509 δὲ
3177 450 3389 532 παραϐῇ
3444 474 3523 517 τις
3579 455 3647 508 τὰ
3720 447 3831 529 παρ’

470 532 699 615 Quippe
716 553 831 596 non
847 534 1148 597 miscenda
1163 536 1398 598 misceri
1416 555 1533 599 non
1548 536 2085 619 debent,neclupsu

2199 543 2354 617 ἡμῶν
2382 541 2671 621 ὁρισθέντα,
2718 541 3057 621 ἀφοριζέσθω.
3107 543 3167 600 Εἰ
3221 542 3320 621 γὰρ
3371 542 3507 598 κατὰ
3560 542 3653 597 τὸν
3680 538 3832 596 πολι·

468 642 604 685 cum
636 623 866 686 ovicula
885 625 1276 707 copulandas,
1298 644 1407 688 nec
1435 645 1569 687 cum
1595 626 1868 708 portione
1898 626 2090 690 Christ

2197 631 2343 687 τικὸν
2399 630 2560 707 νόμον
2602 630 2772 709 γάμος
2815 631 3036 710 ὁρίζεται
3078 631 3323 688 κοινωνία
3379 631 3467 686 καὶ

471 730 599 774 sors
643 720 1041 793 peccatorum.
1084 713 1143 777 Si
1194 715 1330 796 quis
1372 724 1566 777 autem
1600 735 1633 776 a
1663 715 1836 777 nobis
1872 716 2090 778 deﬁnit:

2195 740 2277 782 σις
2306 719 2443 776 θείου
2471 741 2530 776 τε
2559 721 2648 776 καὶ
2691 720 3010 800 ἀνθρωπίνου
3038 718 3256 799 δικαίου,
3303 720 3417 783 πῶς
3477 716 3540 773 ἂν
3581 714 3832 792 συμϐαῖεν

471 808 872 882 transgressus
903 803 1102 884 fuerit,
1136 813 1497 883 segregatur.
1549 803 1777 886 Quippe
1807 804 1857 866 si
1887 823 2090 867 secun-

2193 805 2448 877 ἀλλήλοις
2506 809 2702 887 οἱπερὶ
2744 809 2811 865 τὰ
2856 807 3018 882 μείζω
3070 805 3432 887 διαφερόμενοι
3460 811 3529 882 τῇ
3592 807 3692 871 τῆς
3730 808 3831 879 ψυ-

468 889 611 952 dum
643 890 833 971 legem
883 891 1116 954 civilem
1155 894 1293 974 (24),
1341 893 1782 955 matrimonium
1825 894 2090 956 deﬁnitul

2192 895 2299 975 χῆς
2330 894 2575 971 διαθέσει,
2623 896 2871 953 τάναντία
2929 902 3236 976 φρονοῦντες
3290 896 3407 973 περὶ
3464 894 3562 961 τὴν
3611 894 3828 970 etiam;

468 996 602 1041 esse
626 980 882 1043 societas
904 988 962 1042 et
979 981 1343 1053 consortium
1368 982 1552 1043 divini
1574 1001 1642 1044 ac
1666 982 1912 1044 humani
1927 983 2084 1062 juris

2194 985 2287 1040 Διὸ
2328 985 2416 1041 καὶ
2474 985 2609 1060 μετᾶ
2661 984 2760 1052 τὴν
2822 983 2969 1042 λύσιν
3022 991 3115 1041 τοῦ
3183 983 3429 1058 ἀθεμίτου
3494 983 3693 1061 γάμου,
3752 982 3831 1036 καὶ

466 1067 762 1148 quomodo
791 1068 1128 1131 consentire
1149 1080 1370 1150 queant
1391 1070 1548 1134 inter
1579 1090 1666 1153 se,
1700 1071 1799 1152 qui
1830 1070 1905 1132 de
1926 1071 2090 1133 maxi‘

2188 1073 2516 1153 ἀφορίζεσθαι
2570 1074 2690 1137 τοὺς
2760 1071 3176 1152 παραϐαίνοντας
3234 1071 3376 1139 ἀξιοῖ
3411 1091 3423 1105 '
3484 1070 3620 1127 ἀλλά
3673 1078 3831 1129 ταῦτα

467 1155 579 1218 mis
608 1156 790 1218 animi
840 1157 1134 1220 dissident
1174 1160 1386 1221 aﬁ‘ectu
1410 1167 1437 1223 ?
1467 1160 1567 1240 qui
1617 1162 1911 1222 contraria
1945 1160 2090 1222 circa

2188 1162 2287 1236 μὲν
2342 1162 2458 1240 περὶ
2527 1167 2631 1219 τῶΛ
2675 1163 2919 1241 γαμικῶς
2963 1162 3023 1218 τὸ
3066 1171 3154 1221 νῦν
3212 1161 3354 1217 εἶναι
3398 1157 3825 1236 συναπτομένων,

466 1243 642 1305 ﬁdem
667 1245 980 1307 sentiunt?
1003 1246 1377 1328 Quapropter
1397 1249 1570 1310 etiam
1596 1258 1725 1329 post
1747 1249 1962 1310 nefarii
1988 1268 2090 1311 ma.

2186 1250 2272 1306 καὶ
2327 1248 2421 1306 τοῦ
2476 1250 2576 1324 μὲν
2645 1250 2761 1313 ἑνὸς
2820 1248 3011 1328 μέρους
3067 1252 3354 1327 αἱρετικοτς
3411 1246 3828 1327 προσανέχοντας

460 1333 729 1397 trimonii
786 1334 1167 1415 diremptum,
1230 1345 1695 1417 transgressores
1751 1337 1873 1399 vult
1930 1357 2090 1418 pceua

2185 1335 2433 1416 δόγμασι,
2480 1337 2696 1418 θατέρου
2739 1335 2794 1394 δὲ
2847 1339 2915 1396 τὰ
2968 1343 3067 1405 τῆς
3118 1339 3279 1418 ὀρθῆς
3335 1333 3711 1415 πρεσϐεύοντος
3740 1335 3827 1390 πί-

462 1423 908 1503 segregationis,
934 1425 1113 1488 afﬁci.
1138 1425 1209 1487 Et
1235 1427 1358 1488 haec
1384 1426 1622 1507 quidem
1648 1427 1720 1488 de
1746 1427 1837 1499 iis,
1862 1427 1961 1508 qui
1977 1428 2090 1507 jam

2185 1447 2376 1490 στεως.
2423 1428 2481 1484 Εἰ
2510 1424 2565 1483 δὲ
2611 1429 2699 1483 καὶ
2729 1426 2889 1508 ἄμφω
2931 1428 2996 1484 τὰ
3038 1426 3199 1506 μέρῃ,
3232 1428 3411 1507 φησὶν,
3448 1425 3536 1482 ὅτε
3564 1425 3822 1501 γαμικῶε,

464 1512 842 1574 matrimonio
873 1515 1129 1595 copulati
1160 1524 1318 1595 sunt,
1351 1534 1465 1577 una
1499 1526 1662 1596 parte
1688 1514 1945 1578 decretis
1976 1517 2090 1578 hae.

2186 1513 2440 1582 συνῆλθον
2486 1518 2548 1572 τὸ
2594 1514 2848 1595 ἐξαρχῆς,
2900 1521 2998 1584 τῆς
3027 1522 3133 1572 τῶν
3162 1514 3445 1595 ὀρθοδόξων
3478 1512 3827 1589 ἡλλοτρίωντο

462 1601 666 1663 reticis
694 1601 951 1683 addicta,
986 1605 1170 1666 altera
1197 1611 1420 1665 rectam
1444 1604 1621 1666 ﬁdem
1654 1604 1910 1667 colente.
1937 1605 2090 1678 Quod

2186 1602 2370 1682 μοίρας
2414 1608 2535 1660 εἶτα
2588 1605 2649 1660 τὸ
2706 1605 2803 1679 μὲν
2853 1603 3070 1683 ἀπέγνω
3125 1604 3226 1670 τὴν
3281 1601 3552 1681 ἀληθειαν,
3613 1603 3825 1680 θάτερον

461 1689 512 1752 si
543 1699 790 1771 utraque
820 1710 977 1772 pars,
1011 1691 1228 1772 inquit,
1262 1712 1395 1754 cum
1426 1692 1499 1754 ab
1521 1692 1689 1754 initio
1712 1693 1940 1756 coirent
1963 1704 2020 1756 et
2043 1695 2090 1756 in

2185 1691 2242 1747 τὲ
2298 1698 2375 1767 τῷ
2416 1700 2600 1767 σκοπῷ
2649 1699 2755 1757 τῶς
2808 1690 3017 1759 ἀσεϐίας
3075 1690 3232 1748 εἰσέτι
3289 1690 3540 1764 δουλεύει,
3587 1693 3648 1749 οὖ
3688 1690 3824 1765 παρὰ

2254 1787 2273 1788 ,,
2420 1782 2430 1788 .
2692 1780 2702 1788 .
2879 1779 2899 1788 -
2959 1780 2975 1788 -
3029 1781 3084 1788 -.
3329 1771 3343 1788 ι
3466 1778 3480 1788 .
3605 1784 3631 1788 _
3770 1779 3781 1788 .

461 1779 928 1851 matrimonium,
948 1779 1022 1841 ab
1044 1781 1505 1843 orthodoxorum
1543 1781 1737 1843 aliena
1760 1792 1912 1844 ccetu
1938 1792 2096 1860 erat;

458 1867 679 1929 deinde
706 1888 823 1930 una
856 1869 1167 1931 veritatem
1195 1872 1450 1946 agnovit,
1478 1871 1666 1932 altera
1690 1871 1955 1934 tenebris
1980 1872 2097 1934 im-

459 1955 697 2035 pietatis
725 1957 920 2019 adhuc
952 1957 1248 2019 serviente
1274 1978 1287 2019 :
1322 1978 1436 2020 non
1461 1968 1777 2039 propterea
1800 1961 2102 2024 matrimo-

458 2046 618 2108 nium
650 2045 1026 2127 dissolvetur,
1041 2047 1538 2126 quemadmodum
1568 2047 1629 2108 in
1649 2050 1893 2128 epistola
1912 2053 2097 2129 prima

453 2135 526 2195 ad
559 2133 892 2197 Corinthios
936 2154 1184 2213 magnus
1230 2135 1335 2197 ille
1364 2136 1580 2199 Paulus
1609 2137 1833 2200 statuit.
1867 2137 2097 2220 Quippe

457 2223 509 2287 si
540 2224 731 2286 ﬁdelis
762 2243 909 2286 uxor
935 2245 1069 2286 cum
1092 2225 1316 2288 infideli
1343 2226 1548 2286 marito
1572 2225 1913 2289 cohabitare
1934 2231 2092 2310 velit,

455 2312 545 2374 vel
579 2332 612 2373 e
636 2313 951 2382 contrario.
972 2314 1060 2376 vir
1083 2314 1275 2376 ﬁdelis
1304 2333 1438 2376 cum
1476 2314 1704 2376 inﬁdeli
1736 2317 2096 2391 muliere;ne

456 2401 1129 2485 distrabuntor.Quippe
1160 2403 1560 2465 sanctiﬁcatus
1584 2421 1666 2464 est
1697 2406 1942 2467 maritus
1965 2407 2067 2468 inii

456 2491 606 2554 delis
637 2491 695 2552 in
730 2492 1001 2568 muliere,
1035 2510 1102 2553 ac
1130 2493 1258 2554 vice
1305 2510 1493 2555 versa.
1529 2491 1678 2555 Vide
1717 2502 1937 2569 tamen,
1977 2515 2092 2577 quo

457 2588 622 2659 pacto
652 2581 886 2642 divinus
916 2581 1011 2642 hic
1041 2582 1354 2662 Apostolus
1382 2581 1551 2662 quasi
1589 2583 2094 2646 condescensione

453 2669 700 2750 quadam
732 2677 929 2732 utens.
963 2669 1021 2732 Si
1055 2688 1188 2750 pars
1217 2670 1430 2742 ﬁdelis,
1465 2670 1675 2751 inquit,
1728 2672 1959 2734 inﬁdeli
1989 2693 2093 2736 co-

453 2757 723 2819 habitare
750 2757 912 2821 velit.
935 2757 1062 2829 Quo
1081 2759 1237 2827 ﬁt,ut
1257 2758 1305 2820 si
1327 2759 1668 2819 cohabitare
1695 2760 1864 2834 nolit,
1882 2763 2092 2824 matri-

457 2845 719 2906 monium
776 2845 906 2906 sine
963 2845 1144 2906 dubio
1202 2847 1550 2908 solvendum
1604 2848 1702 2910 sit.
1766 2851 2095 2911 Persuasus

2183 1787 2339 1837 τοῦτο
2385 1782 2447 1837 τὸ
2501 1780 2819 1839 πνοικὲσιον
2873 1779 3264 1851 διαλυθήσεται,
3329 1771 3419 1844 Ὠς
3463 1778 3518 1835 ἐν
3570 1784 3640 1854 τῇ
3695 1779 3822 1855 πρὸς

2183 1870 2478 1949 Κορινθίους
2557 1871 2743 1949 πρώτῃ
2819 1872 2848 1926 ὃ
2913 1868 3076 1949 μέγας
3135 1865 3408 1947 διορίζεται
3467 1873 3672 1930 Παῦλος
3706 1883 3723 1900 ·
3782 1866 3822 1921 εἶ

2180 1959 2280 2036 γὰρ
2348 1962 2573 2037 αἱρεῖται
2656 1966 2733 2033 τῷ
2816 1958 3020 2032 ἀπίστῳ
3105 1971 3367 2015 συνοικεῖν
3444 1959 3478 2025 ἡ
3543 1968 3727 2022 πιστή,
3787 1953 3820 2020 ἦ

2179 2048 2475 2104 τούναντίον
2529 2050 2557 2104 ὁ
2625 2049 2810 2111 πιστὸς
2878 2052 2945 2123 τῇ
3014 2045 3240 2120 ἀπίστῳ,
3305 2046 3383 2121 μὴ
3467 2044 3770 2125 χωριζέσθω
3802 2059 3817 2072 '

2179 2135 2426 2214 ἡγίασται
2458 2137 2556 2216 γὰρ
2586 2138 2614 2192 ὁ
2642 2133 2864 2199 ἄπιστος
2907 2135 3040 2212 ἀνὴρ
3101 2133 3156 2190 ἐν
3213 2141 3281 2211 τῇ
3339 2135 3566 2213 γυναικὶ,
3626 2134 3714 2188 καὶ
3759 2132 3817 2186 τὸ

2180 2222 2428 2299 ἔμπαλιν,
2495 2223 2641 2291 Πλὴν
2700 2221 2796 2303 ὅρα
2854 2223 3000 2287 ὅπως
3058 2224 3145 2278 καὶ
3202 2225 3230 2279 ὁ
3293 2226 3435 2285 θεῖος
3493 2218 3817 2281 Ἀπόστολος

2178 2309 2564 2390 συγκαταϐέσει
2608 2313 2912 2391 χρώμενος.
2960 2313 3017 2368 Εἰ
3053 2313 3303 2391 αἱρεῖται,
3337 2311 3487 2391 φησὶ,
3532 2312 3594 2366 τὸ
3635 2310 3817 2365 πιστὸν

2179 2400 2337 2481 μέρος
2394 2390 2659 2459 συνοικεῖν
2700 2409 2778 2476 τῷ
2831 2400 3059 2473 ἀπίστῳ.
3109 2390 3286 2455 ’Ὥστε
3338 2400 3382 2455 εἰ
3442 2400 3520 2474 μὴ
3564 2402 3812 2477 αἱρεῖται,

2175 2487 2547 2569 ἀναμφιϐόλως
2615 2493 2644 2547 ὁ
2698 2490 2870 2569 γάμος
2927 2487 3230 2559 λυθήσεται.
3286 2487 3580 2562 Πέπεισμαι
3639 2483 3686 2541 δ’
3740 2483 3815 2540 ὅτι

2174 2587 2270 2645 τῆς
2327 2579 2504 2658 ἀρχῆς
2554 2579 2623 2647 ἦν
2665 2585 2852 2658 ταῦτα,
2918 2582 3139 2635 καὶτῶν
3181 2576 3472 2656 προοιμίων
3526 2585 3620 2634 τοῦ
3661 2575 3816 2653 κηρύο

2175 2691 2400 2748 γματος.
2448 2671 2519 2728 Τὸ
2564 2668 2618 2726 δὲ
2673 2671 2905 2749 σήμερον
2951 2668 3104 2750 ἕχον,
3149 2673 3264 2731 πῶς
3293 2668 3406 2724 οἷόν
3450 2687 3506 2723 τε
3539 2664 3811 2743 Ἰουδαῖον,

2174 2758 2211 2826 ἢ
2272 2756 2565 2838 ’Λγαρηνὸν
2609 2757 2961 2835 βαπτισθέντα
3015 2769 3280 2814 συνοικεῖν
3336 2754 3410 2811 ἔτι
3461 2762 3531 2831 τῇ
3587 2751 3811 2812 ἀϐαπτί-

2175 2868 2307 2920 στῳ,
2365 2846 2400 2915 ἢ
2443 2848 2543 2914 τὴν
2597 2845 2995 2923 βαπτισαμένην
3026 2853 3101 2920 τῷ
3130 2846 3209 2921 μὴ
3237 2845 3571 2901 πιστεύσαντι
3602 2862 3620 2923 ς
3677 2842 3815 2900 Καθά

452 2943 646 2996 autem
679 2934 809 3012 ipse
839 2952 968 2994 sum
994 2934 1114 2996 haec
1137 2933 1320 2996 fuisse
1353 2934 1654 3014 principii,
1682 2944 1738 2996 et
1759 2940 1922 3016 quasi
1967 2942 2090 3018 pri-

2177 2937 2242 3005 δὴ
2286 2939 2373 2995 καὶ
2414 2937 2501 2994 ἐπὶ
2557 2944 2648 2995 τοῦ
2704 2937 3034 3017 πατριάρχου
3087 2936 3271 3016 γέγονε
3324 2933 3601 2995 Θεοδότου.
3661 2942 3814 2994 Balt-

454 3022 816 3085 mordiorum
851 3022 1301 3103 praadicationis.
1327 3022 1690 3085 Hodiernum
1723 3042 1858 3087 vero
1890 3025 2090 3088 faciem

2182 3027 2354 3105 νάτωρ
2382 3027 2481 3105 γὰρ
2524 3024 2794 3102 βασιλικὸς
2841 3026 3164 3102 βαπτισθεὶς,
3224 3029 3596 3103 πατριαρχικῷ
3652 3023 3814 3102 γράμ-

451 3126 651 3174 rerum
683 3111 839 3192 quod
871 3112 1101 3181 attinet,
1153 3111 1251 3192 qui
1296 3111 1425 3172 ﬁeri
1474 3120 1686 3192 potest,
1725 3121 1786 3174 ut
1829 3114 2090 3196 Judaeus,

2177 3138 2302 3193 ματι
2346 3113 2555 3192 διεζύγη
2602 3114 2697 3182 τῆς
2755 3116 3002 3192 γυναικὸς
3061 3114 3138 3190 μὴ
3168 3112 3487 3188 πειθομένης
3529 3120 3606 3187 τῷ
3647 3109 3809 3196 ἀνδρὶ,

450 3200 540 3261 vel
572 3190 876 3280 Agarenus
913 3190 1252 3281 baptizatus,
1287 3219 1423 3261 cum
1450 3190 1565 3261 non
1602 3190 1888 3282 baptizata
1912 3190 2090 3266 uxore

2175 3190 2349 3261 πολλά
2402 3190 2792 3284 παρακαλοῦντι
2845 3201 2912 3284 τα
2953 3208 3052 3270 τῆς
3092 3198 3353 3264 εὐσεϐείας
3395 3199 3625 3262 ἑλέσθαι,
3677 3190 3735 3256 Ὀ
3762 3196 3816 3254 δὲ

448 3290 703 3371 amplius
753 3280 999 3364 habitet,
1035 3290 1119 3351 vel
1154 3289 1444 3370 baptizata
1477 3308 1609 3350 cum
1653 3280 1746 3364 eo,
1779 3291 1878 3373 qui
1911 3292 2089 3354 ﬁdem

2174 3299 2271 3361 τῆς
2335 3293 2387 3348 ἐν
2460 3280 2739 3364 Λαοδικείᾳ
2792 3280 2902 3366 λα’,
2957 3291 3029 3349 Οὔ
3097 3289 3203 3366 δεῖ,
3262 3290 3413 3370 φησὶ,
3461 3289 3593 3367 πρὸς
3651 3289 3817 3343 πάντα

449 3387 714 3440 nostram
746 3397 861 3439 non
892 3388 980 3438 est
1003 3379 1358 3460 amplexus?
1386 3379 1569 3452 Quale
1590 3379 1871 3461 quiddam
1900 3381 2088 3462 patri-

2178 3383 2433 3461 αἱρετικὸν
2489 3380 2776 3459 ὲ.ιγαμίαν
2842 3393 3040 3453 ποιεῖν,
3113 3376 3229 3438 οὐδὲ
3306 3378 3446 3442 υἱοὺς
3520 3375 3716 3433 διδόναι
3783 3373 3817 3441 ἢ

446 3470 640 3532 archze
668 3469 959 3531 Theodoti
985 3478 1253 3547 tempore
1284 3470 1714 3549 contigitNam
1744 3469 2091 3532 buccinator

447 3558 686 3639 quidam
733 3558 1149 3636 imperatorius
1199 3557 1545 3640 baptizatus,
1579 3559 1801 3637 scripto
1835 3560 2085 3640 patriar-

446 3648 598 3709 chali
643 3656 947 3725 separatus
998 3647 1104 3709 fuit
1150 3646 1223 3708 ab
1283 3665 1488 3721 uxore,
1523 3666 1655 3728 quae
1688 3666 1803 3709 non
1856 3647 2090 3711 volebat

445 3734 857 3817 obtemperare
886 3736 1115 3815 marito,
1149 3737 1397 3797 multum
1431 3755 1558 3797 eam
1584 3735 1942 3817 obsecranti,
1970 3737 2089 3817 pie-

447 3824 583 3885 tatis
623 3832 686 3884 ut
727 3824 1156 3904 professionem
1201 3824 1683 3903 amplecteretur.
1718 3824 1917 3885 Canon
1954 3844 2087 3887 vero

444 3931 579 3976 XXXI
613 3913 958 3974 Laodicenaa
988 3912 1191 3992 synodi
1228 3930 1241 3974 :
1278 3913 1403 3974 Non
1439 3913 2087 3994 οιιοτιει,ἰηᾳυίι,οιηηί

445 4021 577 4061 cum
604 4000 878 4062 hmretico
910 4000 1347 4062 matrimonium
1380 4003 1755 4065 contrahere.
1793 4020 1904 4064 nec
1938 4002 2088 4064 filios

445 4090 532 4151 vel
567 4088 710 4151 ﬁlias
743 4097 986 4168 nuptum
1019 4089 1331 4165 collocare,
1371 4101 1722 4162 metuentes,
1744 4109 1819 4152 ne
1853 4109 2085 4169 pravam

445 4177 709 4258 ipsorum
758 4176 1111 4239 sententiam
1160 4178 1539 4240 addiscamus
1573 4200 1586 4241 :
1622 4179 1724 4241 sed
1757 4179 1842 4239 ita
1899 4180 2089 4259 potius

443 4287 568 4329 rem
599 4265 923 4343 agemussi
944 4264 1212 4346 futupum
1248 4269 1658 4347 polliceantur,
1685 4278 1744 4328 ut
1771 4268 2086 4331 Christiani

446 4357 606 4418 ﬁant.
641 4354 805 4429 Quod
832 4354 927 4415 hic
949 4353 1187 4435 dicitur,
1220 4355 1345 4418 Non
1379 4365 1612 4438 Oportet
1632 4357 1791 4417 omni
1815 4376 1949 4418 cum
1974 4357 2085 4418 hae-

2170 3470 2478 3549 θυγατέρας,
2554 3466 2656 3525 δέει
2724 3474 2816 3525 τοῦ
2883 3468 2962 3544 μὴ
3044 3469 3143 3536 τὴν
3228 3465 3438 3522 ἐκείνων
3517 3462 3815 3528 κακοδοξίαν

2172 3561 2497 3634 μεταμαθεῖν
2530 3572 2545 3588 ⁵
2611 3556 2748 3614 ἀλλὰ
2791 3556 2992 3633 μᾶλλον
3024 3554 3332 3632 λαμϐάνειν,
3379 3554 3497 3633 εἴγε
3552 3552 3819 3631 ἐπαγγέλ-

2170 3648 2309 3704 λειεν
2359 3649 2422 3703 τὸ
2481 3648 2779 3727 χριστιανοὶ
2852 3646 3114 3723 γενέσθαι.
3174 3646 3246 3703 Τὸ
3302 3642 3381 3723 δὲ,
3426 3646 3500 3702 Οὗ
3554 3642 3637 3699 δεῖ
3688 3643 3817 3719 πρὸς

2171 3737 2345 3792 πάντα
2424 3735 2706 3814 αἱρετικὸν,
2788 3735 2902 3791 ἀντὶ
2975 3740 3089 3807 τοῦ,
3147 3735 3278 3812 πρὸς
3337 3729 3539 3793 οὒδένα.
3604 3728 3818 3805 ’ἰδίωμα

2170 3825 2269 3903 γάρ
2311 3824 2422 3881 ἐστι
2467 3826 2758 3904 Γραφικὸν,Δ
2810 3826 2882 3889 ὡς
2936 3825 3022 3897 τὸ,
3066 3823 3154 3890 Μὴ
3212 3818 3399 3903 φοϐον),
3458 3819 3586 3876 ὅταν
3644 3818 3816 3877 πλου-

2365 3901 2659 3991 ἅνθρωπος.
2720 3901 2850 3972 υοτι
2896 3912 2991 3969 οὒκ
3043 3911 3098 3968 ἐν
3151 3901 3235 3985 τῷν
3284 3910 3636 3979 ἀποθνήσκειν
3664 3909 3820 3964 αὖτὸν

2170 3999 2396 4075 λήψεται
2444 4003 2510 4056 τὰ
2550 4002 2719 4058 πάντα
2804 4003 2876 4060 Οὔ
2930 4002 3030 4079 γὰρ
3071 4000 3186 4057 οἷόν
3220 4020 3275 4055 τε
3317 3998 3406 4054 καί
3446 4020 3563 4054 τινα
3606 3995 3819 4057 λαϐεῖν.

2175 4091 2271 4147 Καὶ
2326 4088 2570 4170 ἀλλαχοῦ
2604 4106 2618 4120 ·
2682 4092 2768 4158 Μὴ
2794 4092 2893 4169 γαρ
2936 4089 3172 4165 ματαίως
3216 4088 3424 4154 ἔκτισας
3464 4088 3667 4151 πάντας
3700 4086 3820 4148 τοὺς

2168 4179 2307 4242 υἱοὺς
2353 4179 2458 4235 τῶν
2513 4178 2849 4259 ἀνθρώπων;
2911 4183 2983 4238 Οὒ
3035 4178 3134 4257 γάρ
3190 4179 3290 4233 εἰσι
3347 4180 3436 4233 καὶ
3475 4179 3523 4233 οἱ
3578 4176 3821 4252 ματαίως

2170 4268 2485 4331 κτισθέντες.
2542 4266 2756 4333 Ἀσεϐὲς
2812 4270 2911 4348 γὰρ
2954 4276 3105 4325 τοῦτο
3154 4266 3410 4342 νομίζειν.
3458 4266 3544 4332 Μὴ
3603 4262 3822 4340 λαμῖα-

2171 4356 2333 4412 νέτω.
2375 4353 2623 4419 Ἰουδαῖος
2706 4363 3046 4435 Χριστιανὴν,
3119 4356 3258 4429 μήτε
3315 4355 3624 4432 Χριστιανὸς
3685 4352 3821 4412 Ἴου-

443 4446 652 4519 retico,
687 4443 1049 4507 tantumdem
1083 4452 1194 4523 est,
1227 4463 1295 4506 ac
1326 4447 1372 4507 si
1409 4446 1593 4518 dicas,
1630 4444 1803 4506 Nullo
1822 4463 1956 4506 cum
1976 4445 2088 4506 hae-

2174 4443 2336 4518 δαίαν,
2417 4446 2555 4520 μήτε
2611 4448 2866 4523 αἱρετικὸς
2933 4447 3021 4503 καὶ
3076 4442 3353 4522 ἀλλότριος
3434 4448 3532 4508 τῆς
3589 4443 3823 4507 πίστεως

441 4535 647 4597 retico.
684 4528 1005 4598 Peculiaris
1035 4532 1191 4593 enim
1225 4535 1351 4596 haec
1394 4536 1715 4614 Scripturaa
1755 4552 1935 4595 sacrae
1994 4535 2084 4594 lo-

2174 4534 2302 4589 κατέ
2358 4555 2473 4590 τινα
2529 4534 2789 4615 πρόφασιν
2861 4542 3196 4614 Χριστιανοῖς
3278 4533 3408 4611 πρὸς
3463 4530 3638 4608 γάμον
3692 4554 3822 4587 συν-

441 4623 657 4703 qucndi
685 4623 832 4684 ratio
865 4631 974 4697 est,
1003 4622 1162 4684 velut
1213 4624 1272 4685 in
1321 4626 1430 4685 hoc
1464 4646 1477 4682 :
1514 4624 1679 4688 Absit
1707 4642 1741 4684 a
1774 4633 1828 4683 tr-
1869 4631 2081 4696 metus,
2168 4622 2436 4685 απτέσοω.

441 4732 572 4773 cum
610 4713 785 4773 Immo
817 4710 980 4772 (lives
1005 4713 1102 4773 sit.
1137 4713 1282 4786 Quia
1312 4732 1445 4774 cum
1483 4714 1752 4785 moritur,
1787 4731 1903 4773 non
1932 4715 2158 4771 autervt
2182 4710 2403 4772 omnia.
2431 4710 2664 4793 Quippe
2688 4714 2814 4776 fieri
2839 4732 2956 4775 nou
2989 4718 3202 4795 potest,
3237 4722 3304 4773 ut
3333 4707 3557 4770 auferat
3586 4706 3822 4789 aliqua.

438 4799 582 4861 ltem
613 4800 776 4862 alibi.
810 4798 937 4860 Non
969 4800 1126 4862 enim
1180 4802 1395 4862 frustra
1425 4820 1494 4863 co
1526 4800 1744 4861 alidisti
1802 4818 2010 4860 omnes
2072 4798 2225 4861 ﬁlius
2282 4800 2614 4863 hominum.
2667 4800 2898 4883 Quippe
2938 4822 3056 4864 non
3088 4799 3264 4863 etiam
3307 4798 3486 4880 aliqui
3517 4808 3685 4876 sunt,
3720 4800 3825 4882 qui

437 4888 653 4951 frustra
684 4889 801 4951 sint
830 4890 1074 4952 conditi.
1107 4888 1251 4951 Nam
1284 4890 1531 4969 impium
1561 4888 1757 4961 fuerit,
1796 4891 1903 4948 hoc
1935 4887 2294 4949 existimare.
2328 4886 2571 4951 Judaeus
2599 4891 2998 4970 Christianum
3033 4909 3147 4952 non
3182 4889 3361 4951 durat
3398 4906 3678 4961 ultorem,
3714 4908 3826 4953 nec

437 4977 810 5041 Christianus
854 4977 1116 5041 Judaeam
1145 5000 1159 5054 ;
1213 4997 1323 5040 nec
1356 4977 1665 5039 haereticus
1694 4985 1751 5037 et
1780 4976 2012 5038 alienus
2042 4995 2074 5037 a
2107 4975 2222 5037 fide
2251 4994 2385 5037 cum
2417 4979 2768 5042 Chrisdanis
2799 4999 2866 5043 ex
2901 4980 3016 5043 ulla
3037 4978 3349 5042 occasione
3370 4975 3823 5039 matrimonium

439 5068 748 5129 contrahat
1584 5120 1587 5121 ν

562 5155 789 5230 Quibus
814 5174 890 5219 ex
915 5162 1113 5219 causis
1145 5159 1602 5220 matrimonium
1629 5155 1930 5219 solvatur.

514 5243 601 5306 De
632 5245 995 5308 matrimonii
1035 5245 1330 5308 solutione
1360 5246 1557 5307 multis
1606 5245 1665 5307 in
1714 5244 1859 5308 locis
1888 5244 2086 5306 multae

1758 5404 2017 5470 VARUE
2050 5407 2483 5475 LECTIONES.

516 5540 579 5591 46
606 5544 657 5597 αἱ
689 5542 872 5622 αἷτίαι,
901 5539 969 5598 δι’
1000 5542 1060 5606 ἃς
1082 5542 1362 5622 χωρίζεται
1391 5544 1426 5611 ἡ
1457 5543 1586 5621 γονὴ
1616 5552 1707 5603 τοῦ
1738 5541 1989 5624 ἀνδρόςμη

2394 5179 2421 5212 α
2462 5148 2518 5215 Ὀ
2549 5159 2717 5238 γάμος
2748 5159 2809 5216 ἐκ
2835 5162 3000 5218 ποίων
3030 5160 3209 5217 αἰτιῶν
3237 5157 3413 5215 λύεται
3442 5156 3528 5220 44.
3563 5177 3593 5216 ι

2251 5245 2374 5323 Περὶ
2413 5245 2508 5313 τῆς
2552 5254 2657 5304 τῶν
2685 5250 2871 5327 γάμων
2900 5248 3184 5313 διαλύσεως
3224 5246 3278 5303 ἐν
3304 5245 3529 5312 πολλοῖς
3559 5248 3758 5314 τόποις
3798 5251 3826 5305 ὃ

1998 5650 2249 5717 ΝΟΤΛΕ.
2331 5704 2336 5708 .

517 5752 630 5828 (24)
663 5750 703 5814 l.
747 5753 876 5817 l-D.
911 5754 994 5818 De
1023 5756 1107 5818 rit
1136 5763 1306 5837 nupt.
2161 5760 2288 5842 (25)
2316 5760 2355 5836 Ι,
2391 5761 2451 5824 6.
2487 5762 2553 5828 C.
2587 5762 2677 5827 De
2700 5760 2930 5827 Iudaeis
2959 5768 3018 5825 et
3046 5758 3229 5825 etalio.
