4074 6212
408 279 563 348 me
1690 320 1693 323 ν
1772 283 1805 347 Ι
1809 282 1905 348 US
1943 280 2051 346 CA]

2147 279 2391 347 NIGUM
3605 274 3642 341 ’1
3652 274 3788 345 ἳω

401 407 545 491 quid
577 408 814 473 molitus
840 409 1039 485 fuerit,
1062 410 1154 474 vel
1177 410 1474 493 aliquibus
1501 412 1885 477 molientibus
1912 415 2044 496 ipse

2147 436 2234 488 ται,
2270 415 2307 484 ἢ
2350 422 2502 473 τοῦτο
2556 437 2661 471 τισι
2716 414 3119 492 βουλευομένοις
3160 413 3431 494 συνειδὼς,
3475 413 3556 489 μὴ
3610 432 3785 492 φανε-

405 499 702 575 conscius,
724 499 786 561 id
815 499 1071 581 principi
1123 518 1241 562 non
1289 500 1635 583 patefecerit
1677 502 1768 564 vel
1817 521 1927 585 per
1953 521 2043 581 se,

2147 504 2276 580 κὸσῃ
2317 510 2385 581 τῇ
2437 502 2678 581 βασιλείᾳ
2733 504 2769 572 ἢ
2836 501 2904 560 δι’
2975 505 3180 579 ἑαυτοῦ,
3248 503 3284 573 ἢ
3336 500 3404 559 δι’
3461 500 3783 573 οἱανδήποτε

403 586 502 649 vel
530 605 638 669 per
665 605 1076 671 quamcunque
1100 606 1439 670 personam.

408 764 437 826 ἶ
487 676 583 826 2..t
606 696 958 761 quocunque
998 678 1173 741 modo
1214 680 1342 742 vita:
1412 680 1680 761 conjugis
1737 680 2047 745 insidiatus

432 782 558 826 ueri
591 813 607 826 .

432 773 607 829 uarii.

488 856 545 920 8.
576 857 633 921 Si
666 858 965 940 pudicitia;
1011 861 1281 942 conjugis
1324 861 1577 924 insidias
1624 869 1878 939 struens,
1913 863 2047 926 aliis

409 964 539 1008 eam
564 947 943 1030 stuprandam
971 950 1207 1013 tradere
1236 958 1482 1013 conatus
1510 950 1710 1014 fuerit.

487 1124 558 1274 4!.)
575 1123 637 1188 Si
663 1125 1125 1203 maritus,uxore
1146 1127 1417 1191 adulterii
1441 1135 1736 1204 accusata,
1768 1148 1895 1192 rem
1928 1148 2047 1192 non

487 1231 516 1274 ο
561 1214 776 1274 averit.

410 1214 776 1293 probaverit.

489 1302 546 1363 5.
582 1303 646 1366 Si
676 1303 794 1366 alia
823 1323 957 1367 cum
991 1306 1240 1369 muliere
1280 1315 1448 1369 coeat
1493 1307 1552 1369 in
1601 1307 1810 1370 eadem
1842 1307 2044 1383 domo,

407 1389 501 1454 vel
530 1391 738 1454 eadem
772 1394 1028 1476 civitate,
1060 1413 1128 1457 ac
1157 1395 1420 1460 monitus
1449 1396 1522 1459 ab
1575 1415 1782 1476 uxore,
1814 1398 1902 1459 vel
1937 1415 2047 1477 pa-

407 1478 675 1543 rentibus
694 1482 844 1562 ejus,
879 1483 969 1545 vel
1001 1483 1208 1565 quovis
1238 1485 1377 1560 alio,
1415 1504 1531 1548 non
1560 1486 1706 1547 velit
1734 1484 2043 1548 abstineri.

490 1657 551 1720 lu
583 1657 676 1720 his
708 1677 826 1722 non
855 1660 1042 1725 solum
1059 1661 1435 1725 donationem
1451 1672 1595 1725 ante
1610 1664 1847 1743 nuptias
1873 1663 2048 1725 mari-

2129 593 2435 656 προσώπω.

2474 679 2767 757 οἱῳδήποτε
2806 682 2988 763 τρόπῳ
3015 680 3363 760 ἐπιϐουλεύσῃ
3390 687 3460 759 τῇ
3500 686 3612 757 ζωῇ
3668 684 3779 747 τῆς

2196 771 2372 837 ναικός
2385 814 2396 827 .

2129 794 2445 939 γυνζῗξέν
2487 867 2556 939 τῇ
2602 881 2700 929 της
2750 860 2994 939 γυναικδς
3057 861 3365 941 σωφροσύνη
3398 857 3777 931 επιεωλιύαη,

2129 945 2311 1013 ἄλλοις
2354 949 2518 1017 αὐτὴν
2580 950 2654 1014 είς
2724 949 2786 1004 τὸ
2853 948 3200 1029 μοιχευθῆναι
3256 947 3579 1029 ἐπιχειρήσῃ
3632 967 3779 1027 προ-

2128 1033 2325 1093 δοῦναι.

2210 1114 2280 1187 δ’.
2331 1123 2456 1183 Ἐὰν
2506 1127 2883 1205 κατηγορήσας
2942 1130 3104 1194 αὒτῆς
3166 1129 3196 1183 6
3237 1126 3373 1207 ἀνὴρ
3408 1127 3500 1183 επὶ
3528 1124 3776 1206 μοιχείᾳ,

2129 1213 2208 1288 μὴ
2237 1212 2506 1292 ἀποδείξῃ.

2207 1292 2277 1365 ε’.
2324 1301 2449 1360 Ἐὰν
2479 1303 2631 1384 ἑτέρᾳ
2671 1304 3079 1386 συνεισέρχηται
3131 1306 3337 1384 γυναικὶ
3390 1304 3445 1361 ἐν
3501 1312 3580 1380 τῷ
3632 1304 3778 1379 αὖτῷ

2128 1388 2266 1446 οἴκω
2293 1390 2330 1459 ἢ
2385 1397 2456 1468 τῇ
2484 1391 2615 1468 αὒνῇ
2668 1391 2845 1467 πόλει,
2891 1394 2981 1450 καὶ
3034 1394 3387 1469 ὑπομνησθεὶς
3441 1392 3566 1472 παρ’
3609 1393 3773 1460 αὐτῆς

2127 1479 2163 1546 ἡ
2191 1485 2298 1535 τῶν
2327 1480 2525 1558 γονέων
2554 1485 2740 1561 αὐτῆς,
2773 1482 2810 1551 ἢ
2840 1480 2908 1538 δι’
2953 1480 3272 1553 οίουδήτινος
3296 1482 3496 1563 ἑτέρου,
3526 1482 3773 1562 ἀποσχέ-

2128 1570 2245 1624 σθαι
2275 1568 2352 1643 μὴ
2380 1567 2634 1645 βούληται
2646 1616 2661 1632 .

2210 1656 2331 1714 Ἐπὶ
2381 1659 2584 1724 τούτοις
2637 1661 2716 1736 μὴ
2774 1662 2935 1737 μόνον
2987 1661 3087 1730 τὴν
3138 1663 3240 1741 πρὸ
3295 1683 3469 1741 γαμου
3519 1658 3714 1740 δωρεὰν
3744 1663 3773 1717 6

410 1754 501 1808 tus
531 1746 660 1808 loco
685 1767 871 1828 pcenm
891 1751 1126 1825 amittit,
1149 1770 1353 1815 verum
1378 1752 1554 1814 etiam
1589 1752 1863 1815 trientem
1897 1751 2046 1814 reli-

2147 1745 2262 1825 ἱνὴρ
2312 1753 2616 1823 ζημιοῦται,
2681 1748 2819 1806 ἀλλὰ
2868 1749 2955 1807 καὶ
3010 1748 3187 1830 ἕτερον
3227 1750 3398 1826 τρίτον
3430 1748 3493 1806 ἐκ
3517 1754 3613 1816 τῆς
3667 1748 3772 1804 ἄλ-

408 1853 657 1917 quarum
687 1837 871 1919 ipsius
901 1840 1276 1917 facultatum;
1335 1850 1722 1923 prmterquam
1756 1841 1913 1923 quod
1945 1859 2046 1902 eas

410 1944 643 2007 quoque
674 1945 875 2007 poenas
906 1932 1176 1997 sustinet.
1210 1948 1355 2010 quas
1386 1931 1513 2008 ipsa
1559 1930 1773 1993 mulier
1800 1938 1925 1992 erat
1954 1930 2046 1991 la-

412 2021 563 2089 tura,
599 2014 649 2076 si
680 2016 1069 2080 condemnata
1090 2018 1316 2083 fuisset.
1340 2018 1469 2083 Non
1496 2028 1692 2081 tamen
1715 2028 1814 2081 aut
1838 2018 2051 2081 mulier

409 2106 692 2170 arbitratu
723 2127 829 2171 suo
860 2109 1152 2173 divertere
1183 2119 1373 2192 potest
1400 2130 1434 2174 a
1487 2112 1717 2186 marito,
1750 2120 1849 2173 aut
1876 2111 2053 2173 mari-

413 2204 504 2257 tus
531 2195 604 2258 ab
636 2197 783 2279 ipsa,
818 2198 948 2261 sine
968 2199 1200 2281 judicio
1232 2208 1290 2262 et
1310 2201 1605 2263 sententia
1629 2200 1895 2282 judicum
1926 2220 1939 2262 :
1966 2199 2052 2261 di-

408 2302 593 2348 versae
621 2287 941 2350 Iustiniani
988 2288 1243 2351 Novella;
1288 2296 1575 2355 statuunt.
1607 2291 1690 2353 Ac
1740 2297 2054 2371 propterea

412 2373 514 2454 qui
544 2372 706 2438 ducit
731 2396 973 2441 uxorem
1007 2397 1122 2440 non
1155 2378 1234 2441 ita
1282 2379 1663 2460 diremptam,
1695 2378 2049 2442 adulterium

410 2465 744 2527 committit.

413 2549 653 2615 Salutio
680 2556 1057 2619 matrimonii
1085 2563 1239 2620 citra
1280 2576 1545 2639 poenam,
1596 2558 1790 2640 deque
1827 2560 2054 2622 matri-

457 2642 658 2703 monio
674 2644 837 2720 quod
862 2647 1319 2710 exercitationis
1367 2653 1484 2727 pice
1529 2665 1712 2710 causa
1730 2649 2015 2711 solvitur.

497 2727 734 2810 Absque
763 2749 933 2811 pcena
963 2735 1404 2796 matrimonium
1450 2734 1694 2797 solvitur
1739 2737 1881 2810 (33),
1923 2754 2058 2798 cum

417 2816 619 2906 elapso
650 2818 927 2891 triennio,
959 2822 1203 2883 maritus
1233 2824 1581 2898 cumfuxore
1636 2824 1796 2886 coire
1826 2825 2056 2906 nequit,

419 2903 557 2994 licet
586 2905 713 2987 ipse
742 2907 1056 2971 divortium
1094 2909 1224 2972 ﬁeri
1254 2910 1441 2973 nolit:
1508 2920 1845 2974 manentem
1877 2903 2060 2994 penes

418 2993 604 3055 virum
637 2995 952 3060 donatione
1000 3009 1140 3061 ante
1184 2998 1441 3080 nuptias,
1494 3018 1604 3061 nec
1646 2993 1887 3082 quidam
1916 3019 2056 3063 sua-

419 3098 550 3143 rum
581 3100 777 3146 rerum
814 3105 1001 3166 pcenie
1030 3088 1158 3150 loco
1189 3088 1514 3150 emittente.
1571 3088 1828 3152 Solvitur
1877 3091 2056 3153 etiam

422 3172 888 3255 matrimonium,
922 3196 1055 3239 cum
1085 3180 1205 3256 :34)
1226 3177 1408 3238 altera
1433 3195 1565 3258 pars
1586 3177 1872 3241 exercitio
1886 3196 2056 3242 sacro

419 3277 484 3321 se
514 3261 704 3338 dedit,
736 3264 808 3325 ad
842 3263 993 3327 viam
1022 3266 1328 3329 meliorem
1356 3266 1673 3339 transiens,
1709 3274 1763 3328 et
1793 3267 1963 3329 vitam
1996 3267 2057 3329 in

420 3356 671 3432 puritate
703 3352 1029 3433 degendam
1062 3356 1309 3435 eligens.
1336 3355 1502 3418 Tunc
1518 3355 1678 3417 enim
1704 3365 1819 3418 tam
1842 3356 2054 3433 virum,

419 3458 594 3521 quam
630 3441 963 3523 mulierem,
1000 3443 1070 3506 ad
1106 3445 1481 3525 praeclarium
1509 3463 1575 3506 se
1622 3444 1968 3508 conferente
1987 3465 2055 3521 τι,

418 3528 757 3591 divertendi
802 3539 1151 3611 potestatem
1211 3532 1431 3595 habere
1480 3531 1786 3613 juhemus,
1825 3532 2057 3612 ‘exiguo

420 3617 675 3699 quodam
703 3619 952 3682 desertae
980 3620 1128 3702 parti
1158 3622 1364 3683 solatio
1392 3622 1617 3683 relicto.

501 3794 797 3879 Quidquid
851 3798 1009 3859 enim
1063 3798 1479 3860 contrahentes
1526 3798 1678 3879 pacti
1719 3808 1878 3871 sunt,
1933 3807 2063 3861 uta

422 3893 612 3947 morte
644 3886 808 3948 lucro
825 3888 1065 3950 alterius
1095 3888 1367 3969 cederet;
1394 3888 1451 3949 id
1478 3889 1699 3950 habere
1730 3898 1963 3969 oportet
1986 3889 2063 3950 ab

422 3975 610 4035 altero
639 3974 967 4050 desertum,
999 3975 1119 4039 sive
1156 3977 1261 4051 vir,
1293 3976 1415 4035 sive
1442 3977 1656 4039 mulier
1682 3976 1795 4037 sit:
1823 3978 2060 4058 quando

421 4071 479 4123 et
504 4062 647 4142 ipse.
682 4073 963 4145 quantum
995 4065 1233 4145 quidem
1283 4065 1492 4127 attinet
1535 4068 1876 4146 conjugem,
1911 4066 2062 4128 mori

2126 1832 2225 1901 λης
2281 1836 2437 1894 αὑτοῦ
2507 1838 2827 1917 περιουσίας,
2909 1840 2997 1895 καὶ
3060 1841 3155 1902 τὰς
3223 1840 3476 1918 τιμωρίας
3555 1838 3775 1917 ἀρίστα-

2126 1943 2212 1978 ται
2240 1922 2324 1998 46,
2357 1925 2419 1989 ἃς
2448 1924 2668 2002 ἔμελλεν
2718 1928 2753 1995 ἡ
2795 1928 2927 2005 γυνὴ
2969 1925 3447 2005 καταδικαζιμένη.
3480 1925 3628 1994 Πλὴν
3656 1925 3777 1984 οὔτε

2128 2013 2163 2079 ἡ
2219 2014 2353 2091 γυνὴ
2409 2015 2715 2091 αὖτονόμως
2771 2015 3078 2097 ἀναχωρεῖν
3141 2014 3354 2072 δύναται
3413 2023 3509 2075 τοῦ
3562 2012 3771 2093 ἀνδρὸς,

2130 2099 2244 2158 οὔτε
2299 2105 2448 2168 οὗτος
2505 2103 2733 2178 ἐκείνης,
2796 2107 2964 2185 χωρὶς
3020 2106 3240 2185 κρίσεως
3293 2105 3381 2161 καὶ
3431 2106 3617 2184 ψήφου
3667 2108 3778 2159 τῶν

2131 2187 2390 2248 δικαστῶν
2423 2208 2437 2223 ⁶
2492 2195 2566 2258 ὡς
2616 2192 2852 2274 διάφοροι
2905 2200 3060 2252 τοῦτο
3133 2195 3459 2265 θεσπίζουσιν
3538 2191 3769 2250 ἰουστι-

2130 2291 2311 2343 νιανοῦ
2330 2286 2529 2366 νεαραί.
2566 2286 2664 2343 Διὰ
2691 2296 2845 2346 τοῦτο
2868 2289 2898 2345 6
2925 2287 3175 2367 γαμήσας
3205 2286 3305 2354 τὴν
3332 2286 3412 2363 μὴ
3439 2284 3603 2352 οὕτως
3631 2284 3775 2341 ἄπο-

2134 2371 2403 2452 λυθετσαν,
2451 2382 2733 2457 μοιχᾶται.

2143 2572 2167 2606 ε
2206 2551 2363 2615 Λύσις
2393 2553 2567 2631 γάμου
2595 2553 2843 2630 ἀζήμιος,
2888 2553 2977 2610 καὶ
3031 2554 3147 2631 περὶ
3175 2562 3268 2611 τοῦ
3295 2548 3364 2608 δι’
3393 2548 3619 2617 ἄσκησιν
3645 2549 3780 2607 λυο-

2685 2634 2846 2710 μένου
2870 2635 3043 2713 γάμσδ
3080 2632 3165 2694 Π.
3205 2655 3230 2689 ε

2222 2724 2489 2802 Ἀζημίως
2562 2725 2618 2783 δὲ
2684 2726 2861 2785 λύεται
2925 2728 3120 2807 γάμος,
3194 2725 3284 2784 ὅτε
3356 2726 3582 2806 τριετίας
3636 2747 3783 2804 παρ-

2138 2815 2393 2883 ελθούσης
2437 2818 2465 2873 6
2507 2816 2640 2897 ἀνὴρ
2683 2818 2785 2897 οὐχ
2827 2821 2941 2883 οἶος
2996 2838 3055 2873 τε
3109 2816 3201 2883 εἴη
3257 2816 3483 2872 συνιέναι
3537 2822 3606 2891 τῇ
3673 2836 3781 2891 γα·-

2140 2910 2277 2982 μετῇ
2309 2920 2324 2936 ⁶
2385 2906 2428 2961 εί
2483 2906 2572 2962 καὶ
2627 2904 2782 2969 αὐτὸς
2862 2906 2961 2962 τὸν
3039 2902 3288 2977 διάζευξιν
3354 2904 3459 2984 οὐχ
3526 2906 3779 2980 αἱρεῖται,

2142 2994 2403 3069 μενούσης
2445 2995 2587 3073 παρὰ
2639 3002 2716 3070 τῷ
2756 2991 2898 3074 ἀνδρὶ
2924 2999 3023 3062 τῆς
3067 2996 3167 3073 πρὸ
3222 3000 3313 3051 τοῦ
3340 2994 3513 3073 γάμου
3554 2990 3780 3073 δωρεᾶς,

2141 3081 2306 3159 μηδὲν
2375 3082 2583 3141 οἴκοθεν
2634 3082 2994 3161 ζημιουμένῳ.
3051 3084 3237 3140 Λύεται
3304 3082 3474 3160 γάμος
3525 3082 3612 3138 καὶ
3653 3079 3781 3138 ὅταν

2139 3171 2364 3238 ἄσκησιν
2391 3172 2605 3252 θάτερον
2632 3171 2819 3239 ἕληται
2845 3178 2952 3228 τῶν
2980 3172 3179 3251 μερῶν,
3240 3171 3371 3249 πρὸς
3418 3171 3521 3238 τὴν
3574 3168 3659 3226 ἐπὶ
3712 3170 3781 3225 τὰ

2138 3261 2361 3339 κρείττω
2423 3259 2743 3336 μεταϐαῖνον
2802 3258 2945 3342 ὁδὸν,
3001 3262 3088 3318 καὶ
3141 3261 3233 3316 τὸν
3289 3259 3354 3309 48
3407 3259 3606 3334 ἀμείνω
3667 3258 3781 3334 βίον

2142 3350 2466 3429 αἱρούμενον.
2553 3360 2850 3419 Τηνικαῦτα
2926 3352 3027 3431 γὰρ
3108 3349 3412 3426 κελεύομεν,
3493 3347 3784 3427 παῤῥησίαν

2138 3439 2281 3495 εἶναι
2312 3440 2398 3495 καὶ
2425 3436 2567 3518 ἀνδρὶ
2614 3441 2702 3496 καὶ
2754 3441 2958 3519 γυναικὶ
3013 3441 3144 3518 πρὸς
3195 3439 3263 3495 τὰ
3315 3437 3508 3516 βελτίω
3536 3436 3598 3487 49
3645 3440 3779 3513 μεθ-

2140 3527 2441 3604 ισταμένου,
2528 3526 2754 3585 διαλύειν
2834 3529 2894 3585 τὸ
2978 3527 3321 3601 σδνοικέσιον,
3421 3526 3559 3603 μετᾶ
3636 3548 3780 3589 τινος

2139 3616 2394 3697 βραχείας
2424 3616 2928 3695 ὑπολιμπανομένης
2981 3625 3056 3694 τῷ
3110 3615 3579 3693 κκταλελειμμένῳ
3606 3636 3783 3693 παρα-

2187 3706 2327 3771 υθίας
2337 3754 2350 3768 ,

2146 3728 2407 3875 μυῗξέζίερ
2454 3795 2554 3876 γὰρ
2610 3794 2672 3852 ἂν
2731 3796 3131 3875 συμφωνήσειεν
3173 3795 3220 3851 οἳ
3249 3789 3637 3869 συμϐάλλοντες
3677 3791 3783 3848 ἀπὸ

2144 3882 2395 3952 τελευτῆς
2439 3883 2676 3965 γενέσθαι
2731 3883 2935 3962 κέρδος,
2989 3891 3143 3941 τοῦτο
3197 3882 3345 3963 ἔχειν
3407 3879 3492 3938 δεῖ
3546 3883 3640 3938 τὸν
3690 3902 3786 3937 κα-

2141 3970 2555 4049 ταλελειμμένον
2620 3974 2762 4053 παρὰ
2814 3973 3052 4053 θατέρου,
3120 3971 3232 4029 εἴτε
3273 3971 3429 4050 ἀνὴρ,
3487 3968 3601 4026 εἴτε
3653 3970 3785 4047 γυνη

2141 4064 2479 4133 καθεστήκοι,
2544 4064 2637 4119 Διὸ
2663 4062 2727 4112 50
2780 4063 2868 4118 καὶ
2924 4064 3095 4136 οὗτος,
3138 4061 3263 4140 τόγε
3306 4060 3392 4117 ἐπὶ
3427 4066 3504 4134 τῷ
3531 4059 3780 4128 συνοική-

421 4151 694 4223 videtur;
726 4151 972 4213 alterum
1005 4153 1119 4214 iter
1149 4152 1281 4215 vitae
1301 4173 1431 4214 cum
1457 4155 1642 4215 altero
1661 4172 2051 4217 eummu'ans.

2147 4170 2316 4221 σαντι,
2387 4149 2537 4209 δοκεῖ
2604 4150 2874 4225 τελευτᾷν,
2952 4149 3132 4228 ἑτέραν
3211 4147 3324 4207 ἀνθ’
3408 4148 3587 4225 ἐτέρας
3668 4147 3783 4223 βίου

425 4240 654 4301 Etenim
680 4248 921 4301 tonsura
952 4251 1113 4303 recte
1138 4243 1201 4303 fit
1232 4242 1405 4303 etiam
1431 4242 1714 4304 alterutro
1745 4243 2051 4323 conjugum

2147 4240 2358 4317 πορείαν
2448 4239 2720 4316 ἑλόμενος.
2793 4231 2857 4297 Ἠ
2911 4240 3010 4319 γὲιρ
3063 4238 3354 4317 ἀπόκαρσις
3411 4239 3497 4293 καὶ
3565 4236 3783 4323 ἄκοντος

422 4328 630 4391 invito.
668 4329 931 4393 Dii-imus
948 4330 1148 4404 etiam,
1177 4330 1327 4392 bona
1351 4331 1532 4408 gratia
1553 4331 1684 4393 fieri
1719 4322 2051 4393 divortium.

2149 4326 2365 4408 θιτέρου
2420 4335 2526 4385 τῶν
2583 4328 2854 4407 ὁμοζύγων
2910 4330 3108 4407 γίνεται
3160 4324 3436 4406 ἀσφαλῶς.
3484 4326 3581 4383 Καὶ
3637 4322 3791 4401 λέγο-

427 4421 683 4482 Persona
712 4438 944 4501 quoque
962 4421 1248 4482 derelicta
1274 4407 1463 4499 potest
1488 4420 1647 4480 aliud
1671 4421 1741 4480 ad
1765 4421 2037 4481 mutrimo

2148 4407 2283 4492 μεν,
2314 4418 2483 4497 ἀγαθῇ
2539 4418 2719 4498 χάριτι
2791 4418 2891 4485 τὴν
2947 4414 3197 4487 διάζευξιν
3252 4415 3507 4493 γίνεσθαι.
3574 4414 3674 4471 Καὶ
3717 4413 3791 4501 τὸ

423 4506 584 4568 nium
599 4499 909 4572 accedere.
924 4509 1040 4569 Sed
1056 4509 1169 4570 hoc
1187 4509 1351 4570 uxori
1375 4507 1666 4590 espiscopi
1681 4511 1786 4570 ord
1818 4511 1935 4571 uati
1950 4528 2051 4570 non

2147 4506 2475 4589 περιλειφθὲν
2516 4508 2799 4586 πρόσωπον
2843 4503 3052 4562 δὺναται
3107 4506 3237 4584 πρὸς
3300 4501 3478 4583 ἑτέραν
3549 4499 3789 4590 συζυγίαν

423 4606 509 4657 est
540 4596 761 4659 datum.
796 4596 1053 4679 Ideoque
1085 4617 1218 4660 cum
1259 4598 1387 4678 ejus
1416 4616 1704 4659 consensu
1737 4598 1866 4659 ﬁeri
1900 4598 2051 4659 ordi-

2147 4596 2343 4655 ἐλθεῖν.
2405 4594 2571 4654 Ἀλλὰ
2641 4602 2711 4672 τῇ
2788 4604 2879 4653 τοῦ
2956 4591 3417 4675 χειροτονηθέντος
3499 4589 3792 4647 ἐπισκόπου

426 4686 727 4746 nationem
743 4695 1178 4768 oportet,atque
1195 4687 1443 4767 itasequi
1464 4695 1760 4748 tonsuram
1776 4688 2051 4768 ejuscitra

2148 4687 2353 4764 ιρναικὶ
2398 4692 2551 4742 τοῦτο
2593 4686 2655 4742 οὗ
2708 4682 2934 4742 δέδοται.
2998 4684 3093 4742 Καὶ
3134 4680 3220 4738 διὰ
3275 4688 3431 4738 τοῦτο
3477 4681 3611 4755 μετα
3659 4699 3791 4735 συν-

423 4774 856 4836 recusationem
913 4775 1174 4837 Solvitur
1212 4775 1390 4835 etiam
1426 4774 1867 4835 matrimonium
1901 4776 2051 4854 (3.3),

2149 4774 2396 4840 αινέσεως
2451 4777 2613 4841 αὐτῆς
2668 4772 2751 4830 δεῖ
2807 4774 3035 4851 γίνεσθαι
3115 4779 3214 4839 τὴν
3287 4770 3642 4851 χειροτονίαν,
3700 4769 3794 4823 καὶ

423 4879 557 4923 cum
590 4863 837 4924 maritus
890 4873 989 4926 aut
1042 4882 1188 4926 uxor
1237 4864 1296 4924 iu
1355 4863 1749 4943 captivitatem
1808 4863 2051 4936 venerit,

2147 4864 2307 4926 οὕτως
2363 4861 2739 4921 ἐπακολουθεῖν
2808 4861 3185 4941 ἀπαραιτήτως
3238 4860 3336 4927 τὴν
3383 4859 3580 4925 ταύτης
3644 4856 3789 4913 ἀπὸ·

424 4968 491 5010 ac
522 4969 628 5032 per
656 4953 1127 5034 quinquennium
1186 4971 1303 5013 non
1362 4958 1612 5023 constet,
1675 4970 1816 5013 num
1877 4952 2050 5013 vivat.

2147 4974 2347 5031 καρσιν,
2383 4952 2569 5008 Δύεται
2612 4951 2786 5029 γάμος
2836 4952 2924 5006 καὶ
2980 4948 3107 5005 ὅταν
3168 4946 3513 5028 αἰχμάλωτος
3565 4943 3791 5024 γένηται

426 5037 486 5101 Si
518 5059 654 5103 vero
686 5051 900 5123 praeter
928 5050 1194 5123 statutas,
1227 5038 1672 5123 iuquit,auobis
1711 5058 1918 5102 cau-as
1933 5040 2051 5103 ausi

2147 5045 2172 5100 6
2215 5042 2372 5122 ἀνὴρ,
2430 5039 2467 5109 ἢ
2509 5040 2544 5109 ἡ
2614 5040 2746 5118 γονή
2779 5054 2794 5071 ³
2855 5035 3051 5105 ἄδηλον
3106 5036 3166 5094 ὃν
3220 5036 3307 5094 ἔπὶ
3350 5035 3684 5114 πενταετίαν,
3751 5035 3796 5092 εί

1734 5207 1996 5273 VARUE
2044 5207 2471 5275 LECTIONES.

419 5316 914 5457 ωέθότῦφίσταται.
998 5317 1061 5368 47
1111 5321 1161 5375 αἱ
1216 5319 1398 5393 αἰτίαι,
1455 5315 1500 5374 δ’
1559 5318 1621 5381 ἃς
1679 5319 1959 5401 χωρίζεται
2015 5319 2045 5375 6
2100 5315 2233 5395 ἀνὴρ
2286 5320 2387 5382 τῆς
2429 5311 2699 5394 γυναικός.
2781 5309 2846 5361 48
2896 5306 2951 5365 ἐν
3004 5307 3208 5389 ἁγνείᾳ.
3291 5303 3358 5358 49
3397 5306 3798 5387 μεθισταμένῳ.

541 5422 557 5457 ι
625 5422 668 5457 ι.

541 5422 668 5459 ιοτι.

1990 5500 2239 5568 NOTAE.

532 5611 627 5678 33a
663 5610 1035 5689 Novella’22,
1068 5630 1135 5678 ca
1186 5662 1197 5674 .
1231 5613 1291 5678 6.
2234 5606 2355 5691 (35)
2382 5604 2454 5672 D.
2490 5603 2686 5671 novel.
2717 5604 2821 5681 Ἡ,
2850 5621 2981 5687 cap.
3008 5604 3071 5668 7.

508 5615 626 5775 £34)
652 5691 725 5755 D.
759 5676 955 5757 novel.
989 5711 1046 5757 c.
2310 5745 2329 5752 Α.

532 5676 626 5770 34)
652 5691 725 5755 D.
759 5676 955 5757 novel.
989 5676 1046 5757 ε’.
1077 5676 1180 5758 3d.
