4074 6212
304 313 464 387 im
1635 304 2346 390 enm—mima.
3522 306 3685 392 lese

309 463 398 534 ζῇ.
459 457 518 515 Et
574 453 628 512 δὲ
670 456 814 536 παρὰ
866 456 961 521 τὰς
1017 453 1104 537 ὕφ’
1160 458 1335 533 ἡμῶν,
1384 460 1536 538 φησὶ,
1609 457 1983 538 διωρισμένας.

2070 457 2284 538 [ιιὶὰειπι
2315 457 2537 519 fuerint
2597 457 3038 520 matrimonium
3071 457 3350 521 solvere:
3400 456 3685 538 jubemus

312 547 480 610 αἰτίας
537 543 862 620 τολμήσουσί
934 567 1072 610 τινες
1139 544 1364 603 διαλύειν
1433 550 1524 604 τὸν
1591 550 1786 628 γάμον,
1859 571 1956 605 κε-

2074 545 2232 626 iquid
2242 564 2336 608 em
2362 545 2619 608 habeant
2641 545 3077 610 descendentes
3096 547 3186 610 vel
3217 547 3414 610 exhoc
3430 547 3684 627 ipso,vel

311 634 554 714 λεύομεν,
614 635 658 690 εί
702 634 800 709 μὲν
855 635 1134 700 κατιόντας
1179 633 1356 715 ἔχοιεν
1397 635 1508 693 εἴτε
1537 637 1590 705 ἐξ
1633 639 1812 718 αὐτοῦ,
1846 637 1958 694 εἴτε

2070 653 2110 695 :x
2123 634 2238 695 alio
2251 635 2649 716 matrimonio,
2665 635 2815 696 utiis
2836 635 3100 712 ipsorum
3125 636 3682 718 facultatesdentur,

275 724 366 790 .ὲξ
394 723 557 783 ἄλλου
608 724 806 801 γάμου,
851 725 945 788 τὰς
999 728 1171 784 αὑτῶν
1227 725 1400 791 οὖσίας
1435 727 1653 792 ἐκείνοις
1708 725 1956 800 δίδοσθαι,

313 815 400 871 καὶ
443 814 632 877 αὐτοὺς
666 815 739 876 εὶς
782 815 1136 894 μοναστήριον
1182 811 1437 894 (36l.....
1491 814 1714 873 δίδοσθαι
1758 817 1818 873 ἐκ
1861 821 1959 882 τῆς

314 903 488 966 εὒσίας
545 903 740 961 αὐτῶν.
817 904 874 959 Εἰ
939 900 995 958 δὲ
1059 903 1136 978 μὴ
1217 901 1394 983 ἔχοιεν
1467 904 1770 978 κατιόντας,
1827 903 1963 961 ἀλλὰ

315 991 580 1056 ἀνιόντας.
610 992 840 1056 τούτους
856 993 917 1047 τὸ
970 991 1144 1066 τρίτον
1187 993 1346 1072 μέρος
1409 999 1508 1061 τῆς
1551 995 1725 1059 οὒσίας
1792 998 1963 1053 αὐτῶν

315 1077 626 1155 λαμϐάνειν,
701 1082 746 1136 εἰ
790 1080 867 1156 μὴ
923 1086 992 1156 τῇ
1041 1079 1183 1137 λύσει
1248 1089 1338 1139 τοῦ
1393 1083 1567 1160 γάμου
1650 1083 1958 1158 συνῄνεσαν.

2044 723 2180 785 etin
2211 723 2716 786 mononasterium
2748 724 2940 805 ipsi...
2979 742 3050 786 ex
3079 725 3344 806 ipsorum
3376 726 3547 790 bonis
3577 730 3685 788 tri-

2045 808 2323 872 buantur.
2358 809 2459 872 Sin
2493 810 2931 874 descendentes
2961 811 3156 874 nullos
3188 813 3464 889 habeant,
3525 823 3590 876 ut
3645 813 3691 874 ii

2046 898 2278 960 tertiam
2298 897 2588 960 bonorum
2607 908 2833 980 partem
2850 908 3310 983 consequantur,
3338 903 3389 964 si
3409 902 3688 964 solutioni

2045 986 2406 1050 matrimonii
2424 1007 2540 1049 non
2552 988 3161 1062 consenserint.Quod
3175 990 3347 1053 sinec
3362 991 3690 1054 ascenden-

2049 1087 2160 1152 tes,
2177 1095 2286 1139 nec
2301 1077 2736 1140 descendentes
2753 1088 3007 1142 exstent:
3025 1078 3305 1159 jubemus
3321 1081 3520 1142 omnia
3533 1079 3688 1142 bona

317 1171 376 1226 Εἰ
418 1167 473 1225 δὲ
531 1170 667 1244 μήτε
711 1169 969 1248 ἀνιόντες,
1017 1171 1154 1244 μήτε
1193 1171 1463 1234 κατιόντες
1510 1173 1645 1245 εἶεν,
1681 1171 1965 1248 κελεύομεν

2070 1167 2444 1246 nonasteriis,
2464 1167 2522 1227 in
2538 1185 2666 1246 quae
2684 1167 2948 1229 conclusi
2969 1167 3209 1243 iuerint,
3233 1167 3494 1232 attribui.
3529 1167 3686 1241 Quin

316 1264 490 1314 πᾶσαν
541 1269 639 1325 την
682 1260 858 1315 οὖσίαν
921 1271 1040 1321 τοῖς
1099 1261 1497 1340 μοναστηρίοις,
1554 1265 1640 1326 οἷς
1682 1257 1968 1329 ἐνεϐλήθη·

2070 1253 2225 1314 ttiam
2258 1255 2385 1316 haec
2412 1255 2808 1316 instrumenta
2858 1256 3082 1317 nefaria
3110 1257 3514 1337 conﬁcientes,
3549 1255 3686 1318 sub-

318 1368 435 1416 σαν,
467 1344 718 1404 δίδοσθαι.
767 1345 933 1404 Ἀλλὰ
961 1349 1051 1404 καὶ
1092 1347 1212 1411 τοὺς
1269 1349 1334 1405 τὰ
1391 1357 1607 1406 τοιαῦτα
1637 1347 1965 1413 συντιθέντας

2075 1341 2149 1402 ici
2182 1343 2374 1423 poenis
2396 1344 2826 1424 corporalibus,
2851 1353 2911 1406 et
2934 1344 2995 1406 in
3023 1344 3295 1406 exsilium
3312 1345 3462 1406 m1.tti
3483 1345 3686 1426 praci-

320 1435 541 1510 ἀθέμιτα
611 1434 906 1512 συμϐόλαια
988 1435 1267 1513 κελεύομεν
1342 1451 1466 1504 ταῖς
1538 1441 1611 1502 εἷς
1679 1441 1740 1495 τὸ
1811 1444 1966 1512 σῶμα

2070 1430 2261 1492 ιίηιιιε.
2297 1431 2404 1494 Sin
2433 1441 2630 1494 autem
2661 1432 2726 1507 ii,
2772 1432 2873 1513 qui
2921 1433 3235 1494 divortium
3267 1433 3465 1496 facere
3493 1433 3688 1500 conati

319 1537 534 1589 ποιναῖς
589 1523 995 1586 ὑποϐάλλεσθαι.
1072 1527 1170 1583 Καὶ
1239 1528 1312 1591 εἷς
1369 1526 1564 1606 ὲξορίαν
1643 1527 1964 1602 πέμπεσθαι.

2070 1519 2306 1597 'uerunt,
2342 1540 2547 1583 rursus
2599 1523 2655 1582 in
2711 1521 3144 1583 matrimonium
3206 1523 3369 1584 coire
3393 1522 3683 1584 voluerint

320 1612 380 1667 Εἰ
420 1608 476 1667 δὲ
533 1615 580 1668 οἱ
637 1615 727 1670 τὸν
767 1613 938 1692 γάμον
982 1611 1121 1670 λύειν
1164 1614 1602 1695 ἐπιχειρήσαντες
1658 1613 1968 1691 βουληθεῖεν

2070 1617 2369 1690 mtequam
2398 1609 2458 1671 in
2491 1610 2856 1672 monasteria
2885 1610 3050 1672 missi
3081 1610 3224 1686 sint,
3255 1609 3313 1671 id
3343 1611 3558 1689 agendi
3607 1611 3688 1672 li-

319 1697 480 1755 πάλιν
541 1701 752 1764 ἑαυτοῖς
812 1700 1102 1775 συνελθεῖν,
1163 1705 1282 1782 πρὶν
1353 1702 1415 1759 ἂν
1473 1700 1778 1778 ἐμϐληθῶσι
1863 1723 1967 1778 μο-

2070 1701 2309 1760 :entiam
2341 1700 2487 1781 ipsis
2516 1699 2920 1770 concedimus,
2957 1699 3343 1780 etprredictas
3372 1717 3574 1779 pinnas
3603 1700 3690 1764 eis

739 1762 746 1764 _
1089 1762 1102 1775 ,
1205 1762 1215 1782 ι
1503 1762 1512 1778 ,
1636 1762 1647 1770 ,
1863 1762 1874 1778 ,

321 1791 644 1869 ναστηρίοις,
703 1789 850 1848 ἄδεια
904 1792 1112 1854 τούτοις
1187 1790 1380 1849 δίδοται
1455 1789 1579 1871 παρ’
1648 1793 1826 1866 ἡμῶν,
1883 1791 1972 1846 καὶ

2070 1762 2436 1866 remittimtis,
2472 1791 2737 1870 adeoque
2767 1762 3074 1852 facultates
3093 1809 3228 1852 suas
3248 1762 3510 1854 retinere
3531 1800 3692 1872 pote-

319 1877 415 1941 τὰς
485 1880 872 1960 προειρημένας
947 1881 1133 1944 ποινὰς
1192 1890 1574 1961 συγχωροῦμεν
1630 1882 1811 1944 αὐτοῖς
1882 1879 1971 1935 καὶ

2070 1886 2211 1940 runt.
2246 1879 2320 1941 At
2350 1899 2465 1940 una
2501 1897 2752 1960 persona
2781 1879 3222 1941 matrimonium
3281 1897 3556 1942 revocare
3584 1898 3690 1942 vo-

323 1967 417 2030 τὰς
487 1965 616 2032 ἰδίας
663 1967 810 2049 ἔχειν
853 1971 1176 2048 περιουσίας,
1238 1978 1342 2028 Tati
1399 1967 1445 2026 δ’
1509 1971 1624 2034 ἑνὸς
1688 1967 1972 2046 προσώπου

2077 1975 2236 2048 ente,
2267 1969 2320 2030 si
2347 1968 2530 2030 altera
2560 1987 2792 2049 quoque
2849 1985 3099 2048 persona
3146 1987 3265 2029 non
3296 1969 3687 2046 consenserit,

326 2053 644 2132 ϐουλομένου
699 2061 790 2116 τὸν
847 2060 1018 2137 γάμον
1070 2058 1511 2134 ἀνακαλέσασθαι,
1589 2060 1633 2114 εἷ
1704 2060 1781 2134 μὴ
1855 2079 1973 2114 συν-

2070 2057 2337 2119 adversus
2360 2076 2489 2120 eam
2518 2075 2705 2136 poena
2733 2065 2874 2119 ratae
2888 2057 3031 2132 sint,
3055 2075 3186 2138 quae
3206 2055 3691 2122 renuntiamu-

327 2144 551 2202 αινέσειε
622 2147 708 2203 καὶ
765 2148 829 2204 τὸ
885 2147 1084 2226 ἕτεροι,
1171 2148 1307 2207 κατὰ
1375 2157 1468 2207 τοῦ
1523 2147 1600 2223 μὴ
1657 2145 1974 2223 βουλομένου

2070 2153 2175 2209 lem
2210 2147 2342 2208 fieri
2366 2146 2645 2226 jubemus
2676 2146 3111 2208 interveniente
3141 2145 3512 2225 providentia
3543 2146 3690 2209 reli-

326 2248 543 2312 κρατεῖν
598 2235 694 2302 τὰς
765 2236 976 2301 ποινάς.
1037 2243 1211 2294 Ταῦτα
1294 2234 1348 2293 δὲ
1401 2234 1686 2311 κελεύομεν
1744 2235 1974 2315 γίνεσθαι

2070 2237 2530 2316 giosissimornm
2563 2238 3002 2320 episcoporum.
3029 2237 3198 2310 Quod
3227 2238 3280 2300 si
3309 2256 3416 2319 per
3445 2257 3696 2302 consen-

327 2324 417 2380 καὶ
472 2325 606 2380 κατὰ
675 2327 920 2406 πρόνοιαν
996 2333 1101 2383 τῶν
1171 2324 1587 2407 θεοφιλεστάτων
1644 2324 1946 2382 ἐπισκόπων

2070 2344 2191 2388 sum
2221 2327 2525 2408 utriusque
2548 2327 2733 2405 partis
2744 2327 3048 2390 velamore
3062 2327 3362 2408 pudicitiae
3383 2328 3694 2392 matri-mo-

331 2413 389 2470 Εί
431 2411 485 2470 δὲ
528 2415 665 2472 κατὰ
707 2415 996 2472 συναίνεσιν
1053 2415 1362 2496 ἀμφοτέρων
1419 2415 1524 2471 τῶν
1556 2421 1751 2492 μερῶν,
1785 2416 1821 2481 ἢ
1851 2408 1969 2469 κατ’

2070 2415 2227 2478 nium
2257 2416 2513 2479 solutum
2544 2417 2724 2479 fuerit
2749 2438 2762 2478 :
2790 2416 3096 2498 jubemus,
3124 2425 3188 2478 ut
3211 2417 3413 2479 statim
3444 2425 3693 2498 utraque

331 2501 501 2584 ἔρωτα
571 2505 908 2585 σωφροσύνης
967 2503 1144 2571 λυθείη
1225 2505 1422 2582 γάμος,
1497 2501 1778 2578 κελεύομεν
1829 2501 1971 2564 εὒθὺς

2070 2523 2198 2585 pars
2229 2505 2301 2567 ad
2334 2506 2509 2567 vitam
2541 2507 2862 2569 solitariam
2893 2505 3156 2583 accedat,
3190 2505 3273 2568 ita
3301 2506 3540 2587 quidem
3571 2515 3694 2569 uta

335 2595 554 2674 ἑκάτερα
633 2597 700 2653 τὰ
779 2595 914 2675 μέρη
986 2595 1370 2676 προσέρχεσθαι
1443 2602 1520 2670 τῷ
1576 2595 1794 2674 μονήρει
1851 2593 1971 2670 βίῳ,

2070 2594 2250 2674 poenis
2273 2595 2571 2657 immunes
2595 2593 3280 2674 maneant.Quodsiquis
3299 2613 3505 2657 eorum
3517 2595 3606 2656 vcl
3618 2595 3692 2657 ad

334 2684 570 2760 ἀζημίων
629 2682 873 2750 δηλονότι
930 2683 1334 2764 φυλαττομένων
1404 2687 1596 2742 αὐτῶν.
1669 2685 1728 2740 Ei
1785 2681 1840 2739 δέ
1894 2703 1975 2744 τις

2070 2681 2202 2742 alias
2233 2682 2466 2762 nuptias
2493 2683 2838 2756 convolarit,
2873 2683 2962 2745 vel
2994 2682 3054 2744 in
3115 2691 3521 2762 paupertatem
3553 2683 3696 2744 inci-

333 2773 532 2829 τούτων
557 2772 593 2841 ἢ
649 2773 808 2851 γάμῳ
861 2773 1160 2852 προσέλθοι,
1219 2774 1256 2842 ἢ
1311 2777 1464 2847 πενίᾳ
1521 2771 1821 2852 περιπέσοι,
1878 2771 1976 2838 τὴν

2070 2769 2215 2832 ierit
2249 2790 2263 2831 :
2295 2771 2492 2833 omnia
2519 2772 2783 2852 ipsorum
2840 2770 2995 2832 bona
3045 2770 3219 2832 liberi
3246 2771 3557 2851 accipient.
3594 2769 3698 2832 Sin

335 2866 512 2917 πᾶσαν
567 2863 724 2919 αἰντοῦ
780 2861 1076 2940 περιουσίαν
1133 2864 1180 2919 οἱ
1233 2860 1421 2927 παῖδες
1477 2861 1740 2938 λήψονται
1774 2876 1788 2890 ⁸
1817 2860 1892 2940 ,εἰ
1920 2856 1977 2940 δέ

2070 2857 2234 2920 liberi
2262 2859 2407 2921 nulli
2433 2868 2690 2935 exstent,
2718 2862 2890 2922 ﬁscus
2909 2858 3210 2921 succedet.
3247 2857 3530 2921 Cancrum
3561 2877 3700 2922 1.th

253 2950 259 2955 ’
337 2947 534 3014 παῖδας
589 2951 683 3006 οὒκ
732 2947 871 3029 ἕχει,
903 2951 964 3005 τὸ
993 2947 1250 3025 δημόσιον
1280 2951 1439 3008 αὐτὸν
1470 2949 1778 3016 διαδέξεται.
1814 2939 1870 3005 Ὀ
1902 2935 1978 3012 ξθ’

2070 2947 2261 3009 Basilii
2320 2949 2516 3027 magni
2571 2968 2810 3011 canon:
2889 2948 2953 3010 Si
3025 2947 3235 3022 lector,
3293 2946 3505 3028 inquit,
3563 2966 3697 3010 cum

335 3047 429 3096 τοῦ
509 3037 741 3117 μεγάλω
810 3037 1082 3096 Βασιλείου
1148 3041 1323 3096 κανών
1355 3057 1370 3072 ⁸
1459 3041 1516 3098 Ei
1608 3038 1974 3117 ἀναγνώστης,

2070 3037 2360 3118 desponsa
2390 3037 2504 3099 sibi
2529 3038 2777 3100 muliere
2793 3047 2928 3100 ante
2941 3035 3267 3099 celebratas
3293 3037 3528 3117 nuptias
3544 3037 3701 3099 coie‘

340 3130 490 3210 φησὶ,
574 3134 645 3206 τῇ
719 3129 876 3185 αὐτοῦ
961 3130 1402 3206 μεμνηστευμένῃ
1480 3131 1584 3209 πρὸ
1653 3137 1746 3188 τοῦ
1808 3128 1981 3206 γάμου

2070 3126 2162 3200 rit,
2194 3126 2368 3188 etiam
2391 3126 2516 3206 ipsa
2538 3127 2974 3202 consentiente,
2999 3125 3071 3188 ad
3088 3125 3492 3205 annispatium
3507 3143 3703 3205 segre-

342 3219 588 3298 μιχθείη,
660 3217 908 3286 κάκείνης
990 3225 1147 3275 τοῦτο
1231 3217 1516 3296 ἑλομένης,
1589 3218 1675 3275 ἐπ’
1743 3217 1983 3273 ἐνιαυαὸν

2070 3221 2253 3295 gatur,
2282 3222 2341 3278 et
2359 3215 2431 3277 ad
2457 3215 2696 3277 lectoris
2723 3213 2963 3294 quidem
2990 3232 3203 3274 munus
3232 3213 3411 3285 redit,
3445 3213 3552 3276 sed
3585 3233 3703 3278 ma-

339 3307 714 3390 ἀφοριζόμενος
769 3308 841 3371 εἰς
895 3308 958 3364 τὸ
1038 3307 1417 3387 ἀναγινώσκειν
1484 3306 1644 3366 πάλιν
1693 3305 1979 3379 ἐπάνεισιν,

2070 3307 2253 3382 iorem
2266 3303 2338 3365 ad
2360 3303 2603 3381 gradum
2626 3321 2742 3364 non
2765 3301 3128 3382 provehitur.
3151 3302 3258 3390 Sin
3278 3301 3500 3390 absque
3526 3321 3705 3382 spon-

341 3389 414 3464 εἷς
459 3400 670 3473 μείζονα
725 3397 804 3472 μὴ
854 3397 1172 3477 προκόπτων
1223 3395 1443 3474 ϐαθμόν.
1499 3399 1557 3455 Εἰ
1612 3395 1666 3453 δὲ
1696 3394 1982 3471 μνηστείας

2070 3392 2286 3454 salibus
2299 3411 2369 3453 cu
2379 3410 2432 3452 m
2456 3392 2707 3453 muliere
2721 3389 3210 3454 consuetudinem
3223 3389 3456 3463 habeat,
3473 3390 3707 3452 tametsi

341 3489 509 3570 χωρὶς
564 3485 795 3544 συνέλθοι
851 3487 1076 3565 γυναικὶ,
1147 3489 1237 3544 καὶ
1313 3488 1357 3543 εί
1435 3483 1621 3544 λαϐεῒν
1676 3485 1840 3551 αυτὴν
1909 3483 1982 3546 εἷς

343 3591 570 3656 γυναῖκα
620 3575 809 3653 λόγους
866 3574 1002 3639 ἴσως
1045 3575 1160 3652 μετ’
1217 3577 1381 3644 αὐτῆς
1423 3575 1685 3650 ἐποιεῖτο,
1756 3575 1843 3630 καὶ
1887 3573 1984 3641 τῆς

343 3675 439 3725 τοῦ
490 3665 829 3743 ἀναγνώστου
882 3665 1168 3743 ὑπηρεσίας
1231 3664 1495 3728 ἐκπίπτει.
1555 3666 1614 3722 Εἰ
1671 3663 1726 3720 δὲ
1781 3661 1986 3742 ὑπηρέ-

346 3775 446 3822 της
475 3751 592 3821 ἤτοι
649 3751 990 3818 ὑποδιάκονος
1044 3757 1121 3828 τῷ
1175 3751 1397 3835 δευτέρῷ
1452 3754 1604 3811 πάθει
1663 3751 1844 3832 ἁλοίη,
1888 3756 1986 3835 τῆς

349 3838 635 3918 ὑπηρεσίας
692 3837 965 3896 ἐκϐάλεται
1007 3839 1224 3906 τελέως,
1288 3827 1347 3899 ’ὁ
1371 3827 1449 3897 ἠδὲ
1502 3840 1714 3904 ἕννατος
1761 3827 1856 3908 τῆς
1908 3827 1992 3912 ς·’

349 3927 585 4003 συνόδου,
642 3929 733 3985 τὸν
808 3929 881 3992 εἰς
964 3930 1134 4008 γάμον
1215 3930 1492 3988 κοινωνίαν
1573 3929 1834 4009 ἀγόμενον
1891 3927 1988 3994 τὴν

351 4018 512 4096 ἑτέρῳ
607 4017 1100 4094 μεμνηστευμένην,
1195 4018 1270 4076 ἔτι
1350 4029 1442 4079 τοῦ
1524 4015 1988 4094 μνηστευσαμένου

350 4107 622 4186 περιόντος
669 4119 786 4169 τοῖς
840 4112 937 4174 τῆς
984 4108 1232 4186 μοιχείας
1284 4105 1574 4169 ὑποϐάλλει
1630 4105 1987 4186 ἐγκλήμασιν.

352 4197 412 4256 Εἰ
467 4192 522 4253 δὲ
566 4195 644 4270 μὴ
704 4202 969 4272 γαμικῶς,
1026 4194 1164 4253 ἀλλὰ
1233 4203 1495 4275 πορνικῶς
1551 4197 1684 4272 μετὰ
1741 4194 1991 4260 τοιαύτης

2067 3479 2216 3542 forte
2238 3479 2434 3542 verbis
2456 3488 2514 3540 et
2549 3478 2913 3556 signiﬁcarit,
2962 3496 3027 3540 se
3053 3479 3214 3540 illam
3227 3477 3547 3540 ducturum
3565 3498 3678 3539 uxo
3696 3513 3710 3525 -

2066 3587 2225 3632 rem:
2276 3567 2451 3631 etiam
2493 3567 2820 3629 ministerio
2867 3567 3107 3629 lectoris
3156 3566 3402 3629 excidit.
3458 3566 3622 3639 Quod
3657 3566 3709 3629 si

2072 3659 2346 3720 minister
2373 3657 2494 3720 sive
2524 3657 2809 3719 diaconus
2836 3658 2949 3718 hoc
2975 3657 3158 3718 altero
3185 3655 3324 3718 vitio
3363 3655 3705 3737 deliquerit,

2071 3746 2400 3809 ministerio
2457 3764 2565 3810 suo
2621 3763 2861 3826 prorsus
2919 3744 3178 3824 ejicitur.
3258 3743 3462 3807 Nonus
3508 3756 3709 3807 autem

2071 3845 2254 3898 sextae
2285 3834 2490 3915 synodi
2516 3852 2705 3896 canon
2735 3851 2895 3906 eum,
2928 3832 3030 3913 qui
3057 3832 3226 3895 alteri
3258 3833 3618 3912 desponsam
3647 3831 3712 3893 in

2071 3923 2434 3985 matrimonii
2462 3920 2824 3985 consortium
2852 3919 3114 4001 asciscit,
3142 3920 3336 3984 adhuc
3364 3920 3468 3982 iilo
3495 3937 3712 4000 super-

2069 4012 2228 4086 stite,
2259 4017 2358 4092 qui
2409 4011 2709 4093 sponsalia
2758 4009 3081 4083 contraxit;
3143 4009 3380 4072 crimini
3432 4007 3713 4072 adulterii

2071 4101 2332 4182 subjicit.
2365 4100 2531 4173 Quod
2561 4101 2611 4162 si
2642 4119 2759 4162 non
2793 4099 3155 4162 matrimonii
3203 4099 3356 4177 lege,
3399 4097 3505 4160 sed
3538 4115 3709 4160 scor-

2074 4191 2251 4252 tando
2281 4209 2414 4252 cum
2447 4190 2548 4251 tali
2577 4189 2869 4271 quispiam
2913 4205 3042 4250 rem
3094 4187 3390 4262 habuerit,
3425 4195 3548 4250 tum
3577 4186 3713 4267 ipse

352 4307 434 4350 τις
489 4284 836 4364 συμφθαρείη,
909 4287 997 4342 καὶ
1056 4288 1209 4366 οὗτος
1279 4287 1351 4350 ὡς
1411 4287 1608 4366 μοιχὸς
1649 4296 1983 4363 τιμωρεῖται,

2079 4294 2355 4360 tanquam
2386 4280 2637 4354 adulter,
2673 4288 2795 4342 tum
2818 4277 3034 4339 mulier
3053 4285 3115 4339 ut
3133 4277 3404 4338 adultera
3421 4275 3669 4354 punitur
3696 4291 3712 4336 :

351 4375 439 4430 καὶ
479 4376 514 4442 ἡ
543 4373 676 4453 γυνὴ
708 4375 782 4437 ὡς
816 4373 1092 4454 μοιχαλίς.
1129 4365 1187 4431 Ὀ
1238 4372 1293 4430 δὲ
1320 4375 1420 4444 τὴν
1450 4365 1732 4452 μνηστείαν
1762 4371 1992 4450 ἀγνοῶν,

355 4465 430 4527 ὡς
458 4463 672 4542 πόρνος.

885 4594 907 4628 ι
943 4572 1067 4651 Περὶ
1097 4572 1404 4649 μνηστείας.
1442 4595 1472 4628 ι

439 4678 548 4746 Τὴν
617 4677 717 4757 γὰρ
770 4679 1056 4756 μνηστείαν
1115 4680 1162 4734 οἱ
1205 4676 1482 4754 νομοθέται
1533 4678 1812 4758 ὁρίζονται,
1859 4677 1998 4750 μνή-

361 4790 469 4845 μην
524 4768 612 4824 καὶ
669 4765 986 4846 ἐπαγγελίαν
1027 4774 1132 4824 τῶν
1191 4765 1493 4844 μελλόντων
1548 4767 1758 4845 γάμων,
1818 4767 1914 4824 Καὶ
1973 4768 2002 4822 ὁ

2078 4372 2179 4453 qui
2209 4389 2348 4434 vero
2380 4371 2678 4452 sponsalia
2727 4368 3025 4432 celebrata
3070 4367 3399 4448 ignorabat,
3434 4377 3716 4446 tanquam

2079 4467 2390 4523 scortator.

2644 4565 2734 4629 De
2755 4563 3154 4647 sponsalibus.

2161 4671 2600 4755 Sponsalial37)
2635 4689 2888 4748 namque
2931 4670 3084 4750 juris
3107 4677 3379 4732 auctores
3407 4667 3719 4741 deficiunt,

2085 4761 2450 4824 mentionem
2470 4769 2527 4822 et
2548 4758 3000 4842 promissionem
3014 4758 3338 4820 futurarum
3357 4757 3718 4838 nuptiarum.

360 4857 459 4933 μὲν
489 4862 776 4920 Μωσαϊκος
830 4857 990 4932 νόμος
1040 4858 1113 4921 ὡς
1157 4855 1329 4933 γάμον
1384 4855 1482 4924 τὴν
1533 4856 1817 4932 μνηστείαν
1875 4853 2001 4911 ἐλο-

361 4945 557 5024 γίζετο.
604 4945 704 5003 Καὶ
756 4947 786 5002 ὁ
841 4947 941 5013 τὴν
1006 4943 1154 5018 ἄλλῳ
1208 4943 1682 5020 μεμνηστευμένην
1758 4945 1975 5024 φθείρων

2085 4939 2365 5003 habebat.
2399 4937 2470 5000 Et
2498 4940 2596 5019 qui
2627 4938 2984 5018 desponsam
3030 4935 3202 4998 alteri
3261 4935 3525 5013 vitiabat,
3589 4943 3723 4996 tan-

363 5023 436 5098 ως
468 5034 665 5113 μοιχὸς
708 5032 1008 5105 ἐκολάζετο.
1071 5035 1170 5092 Καὶ
1228 5030 1410 5102 ἐπειδὴ
1466 5033 1536 5088 τὰ
1589 5037 1688 5100 τῆς
1717 5023 1983 5108 μνηστείαι

2087 5047 2262 5111 quam
2279 5029 2510 5090 adulter
2532 5023 3298 5108 puniebatur.Sponsalium
3321 5042 3556 5107 quoque
3576 5041 3730 5113 sim-

364 5127 546 5186 αὒτοϊς
567 5110 917 5202 συνήρμοττε
972 5120 1230 5197 σύμϐολα,
1292 5123 1382 5179 καὶ
1431 5134 1660 5200 γυναῖκα
1713 5121 1811 5189 τὴν
1859 5143 1983 5196 μνη·

2089 5110 2239 5181 bolis
2267 5116 2440 5193 datis,
2473 5133 2692 5197 sponsa
2719 5131 2939 5176 nomen
2983 5115 3181 5176 uxoris
3208 5113 3561 5195 accipiebat.
3595 5110 3724 5174 Hu-

364 5209 496 5278 στὴν
573 5212 973 5292 προσαγορεύει.
1045 5210 1396 5270 Ἐταπείνωσε
1477 5211 1600 5291 γὰρ,
1680 5211 1832 5292 φησὶ,
1909 5210 1983 5277 τήε

2091 5206 2360 5279 miliavit,
2391 5205 2604 5288 inquit,
2637 5221 2883 5268 uxorem
2915 5203 3202 5286 proximi:
3257 5203 3371 5266 hoc
3407 5209 3520 5278 est,
3551 5218 3729 5283 spor-

1933 5385 2180 5456 NOTIE.

454 5497 581 5581 (36)
617 5496 716 5563 Sic
778 5497 1074 5581 restitue:
1129 5499 1202 5581 είς
1261 5499 1610 5581 μοναστήριον
1641 5493 1983 5581 ἐμξάλλεσθαι

2095 5493 2298 5581 urtch
2312 5499 2578 5581 q_uatu_or
2595 5509 2683 5581 ξω
2708 5494 3008 5581 ipsorum,
3037 5501 3152 5556 etc.

373 5572 474 5637 καῖ
514 5572 632 5644 τοῖς
692 5580 1065 5658 μοναστηρίοις
1106 5572 1361 5658 τέσσαρας
1415 5572 1627 5658 abfuisti:
1671 5572 1900 5641 δίδοςται

2097 5603 2100 5607 -
2179 5572 2382 5656 (37)].
2422 5581 2445 5634 l
2482 5572 2550 5636 D.
2585 5575 2674 5638 De
2702 5572 3109 5654 sponsalibus.

373 5662 472 5728 τῆς
515 5663 604 5718 καὶ
629 5659 782 5739 ἕτερα
814 5678 828 5694 ·
885 5656 1006 5738 ipsi
1029 5656 1468 5738 conjiciantur,
1491 5656 1500 5658 “
1523 5663 1580 5721 et
1631 5656 2014 5723 monasteriis

2085 4852 2169 4915 Ac
2199 4851 2294 4913 lex
2323 4849 2563 4932 quidem
2597 4848 2850 4910 Mosaica
2880 4848 3240 4911 matrimonii
3271 4849 3399 4910 loco
3424 4846 3726 4928 sponsalia
