4074 6212
293 275 451 352 1285

1613 274 2331 358 GMCO-ROMANUM.

3498 267 3652 343 1286

281 422 421 489 ὅλως
476 422 693 500 ἐννόμου
747 423 1038 499 μκηστείας
1080 425 1169 481 καὶ
1224 423 1487 505 ἀσφαλοῦς
1526 426 1871 508 ὑποφέρεσθαι
1903 448 1915 461 ·

2006 422 2365 504 sponsalium
2398 423 2595 488 locum
2626 441 2745 486 non
2775 420 3105 501 obtineant,
3126 417 3232 482 sed
3263 424 3488 481 tantum
3521 414 3648 477 vel-

283 511 403 570 ἆλλ³
462 516 537 576 ὥς
593 512 944 593 ἐπερωτήσεις
1000 513 1161 589 μόνον
1217 513 1614 595 ἠσφαλισμένας
1669 517 1928 597 κρίνεσθαί

281 623 340 658 τε
410 603 498 659 καὶ
568 601 802 681 ἐνεργεῖν
855 603 991 658 κατὰ
1050 604 1111 659 τὸ
1156 601 1270 669 ἔθος
1323 609 1429 659 τῶν
1483 603 1659 661 ἄλλων
1730 605 1926 662 συναλ-

282 689 573 770 λαγμάτων
605 710 621 726 ⁸
690 690 925 772 ἐνεργεῖν
967 689 1022 747 δὲ
1076 691 1168 748 τὸν
1209 691 1437 749 παλαιὸν
1493 695 1655 769 νόμον
1711 696 1801 750 τὸν
1844 695 1930 752 ἐπὶ

280 785 348 856 τῇ
403 780 661 855 μνηστείᾳ
730 779 1116 858 ἐκφωνηθέντα,
1202 780 1257 837 ἐν
1338 795 1457 846 τοῖς
1538 782 1928 859 κεκωλυμένοις

280 872 587 951 προσώποις
684 872 1014 953 εἰσέρχεσθαι
1113 872 1198 930 ἐπὶ
1294 874 1390 942 τὴν
1502 876 1928 956 ἆποζευχθεϊσαν

281 962 548 1037 μνηστὴν,
608 959 693 1018 διὰ
748 964 810 1019 τὸ
863 962 1159 1040 περιούσιον
1215 967 1314 1032 τῆς
1384 966 1525 1043 παρὰ
1583 973 1925 1045 Χριστιανοτς

282 1048 765 1127 ἐιιπολιτευομένης
794 1053 1185 1118 καταστάσεως.
1243 1056 1303 1112 Εἰ
1354 1055 1455 1134 γὰρ
1510 1057 1597 1112 καὶ
1645 1055 1721 1132 μὴ
1780 1078 1923 1131 μνη·-

282 1139 427 1195 στεία
478 1137 589 1196 ἐστὶ
650 1140 786 1196 κατὰ
834 1141 897 1196 τὸ
951 1138 1161 1221 ἀκριϐὲς
1219 1142 1435 1210 ἐντελὴς
1505 1145 1566 1200 τὸ
1622 1143 1922 1223 γινόμενον,

282 1225 400 1283 ἀλλ’
455 1227 535 1284 ὅτι
580 1226 779 1285 σκοπὸν
834 1227 982 1309 ἔχειν
1053 1233 1341 1305 μνηστείας
1397 1230 1569 1307 δοκεῖ,
1634 1234 1723 1289 καὶ
1763 1233 1924 1308 θεμέ-

281 1313 395 1380 λιος
466 1317 640 1395 γάμω
714 1316 942 1381 ἐντεῦθεν
1018 1318 1533 1401 προκαταϐάλλεται,
1614 1320 1791 1386 καλῶς
1861 1320 1924 1378 ἂν

280 1403 401 1484 ἔχοι
457 1406 523 1460 τὰ
569 1405 913 1469 κεκωλυμένα
965 1408 1043 1484 τῷ
1112 1409 1259 1485 νόμῳ
1317 1410 1577 1489 πρόσωπα
1634 1413 1722 1467 καὶ
1778 1410 1923 1475 αὗθις

279 1491 597 1570 κωλύεσθαι,
677 1497 767 1553 καὶ
864 1495 1065 1573 μηδένα
1146 1500 1218 1563 εἷς
1303 1512 1530 1578 γυναῖκα
1610 1497 1921 1581 λαμϐάνειν,

277 1581 345 1648 ἣν
399 1585 427 1639 6
484 1583 710 1650 παλαιὸς
764 1586 925 1662 νόμος
984 1589 1227 1661 μνηστήν
1284 1609 1422 1652 τινος
1467 1588 1776 1667 γενομένην,
1823 1593 1923 1656 τῆς

279 1673 564 1745 μνηστείας
604 1672 867 1751 λυομένης
911 1678 1004 1732 ούκ
1061 1675 1264 1756 ἀφῆκεν
1325 1676 1489 1757 ἑτέρῳ
1556 1678 1692 1735 κατά
1754 1679 1926 1757 γάμον

280 1761 648 1843 συνέρχεσθαι.

660 1886 691 1928 (
721 1868 846 1946 Περὶ
874 1869 1156 1944 μνηστείας
1181 1867 1473 1949 κληρικῶν,
1512 1894 1540 1926 ι

361 1966 575 2044 Ἀμέλει
633 1970 720 2026 καὶ
777 1968 871 2026 ούκ
925 1969 1133 2050 ἐφεῖταί
1203 1995 1306 2030 τινι
1375 1978 1482 2031 τῶν
1536 1983 1630 2033 τοῦ
1679 1974 1922 2050 βήματος

275 2057 485 2132 θανάτῳ
567 2059 604 2127 ἢ
684 2055 821 2137 ἄλλῃ
892 2061 1031 2134 αἰτίᾳ
1114 2066 1212 2130 τῆς
1297 2062 1491 2125 οἰκείας
1568 2060 1920 2142 διαζευχθέντι

278 2150 543 2231 μνηστῆς,
577 2149 681 2228 πρὸ
752 2156 844 2207 τοῦ
914 2150 1109 2229 γάμου,
1188 2150 1338 2231 ἑτέρα
1423 2152 1769 2208 συνάπτεσθαι
1824 2173 1921 2230 γυ-

276 2235 437 2321 ναικί,
529 2226 588 2293 Ὀ
622 2226 631 2228 7
669 2236 768 2318 γὰρ
847 2226 1195 2307 πεποιηκέναι
1267 2226 1423 2300 τοῦτο
1500 2242 1779 2321 φωραθεὶς,
1839 2226 1922 2305 ὣς

274 2320 757 2403 δευτερογαμήσας
792 2329 1147 2407 καθαιρετται,
1209 2330 1309 2387 Καὶ
1362 2330 1391 2384 6
1434 2327 1681 2404 ἐμπεσὼν
1735 2328 1816 2396 εἴς
1871 2351 1922 2386 τι

273 2412 514 2471 τοιοῦτον
595 2415 966 2494 ἀναγνώστης,
1053 2418 1126 2482 εἷς
1209 2416 1385 2497 ἕτερον
1489 2419 1549 2475 οὐ
1633 2418 1921 2498 προκόπτει

273 2501 504 2577 βαθμόν,
561 2506 621 2561 Εἰ
670 2504 727 2563 δὲ
772 2506 1063 2571 ἆσύστατός
1120 2505 1263 2564 ἐστιν
1314 2509 1350 2576 ἡ
1395 2507 1674 2585 μνηστεία,
1740 2509 1783 2564 εἰ
1825 2509 1925 2583 μὲν

272 2591 337 2646 τὸ
408 2597 762 2672 κατεγγυηθὲν
831 2597 1116 2675 πρόσωπον
1184 2604 1261 2671 τῷ
1336 2596 1537 2655 θέλοντι
1621 2598 1922 2677 ἱερωθῆναι,

272 2679 365 2735 τὸν
420 2679 570 2739 ἕκτον
640 2682 867 2764 ὑπερέϐη
916 2686 1133 2766 χρόνον,
1191 2690 1252 2745 οὗ
1309 2687 1840 2766 παραχωρηθήσεται
1896 2687 1925 2742 6

273 2771 738 2857 μνηστευσάμενος
837 2774 991 2855 ἑτέρα
1089 2776 1403 2856 σωαφθῆναι
1497 2777 1726 2857 γυναικὶ,
1827 2778 1914 2834 καὶ

274 2853 444 2943 οὕτως
499 2860 798 2938 ἱερωθῆναι,
868 2853 1101 2942 Δίγαμος
1177 2853 1276 2943 γάρ
1344 2853 1604 2943 λογίζεται
1674 2853 1758 2922 διὰ
1814 2866 1915 2934 τὴν

271 2941 574 3026 ἐπιθυμίαν,
607 2971 686 3024 τῳ
738 2941 986 3020 δεκτικὴν
1037 2941 1432 3033 ἔρωτος-εῖναι
1475 2961 1763 3021 τηνικαῦτα
1818 2955 1916 3023 τὴν

2012 513 2091 575 uti
2122 514 2485 576 conﬁrmatae
2513 513 2925 596 stipulationes
2954 510 3307 587 habeantur,
3341 518 3402 572 et
3429 525 3650 570 secun-

2011 602 2149 664 dum
2180 602 2433 664 aliorum
2462 610 2827 665 contractum
2851 599 3343 663 consuetudinem
3361 596 3646 677 obligent:

2010 692 2196 754 veteri
2220 693 2371 770 lege,
2395 712 2527 773 qua:
2548 693 2622 755 de
2643 690 3021 774 sponsalibus
3038 696 3126 751 est
3144 686 3442 768 publicata
3468 684 3654 748 robur

2014 780 2075 842 in
2108 781 2178 843 iis
2209 780 2466 844 habente
2521 779 2821 862 personis,
2882 777 3099 860 quibus
3151 794 3285 839 cum
3315 774 3645 856 repudiata,

2010 887 2227 950 sponsa
2247 870 2309 931 in
2333 869 2776 932 matrimonium
2798 869 2962 931 coire
3005 865 3368 948 prohibitum
3407 873 3517 938 est,
3553 865 3648 925 id-

2008 977 2124 1039 que
2148 979 2201 1039 p:
2222 967 2390 1040 opter
2409 959 2538 1040 ejus
2560 968 2770 1031 status,
2794 957 2892 1039 qui
2913 956 3067 1037 apud
3086 953 3452 1020 Christianos
3474 953 3650 1034 viget,

2007 1046 2467 1111 incrementum.
2501 1049 2660 1111 Licet
2690 1050 2849 1110 enim
2881 1045 3084 1108 subtili
3119 1044 3349 1107 ratione
3379 1062 3499 1105 non
3529 1042 3651 1105 sint

2007 1134 2134 1197 haec
2165 1136 2426 1217 perfecta
2455 1137 2776 1217 sponsalia,
2810 1145 3009 1197 tamen
3041 1134 3179 1215 quia
3195 1130 3559 1214 sponsalium
3583 1130 3650 1191 fi-

2008 1242 2145 1285 nem
2177 1224 2398 1289 habere
2450 1226 2746 1306 videntur,
2802 1233 2857 1287 et
2889 1223 3227 1305 nuptiarum
3261 1221 3400 1283 hinc
3432 1220 3644 1282 funda-

2009 1321 2271 1376 mentum
2306 1314 2569 1396 ponitur,
2603 1334 2720 1376 non
2751 1313 2859 1376 abs
2887 1332 2955 1375 re
2987 1311 3302 1394 prohibita;
3322 1329 3427 1391 per
3457 1310 3647 1390 legem

2008 1421 2275 1482 personae
2321 1422 2530 1466 rursus
2593 1402 3088 1484 impedimentum
3150 1399 3472 1474 habebunt,
3537 1417 3649 1461 nec

2005 1491 2315 1573 quisquam
2349 1511 2477 1553 eam
2536 1510 2780 1555 uxorem
2834 1491 3035 1565 ducet,
3096 1506 3272 1570 quam
3331 1491 3526 1570 prisca
3554 1487 3647 1549 lex

2005 1596 2281 1664 sponsam
2329 1583 2587 1665 alic'ujus
2628 1584 2863 1658 factam,
2915 1580 3123 1644 solutis
3180 1577 3557 1662 sponsalibus
3585 1577 3646 1639 in

2010 1672 2449 1735 matrimonium
2483 1691 2616 1735 cum
2649 1674 2833 1735 altero
2862 1671 3022 1734 coire
3052 1688 3172 1732 non
3205 1667 3497 1751 permisit.

2370 1863 2458 1927 De
2486 1864 2843 1929 clericorum
2870 1859 3277 1944 sponsalibus.

2060 1968 2217 2028 Sane
2230 1984 2344 2029 non
2365 1966 2724 2047 prrmittitur
2738 1965 2914 2027 alicui
2931 1964 3274 2043 dignitatem
3288 1960 3643 2026 ecclesiasti-

2005 2074 2134 2118 cam
2146 2057 2400 2135 gerenti,
2414 2057 2514 2137 qui
2531 2057 2739 2118 mortis
2752 2055 3071 2118 alteriusve
3101 2071 3294 2115 causae
3312 2052 3646 2114 interventu

2003 2155 2308 2226 Separatus
2339 2145 2721 2227 sitasponsa
2749 2163 2856 2207 sua
2906 2152 3046 2206 ante
3096 2142 3355 2224 nuptias,
3415 2149 3478 2204 ut
3535 2140 3650 2203 alia

2005 2253 2140 2296 cum
2197 2234 2445 2296 muliere
2476 2235 2807 2316 copuletur.
2839 2232 2985 2296 Nam
3015 2231 3116 2314 qui
3146 2232 3260 2293 hoc
3288 2230 3504 2293 fecisse
3534 2230 3644 2292 de-

2007 2325 2338 2405 prehensus
2370 2326 2568 2400 fuerit,
2602 2334 2878 2406 tanquam
2935 2321 3200 2386 secundo
3232 2321 3485 2401 illigatus
3516 2338 3648 2383 ma-

2007 2414 2309 2491 trimonio,
2344 2415 2680 2495 deponitur.
2717 2415 2929 2477 Lector
2955 2412 3158 2489 etiam,
3191 2412 3294 2493 qui
3322 2411 3438 2473 tale
3463 2410 3647 2492 quid-

2006 2523 2181 2585 quam
2213 2504 2482 2578 incurrit,
2518 2505 2589 2566 ad
2621 2504 2801 2566 alium
2831 2503 3076 2584 gradum
3126 2519 3243 2563 non
3280 2499 3643 2580 provehitur.

2005 2592 2173 2666 Quod
2197 2593 2249 2656 si
2280 2602 2550 2656 constare
2582 2591 2880 2673 sponsalia
2894 2610 3013 2653 non
3046 2596 3311 2671 possunt,
3345 2588 3641 2668 siquidem

2007 2690 2065 2745 et
2106 2683 2402 2764 desponsa
2432 2700 2704 2764 persona,
2753 2680 2854 2762 qui
2885 2679 3164 2745 sacerdos
3194 2678 3319 2738 ﬁeri
3356 2678 3497 2751 vult,
3533 2696 3645 2738 an-

2006 2789 2148 2834 num
2179 2780 2405 2833 sextum
2436 2771 2622 2832 aatatis
2650 2769 2925 2842 excessit,
2980 2786 3097 2829 non
3157 2764 3533 2847 permittetur
3562 2765 3641 2841 ei,

1999 2861 2097 2941 qui
2131 2879 2259 2923 eam
2283 2860 2398 2922 sibi
2423 2858 2759 2941 despondit,
2789 2867 2852 2919 ut
2872 2856 2987 2919 alia
3012 2874 3146 2918 cum
3182 2853 3436 2916 muliere
3466 2873 3643 2933 copu-

1999 2949 2174 3026 letur,
2188 2958 2362 3031 atque
2385 2951 2464 3011 ita
2475 2947 2753 3011 sacerdos
2770 2947 2890 3009 fiat.
2905 2947 3057 3008 Nam
3070 2943 3340 3022 digamus
3374 2962 3504 3005 esse
3525 2944 3642 3005 du-

271 3046 526 3109 γυναϊκα.
568 3039 628 3095 Εἰ
685 3036 740 3095 δὲ
788 3044 966 3112 ἥττων
1020 3046 1125 3098 τῶν
1183 3040 1235 3107 ἓξ
1277 3043 1487 3122 χρόνων
1518 3042 1585 3110 ἦν
1611 3045 1672 3100 τὸ
1715 3064 1915 3122 κατεγ-

2006 3036 2182 3120 citur,
2214 3038 2443 3101 ratione
2473 3036 2993 3118 concupiscentia,
3027 3052 3163 3096 cum
3195 3033 3487 3094 hacaetate
3517 3052 3648 3094 mu-

268 3122 464 3214 γυηθὲγ
495 3128 635 3201 αύτῳ
664 3129 969 3209 πρόσωπον,
1023 3129 1110 3187 ὅτε
1165 3132 1200 3199 ἡ
1244 3121 1492 3199 ἀθέτησις
1548 3138 1654 3190 τῶν
1699 3121 1919 3214 συμφῶ-

2007 3128 2118 3189 lier
2145 3128 2365 3190 amoris
2393 3146 2575 3209 capax
2604 3126 2700 3188 sit.
2734 3129 2806 3189 At
2834 3143 2972 3187 vero
3004 3122 3054 3185 si
3104 3122 3302 3183 minor
3330 3140 3430 3184 sex
3464 3121 3637 3184 annis

265 3232 377 3268 νων
433 3212 652 3294 ἐγίνετο,
698 3215 906 3278 δύναται
977 3222 1006 3278 6
1058 3230 1296 3284 τοιοῦτος
1354 3223 1443 3278 καὶ
1513 3221 1664 3301 ἑτέρᾳ
1716 3212 1923 3301 γυναικὶ

266 3305 593 3390 συζευχθεὶς,
659 3307 943 3375 ἀκωλύτως
1002 3312 1077 3374 εἷς
1136 3310 1424 3390 ἱερωσύνην
1488 3309 1684 3369 ἐλθεῖν.
1759 3318 1924 3369 Τοῦτο

265 3385 320 3480 6P:
394 3390 480 3448 ἐπὶ
548 3393 754 3453 λαίῖκῶν
807 3398 868 3455 ού
932 3412 1142 3478 κρατεῖ.
1187 3385 1407 3463 ⁷Μόνους
1475 3401 1574 3480 γὰρ
1640 3400 1763 3463 τοὺς
1825 3406 1919 3457 τοῦ

267 3478 538 3568 βήματος,
634 3490 757 3560 μιᾶς
831 3489 1102 3568 γυναικὸς,
1194 3489 1283 3546 καὶ
1364 3478 1559 3556 ταύτης
1637 3488 1914 3568 παρθένου,

268 3564 461 3646 ἄνδρας
504 3570 647 3627 εἶναι
676 3571 780 3636 δεῖ.
842 3578 949 3633 Οἷα
989 3564 1099 3633 καὶ-
1126 3577 1312 3642 αὐτοὺς
1350 3579 1562 3641 πάντως
1591 3583 1660 3654 τῇ
1718 3564 1903 3657 παρθεέ

270 3658 355 3726 νίᾳ
397 3658 501 3734 πρὸ
553 3660 737 3718 τούτου
790 3664 1224 3742 σεμνυνομένους,
1269 3665 1483 3731 Τελείας
1524 3664 1579 3723 δὲ
1622 3671 1722 3733 τῆς
1780 3689 1913 3743 μνη·

270 3744 449 3809 στείας
503 3748 685 3829 οὔσης,
755 3753 844 3808 καὶ
899 3754 942 3809 εἰ
1010 3757 1112 3835 πρὸ
1181 3762 1273 3813 τοῦ
1330 3756 1659 3836 συμμιγῆναί
1699 3761 1767 3833 τῇ
1822 3776 1918 3832 με-

271 3836 643 3921 μγνηστευμένη
698 3840 788 3896 τὸν
839 3836 1019 3921 ἄνδρα,
1075 3844 1283 3920 θανάτῳ
1335 3845 1531 3912 ταύτης
1602 3842 1910 3916 διέζευκται,

271 3919 389 4015 ρύδὲ
432 3926 461 3979 6
490 3922 679 3993 λαϊκὸς
735 3919 1156 3990 λαϐετνήδύναται
1213 3919 1262 4002 ἢν
1294 3931 1580 4015 ἐξαδέλφην
1608 3934 1830 4010 ταύτης,
1876 3934 1912 4002 ἢ

269 4007 449 4099 ἕτερον
530 4016 811 4095 πρόσωπον
866 4019 927 4077 ἐκ
998 4030 1092 4081 τοῦ
1146 4021 1309 4099 νόμου
1378 4007 1780 4099 κεκωλυμένων.
1814 4007 1913 4081 ⁷Ού

269 4098 431 4178 γὰρῂ
483 4104 761 4193 συνάφεια,
820 4106 941 4166 ἀλλ’
987 4112 1022 4178 ἡ
1064 4116 1163 4180 τῆς
1209 4098 1379 4193 εὐχῆς
1420 4098 1610 4179 τελετὴ
1640 4124 1791 4170 ποιεῖ
1813 4112 1913 4180 τὴν

270 4192 554 4282 μῖηετείαν
608 4197 683 4260 ὡς
757 4198 929 4277 γάμον
1005 4192 1322 4279 λογίζεσθαι.
1408 4203 1467 4259 Ei
1550 4200 1729 4278 μέντοι
1810 4204 1912 4282 πρὸ

267 4276 472 4345 τελείας
541 4276 941 4364 ἱεροτελεστίας,
1034 4276 1205 4365 μύνης
1288 4287 1343 4347 δὲ
1413 4276 1699 4366 μνηστείας
1783 4276 1912 4348 συν-

273 4367 578 4461 ιςταιέένης,
647 4376 740 4431 τὸν
824 4378 1036 4458 νυμφίον
1116 4384 1187 4456 τῇ
1258 4381 1481 4458 πενθερᾷ
1547 4382 1909 4461 ωμφθαρῆναι

2006 3217 2083 3279 sit
2102 3235 2355 3297 persona
2376 3217 2691 3296 desponsa,
2711 3233 2827 3295 quo
2851 3222 3119 3292 tempore
3143 3220 3314 3290 pacta
3346 3211 3645 3291 sponsalia

2006 3305 2612 3377 reddebanturirrita,
2638 3309 2826 3383 potest
2846 3300 2977 3362 talis
3000 3299 3175 3362 etiam
3197 3299 3314 3361 alia
3339 3318 3472 3360 cum
3506 3318 3643 3360 mu-

2004 3394 2152 3457 liere
2163 3388 3447 3475 copulatus.nemineprohibentesacerdotio
3463 3389 3651 3468 iungi.

1999 3484 2117 3546 Sed
2151 3485 2262 3545 hoc
2294 3483 2352 3543 in
2384 3481 2553 3543 laicis
2589 3482 2783 3542 locum
2806 3497 2922 3539 non
2949 3475 3146 3538 habet.
3175 3477 3461 3539 Duntaxat
3484 3478 3643 3538 enim

2000 3571 2402 3635 ecclesiastica
2417 3570 2476 3631 in
2492 3569 2776 3649 dignitate
2790 3566 3141 3630 constitutus
3159 3564 3337 3626 unius
3348 3565 3639 3641 mulieris,

2000 3670 2058 3724 et
2076 3661 2318 3740 virginis
2341 3659 2579 3741 quidem
2598 3657 2837 3719 maritos
2866 3673 2997 3718 esse
3018 3662 3255 3735 oportet
3281 3671 3295 3716 :
3333 3661 3393 3716 et
3420 3672 3553 3715 cum
3586 3664 3645 3716 et

1997 3750 2110 3831 ipsi
2142 3749 2386 3811 omnino
2416 3756 2552 3810 ante
2585 3744 3025 3810 matrimonium
3057 3749 3423 3805 contractum
3452 3742 3640 3822 virgi-

2000 3830 2199 3902 nitatis
2230 3838 2405 3900 laude
2436 3835 2677 3916 gloriari
2725 3832 3002 3896 debeant.
3056 3831 3345 3895 Caeterum
3375 3830 3478 3892 ubi
3511 3849 3639 3912 per-

1997 3928 2149 3991 fecta
2173 3924 2652 4008 suntsponsalia,
2683 3922 2823 3985 licet
2859 3928 3176 4001 antequam
3210 3938 3344 3982 cum
3377 3919 3640 4001 despon-

1996 4026 2120 4080 sata
2137 4016 2251 4079 sibi
2282 4021 2368 4077 vir
2381 4022 2570 4086 coeat,
2594 4031 2697 4095 per
2714 4020 2966 4077 mortem
2986 4011 3059 4072 ab
3080 4028 3153 4073 ea
3171 4009 3642 4090 diremptust‘ue-

1995 4107 2095 4190 rit,
2127 4124 2201 4168 ne
2227 4106 2411 4168 laicus
2441 4104 2683 4186 quidem
2715 4103 2938 4166 ducere
2987 4107 3179 4190 potest
3208 4099 3295 4161 vel
3326 4098 3640 4190 consobri-

1997 4187 2133 4258 nam
2165 4195 2296 4276 ejus
2349 4194 2436 4256 vel
2497 4193 2670 4256 aliam
2724 4207 3037 4275 personam
3095 4189 3225 4268 lege
3256 4187 3637 4270 prohibitam.

1996 4284 2125 4347 Non
2157 4283 2315 4347 enim
2348 4282 2477 4364 ipsa
2507 4281 2878 4362 oonjunctio,
2912 4277 3018 4341 sed
3049 4296 3177 4359 quae
3196 4295 3435 4358 precum
3461 4276 3643 4341 inter-

1994 4383 2171 4436 ventu
2208 4375 2271 4437 ﬁt
2300 4372 2695 4445 consecratio,
2728 4366 3030 4451 sponsalia
3060 4385 3164 4447 pro
3191 4365 3413 4446 nuptiis
3436 4366 3642 4429 haberi

270 4453 485 4547 συνέϐη,
530 4461 567 4530 ἢ
621 4462 783 4543 ἑτέρῳ
837 4453 1133 4547 συγγενικῷ
1163 4453 1459 4547 προσώπῳ
1512 4453 1622 4536 τῆς
1666 4453 1909 4545 μνηστῆς

2006 4464 2137 4530 facit
2173 4462 2491 4526 Enimvero
2505 4461 2557 4525 si
2570 4468 2705 4524 ante
2724 4457 3040 4542 perfectam
3058 4455 3396 4547 nuptiarum
3427 4474 3642 4518 conse-

268 4544 448 4637 αὐτοῦ,
494 4542 851 4624 κωλυθήσεται
907 4542 1170 4636 δ’γάμος.
1231 4542 1309 4615 δύ
1361 4558 1462 4637 γὰρ
1503 4542 1714 4633 θιμιτὸν
1742 4561 1904 4633 αἱμο-

2006 4552 2339 4628 :rationem,
2382 4548 2760 4637 sponsalibus
2786 4542 3433 4637 duntaxatconlractis,
3457 4562 3643 4625 spon-

270 4629 443 4708 μιξίαν
495 4640 839 4710 ποιήσαντας.
856 4694 857 4697 η
879 4688 894 4705 .
907 4692 947 4707 ..

270 4726 448 4800 αρχῆς
501 4723 707 4805 βέϐαια,
772 4729 833 4786 ἐκ
904 4733 1010 4790 τῶν
1064 4723 1546 4811 ἐπισυμϐαινόντῶν
1615 4739 1708 4796 ούκ
1772 4737 1907 4794 ἂκυ-

269 4818 499 4889 ροῦνται.

1018 4630 1157 4713 ιΙλησὶ
1211 4645 1311 4725 γὰρ
1434 4630 1603 4722 ’νόμος
1640 4668 1654 4685 ⁸
1700 4630 1902 4714 Τᾶνέξ-

2006 4661 2120 4714 ιιιιῐι
2149 4660 2287 4703 cum
2317 4630 2491 4702 socru
2523 4631 3234 4715 stupriconsuetudinem
3259 4630 3483 4695 habere
3503 4653 3640 4696 con-

1993 4730 2214 4814 tigerit,
2242 4730 2333 4792 vel
2359 4747 2493 4791 cum
2524 4727 2638 4789 alia
2664 4741 2901 4814 sponsae
2930 4739 3053 4784 sua;
3085 4730 3331 4814 cognata
3365 4739 3638 4804 persona,

1993 4809 2438 4884 matrimonium
2469 4815 2788 4879 vetabitur.
2821 4811 2952 4876 Non
3003 4809 3164 4874 enim
3196 4809 3281 4871 fas
3310 4817 3420 4879 est.
3454 4819 3516 4872 ut
3541 4811 3643 4893 qui

271 4905 681 4993 commiserint
707 4906 1081 4976 incestum...
1123 4910 1301 4993 Legis
1351 4913 1510 4976 enim
1570 4912 1747 4977 verba
1803 4919 1939 4977 sunt
1998 4911 2173 4993 (39):
2238 4909 2381 4981 Quae
2441 4903 2515 4969 ab
2572 4903 2739 4967 initio
2791 4901 3012 4979 valent,
3065 4918 3134 4962 ex
3168 4905 3301 4981 post
3330 4899 3494 4962 factis
3524 4919 3645 4964 non

272 4989 675 5060 inﬁrmantur.
1215 4989 1238 4993 ⁷
1708 5067 1717 5078 ι

519 5111 538 5141 ι
576 5089 639 5144 Αἱ
668 5087 849 5170 αἰτίαι,
881 5086 948 5146 δι’
981 5090 1042 5157 ἃς
1074 5089 1252 5149 λύεται
1279 5093 1314 5161 ἡ
1345 5093 1625 5170 μνηστεία.
1649 5118 1672 5151 ι

357 5189 545 5250 Δύεται
588 5191 644 5250 δὲ
685 5196 722 5264 ἡ
766 5200 1023 5271 μνηστεία
1066 5196 1246 5276 ὥσπερ
1287 5200 1334 5256 οἳ
1362 5200 1546 5277 γάμοι,
1592 5198 1660 5256 δι’
1691 5204 1918 5280 εὐπροσ-

275 5279 454 5343 ώπους
482 5284 675 5348 ταύτας
716 5288 909 5351 αἰτίας*

2122 5084 2360 5156 Causae.
2387 5092 2642 5165 propter
2667 5099 2818 5162 quas
2838 5079 3146 5162 sponsalia
3175 5078 3522 5142 solvuntur.

2081 5192 2395 5276 Sponsalia
2423 5189 2792 5273 nuptiarum,
2848 5204 3016 5250 more
3044 5184 3368 5261 solvuntur,
3406 5193 3648 5268 propter

2001 5283 2283 5348 honestas
2312 5282 2490 5345 hasce
2518 5294 2746 5342 causas.

1846 5463 2093 5532 NOTAE.

356 5620 483 5705 (39)
513 5623 556 5691 l.
589 5624 693 5691 29.
726 5632 786 5689 et
813 5624 885 5691 D.
914 5625 1007 5690 Da
1033 5644 1161 5709 reg.
1183 5631 1319 5709 jur.
1350 5626 1392 5692 Ι.
1430 5625 1615 5703 Quia
1643 5624 1934 5708 qualibet.
1966 5627 2039 5693 Ι).
2075 5625 2168 5691 De
2195 5621 2471 5691 contrah.
2506 5628 2686 5705 enim;
2720 5626 2780 5684 et
2805 5618 2848 5686 l.
2877 5615 2918 5680 5
2945 5614 3016 5681 D.
3048 5618 3129 5681 De
3154 5620 3315 5682 auct.
3353 5619 3463 5679 tut.
