  <div class='ocr_page' id='page_1' title='image "/cluster/home/n/w/nwhite01/storage/ocr_20150623/119/hvd.32044073502494/651.png"; bbox 0 0 4074 6212; ppageno 0'>
   <div class='ocr_carea' id='block_1_1' title="bbox 483 251 642 338">
    <p class='ocr_par' dir='ltr' id='par_1_1' title="bbox 483 251 642 338">
     <span class='ocr_line' id='line_1_1' title="bbox 483 251 642 338; baseline -0.05 0"><span class='ocrx_word' id='word_1_1' title='bbox 483 251 642 338; x_wconf 56' lang='lat' dir='ltr'><strong>iis?</strong></span> 
     </span>
    </p>
   </div>
   <div class='ocr_carea' id='block_1_2' title="bbox 1856 262 2478 352">
    <p class='ocr_par' dir='ltr' id='par_1_2' title="bbox 1856 262 2478 352">
     <span class='ocr_line' id='line_1_2' title="bbox 1856 262 2478 352; baseline -0.002 -11"><span class='ocrx_word' id='word_1_2' title='bbox 1856 268 1989 345; x_wconf 83' lang='lat' dir='ltr'><strong>ws</strong></span> <span class='ocrx_word' id='word_1_3' title='bbox 2030 262 2478 352; x_wconf 67' lang='lat' dir='ltr'><strong>GANONIGUM</strong></span> 
     </span>
    </p>
   </div>
   <div class='ocr_carea' id='block_1_3' title="bbox 3698 268 3859 350">
    <p class='ocr_par' dir='ltr' id='par_1_3' title="bbox 3698 268 3859 350">
     <span class='ocr_line' id='line_1_3' title="bbox 3698 268 3859 350; baseline 0.012 -2"><span class='ocrx_word' id='word_1_4' title='bbox 3698 268 3859 350; x_wconf 63' lang='lat'><strong>498,8</strong></span> 
     </span>
    </p>
   </div>
   <div class='ocr_carea' id='block_1_4' title="bbox 563 403 2109 496">
    <p class='ocr_par' dir='ltr' id='par_1_4' title="bbox 563 405 2109 496">
     <span class='ocr_line' id='line_1_4' title="bbox 563 405 2109 496; baseline 0.006 -30"><span class='ocrx_word' id='word_1_5' title='bbox 563 412 623 467; x_wconf 77' lang='grc'>4.</span> <span class='ocrx_word' id='word_1_6' title='bbox 659 405 722 469; x_wconf 88' lang='lat' dir='ltr'>Si</span> <span class='ocrx_word' id='word_1_7' title='bbox 751 411 1021 472; x_wconf 89' lang='lat' dir='ltr'><strong>constare</strong></span> <span class='ocrx_word' id='word_1_8' title='bbox 1048 405 1368 486; x_wconf 84' lang='lat' dir='ltr'><strong>sponsalia,</strong></span> <span class='ocrx_word' id='word_1_9' title='bbox 1403 411 1684 496; x_wconf 77' lang='lat' dir='ltr'><strong>tanquam</strong></span> <span class='ocrx_word' id='word_1_10' title='bbox 1731 407 1956 486; x_wconf 89' lang='lat' dir='ltr'><strong>illicita,</strong></span> <span class='ocrx_word' id='word_1_11' title='bbox 2008 426 2109 476; x_wconf 89' lang='lat' dir='ltr'><strong>ne-</strong></span> 
     </span>
    </p>
   </div>
   <div class='ocr_carea' id='block_1_5' title="bbox 2217 403 3851 496">
    <p class='ocr_par' dir='ltr' id='par_1_5' title="bbox 2282 403 3851 496">
     <span class='ocr_line' id='line_1_5' title="bbox 2282 403 3851 496; baseline 0.006 -27"><span class='ocrx_word' id='word_1_12' title='bbox 2282 403 2359 478; x_wconf 82' lang='grc' dir='ltr'><strong>α’.</strong></span> <span class='ocrx_word' id='word_1_13' title='bbox 2403 416 2462 474; x_wconf 78' lang='grc' dir='ltr'><strong>Εἰ</strong></span> <span class='ocrx_word' id='word_1_14' title='bbox 2505 414 2861 481; x_wconf 82' lang='grc' dir='ltr'>ἀνυπόστατός</span> <span class='ocrx_word' id='word_1_15' title='bbox 2889 417 3031 476; x_wconf 85' lang='grc' dir='ltr'>ἐστιν</span> <span class='ocrx_word' id='word_1_16' title='bbox 3060 420 3095 488; x_wconf 71' lang='grc' dir='ltr'>ἦ</span> <span class='ocrx_word' id='word_1_17' title='bbox 3144 421 3399 495; x_wconf 81' lang='grc' dir='ltr'>μνηστεία</span> <span class='ocrx_word' id='word_1_18' title='bbox 3443 421 3531 478; x_wconf 76' lang='grc' dir='ltr'><strong>καὶ</strong></span> <span class='ocrx_word' id='word_1_19' title='bbox 3578 419 3851 496; x_wconf 71' lang='grc' dir='ltr'>ἀθέμιτος,</span> 
     </span>
    </p>
   </div>
   <div class='ocr_carea' id='block_1_6' title="bbox 474 495 2034 578">
    <p class='ocr_par' dir='ltr' id='par_1_6' title="bbox 474 495 2034 578">
     <span class='ocr_line' id='line_1_6' title="bbox 474 495 2034 578; baseline 0.004 -24"><span class='ocrx_word' id='word_1_20' title='bbox 474 501 714 575; x_wconf 91' lang='lat' dir='ltr'><strong>queant,</strong></span> <span class='ocrx_word' id='word_1_21' title='bbox 750 501 990 575; x_wconf 82' lang='lat' dir='ltr'><strong>propter</strong></span> <span class='ocrx_word' id='word_1_22' title='bbox 1015 501 1246 556; x_wconf 75' lang='lat' dir='ltr'><strong>aetatem</strong></span> <span class='ocrx_word' id='word_1_23' title='bbox 1277 513 1600 575; x_wconf 91' lang='lat' dir='ltr'><strong>puerorum</strong></span> <span class='ocrx_word' id='word_1_24' title='bbox 1634 495 2034 578; x_wconf 86' lang='lat' dir='ltr'><strong>impuberem.</strong></span> 
     </span>
    </p>
   </div>
   <div class='ocr_carea' id='block_1_7' title="bbox 558 582 2122 664">
    <p class='ocr_par' dir='ltr' id='par_1_7' title="bbox 558 582 2122 664">
     <span class='ocr_line' id='line_1_7' title="bbox 558 582 2122 664; baseline 0.003 -20"><span class='ocrx_word' id='word_1_25' title='bbox 558 583 619 646; x_wconf 62' lang='grc' dir='ltr'>ἓ.</span> <span class='ocrx_word' id='word_1_26' title='bbox 653 582 716 646; x_wconf 89' lang='lat' dir='ltr'><strong>Si</strong></span> <span class='ocrx_word' id='word_1_27' title='bbox 746 583 959 645; x_wconf 83' lang='lat' dir='ltr'><strong>mulier</strong></span> <span class='ocrx_word' id='word_1_28' title='bbox 1002 591 1234 645; x_wconf 87' lang='lat' dir='ltr'><strong>uterum</strong></span> <span class='ocrx_word' id='word_1_29' title='bbox 1283 602 1351 646; x_wconf 83' lang='lat' dir='ltr'><strong>ex</strong></span> <span class='ocrx_word' id='word_1_30' title='bbox 1409 584 1604 647; x_wconf 89' lang='lat' dir='ltr'><strong>alieno</strong></span> <span class='ocrx_word' id='word_1_31' title='bbox 1655 584 1884 649; x_wconf 89' lang='lat' dir='ltr'><strong>semine</strong></span> <span class='ocrx_word' id='word_1_32' title='bbox 1914 606 2122 664; x_wconf 81' lang='lat' dir='ltr'><strong>gerere</strong></span> 
     </span>
    </p>
   </div>
   <div class='ocr_carea' id='block_1_8' title="bbox 483 671 980 753">
    <p class='ocr_par' dir='ltr' id='par_1_8' title="bbox 483 671 980 753">
     <span class='ocr_line' id='line_1_8' title="bbox 483 671 980 753; baseline 0 -21"><span class='ocrx_word' id='word_1_33' title='bbox 483 671 558 733; x_wconf 90' lang='lat' dir='ltr'><strong>sit</strong></span> <span class='ocrx_word' id='word_1_34' title='bbox 582 672 980 753; x_wconf 82' lang='lat' dir='ltr'><strong>deprehensa.</strong></span> 
     </span>
    </p>
   </div>
   <div class='ocr_carea' id='block_1_9' title="bbox 559 761 2119 844">
    <p class='ocr_par' dir='ltr' id='par_1_9' title="bbox 559 761 2119 844">
     <span class='ocr_line' id='line_1_9' title="bbox 559 761 2119 844; baseline 0.001 -20"><span class='ocrx_word' id='word_1_35' title='bbox 559 761 620 824; x_wconf 90' lang='lat'><strong>3.</strong></span> <span class='ocrx_word' id='word_1_36' title='bbox 651 761 798 824; x_wconf 84' lang='lat' dir='ltr'><strong>Item</strong></span> <span class='ocrx_word' id='word_1_37' title='bbox 831 770 1070 843; x_wconf 84' lang='lat' dir='ltr'><strong>propter</strong></span> <span class='ocrx_word' id='word_1_38' title='bbox 1097 778 1306 824; x_wconf 90' lang='lat' dir='ltr'><strong>novam</strong></span> <span class='ocrx_word' id='word_1_39' title='bbox 1339 761 1653 843; x_wconf 84' lang='lat' dir='ltr'><strong>quamdam</strong></span> <span class='ocrx_word' id='word_1_40' title='bbox 1686 770 1743 824; x_wconf 91' lang='lat' dir='ltr'><strong>et</strong></span> <span class='ocrx_word' id='word_1_41' title='bbox 1762 763 2119 844; x_wconf 84' lang='lat' dir='ltr'><strong>incognitam</strong></span> 
     </span>
    </p>
   </div>
   <div class='ocr_carea' id='block_1_10' title="bbox 475 850 1778 930">
    <p class='ocr_par' dir='ltr' id='par_1_10' title="bbox 475 850 1778 930">
     <span class='ocr_line' id='line_1_10' title="bbox 475 850 1778 930; baseline 0.002 -18"><span class='ocrx_word' id='word_1_42' title='bbox 475 850 847 929; x_wconf 82' lang='lat' dir='ltr'><strong>religionem,</strong></span> <span class='ocrx_word' id='word_1_43' title='bbox 881 869 950 912; x_wconf 90' lang='lat' dir='ltr'><strong>ac</strong></span> <span class='ocrx_word' id='word_1_44' title='bbox 979 850 1320 930; x_wconf 81' lang='lat' dir='ltr'><strong>dogmatum</strong></span> <span class='ocrx_word' id='word_1_45' title='bbox 1352 851 1778 914; x_wconf 81' lang='lat' dir='ltr'><strong>diversitatem.</strong></span> 
     </span>
    </p>
   </div>
   <div class='ocr_carea' id='block_1_11' title="bbox 556 939 1784 1021">
    <p class='ocr_par' dir='ltr' id='par_1_11' title="bbox 556 939 1784 1021">
     <span class='ocr_line' id='line_1_11' title="bbox 556 939 1784 1021; baseline -0.001 -20"><span class='ocrx_word' id='word_1_46' title='bbox 556 941 618 1004; x_wconf 81' lang='grc'>4.</span> <span class='ocrx_word' id='word_1_47' title='bbox 657 941 759 1002; x_wconf 91' lang='lat' dir='ltr'><strong>Vel</strong></span> <span class='ocrx_word' id='word_1_48' title='bbox 790 947 1032 1021; x_wconf 82' lang='lat' dir='ltr'><strong>propter</strong></span> <span class='ocrx_word' id='word_1_49' title='bbox 1064 958 1298 1000; x_wconf 83' lang='lat' dir='ltr'><strong>merum</strong></span> <span class='ocrx_word' id='word_1_50' title='bbox 1333 939 1784 1020; x_wconf 85' lang='lat' dir='ltr'><strong>turpitudinem.</strong></span> 
     </span>
    </p>
   </div>
   <div class='ocr_carea' id='block_1_12' title="bbox 559 1028 1686 1110">
    <p class='ocr_par' dir='ltr' id='par_1_12' title="bbox 559 1028 1686 1110">
     <span class='ocr_line' id='line_1_12' title="bbox 559 1028 1686 1110; baseline -0.003 -16"><span class='ocrx_word' id='word_1_51' title='bbox 559 1035 594 1094; x_wconf 84' lang='lat'>5</span> <span class='ocrx_word' id='word_1_52' title='bbox 650 1028 757 1092; x_wconf 92' lang='lat' dir='ltr'><strong>Vel</strong></span> <span class='ocrx_word' id='word_1_53' title='bbox 793 1036 1032 1110; x_wconf 81' lang='lat' dir='ltr'><strong>propter</strong></span> <span class='ocrx_word' id='word_1_54' title='bbox 1061 1028 1444 1090; x_wconf 88' lang='lat' dir='ltr'><strong>mutationem</strong></span> <span class='ocrx_word' id='word_1_55' title='bbox 1477 1036 1686 1091; x_wconf 88' lang='lat' dir='ltr'><strong>status.</strong></span> 
     </span>
    </p>
   </div>
   <div class='ocr_carea' id='block_1_13' title="bbox 557 1115 2121 1199">
    <p class='ocr_par' dir='ltr' id='par_1_13' title="bbox 557 1115 2121 1199">
     <span class='ocr_line' id='line_1_13' title="bbox 557 1115 2121 1199; baseline 0.001 -20"><span class='ocrx_word' id='word_1_56' title='bbox 557 1122 616 1179; x_wconf 82' lang='lat'><strong>6.</strong></span> <span class='ocrx_word' id='word_1_57' title='bbox 651 1117 756 1181; x_wconf 87' lang='lat' dir='ltr'><strong>Vel</strong></span> <span class='ocrx_word' id='word_1_58' title='bbox 781 1125 1020 1198; x_wconf 90' lang='lat' dir='ltr'><strong>propter</strong></span> <span class='ocrx_word' id='word_1_59' title='bbox 1045 1115 1761 1197; x_wconf 87' lang='lat' dir='ltr'><strong>dilationemnuptiarum</strong></span> <span class='ocrx_word' id='word_1_60' title='bbox 1796 1117 1947 1178; x_wconf 80' lang='lat' dir='ltr'><strong>ultra</strong></span> <span class='ocrx_word' id='word_1_61' title='bbox 1979 1136 2121 1199; x_wconf 87' lang='lat' dir='ltr'><strong>qua-</strong></span> 
     </span>
    </p>
   </div>
   <div class='ocr_carea' id='block_1_14' title="bbox 475 1204 2120 1289">
    <p class='ocr_par' dir='ltr' id='par_1_14' title="bbox 475 1204 2120 1289">
     <span class='ocr_line' id='line_1_14' title="bbox 475 1204 2120 1289; baseline -0.002 -19"><span class='ocrx_word' id='word_1_62' title='bbox 475 1207 838 1282; x_wconf 89' lang='lat' dir='ltr'><strong>driennium,</strong></span> <span class='ocrx_word' id='word_1_63' title='bbox 856 1223 987 1286; x_wconf 66' lang='lat' dir='ltr'><strong>quae</strong></span> <span class='ocrx_word' id='word_1_64' title='bbox 1009 1204 1294 1285; x_wconf 85' lang='lat' dir='ltr'><strong>probabili</strong></span> <span class='ocrx_word' id='word_1_65' title='bbox 1319 1222 1386 1266; x_wconf 83' lang='lat' dir='ltr'><strong>ex</strong></span> <span class='ocrx_word' id='word_1_66' title='bbox 1409 1224 1590 1268; x_wconf 89' lang='lat' dir='ltr'><strong>causa</strong></span> <span class='ocrx_word' id='word_1_67' title='bbox 1612 1208 1783 1280; x_wconf 85' lang='lat' dir='ltr'><strong>facta,</strong></span> <span class='ocrx_word' id='word_1_68' title='bbox 1809 1215 1919 1282; x_wconf 91' lang='lat' dir='ltr'><strong>est,</strong></span> <span class='ocrx_word' id='word_1_69' title='bbox 1947 1227 2120 1289; x_wconf 88' lang='lat' dir='ltr'><strong>prop-</strong></span> 
     </span>
    </p>
   </div>
   <div class='ocr_carea' id='block_1_15' title="bbox 472 1293 2112 1376">
    <p class='ocr_par' dir='ltr' id='par_1_15' title="bbox 472 1293 2112 1376">
     <span class='ocr_line' id='line_1_15' title="bbox 472 1293 2112 1376; baseline -0.009 -18"><span class='ocrx_word' id='word_1_70' title='bbox 472 1305 564 1360; x_wconf 87' lang='lat' dir='ltr'><strong>ter</strong></span> <span class='ocrx_word' id='word_1_71' title='bbox 593 1295 863 1359; x_wconf 91' lang='lat' dir='ltr'><strong>morbum</strong></span> <span class='ocrx_word' id='word_1_72' title='bbox 895 1300 1033 1375; x_wconf 86' lang='lat' dir='ltr'><strong>puta</strong></span> <span class='ocrx_word' id='word_1_73' title='bbox 1064 1293 1430 1369; x_wconf 87' lang='lat' dir='ltr'><strong>diuturnum,</strong></span> <span class='ocrx_word' id='word_1_74' title='bbox 1462 1294 1554 1355; x_wconf 92' lang='lat' dir='ltr'><strong>vel</strong></span> <span class='ocrx_word' id='word_1_75' title='bbox 1613 1302 1866 1356; x_wconf 84' lang='lat' dir='ltr'><strong>mortem</strong></span> <span class='ocrx_word' id='word_1_76' title='bbox 1901 1315 2112 1376; x_wconf 88' lang='lat' dir='ltr'><strong>paren-</strong></span> 
     </span>
    </p>
   </div>
   <div class='ocr_carea' id='block_1_16' title="bbox 476 1381 2116 1466">
    <p class='ocr_par' dir='ltr' id='par_1_16' title="bbox 476 1381 2116 1466">
     <span class='ocr_line' id='line_1_16' title="bbox 476 1381 2116 1466; baseline 0.001 -20"><span class='ocrx_word' id='word_1_77' title='bbox 476 1393 626 1461; x_wconf 89' lang='lat' dir='ltr'><strong>tum,</strong></span> <span class='ocrx_word' id='word_1_78' title='bbox 659 1384 751 1447; x_wconf 87' lang='lat' dir='ltr'><strong>vel</strong></span> <span class='ocrx_word' id='word_1_79' title='bbox 779 1381 1056 1463; x_wconf 87' lang='lat' dir='ltr'><strong>capitalia</strong></span> <span class='ocrx_word' id='word_1_80' title='bbox 1085 1381 1356 1457; x_wconf 87' lang='lat' dir='ltr'><strong>crimina,</strong></span> <span class='ocrx_word' id='word_1_81' title='bbox 1387 1381 1478 1442; x_wconf 92' lang='lat' dir='ltr'><strong>vel</strong></span> <span class='ocrx_word' id='word_1_82' title='bbox 1523 1381 1902 1462; x_wconf 77' lang='lat' dir='ltr'><strong>longinquam</strong></span> <span class='ocrx_word' id='word_1_83' title='bbox 1937 1403 2116 1466; x_wconf 91' lang='lat' dir='ltr'><strong>pere-</strong></span> 
     </span>
    </p>
   </div>
   <div class='ocr_carea' id='block_1_17' title="bbox 471 1471 1768 1556">
    <p class='ocr_par' dir='ltr' id='par_1_17' title="bbox 471 1471 1768 1556">
     <span class='ocr_line' id='line_1_17' title="bbox 471 1471 1768 1556; baseline -0.002 -19"><span class='ocrx_word' id='word_1_84' title='bbox 471 1474 894 1556; x_wconf 75' lang='lat' dir='ltr'><strong>grinationem,</strong></span> <span class='ocrx_word' id='word_1_85' title='bbox 926 1489 994 1534; x_wconf 85' lang='lat' dir='ltr'><strong>ex</strong></span> <span class='ocrx_word' id='word_1_86' title='bbox 1028 1471 1383 1533; x_wconf 85' lang='lat' dir='ltr'><strong>necessitate</strong></span> <span class='ocrx_word' id='word_1_87' title='bbox 1409 1479 1768 1551; x_wconf 86' lang='lat' dir='ltr'><strong>susceptam.</strong></span> 
     </span>
    </p>
   </div>
   <div class='ocr_carea' id='block_1_18' title="bbox 558 1557 2114 1642">
    <p class='ocr_par' dir='ltr' id='par_1_18' title="bbox 558 1557 2114 1642">
     <span class='ocr_line' id='line_1_18' title="bbox 558 1557 2114 1642; baseline -0.002 -17"><span class='ocrx_word' id='word_1_88' title='bbox 558 1565 612 1625; x_wconf 85' lang='lat'><strong>‘7.</strong></span> <span class='ocrx_word' id='word_1_89' title='bbox 641 1562 936 1625; x_wconf 66' lang='lat' dir='ltr'><strong>Praeterea</strong></span> <span class='ocrx_word' id='word_1_90' title='bbox 963 1559 1015 1621; x_wconf 92' lang='lat' dir='ltr'><strong>si</strong></span> <span class='ocrx_word' id='word_1_91' title='bbox 1041 1559 1342 1640; x_wconf 86' lang='lat' dir='ltr'><strong>sponsalia</strong></span> <span class='ocrx_word' id='word_1_92' title='bbox 1367 1557 1517 1620; x_wconf 81' lang='lat' dir='ltr'><strong>facta</strong></span> <span class='ocrx_word' id='word_1_93' title='bbox 1543 1559 1658 1621; x_wconf 89' lang='lat' dir='ltr'><strong>sint</strong></span> <span class='ocrx_word' id='word_1_94' title='bbox 1687 1579 1794 1640; x_wconf 89' lang='lat' dir='ltr'><strong>per</strong></span> <span class='ocrx_word' id='word_1_95' title='bbox 1821 1560 1936 1622; x_wconf 87' lang='lat' dir='ltr'><strong>vim</strong></span> <span class='ocrx_word' id='word_1_96' title='bbox 1971 1579 2114 1642; x_wconf 65' lang='lat' dir='ltr'><strong>prae-</strong></span> 
     </span>
    </p>
   </div>
   <div class='ocr_carea' id='block_1_19' title="bbox 2205 498 3069 574">
    <p class='ocr_par' dir='ltr' id='par_1_19' title="bbox 2205 498 3069 574">
     <span class='ocr_line' id='line_1_19' title="bbox 2205 498 3069 574; baseline 0.012 -17"><span class='ocrx_word' id='word_1_97' title='bbox 2205 498 2289 558; x_wconf 83' lang='grc' dir='ltr'><strong>διά</strong></span> <span class='ocrx_word' id='word_1_98' title='bbox 2316 504 2376 558; x_wconf 80' lang='grc' dir='ltr'><strong>τὸ</strong></span> <span class='ocrx_word' id='word_1_99' title='bbox 2419 502 2670 574; x_wconf 80' lang='grc' dir='ltr'>ἆνήλικον</span> <span class='ocrx_word' id='word_1_100' title='bbox 2714 511 2821 562; x_wconf 76' lang='grc' dir='ltr'>τῶν</span> <span class='ocrx_word' id='word_1_101' title='bbox 2848 505 3069 568; x_wconf 82' lang='grc' dir='ltr'>παίδων.</span> 
     </span>
    </p>
   </div>
   <div class='ocr_carea' id='block_1_20' title="bbox 2283 581 3852 678">
    <p class='ocr_par' dir='ltr' id='par_1_20' title="bbox 2283 581 3852 678">
     <span class='ocr_line' id='line_1_20' title="bbox 2283 581 3852 678; baseline -0.001 -25"><span class='ocrx_word' id='word_1_102' title='bbox 2283 581 2360 667; x_wconf 64' lang='grc' dir='ltr'><strong>β’.</strong></span> <span class='ocrx_word' id='word_1_103' title='bbox 2407 594 2463 650; x_wconf 79' lang='grc' dir='ltr'><strong>Εἰ</strong></span> <span class='ocrx_word' id='word_1_104' title='bbox 2496 593 2803 674; x_wconf 70' lang='grc' dir='ltr'>ἐγγάστριος</span> <span class='ocrx_word' id='word_1_105' title='bbox 2833 594 2884 660; x_wconf 77' lang='grc' dir='ltr'>ἐξ</span> <span class='ocrx_word' id='word_1_106' title='bbox 2941 593 3229 675; x_wconf 79' lang='grc' dir='ltr'><strong>ἀλλοτρίων</strong></span> <span class='ocrx_word' id='word_1_107' title='bbox 3287 598 3603 678; x_wconf 74' lang='grc' dir='ltr'><strong>σπερμάτων</strong></span> <span class='ocrx_word' id='word_1_108' title='bbox 3656 597 3692 664; x_wconf 79' lang='grc' dir='ltr'>ἡ</span> <span class='ocrx_word' id='word_1_109' title='bbox 3719 597 3852 673; x_wconf 77' lang='grc' dir='ltr'>γυνὴ</span> 
     </span>
    </p>
   </div>
   <div class='ocr_carea' id='block_1_21' title="bbox 2204 681 2530 760">
    <p class='ocr_par' dir='ltr' id='par_1_21' title="bbox 2204 681 2530 760">
     <span class='ocr_line' id='line_1_21' title="bbox 2204 681 2530 760; baseline 0.018 -26"><span class='ocrx_word' id='word_1_110' title='bbox 2204 681 2530 760; x_wconf 69' lang='grc' dir='ltr'>πεφωραται.</span> 
     </span>
    </p>
   </div>
   <div class='ocr_carea' id='block_1_22' title="bbox 2283 757 3852 850">
    <p class='ocr_par' dir='ltr' id='par_1_22' title="bbox 2283 757 3852 850">
     <span class='ocr_line' id='line_1_22' title="bbox 2283 757 3852 850; baseline 0.001 -27"><span class='ocrx_word' id='word_1_111' title='bbox 2283 757 2359 846; x_wconf 77' lang='grc' dir='ltr'>γ’.</span> <span class='ocrx_word' id='word_1_112' title='bbox 2396 769 2582 826; x_wconf 83' lang='grc' dir='ltr'>Δύεται</span> <span class='ocrx_word' id='word_1_113' title='bbox 2610 772 2698 826; x_wconf 87' lang='grc' dir='ltr'><strong>καὶ</strong></span> <span class='ocrx_word' id='word_1_114' title='bbox 2725 769 2808 828; x_wconf 75' lang='grc' dir='ltr'>διὰ</span> <span class='ocrx_word' id='word_1_115' title='bbox 2831 772 3148 839; x_wconf 72' lang='grc' dir='ltr'><strong>καινοτάτην</strong></span> <span class='ocrx_word' id='word_1_116' title='bbox 3171 773 3448 850; x_wconf 81' lang='grc' dir='ltr'>θρησκείαν</span> <span class='ocrx_word' id='word_1_117' title='bbox 3472 773 3852 850; x_wconf 74' lang='grc' dir='ltr'>ἀγνοηθεϊσαν,</span> 
     </span>
    </p>
   </div>
   <div class='ocr_carea' id='block_1_23' title="bbox 2203 853 2898 940">
    <p class='ocr_par' dir='ltr' id='par_1_23' title="bbox 2203 853 2898 940">
     <span class='ocr_line' id='line_1_23' title="bbox 2203 853 2898 940; baseline 0.013 -29"><span class='ocrx_word' id='word_1_118' title='bbox 2203 857 2291 912; x_wconf 82' lang='grc' dir='ltr'><strong>καὶ</strong></span> <span class='ocrx_word' id='word_1_119' title='bbox 2319 853 2598 940; x_wconf 59' lang='grc' dir='ltr'>ᾆογματων</span> <span class='ocrx_word' id='word_1_120' title='bbox 2628 856 2874 940; x_wconf 76' lang='grc' dir='ltr'>διαφοράν</span> <span class='ocrx_word' id='word_1_121' title='bbox 2885 909 2898 922; x_wconf 94' lang='grc'><strong>.</strong></span> 
     </span>
    </p>
   </div>
   <div class='ocr_carea' id='block_1_24' title="bbox 2282 935 3196 1029">
    <p class='ocr_par' dir='ltr' id='par_1_24' title="bbox 2282 935 3196 1029">
     <span class='ocr_line' id='line_1_24' title="bbox 2282 935 3196 1029; baseline 0.01 -29"><span class='ocrx_word' id='word_1_122' title='bbox 2282 935 2352 1029; x_wconf 38' lang='grc' dir='ltr'>δῖ.</span> <span class='ocrx_word' id='word_1_123' title='bbox 2389 952 2449 1029; x_wconf 72' lang='lat' dir='ltr'><strong>_il</strong></span> <span class='ocrx_word' id='word_1_124' title='bbox 2481 943 2564 1003; x_wconf 76' lang='grc' dir='ltr'><strong>διὰ</strong></span> <span class='ocrx_word' id='word_1_125' title='bbox 2605 935 2814 1026; x_wconf 80' lang='grc' dir='ltr'>τρόπων</span> <span class='ocrx_word' id='word_1_126' title='bbox 2844 951 3196 1029; x_wconf 79' lang='grc' dir='ltr'><strong>αἰσχρότητα.</strong></span> 
     </span>
    </p>
   </div>
   <div class='ocr_carea' id='block_1_25' title="bbox 2282 1015 2999 1116">
    <p class='ocr_par' dir='ltr' id='par_1_25' title="bbox 2282 1015 2999 1116">
     <span class='ocr_line' id='line_1_25' title="bbox 2282 1015 2999 1116; baseline 0.004 -26"><span class='ocrx_word' id='word_1_127' title='bbox 2282 1023 2362 1116; x_wconf 64' lang='grc' dir='ltr'><strong>ε’.Δ</strong></span> <span class='ocrx_word' id='word_1_128' title='bbox 2389 1015 2448 1091; x_wconf 54' lang='grc' dir='ltr'><strong>9ὶὶ</strong></span> <span class='ocrx_word' id='word_1_129' title='bbox 2476 1015 2648 1115; x_wconf 71' lang='grc' dir='ltr'>τύχης</span> <span class='ocrx_word' id='word_1_130' title='bbox 2680 1015 2999 1116; x_wconf 39' lang='grc' dir='ltr'>ἐναλλαγήν..</span> 
     </span>
    </p>
   </div>
   <div class='ocr_carea' id='block_1_26' title="bbox 2279 1113 3844 1207">
    <p class='ocr_par' dir='ltr' id='par_1_26' title="bbox 2279 1113 3844 1207">
     <span class='ocr_line' id='line_1_26' title="bbox 2279 1113 3844 1207; baseline 0 -25"><span class='ocrx_word' id='word_1_131' title='bbox 2279 1113 2384 1197; x_wconf 77' lang='grc' dir='ltr'>ς’.</span> <span class='ocrx_word' id='word_1_132' title='bbox 2463 1131 2508 1180; x_wconf 80' lang='grc' dir='ltr'>Η</span> <span class='ocrx_word' id='word_1_133' title='bbox 2575 1123 2658 1180; x_wconf 77' lang='grc' dir='ltr'>διὰ</span> <span class='ocrx_word' id='word_1_134' title='bbox 2729 1126 2916 1203; x_wconf 78' lang='grc' dir='ltr'>γάμῶν</span> <span class='ocrx_word' id='word_1_135' title='bbox 2992 1126 3260 1206; x_wconf 77' lang='grc' dir='ltr'><strong>ὑπέρθεσιν</strong></span> <span class='ocrx_word' id='word_1_136' title='bbox 3331 1129 3460 1206; x_wconf 68' lang='grc' dir='ltr'><strong>ὓπέρ</strong></span> <span class='ocrx_word' id='word_1_137' title='bbox 3515 1128 3844 1207; x_wconf 73' lang='grc' dir='ltr'><strong>τετραετίαν,</strong></span> 
     </span>
    </p>
   </div>
   <div class='ocr_carea' id='block_1_27' title="bbox 2202 1211 3849 1291">
    <p class='ocr_par' dir='ltr' id='par_1_27' title="bbox 2202 1211 3849 1291">
     <span class='ocr_line' id='line_1_27' title="bbox 2202 1211 3849 1291; baseline 0.002 -24"><span class='ocrx_word' id='word_1_138' title='bbox 2202 1212 2280 1288; x_wconf 77' lang='grc' dir='ltr'>μὴ</span> <span class='ocrx_word' id='word_1_139' title='bbox 2334 1211 2385 1278; x_wconf 77' lang='grc' dir='ltr'>ἐξ</span> <span class='ocrx_word' id='word_1_140' title='bbox 2442 1211 2656 1291; x_wconf 76' lang='grc' dir='ltr'>εὒλόγου</span> <span class='ocrx_word' id='word_1_141' title='bbox 2727 1213 3035 1272; x_wconf 73' lang='grc' dir='ltr'>ἐκταθεῖσαν</span> <span class='ocrx_word' id='word_1_142' title='bbox 3093 1217 3284 1287; x_wconf 82' lang='grc' dir='ltr'>αἰτίας,</span> <span class='ocrx_word' id='word_1_143' title='bbox 3337 1214 3419 1272; x_wconf 72' lang='grc' dir='ltr'>διὰ</span> <span class='ocrx_word' id='word_1_144' title='bbox 3488 1218 3640 1273; x_wconf 85' lang='grc' dir='ltr'>νόσον</span> <span class='ocrx_word' id='word_1_145' title='bbox 3708 1215 3849 1279; x_wconf 77' lang='grc' dir='ltr'>ἴσως</span> 
     </span>
    </p>
   </div>
   <div class='ocr_carea' id='block_1_28' title="bbox 2201 1301 3851 1385">
    <p class='ocr_par' dir='ltr' id='par_1_28' title="bbox 2201 1301 3851 1385">
     <span class='ocr_line' id='line_1_28' title="bbox 2201 1301 3851 1385; baseline 0.002 -28"><span class='ocrx_word' id='word_1_146' title='bbox 2201 1301 2440 1381; x_wconf 83' lang='grc' dir='ltr'>χρονίαν,</span> <span class='ocrx_word' id='word_1_147' title='bbox 2498 1301 2534 1370; x_wconf 75' lang='grc' dir='ltr'>ἣ</span> <span class='ocrx_word' id='word_1_148' title='bbox 2609 1303 2828 1360; x_wconf 81' lang='grc' dir='ltr'>θάνατον</span> <span class='ocrx_word' id='word_1_149' title='bbox 2895 1305 3118 1383; x_wconf 80' lang='grc' dir='ltr'>γονέων,</span> <span class='ocrx_word' id='word_1_150' title='bbox 3302 1304 3562 1385; x_wconf 75' lang='grc' dir='ltr'>κεφαλικά</span> <span class='ocrx_word' id='word_1_151' title='bbox 3641 1303 3851 1382; x_wconf 74' lang='grc' dir='ltr'>ἐγκλή-</span> 
     </span>
    </p>
   </div>
   <div class='ocr_carea' id='block_1_29' title="bbox 2200 1390 3850 1472">
    <p class='ocr_par' dir='ltr' id='par_1_29' title="bbox 2200 1390 3850 1472">
     <span class='ocr_line' id='line_1_29' title="bbox 2200 1390 3850 1472; baseline 0.003 -27"><span class='ocrx_word' id='word_1_152' title='bbox 2200 1411 2365 1466; x_wconf 88' lang='grc' dir='ltr'>ματα,</span> <span class='ocrx_word' id='word_1_153' title='bbox 2453 1390 2488 1458; x_wconf 77' lang='grc' dir='ltr'>ἢ</span> <span class='ocrx_word' id='word_1_154' title='bbox 2573 1392 2776 1468; x_wconf 72' lang='grc' dir='ltr'>μακρὰν</span> <span class='ocrx_word' id='word_1_155' title='bbox 2859 1391 3177 1469; x_wconf 71' lang='grc' dir='ltr'>ἀποδημίαν,</span> <span class='ocrx_word' id='word_1_156' title='bbox 3267 1390 3318 1458; x_wconf 76' lang='grc' dir='ltr'>ἐξ</span> <span class='ocrx_word' id='word_1_157' title='bbox 3402 1393 3639 1472; x_wconf 75' lang='grc' dir='ltr'>ἀνάγκης</span> <span class='ocrx_word' id='word_1_158' title='bbox 3696 1414 3850 1470; x_wconf 85' lang='grc' dir='ltr'>γενο-</span> 
     </span>
    </p>
   </div>
   <div class='ocr_carea' id='block_1_30' title="bbox 2200 1479 2386 1553">
    <p class='ocr_par' dir='ltr' id='par_1_30' title="bbox 2200 1479 2386 1553">
     <span class='ocr_line' id='line_1_30' title="bbox 2200 1479 2386 1553; baseline 0 -19"><span class='ocrx_word' id='word_1_159' title='bbox 2200 1479 2386 1553; x_wconf 80' lang='grc' dir='ltr'>μένην.</span> 
     </span>
    </p>
   </div>
   <div class='ocr_carea' id='block_1_31' title="bbox 2278 1553 3846 1651">
    <p class='ocr_par' dir='ltr' id='par_1_31' title="bbox 2278 1553 3846 1651">
     <span class='ocr_line' id='line_1_31' title="bbox 2278 1553 3846 1651; baseline 0.001 -27"><span class='ocrx_word' id='word_1_160' title='bbox 2278 1557 2348 1638; x_wconf 70' lang='grc' dir='ltr'><strong>ζ’.</strong></span> <span class='ocrx_word' id='word_1_161' title='bbox 2387 1553 2492 1624; x_wconf 57' lang='grc' dir='ltr'>Ἔτι</span> <span class='ocrx_word' id='word_1_162' title='bbox 2521 1566 2576 1624; x_wconf 79' lang='grc' dir='ltr'><strong>δὲ</strong></span> <span class='ocrx_word' id='word_1_163' title='bbox 2606 1567 2690 1624; x_wconf 80' lang='grc' dir='ltr'>διὰ</span> <span class='ocrx_word' id='word_1_164' title='bbox 2710 1570 2824 1646; x_wconf 90' lang='grc' dir='ltr'>βίαν</span> <span class='ocrx_word' id='word_1_165' title='bbox 2855 1567 3113 1651; x_wconf 75' lang='grc' dir='ltr'>ἄρχοντος</span> <span class='ocrx_word' id='word_1_166' title='bbox 3144 1569 3404 1650; x_wconf 75' lang='grc' dir='ltr'>ἐπαρχίας</span> <span class='ocrx_word' id='word_1_167' title='bbox 3427 1575 3526 1638; x_wconf 79' lang='grc' dir='ltr'>τῆς</span> <span class='ocrx_word' id='word_1_168' title='bbox 3557 1570 3846 1647; x_wconf 73' lang='grc' dir='ltr'>μνηστείας</span> 
     </span>
    </p>
   </div>
   <div class='ocr_carea' id='block_1_32' title="bbox 470 1647 2109 1740">
    <p class='ocr_par' dir='ltr' id='par_1_32' title="bbox 470 1647 2109 1740">
     <span class='ocr_line' id='line_1_32' title="bbox 470 1647 2109 1740; baseline -0.002 -25"><span class='ocrx_word' id='word_1_169' title='bbox 470 1652 616 1715; x_wconf 90' lang='lat' dir='ltr'><strong>sidis</strong></span> <span class='ocrx_word' id='word_1_170' title='bbox 650 1648 1143 1740; x_wconf 67' lang='lat' dir='ltr'><strong>provinciaa,_tam</strong></span> <span class='ocrx_word' id='word_1_171' title='bbox 1169 1647 1387 1729; x_wconf 91' lang='lat' dir='ltr'><strong>puella,</strong></span> <span class='ocrx_word' id='word_1_172' title='bbox 1415 1667 1589 1729; x_wconf 85' lang='lat' dir='ltr'><strong>quam</strong></span> <span class='ocrx_word' id='word_1_173' title='bbox 1616 1650 1963 1730; x_wconf 86' lang='lat' dir='ltr'><strong>parentibus</strong></span> <span class='ocrx_word' id='word_1_174' title='bbox 1985 1651 2109 1730; x_wconf 84' lang='lat' dir='ltr'><strong>ejus</strong></span> 
     </span>
    </p>
   </div>
   <div class='ocr_carea' id='block_1_33' title="bbox 2217 1647 3846 1740">
    <p class='ocr_par' dir='ltr' id='par_1_33' title="bbox 2217 1647 3846 1740">
     <span class='ocr_line' id='line_1_33' title="bbox 2217 1647 3846 1740; baseline 0.002 -28"><span class='ocrx_word' id='word_1_175' title='bbox 2217 1656 2510 1736; x_wconf 58' lang='grc' dir='ltr'>γενομένης,</span> <span class='ocrx_word' id='word_1_176' title='bbox 2543 1663 2642 1726; x_wconf 76' lang='grc' dir='ltr'>τῆς</span> <span class='ocrx_word' id='word_1_177' title='bbox 2671 1681 2728 1715; x_wconf 84' lang='grc' dir='ltr'><strong>τε</strong></span> <span class='ocrx_word' id='word_1_178' title='bbox 2754 1647 3048 1740; x_wconf 42' lang='grc' dir='ltr'>κόρης-’καὶ</span> <span class='ocrx_word' id='word_1_179' title='bbox 3086 1665 3192 1716; x_wconf 84' lang='grc' dir='ltr'><strong>τῶν</strong></span> <span class='ocrx_word' id='word_1_180' title='bbox 3222 1647 3420 1738; x_wconf 73' lang='grc' dir='ltr'>γονέων</span> <span class='ocrx_word' id='word_1_181' title='bbox 3454 1661 3614 1727; x_wconf 69' lang='grc' dir='ltr'>αὐτῆς</span> <span class='ocrx_word' id='word_1_182' title='bbox 3645 1660 3723 1736; x_wconf 80' lang='grc' dir='ltr'>μὴ</span> <span class='ocrx_word' id='word_1_183' title='bbox 3753 1681 3846 1715; x_wconf 89' lang='grc' dir='ltr'>συ-</span> 
     </span>
    </p>
   </div>
   <div class='ocr_carea' id='block_1_34' title="bbox 474 1735 1162 1804">
    <p class='ocr_par' dir='ltr' id='par_1_34' title="bbox 474 1735 1162 1804">
     <span class='ocr_line' id='line_1_34' title="bbox 474 1735 1162 1804; baseline -0.007 0"><span class='ocrx_word' id='word_1_184' title='bbox 474 1760 592 1804; x_wconf 83' lang='grc' dir='ltr'><strong>ηοη</strong></span> <span class='ocrx_word' id='word_1_185' title='bbox 623 1735 1162 1802; x_wconf 90' lang='lat' dir='ltr'><strong>consentientibus.</strong></span> 
     </span>
    </p>
   </div>
   <div class='ocr_carea' id='block_1_35' title="bbox 553 1835 2115 1919">
    <p class='ocr_par' dir='ltr' id='par_1_35' title="bbox 553 1835 2115 1919">
     <span class='ocr_line' id='line_1_35' title="bbox 553 1835 2115 1919; baseline -0.003 -17"><span class='ocrx_word' id='word_1_186' title='bbox 553 1839 612 1902; x_wconf 92' lang='lat'><strong>8.</strong></span> <span class='ocrx_word' id='word_1_187' title='bbox 647 1837 755 1901; x_wconf 86' lang='lat' dir='ltr'><strong>Vel</strong></span> <span class='ocrx_word' id='word_1_188' title='bbox 785 1844 1026 1919; x_wconf 91' lang='lat' dir='ltr'><strong>propter</strong></span> <span class='ocrx_word' id='word_1_189' title='bbox 1073 1851 1272 1896; x_wconf 89' lang='lat' dir='ltr'><strong>veram</strong></span> <span class='ocrx_word' id='word_1_190' title='bbox 1332 1839 1657 1913; x_wconf 88' lang='lat' dir='ltr'><strong>tonsuram,</strong></span> <span class='ocrx_word' id='word_1_191' title='bbox 1716 1843 1775 1899; x_wconf 91' lang='lat' dir='ltr'><strong>et</strong></span> <span class='ocrx_word' id='word_1_192' title='bbox 1806 1835 2115 1898; x_wconf 87' lang='lat' dir='ltr'><strong>transitum</strong></span> 
     </span>
    </p>
   </div>
   <div class='ocr_carea' id='block_1_36' title="bbox 471 1923 1131 1990">
    <p class='ocr_par' dir='ltr' id='par_1_36' title="bbox 471 1923 1131 1990">
     <span class='ocr_line' id='line_1_36' title="bbox 471 1923 1131 1990; baseline -0.003 0"><span class='ocrx_word' id='word_1_193' title='bbox 471 1927 544 1990; x_wconf 90' lang='lat' dir='ltr'><strong>ad</strong></span> <span class='ocrx_word' id='word_1_194' title='bbox 575 1927 752 1989; x_wconf 90' lang='lat' dir='ltr'><strong>vitam</strong></span> <span class='ocrx_word' id='word_1_195' title='bbox 783 1923 1131 1988; x_wconf 89' lang='lat' dir='ltr'><strong>solitariam.</strong></span> 
     </span>
    </p>
   </div>
   <div class='ocr_carea' id='block_1_37' title="bbox 547 2012 1602 2095">
    <p class='ocr_par' dir='ltr' id='par_1_37' title="bbox 547 2012 1602 2095">
     <span class='ocr_line' id='line_1_37' title="bbox 547 2012 1602 2095; baseline -0.002 -17"><span class='ocrx_word' id='word_1_196' title='bbox 547 2017 605 2079; x_wconf 90' lang='lat'><strong>9.</strong></span> <span class='ocrx_word' id='word_1_197' title='bbox 639 2016 750 2078; x_wconf 87' lang='lat' dir='ltr'><strong>Vel</strong></span> <span class='ocrx_word' id='word_1_198' title='bbox 776 2013 934 2095; x_wconf 85' lang='lat' dir='ltr'><strong>quod</strong></span> <span class='ocrx_word' id='word_1_199' title='bbox 965 2012 1180 2094; x_wconf 84' lang='lat' dir='ltr'><strong>aliquis</strong></span> <span class='ocrx_word' id='word_1_200' title='bbox 1209 2013 1309 2075; x_wconf 74' lang='lat' dir='ltr'><strong>fiat</strong></span> <span class='ocrx_word' id='word_1_201' title='bbox 1331 2013 1602 2077; x_wconf 90' lang='lat' dir='ltr'><strong>decurio.</strong></span> 
     </span>
    </p>
   </div>
   <div class='ocr_carea' id='block_1_38' title="bbox 553 2101 2110 2185">
    <p class='ocr_par' dir='ltr' id='par_1_38' title="bbox 553 2101 2110 2185">
     <span class='ocr_line' id='line_1_38' title="bbox 553 2101 2110 2185; baseline 0 -19"><span class='ocrx_word' id='word_1_202' title='bbox 553 2108 646 2169; x_wconf 81' lang='lat'><strong>10.</strong></span> <span class='ocrx_word' id='word_1_203' title='bbox 675 2103 783 2166; x_wconf 90' lang='lat' dir='ltr'><strong>Vel</strong></span> <span class='ocrx_word' id='word_1_204' title='bbox 813 2101 968 2185; x_wconf 91' lang='lat' dir='ltr'><strong>quod</strong></span> <span class='ocrx_word' id='word_1_205' title='bbox 1000 2103 1253 2182; x_wconf 86' lang='lat' dir='ltr'><strong>alicujus</strong></span> <span class='ocrx_word' id='word_1_206' title='bbox 1306 2102 1461 2164; x_wconf 89' lang='lat' dir='ltr'><strong>bona</strong></span> <span class='ocrx_word' id='word_1_207' title='bbox 1509 2106 1650 2166; x_wconf 85' lang='lat' dir='ltr'><strong>lisco</strong></span> <span class='ocrx_word' id='word_1_208' title='bbox 1683 2104 1800 2166; x_wconf 88' lang='lat' dir='ltr'><strong>sint</strong></span> <span class='ocrx_word' id='word_1_209' title='bbox 1829 2103 2110 2180; x_wconf 80' lang='lat' dir='ltr'><strong>obnoxia,</strong></span> 
     </span>
    </p>
   </div>
   <div class='ocr_carea' id='block_1_39' title="bbox 467 2191 2111 2276">
    <p class='ocr_par' dir='ltr' id='par_1_39' title="bbox 467 2191 2111 2276">
     <span class='ocr_line' id='line_1_39' title="bbox 467 2191 2111 2276; baseline 0.001 -20"><span class='ocrx_word' id='word_1_210' title='bbox 467 2195 555 2258; x_wconf 88' lang='lat' dir='ltr'><strong>vel</strong></span> <span class='ocrx_word' id='word_1_211' title='bbox 577 2194 734 2276; x_wconf 88' lang='lat' dir='ltr'><strong>quod</strong></span> <span class='ocrx_word' id='word_1_212' title='bbox 755 2193 883 2276; x_wconf 88' lang='lat' dir='ltr'><strong>ipse</strong></span> <span class='ocrx_word' id='word_1_213' title='bbox 910 2191 1012 2254; x_wconf 88' lang='lat' dir='ltr'><strong>alii</strong></span> <span class='ocrx_word' id='word_1_214' title='bbox 1032 2191 1287 2273; x_wconf 88' lang='lat' dir='ltr'><strong>cuipiam</strong></span> <span class='ocrx_word' id='word_1_215' title='bbox 1310 2191 1601 2255; x_wconf 87' lang='lat' dir='ltr'><strong>functioni</strong></span> <span class='ocrx_word' id='word_1_216' title='bbox 1618 2193 1910 2274; x_wconf 79' lang='lat' dir='ltr'><strong>obligatus</strong></span> <span class='ocrx_word' id='word_1_217' title='bbox 1939 2193 2111 2257; x_wconf 89' lang='lat' dir='ltr'><strong>inve-</strong></span> 
     </span>
    </p>
   </div>
   <div class='ocr_carea' id='block_1_40' title="bbox 470 2285 688 2348">
    <p class='ocr_par' dir='ltr' id='par_1_40' title="bbox 470 2285 688 2348">
     <span class='ocr_line' id='line_1_40' title="bbox 470 2285 688 2348; baseline 0.009 -2"><span class='ocrx_word' id='word_1_218' title='bbox 470 2285 688 2348; x_wconf 90' lang='lat' dir='ltr'><strong>niatur.</strong></span> 
     </span>
    </p>
   </div>
   <div class='ocr_carea' id='block_1_41' title="bbox 545 2370 2112 2452">
    <p class='ocr_par' dir='ltr' id='par_1_41' title="bbox 545 2370 2112 2452">
     <span class='ocr_line' id='line_1_41' title="bbox 545 2370 2112 2452; baseline -0.001 -15"><span class='ocrx_word' id='word_1_219' title='bbox 545 2375 691 2437; x_wconf 91' lang='lat' dir='ltr'><strong>Cum</strong></span> <span class='ocrx_word' id='word_1_220' title='bbox 722 2371 898 2448; x_wconf 72' lang='lat' dir='ltr'><strong>igitur</strong></span> <span class='ocrx_word' id='word_1_221' title='bbox 916 2370 1137 2452; x_wconf 88' lang='lat' dir='ltr'><strong>aliquid</strong></span> <span class='ocrx_word' id='word_1_222' title='bbox 1155 2390 1225 2434; x_wconf 85' lang='lat' dir='ltr'><strong>ex</strong></span> <span class='ocrx_word' id='word_1_223' title='bbox 1248 2371 1414 2434; x_wconf 86' lang='lat' dir='ltr'><strong>hisce</strong></span> <span class='ocrx_word' id='word_1_224' title='bbox 1438 2391 1595 2434; x_wconf 93' lang='lat' dir='ltr'><strong>nunc</strong></span> <span class='ocrx_word' id='word_1_225' title='bbox 1623 2373 1993 2435; x_wconf 86' lang='lat' dir='ltr'><strong>enumeratis</strong></span> <span class='ocrx_word' id='word_1_226' title='bbox 2015 2391 2112 2435; x_wconf 91' lang='lat' dir='ltr'><strong>co-</strong></span> 
     </span>
    </p>
   </div>
   <div class='ocr_carea' id='block_1_42' title="bbox 468 2459 2109 2544">
    <p class='ocr_par' dir='ltr' id='par_1_42' title="bbox 468 2459 2109 2544">
     <span class='ocr_line' id='line_1_42' title="bbox 468 2459 2109 2544; baseline -0.004 -19"><span class='ocrx_word' id='word_1_227' title='bbox 468 2463 828 2544; x_wconf 88' lang='lat' dir='ltr'><strong>pulationem</strong></span> <span class='ocrx_word' id='word_1_228' title='bbox 852 2460 1062 2520; x_wconf 82' lang='lat' dir='ltr'><strong>factam</strong></span> <span class='ocrx_word' id='word_1_229' title='bbox 1106 2478 1222 2521; x_wconf 92' lang='lat' dir='ltr'><strong>non</strong></span> <span class='ocrx_word' id='word_1_230' title='bbox 1248 2459 1496 2541; x_wconf 72' lang='lat' dir='ltr'><strong>dirimit,</strong></span> <span class='ocrx_word' id='word_1_231' title='bbox 1546 2460 1646 2541; x_wconf 91' lang='lat' dir='ltr'><strong>qui</strong></span> <span class='ocrx_word' id='word_1_232' title='bbox 1693 2460 2109 2541; x_wconf 87' lang='lat' dir='ltr'><strong>desponsatam</strong></span> 
     </span>
    </p>
   </div>
   <div class='ocr_carea' id='block_1_43' title="bbox 464 2548 2113 2631">
    <p class='ocr_par' dir='ltr' id='par_1_43' title="bbox 464 2548 2113 2631">
     <span class='ocr_line' id='line_1_43' title="bbox 464 2548 2113 2631; baseline -0.001 -19"><span class='ocrx_word' id='word_1_233' title='bbox 464 2551 639 2614; x_wconf 86' lang='lat' dir='ltr'><strong>alteri</strong></span> <span class='ocrx_word' id='word_1_234' title='bbox 669 2549 850 2626; x_wconf 89' lang='lat' dir='ltr'><strong>ducit,</strong></span> <span class='ocrx_word' id='word_1_235' title='bbox 883 2548 1075 2610; x_wconf 85' lang='lat' dir='ltr'><strong>adhuc</strong></span> <span class='ocrx_word' id='word_1_236' title='bbox 1101 2567 1171 2610; x_wconf 90' lang='lat' dir='ltr'><strong>eo</strong></span> <span class='ocrx_word' id='word_1_237' title='bbox 1203 2549 1540 2630; x_wconf 89' lang='lat' dir='ltr'><strong>superstite,</strong></span> <span class='ocrx_word' id='word_1_238' title='bbox 1573 2549 1675 2631; x_wconf 90' lang='lat' dir='ltr'><strong>qui</strong></span> <span class='ocrx_word' id='word_1_239' title='bbox 1711 2548 2113 2631; x_wconf 88' lang='lat' dir='ltr'><strong>desponsavit,</strong></span> 
     </span>
    </p>
   </div>
   <div class='ocr_carea' id='block_1_44' title="bbox 465 2636 1114 2717">
    <p class='ocr_par' dir='ltr' id='par_1_44' title="bbox 465 2636 1114 2717">
     <span class='ocr_line' id='line_1_44' title="bbox 465 2636 1114 2717; baseline -0.006 -17"><span class='ocrx_word' id='word_1_240' title='bbox 465 2639 754 2701; x_wconf 87' lang='lat' dir='ltr'><strong>adulterio</strong></span> <span class='ocrx_word' id='word_1_241' title='bbox 788 2657 853 2698; x_wconf 89' lang='lat' dir='ltr'><strong>se</strong></span> <span class='ocrx_word' id='word_1_242' title='bbox 884 2636 1114 2717; x_wconf 87' lang='lat' dir='ltr'><strong>polluit.</strong></span> 
     </span>
    </p>
   </div>
   <div class='ocr_carea' id='block_1_45' title="bbox 550 2723 2112 2808">
    <p class='ocr_par' dir='ltr' id='par_1_45' title="bbox 550 2723 2112 2808">
     <span class='ocr_line' id='line_1_45' title="bbox 550 2723 2112 2808; baseline -0.003 -18"><span class='ocrx_word' id='word_1_243' title='bbox 550 2725 863 2808; x_wconf 89' lang='lat' dir='ltr'><strong>Sponsalia</strong></span> <span class='ocrx_word' id='word_1_244' title='bbox 894 2733 1030 2786; x_wconf 90' lang='lat' dir='ltr'><strong>sunt</strong></span> <span class='ocrx_word' id='word_1_245' title='bbox 1061 2724 1282 2786; x_wconf 89' lang='lat' dir='ltr'><strong>mentio</strong></span> <span class='ocrx_word' id='word_1_246' title='bbox 1331 2733 1389 2785; x_wconf 90' lang='lat' dir='ltr'><strong>et</strong></span> <span class='ocrx_word' id='word_1_247' title='bbox 1438 2724 1752 2804; x_wconf 82' lang='lat' dir='ltr'><strong>promissio</strong></span> <span class='ocrx_word' id='word_1_248' title='bbox 1783 2723 2112 2786; x_wconf 80' lang='lat' dir='ltr'><strong>futurarum</strong></span> 
     </span>
    </p>
   </div>
   <div class='ocr_carea' id='block_1_46' title="bbox 469 2811 2112 2896">
    <p class='ocr_par' dir='ltr' id='par_1_46' title="bbox 469 2811 2112 2896">
     <span class='ocr_line' id='line_1_46' title="bbox 469 2811 2112 2896; baseline -0.002 -18"><span class='ocrx_word' id='word_1_249' title='bbox 469 2814 978 2896; x_wconf 84' lang='lat' dir='ltr'><strong>nuptiarum.Tam</strong></span> <span class='ocrx_word' id='word_1_250' title='bbox 993 2811 1597 2892; x_wconf 73' lang='lat' dir='ltr'><strong>perscripturam(40)</strong></span> <span class='ocrx_word' id='word_1_251' title='bbox 1611 2832 1806 2893; x_wconf 85' lang='lat' dir='ltr'><strong>,quam</strong></span> <span class='ocrx_word' id='word_1_252' title='bbox 1824 2815 2112 2874; x_wconf 91' lang='lat' dir='ltr'><strong>sinescri-</strong></span> 
     </span>
    </p>
   </div>
   <div class='ocr_carea' id='block_1_47' title="bbox 468 2900 2110 2984">
    <p class='ocr_par' dir='ltr' id='par_1_47' title="bbox 468 2900 2110 2984">
     <span class='ocr_line' id='line_1_47' title="bbox 468 2900 2110 2984; baseline -0.001 -19"><span class='ocrx_word' id='word_1_253' title='bbox 468 2915 643 2984; x_wconf 90' lang='lat' dir='ltr'><strong>ptura</strong></span> <span class='ocrx_word' id='word_1_254' title='bbox 655 2900 1941 2983; x_wconf 81' lang='lat' dir='ltr'><strong>sponsaliacontrahuntur.Etconstituuntur</strong></span> <span class='ocrx_word' id='word_1_255' title='bbox 1953 2902 2110 2964; x_wconf 87' lang='lat' dir='ltr'><strong>nudo</strong></span> 
     </span>
    </p>
   </div>
   <div class='ocr_carea' id='block_1_48' title="bbox 467 2987 2109 3070">
    <p class='ocr_par' dir='ltr' id='par_1_48' title="bbox 467 2987 2109 3070">
     <span class='ocr_line' id='line_1_48' title="bbox 467 2987 2109 3070; baseline -0.003 -15"><span class='ocrx_word' id='word_1_256' title='bbox 467 3008 784 3066; x_wconf 90' lang='lat' dir='ltr'><strong>consensu,</strong></span> <span class='ocrx_word' id='word_1_257' title='bbox 807 2988 992 3050; x_wconf 87' lang='lat' dir='ltr'><strong>Etiam</strong></span> <span class='ocrx_word' id='word_1_258' title='bbox 1012 2987 1170 3049; x_wconf 91' lang='lat' dir='ltr'><strong>inter</strong></span> <span class='ocrx_word' id='word_1_259' title='bbox 1182 2989 1460 3050; x_wconf 91' lang='lat' dir='ltr'><strong>absentes</strong></span> <span class='ocrx_word' id='word_1_260' title='bbox 1479 2989 1628 3070; x_wconf 83' lang='grc'>(41).</span> <span class='ocrx_word' id='word_1_261' title='bbox 1652 2989 1865 3050; x_wconf 75' lang='lat' dir='ltr'><strong>Contra</strong></span> <span class='ocrx_word' id='word_1_262' title='bbox 1898 2990 2109 3053; x_wconf 90' lang='lat' dir='ltr'><strong>volun-</strong></span> 
     </span>
    </p>
   </div>
   <div class='ocr_carea' id='block_1_49' title="bbox 469 3075 2112 3159">
    <p class='ocr_par' dir='ltr' id='par_1_49' title="bbox 469 3075 2112 3159">
     <span class='ocr_line' id='line_1_49' title="bbox 469 3075 2112 3159; baseline 0 -19"><span class='ocrx_word' id='word_1_263' title='bbox 469 3089 642 3142; x_wconf 88' lang='lat' dir='ltr'><strong>tatem</strong></span> <span class='ocrx_word' id='word_1_264' title='bbox 681 3076 919 3159; x_wconf 73' lang='lat' dir='ltr'><strong>pupillae</strong></span> <span class='ocrx_word' id='word_1_265' title='bbox 947 3083 1105 3136; x_wconf 89' lang='lat' dir='ltr'><strong>tutor</strong></span> <span class='ocrx_word' id='word_1_266' title='bbox 1151 3075 1450 3157; x_wconf 87' lang='lat' dir='ltr'><strong>sponsalia</strong></span> <span class='ocrx_word' id='word_1_267' title='bbox 1494 3095 1611 3138; x_wconf 92' lang='lat' dir='ltr'><strong>non</strong></span> <span class='ocrx_word' id='word_1_268' title='bbox 1639 3077 1968 3158; x_wconf 88' lang='lat' dir='ltr'><strong>constituit,</strong></span> <span class='ocrx_word' id='word_1_269' title='bbox 2001 3096 2112 3140; x_wconf 90' lang='lat' dir='ltr'><strong>nec</strong></span> 
     </span>
    </p>
   </div>
   <div class='ocr_carea' id='block_1_50' title="bbox 465 3163 2114 3246">
    <p class='ocr_par' dir='ltr' id='par_1_50' title="bbox 465 3163 2114 3246">
     <span class='ocr_line' id='line_1_50' title="bbox 465 3163 2114 3246; baseline -0.002 -15"><span class='ocrx_word' id='word_1_270' title='bbox 465 3168 616 3231; x_wconf 84' lang='lat' dir='ltr'><strong>facta</strong></span> <span class='ocrx_word' id='word_1_271' title='bbox 644 3165 932 3228; x_wconf 91' lang='lat' dir='ltr'><strong>dissolvit.</strong></span> <span class='ocrx_word' id='word_1_272' title='bbox 951 3163 1142 3226; x_wconf 91' lang='lat' dir='ltr'><strong>Furor</strong></span> <span class='ocrx_word' id='word_1_273' title='bbox 1163 3163 1240 3224; x_wconf 90' lang='lat' dir='ltr'><strong>im</strong></span> <span class='ocrx_word' id='word_1_274' title='bbox 1249 3165 1722 3245; x_wconf 85' lang='lat' dir='ltr'><strong>peditsponsalia</strong></span> <span class='ocrx_word' id='word_1_275' title='bbox 1741 3165 1891 3246; x_wconf 71' lang='grc'>(42).</span> <span class='ocrx_word' id='word_1_276' title='bbox 1921 3164 2038 3228; x_wconf 90' lang='lat' dir='ltr'><strong>Sed</strong></span> <span class='ocrx_word' id='word_1_277' title='bbox 2061 3165 2114 3229; x_wconf 75' lang='lat' dir='ltr'><strong>si</strong></span> 
     </span>
    </p>
   </div>
   <div class='ocr_carea' id='block_1_51' title="bbox 468 3253 2115 3338">
    <p class='ocr_par' dir='ltr' id='par_1_51' title="bbox 468 3253 2115 3338">
     <span class='ocr_line' id='line_1_51' title="bbox 468 3253 2115 3338; baseline -0.002 -18"><span class='ocrx_word' id='word_1_278' title='bbox 468 3266 672 3338; x_wconf 87' lang='lat' dir='ltr'><strong>postea</strong></span> <span class='ocrx_word' id='word_1_279' title='bbox 691 3254 1124 3337; x_wconf 87' lang='lat' dir='ltr'><strong>supervenerit,</strong></span> <span class='ocrx_word' id='word_1_280' title='bbox 1149 3253 1465 3316; x_wconf 88' lang='lat' dir='ltr'><strong>constituta</strong></span> <span class='ocrx_word' id='word_1_281' title='bbox 1486 3273 1605 3316; x_wconf 92' lang='lat' dir='ltr'><strong>non</strong></span> <span class='ocrx_word' id='word_1_282' title='bbox 1631 3255 1820 3316; x_wconf 86' lang='lat' dir='ltr'><strong>solvit.</strong></span> <span class='ocrx_word' id='word_1_283' title='bbox 1846 3254 1957 3328; x_wconf 87' lang='lat' dir='ltr'><strong>Qui</strong></span> <span class='ocrx_word' id='word_1_284' title='bbox 1978 3274 2115 3317; x_wconf 87' lang='lat' dir='ltr'><strong>con-</strong></span> 
     </span>
    </p>
   </div>
   <div class='ocr_carea' id='block_1_52' title="bbox 464 3342 2116 3426">
    <p class='ocr_par' dir='ltr' id='par_1_52' title="bbox 464 3342 2116 3426">
     <span class='ocr_line' id='line_1_52' title="bbox 464 3342 2116 3426; baseline -0.002 -17"><span class='ocrx_word' id='word_1_285' title='bbox 464 3364 703 3409; x_wconf 84' lang='lat' dir='ltr'><strong>sensum</strong></span> <span class='ocrx_word' id='word_1_286' title='bbox 719 3343 1054 3426; x_wconf 78' lang='lat' dir='ltr'><strong>praehentin</strong></span> <span class='ocrx_word' id='word_1_287' title='bbox 1067 3342 1288 3424; x_wconf 91' lang='lat' dir='ltr'><strong>nuptiis</strong></span> <span class='ocrx_word' id='word_1_288' title='bbox 1306 3361 1516 3405; x_wconf 92' lang='lat' dir='ltr'><strong>eorum</strong></span> <span class='ocrx_word' id='word_1_289' title='bbox 1531 3345 1926 3407; x_wconf 90' lang='lat' dir='ltr'><strong>consensusin</strong></span> <span class='ocrx_word' id='word_1_290' title='bbox 1941 3364 2116 3426; x_wconf 88' lang='lat' dir='ltr'><strong>spon-</strong></span> 
     </span>
    </p>
   </div>
   <div class='ocr_carea' id='block_1_53' title="bbox 466 3431 2112 3514">
    <p class='ocr_par' dir='ltr' id='par_1_53' title="bbox 466 3431 2112 3514">
     <span class='ocr_line' id='line_1_53' title="bbox 466 3431 2112 3514; baseline -0.001 -16"><span class='ocrx_word' id='word_1_291' title='bbox 466 3436 689 3498; x_wconf 82' lang='lat' dir='ltr'><strong>salibus</strong></span> <span class='ocrx_word' id='word_1_292' title='bbox 711 3451 946 3514; x_wconf 89' lang='lat' dir='ltr'><strong>quoque</strong></span> <span class='ocrx_word' id='word_1_293' title='bbox 962 3431 1288 3513; x_wconf 88' lang='lat' dir='ltr'><strong>requiritur</strong></span> <span class='ocrx_word' id='word_1_294' title='bbox 1309 3431 1460 3513; x_wconf 81' lang='grc'>(43).</span> <span class='ocrx_word' id='word_1_295' title='bbox 1487 3433 1838 3496; x_wconf 90' lang='lat' dir='ltr'><strong>Consentire</strong></span> <span class='ocrx_word' id='word_1_296' title='bbox 1859 3453 1996 3496; x_wconf 88' lang='lat' dir='ltr'><strong>vero</strong></span> <span class='ocrx_word' id='word_1_297' title='bbox 2010 3433 2112 3497; x_wconf 86' lang='lat' dir='ltr'><strong>de-</strong></span> 
     </span>
    </p>
   </div>
   <div class='ocr_carea' id='block_1_54' title="bbox 466 3521 2083 3605">
    <p class='ocr_par' dir='ltr' id='par_1_54' title="bbox 466 3521 2083 3605">
     <span class='ocr_line' id='line_1_54' title="bbox 466 3521 2083 3605; baseline -0.002 -18"><span class='ocrx_word' id='word_1_298' title='bbox 466 3524 632 3605; x_wconf 91' lang='lat' dir='ltr'><strong>bent,</strong></span> <span class='ocrx_word' id='word_1_299' title='bbox 652 3524 762 3605; x_wconf 90' lang='lat' dir='ltr'><strong>ipsi</strong></span> <span class='ocrx_word' id='word_1_300' title='bbox 785 3521 1227 3602; x_wconf 85' lang='lat' dir='ltr'><strong>contrahentes,</strong></span> <span class='ocrx_word' id='word_1_301' title='bbox 1263 3530 1320 3584; x_wconf 94' lang='lat' dir='ltr'><strong>et</strong></span> <span class='ocrx_word' id='word_1_302' title='bbox 1349 3529 1626 3602; x_wconf 89' lang='lat' dir='ltr'><strong>parentes</strong></span> <span class='ocrx_word' id='word_1_303' title='bbox 1648 3523 1952 3587; x_wconf 90' lang='lat' dir='ltr'><strong>eorum.Et</strong></span> <span class='ocrx_word' id='word_1_304' title='bbox 1969 3540 2083 3585; x_wconf 92' lang='lat' dir='ltr'><strong>con</strong></span> 
     </span>
    </p>
   </div>
   <div class='ocr_carea' id='block_1_55' title="bbox 467 3609 2110 3691">
    <p class='ocr_par' dir='ltr' id='par_1_55' title="bbox 467 3609 2110 3691">
     <span class='ocr_line' id='line_1_55' title="bbox 467 3609 2110 3691; baseline -0.002 -16"><span class='ocrx_word' id='word_1_305' title='bbox 467 3614 694 3676; x_wconf 90' lang='lat' dir='ltr'><strong>sentire</strong></span> <span class='ocrx_word' id='word_1_306' title='bbox 707 3610 1008 3687; x_wconf 87' lang='lat' dir='ltr'><strong>videntur,</strong></span> <span class='ocrx_word' id='word_1_307' title='bbox 1033 3609 1447 3691; x_wconf 87' lang='lat' dir='ltr'><strong>quievidenter</strong></span> <span class='ocrx_word' id='word_1_308' title='bbox 1459 3611 1581 3672; x_wconf 89' lang='lat' dir='ltr'><strong>sive</strong></span> <span class='ocrx_word' id='word_1_309' title='bbox 1598 3613 1830 3673; x_wconf 90' lang='lat' dir='ltr'><strong>deserte</strong></span> <span class='ocrx_word' id='word_1_310' title='bbox 1843 3630 1960 3673; x_wconf 90' lang='lat' dir='ltr'><strong>non</strong></span> <span class='ocrx_word' id='word_1_311' title='bbox 1973 3630 2110 3672; x_wconf 85' lang='lat' dir='ltr'><strong>con-</strong></span> 
     </span>
    </p>
   </div>
   <div class='ocr_carea' id='block_1_56' title="bbox 471 3698 2108 3773">
    <p class='ocr_par' dir='ltr' id='par_1_56' title="bbox 471 3698 2108 3773">
     <span class='ocr_line' id='line_1_56' title="bbox 471 3698 2108 3773; baseline -0.002 -8"><span class='ocrx_word' id='word_1_312' title='bbox 471 3702 791 3766; x_wconf 88' lang='lat' dir='ltr'><strong>tradicunt.</strong></span> <span class='ocrx_word' id='word_1_313' title='bbox 825 3699 992 3763; x_wconf 89' lang='lat' dir='ltr'><strong>Tunc</strong></span> <span class='ocrx_word' id='word_1_314' title='bbox 1021 3709 1221 3763; x_wconf 86' lang='lat' dir='ltr'><strong>autem</strong></span> <span class='ocrx_word' id='word_1_315' title='bbox 1254 3698 1387 3773; x_wconf 86' lang='lat' dir='ltr'><strong>ﬁlii,</strong></span> <span class='ocrx_word' id='word_1_316' title='bbox 1420 3699 1556 3761; x_wconf 76' lang='lat' dir='ltr'><strong>tilize</strong></span> <span class='ocrx_word' id='word_1_317' title='bbox 1584 3699 1838 3761; x_wconf 85' lang='lat' dir='ltr'><strong>familias</strong></span> <span class='ocrx_word' id='word_1_318' title='bbox 1866 3709 2108 3762; x_wconf 85' lang='lat' dir='ltr'><strong>contra-</strong></span> 
     </span>
    </p>
   </div>
   <div class='ocr_carea' id='block_1_57' title="bbox 465 3789 2115 3870">
    <p class='ocr_par' dir='ltr' id='par_1_57' title="bbox 465 3789 2115 3870">
     <span class='ocr_line' id='line_1_57' title="bbox 465 3789 2115 3870; baseline -0.001 -17"><span class='ocrx_word' id='word_1_319' title='bbox 465 3791 670 3854; x_wconf 85' lang='lat' dir='ltr'><strong>dicere</strong></span> <span class='ocrx_word' id='word_1_320' title='bbox 698 3790 983 3852; x_wconf 82' lang='lat' dir='ltr'><strong>duntaxat</strong></span> <span class='ocrx_word' id='word_1_321' title='bbox 1010 3797 1256 3870; x_wconf 90' lang='lat' dir='ltr'><strong>possunt</strong></span> <span class='ocrx_word' id='word_1_322' title='bbox 1282 3789 1438 3868; x_wconf 77' lang='grc'>(44),</span> <span class='ocrx_word' id='word_1_323' title='bbox 1501 3808 1635 3850; x_wconf 90' lang='lat' dir='ltr'><strong>cum</strong></span> <span class='ocrx_word' id='word_1_324' title='bbox 1670 3789 1935 3851; x_wconf 91' lang='lat' dir='ltr'><strong>moribus</strong></span> <span class='ocrx_word' id='word_1_325' title='bbox 1964 3789 2115 3851; x_wconf 88' lang='lat' dir='ltr'><strong>indi-</strong></span> 
     </span>
    </p>
   </div>
   <div class='ocr_carea' id='block_1_58' title="bbox 468 3875 2112 3958">
    <p class='ocr_par' dir='ltr' id='par_1_58' title="bbox 468 3875 2112 3958">
     <span class='ocr_line' id='line_1_58' title="bbox 468 3875 2112 3958; baseline -0.001 -18"><span class='ocrx_word' id='word_1_326' title='bbox 468 3898 619 3958; x_wconf 81' lang='lat' dir='ltr'><strong>gnos</strong></span> <span class='ocrx_word' id='word_1_327' title='bbox 649 3887 710 3940; x_wconf 92' lang='lat' dir='ltr'><strong>et</strong></span> <span class='ocrx_word' id='word_1_328' title='bbox 730 3887 931 3958; x_wconf 87' lang='lat' dir='ltr'><strong>turpes</strong></span> <span class='ocrx_word' id='word_1_329' title='bbox 956 3877 1044 3938; x_wconf 90' lang='lat' dir='ltr'><strong>eis</strong></span> <span class='ocrx_word' id='word_1_330' title='bbox 1066 3895 1316 3958; x_wconf 88' lang='lat' dir='ltr'><strong>sponsos</strong></span> <span class='ocrx_word' id='word_1_331' title='bbox 1344 3891 1622 3957; x_wconf 83' lang='lat' dir='ltr'><strong>parentes</strong></span> <span class='ocrx_word' id='word_1_332' title='bbox 1648 3876 1895 3954; x_wconf 80' lang='lat' dir='ltr'><strong>eligunt.</strong></span> <span class='ocrx_word' id='word_1_333' title='bbox 1929 3875 1986 3939; x_wconf 91' lang='lat' dir='ltr'><strong>Si</strong></span> <span class='ocrx_word' id='word_1_334' title='bbox 2017 3882 2112 3939; x_wconf 85' lang='lat' dir='ltr'><strong>ta-</strong></span> 
     </span>
    </p>
   </div>
   <div class='ocr_carea' id='block_1_59' title="bbox 465 3964 2116 4046">
    <p class='ocr_par' dir='ltr' id='par_1_59' title="bbox 465 3964 2116 4046">
     <span class='ocr_line' id='line_1_59' title="bbox 465 3964 2116 4046; baseline -0.001 -17"><span class='ocrx_word' id='word_1_335' title='bbox 465 3967 552 4029; x_wconf 91' lang='lat' dir='ltr'><strong>les</strong></span> <span class='ocrx_word' id='word_1_336' title='bbox 581 3975 774 4029; x_wconf 91' lang='lat' dir='ltr'><strong>autem</strong></span> <span class='ocrx_word' id='word_1_337' title='bbox 809 3984 926 4026; x_wconf 88' lang='lat' dir='ltr'><strong>non</strong></span> <span class='ocrx_word' id='word_1_338' title='bbox 979 3964 1119 4038; x_wconf 86' lang='lat' dir='ltr'><strong>sint,</strong></span> <span class='ocrx_word' id='word_1_339' title='bbox 1165 3965 1269 4044; x_wconf 92' lang='lat' dir='ltr'><strong>qui</strong></span> <span class='ocrx_word' id='word_1_340' title='bbox 1327 3965 1415 4027; x_wconf 90' lang='lat' dir='ltr'><strong>eis</strong></span> <span class='ocrx_word' id='word_1_341' title='bbox 1444 3964 1914 4046; x_wconf 88' lang='lat' dir='ltr'><strong>despondentur,</strong></span> <span class='ocrx_word' id='word_1_342' title='bbox 1980 3966 2116 4028; x_wconf 80' lang='lat' dir='ltr'><strong>licet</strong></span> 
     </span>
    </p>
   </div>
   <div class='ocr_carea' id='block_1_60' title="bbox 465 4052 2112 4136">
    <p class='ocr_par' dir='ltr' id='par_1_60' title="bbox 465 4052 2112 4136">
     <span class='ocr_line' id='line_1_60' title="bbox 465 4052 2112 4136; baseline -0.001 -19"><span class='ocrx_word' id='word_1_343' title='bbox 465 4053 825 4118; x_wconf 78' lang='lat' dir='ltr'><strong>exheredari</strong></span> <span class='ocrx_word' id='word_1_344' title='bbox 851 4054 903 4116; x_wconf 88' lang='lat' dir='ltr'><strong>si</strong></span> <span class='ocrx_word' id='word_1_345' title='bbox 931 4052 1108 4114; x_wconf 91' lang='lat' dir='ltr'><strong>liberi</strong></span> <span class='ocrx_word' id='word_1_346' title='bbox 1138 4053 1366 4128; x_wconf 89' lang='lat' dir='ltr'><strong>malint,</strong></span> <span class='ocrx_word' id='word_1_347' title='bbox 1398 4052 1682 4115; x_wconf 86' lang='lat' dir='ltr'><strong>duntaxat</strong></span> <span class='ocrx_word' id='word_1_348' title='bbox 1710 4061 1789 4127; x_wconf 61' lang='lat' dir='ltr'><strong>{ut</strong></span> <span class='ocrx_word' id='word_1_349' title='bbox 1839 4073 1957 4116; x_wconf 91' lang='lat' dir='ltr'><strong>non</strong></span> <span class='ocrx_word' id='word_1_350' title='bbox 2013 4071 2112 4136; x_wconf 79' lang='lat' dir='ltr'><strong>pa-</strong></span> 
     </span>
    </p>
   </div>
   <div class='ocr_carea' id='block_1_61' title="bbox 464 4140 2113 4224">
    <p class='ocr_par' dir='ltr' id='par_1_61' title="bbox 464 4140 2113 4224">
     <span class='ocr_line' id='line_1_61' title="bbox 464 4140 2113 4224; baseline 0 -19"><span class='ocrx_word' id='word_1_351' title='bbox 464 4152 725 4220; x_wconf 91' lang='lat' dir='ltr'><strong>rentum,</strong></span> <span class='ocrx_word' id='word_1_352' title='bbox 748 4144 851 4205; x_wconf 91' lang='lat' dir='ltr'><strong>sed</strong></span> <span class='ocrx_word' id='word_1_353' title='bbox 866 4160 986 4203; x_wconf 73' lang='lat' dir='ltr'><strong>suae</strong></span> <span class='ocrx_word' id='word_1_354' title='bbox 1006 4141 1286 4203; x_wconf 90' lang='lat' dir='ltr'><strong>voluntati</strong></span> <span class='ocrx_word' id='word_1_355' title='bbox 1300 4140 1690 4224; x_wconf 85' lang='lat' dir='ltr'><strong>satisfaciant;</strong></span> <span class='ocrx_word' id='word_1_356' title='bbox 1718 4142 1961 4205; x_wconf 92' lang='lat' dir='ltr'><strong>omnino</strong></span> <span class='ocrx_word' id='word_1_357' title='bbox 1992 4161 2113 4205; x_wconf 91' lang='lat' dir='ltr'><strong>non</strong></span> 
     </span>
    </p>
   </div>
   <div class='ocr_carea' id='block_1_62' title="bbox 2199 1768 2536 1806">
    <p class='ocr_par' dir='ltr' id='par_1_62' title="bbox 2199 1768 2536 1806">
     <span class='ocr_line' id='line_1_62' title="bbox 2199 1768 2536 1806; baseline 0.012 -5"><span class='ocrx_word' id='word_1_358' title='bbox 2199 1768 2512 1802; x_wconf 83' lang='grc' dir='ltr'>ναινουντων</span> <span class='ocrx_word' id='word_1_359' title='bbox 2524 1793 2536 1806; x_wconf 86' lang='lat'><strong>.</strong></span> 
     </span>
    </p>
   </div>
   <div class='ocr_carea' id='block_1_63' title="bbox 2277 1815 3841 1917">
    <p class='ocr_par' dir='ltr' id='par_1_63' title="bbox 2277 1815 3841 1917">
     <span class='ocr_line' id='line_1_63' title="bbox 2277 1815 3841 1917; baseline -0.001 -25"><span class='ocrx_word' id='word_1_360' title='bbox 2277 1824 2356 1901; x_wconf 74' lang='grc' dir='ltr'>η’.</span> <span class='ocrx_word' id='word_1_361' title='bbox 2411 1815 2469 1890; x_wconf 64' lang='grc' dir='ltr'><strong><em>Ἦ</em></strong></span> <span class='ocrx_word' id='word_1_362' title='bbox 2494 1832 2559 1890; x_wconf 86' lang='grc' dir='ltr'>δι’</span> <span class='ocrx_word' id='word_1_363' title='bbox 2591 1835 2882 1916; x_wconf 84' lang='grc' dir='ltr'>ἀπόκαρσιν</span> <span class='ocrx_word' id='word_1_364' title='bbox 2910 1835 3106 1912; x_wconf 77' lang='grc' dir='ltr'>ἀληθῆ,</span> <span class='ocrx_word' id='word_1_365' title='bbox 3155 1839 3246 1894; x_wconf 85' lang='grc' dir='ltr'><strong>καὶ</strong></span> <span class='ocrx_word' id='word_1_366' title='bbox 3301 1838 3399 1904; x_wconf 76' lang='grc' dir='ltr'><strong>τὴν</strong></span> <span class='ocrx_word' id='word_1_367' title='bbox 3441 1838 3571 1917; x_wconf 74' lang='grc' dir='ltr'>πρὸς</span> <span class='ocrx_word' id='word_1_368' title='bbox 3604 1837 3698 1893; x_wconf 77' lang='grc' dir='ltr'><strong>τὸν</strong></span> <span class='ocrx_word' id='word_1_369' title='bbox 3726 1858 3841 1910; x_wconf 80' lang='grc' dir='ltr'>μο-</span> 
     </span>
    </p>
   </div>
   <div class='ocr_carea' id='block_1_64' title="bbox 2199 1922 2814 2000">
    <p class='ocr_par' dir='ltr' id='par_1_64' title="bbox 2199 1922 2814 2000">
     <span class='ocr_line' id='line_1_64' title="bbox 2199 1922 2814 2000; baseline 0.008 -25"><span class='ocrx_word' id='word_1_370' title='bbox 2199 1923 2334 2000; x_wconf 76' lang='grc' dir='ltr'>νήρη</span> <span class='ocrx_word' id='word_1_371' title='bbox 2363 1922 2474 2000; x_wconf 65' lang='grc' dir='ltr'>βίον</span> <span class='ocrx_word' id='word_1_372' title='bbox 2505 1923 2814 1998; x_wconf 80' lang='grc' dir='ltr'>μετάϐασιν,</span> 
     </span>
    </p>
   </div>
   <div class='ocr_carea' id='block_1_65' title="bbox 2278 1992 3083 2091">
    <p class='ocr_par' dir='ltr' id='par_1_65' title="bbox 2278 1992 3083 2091">
     <span class='ocr_line' id='line_1_65' title="bbox 2278 1992 3083 2091; baseline 0.001 -23"><span class='ocrx_word' id='word_1_373' title='bbox 2278 1992 2374 2072; x_wconf 34' lang='grc' dir='ltr'>θ’..</span> <span class='ocrx_word' id='word_1_374' title='bbox 2394 1992 2452 2091; x_wconf 59' lang='grc' dir='ltr'>’ξι</span> <span class='ocrx_word' id='word_1_375' title='bbox 2479 1992 2539 2068; x_wconf 74' lang='grc' dir='ltr'>τὸ</span> <span class='ocrx_word' id='word_1_376' title='bbox 2591 2014 2732 2070; x_wconf 73' lang='grc' dir='ltr'>εἶναι</span> <span class='ocrx_word' id='word_1_377' title='bbox 2775 2012 3083 2091; x_wconf 76' lang='grc' dir='ltr'>βουλευτήν,</span> 
     </span>
    </p>
   </div>
   <div class='ocr_carea' id='block_1_66' title="bbox 2280 2083 3841 2178">
    <p class='ocr_par' dir='ltr' id='par_1_66' title="bbox 2280 2083 3841 2178">
     <span class='ocr_line' id='line_1_66' title="bbox 2280 2083 3841 2178; baseline 0.001 -20"><span class='ocrx_word' id='word_1_378' title='bbox 2280 2093 2342 2164; x_wconf 78' lang='grc' dir='ltr'>ι’,</span> <span class='ocrx_word' id='word_1_379' title='bbox 2404 2083 2465 2158; x_wconf 48' lang='lat' dir='ltr'><strong>“ﬂ</strong></span> <span class='ocrx_word' id='word_1_380' title='bbox 2521 2100 2604 2159; x_wconf 78' lang='grc' dir='ltr'><strong>διὰ</strong></span> <span class='ocrx_word' id='word_1_381' title='bbox 2662 2105 2722 2159; x_wconf 84' lang='grc' dir='ltr'>τὸ</span> <span class='ocrx_word' id='word_1_382' title='bbox 2779 2103 3093 2161; x_wconf 72' lang='grc' dir='ltr'>ἀποκεῖσθαι</span> <span class='ocrx_word' id='word_1_383' title='bbox 3134 2105 3199 2154; x_wconf 73' lang='grc'><strong>55</strong></span> <span class='ocrx_word' id='word_1_384' title='bbox 3238 2107 3317 2178; x_wconf 79' lang='grc' dir='ltr'>τῷ</span> <span class='ocrx_word' id='word_1_385' title='bbox 3358 2101 3596 2178; x_wconf 58' lang='grc' dir='ltr'>δημοσίῳ</span> <span class='ocrx_word' id='word_1_386' title='bbox 3624 2103 3724 2168; x_wconf 69' lang='grc' dir='ltr'><strong>τὴν</strong></span> <span class='ocrx_word' id='word_1_387' title='bbox 3753 2105 3841 2159; x_wconf 68' lang='grc' dir='ltr'><strong>οὗ·</strong></span> 
     </span>
    </p>
   </div>
   <div class='ocr_carea' id='block_1_67' title="bbox 2198 2189 3844 2273">
    <p class='ocr_par' dir='ltr' id='par_1_67' title="bbox 2198 2189 3844 2273">
     <span class='ocr_line' id='line_1_67' title="bbox 2198 2189 3844 2273; baseline -0.001 -25"><span class='ocrx_word' id='word_1_388' title='bbox 2198 2191 2312 2248; x_wconf 88' lang='grc' dir='ltr'>σίαν</span> <span class='ocrx_word' id='word_1_389' title='bbox 2342 2191 2517 2268; x_wconf 72' lang='grc' dir='ltr'>αὐτοῦ,</span> <span class='ocrx_word' id='word_1_390' title='bbox 2566 2191 2600 2259; x_wconf 67' lang='grc' dir='ltr'><strong>ἢ</strong></span> <span class='ocrx_word' id='word_1_391' title='bbox 2658 2189 2805 2266; x_wconf 75' lang='grc' dir='ltr'>ἄλλῳ</span> <span class='ocrx_word' id='word_1_392' title='bbox 2846 2191 3254 2273; x_wconf 73' lang='grc' dir='ltr'>λειτουργήματι</span> <span class='ocrx_word' id='word_1_393' title='bbox 3297 2191 3516 2271; x_wconf 76' lang='grc' dir='ltr'>ἒννοχον</span> <span class='ocrx_word' id='word_1_394' title='bbox 3545 2194 3844 2269; x_wconf 70' lang='grc' dir='ltr'>εὑρεθῆναι.</span> 
     </span>
    </p>
   </div>
   <div class='ocr_carea' id='block_1_68' title="bbox 2275 2368 3843 2450">
    <p class='ocr_par' dir='ltr' id='par_1_68' title="bbox 2275 2368 3843 2450">
     <span class='ocr_line' id='line_1_68' title="bbox 2275 2368 3843 2450; baseline -0.003 -22"><span class='ocrx_word' id='word_1_395' title='bbox 2275 2369 2484 2428; x_wconf 79' lang='grc' dir='ltr'>Τούτων</span> <span class='ocrx_word' id='word_1_396' title='bbox 2526 2368 2614 2426; x_wconf 74' lang='grc' dir='ltr'>οὖν</span> <span class='ocrx_word' id='word_1_397' title='bbox 2657 2376 2763 2425; x_wconf 82' lang='grc' dir='ltr'>τῶν</span> <span class='ocrx_word' id='word_1_398' title='bbox 2831 2370 3282 2450; x_wconf 83' lang='grc' dir='ltr'>ἀπηριθμημένων</span> <span class='ocrx_word' id='word_1_399' title='bbox 3336 2373 3479 2434; x_wconf 79' lang='grc' dir='ltr'>τινὸς</span> <span class='ocrx_word' id='word_1_400' title='bbox 3549 2371 3649 2435; x_wconf 74' lang='grc' dir='ltr'><strong>την</strong></span> <span class='ocrx_word' id='word_1_401' title='bbox 3703 2369 3843 2424; x_wconf 70' lang='grc' dir='ltr'>ἔνω-</span> 
     </span>
    </p>
   </div>
   <div class='ocr_carea' id='block_1_69' title="bbox 2195 2456 3844 2539">
    <p class='ocr_par' dir='ltr' id='par_1_69' title="bbox 2195 2456 3844 2539">
     <span class='ocr_line' id='line_1_69' title="bbox 2195 2456 3844 2539; baseline -0.002 -25"><span class='ocrx_word' id='word_1_402' title='bbox 2195 2480 2278 2514; x_wconf 89' lang='grc' dir='ltr'><strong>σιν</strong></span> <span class='ocrx_word' id='word_1_403' title='bbox 2335 2459 2413 2534; x_wconf 84' lang='grc' dir='ltr'>μὴ</span> <span class='ocrx_word' id='word_1_404' title='bbox 2469 2456 2869 2538; x_wconf 79' lang='grc' dir='ltr'>διαστήσαντος,</span> <span class='ocrx_word' id='word_1_405' title='bbox 2929 2461 2956 2515; x_wconf 86' lang='grc' dir='ltr'>ὁ</span> <span class='ocrx_word' id='word_1_406' title='bbox 3031 2460 3130 2526; x_wconf 74' lang='grc' dir='ltr'>τὴν</span> <span class='ocrx_word' id='word_1_407' title='bbox 3201 2459 3360 2539; x_wconf 72' lang='grc' dir='ltr'>ἑτέρῳ</span> <span class='ocrx_word' id='word_1_408' title='bbox 3426 2461 3844 2533; x_wconf 76' lang='grc' dir='ltr'>μνηστευθεϊσαν</span> 
     </span>
    </p>
   </div>
   <div class='ocr_carea' id='block_1_70' title="bbox 2196 2544 3839 2626">
    <p class='ocr_par' dir='ltr' id='par_1_70' title="bbox 2196 2544 3839 2626">
     <span class='ocr_line' id='line_1_70' title="bbox 2196 2544 3839 2626; baseline -0.002 -24"><span class='ocrx_word' id='word_1_409' title='bbox 2196 2547 2479 2626; x_wconf 79' lang='grc' dir='ltr'>ἀγόμενος,</span> <span class='ocrx_word' id='word_1_410' title='bbox 2514 2544 2588 2602; x_wconf 75' lang='grc' dir='ltr'>ἔτι</span> <span class='ocrx_word' id='word_1_411' title='bbox 2617 2553 2710 2603; x_wconf 81' lang='grc' dir='ltr'>τοὺ</span> <span class='ocrx_word' id='word_1_412' title='bbox 2754 2547 3216 2623; x_wconf 81' lang='grc' dir='ltr'>μνηστευσαμένου</span> <span class='ocrx_word' id='word_1_413' title='bbox 3271 2553 3492 2618; x_wconf 82' lang='grc' dir='ltr'>ζῶντος,</span> <span class='ocrx_word' id='word_1_414' title='bbox 3553 2550 3839 2623; x_wconf 79' lang='grc' dir='ltr'>μοιχᾶται,</span> 
     </span>
    </p>
   </div>
   <div class='ocr_carea' id='block_1_71' title="bbox 2278 2719 3840 2801">
    <p class='ocr_par' dir='ltr' id='par_1_71' title="bbox 2278 2719 3840 2801">
     <span class='ocr_line' id='line_1_71' title="bbox 2278 2719 3840 2801; baseline -0.002 -22"><span class='ocrx_word' id='word_1_415' title='bbox 2278 2724 2543 2790; x_wconf 82' lang='grc' dir='ltr'>Μνηστεία</span> <span class='ocrx_word' id='word_1_416' title='bbox 2599 2725 2709 2779; x_wconf 68' lang='grc' dir='ltr'>ἐστὶ</span> <span class='ocrx_word' id='word_1_417' title='bbox 2765 2725 2954 2800; x_wconf 75' lang='grc' dir='ltr'>μνήμη</span> <span class='ocrx_word' id='word_1_418' title='bbox 3023 2726 3112 2781; x_wconf 79' lang='grc' dir='ltr'><strong>καὶ</strong></span> <span class='ocrx_word' id='word_1_419' title='bbox 3181 2719 3467 2801; x_wconf 81' lang='grc' dir='ltr'>ἐπαγγελία</span> <span class='ocrx_word' id='word_1_420' title='bbox 3538 2727 3645 2777; x_wconf 82' lang='grc' dir='ltr'><strong>τῶν</strong></span> <span class='ocrx_word' id='word_1_421' title='bbox 3698 2719 3840 2796; x_wconf 84' lang='grc' dir='ltr'>μελ-</span> 
     </span>
    </p>
   </div>
   <div class='ocr_carea' id='block_1_72' title="bbox 2195 2811 3841 2892">
    <p class='ocr_par' dir='ltr' id='par_1_72' title="bbox 2195 2811 3841 2892">
     <span class='ocr_line' id='line_1_72' title="bbox 2195 2811 3841 2892; baseline -0.003 -24"><span class='ocrx_word' id='word_1_422' title='bbox 2195 2811 2396 2868; x_wconf 84' lang='grc' dir='ltr'>λόντων</span> <span class='ocrx_word' id='word_1_423' title='bbox 2421 2813 2630 2891; x_wconf 68' lang='grc' dir='ltr'>γάμων.</span> <span class='ocrx_word' id='word_1_424' title='bbox 2682 2815 2778 2869; x_wconf 81' lang='grc' dir='ltr'>Καὶ</span> <span class='ocrx_word' id='word_1_425' title='bbox 2825 2812 3097 2892; x_wconf 78' lang='grc' dir='ltr'>ἐγγράφως</span> <span class='ocrx_word' id='word_1_426' title='bbox 3149 2815 3238 2872; x_wconf 78' lang='grc' dir='ltr'><strong>καὶ</strong></span> <span class='ocrx_word' id='word_1_427' title='bbox 3290 2811 3536 2890; x_wconf 75' lang='grc' dir='ltr'>ἀγράφως</span> <span class='ocrx_word' id='word_1_428' title='bbox 3580 2812 3841 2885; x_wconf 82' lang='grc' dir='ltr'>μνηστεία</span> 
     </span>
    </p>
   </div>
   <div class='ocr_carea' id='block_1_73' title="bbox 2195 2896 3842 2980">
    <p class='ocr_par' dir='ltr' id='par_1_73' title="bbox 2195 2896 3842 2980">
     <span class='ocr_line' id='line_1_73' title="bbox 2195 2896 3842 2980; baseline -0.003 -23"><span class='ocrx_word' id='word_1_429' title='bbox 2195 2903 2415 2980; x_wconf 86' lang='grc' dir='ltr'>γίνεται.</span> <span class='ocrx_word' id='word_1_430' title='bbox 2465 2903 2563 2960; x_wconf 80' lang='grc' dir='ltr'>Καὶ</span> <span class='ocrx_word' id='word_1_431' title='bbox 2613 2900 2745 2978; x_wconf 80' lang='grc' dir='ltr'>ψιλῇ</span> <span class='ocrx_word' id='word_1_432' title='bbox 2802 2902 3090 2960; x_wconf 78' lang='grc' dir='ltr'>συναινέσει</span> <span class='ocrx_word' id='word_1_433' title='bbox 3130 2902 3452 2969; x_wconf 79' lang='grc' dir='ltr'>συνίσταται,</span> <span class='ocrx_word' id='word_1_434' title='bbox 3501 2901 3589 2954; x_wconf 79' lang='grc' dir='ltr'><strong>καὶ</strong></span> <span class='ocrx_word' id='word_1_435' title='bbox 3645 2896 3842 2974; x_wconf 77' lang='grc' dir='ltr'>μεταξὺ</span> 
     </span>
    </p>
   </div>
   <div class='ocr_carea' id='block_1_74' title="bbox 2196 2988 3839 3070">
    <p class='ocr_par' dir='ltr' id='par_1_74' title="bbox 2196 2988 3839 3070">
     <span class='ocr_line' id='line_1_74' title="bbox 2196 2988 3839 3070; baseline -0.001 -24"><span class='ocrx_word' id='word_1_436' title='bbox 2196 2991 2461 3050; x_wconf 85' lang='grc' dir='ltr'>ἀπόντων.</span> <span class='ocrx_word' id='word_1_437' title='bbox 2522 2992 2670 3069; x_wconf 88' lang='grc' dir='ltr'>Παρά</span> <span class='ocrx_word' id='word_1_438' title='bbox 2737 2991 2959 3069; x_wconf 79' lang='grc' dir='ltr'>γνώμην</span> <span class='ocrx_word' id='word_1_439' title='bbox 3018 2996 3116 3057; x_wconf 78' lang='grc' dir='ltr'>τῆς</span> <span class='ocrx_word' id='word_1_440' title='bbox 3173 2992 3404 3070; x_wconf 76' lang='grc' dir='ltr'>ὀρφανῆς</span> <span class='ocrx_word' id='word_1_441' title='bbox 3465 2991 3492 3044; x_wconf 80' lang='grc' dir='ltr'>δ</span> <span class='ocrx_word' id='word_1_442' title='bbox 3557 2988 3839 3068; x_wconf 77' lang='grc' dir='ltr'>ἐπίτροπος</span> 
     </span>
    </p>
   </div>
   <div class='ocr_carea' id='block_1_75' title="bbox 2193 3076 3840 3155">
    <p class='ocr_par' dir='ltr' id='par_1_75' title="bbox 2193 3076 3840 3155">
     <span class='ocr_line' id='line_1_75' title="bbox 2193 3076 3840 3155; baseline -0.003 -19"><span class='ocrx_word' id='word_1_443' title='bbox 2193 3083 2253 3138; x_wconf 73' lang='grc' dir='ltr'>οὗ</span> <span class='ocrx_word' id='word_1_444' title='bbox 2293 3080 2595 3146; x_wconf 86' lang='grc' dir='ltr'>συνίστησιν</span> <span class='ocrx_word' id='word_1_445' title='bbox 2650 3080 2784 3155; x_wconf 75' lang='grc' dir='ltr'><strong>αὒτῇ</strong></span> <span class='ocrx_word' id='word_1_446' title='bbox 2841 3081 3150 3155; x_wconf 83' lang='grc' dir='ltr'>μνηστείαν,</span> <span class='ocrx_word' id='word_1_447' title='bbox 3202 3077 3317 3135; x_wconf 73' lang='grc' dir='ltr'>οὔτε</span> <span class='ocrx_word' id='word_1_448' title='bbox 3362 3076 3558 3134; x_wconf 80' lang='grc' dir='ltr'>διαλύει</span> <span class='ocrx_word' id='word_1_449' title='bbox 3602 3077 3701 3144; x_wconf 75' lang='grc' dir='ltr'>τὴν</span> <span class='ocrx_word' id='word_1_450' title='bbox 3736 3098 3840 3154; x_wconf 87' lang='grc' dir='ltr'>γε-</span> 
     </span>
    </p>
   </div>
   <div class='ocr_carea' id='block_1_76' title="bbox 2193 3158 3839 3244">
    <p class='ocr_par' dir='ltr' id='par_1_76' title="bbox 2193 3158 3839 3244">
     <span class='ocr_line' id='line_1_76' title="bbox 2193 3158 3839 3244; baseline -0.002 -19"><span class='ocrx_word' id='word_1_451' title='bbox 2193 3167 2446 3244; x_wconf 81' lang='grc' dir='ltr'>νομένην.</span> <span class='ocrx_word' id='word_1_452' title='bbox 2510 3158 2572 3223; x_wconf 71' lang='grc' dir='ltr'><strong>Ἠ</strong></span> <span class='ocrx_word' id='word_1_453' title='bbox 2641 3168 2800 3242; x_wconf 85' lang='grc' dir='ltr'>μανία</span> <span class='ocrx_word' id='word_1_454' title='bbox 2855 3166 3117 3243; x_wconf 82' lang='grc' dir='ltr'>ἐμποδίζει</span> <span class='ocrx_word' id='word_1_455' title='bbox 3175 3169 3274 3234; x_wconf 83' lang='grc' dir='ltr'>τὴν</span> <span class='ocrx_word' id='word_1_456' title='bbox 3317 3168 3626 3240; x_wconf 76' lang='grc' dir='ltr'>μνηστείαν.</span> <span class='ocrx_word' id='word_1_457' title='bbox 3682 3163 3839 3223; x_wconf 81' lang='grc' dir='ltr'>Ἐπι-</span> 
     </span>
    </p>
   </div>
   <div class='ocr_carea' id='block_1_77' title="bbox 2193 3254 3838 3335">
    <p class='ocr_par' dir='ltr' id='par_1_77' title="bbox 2193 3254 3838 3335">
     <span class='ocr_line' id='line_1_77' title="bbox 2193 3254 3838 3335; baseline -0.003 -23"><span class='ocrx_word' id='word_1_458' title='bbox 2193 3255 2454 3335; x_wconf 86' lang='grc' dir='ltr'>γενομένη</span> <span class='ocrx_word' id='word_1_459' title='bbox 2523 3254 2602 3330; x_wconf 83' lang='grc' dir='ltr'>δὲ,</span> <span class='ocrx_word' id='word_1_460' title='bbox 2663 3259 2721 3315; x_wconf 72' lang='grc' dir='ltr'>οὗ</span> <span class='ocrx_word' id='word_1_461' title='bbox 2761 3254 2870 3312; x_wconf 87' lang='grc' dir='ltr'>λύει</span> <span class='ocrx_word' id='word_1_462' title='bbox 2926 3257 3026 3324; x_wconf 79' lang='grc' dir='ltr'><strong>τὴν</strong></span> <span class='ocrx_word' id='word_1_463' title='bbox 3083 3263 3369 3319; x_wconf 83' lang='grc' dir='ltr'>συστᾶσαν,</span> <span class='ocrx_word' id='word_1_464' title='bbox 3429 3258 3486 3314; x_wconf 77' lang='grc' dir='ltr'><strong>Οἱ</strong></span> <span class='ocrx_word' id='word_1_465' title='bbox 3529 3261 3838 3312; x_wconf 79' lang='grc' dir='ltr'>συναινοῦν-</span> 
     </span>
    </p>
   </div>
   <div class='ocr_carea' id='block_1_78' title="bbox 2194 3345 3843 3424">
    <p class='ocr_par' dir='ltr' id='par_1_78' title="bbox 2194 3345 3843 3424">
     <span class='ocr_line' id='line_1_78' title="bbox 2194 3345 3843 3424; baseline -0.003 -22"><span class='ocrx_word' id='word_1_466' title='bbox 2194 3367 2281 3410; x_wconf 87' lang='grc' dir='ltr'><strong>τες</strong></span> <span class='ocrx_word' id='word_1_467' title='bbox 2336 3352 2414 3420; x_wconf 80' lang='grc' dir='ltr'>τῷ</span> <span class='ocrx_word' id='word_1_468' title='bbox 2454 3345 2633 3424; x_wconf 78' lang='grc' dir='ltr'>γάμῳ,</span> <span class='ocrx_word' id='word_1_469' title='bbox 2692 3346 2780 3400; x_wconf 87' lang='grc' dir='ltr'><strong>καὶ</strong></span> <span class='ocrx_word' id='word_1_470' title='bbox 2834 3350 2903 3422; x_wconf 77' lang='grc' dir='ltr'><strong>τῇ</strong></span> <span class='ocrx_word' id='word_1_471' title='bbox 2957 3345 3214 3420; x_wconf 83' lang='grc' dir='ltr'>μνηστεία</span> <span class='ocrx_word' id='word_1_472' title='bbox 3283 3349 3603 3403; x_wconf 81' lang='grc' dir='ltr'>συναινοῦσι.</span> <span class='ocrx_word' id='word_1_473' title='bbox 3649 3349 3843 3398; x_wconf 78' lang='grc' dir='ltr'>Συναι-</span> 
     </span>
    </p>
   </div>
   <div class='ocr_carea' id='block_1_79' title="bbox 2193 3431 3838 3510">
    <p class='ocr_par' dir='ltr' id='par_1_79' title="bbox 2193 3431 3838 3510">
     <span class='ocr_line' id='line_1_79' title="bbox 2193 3431 3838 3510; baseline -0.004 -18"><span class='ocrx_word' id='word_1_474' title='bbox 2193 3441 2336 3492; x_wconf 82' lang='grc' dir='ltr'>νοῦσι</span> <span class='ocrx_word' id='word_1_475' title='bbox 2394 3431 2472 3509; x_wconf 72' lang='grc' dir='ltr'>δὲ,</span> <span class='ocrx_word' id='word_1_476' title='bbox 2531 3435 2576 3491; x_wconf 74' lang='grc' dir='ltr'>οἱ</span> <span class='ocrx_word' id='word_1_477' title='bbox 2655 3435 3061 3510; x_wconf 85' lang='grc' dir='ltr'>συναπτόμενοι,</span> <span class='ocrx_word' id='word_1_478' title='bbox 3123 3435 3212 3490; x_wconf 84' lang='grc' dir='ltr'><strong>καὶ</strong></span> <span class='ocrx_word' id='word_1_479' title='bbox 3266 3437 3312 3490; x_wconf 73' lang='grc' dir='ltr'>οἱ</span> <span class='ocrx_word' id='word_1_480' title='bbox 3383 3433 3575 3490; x_wconf 85' lang='grc' dir='ltr'>τούτων</span> <span class='ocrx_word' id='word_1_481' title='bbox 3627 3445 3838 3509; x_wconf 69' lang='grc' dir='ltr'>γονετς,</span> 
     </span>
    </p>
   </div>
   <div class='ocr_carea' id='block_1_80' title="bbox 2193 3519 3837 3600">
    <p class='ocr_par' dir='ltr' id='par_1_80' title="bbox 2193 3519 3837 3600">
     <span class='ocr_line' id='line_1_80' title="bbox 2193 3519 3837 3600; baseline -0.001 -22"><span class='ocrx_word' id='word_1_482' title='bbox 2193 3529 2438 3580; x_wconf 78' lang='grc' dir='ltr'>Συναινεϊ</span> <span class='ocrx_word' id='word_1_483' title='bbox 2522 3521 2578 3578; x_wconf 74' lang='grc' dir='ltr'><strong>δὲ</strong></span> <span class='ocrx_word' id='word_1_484' title='bbox 2649 3520 2886 3579; x_wconf 76' lang='grc' dir='ltr'>δοκοῦσιν</span> <span class='ocrx_word' id='word_1_485' title='bbox 2952 3523 3003 3579; x_wconf 78' lang='grc' dir='ltr'>οἱ</span> <span class='ocrx_word' id='word_1_486' title='bbox 3058 3522 3136 3600; x_wconf 77' lang='grc' dir='ltr'>μὴ</span> <span class='ocrx_word' id='word_1_487' title='bbox 3201 3522 3378 3600; x_wconf 79' lang='grc' dir='ltr'>ῥητῶς</span> <span class='ocrx_word' id='word_1_488' title='bbox 3447 3519 3837 3598; x_wconf 77' lang='grc' dir='ltr'>ἀντιλέγοντες.</span> 
     </span>
    </p>
   </div>
   <div class='ocr_carea' id='block_1_81' title="bbox 2193 3609 3836 3689">
    <p class='ocr_par' dir='ltr' id='par_1_81' title="bbox 2193 3609 3836 3689">
     <span class='ocr_line' id='line_1_81' title="bbox 2193 3609 3836 3689; baseline -0.004 -20"><span class='ocrx_word' id='word_1_489' title='bbox 2193 3612 2323 3670; x_wconf 84' lang='grc' dir='ltr'>Τότε</span> <span class='ocrx_word' id='word_1_490' title='bbox 2386 3609 2440 3666; x_wconf 81' lang='grc' dir='ltr'><strong>δὲ</strong></span> <span class='ocrx_word' id='word_1_491' title='bbox 2501 3611 2660 3687; x_wconf 83' lang='grc' dir='ltr'>μόνον</span> <span class='ocrx_word' id='word_1_492' title='bbox 2716 3610 3003 3689; x_wconf 82' lang='grc' dir='ltr'>ἀντιλέγειν</span> <span class='ocrx_word' id='word_1_493' title='bbox 3073 3610 3312 3667; x_wconf 82' lang='grc' dir='ltr'>δύνανται</span> <span class='ocrx_word' id='word_1_494' title='bbox 3391 3614 3436 3667; x_wconf 84' lang='grc' dir='ltr'>οἱ</span> <span class='ocrx_word' id='word_1_495' title='bbox 3516 3609 3836 3681; x_wconf 73' lang='grc' dir='ltr'>ὓπεξούσιοι,</span> 
     </span>
    </p>
   </div>
   <div class='ocr_carea' id='block_1_82' title="bbox 2192 3697 3839 3778">
    <p class='ocr_par' dir='ltr' id='par_1_82' title="bbox 2192 3697 3839 3778">
     <span class='ocr_line' id='line_1_82' title="bbox 2192 3697 3839 3778; baseline -0.002 -22"><span class='ocrx_word' id='word_1_496' title='bbox 2192 3699 2280 3756; x_wconf 85' lang='grc' dir='ltr'><strong>ὅτε</strong></span> <span class='ocrx_word' id='word_1_497' title='bbox 2320 3712 2437 3764; x_wconf 76' lang='grc' dir='ltr'>τοῖς</span> <span class='ocrx_word' id='word_1_498' title='bbox 2491 3699 2706 3778; x_wconf 83' lang='grc' dir='ltr'>τρόποις</span> <span class='ocrx_word' id='word_1_499' title='bbox 2759 3697 2995 3765; x_wconf 78' lang='grc' dir='ltr'>ἀναξίους</span> <span class='ocrx_word' id='word_1_500' title='bbox 3049 3700 3137 3756; x_wconf 83' lang='grc' dir='ltr'><strong>καὶ</strong></span> <span class='ocrx_word' id='word_1_501' title='bbox 3191 3699 3444 3778; x_wconf 71' lang='grc' dir='ltr'>αἰσχροὺς</span> <span class='ocrx_word' id='word_1_502' title='bbox 3489 3698 3672 3761; x_wconf 74' lang='grc' dir='ltr'>αὒτοΐς</span> <span class='ocrx_word' id='word_1_503' title='bbox 3700 3719 3839 3772; x_wconf 82' lang='grc' dir='ltr'>μνη-</span> 
     </span>
    </p>
   </div>
   <div class='ocr_carea' id='block_1_83' title="bbox 2194 3785 3836 3868">
    <p class='ocr_par' dir='ltr' id='par_1_83' title="bbox 2194 3785 3836 3868">
     <span class='ocr_line' id='line_1_83' title="bbox 2194 3785 3836 3868; baseline -0.002 -23"><span class='ocrx_word' id='word_1_504' title='bbox 2194 3789 2464 3845; x_wconf 86' lang='grc' dir='ltr'>στεύονται</span> <span class='ocrx_word' id='word_1_505' title='bbox 2535 3791 2582 3845; x_wconf 82' lang='grc' dir='ltr'>οἱ</span> <span class='ocrx_word' id='word_1_506' title='bbox 2637 3801 2838 3868; x_wconf 78' lang='grc' dir='ltr'>γονεῖς.</span> <span class='ocrx_word' id='word_1_507' title='bbox 2911 3788 3170 3846; x_wconf 80' lang='grc' dir='ltr'>Τοιούτων</span> <span class='ocrx_word' id='word_1_508' title='bbox 3238 3785 3294 3843; x_wconf 77' lang='grc' dir='ltr'><strong>δὲ</strong></span> <span class='ocrx_word' id='word_1_509' title='bbox 3346 3789 3425 3864; x_wconf 79' lang='grc' dir='ltr'><strong>μὴ</strong></span> <span class='ocrx_word' id='word_1_510' title='bbox 3494 3786 3660 3843; x_wconf 80' lang='grc' dir='ltr'>ὄντων</span> <span class='ocrx_word' id='word_1_511' title='bbox 3726 3786 3836 3842; x_wconf 76' lang='grc' dir='ltr'><strong>τῶν</strong></span> 
     </span>
    </p>
   </div>
   <div class='ocr_carea' id='block_1_84' title="bbox 2195 3876 3831 3955">
    <p class='ocr_par' dir='ltr' id='par_1_84' title="bbox 2195 3876 3831 3955">
     <span class='ocr_line' id='line_1_84' title="bbox 2195 3876 3831 3955; baseline -0.002 -22"><span class='ocrx_word' id='word_1_512' title='bbox 2195 3876 2656 3955; x_wconf 72' lang='grc' dir='ltr'>μνηστευομένων,</span> <span class='ocrx_word' id='word_1_513' title='bbox 2709 3876 2805 3935; x_wconf 81' lang='grc' dir='ltr'><strong>κᾶν</strong></span> <span class='ocrx_word' id='word_1_514' title='bbox 2877 3879 2919 3934; x_wconf 76' lang='grc' dir='ltr'><strong>εὶ</strong></span> <span class='ocrx_word' id='word_1_515' title='bbox 2971 3876 3303 3955; x_wconf 68' lang='grc' dir='ltr'>ἀποκλήρους</span> <span class='ocrx_word' id='word_1_516' title='bbox 3363 3877 3578 3938; x_wconf 75' lang='grc' dir='ltr'>ἑαυτοὺς</span> <span class='ocrx_word' id='word_1_517' title='bbox 3621 3877 3831 3952; x_wconf 74' lang='grc' dir='ltr'>αἱροῦν-</span> 
     </span>
    </p>
   </div>
   <div class='ocr_carea' id='block_1_85' title="bbox 2193 3963 3831 4041">
    <p class='ocr_par' dir='ltr' id='par_1_85' title="bbox 2193 3963 3831 4041">
     <span class='ocr_line' id='line_1_85' title="bbox 2193 3963 3831 4041; baseline -0.005 -17"><span class='ocrx_word' id='word_1_518' title='bbox 2193 3990 2301 4041; x_wconf 78' lang='grc' dir='ltr'>ται,</span> <span class='ocrx_word' id='word_1_519' title='bbox 2335 3966 2400 4023; x_wconf 78' lang='grc' dir='ltr'>τὰ</span> <span class='ocrx_word' id='word_1_520' title='bbox 2454 3965 2612 4022; x_wconf 76' lang='grc' dir='ltr'>τέκνα</span> <span class='ocrx_word' id='word_1_521' title='bbox 2665 3978 2865 4041; x_wconf 74' lang='grc' dir='ltr'>ποιεῖν,</span> <span class='ocrx_word' id='word_1_522' title='bbox 2907 3966 3068 4041; x_wconf 84' lang='grc' dir='ltr'>μόνον</span> <span class='ocrx_word' id='word_1_523' title='bbox 3107 3965 3200 4021; x_wconf 76' lang='grc' dir='ltr'>’ίνα</span> <span class='ocrx_word' id='word_1_524' title='bbox 3249 3965 3326 4040; x_wconf 78' lang='grc' dir='ltr'>μὴ</span> <span class='ocrx_word' id='word_1_525' title='bbox 3351 3965 3452 4032; x_wconf 75' lang='grc' dir='ltr'><strong>τὴν</strong></span> <span class='ocrx_word' id='word_1_526' title='bbox 3475 3970 3582 4019; x_wconf 83' lang='grc' dir='ltr'><strong>τῶν</strong></span> <span class='ocrx_word' id='word_1_527' title='bbox 3609 3963 3831 4041; x_wconf 75' lang='grc' dir='ltr'>γονέων,</span> 
     </span>
    </p>
   </div>
   <div class='ocr_carea' id='block_1_86' title="bbox 2194 4051 3834 4132">
    <p class='ocr_par' dir='ltr' id='par_1_86' title="bbox 2194 4051 3834 4132">
     <span class='ocr_line' id='line_1_86' title="bbox 2194 4051 3834 4132; baseline -0.004 -20"><span class='ocrx_word' id='word_1_528' title='bbox 2194 4053 2332 4111; x_wconf 85' lang='grc' dir='ltr'><strong>ἀλλά</strong></span> <span class='ocrx_word' id='word_1_529' title='bbox 2394 4054 2493 4120; x_wconf 80' lang='grc' dir='ltr'>τὴν</span> <span class='ocrx_word' id='word_1_530' title='bbox 2559 4054 2752 4110; x_wconf 75' lang='grc' dir='ltr'>οἰκείαν</span> <span class='ocrx_word' id='word_1_531' title='bbox 2819 4052 3205 4132; x_wconf 85' lang='grc' dir='ltr'>ἐκπληρώσωσι</span> <span class='ocrx_word' id='word_1_532' title='bbox 3260 4051 3496 4127; x_wconf 81' lang='grc' dir='ltr'>θέλησιν,</span> <span class='ocrx_word' id='word_1_533' title='bbox 3549 4051 3834 4129; x_wconf 74' lang='grc' dir='ltr'>ἀνίσχορον</span> 
     </span>
    </p>
   </div>
   <div class='ocr_carea' id='block_1_87' title="bbox 2195 4137 3836 4218">
    <p class='ocr_par' dir='ltr' id='par_1_87' title="bbox 2195 4137 3836 4218">
     <span class='ocr_line' id='line_1_87' title="bbox 2195 4137 3836 4218; baseline -0.003 -18"><span class='ocrx_word' id='word_1_534' title='bbox 2195 4144 2336 4200; x_wconf 81' lang='grc' dir='ltr'>εῖναι</span> <span class='ocrx_word' id='word_1_535' title='bbox 2380 4145 2550 4200; x_wconf 74' lang='grc' dir='ltr'>αὐτῶν</span> <span class='ocrx_word' id='word_1_536' title='bbox 2605 4144 2913 4218; x_wconf 81' lang='grc' dir='ltr'>θεσπίζομεν</span> <span class='ocrx_word' id='word_1_537' title='bbox 2956 4140 3236 4206; x_wconf 79' lang='grc' dir='ltr'>διαπαντὸς</span> <span class='ocrx_word' id='word_1_538' title='bbox 3286 4144 3347 4197; x_wconf 83' lang='grc' dir='ltr'>τὸ</span> <span class='ocrx_word' id='word_1_539' title='bbox 3417 4137 3684 4216; x_wconf 82' lang='grc' dir='ltr'>βούλημα,</span> <span class='ocrx_word' id='word_1_540' title='bbox 3759 4141 3836 4196; x_wconf 78' lang='grc' dir='ltr'><strong>Τὰ</strong></span> 
     </span>
    </p>
   </div>
   <div class='ocr_carea' id='block_1_88' title="bbox 462 4227 2109 4313">
    <p class='ocr_par' dir='ltr' id='par_1_88' title="bbox 462 4229 2082 4313">
     <span class='ocr_line' id='line_1_88' title="bbox 462 4229 2082 4313; baseline 0.002 -22"><span class='ocrx_word' id='word_1_541' title='bbox 462 4233 659 4294; x_wconf 86' lang='lat' dir='ltr'><strong>valere</strong></span> <span class='ocrx_word' id='word_1_542' title='bbox 689 4230 991 4293; x_wconf 90' lang='lat' dir='ltr'><strong>sancimus</strong></span> <span class='ocrx_word' id='word_1_543' title='bbox 1021 4248 1224 4292; x_wconf 89' lang='lat' dir='ltr'><strong>eorum</strong></span> <span class='ocrx_word' id='word_1_544' title='bbox 1256 4229 1613 4293; x_wconf 90' lang='lat' dir='ltr'><strong>institutum.</strong></span> <span class='ocrx_word' id='word_1_545' title='bbox 1635 4233 1784 4294; x_wconf 89' lang='lat' dir='ltr'><strong>Nam</strong></span> <span class='ocrx_word' id='word_1_546' title='bbox 1815 4230 2082 4313; x_wconf 87' lang='lat' dir='ltr'><strong>cupidita</strong></span> 
     </span>
    </p>
   </div>
   <div class='ocr_carea' id='block_1_89' title="bbox 2217 4227 3836 4313">
    <p class='ocr_par' dir='ltr' id='par_1_89' title="bbox 2217 4227 3836 4311">
     <span class='ocr_line' id='line_1_89' title="bbox 2217 4227 3836 4311; baseline -0.004 -23"><span class='ocrx_word' id='word_1_547' title='bbox 2217 4235 2286 4309; x_wconf 72' lang='grc' dir='ltr'><strong>’ἂρ</strong></span> <span class='ocrx_word' id='word_1_548' title='bbox 2325 4231 2411 4288; x_wconf 84' lang='grc' dir='ltr'><strong>ἐπὶ</strong></span> <span class='ocrx_word' id='word_1_549' title='bbox 2461 4237 2531 4308; x_wconf 78' lang='grc' dir='ltr'><strong>τῇ</strong></span> <span class='ocrx_word' id='word_1_550' title='bbox 2571 4229 2673 4304; x_wconf 78' lang='grc' dir='ltr'>ἰδίᾳ</span> <span class='ocrx_word' id='word_1_551' title='bbox 2727 4235 3064 4311; x_wconf 74' lang='grc' dir='ltr'>καταστροφῆ</span> <span class='ocrx_word' id='word_1_552' title='bbox 3116 4231 3204 4286; x_wconf 81' lang='grc' dir='ltr'>καὶ</span> <span class='ocrx_word' id='word_1_553' title='bbox 3259 4227 3493 4300; x_wconf 74' lang='grc' dir='ltr'>ἀπωλείᾳ</span> <span class='ocrx_word' id='word_1_554' title='bbox 3548 4233 3656 4284; x_wconf 79' lang='grc' dir='ltr'>τῶν</span> <span class='ocrx_word' id='word_1_555' title='bbox 3700 4228 3836 4283; x_wconf 84' lang='grc' dir='ltr'>νέων</span> 
     </span>
    </p>
   </div>
   <div class='ocr_carea' id='block_1_90' title="bbox 463 4316 2109 4402">
    <p class='ocr_par' dir='ltr' id='par_1_90' title="bbox 463 4318 2106 4401">
     <span class='ocr_line' id='line_1_90' title="bbox 463 4318 2106 4401; baseline -0.001 -18"><span class='ocrx_word' id='word_1_556' title='bbox 463 4331 552 4384; x_wconf 92' lang='lat' dir='ltr'><strong>tes</strong></span> <span class='ocrx_word' id='word_1_557' title='bbox 574 4321 888 4401; x_wconf 87' lang='lat' dir='ltr'><strong>juvenum,</strong></span> <span class='ocrx_word' id='word_1_558' title='bbox 923 4319 996 4381; x_wconf 92' lang='lat' dir='ltr'><strong>ad</strong></span> <span class='ocrx_word' id='word_1_559' title='bbox 1026 4318 1320 4382; x_wconf 83' lang='lat' dir='ltr'><strong>excidium</strong></span> <span class='ocrx_word' id='word_1_560' title='bbox 1354 4327 1411 4380; x_wconf 89' lang='lat' dir='ltr'><strong>et</strong></span> <span class='ocrx_word' id='word_1_561' title='bbox 1440 4319 1748 4382; x_wconf 89' lang='lat' dir='ltr'><strong>interitum</strong></span> <span class='ocrx_word' id='word_1_562' title='bbox 1800 4320 2106 4401; x_wconf 71' lang='lat' dir='ltr'><strong>proprium</strong></span> 
     </span>
    </p>
   </div>
   <div class='ocr_carea' id='block_1_91' title="bbox 2217 4316 3833 4402">
    <p class='ocr_par' dir='ltr' id='par_1_91' title="bbox 2217 4316 3833 4402">
     <span class='ocr_line' id='line_1_91' title="bbox 2217 4316 3833 4402; baseline -0.004 -24"><span class='ocrx_word' id='word_1_563' title='bbox 2217 4323 2499 4402; x_wconf 59' lang='grc' dir='ltr'>νρμήματα,</span> <span class='ocrx_word' id='word_1_564' title='bbox 2553 4323 2708 4378; x_wconf 83' lang='grc' dir='ltr'>παντὶ</span> <span class='ocrx_word' id='word_1_565' title='bbox 2765 4322 2943 4399; x_wconf 81' lang='grc' dir='ltr'>τρόπῳ</span> <span class='ocrx_word' id='word_1_566' title='bbox 3011 4319 3231 4378; x_wconf 81' lang='grc' dir='ltr'>κωλύειν</span> <span class='ocrx_word' id='word_1_567' title='bbox 3287 4324 3334 4377; x_wconf 78' lang='grc' dir='ltr'>οἱ</span> <span class='ocrx_word' id='word_1_568' title='bbox 3391 4319 3541 4394; x_wconf 79' lang='grc' dir='ltr'>νόμοι</span> <span class='ocrx_word' id='word_1_569' title='bbox 3592 4316 3833 4396; x_wconf 78' lang='grc' dir='ltr'>ἐγνώκα-</span> 
     </span>
    </p>
   </div>
   <div class='ocr_carea' id='block_1_92' title="bbox 467 4407 2109 4492">
    <p class='ocr_par' dir='ltr' id='par_1_92' title="bbox 467 4407 2109 4490">
     <span class='ocr_line' id='line_1_92' title="bbox 467 4407 2109 4490; baseline -0.002 -17"><span class='ocrx_word' id='word_1_570' title='bbox 467 4412 802 4486; x_wconf 89' lang='lat' dir='ltr'><strong>tendentes,</strong></span> <span class='ocrx_word' id='word_1_571' title='bbox 827 4409 989 4470; x_wconf 91' lang='lat' dir='ltr'><strong>omni</strong></span> <span class='ocrx_word' id='word_1_572' title='bbox 1009 4407 1186 4471; x_wconf 91' lang='lat' dir='ltr'><strong>modo</strong></span> <span class='ocrx_word' id='word_1_573' title='bbox 1213 4408 1576 4471; x_wconf 73' lang='lat' dir='ltr'><strong>coercendas</strong></span> <span class='ocrx_word' id='word_1_574' title='bbox 1599 4427 1754 4485; x_wconf 90' lang='lat' dir='ltr'><strong>esse,</strong></span> <span class='ocrx_word' id='word_1_575' title='bbox 1777 4409 1940 4488; x_wconf 84' lang='lat' dir='ltr'><strong>leges</strong></span> <span class='ocrx_word' id='word_1_576' title='bbox 1963 4409 2109 4490; x_wconf 59' lang='lat' dir='ltr'><strong>ipsa;</strong></span> 
     </span>
    </p>
   </div>
   <div class='ocr_carea' id='block_1_93' title="bbox 2217 4407 3835 4492">
    <p class='ocr_par' dir='ltr' id='par_1_93' title="bbox 2217 4408 3835 4492">
     <span class='ocr_line' id='line_1_93' title="bbox 2217 4408 3835 4492; baseline -0.003 -22"><span class='ocrx_word' id='word_1_577' title='bbox 2217 4437 2294 4473; x_wconf 83' lang='grc' dir='ltr'><strong>ἰν.</strong></span> <span class='ocrx_word' id='word_1_578' title='bbox 2359 4413 2757 4492; x_wconf 86' lang='grc' dir='ltr'>Διχονοούντων</span> <span class='ocrx_word' id='word_1_579' title='bbox 2813 4410 2867 4468; x_wconf 79' lang='grc' dir='ltr'><strong>δὲ</strong></span> <span class='ocrx_word' id='word_1_580' title='bbox 2908 4420 3013 4470; x_wconf 81' lang='grc' dir='ltr'>τῶν</span> <span class='ocrx_word' id='word_1_581' title='bbox 3057 4412 3256 4490; x_wconf 78' lang='grc' dir='ltr'>γονέων</span> <span class='ocrx_word' id='word_1_582' title='bbox 3299 4413 3542 4490; x_wconf 79' lang='grc' dir='ltr'>περὶτῆς</span> <span class='ocrx_word' id='word_1_583' title='bbox 3574 4408 3835 4487; x_wconf 78' lang='grc' dir='ltr'>ἐκλογῆς,</span> 
     </span>
    </p>
   </div>
   <div class='ocr_carea' id='block_1_94' title="bbox 464 4497 2109 4582">
    <p class='ocr_par' dir='ltr' id='par_1_94' title="bbox 464 4497 2107 4581">
     <span class='ocr_line' id='line_1_94' title="bbox 464 4497 2107 4581; baseline -0.001 -19"><span class='ocrx_word' id='word_1_584' title='bbox 464 4509 734 4563; x_wconf 88' lang='lat' dir='ltr'><strong>statuunt</strong></span> <span class='ocrx_word' id='word_1_585' title='bbox 753 4499 903 4581; x_wconf 72' lang='grc'>(45).</span> <span class='ocrx_word' id='word_1_586' title='bbox 931 4497 1428 4562; x_wconf 90' lang='lat' dir='ltr'><strong>Dissentientibus</strong></span> <span class='ocrx_word' id='word_1_587' title='bbox 1459 4506 1654 4561; x_wconf 89' lang='lat' dir='ltr'><strong>autem</strong></span> <span class='ocrx_word' id='word_1_588' title='bbox 1686 4497 2029 4581; x_wconf 90' lang='lat' dir='ltr'><strong>parentibus</strong></span> <span class='ocrx_word' id='word_1_589' title='bbox 2043 4499 2107 4561; x_wconf 92' lang='lat' dir='ltr'><strong>in</strong></span> 
     </span>
    </p>
   </div>
   <div class='ocr_carea' id='block_1_95' title="bbox 2217 4497 3836 4582">
    <p class='ocr_par' dir='ltr' id='par_1_95' title="bbox 2217 4501 3836 4582">
     <span class='ocr_line' id='line_1_95' title="bbox 2217 4501 3836 4582; baseline -0.003 -24"><span class='ocrx_word' id='word_1_590' title='bbox 2217 4501 2350 4570; x_wconf 77' lang='grc' dir='ltr'>ῖῆλον</span> <span class='ocrx_word' id='word_1_591' title='bbox 2379 4501 2460 4557; x_wconf 82' lang='grc' dir='ltr'><strong>ὅτι</strong></span> <span class='ocrx_word' id='word_1_592' title='bbox 2515 4503 2550 4569; x_wconf 79' lang='grc' dir='ltr'>ἠ</span> <span class='ocrx_word' id='word_1_593' title='bbox 2577 4508 2670 4558; x_wconf 84' lang='grc' dir='ltr'><strong>τοῦ</strong></span> <span class='ocrx_word' id='word_1_594' title='bbox 2716 4504 2910 4581; x_wconf 80' lang='grc' dir='ltr'>πατρὸς</span> <span class='ocrx_word' id='word_1_595' title='bbox 2968 4501 3158 4582; x_wconf 84' lang='grc' dir='ltr'>γνώμη</span> <span class='ocrx_word' id='word_1_596' title='bbox 3189 4514 3399 4581; x_wconf 75' lang='grc' dir='ltr'>κρατεῖ.</span> <span class='ocrx_word' id='word_1_597' title='bbox 3449 4505 3836 4579; x_wconf 76' lang='grc' dir='ltr'>Διχονοοῦντος</span> 
     </span>
    </p>
   </div>
   <div class='ocr_carea' id='block_1_96' title="bbox 462 4587 2109 4670">
    <p class='ocr_par' dir='ltr' id='par_1_96' title="bbox 462 4587 2102 4670">
     <span class='ocr_line' id='line_1_96' title="bbox 462 4587 2102 4670; baseline -0.002 -18"><span class='ocrx_word' id='word_1_598' title='bbox 462 4588 1163 4665; x_wconf 83' lang='lat' dir='ltr'><strong>electione,manifestum</strong></span> <span class='ocrx_word' id='word_1_599' title='bbox 1178 4595 1267 4650; x_wconf 92' lang='lat' dir='ltr'><strong>est</strong></span> <span class='ocrx_word' id='word_1_600' title='bbox 1276 4605 1365 4670; x_wconf 80' lang='lat' dir='ltr'><strong>pa:</strong></span> <span class='ocrx_word' id='word_1_601' title='bbox 1377 4588 1458 4650; x_wconf 94' lang='lat' dir='ltr'><strong>ris</strong></span> <span class='ocrx_word' id='word_1_602' title='bbox 1467 4589 1688 4669; x_wconf 83' lang='lat' dir='ltr'><strong>valerej</strong></span> <span class='ocrx_word' id='word_1_603' title='bbox 1699 4588 1983 4652; x_wconf 90' lang='lat' dir='ltr'><strong>udicium.</strong></span> <span class='ocrx_word' id='word_1_604' title='bbox 1999 4587 2102 4650; x_wconf 85' lang='lat' dir='ltr'><strong>Fi-</strong></span> 
     </span>
    </p>
   </div>
   <div class='ocr_carea' id='block_1_97' title="bbox 2217 4587 3832 4670">
    <p class='ocr_par' dir='ltr' id='par_1_97' title="bbox 2217 4589 3832 4669">
     <span class='ocr_line' id='line_1_97' title="bbox 2217 4589 3832 4669; baseline -0.001 -21"><span class='ocrx_word' id='word_1_605' title='bbox 2217 4601 2275 4650; x_wconf 81' lang='grc' dir='ltr'>οὗ</span> <span class='ocrx_word' id='word_1_606' title='bbox 2302 4589 2620 4664; x_wconf 80' lang='grc' dir='ltr'>ὑπεξουσίου,</span> <span class='ocrx_word' id='word_1_607' title='bbox 2683 4593 2741 4648; x_wconf 75' lang='grc' dir='ltr'>οὗ</span> <span class='ocrx_word' id='word_1_608' title='bbox 2796 4591 2993 4668; x_wconf 85' lang='grc' dir='ltr'>γίνεται</span> <span class='ocrx_word' id='word_1_609' title='bbox 3049 4589 3329 4669; x_wconf 88' lang='grc' dir='ltr'>μνηστεία,</span> <span class='ocrx_word' id='word_1_610' title='bbox 3387 4589 3606 4664; x_wconf 81' lang='grc' dir='ltr'>ὀνόματι</span> <span class='ocrx_word' id='word_1_611' title='bbox 3648 4591 3832 4647; x_wconf 58' lang='lat' dir='ltr'><strong>civ-:06.</strong></span> 
     </span>
    </p>
   </div>
   <div class='ocr_carea' id='block_1_98' title="bbox 459 4670 2109 4759">
    <p class='ocr_par' dir='ltr' id='par_1_98' title="bbox 459 4676 2102 4759">
     <span class='ocr_line' id='line_1_98' title="bbox 459 4676 2102 4759; baseline -0.001 -19"><span class='ocrx_word' id='word_1_612' title='bbox 459 4678 539 4740; x_wconf 93' lang='lat' dir='ltr'><strong>lio</strong></span> <span class='ocrx_word' id='word_1_613' title='bbox 552 4677 802 4741; x_wconf 73' lang='lat' dir='ltr'><strong>familias</strong></span> <span class='ocrx_word' id='word_1_614' title='bbox 814 4677 1228 4759; x_wconf 88' lang='lat' dir='ltr'><strong>dissentiente,</strong></span> <span class='ocrx_word' id='word_1_615' title='bbox 1248 4676 1546 4758; x_wconf 90' lang='lat' dir='ltr'><strong>sponsalia</strong></span> <span class='ocrx_word' id='word_1_616' title='bbox 1559 4679 1801 4740; x_wconf 87' lang='lat' dir='ltr'><strong>nomine</strong></span> <span class='ocrx_word' id='word_1_617' title='bbox 1824 4679 1953 4758; x_wconf 89' lang='lat' dir='ltr'><strong>ejus</strong></span> <span class='ocrx_word' id='word_1_618' title='bbox 1982 4695 2102 4738; x_wconf 89' lang='lat' dir='ltr'><strong>non</strong></span> 
     </span>
    </p>
   </div>
   <div class='ocr_carea' id='block_1_99' title="bbox 2217 4670 3833 4759">
    <p class='ocr_par' dir='ltr' id='par_1_99' title="bbox 2217 4673 3833 4759">
     <span class='ocr_line' id='line_1_99' title="bbox 2217 4673 3833 4759; baseline -0.003 -23"><span class='ocrx_word' id='word_1_619' title='bbox 2217 4688 2244 4736; x_wconf 72' lang='lat'><strong>3</strong></span> <span class='ocrx_word' id='word_1_620' title='bbox 2324 4678 2502 4757; x_wconf 77' lang='grc' dir='ltr'>πατὴρ</span> <span class='ocrx_word' id='word_1_621' title='bbox 2571 4683 2672 4745; x_wconf 79' lang='grc' dir='ltr'>τῆς</span> <span class='ocrx_word' id='word_1_622' title='bbox 2754 4676 3062 4744; x_wconf 76' lang='grc' dir='ltr'>ὑπεξουσίας</span> <span class='ocrx_word' id='word_1_623' title='bbox 3146 4676 3354 4734; x_wconf 81' lang='grc' dir='ltr'>δύναται</span> <span class='ocrx_word' id='word_1_624' title='bbox 3436 4673 3662 4759; x_wconf 75' lang='grc' dir='ltr'>διαλύειν</span> <span class='ocrx_word' id='word_1_625' title='bbox 3733 4676 3833 4740; x_wconf 76' lang='grc' dir='ltr'><strong>τὴν</strong></span> 
     </span>
    </p>
   </div>
   <div class='ocr_carea' id='block_1_100' title="bbox 462 4755 2109 4849">
    <p class='ocr_par' dir='ltr' id='par_1_100' title="bbox 462 4755 2101 4849">
     <span class='ocr_line' id='line_1_100' title="bbox 462 4755 2101 4849; baseline -0.001 -20"><span class='ocrx_word' id='word_1_626' title='bbox 462 4767 772 4849; x_wconf 80' lang='lat' dir='ltr'><strong>ﬁunt(46).</strong></span> <span class='ocrx_word' id='word_1_627' title='bbox 798 4770 968 4829; x_wconf 85' lang='lat' dir='ltr'><strong>Pater</strong></span> <span class='ocrx_word' id='word_1_628' title='bbox 984 4766 1120 4829; x_wconf 64' lang='lat' dir='ltr'><strong>ﬁliae</strong></span> <span class='ocrx_word' id='word_1_629' title='bbox 1147 4755 1400 4829; x_wconf 79' lang='lat' dir='ltr'><strong>familias</strong></span> <span class='ocrx_word' id='word_1_630' title='bbox 1442 4767 1745 4848; x_wconf 88' lang='lat' dir='ltr'><strong>sponsalia</strong></span> <span class='ocrx_word' id='word_1_631' title='bbox 1776 4755 2101 4828; x_wconf 81' lang='lat' dir='ltr'><strong>dissolvere</strong></span> 
     </span>
    </p>
   </div>
   <div class='ocr_carea' id='block_1_101' title="bbox 2217 4755 3831 4849">
    <p class='ocr_par' dir='ltr' id='par_1_101' title="bbox 2217 4755 3831 4846">
     <span class='ocr_line' id='line_1_101' title="bbox 2217 4755 3831 4846; baseline -0.003 -22"><span class='ocrx_word' id='word_1_632' title='bbox 2217 4755 2492 4846; x_wconf 79' lang='grc' dir='ltr'>.νηστείαν,</span> <span class='ocrx_word' id='word_1_633' title='bbox 2527 4768 2586 4824; x_wconf 80' lang='grc' dir='ltr'><strong>ού</strong></span> <span class='ocrx_word' id='word_1_634' title='bbox 2615 4767 2721 4843; x_wconf 78' lang='grc' dir='ltr'><strong>μὴν</strong></span> <span class='ocrx_word' id='word_1_635' title='bbox 2773 4768 2864 4824; x_wconf 81' lang='grc' dir='ltr'><strong>καὶ</strong></span> <span class='ocrx_word' id='word_1_636' title='bbox 2917 4767 3016 4836; x_wconf 85' lang='grc' dir='ltr'><strong>τῆς</strong></span> <span class='ocrx_word' id='word_1_637' title='bbox 3060 4765 3413 4831; x_wconf 76' lang='grc' dir='ltr'>αύτεξουσίας,</span> <span class='ocrx_word' id='word_1_638' title='bbox 3461 4755 3526 4821; x_wconf 72' lang='grc' dir='ltr'><strong><em>Ἠ</em></strong></span> <span class='ocrx_word' id='word_1_639' title='bbox 3569 4765 3634 4820; x_wconf 77' lang='grc' dir='ltr'>τὸ</span> <span class='ocrx_word' id='word_1_640' title='bbox 3677 4785 3831 4841; x_wconf 83' lang='grc' dir='ltr'>γινο-</span> 
     </span>
    </p>
   </div>
   <div class='ocr_carea' id='block_1_102' title="bbox 394 4853 2109 4940">
    <p class='ocr_par' dir='ltr' id='par_1_102' title="bbox 394 4855 2103 4940">
     <span class='ocr_line' id='line_1_102' title="bbox 394 4855 2103 4940; baseline -0.001 -21"><span class='ocrx_word' id='word_1_641' title='bbox 394 4906 400 4911; x_wconf 93' lang='grc'><strong>.</strong></span> <span class='ocrx_word' id='word_1_642' title='bbox 462 4866 676 4940; x_wconf 89' lang='lat' dir='ltr'><strong>potest,</strong></span> <span class='ocrx_word' id='word_1_643' title='bbox 711 4875 830 4919; x_wconf 93' lang='lat' dir='ltr'><strong>non</strong></span> <span class='ocrx_word' id='word_1_644' title='bbox 861 4858 1035 4920; x_wconf 89' lang='lat' dir='ltr'><strong>etiam</strong></span> <span class='ocrx_word' id='word_1_645' title='bbox 1059 4857 1446 4939; x_wconf 83' lang='lat' dir='ltr'><strong>emancipatae</strong></span> <span class='ocrx_word' id='word_1_646' title='bbox 1467 4856 1607 4937; x_wconf 82' lang='grc'>(47).</span> <span class='ocrx_word' id='word_1_647' title='bbox 1630 4855 1773 4930; x_wconf 70' lang='lat' dir='ltr'><strong>Quae</strong></span> <span class='ocrx_word' id='word_1_648' title='bbox 1791 4856 1947 4937; x_wconf 92' lang='lat' dir='ltr'><strong>quod</strong></span> <span class='ocrx_word' id='word_1_649' title='bbox 1981 4856 2103 4936; x_wconf 78' lang='lat' dir='ltr'><strong>agi-</strong></span> 
     </span>
    </p>
   </div>
   <div class='ocr_carea' id='block_1_103' title="bbox 2217 4853 3827 4940">
    <p class='ocr_par' dir='ltr' id='par_1_103' title="bbox 2217 4853 3827 4932">
     <span class='ocr_line' id='line_1_103' title="bbox 2217 4853 3827 4932; baseline -0.004 -20"><span class='ocrx_word' id='word_1_650' title='bbox 2217 4877 2342 4914; x_wconf 87' lang='grc' dir='ltr'>.ενον</span> <span class='ocrx_word' id='word_1_651' title='bbox 2391 4853 2614 4916; x_wconf 78' lang='grc' dir='ltr'>δοκοῦσα</span> <span class='ocrx_word' id='word_1_652' title='bbox 2658 4869 2821 4930; x_wconf 74' lang='grc' dir='ltr'>νοεῖν,</span> <span class='ocrx_word' id='word_1_653' title='bbox 2870 4856 3047 4923; x_wconf 83' lang='grc' dir='ltr'>καλῶς</span> <span class='ocrx_word' id='word_1_654' title='bbox 3104 4855 3452 4932; x_wconf 78' lang='grc' dir='ltr'>μνηστεύεται</span> <span class='ocrx_word' id='word_1_655' title='bbox 3487 4872 3503 4886; x_wconf 77' lang='grc' dir='ltr'><strong>ο</strong></span> <span class='ocrx_word' id='word_1_656' title='bbox 3562 4853 3827 4908; x_wconf 76' lang='grc' dir='ltr'>τουτέστιν</span> 
     </span>
    </p>
   </div>
   <div class='ocr_carea' id='block_1_104' title="bbox 1768 5022 2510 5091">
    <p class='ocr_par' dir='ltr' id='par_1_104' title="bbox 1768 5022 2510 5091">
     <span class='ocr_line' id='line_1_104' title="bbox 1768 5022 2510 5091; baseline -0.001 -3"><span class='ocrx_word' id='word_1_657' title='bbox 1768 5023 2033 5091; x_wconf 72' lang='lat' dir='ltr'><strong>VARLE</strong></span> <span class='ocrx_word' id='word_1_658' title='bbox 2078 5022 2510 5089; x_wconf 85' lang='lat' dir='ltr'><strong>LECTIONES.</strong></span> 
     </span>
    </p>
   </div>
   <div class='ocr_carea' id='block_1_105' title="bbox 538 5136 962 5200">
    <p class='ocr_par' dir='ltr' id='par_1_105' title="bbox 538 5136 962 5200">
     <span class='ocr_line' id='line_1_105' title="bbox 538 5136 962 5200; baseline -0.005 -5"><span class='ocrx_word' id='word_1_659' title='bbox 538 5136 601 5194; x_wconf 72' lang='lat'><strong>53</strong></span> <span class='ocrx_word' id='word_1_660' title='bbox 629 5139 962 5200; x_wconf 71' lang='grc' dir='ltr'>ὑποκεῖσθαι,</span> 
     </span>
    </p>
   </div>
   <div class='ocr_carea' id='block_1_106' title="bbox 2008 5242 2258 5309">
    <p class='ocr_par' dir='ltr' id='par_1_106' title="bbox 2008 5242 2258 5309">
     <span class='ocr_line' id='line_1_106' title="bbox 2008 5242 2258 5309; baseline -0.016 0"><span class='ocrx_word' id='word_1_661' title='bbox 2008 5242 2258 5309; x_wconf 68' lang='lat' dir='ltr'><strong>NOTAE.</strong></span> 
     </span>
    </p>
   </div>
   <div class='ocr_carea' id='block_1_107' title="bbox 2284 5351 3327 5526">
    <p class='ocr_par' dir='ltr' id='par_1_107' title="bbox 2284 5351 3327 5526">
     <span class='ocr_line' id='line_1_107' title="bbox 2284 5351 3327 5526; baseline -0.002 -33"><span class='ocrx_word' id='word_1_662' title='bbox 2487 5351 2600 5526; x_wconf 58' lang='grc'>.’</span> <span class='ocrx_word' id='word_1_663' title='bbox 2623 5351 2912 5526; x_wconf 42' lang='lat' dir='ltr'><strong>ﬂagitii.</strong></span> <span class='ocrx_word' id='word_1_664' title='bbox 2935 5429 3128 5526; x_wconf 53' lang='lat' dir='ltr'><strong>C_.“De</strong></span> <span class='ocrx_word' id='word_1_665' title='bbox 3153 5435 3327 5511; x_wconf 79' lang='lat' dir='ltr'><strong>nupt.</strong></span> 
     </span>
    </p>
   </div>
   <div class='ocr_carea' id='block_1_108' title="bbox 2293 5511 3087 5594">
    <p class='ocr_par' dir='ltr' id='par_1_108' title="bbox 2293 5511 3087 5594">
     <span class='ocr_line' id='line_1_108' title="bbox 2293 5511 3087 5594; baseline 0.004 -19"><span class='ocrx_word' id='word_1_666' title='bbox 2293 5512 2400 5594; x_wconf 62' lang='lat' dir='ltr'><strong>4Q)</strong></span> <span class='ocrx_word' id='word_1_667' title='bbox 2421 5511 2467 5594; x_wconf 91' lang='lat' dir='ltr'><strong>_l,</strong></span> <span class='ocrx_word' id='word_1_668' title='bbox 2505 5511 2601 5594; x_wconf 76' lang='lat' dir='ltr'><strong>l3.</strong></span> <span class='ocrx_word' id='word_1_669' title='bbox 2627 5511 3087 5594; x_wconf 9' lang='lat' dir='ltr'><strong>rDe’spﬁonsalib.</strong></span> 
     </span>
    </p>
   </div>
   <div class='ocr_carea' id='block_1_109' title="bbox 2293 5591 2863 5667">
    <p class='ocr_par' dir='ltr' id='par_1_109' title="bbox 2293 5591 2863 5667">
     <span class='ocr_line' id='line_1_109' title="bbox 2293 5591 2863 5667; baseline 0.007 -11"><span class='ocrx_word' id='word_1_670' title='bbox 2293 5592 2390 5667; x_wconf 80' lang='grc'>47)</span> <span class='ocrx_word' id='word_1_671' title='bbox 2419 5591 2462 5655; x_wconf 92' lang='lat' dir='ltr'><strong>l.</strong></span> <span class='ocrx_word' id='word_1_672' title='bbox 2490 5592 2587 5658; x_wconf 79' lang='lat' dir='ltr'><strong>tO.</strong></span> <span class='ocrx_word' id='word_1_673' title='bbox 2617 5593 2691 5660; x_wconf 91' lang='lat' dir='ltr'><strong>D.</strong></span> <span class='ocrx_word' id='word_1_674' title='bbox 2717 5591 2863 5662; x_wconf 73' lang='lat' dir='ltr'><strong>eod.</strong></span> 
     </span>
    </p>
   </div>
   <div class='ocr_carea' id='block_1_110' title="bbox 546 5351 1473 5434">
    <p class='ocr_par' dir='ltr' id='par_1_110' title="bbox 546 5351 1473 5434">
     <span class='ocr_line' id='line_1_110' title="bbox 546 5351 1473 5434; baseline 0 -18"><span class='ocrx_word' id='word_1_675' title='bbox 546 5352 667 5434; x_wconf 74' lang='grc' dir='ltr'>(4ο)</span> <span class='ocrx_word' id='word_1_676' title='bbox 688 5400 722 5434; x_wconf 89' lang='lat'><strong>_.</strong></span> <span class='ocrx_word' id='word_1_677' title='bbox 750 5353 812 5434; x_wconf 17' lang='lat' dir='ltr'><strong>ti.</strong></span> <span class='ocrx_word' id='word_1_678' title='bbox 846 5351 916 5434; x_wconf 51' lang='grc' dir='ltr'>ιλ.</span> <span class='ocrx_word' id='word_1_679' title='bbox 946 5351 1038 5416; x_wconf 80' lang='lat' dir='ltr'><strong>De</strong></span> <span class='ocrx_word' id='word_1_680' title='bbox 1067 5351 1473 5434; x_wconf 55' lang='lat' dir='ltr'><strong>sponsalibus.</strong></span> 
     </span>
    </p>
   </div>
   <div class='ocr_carea' id='block_1_111' title="bbox 539 5430 1686 5515">
    <p class='ocr_par' dir='ltr' id='par_1_111' title="bbox 539 5430 1686 5515">
     <span class='ocr_line' id='line_1_111' title="bbox 539 5430 1686 5515; baseline -0.003 -18"><span class='ocrx_word' id='word_1_681' title='bbox 539 5430 660 5515; x_wconf 62' lang='lat'><strong>(41)</strong></span> <span class='ocrx_word' id='word_1_682' title='bbox 688 5430 730 5515; x_wconf 90' lang='lat' dir='ltr'><strong>l.</strong></span> <span class='ocrx_word' id='word_1_683' title='bbox 767 5433 824 5515; x_wconf 70' lang='grc' dir='ltr'>Ἰ.</span> <span class='ocrx_word' id='word_1_684' title='bbox 858 5431 1004 5515; x_wconf 55' lang='lat' dir='ltr'><strong>god.</strong></span> <span class='ocrx_word' id='word_1_685' title='bbox 1036 5430 1169 5495; x_wconf 66' lang='lat' dir='ltr'><strong>et&#39;l.</strong></span> <span class='ocrx_word' id='word_1_686' title='bbox 1193 5433 1253 5495; x_wconf 82' lang='lat'><strong>4.</strong></span> <span class='ocrx_word' id='word_1_687' title='bbox 1288 5432 1358 5494; x_wconf 92' lang='lat' dir='ltr'><strong>D.</strong></span> <span class='ocrx_word' id='word_1_688' title='bbox 1396 5432 1490 5496; x_wconf 84' lang='lat' dir='ltr'><strong>De</strong></span> <span class='ocrx_word' id='word_1_689' title='bbox 1515 5434 1686 5515; x_wconf 76' lang='lat' dir='ltr'><strong>pign.</strong></span> 
     </span>
    </p>
   </div>
   <div class='ocr_carea' id='block_1_112' title="bbox 542 5511 2098 5678">
    <p class='ocr_par' dir='ltr' id='par_1_112' title="bbox 542 5511 2098 5678">
     <span class='ocr_line' id='line_1_112' title="bbox 542 5511 1601 5675; baseline -0.003 -98"><span class='ocrx_word' id='word_1_690' title='bbox 542 5511 671 5675; x_wconf 57' lang='grc'>(42)</span> <span class='ocrx_word' id='word_1_691' title='bbox 701 5514 740 5577; x_wconf 95' lang='lat' dir='ltr'><strong>I.</strong></span> <span class='ocrx_word' id='word_1_692' title='bbox 771 5512 833 5574; x_wconf 77' lang='grc'>4.</span> <span class='ocrx_word' id='word_1_693' title='bbox 865 5511 1016 5575; x_wconf 86' lang='lat' dir='ltr'><strong>Eod.</strong></span> <span class='ocrx_word' id='word_1_694' title='bbox 1146 5599 1156 5610; x_wconf 37' lang='grc'><strong><em>⁸</em></strong></span> <span class='ocrx_word' id='word_1_695' title='bbox 1515 5511 1526 5514; x_wconf 71' lang='grc'>⁷</span> <span class='ocrx_word' id='word_1_696' title='bbox 1583 5511 1601 5515; x_wconf 74' lang='grc'>⁷</span> 
     </span>
     <span class='ocr_line' id='line_1_113' title="bbox 568 5592 2098 5678; baseline -0.003 -20"><span class='ocrx_word' id='word_1_697' title='bbox 568 5593 647 5678; x_wconf 80' lang='lat'><strong>4_3</strong></span> <span class='ocrx_word' id='word_1_698' title='bbox 703 5592 745 5678; x_wconf 37' lang='lat'><strong>1;</strong></span> <span class='ocrx_word' id='word_1_699' title='bbox 778 5593 840 5658; x_wconf 84' lang='lat'><strong>2.</strong></span> <span class='ocrx_word' id='word_1_700' title='bbox 871 5595 946 5661; x_wconf 90' lang='lat' dir='ltr'><strong>D.</strong></span> <span class='ocrx_word' id='word_1_701' title='bbox 979 5593 1070 5657; x_wconf 78' lang='lat' dir='ltr'><strong>De</strong></span> <span class='ocrx_word' id='word_1_702' title='bbox 1091 5599 1202 5660; x_wconf 66' lang='grc' dir='ltr'>πίε.</span> <span class='ocrx_word' id='word_1_703' title='bbox 1235 5599 1414 5678; x_wconf 67' lang='grc' dir='ltr'>πυρί.</span> <span class='ocrx_word' id='word_1_704' title='bbox 1444 5593 1505 5658; x_wconf 82' lang='grc'>5.</span> <span class='ocrx_word' id='word_1_705' title='bbox 1546 5595 1613 5659; x_wconf 86' lang='lat' dir='ltr'><strong>C.</strong></span> <span class='ocrx_word' id='word_1_706' title='bbox 1644 5593 1734 5662; x_wconf 75' lang='lat' dir='ltr'><strong>De</strong></span> <span class='ocrx_word' id='word_1_707' title='bbox 1758 5599 1934 5674; x_wconf 74' lang='grc' dir='ltr'>πυρί.</span> <span class='ocrx_word' id='word_1_708' title='bbox 1968 5601 2027 5660; x_wconf 82' lang='lat' dir='ltr'><strong>et</strong></span> <span class='ocrx_word' id='word_1_709' title='bbox 2056 5593 2098 5655; x_wconf 95' lang='lat' dir='ltr'><strong>l.</strong></span> 
     </span>
    </p>
   </div>
   <div class='ocr_carea' id='block_1_113' title="bbox 451 5669 1002 5754">
    <p class='ocr_par' dir='ltr' id='par_1_113' title="bbox 451 5669 1002 5754">
     <span class='ocr_line' id='line_1_114' title="bbox 451 5669 1002 5754; baseline 0.007 -17"><span class='ocrx_word' id='word_1_710' title='bbox 451 5669 659 5737; x_wconf 72' lang='lat'><strong>47:1);</strong></span> <span class='ocrx_word' id='word_1_711' title='bbox 694 5669 779 5735; x_wconf 88' lang='lat' dir='ltr'><strong>De</strong></span> <span class='ocrx_word' id='word_1_712' title='bbox 802 5690 1002 5754; x_wconf 81' lang='lat' dir='ltr'><strong>spons.</strong></span> 
     </span>
    </p>
   </div>
  </div>
