4074 6212
214 251 372 316 1289
1552 253 2240 321 εΜιοο-ΒΟΜΑΝΗΜ
3439 264 3594 334 1290

209 387 243 453 ἡ
274 386 350 459 μὴ
395 384 523 441 οὖσα
563 384 738 452 ἧττων
794 387 900 440 τῶν
943 385 1075 440 ἑπτὰ
1122 385 1277 448 ἐτῶν,
1324 388 1383 442 Εἰ
1455 385 1697 463 μέντοιγε
1749 389 1818 450 τῆ

1911 390 2052 475 .tur,
2090 385 2425 467 intelligere
2457 390 2708 475 videtur;
2742 402 2906 457 recte
2951 396 3250 475 sponsalia
3299 399 3592 462 contrahit

203 477 492 553 μνηστείας
572 476 935 555 γεγενημένης
1010 474 1200 534 ἔσωθεν
1279 486 1370 536 τοῦ
1451 476 1821 557 τρισκαιδεκαε-

1929 473 2075 550 (48),
2102 476 2215 537 hoc
2245 486 2354 553 est,
2376 488 2606 560 septem
2638 473 2827 544 annis.
2869 473 3191 547 Enimvero
3222 486 3272 548 si
3295 488 3584 569 sponsali-

197 573 320 629 τοῦς
351 566 568 646 χρόνου,
615 564 937 641 τολμήσαιεν
993 587 1132 630 τινες
1200 579 1317 629 τοῖς
1362 565 1814 642 μνηστευσαμένοι

1928 559 2037 622 bus
2061 563 2228 627 factis
2254 568 2416 630 intra
2437 559 2758 647 decimum,
2787 574 3023 635 tertium
3043 593 3291 652 annum,
3315 559 3440 639 ausi
3458 579 3587 659 qui-

104 634 113 641 .
193 655 232 724 ἢ
287 634 407 723 τὴῖ
437 654 735 735 λεγομένην
793 653 1098 735 εὐλόγησιν,
1143 654 1179 723 ἢ
1226 658 1288 711 τὸ
1331 656 1648 736 στεφάνωμα
1690 677 1821 734 περι·

1926 652 2064 713 dam
2079 654 2680 738 fuerintdesponsatis
2693 634 2777 724 vel
2794 634 3491 747 benedictionem.quam1
3491 687 3585 732 vo-

193 748 389 820 θεῖναι,
421 747 495 809 ὡς
539 750 644 802 τῶν
673 742 824 799 θείων
876 744 1051 818 νόμων
1108 741 1404 823 παραϐάται
1471 744 1841 823 γεγενημένοι,

198 834 389 891 αὗτίκα
455 837 554 901 την
608 833 707 908 μὲν
776 832 1128 912 προελθοῦσαν
1187 834 1473 908 μνηστείαν
1516 833 1626 909 ἅμα
1655 839 1722 910 τῇ
1765 832 1848 891 δο-

194 923 364 1000 κούσῃ
425 927 673 1003 συναφείᾳ
728 920 1047 996 διαλύεσθαι,
1120 925 1207 979 καὶ
1284 924 1350 979 τὰ
1406 921 1529 1002 παρ’
1599 923 1846 1002 ἑκατέρου

194 1020 291 1072 τοῦ
345 1011 530 1090 μέρους
592 1012 647 1067 ἐν
703 1017 772 1087 τῇ
825 1012 1083 1087 μνηστείᾳ
1144 1008 1505 1087 συμϐληθέντα
1554 1014 1841 1091 πρόστιμα,

195 1106 291 1157 τοῦ
344 1100 689 1175 τολμήματος
728 1106 921 1176 ζημίαν
965 1100 1265 1181 ὑπέχοντας
1323 1108 1399 1175 τῷ
1442 1108 1534 1157 τοῦ
1591 1100 1847 1176 δημοσίου

194 1190 577 1264 εἰσκομίζεσθαι
659 1189 829 1268 μέρει.
904 1187 1051 1256 Μηδὲ
1118 1198 1209 1245 τοῦ
1278 1189 1582 1264 τολμῶντος
1665 1189 1844 1268 ἱερέως

193 1277 283 1335 ἐπὶ
324 1285 391 1355 τῇ
451 1280 666 1354 τοιαύτῃ
732 1292 979 1354 παρεῖναι
1025 1278 1205 1344 πράξει
1248 1278 1521 1335 ἁνευθύνου
1576 1282 1841 1345 καθεστη-

190 1367 374 1447 κότος,
435 1366 571 1428 ἀλλὰ
625 1374 693 1445 τῇ
764 1369 1017 1447 αὒστηρίᾳ
1093 1375 1198 1424 τῶν
1270 1371 1421 1447 ἱερῶν
1496 1367 1841 1442 ὑποκειμένου

188 1456 392 1532 νόμων.
457 1448 514 1514 ιΟ
573 1456 1032 1532 μνηστευςάμενος
1100 1458 1265 1534 κόρην
1327 1454 1544 1537 ἔφηϐον,
1619 1458 1706 1512 καὶ
1762 1456 1838 1531 μὴ

1933 745 2196 821 cant,vel
2218 764 2494 808 coronam
2530 747 2819 829 impertiri
2848 772 2862 812 :
2888 772 3022 815 cum
3053 745 3354 817 sacrarum
3385 756 3579 836 legum

1933 839 2400 910 transgressores
2450 837 2588 899 facti
2623 839 2760 910 sint,
2790 842 2984 903 statim
3018 853 3317 906 contracta
3341 864 3585 926 sponsa-

1931 918 2030 997 lia,
2057 940 2188 981 cum
2233 942 2298 983 eo
2342 927 2790 1004 conjunctione,
2834 949 2965 1010 quae
2995 932 3257 1012 speciem
3299 918 3579 998 duntaxat

1929 1006 2185 1104 aliquam
2204 1010 2411 1104 liabet,
2446 1006 2885 1104 dissolventur}
2916 1027 2975 1079 et
3004 1006 3076 1080 ab
3123 1029 3372 1103 utraque
3410 1034 3577 1104 parte

1930 1095 2170 1158 collatas
2201 1098 2260 1158 in
2292 1102 2689 1179 sponsalibus,
2738 1124 2961 1184 poenas,
2994 1095 3291 1171 facinoris
3322 1095 3570 1175 admissi

1929 1202 2103 1245 causa
2127 1187 2419 1265 jacturam
2456 1192 2605 1253 hanc
2654 1195 3017 1258 sustinentes
3069 1199 3210 1263 ﬁsco
3262 1200 3517 1264 inferent
3553 1224 3566 1264 :

1927 1290 2002 1333 ne
2030 1276 2338 1338 sacerdote
2367 1279 2738 1362 quidem,qni
2769 1285 2868 1344 tali
2891 1304 3071 1347 ausus
3092 1287 3571 1355 fueritinteresse

1925 1364 2275 1437 actui,exlra
2323 1368 2551 1448 culpam
2601 1371 2943 1445 constituto;
2977 1375 3081 1436 sed
3139 1375 3333 1455 legum
3365 1398 3568 1442 sacra-

1925 1468 2054 1512 rum
2089 1456 2378 1515 severitati
2415 1457 2808 1535 subjicienda.
2843 1459 2952 1533 Qui
3007 1464 3261 1543 puellam
3304 1467 3564 1530 adultam

190 1546 548 1625 συμιρωνήσας
607 1546 803 1625 χρόνον
874 1544 926 1600 ἐν
970 1550 1056 1632 τῇ,
1094 1545 1348 1618 μνηστείᾳ
1405 1543 1599 1632 ὀφείλει
1642 1543 1821 1608 ταύτηπ

1921 1539 2034 1632 sibi
2061 1541 2651 1632 despondit(49),nec
2675 1558 2906 1628 tempus
2930 1539 3397 1632 in'sponsalibus
3433 1576 3572 1620 con-

188 1635 236 1690 εἰ
392 1634 445 1690 ἐν
487 1640 554 1709 τῇ
762 1632 994 1713 ἐπαρχίᾳ
1040 1630 1229 1713 διάγει,
1295 1631 1428 1688 ε’ἷσω
1486 1630 1677 1725 διετίας
1731 1654 1821 1725 γα-

1918 1629 2123 1702 stituit,
2137 1610 2367 1711 nuptias
2387 1610 2652 1715 exsequi,
2678 1637 2726 1697 si
2747 1610 2957 1700 eadem
2973 1640 3032 1700 in
3048 1610 3368 1721 rprovincia
3384 1644 3569 1725 degit,

531 1692 554 1709 δ’
691 1692 715 1711 δ’
868 1692 876 1711 Ι
902 1692 939 1713 r.
974 1692 984 1705 ⁵
1138 1692 1148 1711 Ι
1215 1692 1229 1713 ἶ
1665 1692 1673 1696 ⁷
1745 1692 1756 1709 Ι

188 1692 317 1799 μεζέν
350 1742 363 1756 ·
412 1726 457 1780 εί
496 1721 543 1779 δ’
601 1723 654 1780 ἐν
711 1723 957 1795 ἀπουσίᾳ,
1009 1722 1143 1779 εἴσω
1198 1723 1444 1801 τριετίας.
1482 1719 1618 1779 Εἰδὲ
1667 1722 1821 1799 ὑπερ-

2113 1692 2123 1702 ,
2222 1692 2233 1711 ι
2348 1692 2361 1694 _
2576 1692 3032 1709 η-,-------------
3101 1692 3457 1706 .-....-.......
3505 1692 3569 1723 ..,

1916 1717 2067 1778 intra
2090 1720 2393 1783 biennium
2427 1692 2639 1788 debet:
2670 1726 2761 1787 sin
2800 1727 3021 1789 absens
3044 1692 3157 1798 erst,
3188 1730 3344 1794 intra
3382 1692 3569 1800 trisn-

186 1816 344 1880 θηται
400 1813 563 1893 χωρὶς
606 1812 822 1890 εῦλόγου
865 1812 1058 1891 αἰτίας,
1131 1808 1340 1867 δύναται
1392 1812 1428 1877 ἡ
1484 1810 1617 1888 κόρη
1673 1810 1821 1888 ἑτέροξ

1919 1808 2103 1868 nium.
2130 1808 2295 1899 Quod
2318 1814 2364 1871 si
2391 1812 2583 1876 facere
2602 1815 3007 1894 supersederit
3025 1817 3256 1899 absque
3280 1816 3574 1899 probabili

188 1902 561 1964 συνάπτεσθαι,
614 1906 685 1961 Οὔ
743 1904 853 1981 χρὴ
910 1902 1029 1966 τοὺς
1086 1898 1347 1979 ἄρχοντας
1378 1898 1430 1964 ἐξ
1474 1899 1678 1965 ἐκείνης
1737 1900 1821 1964 τῆε

1918 1913 2092 1956 causa
2115 1898 2283 1958 alteri
2313 1900 2505 1978 puella
2550 1904 2830 1981 conjungi
2865 1898 3376 1984 potest.Przesides
3398 1909 3460 1970 in
3495 1929 3565 1973 ea

184 1992 466 2071 ἐπαρχίας,
540 1994 606 2057 ἧς
665 1989 912 2070 ἄρχουσι,
989 1990 1392 2065 μνηστεύεσθαι,
1456 1990 1515 2045 Εἰ
1585 1986 1639 2044 δὲ
1682 1995 1821 2044 τοῦτ(

1922 1984 2221 2063 provincia
2238 1988 2375 2067 (59).
2396 2009 2571 2068 quam
2588 1991 3083 2069 adminis‘trarint,
3105 1998 3403 2075 sponsalia
3424 2018 3566 2061 con-

184 2096 522 2162 ποιτίσουσιν,
555 2080 717 2146 ἔξεστι
746 2086 813 2156 τῇ
860 2080 994 2159 κόρῃ
1044 2080 1131 2135 καὶ
1175 2092 1292 2142 τοῖς
1349 2084 1587 2156 γονεῦσιν
1646 2077 1821 2151 αὐτῆς,

1922 2056 2157 2135 trahere
2193 2056 2308 2135 non
2334 2056 2553 2138 debent
2602 2076 2662 2140 Si
2695 2059 2920 2141 veroid
2945 2056 3217 2157 fecerint,
3242 2056 3566 2167 tice—(puel-

191 2129 492 2139 """""'
557 2129 717 2146 ’ν’-⁷
758 2129 813 2156 ".I
863 2129 994 2159 ’τί-’μ
1046 2129 1130 2135 "'"
1187 2129 1289 2142 *τ’*
1365 2129 1581 2156 ιν--πν-
1649 2129 1821 2151 ""11:

184 2170 222 2239 ἢ
278 2129 607 2250 ἐπιτρόπδις,
651 2171 687 2239 ἢ
730 2170 1062 2249 κουρείτορσι,
1101 2172 1472 2249 παραιτετσθαι
1526 2169 1617 2223 τὸν
1664 2168 1821 2245 γάμοι

2015 2129 2156 2135 ____-
2193 2129 2308 2135 η---
2337 2129 2553 2138 πη---
2602 2129 2662 2140 ν.
2705 2129 2828 2140 ,νη
2861 2129 2920 2141 ...
2945 2129 3217 2157 ............,
3242 2129 3379 2146 "..,.
3445 2129 3556 2149 αι..-

1919 2160 2008 2235 Ιῑε,
2045 2179 2113 2224 ac
2140 2166 2481 2243 parentibus
2512 2167 2662 2246 ejus,
2683 2177 2781 2230 aut
2805 2171 3117 2252 tutoribus,
3146 2129 3556 2237 autcuratt'ori-

183 2262 273 2316 καὶ
326 2258 607 2337 κερδαίνειν
649 2260 772 2322 τοὺς
840 2256 1164 2337 ἀρραϐῶνας.
1236 2265 1339 2316 Τοῦ
1379 2258 1537 2315 αὐτοῦ
1580 2263 1834 2337 κρατοῦν-

182 2370 278 2412 τος
307 2351 393 2405 καὶ
452 2348 537 2405 ἐπὶ
581 2356 686 2405 τῶν
742 2351 892 2424 υἱῶν,
950 2347 1037 2404 καὶ
1079 2347 1337 2424 ἐγγόνων,
1398 2347 1486 2402 καὶ
1542 2346 1830 2423 συγγενῶν,

183 2440 276 2495 καὶ
318 2435 663 2518 δομεστίκων,
722 2439 810 2494 καὶ
869 2434 1254 2515 ωγκαθέδρων,
1319 2436 1408 2491 καὶ
1475 2434 1561 2490 ἐπὶ
1624 2435 1833 2490 πάντων

184 2526 242 2583 ἐν
271 2532 340 2597 τῇ
365 2526 506 2593 τάξει
561 2529 650 2584 καὶ
706 2531 811 2584 τῶν
869 2527 1072 2585 οἰκείων
1115 2529 1292 2597 αὐτοῦ,
1353 2523 1442 2580 ἐὰν
1486 2525 1621 2583 κατὰ
1658 2535 1830 2580 σπου-

184 2613 285 2683 δὴν
313 2626 404 2675 τοῦ
431 2616 690 2696 ἄρχοντος
740 2615 1179 2690 ἐμνηστεύσαντο.
1240 2614 1297 2670 Εἰ
1355 2613 1535 2688 μέντοι
1580 2613 1668 2668 καὶ
1699 2614 1832 2687 μετὰ

184 2705 286 2772 τὴν
333 2704 506 2785 ἀρχὴν
549 2704 789 2782 βούλεται
843 2706 880 2773 ἡ
920 2706 1053 2783 κόρη
1085 2706 1403 2782 συναφθῆναι
1454 2704 1616 2777 αὖτῷ,
1665 2700 1828 2780 ἔῤῥω-

184 2815 272 2850 ται
318 2797 346 2851 6
402 2795 595 2872 γάμος.
670 2794 979 2870 Σημείωσαι
1037 2792 1148 2865 οὖν,
1195 2790 1274 2847 ὅτι
1330 2792 1449 2847 τότε
1520 2790 1710 2847 κωλύει
1767 2793 1827 2847 τὸ

181 2882 532 2962 συνάλλαγμα
574 2886 602 2939 6
630 2884 815 2960 νόμος,
866 2882 954 2939 ὅτε
997 2884 1058 2937 τὸ
1129 2882 1369 2961 ὀφφίκιον
1428 2883 1455 2936 6
1501 2879 1685 2960 ἅρχων
1716 2879 1825 2936 δια-

1918 2248 2050 2323 bus,
2083 2251 2415 2316 detrectare
2446 2257 2904 2333 matrimonium,
2939 2268 2995 2321 et
3032 2248 3243 2323 arrlias
3299 2263 3546 2327 lucrari:

1917 2340 2127 2401 eodem
2155 2342 2350 2405 locum
2376 2344 2646 2406 habituro
2678 2356 2737 2408 et
2766 2347 2827 2408 in
2859 2348 3015 2424 ﬁliis,
3052 2358 3111 2411 et
3135 2353 3473 2433 nepotibus,
3509 2364 3568 2420 et

1918 2433 2354 2512 propinquis,et
2383 2434 2744 2510 domesticis,
2764 2445 2822 2498 et
2848 2440 3340 2518 assessoribus,et
3367 2446 3559 2508 omni-

1918 2518 2045 2617 bus,
2066 2522 2166 2601 qui
2196 2530 2330 2584 sunt
2347 2524 2398 2602 ej
2411 2542 2480 2584 us
2493 2525 2901 2617 apparitores,
2928 2529 3350 2611 etparticipes:
3376 2532 3563 2617 siqui-

1914 2606 2050 2669 dem
2108 2629 2289 2691 opera
2338 2612 2605 2691 prtesirlis
2646 2616 2945 2693 sponsalia
3001 2606 3467 2686 contrairerunt:
3497 2622 3559 2687 Si

1915 2703 2110 2791 tamen
2138 2698 2192 2760 ei
2216 2701 2431 2779 puella,
2467 2709 2770 2782 postquam
2803 2703 3143 2783 magistratu
3172 2708 3409 2791 abierit,
3442 2732 3557 2774 nu-

1915 2784 2058 2848 bere
2085 2789 2225 2865 vult;
2248 2791 2686 2851 matrimonium
2717 2801 2909 2854 ratum
2935 2802 3045 2857 est.
3073 2784 3549 2879 Itaquenotabis,

1910 2877 2063 2957 quod
2100 2886 2238 2939 tunc
2271 2886 2635 2941 contractum
2685 2879 2842 2942 hunc
2890 2882 2984 2943 lex
3032 2884 3363 2964 prohibeat,
3418 2877 3551 2953 cum

173 2975 421 3053 χειρίζει,
458 2972 544 3028 καί
572 2971 783 3029 δύναται
833 2968 1052 3052 φοϐερὸς
1098 2970 1238 3026 εἶναι
1297 2982 1412 3033 τοῖς
1462 2976 1669 3048 γονεῦσι
1726 2974 1821 3036 τῆς

1911 2964 2100 3026 adhuc
2132 2985 2349 3046 praeses
2378 2968 2639 3029 ofﬁcium
2685 2968 3082 3048 administrat,
3117 2981 3176 3033 et
3206 2978 3553 3052 parentibus

173 3046 364 3141 κόρης,
406 3046 583 3121 Ὗἱὶστε
624 3061 740 3140 εἴγε
787 3046 974 3140 ἄρχων
1016 3059 1112 3135 μὲν
1139 3059 1227 3133 ἦν,
1288 3060 1381 3116 οῦκ
1437 3046 1504 3125 ἧν
1561 3056 1615 3113 δὲ
1644 3060 1822 3122 ἱκανὸς

173 3149 473 3232 ἐμφοϐἦσαι
533 3152 654 3215 τοὺς
703 3163 880 3229 γονεῖς
935 3152 1032 3218 τῆς
1089 3148 1276 3227 κόρης,
1321 3148 1380 3205 οῦ
1436 3146 1728 3205 κεκώλυται
1785 3149 1819 3215 ἡ

171 3243 457 3318 μνηστεία.

181 3445 211 3477 ι
245 3421 368 3500 Περὶ
395 3425 503 3477 τῶν
528 3419 623 3484 τὰς
653 3416 781 3500 ίδίας
802 3497 809 3500 Δ
828 3432 1085 3500 γυναῖκας
1133 3416 1389 3495 προφάσει
1421 3412 1690 3478 εὒλαϐείας
1721 3413 1818 3469 ἐκ-

647 3495 949 3554 ϐαλλόντων
978 3495 1271 3575 κληρικῶν,
1308 3519 1336 3551 ››

260 3584 318 3649 ιΟ
377 3580 421 3646 ε⁸
476 3596 581 3646 τῶν
636 3588 799 3664 ἁγίων
856 3584 1164 3642 ἀποστόλων
1221 3586 1392 3641 κανὼν
1450 3583 1736 3640 ἐπίσκοπον
1780 3582 1816 3649 ἢ

174 3676 521 3760 πρεσϐύτερον
591 3677 626 3745 ἢ
683 3674 918 3732 διάκονον
995 3677 1093 3742 τὴν
1151 3675 1337 3731 ἐαυτοῦ
1393 3685 1623 3752 γυναῖκα
1680 3693 1814 3750 προ-

175 3770 330 3851 φάσει
414 3764 682 3830 εὒλαϐείας
768 3762 1090 3821 ἐκϐάλλοντα
1152 3763 1405 3843 ἀφορίζει,
1484 3761 1678 3841 μέχρις
1752 3762 1814 3815 ἃν

172 3859 323 3917 αὖθισ
349 3853 714 3937 προσλάϐηται
748 3874 763 3888 °
825 3853 1139 3928 ἐπιμένοντα
1196 3851 1273 3925 δὲ,
1325 3855 1592 3929 καθαιρεῖ.
1651 3857 1814 3908 Τοῦτο

169 3949 269 4028 γὰρ
311 3949 400 4004 καὶ
440 3949 469 4003 6
523 3945 704 4025 Κύριος
747 3943 801 4001 ἐν
852 3958 968 4006 τοῖς
1026 3940 1364 4020 [εὐαγγελίοις
1409 3940 1671 4013 ἐθέσπισε,
1734 3940 1811 4014 μὴ

168 4036 361 4103 ἐξεῖναι
421 4058 521 4092 τινι
562 4041 640 4109 τῷ
696 4032 911 4106 παλαιῷ
969 4031 1286 4110 προσέχοντι
1342 4029 1511 4104 νόμῳ,
1558 4028 1645 4083 ὅτε
1681 4028 1811 4104 βοό-

163 4125 312 4184 λοιτο
365 4127 466 4193 τὴν
521 4122 651 4199 ἰδίαν
706 4120 980 4179 ἐκϐάλλειν
1028 4133 1275 4199 γυναῖκα,
1339 4120 1505 4197 χωρὶς
1580 4117 1808 4194 ἀπειρη-

165 4214 333 4292 μένης
365 4191 559 4277 αἰτίας.
603 4191 784 4269 "Bome
840 4211 939 4288 γὰρ
991 4191 1081 4265 τόν
1124 4191 1296 4285 γάμον
1342 4191 1661 4285 διαϐάλλειν,
1707 4191 1809 4267 id):

1907 3056 2127 3146 puellze
2145 3056 2532 3118 formidabilis
2561 3075 2693 3146 esse
2720 3066 2937 3137 potest:
2964 3058 3089 3131 Quo
3122 3062 3205 3136 tit,
3240 3072 3304 3124 ut
3331 3065 3380 3126 si
3406 3086 3551 3146 prae-

1905 3161 2001 3205 ses
2033 3144 2273 3225 quidem
2302 3155 2447 3215 erat,
2469 3145 2575 3207 sed
2608 3147 2749 3207 satis
2785 3146 2998 3209 virium
3044 3167 3162 3211 non
3185 3144 3440 3216 habebat
3470 3157 3546 3218 ad

1907 3234 2261 3295 territandos
2305 3234 2515 3314 puellae
2563 3246 2860 3315 parentes,
2909 3239 3209 3316 sponsalia
3252 3257 3376 3303 non
3412 3242 3549 3307 fue-

1902 3321 2028 3383 rint
2064 3323 2384 3403 prohibita.

1903 3413 1996 3474 De
2025 3412 2263 3475 clericis
2291 3422 2517 3475 uxores
2563 3431 2729 3555 ειιαεί
2745 3421 3046 3553 arcetequ
3082 3416 3396 3497 religionis
3424 3424 3547 3502 eji-

2570 3511 2701 3554 czen
2736 3511 2751 3553 ι
2796 3512 2886 3554 ω.

2570 3511 2886 3554 οιεηιιυω.

1979 3583 2182 3649 Canou
2222 3588 2558 3642 sanctorum
2589 3582 2989 3661 apostolorum
3022 3586 3261 3664 quintus
3299 3587 3541 3667 episco-

1899 3691 2066 3752 pum,
2090 3669 2179 3731 vel
2206 3669 2642 3750 presbyterum,
2692 3670 2782 3732 vel
2813 3670 3128 3733 diaconum
3162 3677 3260 3755 qui
3292 3696 3539 3743 uxorem

1897 3779 2063 3821 suam
2097 3771 2331 3840 prmtext
2346 3781 2377 3820 u
2401 3758 2706 3838 religionis
2724 3759 2910 3839 ejicit,
2926 3762 3219 3842 tantisper
3239 3778 3534 3847 segregat,

1896 3849 2086 3911 donec
2103 3868 2230 3911 eam
2246 3849 2314 3909 ad
2336 3868 2398 3908 se
2419 3848 2743 3927 receperit:
2767 3862 3242 3929 perseverantem
3267 3857 3540 3931 νει-οβε-

1897 3940 2081 4020 ponit.
2117 3938 2403 3999 Dominus
2424 3936 2599 3998 etiam
2616 3937 2676 3997 in
2692 3936 3021 4018 Evangeliis
3042 3940 3312 4021 sancivit,
3331 3963 3449 4007 non
3472 3945 3541 4008 li-

1894 4046 2029 4091 cere
2055 4027 2229 4088 alicui
2259 4027 2467 4106 prisca;
2511 4025 2626 4103 legi
2683 4025 3142 4107 obtemperanti,
3196 4039 3259 4093 ut
3309 4052 3421 4113 pro
3456 4034 3535 4099 li-

1893 4117 2018 4177 bitu
2047 4135 2154 4178 suo
2186 4133 2425 4176 uxorem
2461 4133 2626 4175 suam
2661 4115 2879 4203 ejiciat,
2916 4115 3138 4198 absque
3174 4138 3350 4183 causa
3384 4123 3533 4203 legis

1892 4205 2205 4266 interdicto
2226 4204 2680 4283 comprehensa.
2701 4202 2930 4285 Quippe
2953 4207 3399 4271 matrimonium
3420 4202 3534 4274 cri-

162 4291 453 4383 ἇκάθαρτον
503 4301 563 4357 ’ὃν
614 4301 674 4357 τὸ
716 4299 955 4375 νομίμως
999 4298 1293 4375 μίγνυσθαι,
1366 4294 1549 4371 Τίμιον
1605 4292 1659 4348 δὲ
1714 4295 1805 4350 τὸν

1911 4294 2105 4355 ninari
2136 4292 2389 4365 videtur,
2414 4291 2579 4372 quasi
2609 4292 2795 4353 coitus
2825 4293 3122 4373 legitimus
3153 4298 3419 4377 quaedam
3458 4301 3540 4370 sit

159 4394 333 4471 γάμον
373 4393 408 4460 ἡ
466 4389 650 4470 Τραφὴ
709 4389 1039 4467 ἀπεφήνατο,
1096 4386 1183 4442 καὶ
1223 4384 1321 4451 τὴν
1364 4385 1546 4451 κοίτην
1604 4383 1801 4459 ἀμίαν-

158 4503 272 4541 τον.
306 4481 500 4540 Τούτου
526 4481 615 4535 καὶ
642 4480 670 4534 6
727 4475 940 4539 δέκατος
997 4476 1164 4553 τρίτος
1219 4478 1318 4540 τῆς
1376 4472 1534 4540 ἕκτης
1590 4471 1802 4528 συνόδου

158 4571 333 4628 κανὼν
390 4571 571 4633 αὐτοῖς
613 4567 811 4645 ῥήμασι
869 4564 1158 4641 μέμνηται.
1216 4561 1337 4619 ἄνευ
1381 4563 1478 4630 τῆς
1534 4569 1625 4618 τοῦ
1679 4561 1802 4618 ἐπι-

156 4658 358 4716 σκόπου
414 4658 745 4731 προσθήκης.
823 4654 962 4715 Αὕτη
1037 4654 1136 4733 γὰρ
1216 4653 1253 4721 ἡ
1338 4648 1548 4715 σύνοδος
1615 4649 1801 4729 πρώτη

150 4762 279 4814 ταῖς
335 4760 598 4826 γαμεταῖς
650 4746 1030 4806 ἀποτάττεσθαι
1114 4743 1237 4807 τοὺς
1295 4740 1615 4806 ἐπισκόπους
1683 4740 1800 4797 ἐθέ-

151 4858 365 4896 σπισεν.

243 4950 271 4983 α
329 4928 456 5007 Περὶ
504 4930 610 4983 τῶν
665 4926 761 4989 τὰς
819 4922 987 5007 ,ἰδίαςμ
1026 4934 1281 5000 γυναῖκας
1353 4917 1718 4977 ἐκϐαλλόντων

819 5002 1048 5060 λα’ίκῶν.
1098 5021 1128 5061 »

241 5083 298 5153 Ὀ
370 5092 425 5150 δὲ
481 5093 831 5157 ἀποστολικὸς
903 5081 1002 5170 μη’
1068 5093 1159 5148 τὸν
1233 5087 1553 5147 ἐκϐάλλοντα
1608 5088 1798 5147 λα’ίκὸν

149 5182 474 5264 παραλόγως
556 5184 653 5252 τὴν
730 5185 915 5243 ἑαυτοῦ
984 5194 1211 5260 γυναῖκα
1285 5180 1373 5236 καὶ
1429 5179 1610 5257 ἑτέραν
1666 5178 1801 5254 λαμ-

147 5269 398 5351 ϐάνοντα,
472 5274 562 5330 καὶ
629 5274 720 5330 τὸν
774 5272 1191 5347 ὑποποιούμενον
1260 5271 1360 5337 τὴν
1441 5266 1567 5348 παρ’
1638 5266 1802 5326 ἄλλου

1883 4382 2213 4461 impuritas.
2248 4380 2637 4442 Honorabiles
2656 4390 2852 4442 autem
2884 4383 3119 4463 nuptias
3163 4404 3292 4447 esse
3319 4386 3524 4470 Scrip-

1886 4482 2015 4534 tura
2034 4469 2394 4561 pronuntiat,
2411 4477 2470 4530 et
2499 4470 2715 4564 lectum
2740 4470 3333 4564 impollutumﬂujus
3350 4469 3526 4539 etiam

1884 4551 2151 4615 decimus
2190 4551 2396 4611 tertius
2428 4558 2607 4611 sexta:
2636 4551 2844 4630 synodi
2877 4568 3066 4612 canon
3096 4551 3368 4632 ipsis'met
3395 4574 3531 4619 ver-

1884 4643 1976 4705 bis
2006 4641 2295 4712 meminit,
2329 4639 2551 4719 absque
2583 4646 2779 4701 tamen
2811 4640 2973 4700 vocis
3004 4641 3268 4723 episcopi
3314 4643 3524 4724 adjec-

1886 4734 2070 4794 tione.
2100 4729 2237 4791 Haec
2266 4729 2427 4790 enim
2447 4729 2702 4807 synodus
2726 4726 2916 4807 prima
2945 4728 3073 4809 fuit,
3100 4749 3230 4810 quae
3250 4733 3520 4810 sancivit,

1884 4829 1949 4883 ut
1977 4819 2255 4882 uxoribus
2286 4817 2408 4879 suis
2438 4816 2702 4897 episcopi
2729 4818 3161 4883 renuntiarent.

2129 4922 2212 4982 De
2242 4922 2418 4984 laicis
2447 4937 2670 4982 uaco-res
2695 4936 2840 4982 suas
2867 4919 3268 4999 ejiciéntibus.

1965 5095 2164 5155 Canou
2195 5088 2591 5171 apostolorum
2625 5104 2766 5149 xvm
2790 5087 3028 5161 laicum,
3062 5092 3159 5171 qui
3193 5099 3405 5170 praeter
3424 5112 3522 5155 ra-

1885 5182 2104 5243 tionem
2135 5179 2296 5259 ejicit
2326 5194 2570 5238 uxorem
2603 5194 2792 5253 suam,
2823 5185 2881 5239 et
2906 5176 3080 5239 aliam
3114 5178 3522 5261 ducit,quivel

1886 5269 2172 5353 pertrahit
2194 5267 2265 5329 ad
2295 5285 2359 5329 se
2391 5264 2643 5327 divortlo
2674 5272 3000 5345 separatam
3032 5267 3105 5329 ab
3119 5267 3259 5345 alio,
3280 5287 3399 5331 non
3428 5288 3523 5332 se-

1726 5389 1948 5455 NOT/E

236 5511 354 5583 (48)
389 5510 433 5574 Ι.
472 5513 567 5578 14.
605 5516 673 5577 D.
708 5513 855 5578 Eod.

236 5514 330 5583 (48
389 5514 433 5574 Ι.
472 5514 567 5578 14.
605 5516 673 5577 D.
708 5514 855 5578 Eod.

226 5514 438 5674 (4961.
472 5592 570 5658 22.
606 5595 672 5658 C.
705 5596 794 5658 De
820 5593 1089 5676 sponsal.

470 5703 734 5766 ΡΑτειοι.
768 5701 877 5765 Gn.
908 5700 1108 5765 CXIX.

1967 5510 2090 5592 (50)
2126 5509 2172 5572 Ι.
2208 5508 2318 5571 Un.
2353 5512 2422 5574 C.
2456 5507 2529 5571 Si
2559 5516 2706 5573 rect.
2740 5510 3008 5591 provinc.

3128 5696 3197 5758 41
