4074 6212
551 281 696 348 1291

1925 281 1959 344 .Ῐ
1967 283 2058 344 US
2099 281 2545 350 CANONICUM

3776 289 3930 351 1992

546 411 802 507 cundum
817 411 979 507 leges
991 409 1642 507 scilicet,segregationi
1654 409 2185 507 subjici.C:ete_rum

2275 416 2706 507 ᾇπολελυμένην,
2773 423 2850 497 μὴ
2917 426 3053 481 κατὰ
3113 425 3303 499 νόμους
3346 423 3572 499 δηλαδὴ,
3644 427 3934 507 ἀφορισμῷ

545 519 677 586 quae
706 503 814 564 bac
845 501 920 563 de
941 518 1008 562 re
1036 498 1290 582 Spiritus
1319 509 1558 562 sanctus
1589 517 1694 579 per
1723 518 1997 579 magnum
2022 501 2187 563 illum

545 594 779 656 Patrem
808 589 1094 654 Basilium
1121 589 1277 651 velut
1311 592 1551 650 oraculo
1605 587 1886 668 prodidit,
1931 589 1991 650 in
2033 609 2189 652 nouo

542 683 732 765 ipsius
761 697 1125 760 canone,per
1147 678 1418 759 iniquum
1447 677 1626 739 fuerit
1647 695 1763 738 non
1797 679 2188 757 particulatim

545 788 868 852 exponere.
902 770 1381 831 Consentaneum
1439 773 1585 839 erat,
1628 765 1841 845 inquit,
1877 775 1939 827 ut
1970 785 2189 829 secun-

545 861 686 923 dum
728 858 1082 921 sententiam
1121 855 1379 931 Domini,
1426 853 1796 934 aequabiliter
1848 865 1964 916 tam
2026 856 2188 935 viris,

545 967 720 1032 quam
753 945 1128 1026 mulieribus,
1146 944 1520 1007 scortationis
1543 961 1718 1005 causa
1742 943 2186 1008 matrimOnium

544 1039 916 1103 dissolveret.

623 1125 846 1191 Verum
878 1122 1154 1187 Ecclesia;
1181 1121 1670 1184 consuetudinem
1695 1124 1773 1183 ita
1791 1131 2188 1204 comparatam

545 1237 665 1282 non
695 1210 1245 1282 esseconstaLNam
1267 1211 1340 1272 ad
1357 1212 1636 1273 mulieres
1649 1211 1804 1292 quod
1830 1213 2192 1284 attinet,ma—

542 1327 722 1388 gnam
751 1303 1188 1370 accurationem
1219 1300 1578 1368 invenimus,
1616 1303 1897 1382 Apostolo
1926 1302 2189 1374 dicente;

545 1398 657 1472 Qui
687 1393 988 1472 meretrici
1032 1390 1449 1471 agglutinatur,
1482 1409 1666 1451 unum
1700 1409 1770 1452 ea
1810 1409 2029 1471 corpus
2061 1398 2187 1462 est;

547 1469 605 1551 et
622 1485 880 1548 .leremia
904 1505 917 1546 :
943 1469 1004 1545 Si
1025 1469 1268 1542 alterius
1284 1478 1391 1539 viri
1415 1479 1564 1540 facta
1586 1479 1862 1551 fuerit,ad
1894 1469 2068 1544 mari:
2093 1499 2127 1538 υ
2137 1502 2194 1549 3

545 1595 718 1639 suum
767 1593 885 1636 non
941 1577 1290 1642 revertetur,
1343 1567 1450 1629 sed
1495 1568 1813 1648 polluendo
1863 1571 2188 1650 polluetur,

545 1665 662 1729 nisi
702 1662 976 1727 videlicet
1021 1658 1266 1722 maritus
1297 1675 1426 1718 eam
1475 1657 1746 1738 recipere
1802 1660 2080 1723 voluerit.
2122 1660 2228 1724 Et‘

549 1755 832 1818 Solomon
886 1751 946 1811 in
995 1745 1378 1809 Proverbiis:
1440 1745 1552 1817 Qui
1602 1747 1933 1809 adulteram
1993 1749 2192 1822 habet,

545 1843 760 1906 stultus
785 1849 874 1904 est
903 1848 961 1901 et
990 1835 1208 1917 impius
1241 1859 1253 1895 :
1289 1837 1402 1896 hoc
1429 1834 1538 1911 est,
1575 1836 1674 1913 qui
1710 1855 1835 1897 rem
1869 1839 2193 1900 habetcum

548 1932 800 1997 muliere
829 1928 1186 2001 maritata,et
1207 1944 1382 2006 quam
1416 1943 1548 1987 esse
1577 1934 1806 1987 constat
1835 1927 2189 1991 adulteram.

544 2023 763 2087 Verum
795 2017 1040 2081 maritos
1069 2014 1421 2077 adulterium
1455 2015 2013 2088 committentes,vel
2035 2037 2191 2079 scor-

545 2121 760 2186 tantes,
794 2109 1054 2171 retinere
1081 2105 1205 2167 suis
1232 2104 1305 2166 ab
1336 2103 1622 2165 uxoribus
1648 2113 1870 2168 monet.
1905 2108 2052 2169 Nam
2073 2107 2194 2168 sive

546 2202 679 2283 quis
695 2197 976 2262 acerbum
1007 2202 1195 2256 semet
1224 2211 1363 2272 erga
1392 2210 1640 2254 uxorem
1681 2193 1986 2267 exhibeat,
2020 2195 2194 2276 eique

543 2290 794 2354 verbera
813 2287 1061 2366 inﬂigat,
1099 2284 1442 2344 tolerantem
1476 2301 1541 2346 se
1570 2292 1734 2362 gerat
1762 2292 1988 2364 oportet
2025 2307 2040 2345 :
2071 2286 2194 2345 sive

546 2377 931 2462 pecuniarum
939 2376 1228 2462 jacturarr
1252 2371 1442 2443 faciat,
1447 2371 1648 2462 dotem
1659 2391 1768 2453 que
1783 2391 1947 2434 suam
1965 2375 2189 2435 assumi

547 2460 762 2542 videat,
788 2465 880 2528 vel
904 2466 1080 2527 etiam
1111 2461 1372 2542 zelotypa
1411 2460 1488 2521 sit
1517 2470 1830 2542 propterea
1862 2463 2020 2542 quod
2053 2481 2185 2524 cum

546 2557 679 2620 aliis
729 2558 972 2617 maritus
1016 2551 1203 2632 stupri
1252 2550 1747 2611 consuetudinem
1799 2551 2035 2623 habeat,
2069 2569 2186 2612 non

455 2647 475 2671 ‘
546 2655 750 2710 tamen
780 2643 834 2706 ei
866 2640 1248 2724 permittitur,
1283 2647 1348 2699 ut
1377 2647 1618 2720 propter
1647 2639 1755 2700 has
1772 2658 1979 2702 causas
2007 2658 2042 2702 a
2069 2659 2188 2701 ma-

548 2735 662 2797 rito
693 2734 964 2794 divertat.
1000 2729 1231 2810 Quippe
1268 2727 1318 2787 si
1366 2728 1649 2790 alterutro
1681 2729 1994 2808 conjugum
2027 2729 2186 2790 exis-

549 2830 712 2886 tente
742 2819 994 2894 infideli,
1023 2816 1196 2896 alteri
1229 2815 1542 2877 divortium
1602 2815 1675 2877 ab
1724 2835 1795 2878 eo
1843 2817 2039 2879 facere
2071 2837 2189 2878 non

549 2911 711 2986 licet,
767 2910 842 2970 de
899 2906 1053 2968 beati
1083 2904 1246 2966 Pauli
1302 2903 1634 2969 sententia:
1671 2913 1984 2984 propterea
2030 2905 2189 2986 quod

2269 503 2577 571 ὑποϐάλλει,
2671 519 2781 568 Οσα
2835 532 2895 590 γε
2941 513 3047 588 μὴν
3091 514 3207 591 περὶ
3262 515 3443 570 τούτου
3481 517 3541 571 τὸ
3587 503 3817 590 Πνεξιμξα
3874 519 3928 570 τὸ

2271 592 2418 682 cii-{nov
2489 594 2572 652 διὰ
2639 605 2730 654 τοῦ
2773 599 3006 682 μεγάλου
3061 602 3266 680 Πατρὸς
3323 601 3588 676 βασιλείου
3631 602 3928 682 ἐχρησμο-

2271 679 2514 763 δότησεν,
2549 686 2603 741 ἐν
2647 694 2724 762 τῷ
2790 678 2840 743 θ’
2883 691 3040 747 αὖτοῦ
3076 689 3280 768 nivem,
3314 688 3561 768 ἄγνωμον
3605 689 3820 766 κομιδῆ
3855 695 3926 765 μὴ

2271 772 2405 828 κατὰ
2457 774 2615 852 μέρος
2647 774 2885 840 διεξέται.
2921 766 3016 832 Ἠν
3049 778 3170 856 γὰρ,
3203 766 3384 858 φησὶν,
3439 779 3731 836 ἀκολουθον
3793 781 3926 834 κατᾶ

2271 859 2369 926 τὴν
2425 869 2516 918 τοῦ
2572 865 2760 944 Κυρίου
2817 865 3105 945 ἀπόφασιν.
3168 865 3340 933 ἒξίσης
3397 870 3484 923 καὶ
3552 866 3777 940 ἀνδράσι
3846 872 3926 921 καὶ

2272 947 2489 1024 γυναιξὶ,
2554 957 2653 1018 τὴν
2703 957 2801 1019 τῆς
2858 956 3102 1033 πορνείας
3159 957 3327 1011 αἰτίαν
3395 955 3539 1013 λύσιν
3611 958 3764 1013 εἶναι
3843 964 3926 1012 το]

2270 1038 2469 1114 γάμου.

2357 1116 2419 1182 Ἠ
2482 1125 2534 1183 δέ
2590 1150 2652 1207 γε
2720 1135 2820 1198 τῆς
2863 1129 3184 1198 Ἐκκλησίας
3242 1134 3508 1211 συνήθεια,
3581 1132 3686 1212 οὔχ
3763 1134 3927 1196 οὕτως

2272 1212 2470 1294 ἔχουσα
2501 1215 2776 1281 δείκνυται,
2811 1217 2926 1276 Ἐπὶ
2971 1221 3067 1295 μὲν
3108 1223 3208 1300 γὰρ
3249 1228 3354 1278 τῶν
3398 1228 3656 1298 γυναικῶν
3710 1220 3924 1287 πολλὴν

2274 1306 2578 1387 εὑρίσκομεν
2632 1311 2731 1376 τὴν
2773 1306 3063 1387 ἀκρίϐειαν,
3122 1317 3211 1365 τοῦ
3264 1311 3361 1384 μὲν
3421 1309 3803 1366 Ἀπποστόλου
3831 1309 3923 1366 λέ-

2273 1416 2480 1471 γοντος.
2521 1386 2577 1453 ιΟ
2607 1397 2941 1475 κολλώμενος
2985 1406 3052 1474 τῇ
3081 1399 3271 1476 πόρνῃ,
3325 1401 3378 1457 ἓν
3421 1399 3576 1472 σῶμά
3633 1397 3776 1455 ἐστι.
3827 1406 3925 1456 Τοῦ
4000 1391 4001 1456 ί

2271 1481 2326 1538 δὲ
2374 1475 2643 1562 Ἰερεμίου,
2679 1485 2783 1564 ὅτι,
2833 1485 2958 1545 Ἐὰν
2984 1475 3203 1566 γένηται
3226 1475 3371 1566 νᾶνδρὶ
3414 1488 3598 1566 ἑτέρῳ,
3643 1491 3746 1546 οὒκ
3805 1488 3924 1544 ἑπι-

2271 1571 2483 1650 στρέψει
2553 1576 2684 1652 πρὸς
2754 1578 2846 1631 ’.ὸν
2918 1573 3077 1654 ἄνδρα
3147 1575 3331 1650 αὐτῆς,
3407 1573 3541 1630 ἀλλὰ
3598 1577 3923 1652 μιαινομέντ,

2277 1662 2642 1743 μιανθήσεται,
2690 1663 2735 1720 εί
2779 1664 2856 1740 μὴ
2901 1664 3180 1740 βουληθείη
3239 1667 3266 1720 ὁ
3310 1665 3442 1742 ἀνὴρ
3498 1666 3661 1730 αὐτὴν
3717 1662 3924 1731 δηλαδὴ

2277 1747 2685 1829 προσλαϐέσθαι.
2751 1753 2850 1811 Καὶ
2894 1755 2922 1809 ὁ
2984 1751 3237 1828 Σολομῶν
3280 1753 3333 1808 ἐν
3375 1766 3497 1816 ταῖς
3551 1755 3874 1829 Παροιμίαις
3908 1770 3918 1781 '

2280 1828 2336 1895 Ὀ
2382 1836 2526 1918 ἔχων
2557 1839 2868 1920 μοιχαλίδα,
2919 1840 3096 1921 ἄφρων
3152 1843 3238 1896 καὶ
3288 1838 3508 1913 ἀσεϐὴς,
3551 1828 3854 1919 τουτέστιν,
3900 1844 3923 1896 ὁ

2275 1929 2596 2006 μιγνύμενος
2685 1928 2926 2009 ὁπάνδρῳ
2999 1932 3226 2010 γυναικὶ,
3312 1933 3398 1986 καὶ
3466 1929 3584 1996 ἣτις
3663 1928 3921 1987 δείκνυται

2277 2016 2556 2097 μοιχαλίς.
2618 2020 2746 2084 Τοὺς
2789 2017 2843 2075 δὲ
2877 2020 3229 2099 μοιχεύοντας
3287 2026 3390 2075 τῶν
3435 2016 3655 2097 ἀνδρῶν,
3731 2020 3770 2086 ἢ
3805 2041 3926 2096 πορ-

2276 2106 2538 2181 νεύοντας,
2607 2107 2922 2187 κατέχεσθαι
2968 2109 3066 2164 ὑπὸ
3109 2110 3214 2163 τῶν
3274 2105 3415 2163 ἰδίων
3465 2113 3727 2184 γυναικῶν
3786 2110 3923 2164 61:0-

2274 2195 2490 2258 τίθεται.
2541 2196 2667 2254 Εἴτε
2697 2200 2796 2276 γὰρ
2843 2200 2930 2254 καὶ
2986 2198 3377 2276 ἐμπικραίνοιτό
3433 2218 3511 2261 τις
3562 2203 3630 2272 τῇ
3685 2201 3918 2274 γυναικὶ,

2274 2285 2361 2340 καὶ
2413 2283 2622 2363 πληγὰς
2653 2285 2891 2368 ἐντείνοι,
2936 2300 3208 2366 καρτερεῖν
3240 2288 3433 2352 ταύτην
3485 2284 3567 2342 δεῖ
3600 2302 3614 2314 ⁸
3674 2286 3794 2342 εἴτε
3854 2289 3923 2348 εἷς

2274 2374 2530 2450 χρήματα
2588 2381 2800 2450 ζημιοῖ,
2846 2375 3064 2442 κάκείνη
3135 2375 3232 2440 τὴν
3275 2387 3472 2454 προῖκα
3529 2372 3921 2448 δαπανωμένης,

2272 2462 2440 2540 ὁρώῃ,
2499 2462 2535 2530 ἢ
2594 2465 2680 2518 καὶ
2735 2463 3045 2534 ζηλοτύπως
3104 2463 3221 2544 ἔχοι
3279 2472 3356 2537 τῷ
3393 2463 3594 2541 ἑτέραις
3626 2466 3716 2519 τὸν
3765 2463 3920 2543 ἄνδρα

2271 2551 2686 2629 συμφθείρεσθαι,
2754 2554 2848 2608 οὐκ
2904 2553 3108 2632 ἐφεῖται
3168 2553 3333 2628 ταύτῃ
3383 2549 3773 2629 διαζεύγνυσθαι
3833 2562 3922 2610 τοῦ

2272 2636 2456 2718 ἀνδρὸς
2501 2641 2642 2708 παρᾶ
2684 2647 2870 2699 ταῦτα.
2919 2643 2975 2697 Εἰ
3027 2643 3126 2718 γὰρ
3195 2641 3414 2696 ἀπίστου
3471 2642 3750 2719 καθετέρου
3818 2649 3919 2698 τῶν

2273 2728 2650 2783 συνοικούντων
2733 2730 3112 2808 τυγχάνοντος,
3201 2727 3400 2807 θατέρῳ
3466 2731 3795 2809 χωρισθῆναι
3866 2734 3922 2788 οὗ

2274 2814 2506 2877 δύναται.
2553 2818 2689 2872 κατὰ
2730 2819 2822 2873 τὸν
2875 2819 3133 2896 μακάριον
3190 2816 3419 2891 Παῦλον,
3480 2818 3563 2874 διὰ
3617 2821 3679 2876 τὸ
3724 2819 3920 2888 ἄδηλον

2273 2911 2373 2973 τῆς
2442 2904 2707 2970 ἐκϐάσεως
2766 2908 2836 2988 (τί
2890 2910 2988 2988 γὰρ
3031 2907 3205 2988 οἶδας,
3263 2909 3446 2986 γύναι,
3513 2911 3695 2990 φησὶν,
3743 2914 3790 2967 εἰ
3836 2915 3922 2969 τὸν

549 2999 865 3062 obscurum
915 2996 1012 3071 sit,
1047 2993 1189 3076 quid
1232 2991 1471 3055 evenire
1505 2999 1677 3073 queat
1720 2993 1976 3073 :(ecquid
2029 2994 2185 3056 enim

2276 2991 2432 3074 ἄνδρα
2488 2997 2691 3076 σώσῃς)
2732 3015 2750 3035 ο
2822 3004 2937 3061 πῶς
3007 2998 3276 3080 ἀνεύθυνος
3335 2996 3478 3054 ἔσται
3537 3001 3570 3065 ἡ
3612 2997 3683 3054 δι’
3740 3001 3921 3080 ἑτέραν

547 3085 754 3168 nostii,
807 3085 1042 3159 mulier,
1105 3082 1206 3158 ait,
1254 3090 1639 3154 an_martum
1701 3081 1782 3142 sis
1819 3082 2184 3163 servatura?)

547 3194 806 3259 quonam
849 3173 1022 3236 modo
1069 3171 1245 3252 culpa
1288 3169 1535 3259 carebit,
1593 3187 1712 3259 que
1743 3178 1985 3250 propter
2012 3170 2187 3232 aliam

545 3257 782 3328 causam
819 3261 1160 3344 conjugium
1232 3257 1543 3321 dissolvit?
1589 3257 1756 3322 Unde
1813 3259 2190 3321 concluditur

545 3373 699 3430 eam,
725 3371 857 3435 quae
885 3352 1159 3413 maritum
1190 3347 1414 3428 absque
1437 3348 1598 3428 justa
1627 3365 1803 3409 causa
1832 3347 2184 3422 deseruerit,

542 3443 595 3506 si
621 3443 864 3506 alterius
887 3441 948 3503 in
970 3445 1330 3502 consortium
1356 3456 1491 3499 sese
1520 3437 1774 3510 dederit,
1802 3455 1906 3516 pro
1923 3437 2188 3499 adultera

545 3531 904 3595 habendam.
930 3528 1072 3601 Quae
1101 3545 1238 3589 vero
1272 3525 1539 3605 legitime
1570 3545 1703 3587 cum
1726 3526 1850 3586 viro
1864 3525 2098 3588 deserto
2124 3526 2186 3588 in

544 3639 782 3683 manum
814 3618 952 3692 coit,
979 3635 1090 3680 nec
1119 3624 1185 3678 ut
1212 3616 1618 3686 adultera,nec
1645 3624 1710 3676 ut
1739 3615 2016 3677 meretrix
2037 3635 2184 3677 con-

542 3709 879 3774 demnatur.
917 3708 1074 3771 Sane
1103 3705 1151 3768 si
1183 3705 1426 3766 maritus
1454 3704 1527 3766 ab
1555 3723 1735 3766 uxore
1764 3705 1946 3767 divert
1959 3706 2096 3780 erit,
2129 3715 2187 3767 et

539 3799 613 3861 ad
642 3800 818 3863 aliam
871 3815 1002 3860 sese
1059 3794 1402 3868 contulerit,
1445 3802 1567 3855 tum
1614 3793 1744 3874 ipse
1790 3793 2024 3855 adulter
2068 3803 2177 3870 est,

539 3887 717 3950 veluti
747 3887 847 3968 qui
876 3892 1090 3947 auctor
1117 3886 1217 3957 sit,
1253 3890 1315 3944 ut
1346 3900 1412 3943 ea
1440 3900 1547 3963 per
1574 3882 1926 3943 adulterium
1951 3883 2181 3960 pollua-

540 3981 658 4050 tur;
691 3983 811 4034 tum
857 3991 986 4052 qua:
1016 3972 1076 4032 in
1106 3971 1291 4052 ipsius
1340 3978 1426 4030 est
1477 3970 1884 4043 contuhcrnio,
1918 3969 2183 4033 adultera

539 4069 630 4123 est
659 4068 969 4141 propterea
1001 4061 1156 4140 quod
1193 4059 1465 4121 maritum
1497 4058 1755 4119 alienum
1795 4058 1864 4118 ad
1892 4076 2026 4118 sese
2056 4068 2176 4121 tra-

535 4147 791 4211 duxerit.
828 4146 966 4210 Haac
987 4146 1263 4209 Basilius.
1285 4147 1370 4208 Ex
1402 4146 1696 4227 publicata
1725 4165 1862 4207 vero
1894 4147 2178 4227 deinceps

535 4235 775 4299 Novella
798 4236 1372 4316 Justinianea,quam
1407 4235 1482 4296 de
1505 4235 1798 4296 solutione
1823 4235 2184 4300 matrimonii

3197 3072 3221 3096 τ’
3473 3089 3487 3106 κ
3578 3084 3604 3106 ν
3643 3086 3668 3106 κ
3834 3072 3844 3080 “

3119 3105 3135 3162 ;
3210 3096 3345 3141 Ωστε
3375 3088 3408 3154 ἡ
3439 3108 3529 3143 τον
3571 3105 3734 3166 ανορα
3780 3112 3921 3169 παρ-

2273 3171 2480 3250 αλόγως
2553 3173 2907 3249 ἀπολιποῦσα,
2968 3178 3012 3231 εἰ
3067 3173 3214 3248 ἄλλῳ
3266 3178 3585 3249 συνοικήσει,
3659 3180 3924 3259 μοιχαλὶς

2270 3259 2554 3337 λογίζεται.
2588 3265 2646 3319 Εἰ
2675 3261 2730 3319 δὲ
2761 3271 2840 3338 τῷ
2895 3263 3281 3343 καταληφθέντι
3310 3262 3374 3314 53
3425 3263 3562 3343 ἀνδρὶ
3590 3273 3922 3346 συναφϐεἶσα

2271 3348 2531 3428 νομίμως,
2578 3351 2694 3407 οὔτε
2736 3354 2809 3416 ὡς
2839 3351 3116 3432 μοιχαλὶς,
3180 3351 3297 3409 οὔτε
3339 3354 3410 3416 ὡς
3452 3353 3616 3431 πόρνη
3651 3359 3923 3437 κατακρί-

2269 3458 2434 3497 νεται.
2483 3440 2541 3496 Εἰ
2572 3438 2670 3514 μέν
2698 3454 2814 3504 τοϊς
2843 3443 2871 3497 ὁ
2901 3441 3032 3520 ἀνὴρ
3088 3441 3324 3505 ἀποστὰς
3381 3446 3477 3508 τῆς
3537 3445 3796 3520 γυναικὸς
3843 3446 3924 3502 ἐπ’

2269 3524 2437 3593 ἄλλην
2479 3525 2630 3608 ἦλθε,
2689 3531 2776 3586 καὶ
2814 3531 2970 3595 αὖτὸς
2999 3531 3219 3609 μοιχὸς,
3267 3532 3340 3594 ὡς
3382 3535 3548 3586 ποιῶν
3591 3534 3759 3600 αὐτὴν
3793 3559 3922 3610 μοι-

2269 3619 2546 3694 χευθήναι,
2611 3620 2698 3674 καὶ
2765 3621 2799 3687 ἡ
2873 3626 3182 3676 συνοικοῦσα
3232 3620 3401 3694 τούτῳ
3443 3620 3720 3700 μοιχαλὶς,
3787 3622 3922 3680 διότι

2268 3705 2395 3781 πρὸς
2452 3705 2646 3772 ἑαυτὴν
2727 3705 3005 3786 ἀλλότριον
3074 3706 3395 3782 μετέστησεν
3480 3705 3658 3787 ἄνδρα.

2265 3801 2428 3851 ταῦτα
2484 3794 2582 3868 μὲν
2631 3796 2804 3858 οὗτος.
2853 3793 2986 3852 Ἀπὸ
3031 3793 3084 3851 δὲ
3137 3800 3236 3862 τῆς
3283 3794 3496 3874 ὕστερον
3552 3796 3926 3878 ἐξενεχθείσης

2268 3879 2686 3940 Ἰουστινιανείου
2755 3891 2978 3964 Νεαρᾶς,
3039 3885 3104 3950 ἣν
3158 3886 3219 3940 τὸ
3272 3886 3391 3964 περὶ
3433 3907 3530 3953 της
3571 3885 3776 3952 λύσεως
3811 3893 3924 3966 γα-

2264 3991 2367 4045 μου
2409 3971 2519 4027 ἀνω
2579 3974 2722 4030 τεθὲν
2779 3974 3017 4053 περιέχει
3070 3971 3379 4054 κεφάλαιον,
3442 3977 3529 4031 καὶ
3585 3976 3719 4043 αὕτη
3794 3994 3925 4044 ταῖς

2264 4057 2449 4123 ἄλλαις
2503 4061 2691 4125 αίτίαις
2746 4062 3052 4142 ἠρίθμηται,
3112 4060 3181 4117 δι’
3237 4063 3299 4126 ἃς
3343 4063 3486 4120 λύειν
3528 4079 3649 4128 ταῖς
3713 4069 3923 4144 γυναιῦ

2261 4149 2325 4203 τὰ
2381 4149 2678 4205 συνοικέσια
2720 4148 2936 4212 δίδοται.
2998 4153 3056 4208 Εἰ
3107 4152 3161 4208 ἐν
3212 4159 3281 4230 τῇ
3325 4155 3458 4230 αὐτῇ
3499 4151 3702 4220 δηλαδη
3746 4158 3922 4228 οἰκείᾳ

2269 4236 2304 4303 ἦ
2347 4235 2523 4312 πόλει»
2556 4239 2706 4316 ἑτέρᾳ
2747 4241 2775 4294 δ
2833 4239 2966 4318 ἀνὴρ
3009 4243 3373 4321 συμφθείροιτο
3430 4244 3654 4319 γυναικὶ,
3702 4246 3923 4304 καὶτοῦ

2274 3085 2438 3141 αἰτίαν
2471 3084 2660 3142 λύουσα
2703 3088 2802 3154 τὴν
2844 3087 3085 3165 συζυγίαν
3119 3105 3134 3162 ;

536 4344 719 4407 supra
750 4325 1002 4408 positum
1022 4332 1200 4406 caput
1230 4323 1693 4400 continet,etiam
1718 4325 1842 4386 haec
1873 4323 2029 4386 inter
2043 4326 2184 4389 alias

2270 4324 2456 4402 μέρους
2515 4330 2613 4392 τῆς
2671 4323 2799 4389 ἰδίας
2883 4330 3129 4405 γυναικὸς
3202 4329 3566 4405 ἐπιτιμώντων
3622 4333 3766 4406 αύτῷ
3829 4337 3918 4390 καὶ

533 4433 738 4477 causas
768 4423 857 4477 est
889 4423 1336 4486 connumerata,
1400 4420 1644 4493 propter
1697 4431 1843 4494 quas
1898 4413 2182 4476 uxoribus

2270 4413 2647 4489 ὕποτιθεμένων
2707 4415 2994 4483 ἂποςτῆναι
3041 4421 3140 4484 τῆς
3209 4419 3340 4496 πρὸς
3410 4417 3612 4485 ἐκείνην
3671 4419 3914 4497 ὁμιλίας,

531 4504 806 4584 conjugia
835 4503 1163 4566 dissolvere
1213 4501 1566 4584 permissum
1601 4511 1689 4562 est
1718 4501 1882 4581 (51):
1917 4501 1980 4564 Si
2008 4501 2176 4566 vide-

528 4591 672 4654 licet
703 4593 909 4655 eadem
941 4591 1002 4654 in
1025 4591 1323 4666 domo,vel
1357 4591 1756 4666 civitate,cum
1780 4591 1899 4652 alia
1928 4591 2180 4656 muliere

529 4681 717 4762 stupri
737 4680 1236 4744 consuetudinem
1267 4681 1512 4742 maritus
1543 4680 1789 4754 habeat;
1821 4687 1877 4741 et
1927 4680 2175 4760 propin-

527 4769 661 4850 quis
686 4769 886 4832 uxoris
933 4787 1053 4832 suze
1101 4768 1544 4850 increpantibus
1576 4787 1736 4850 eum,
1769 4786 1838 4828 ac
1872 4770 2172 4830 monenti-

528 4856 661 4932 bus,
695 4867 761 4920 ut
807 4858 881 4920 ab
911 4857 1076 4921 illius
1107 4859 1538 4920 consuetudine
1563 4857 1878 4931 abstineat,
1911 4875 2029 4916 non
2061 4857 2171 4918 ob-

527 4945 1017 5028 temperet.Tunc
1047 4947 1206 5008 enim
1237 4946 1472 5008 mulieri
1497 4945 1803 5026 permittit,
1838 4954 1902 5007 ut
1930 4953 2176 5026 propter

526 5033 884 5117 zelotypiam
917 5035 1368 5098 matrimonium
1415 5034 1620 5098 solvat.
1681 5033 1933 5097 Basilius
1978 5043 2171 5095 autem

525 5140 754 5185 canone
783 5123 1094 5202 tricesimo
1124 5123 1332 5204 quinto
1363 5143 1376 5184 :
1403 5124 1468 5186 In
1489 5121 1581 5200 iis,
1615 5123 1827 5205 ait,qui
1860 5123 2168 5184 matrimo-

2263 4505 2340 4575 μὴ
2395 4505 2645 4562 πείθοιτο.
2693 4511 2992 4570 Τηνικαῦτα
3043 4507 3143 4584 γὰρ
3200 4505 3342 4563 λύειν
3383 4508 3502 4571 τοὺς
3560 4509 3766 4586 γάμους
3831 4509 3918 4567 διὰ

2260 4588 2360 4655 τὴν
2389 4589 2708 4660 ζηλοτυπίαν
2757 4591 2988 4674 ἐφίησιν.
3049 4592 3140 4652 Ἐν
3182 4593 3238 4650 δὲ
3290 4603 3369 4671 τῷ
3399 4587 3501 4658 λε’.
3547 4599 3576 4654 ὁ
3606 4598 3915 4672 Busan“,

2260 4675 2343 4732 ἐπὶ
2372 4684 2477 4734 τῶν
2506 4676 2821 4739 διαλυόντων
2850 4685 2941 4738 τὸν
2971 4683 3142 4760 γάμον
3201 4683 3299 4750 τὴν
3353 4685 3520 4742 αἰτίαν
3564 4687 3702 4765 χρὴ,
3753 4690 3913 4768 φησὶ,

2258 4780 2502 4828 σκοπεῖν.
2540 4773 2636 4826 Καὶ
2683 4772 2728 4826 εἰ
2781 4771 2879 4845 μὲν
2936 4771 3254 4850 παραλόγως
3299 4780 3390 4829 τοῦ
3446 4771 3630 4852 ἀνδρὸς
3685 4777 3917 4857 ἀνεχώ-

2256 4876 2414 4933 ρησεν
2458 4859 2492 4925 ἡ
2547 4860 2703 4939 γυνὴ,
2749 4861 2784 4927 ἡ
2817 4859 2913 4936 μὲν
2970 4861 3271 4937 ἐπιτιμίων,
3301 4864 3330 4918 ὁ
3355 4860 3408 4918 δὲ
3443 4865 3734 4941 συγνώμης
3768 4867 3918 4931 ἄξιος

2254 4945 2505 5022 κρίνεται.
2580 4950 2716 5028 Πρὸς
2786 4951 2849 5005 τὸ
2903 4964 3180 5008 κοινωνεῖν
3237 4950 3416 5026 μέντοι
3586 4951 3921 5038 Ἐκκλησίᾳ,

2255 5037 2313 5092 οὗ
2381 5035 2488 5109 μὴν
2551 5039 2639 5093 καὶ
2683 5036 2834 5117 ἑτέρᾳ
2873 5035 3076 5106 δηλαδὴ
3135 5043 3446 5117 ηκρῆσθαι.
3506 5039 3673 5098 Ἀλλὰ
3735 5048 3828 5102 καὶ
3895 5035 3924 5102 ὃ

2254 5128 2351 5189 an:
2411 5122 2465 5177 ἓν
2528 5127 2831 5206 Καρθαγένῃ
2887 5117 3020 5204 ρξ’,
3083 5129 3200 5192 τοὺς
3256 5126 3591 5194 διαλυθέντας
3669 5137 3775 5199 τῆς
3828 5146 3928 5194 το]

1857 5251 2110 5318 VARLE
2157 5251 2567 5319 LECTIONES

603 5347 668 5400 56
692 5350 727 5418 ἡ
759 5347 812 5406 δὲ
841 5357 920 5425 τῷ
948 5348 1356 5431 κακελειφθέντι.

2083 5480 2330 5549 ΝΟΤΕ.

609 5611 738 5694 (51)
770 5609 1008 5676 Novella
1041 5618 1177 5696 11⁸7,
1207 5639 1334 5701 cap.
1371 5619 1427 5683 8.

3748 3708 3922 3769 Ἀλλὰ
4000 3717 4001 3722 “
