4074 6212
263 247 419 312 1293

1604 247 2171 314 GRECO-ROMAN
2177 248 2222 310 U
2230 249 2284 311 Μ
2296 295 2309 310 .

3486 243 3638 309 1294

259 379 436 455 γάμου
457 380 754 456 συναφείας,
789 379 826 447 ἢ
854 377 1109 449 ἀλλήλοις
1151 378 1624 452 καταλλάττεσθαι,
1683 381 1720 450 ἢ
1775 380 1892 440 οὔτε

1994 377 2160 440 nium
2191 376 2540 454 dissolvunt,
2573 395 2752 441 causa
2778 376 3214 441 consideranda
3234 376 3419 439 venit.
3453 377 3539 439 Ac
3559 377 3641 438 si-

261 465 440 543 μένειν
481 465 860 540 διακελεύεται,
893 469 1029 525 κατὰ
1074 470 1172 537 τὴν
1221 475 1314 526 τοῦ
1357 469 1545 548 Κυρίου
1587 469 1852 550 ἀπόφασιν
1883 489 1900 506 ⁸

268 579 298 612 α
346 557 447 622 Οὓς
478 559 507 615 ὁ
536 559 662 625 Θεὸς
709 555 1026 632 συνέζευξεν,
1073 555 1344 639 ἅνθρωπος
1401 559 1480 633 μὴ
1525 560 1824 639 χωριζέτω,
1873 584 1902 616 ι

264 645 366 704 Καὶ
391 653 484 704 τοῦ
513 645 840 706 Ἀποστόλου
874 665 890 681 ⁶
960 644 1172 705 Δέδεται
1213 647 1419 727 γυναικί
1448 666 1464 728 ;
1512 648 1590 724 μὴ
1636 649 1783 720 ζήτει
1810 648 1909 707 λύ-

266 754 374 797 σιν.

1988 465 2230 549 quidem
2264 465 2488 548 absque
2508 467 2672 548 justa
2699 485 2880 530 causa
2909 466 3125 529 mulier
3143 483 3178 528 a
3204 466 3328 528 viro
3353 463 3634 547 secessit,

1989 555 2121 637 ipsa
2142 555 2360 638 panis,
2391 556 2490 618 ille
2521 555 2690 619 venia
2713 557 2927 636 dignus
2955 555 3302 635 judicatur:
3335 553 3632 627 videlicet,

1989 656 2056 706 ut
2087 664 2223 708 cum
2252 643 2517 708 Ecclesia
2563 646 2986 719 communicet,
3039 663 3159 706 non
3209 644 3392 706 etiam
3421 651 3488 705 ut
3518 643 3635 705 alia

1995 737 2213 800 mulier
2239 745 2462 802 utatur.
2493 735 2648 810 Quin
2678 736 2855 800 etiam
2886 735 3095 818 synodi
3131 733 3638 815 Carthaginiensis

266 839 459 885 canon
488 824 852 888 centesimus
880 832 1082 887 sextus
1111 825 1399 908 pracipit,
1435 832 1497 889 ut
1523 826 1626 906 qui
1655 845 1690 890 a
1719 827 2140 908 conjunctione
2166 825 2586 890 matrimoniali
2615 826 3004 894 diverterent.
3035 824 3125 887 vel
3150 824 3307 887 inter
3336 843 3402 886 se
3430 842 3636 887 recon-

260 911 560 995 cilientur,
595 913 686 976 vel
714 914 797 977 ita
824 912 1069 978 caelibes
1099 923 1396 990 maneant,
1424 916 1594 996 juxta
1624 916 2060 998 pronuntiatam
2090 916 2243 980 hanc
2268 935 2303 978 a
2331 915 2581 978 Domino
2629 914 2980 978 sententiam
3019 936 3033 973 :
3091 913 3248 990 Quos
3295 915 3455 978 Deus
3485 930 3632 976 con-

255 1001 488 1084 junxit,
519 1001 698 1067 homo
725 1021 850 1067 non
876 1011 1160 1085 separet:
1194 1011 1252 1068 et
1271 1003 1372 1068 illa
1400 1005 1666 1086 Apostoli
1698 1027 1713 1068 :
1743 1005 2035 1087 Alligatus
2065 1022 2132 1067 es
2161 1006 2328 1068 uxori
2355 1004 2386 1065 ?
2415 1024 2534 1067 non
2562 1023 2763 1086 quare
2793 1003 3132 1068 divortium.

270 1111 298 1146 ε
363 1100 457 1150 Οτι
498 1098 603 1151 τῶν
631 1091 774 1152 ἰδίων
801 1102 1066 1173 γυναικῶν
1093 1097 1408 1176 χωριζεσθαι
1436 1093 1520 1154 δεῖ
1545 1097 1664 1163 τοὺς
1697 1096 1908 1154 ἐπισκό-

971 1205 1126 1250 πους,
1167 1207 1192 1239 ιι

342 1273 402 1328 Οἱ
430 1275 526 1338 τῆς
569 1261 653 1345 ς’
681 1269 894 1330 συνόδου
933 1275 1070 1331 θεῖοι
1127 1272 1356 1354 Πατέρες
1399 1273 1452 1331 ὲν
1489 1281 1567 1350 τῷ
1610 1264 1684 1352 ιβ’
1723 1275 1904 1333 κανόνι

260 1357 563 1438 ἀπείργωσι
590 1361 710 1425 τοὺς
753 1361 1027 1442 ἀρχιερεῖς
1058 1363 1193 1439 μετὰ
1242 1363 1344 1431 τὴν
1387 1364 1717 1444 χειροτονίαν
1775 1387 1904 1422 συν-

261 1449 433 1506 οικεῖν
462 1447 598 1516 ὅλως
626 1463 749 1514 ταῖς
799 1453 900 1530 πρὸ
945 1457 1045 1519 τῆς
1098 1452 1428 1533 χειροτονίας
1470 1456 1690 1530 θεσμοῖς
1732 1453 1905 1533 γάμου

258 1540 621 1617 συναφθείσαις
677 1541 862 1605 αὐτοῖς
922 1539 1142 1620 γυναιξὶ,
1201 1542 1289 1598 καί
1348 1563 1506 1619 φασιν
1540 1561 1552 1575 ·

257 1624 500 1698 ἀθετήτει
528 1634 634 1684 τῶν
672 1642 791 1694 τοῖς
850 1633 1012 1710 ἱεροῖς
1062 1629 1376 1697 ἀποστόλοις
1420 1630 1472 1688 ἐν
1542 1637 1620 1706 τῷ
1675 1630 1904 1708 πέμπτῳ

257 1715 752 1792 νενομοθετημένων
833 1717 1036 1791 κανόνι,
1123 1727 1279 1778 τοῦτο
1341 1718 1678 1794 θεσπίζομεν,
1767 1717 1904 1774 ἀλλᾶ

255 1803 357 1871 τὴν
384 1801 470 1860 ἐπὶ
515 1807 577 1861 τὸ
635 1818 878 1885 κρεῖττον
933 1804 1161 1863 ἐπίδοσιν
1216 1812 1318 1874 τῆς
1375 1804 1692 1875 Ἐκκλησίας
1759 1829 1900 1888 πρα-

255 1895 667 1970 γματευόμενοι.
701 1899 759 1954 Οἱ
789 1895 886 1972 μὲν
926 1897 1026 1976 γὰρ
1077 1899 1213 1954 θεῖοι
1274 1894 1560 1953 ἀπόστολοι
1630 1893 1745 1973 ἄρτι
1802 1900 1901 1962 τῆς

259 1979 580 2065 ξΕκκλησίας
645 1990 714 2062 τῇ
783 1986 888 2042 τῶν
963 1982 1222 2044 Ἰουδαίων
1297 1985 1593 2065 παχύτητι,
1663 1984 1752 2041 καὶ
1833 1991 1902 2061 τῇ

262 2059 551 2149 Ἑλληνικῇ
590 2059 965 2149 δεισιδαιμονίᾳ
1004 2071 1178 2130 πολλὰ
1207 2059 1419 2154 χαίρει-ν
1442 2073 1716 2147 εἰπούσης,
1762 2059 1902 2129 ἔστιν

255 2161 343 2224 οῖς
385 2165 490 2216 τῶν
546 2162 814 2242 Πατρῴων
856 2160 986 2220 ἐθῶν
1013 2161 1303 2220 ἐνεδίδοσαν
1358 2162 1612 2242 χρῆσθαι,
1646 2161 1774 2220 Οῗτὲ
1801 2163 1901 2241 γὰρ

255 2252 361 2304 τῶν
411 2247 672 2307 Ἰουδαίων
712 2253 800 2309 καὶ
842 2254 888 2309 οἱ
923 2252 1030 2309 τῶν
1061 2243 1332 2322 Ἐλλήνων
1360 2252 1632 2332 ἀρχιερεῖς
1661 2257 1767 2310 τῶν
1797 2273 1898 2308 συ-

259 2336 450 2394 νεῦνων
478 2338 572 2395 οὐκ
597 2338 940 2421 ἐχωρίζοντο,
973 2343 1045 2400 Τὸ
1089 2337 1145 2397 δὲ
1195 2343 1425 2421 τήμερον
1473 2342 1643 2416 εἶναι,
1702 2341 1900 2423 χρῆναί

256 2446 382 2504 φασι
411 2428 532 2493 τοὺς
562 2427 836 2510 ἀρχιερεῖς
877 2431 967 2486 τὸν
1009 2429 1121 2506 βίον
1179 2432 1309 2508 πρὸς
1338 2427 1529 2510 ἀκριϐῆ
1561 2430 1902 2510 σωφροσύνην

257 2514 662 2594 ἀπευθύνοντας,
729 2521 834 2599 οὐχ
885 2517 1030 2582 ὅπως
1079 2518 1176 2587 τῆς
1229 2524 1336 2575 τῶν
1393 2518 1704 2600 ἀλλοτρίων,
1764 2518 1900 2576 ἀλλᾶ

253 2606 345 2662 καὶ
401 2611 502 2674 τῆς
553 2609 658 2663 τῶν
712 2605 853 2666 ἰδίων
900 2607 1162 2687 γυναικῶν
1220 2606 1433 2684 ὁμιλίας
1476 2606 1893 2670 ἀποδιίστασθαι,

255 2700 423 2752 Τοῦτο
490 2696 590 2774 γὰρ
644 2694 936 2753 σκανδάλου
1005 2697 1264 2775 πρόφασιν
1322 2694 1429 2756 οὐδ’
1485 2699 1724 2766 ἡντινοῦν
1781 2709 1895 2762 τοῖς

251 2783 354 2840 ὑπὸ
408 2797 576 2864 χεῖρα
615 2782 942 2864 καταλείπει,
984 2785 1074 2841 καὶ
1114 2785 1429 2865 ἀποφέρουσι
1484 2787 1546 2842 τὸ
1601 2784 1894 2865 ἀποστολι-

251 2872 348 2931 κόν
383 2856 792 2951 “hamum
819 2856 1018 2951 γίνεσθε
1059 2875 1147 2930 καὶ
1187 2856 1482 2950 Ἰουδαίοις,
1527 2876 1615 2932 καὶ
1650 2856 1889 2948 Ἕλλησι,

2069 1095 2398 1176 EpiscOpos
2426 1095 2501 1158 ab
2529 1093 2834 1157 uxoribus
2861 1099 2990 1156 suis
3015 1091 3293 1175 separari
3321 1091 3556 1192 debere.

2069 1271 2261 1334 Divini
2283 1279 2465 1335 sexta
2481 1272 2688 1352 synodi
2714 1271 2914 1335 Patres
2935 1272 2996 1333 in
3017 1286 3247 1335 canone
3275 1267 3632 1332 duodecimo

1989 1361 2300 1441 pontiﬁces
2328 1360 2571 1423 omnino
2603 1369 2731 1441 post
2760 1360 3195 1423 ordinationem
3219 1365 3424 1419 arcent
3444 1357 3516 1420 ab
3541 1376 3636 1421 ea-

1986 1466 2119 1510 rum
2147 1449 2460 1511 mulierum
2476 1447 3176 1528 contubernio,quaante
3197 1445 3630 1508 ordinationem

1642 1543 1750 1601 Οὒκ
1819 1537 2355 1621 ἐπ’,ωιιιι-ἱηιοηὶἰ
2386 1539 2514 1621 lege
2547 1556 2682 1599 cum
2733 1536 2820 1600 eis
2871 1535 3393 1614 erant,co.pulata,
3454 1533 3633 1615 idque

1984 1624 2182 1687 verbis
2230 1625 2572 1706 hujusmodi
2608 1645 2622 1686 :
2669 1627 2804 1690 Non
2849 1632 2912 1686 ut
2953 1622 3308 1702 abrogemus
3349 1640 3441 1703 ea,
3501 1641 3631 1704 qua

1986 1714 2172 1776 sancti
2199 1714 2450 1795 apostoli
2485 1731 2710 1775 canone
2737 1712 2946 1794 quinto
2971 1711 3452 1785 statuerunt,hoc
3483 1731 3627 1774 san-

1985 1799 2197 1882 cimus,
2231 1802 2336 1864 sed
2364 1810 2426 1864 ut
2473 1802 2906 1864 incrementum
2960 1798 3244 1862 Ecclesia
3290 1799 3363 1861 ad
3415 1807 3628 1862 statum

1986 1890 2294 1952 meliorem
2328 1887 2990 1972 procuremus.Etenim
3019 1888 3108 1949 illi
3133 1887 3316 1949 divini
3349 1888 3624 1970 apostoli,

1985 1997 2118 2042 cum
2151 1998 2362 2042 recens
2389 1979 2658 2043 Ecclesia
2704 1979 3042 2042 Jndaorum
3073 1976 3386 2051 crassitici,
3432 1986 3490 2038 et
3519 1996 3624 2039 su-

1984 2069 2319 2148 perstitioni
2376 2087 2767 2150 paganorum,
2829 2069 3070 2145 longum
3127 2065 3296 2126 valde
3349 2064 3617 2148 dixisset,

1982 2158 2286 2220 nonnullis
2302 2167 2367 2220 ut
2388 2157 2926 2221 consuetudinibus
2940 2154 3174 2238 patritis
3200 2162 3483 2230 uteretur,
3495 2173 3626 2234 per-

1983 2247 2296 2311 miserunt.
2330 2247 2564 2330 Quippe
2596 2257 2710 2309 tam
2755 2246 3117 2320 Judaorum,
3150 2263 3326 2325 quam
3358 2262 3621 2325 pagano-

1979 2355 2110 2398 rum
2146 2338 2476 2417 pontiﬁces,
2510 2357 2544 2399 a
2569 2336 2684 2399 tori
2707 2334 3086 2400 consortibus
3107 2352 3225 2397 non
3257 2334 3622 2414 separaban-

1985 2428 2100 2488 tur’.
2134 2428 2356 2489 Verum
2381 2437 2441 2488 ut
2463 2426 2640 2490 hodie
2661 2433 3017 2508 comparata
3036 2441 3137 2486 res
3166 2431 3326 2504 sunt,
3351 2441 3619 2487 necessao

1979 2515 2134 2577 rium
2213 2523 2497 2591 statuunt,
2572 2525 2636 2577 ut
2690 2515 2867 2576 vitam
2924 2531 3090 2575 suam
3167 2511 3478 2592 pontifices
3546 2511 3620 2574 ad

1957 2603 2304 2667 castitatem
2343 2613 2681 2667 accuratam
2733 2603 3082 2682 dirigentes,
3135 2618 3256 2662 non
3293 2600 3620 2662 alienarum

1982 2692 2179 2768 modo,
2241 2694 2346 2756 sed
2381 2712 2627 2756 suarum
2667 2692 2848 2754 etiam
2905 2707 3154 2753 uxorum
3186 2688 3620 2751 consuetudine

1977 2780 2337 2844 abstineant.
2352 2781 2476 2846 Hoc
2495 2783 2654 2846 enim
2683 2779 3062 2843 occasionem
3096 2777 3363 2840 scandali
3395 2777 3617 2839 nnllam

1977 2871 2220 2932 omnino
2250 2870 2505 2935 subditis
2535 2869 2841 2951 relinquit,
2869 2875 2924 2931 et
2945 2866 3186 2948 ipsimet
3213 2865 3478 2946 episcopi
3501 2866 3621 2928 lau-

251 2964 340 3021 καὶ
367 2969 438 3041 τῇ
465 2961 754 3038 Ἐκκλησία
780 2971 875 3022 τοῦ
929 2963 1081 3044 Θεοῦ,
1126 2965 1217 3021 καὶ
1269 2966 1336 3021 τὰ
1387 2963 1534 3033 ἑξῆς.
1581 2966 1718 3023 Εἶτα
1772 2979 1890 3030 τοῖς

1979 2957 2111 3021 dem
2142 2959 2303 3022 illam
2326 2959 2713 3040 apostolicam
2741 2960 3019 3021 auferunt
3045 2977 3058 3013 ε
3090 2953 3333 3044 _Absque
3361 2953 3620 3044 otl‘endi-

252 3052 330 3128 μὴ
359 3054 426 3111 τὰ
465 3061 558 3112 τοῦ
605 3055 826 3120 κανόνος
882 3041 1273 3134 πρεσϐεύουσιν,
1331 3053 1592 3132 ἐπιτίμιον
1634 3055 1888 3136 ἐπάγουσι

1979 3049 2106 3110 culo
2135 3050 2270 3113 sitis
2297 3059 2356 3111 et
2385 3047 2630 3125 Judais,
2649 3057 2711 3111 et
2734 3045 3066 3128 paganis,et
3084 3041 3366 3105 Ecclesia
3393 3042 3525 3136 D_ei,
3558 3051 3621 3106 et

246 3141 346 3210 τὴν
386 3146 704 3225 καθαίρεσιν,

252 3435 276 3471 ε
319 3396 425 3471 ’δτι
452 3410 537 3470 δεῖ
568 3414 657 3471 καὶ
683 3412 1014 3494 ἀποκαρῆναι
1038 3413 1137 3481 τὴν
1159 3415 1516 3494 χωρισθεῖσαν
1546 3420 1639 3472 τοῦ
1667 3410 1889 3469 ἔπισκό-

833 3515 934 3550 που
962 3506 1213 3572 γυναῖκα⁶
1252 3515 1278 3550 ο

329 3579 418 3640 Ἐν
473 3581 528 3638 δὲ
575 3587 653 3658 τῷ
695 3583 772 3660 μὴ
812 3583 991 3640 κανόνι
1045 3584 1093 3640 οἰ
1140 3581 1286 3639 αὐτοὶ
1345 3581 1570 3661 Πατὲρες
1625 3581 1725 3649 τὴν
1753 3581 1890 3639 κατᾶ

244 3671 432 3739 κοινὴν
497 3671 797 3753 συμφωνίαν
850 3669 1252 3753 διαζευχθεῖσαν
1314 3679 1406 3729 τοῦ
1457 3669 1748 3747 μέλλοντος
1804 3670 1888 3726 ἐπὶ

243 3764 350 3817 τῶν
421 3765 518 3828 τῆς
585 3760 880 3830 ἐπισκοπῆς
964 3759 1296 3819 καθεδεῖσθαι
1352 3759 1568 3835 οἰάκων,
1627 3771 1889 3819 συνοικεῖν

242 3848 383 3913 ὅλως
431 3851 572 3925 αὖτῷ
599 3849 658 3906 οὗ
700 3853 962 3926 μεθιᾶσιν,
995 3848 1116 3906 ἀλλ’
1165 3851 1234 3916 εἰς
1288 3849 1640 3927 μοναστήριον
1699 3847 1888 3906 κελεύ-

241 3959 388 3998 ουσιν
443 3936 676 4014 εἰσιέναι,
742 3938 820 4013 μὴ
872 3937 927 3996 ἰν
981 3939 1234 4017 γειτόνων
1288 3937 1387 4007 τῆς
1445 3943 1537 3996 τοῦ
1601 3935 1898 4008 ἐπισκόπου.

240 4028 566 4106 καταγωγῆς
607 4027 874 4102 κείμενον.
931 4032 1004 4088 οὐ
1072 4028 1171 4108 γὰρ
1239 4027 1358 4084 οἶόν
1411 4048 1471 4084 τε
1529 4028 1768 4106 συνεχῶς
1812 4027 1884 4089 εἰς

241 4113 510 4186 ἀλλήλους
569 4117 727 4195 δρῶσι
776 4116 856 4191 μὴ
897 4115 1217 4173 ἀνάπτεσθαί
1252 4137 1398 4196 σφισι
1441 4115 1533 4172 τὸν
1588 4112 1758 4194 ἔρωτα
1815 4119 1884 4190 τῇ

241 4205 435 4280 μνήμῃ
493 4203 590 4272 τῆς
640 4203 899 4284 προτέρας
953 4202 1248 4284 διαγωγῆς.
1308 4205 1480 4262 Κάκεῖ
1536 4201 1592 4258 δὲ
1640 4207 1737 4270 τῆς
1792 4208 1884 4259 τοῦ

1969 3146 2204 3202 catera.
2239 3139 2468 3200 Deinde
2493 3138 2590 3219 iis,
2641 3136 2742 3217 qui
2779 3137 2890 3197 hoc
2923 3150 3150 3195 canone
3179 3131 3618 3219 comprehensa

1971 3245 2110 3289 cum
2137 3226 2518 3290 veneratione
2548 3217 2666 3287 non
2695 3223 3042 3296 observant,
3077 3237 3266 3302 pana
3291 3217 3422 3280 loco
3451 3217 3619 3281 abdi-

1971 3315 2262 3377 cationem
2293 3322 2576 3376 statuunt.

1968 3403 2175 3468 Etiam
2204 3403 2440 3468 tonderi
2467 3403 2679 3466 debere
2707 3399 3021 3542 ωρέξξνεηι
3042 3396 3120 3460 ab
3142 3397 3413 3478 episcopo
3433 3412 3615 3477 sepa-

2692 3498 2766 3542 ra
2902 3528 2916 3542 .

2692 3498 2893 3543 ratam
2902 3528 2916 3542 .

2050 3577 2125 3638 At
2180 3577 2242 3638 in
2298 3593 2527 3640 canone
2572 3591 2752 3638 xnvm
2791 3572 2976 3634 iidem
3024 3572 3228 3634 Patres
3279 3578 3614 3648 separatam

1973 3664 2278 3727 communi
2308 3683 2602 3728 consensu
2625 3663 2698 3726 ab
2729 3680 2823 3743 eo,
2851 3659 2953 3742 qui
2982 3658 3054 3721 ad
3086 3657 3461 3739 episcopatus
3504 3677 3614 3738 gu-

1974 3754 2298 3816 bernacula
2325 3772 2598 3816 sessurus
2627 3763 2743 3824 est,
2776 3751 2862 3812 uti
2881 3767 3018 3812 cum
3047 3747 3176 3829 ipso
3207 3746 3267 3807 in
3292 3746 3616 3810 contuber-

1973 3843 2074 3905 nio
2100 3844 2446 3916 sit,omnino
2479 3861 2595 3905 non
2627 3841 3018 3923 permittunt;
3050 3835 3155 3899 sed
3185 3836 3611 3898 monasterium

1973 3931 2202 4013 ingredi
2225 3933 2460 4013 jubent,
2486 3931 2642 4014 quod
2676 3931 2807 4011 ejus
2837 3930 2894 3992 in
2921 3925 3037 3990 loci
3065 3924 3301 3998 vicinia,
3336 3943 3453 4014 quo
3481 3925 3610 3988 loco

1969 4012 2134 4100 degit
2160 4012 2651 4104 episcopus,'non
2683 4022 2861 4082 situm
2895 4017 2993 4080 sit.
3039 4014 3273 4096 Quippe
3322 4012 3451 4104 fieri
3490 4032 3609 4075 non

1968 4119 2183 4194 potest,
2199 4101 2340 4172 cum
2366 4101 2501 4172 sese
2523 4111 2868 4190 frequenter
2899 4106 3226 4179 intuentur,
3269 4101 3413 4183 quin
3432 4119 3613 4194 amor

1968 4190 2026 4263 in
2057 4201 2143 4263 eis
2173 4219 2278 4282 per
2306 4194 3201 4282 consortiipristinimemoriam
3224 4190 3608 4282 accendatur.

239 4290 530 4349 ἐπισκόπου
596 4280 842 4373 προνοίας
925 4280 1214 4351 ἀπαλαύειν
1283 4293 1448 4360 αὖτὴν
1519 4290 1771 4367 ἀξιοῦσιν,
1840 4291 1883 4347 εἰ

1979 4289 2048 4352 Eo
2075 4280 2269 4352 tamen
2299 4289 2360 4350 in
2390 4289 2518 4351 loco
2547 4288 2769 4361 volunt,
2814 4293 2878 4348 ut
2905 4281 3187 4373 episcopi
3218 4280 3613 4373 providentia

239 4378 429 4445 ἐνδεῶς
473 4370 674 4462 ἔχουσα
733 4381 848 4449 εἴη.
900 4383 959 4440 Εἰ
1006 4383 1108 4462 γὰρ
1164 4381 1305 4458 αὖτῷ
1359 4380 1421 4437 δίκ
1475 4387 1554 4456 τῷ
1609 4379 1885 4452 ἐπισκόπῳ

1979 4379 2221 4440 Fructum
2253 4376 2563 4458 percipiat,
2597 4374 2647 4436 si
2690 4375 2984 4462 primatur
3028 4370 3251 4462 inopia.

238 4469 534 4550 περαιτέρω
611 4473 718 4527 τῶν
783 4470 1083 4549 ἀναγκαίων
1152 4471 1227 4535 εἰς
1301 4469 1486 4530 ἑαυτὸν
1541 4467 1774 4542 δαπανᾷν
1826 4467 1886 4525 ἐκ

235 4558 334 4627 τῆς
366 4558 662 4628 ἐπισκοπῆς
706 4563 800 4618 οὒκ
827 4558 1056 4639 ἐφεῖται,
1087 4558 1265 4640 σχολῆ
1293 4559 1347 4638 γ’
1377 4557 1439 4614 ἂν
1492 4558 1599 4616 τῶν
1647 4555 1884 4624 Ἐκκλη-

236 4647 356 4711 σίας
406 4648 574 4724 ταύτῃ
644 4645 946 4730 δοθήσεται,
1001 4647 1214 4706 οἴκοθεν
1270 4647 1533 4728 ἑσχηκυίᾳ
1599 4645 1696 4711 τὰς
1751 4648 1883 4721 πρὸς

235 4737 299 4793 τὸ
323 4741 419 4812 ζῇν
447 4736 714 4816 ἀφορμάς.
749 4739 808 4794 Εἰ
837 4735 890 4794 δὲ
919 4739 1006 4794 καὶ
1062 4740 1091 4794 ὃ
1133 4737 1244 4814 βίος
1305 4740 1467 4805 αὐτῆς
1513 4737 1705 4812 σεμνὸς
1764 4735 1881 4810 εἴη,

235 4825 324 4881 καὶ
355 4825 428 4889 εἰς
476 4827 567 4881 τὸν
615 4825 712 4893 τῆς
769 4824 1030 4890 διακονίας
1085 4827 1290 4903 βαθμὸν
1345 4822 1736 4905 προϐιϐάζεται.
1791 4826 1881 4889 Εἰς

235 4913 591 4992 μοναστήριον
647 4912 704 4970 δὲ
746 4914 959 4972 εἰσιέναι
1013 4913 1336 4989 κελεύουσιν,
1397 4915 1472 4978 ὡς
1522 4913 1879 4991 ἀπαραίτητον

234 5003 292 5059 ὃν
352 5001 724 5082 ἀποκείρασθαι
772 5004 988 5071 ταύτην.
1052 5002 1210 5070 Ἐξῆν
1282 5003 1377 5079 μὲν
1436 5002 1536 5082 γὰρ
1595 5005 1727 5078 αὐτῇ
1779 5004 1881 5081 πρὸ

230 5089 330 5159 τῆς
360 5093 692 5170 χειροτονίας
747 5099 842 5149 τοῦ
896 5090 1079 5172 ἀνδρὸς
1133 5092 1214 5168 μὴ
1269 5090 1596 5170 διαζυγῆναι.
1645 5091 1874 5149 Κάντεῦ-

228 5181 314 5236 θεν
370 5179 622 5261 καὶῄτήν
680 5180 1016 5261 χειροτονίαν
1069 5179 1393 5260 κωλυθῆναι,
1450 5180 1538 5236 καὶ
1585 5178 1684 5246 τὴν
1739 5177 1877 5235 ἀπό-

230 5289 438 5347 καρσιν.
480 5252 587 5326 ’δτι
618 5252 788 5348 δέ’-γε
815 5268 879 5320 57
935 5270 1000 5326 τὰ
1054 5274 1152 5337 τῆς
1210 5252 1544 5350 χειροτονίας
1603 5267 1874 5344 συνήνεσε,

3298 4366 3531 4445 Quippe
3560 4368 3612 4430 si

1966 4386 2221 4440 fructum
2253 4386 2563 4458 percipiat,
2597 4394 2647 4436 St
2690 4386 2984 4455 primatur
3028 4387 3251 4448 inopia.
3298 4386 3531 4448 Quippe
3560 4386 3608 4430 ει

1966 4468 2121 4529 ultra
2153 4484 2252 4528 res
2282 4463 2651 4528 necessarias
2680 4461 2829 4523 nihil
2861 4459 3100 4540 ipsimet
3131 4455 3412 4537 episcopo
3443 4472 3608 4516 suam

1965 4557 2026 4618 in
2049 4574 2368 4637 personam
2397 4555 2472 4617 de
2491 4553 2664 4616 bonis
2695 4556 3069 4637 eptscopatus
3101 4544 3442 4637 inpendere
3463 4561 3607 4637 per—

1966 4631 2434 4716 mittitur,multo
2453 4641 2648 4703 minus
2669 4637 2890 4718 aliquid
2925 4635 3064 4698 huic
3086 4633 3160 4695 de
3189 4631 3362 4694 bonis
3392 4632 3606 4695 Eccle-

1963 4733 2066 4796 sia
2091 4731 2350 4801 dabitur.
2384 4731 2435 4793 si
2466 4749 2534 4793 ex
2570 4736 2758 4792 semet
2781 4730 2909 4809 ipsa
2937 4723 3115 4786 victui
3148 4719 3485 4784 necessaria
3506 4721 3610 4809 ha-

1965 4822 2184 4886 buerit.
2218 4820 2388 4893 Quod
2439 4820 2490 4883 si
2547 4819 2663 4881 vita
2715 4807 2846 4897 ejus
2904 4815 3153 4876 honesta
3200 4818 3259 4872 et
3286 4812 3478 4887 gravis
3508 4807 3606 4890 sit,

1964 4911 2141 4975 etiam
2172 4912 2246 4972 ad
2269 4909 2615 4971 diaconatus
2637 4905 2882 4985 gradum
2911 4901 3200 4966 evehitur.
3233 4899 3523 4960 Caterum
3545 4904 3610 4958 ut

1965 4998 2386 5062 monasterium
2437 4995 2825 5076 ingrediatur,
2885 4992 3110 5054 idcirco
3179 4985 3529 5070 pracipiunt
3589 5007 3602 5046 :

1963 5089 2119 5172 quod
2146 5086 2528 5150 excusatione
2553 5085 2714 5146 nulla
2732 5083 3054 5172 impetrare
3082 5077 3289 5172 possit,
3321 5077 3608 5172 quintan-

1962 5162 2194 5241 deatur.
2213 5177 2358 5239 Nam
2393 5181 2744 5258 potestatem
2777 5169 3031 5233 habebat
3061 5175 3197 5258 ante
3227 5163 3338 5229 viri
3360 5162 3604 5258 ordina-

1961 5267 2181 5329 tionem
2214 5252 2531 5328 recusandi
2561 5261 2896 5325 divortium.
2931 5257 3058 5331 Quo
3103 5255 3274 5331 facto,
3316 5261 3438 5315 tum
3487 5252 3604 5316 im-

1555 5396 1817 5462 VARIE
1847 5395 2278 5463 LECTIONES.

309 5538 370 5588 ΞΠ
401 5539 487 5596 ὅτε
516 5536 570 5595 δέ
598 5562 680 5617 γε,
