4074 6212
481 290 662 378 μοι
1889 308 2021 371 ms
2061 308 2152 370 CA

2242 304 2507 371 lNICUM
3742 311 3912 377 1296

504 442 699 528 pediri
720 433 1169 518 ordinatio,tum
1198 440 1376 504 etiam
1399 446 1641 502 tonsura
1669 439 2151 528 poterat.Verum

2242 435 2351 494 δέον
2407 441 2495 495 καὶ
2535 445 2602 516 τῇ
2662 440 2951 521 ἀποκάρσει
3022 443 3123 510 τὴν
3182 442 3431 516 διάζευξιν
3472 444 3912 522 βεϐαιώσασθαι.

503 523 811 615 postquam
837 532 1092 614 ipsamet
1121 528 1179 591 in
1208 528 1644 591 ordinationem
1677 527 2004 600 consensit,
2042 544 2152 615 ue-

2242 523 2522 597 Ἐζήτηται
2579 525 2635 584 δὲ
2678 529 2744 586 τὰ
2784 531 2901 609 περὶ
2955 533 3142 589 τούτου
3186 534 3273 589 καὶ
3324 533 3407 590 ἐπὶ
3463 538 3563 601 τῆς
3621 531 3914 610 βασιλείας

501 638 671 683 cesse
692 629 781 683 est
802 639 911 702 per
934 628 1236 681 tonsuram
1269 617 1583 679 divortium
1616 614 2152 679 conﬁrmetur.Hac

2242 617 2500 675 ’[σαακίου
2568 627 2659 676 τοῦ
2741 616 3023 698 Ἀγγέλου,
3114 624 3219 677 τῶν
3310 628 3467 702 τριῶν
3549 628 3918 702 πατριιρχῶν

500 708 575 771 de
605 727 671 771 re
702 699 945 771 tractam
979 706 1086 769 fuit
1112 714 1378 787 tempore
1408 705 1646 787 imperii
1680 704 1886 767 Isaacii
1918 702 2152 783 Angeli,

2242 701 2693 791 συνεδριαζόντων,
2739 718 2830 765 του
2886 712 3291 790 Οίκουμενικοῦ,
3345 699 3450 769 ’καὶ
3533 699 3915 791 ’Ᾰιιτιοχείας,

501 795 691 860 tribus
751 796 1098 879 patriarchis
1127 795 1189 857 in
1222 786 1478 857 Concilio
1499 786 1902 875 praesentibus
1924 842 1939 867 ,
1973 791 2152 852 uimi-

2242 794 2326 849 καὶ
2366 803 2459 853 τοῦ
2518 786 2918 879 Ἰεροσολύμων,
2977 801 3064 855 καὶ
3127 801 3531 879 μητροπολιτῶν
3589 786 3917 859 ὡσεὶ-’τεῦ

500 904 633 948 rum
662 884 1020 959 Universali,
1039 893 1098 946 et
1127 883 1522 956 Antiocheno,
1557 890 1613 944 et
1642 881 2151 962 Ierosolymitano,

500 974 712 1056 praeier
744 973 1241 1056 metropolitauos
1268 973 1392 1036 fere
1424 990 1502 1035 XL
1530 992 1544 1033 :
1577 972 1677 1053 qui
1698 974 1936 1034 decreto
1960 968 2158 1032 sanci-

498 1064 886 1139 verunt,citra
899 1080 1129 1125 recusa:
1142 1062 1337 1123 ionem
1358 1059 1593 1123 tonderi
1608 1061 1828 1122 debere
1846 1060 2157 1122 mulierem

502 1151 769 1234 episcopi
799 1150 1082 1224 ordinati,
1116 1148 1497 1232 synodalibus
1525 1148 1586 1210 id
1620 1148 1836 1211 litteris
1888 1148 2156 1228 comple-

502 1249 736 1304 ctentes
764 1249 824 1304 et
851 1238 1460 1303 conﬁrmantes.Hinc
1493 1238 1798 1319 probatur,
1832 1257 1941 1299 uec
1967 1254 2135 1298 sacer

503 1329 711 1393 dotum
738 1329 1023 1393 uxoribus
1052 1328 1138 1391 fas
1169 1345 1324 1406 esse,
1381 1327 1674 1389 secundas
1708 1336 1772 1387 ut
1802 1327 2160 1389 contrahant

507 1419 778 1500 nuptias.

500 1506 722 1576 Debere
750 1510 1094 1576 sacerdotes
1120 1511 1198 1574 ab
1220 1511 1516 1574 uxoribus
1533 1510 1663 1572 suis
1680 1509 2154 1583 abstinere,cum

932 1607 1117 1656 saera
1143 1593 1472 1655 tractaturi
1497 1597 1670 1653 sunt.

582 1768 785 1834 Canon
842 1768 1049 1850 synodi
1097 1766 1603 1847 Carthaginiensis
1655 1766 1889 1841 tertius,
1925 1767 2146 1830 debere

499 1858 645 1923 dicit
673 1876 798 1937 eos,
835 1858 937 1940 qui
994 1876 1211 1921 munus
1260 1856 1626 1919 sacerdotale
1669 1856 1858 1918 sortiti
1915 1855 2052 1931 sint,
2090 1864 2147 1918 et

499 1966 762 2032 semper,
798 1956 857 2010 et
886 1948 948 2010 in
978 1946 1257 2009 omnibus
1303 1945 1755 2019 continentiam,
1788 1945 2139 2017 castitatem,

500 2055 741 2100 omnem
771 2035 946 2098 aliam
969 2035 1231 2117 denique
1260 2034 1541 2098 virtutem
1565 2033 1763 2096 colere
1790 2052 1805 2110 ;
1838 2042 1902 2095 ut
1923 2034 2052 2114 puri
2071 2033 2144 2095 ad

503 2143 719 2206 purum
739 2125 1390 2205 accedentes,votornm
1407 2142 1649 2186 suorum
1667 2131 1971 2205 compotes
1984 2123 2145 2194 ﬁant,

497 2214 615 2297 ipsi
645 2214 1005 2277 mediatores
1024 2215 1180 2276 inter
1207 2213 1396 2276 Deum
1419 2226 1479 2276 et
1504 2212 1777 2275 homines
1808 2212 1894 2273 sic
1918 2212 2146 2274 consti-

500 2307 633 2386 tuti,
665 2313 728 2366 ut
752 2304 893 2367 dum
934 2302 1438 2367 interguntiorum
1491 2319 1633 2381 erga
1678 2301 1867 2364 Deum
1901 2319 2149 2363 munere

502 2392 849 2474 funguntur,
885 2391 1240 2456 mortalibus
1297 2410 1431 2454 eum
1470 2390 1787 2473 (quantum
1829 2391 1960 2470 ejus
2026 2390 2155 2452 lieri

505 2491 719 2565 potest)
753 2482 1077 2565 propitium
1106 2480 1380 2556 reddant,
1408 2489 1465 2544 et
1496 2480 1718 2542 mundo
1743 2497 1948 2561 pacem
1969 2498 2153 2560 expo-

504 2578 697 2633 scant.
728 2567 795 2632 In
827 2570 1037 2652 primis
1065 2570 1509 2634 veroinvttante
1542 2569 1707 2651 ipsos
1734 2568 1965 2630 ratione
1998 2575 2155 2630 tem-

506 2659 667 2741 poris
695 2658 767 2721 ad
800 2677 1105 2723 sacrorum
1156 2658 1562 2721 tractationem
1611 2666 1671 2720 et
1708 2657 2154 2738 perceptionem

506 2747 948 2828 mysteriorum,
982 2767 1115 2810 cum
1140 2765 1354 2829 reapse
1388 2746 1714 2808 castitatem
1738 2754 2015 2826 praestare
2044 2745 2155 2807 de-

504 2834 703 2910 beant,
736 2839 918 2898 ‘etiam
949 2835 1023 2897 ab
1055 2853 1303 2898 uxorum
1329 2853 1567 2897 suarum
1596 2834 2027 2895 consuetudine
2058 2851 2157 2895 se-

507 2930 629 2986 met
649 2923 1006 2986 abstineant.
1032 2922 1271 2985 Tertius
1301 2935 1499 2986 autem
1549 2940 1745 2984 canon
1776 2923 1964 2984 sancti
1995 2940 2156 2984 mar-

2241 883 2558 961 σαράκοντα,
2587 886 2640 941 οἳ
2688 888 2776 943 καὶ
2833 887 3186 967 ἔψηφίσαντο.
3236 889 3605 967 ἀπαραιτήτως
3667 888 3911 970 ὀφείλειν

2240 968 2609 1049 ἀποκείρασθαι
2621 974 2719 1042 τὴν
2746 985 2837 1034 τοῦ
2848 977 3315 1056 χειροτονηθὲντος
3328 978 3616 1035 ἐπισκόπου
3634 968 3909 1057 γυναῖκα,

2242 1058 2536 1124 συνοδικοϊς
2578 1065 2851 1142 γράμμασι
2898 1077 3053 1125 τοῦτο
3082 1068 3507 1142 σημειωσάμενοι
3529 1068 3903 1147 κυρώσαντες.

2240 1149 2509 1206 Ἐντεῦθεν
2559 1150 2838 1235 δείκνυται,
2873 1153 3009 1230 μηδὲ
3042 1155 3137 1218 τὰς
3165 1162 3272 1211 τῶν
3314 1155 3493 1233 ἱερέων
3520 1171 3789 1234 patrial:
3825 1158 3907 1211 93'

2243 1239 2393 1313 μιτὸν
2426 1252 2566 1297 ετναι
2598 1239 2910 1322 δευτερογαμ
2921 1257 3028 1303 εἴν.

2247 1532 2273 1563 ιι
2324 1494 2444 1591 Α’δτι
2514 1516 2619 1566 τῶν
2702 1509 2841 1567 ἰδίων
2922 1520 3184 1590 γυναικῶν
3255 1512 3339 1570 δεῖ
3405 1516 3523 1579 τοὺς
3574 1516 3904 1591 ἱερωμένους

2319 1588 2737 1669 ὲγκρατεύεσθαι,
2783 1591 2870 1648 ὅτε
2899 1588 2965 1648 τά
2996 1593 3118 1671 ἅγια
3163 1588 3889 1674 μεταχειρίζεσθαιἽμέλλω-

2315 1691 2417 1729 σιν.
2458 1694 2485 1724 ι

2315 1750 2371 1817 Ὀ
2441 1751 2497 1839 γ’
2578 1761 2676 1828 τῆς
2734 1761 2785 1819 ἐν
2844 1762 3151 1841 Καῴαγένῃ
3218 1761 3433 1820 συνόδου
3503 1766 3709 1841 κανὼν,
3771 1765 3892 1826 τοὺς

2226 1853 2455 1930 ἱερᾶσθαι
2511 1849 2776 1930 λαχόντας
2847 1853 3005 1931 φησὶν
3085 1852 3164 1907 ἀεὶ
3248 1854 3343 1926 μὲν
3417 1855 3504 1909 καὶ
3574 1852 3628 1907 ὲν
3719 1859 3883 1909 πᾶσιν

2228 1939 2533 2019 ἐγκράτειαν
2579 1941 2668 1996 καὶ
2710 1941 3046 2019 σωφροσύνην
3097 1940 3186 1997 καὶ
3229 1948 3400 1997 πᾶσαν
3458 1939 3627 2008 ἄλλην
3679 1941 3887 2015 ἀρετὴν

2230 2027 2462 2103 μετιέναι
2529 2025 2633 2100 δεῖ,
2693 2028 2836 2093 ὅπως
2891 2032 3108 2108 καθαροὶ
3153 2030 3231 2104 τῷ
3290 2033 3498 2108 καθαρῷ
3540 2031 3887 2109 προσιόντες,

2228 2125 2332 2174 τὼν
2388 2118 2694 2193 αἰτημάτων
2751 2118 3179 2199 ἐπιτυθχάνοιεν,
3239 2120 3444 2193 μεσίται
3518 2126 3650 2176 Θεοῦ
3735 2143 3889 2199 χρη-

2233 2208 2535 2283 ματίζοντες
2613 2208 2700 2263 καὶ
2769 2197 3080 2287 ἀνθρώπων.
3143 2197 3325 2263 ιἰὶστε
3394 2197 3889 2287 διαπρεσϐευόμενο

2237 2296 2367 2372 πρὸς
2409 2296 2502 2351 τὸν
2560 2297 2712 2375 Θεὸν,
2770 2297 2977 2359 τούτοις
3035 2296 3242 2355 ἐκεῖνον
3271 2299 3344 2359 ὡς
3373 2297 3585 2377 ἐφικτὸν
3610 2296 3899 2362 ἐξιλάσκε-

2237 2388 2379 2457 σθαι,
2415 2386 2504 2440 καὶ
2534 2386 2747 2464 εἰρήνην
2805 2392 2872 2462 τῇ
2921 2387 3110 2462 κόσμῳ
3165 2388 3446 2445 αἰτεῖσθαι.
3504 2388 3622 2466 Οὖχ
3701 2384 3903 2453 ἥκιστα

2237 2469 2292 2527 δὲ
2324 2479 2417 2528 τοῦ
2465 2472 2650 2552 καιροῦ
2692 2473 2977 2538 καλοῦντος
3036 2475 3222 2540 αὖτοὺς
3276 2477 3406 2554 πρὸς
3459 2476 3558 2541 τὴν
3586 2481 3693 2532 τῶν
3740 2479 3899 2533 θείων

2239 2562 2618 2640 μεταχείρησίν
2661 2582 2716 2616 τε
2767 2563 2856 2618 καὶ
2904 2562 3207 2637 μετάληψιν
3261 2566 3584 2642 μυστηρίων,
3632 2562 3779 2642 ἔργῳ
3835 2566 3897 2621 τὲ

2239 2653 2337 2716 τῆς
2366 2649 2706 2728 σωφροσύνης
2750 2650 3080 2730 ὀφείλοντας,
3128 2650 3264 2708 ἀλλά
3299 2653 3386 2709 καὶ
3443 2658 3538 2719 τῆς
3592 2659 3698 2709 τῶν
3746 2652 3892 2710 ἰδίων

2238 2739 2499 2817 γυναικῶν
2543 2737 2752 2815 ὁμιλίας
2808 2739 3101 2818 ἀπέχεσθαι
3152 2741 3283 2820 χρή.
3355 2731 3412 2798 Ὀ
3467 2739 3523 2797 δὲ
3564 2743 3742 2819 τρίτος
3796 2753 3889 2800 τοῦ

2239 2828 2609 2907 ἱερομάρτυρος
2724 2829 2992 2888 Διονυσίου
3089 2826 3491 2910 Ἀλεξανδρείας,
3594 2831 3894 2910 ἀρκοῦντας

2244 2917 2485 2998 ἐφίστησί
2538 2941 2713 2999 σφισιν
2791 2924 2971 2984 αὐτοῖς
3042 2922 3162 2983 τοὺς
3218 2920 3529 2999 ἱερωμένους
3585 2920 3892 3002 διαιτητὰς,

505 3012 653 3094 tyris
701 3012 966 3093 Dionysii
1020 3011 1285 3093 episcopi
1343 3010 1754 3086 Alexandrini,
1817 3010 2152 3073 sacerdotes

2242 3009 2395 3076 ἡνίκα
2451 3020 2566 3074 τοῖς
2621 3022 2859 3088 φρικτοϊς
2905 3010 3172 3089 προσιέναι
3229 3008 3477 3085 μέλλουσι
3548 3014 3889 3090 μυστηρίοις,

513 3101 752 3165 sibimet
780 3101 926 3184 ipsis
956 3102 1205 3164 idoneos
1233 3101 1331 3164 ilat
1353 3100 1757 3183 judices,cum
1784 3102 1853 3163 ad
1884 3118 2159 3162 reveren—

511 3190 588 3254 da
615 3199 753 3253 sunt
781 3191 1081 3255 accessuri
1112 3190 1544 3272 mysteria,suis
1569 3198 1630 3252 ut
1661 3190 1734 3252 ab
1754 3188 2039 3252 uxoribus
2055 3192 2157 3253 ab-

510 3280 794 3361 stineant,
827 3297 901 3342 ex
958 3280 1258 3343 communi
1308 3288 1508 3343 tamen
1558 3297 1877 3359 consensu,
1934 3297 2154 3341 secun-

512 3369 656 3433 dum
712 3368 963 3434 verbum
1017 3369 1133 3433 hoc
1191 3369 1351 3432 illius
1410 3368 1607 3450 magni
1662 3368 1877 3433 Pauli:
1915 3365 2158 3433 Maritus

513 3458 821 3540 proprium
865 3474 1082 3540 corpus
1129 3476 1251 3522 non
1296 3458 1478 3521 habet
1524 3458 1586 3520 in
1628 3465 1914 3539 potestate
1943 3466 2000 3521 et
2028 3478 2158 3540 quae

511 3558 862 3633 sequuntur.

512 3643 604 3707 De
631 3642 988 3708 habentibus
1015 3644 1081 3706 in
1106 3642 1500 3707 contubernio
1520 3643 1804 3706 mulieres
1834 3649 2155 3707 extraneas

955 3725 1266 3803 episcOpis,
1300 3729 1410 3786 aut
1436 3723 1698 3786 clericis.

594 3817 798 3880 Canon
831 3814 1008 3898 primi
1039 3815 1277 3879 concilii
1305 3817 1534 3887 tertius,
1567 3815 2030 3896 episcopum,vel
2052 3815 2147 3877 ali'

511 3923 688 3988 quem
738 3924 809 3966 ex
839 3904 1024 3977 clero,
1068 3924 1188 3966 non
1220 3903 1442 3966 debere
1487 3910 1653 3984 putat
1681 3906 1738 3966 in
1765 3903 2157 3966 contubernio

516 3992 828 4055 mulierem
852 4001 1190 4054 extraneam
1220 3991 1470 4054 habere.
1504 3992 1630 4055 Nisi
1682 3992 1832 4056 forte
1877 4001 2152 4067 matrem,

510 4081 602 4142 vel
633 4098 927 4157 sororem,
961 4080 1053 4142 vel
1084 4079 1348 4161 amitam,
1383 4081 1478 4142 vel
1509 4099 1609 4143 eas
1638 4081 1919 4143 duntaxat
1948 4101 2154 4162 perso-

512 4188 642 4244 nas,
676 4186 811 4252 quaa
839 4167 912 4231 ab
955 4167 1117 4230 omni
1164 4169 1502 4247 suspicione
1550 4168 1755 4231 liberae
1786 4179 1939 4231 sunt.
1976 4171 2159 4234 Vocat

507 4265 704 4321 autem
729 4266 1003 4321 externas
1032 4258 1122 4320 vel
1157 4257 1613 4331 introductitias,
1645 4278 1774 4339 qua:
1814 4259 2156 4322 cohabitare

2241 3095 2534 3176 ἀπέχεσθαι
2579 3096 2674 3172 μὲν
2729 3104 2835 3153 τῶν
2887 3095 3031 3154 ἰδίων
3074 3102 3358 3176 γυναικῶν,
3413 3097 3547 3154 ἀλλᾶ
3602 3097 3666 3153 ἐκ
3692 3106 3891 3168 κοινῆς

2239 3186 2559 3263 συμφωνίας,
2623 3186 2759 3242 κατὰ
2823 3186 2923 3251 τὴν
2980 3193 3072 3243 τοῦ
3120 3185 3352 3264 μεγάλου
3423 3185 3626 3243 Παύλου
3674 3190 3897 3267 φωνὴν,

2240 3272 2320 3330 ὅτι
2350 3276 2378 3330 ὁ
2408 3274 2541 3354 ἀνὴρ
2568 3281 2658 3332 τοῦ
2700 3273 2826 3332 ἰδίου
2868 3275 3116 3351 σώματος
3173 3277 3267 3332 οὒκ
3309 3275 3602 3346 ἐξουσιάζει,
3667 3278 3763 3331 καὶ
3828 3280 3899 3334 τὰ

2244 3361 2387 3429 ἑξῆς.

2246 3658 2270 3692 ιι
2304 3639 2427 3715 Περὶ
2453 3641 2559 3694 τῶν
2586 3652 2842 3718 γυναῖκας
2884 3640 3251 3703 συνεισάκτοος
3305 3639 3541 3719 ἑχόντων
3570 3643 3881 3699 ἑπισκόπων

2846 3727 2875 3795 ἥ
2916 3727 3209 3808 κληρικῶν.
3247 3753 3275 3783 n

2324 3809 2379 3874 Ὀ
2409 3818 2580 3896 τρίτος
2635 3823 2734 3884 τῆς
2787 3818 3004 3897 πρώτης
3064 3815 3278 3875 συνόδου
3330 3820 3530 3897 κανὼν,
3590 3818 3883 3877 ἐπίσκοπον

2239 3905 2274 3973 ἤ
2316 3927 2432 3962 τινα
2488 3907 2594 3964 τῶν
2661 3912 2754 3963 τοῦ
2805 3904 3004 3986 κλήρου
3046 3906 3380 3963 συνείσακτον
3436 3906 3583 3986 ἔχειν
3623 3924 3882 3988 γυναῖκα,

2241 3994 2333 4051 οὒκ
2364 3993 2533 4051 οἴεται
2562 3992 2673 4051 δεῖν
2707 4014 2721 4029 ·
2768 3997 2811 4050 εί
2881 3996 2957 4070 μὴ
3012 3992 3112 4075 ἄρα
3166 3996 3392 4075 μητέρα,
3454 3996 3489 4063 ἢ
3542 3994 3801 4077 ἀδελφὴν,
3851 4002 3887 4065 ἢ

2239 4082 2402 4157 Θείαν,
2432 4083 2469 4152 ἢ
2527 4084 2560 4139 ἃ
2618 4085 2752 4159 μόνα
2807 4086 3063 4163 πρόσωπα
3117 4091 3290 4140 πᾶσαν
3346 4082 3689 4163 διαπέφευγεν
3748 4088 3889 4143 ὑπο-

2240 4173 2386 4247 ψίαν,
2435 4179 2813 4237 Συνεισακτους
2870 4171 2924 4229 δέ
2978 4195 3129 4253 φησι,
3190 4174 3285 4236 τὰς
3331 4172 3587 4248 ἑλομέιας
3623 4192 3891 4232 συνοικεῖν

2239 4264 2455 4341 ἱερεῦσιν
2510 4261 2742 4342 ἀζύγοις,
2801 4263 2895 4327 τὰς
2964 4264 3092 4341 πρὸς
3166 4264 3260 4326 τὰς
3332 4262 3618 4341 ἀναγκαίας
3698 4265 3891 4343 χρείας

509 4363 645 4411 cum
678 4345 1021 4428 expertibus
1051 4345 1309 4425 conjugii
1334 4346 1741 4408 sacerdotibus
1762 4348 2152 4428 eligunt,dum

2242 4352 2419 4415 αὐτοῖς
2476 4348 2902 4427 διακονουμένας.
2986 4345 3043 4410 ²0
3126 4350 3179 4407 δὲ
3264 4357 3363 4419 τῆς
3413 4351 3466 4407 ἐν
3520 4350 3754 4431 Ἀγκύρᾳ
3818 4344 3892 4409 ιθ’

509 4435 573 4497 in
599 4434 719 4498 illis
742 4453 983 4516 operam
1009 4453 1174 4496 suam
1208 4435 1296 4496 eis
1325 4435 1765 4515 exhibentquae
1786 4437 2156 4500 necessarios

507 4524 582 4588 ad
613 4543 752 4587 usus
780 4523 1279 4605 spectant.Canon
1312 4542 1449 4586 vero
1469 4540 1568 4585 XIX
1590 4524 2152 4606 Ancyranaesynodi,

510 4613 794 4676 mulieres
823 4612 1082 4691 virgines
1112 4613 1182 4675 ad
1218 4612 1504 4694 quosdam
1535 4614 1842 4687 accedere,
1880 4622 2153 4695 tanquam

509 4696 746 4771 fratres,
780 4710 957 4764 vetat.
992 4699 1332 4764 Secundum
1368 4701 1495 4778 hos,
1529 4720 1742 4780 magna
1769 4701 1973 4767 isthaec
2020 4703 2157 4765 tuba

507 4788 798 4859 veritatis.
837 4809 1081 4869 magnus
1102 4790 1206 4852 ille
1231 4790 1585 4865 Basilius,ad
1612 4789 1958 4870 Gregorium
1985 4809 2155 4873 pres-

509 4875 784 4960 byterum
815 4878 1064 4958 epistola
1097 4879 1296 4955 missa,
1329 4879 1539 4959 majori
1570 4898 1704 4940 cum
1733 4879 2157 4960 increpationis

508 4964 880 5029 vehementia
910 4967 1093 5045 tangit
1130 4984 1288 5041 eum,
1325 4969 1426 5048 qui
1477 4967 1614 5029 huic
1671 4986 1734 5028 se
1782 4968 1922 5029 vitio
1967 4969 2150 5030 dedit.

508 5055 714 5136 Neque
746 5054 923 5136 primi
954 5073 1083 5130 nos,
1107 5054 1532 5137 inquit,ueque
1558 5054 1667 5115 soli
1694 5057 2152 5131 statuimus,non

508 5141 729 5206 debere
779 5143 1057 5206 mulieres
1103 5144 1368 5205 virorum
1424 5162 1556 5205 esse
1589 5144 2150 5207 contuberniozscd

509 5231 947 5314 promulgatum
979 5251 1013 5294 a
1034 5231 1255 5295 sanctis
1288 5231 1561 5295 l’atribus
1582 5232 1798 5294 nostris
1819 5233 1878 5293 in
1901 5234 2151 5297 concilio

504 5316 744 5382 Nieamo
766 5339 1056 5383 canonem
1092 5320 1294 5401 legito,
1330 5321 1431 5400 qui
1474 5320 1787 5382 manifesto
1818 5322 2142 5402 prohibuit,

507 5425 586 5469 ne
613 5407 731 5469 sint
778 5409 1061 5471 mulieres
1092 5408 1519 5471 introductitite
1568 5409 1659 5471 vel
1713 5417 2043 5473 extranaeae.
2080 5412 2147 5473 Et

508 5495 813 5558 caelibatus
834 5496 1177 5576 dignitatem
1208 5517 1278 5560 ac
1305 5498 1743 5560 venerationem
1769 5498 1830 5560 in
1862 5500 1976 5562 hoc
2000 5520 2145 5562 con-

504 5584 741 5661 sistere,
767 5585 849 5649 uti
881 5585 1014 5668 quis
1043 5604 1077 5648 a
1099 5585 1398 5650 consortio
1440 5586 1716 5649 muliebri
1738 5598 2043 5669 separatus
2072 5590 2149 5653 sit

2236 4438 2519 4517 παρθένους
2588 4453 2843 4518 γυναῖκας
2927 4438 3115 4497 κωλύει
3192 4441 3530 4520 συνέρχεσθαί
3598 4462 3735 4497 τισιν
3808 4444 3885 4505 ὡς

2236 4525 2508 4607 ἀδελφοῖς.
2557 4526 2676 4586 Ἐπὶ
2705 4530 2930 4603 τούτοις,
2975 4530 3009 4596 ἡ
3054 4528 3264 4606 μεγάλη
3306 4531 3404 4596 τῆς
3445 4528 3694 4596 ἀληθείας
3754 4530 3885 4587 σᾶλ-

2236 4615 2359 4693 πιγξ
2402 4618 2429 4672 ὁ
2460 4616 2624 4695 μέγας
2685 4616 2976 4693 Βασίλειος,
3032 4617 3318 4686 ἐπιστολὴν
3386 4619 3515 4697 πρός
3556 4640 3673 4675 τινα
3733 4625 3886 4698 Γρη-

2237 4706 2414 4784 γόριον
2539 4704 2883 4787 πρεσϐύτερον
3001 4708 3243 4783 πέμψας,
3357 4707 3887 4787 ἐπιπληκτικώτερον

2239 4794 2423 4849 τούτου
2452 4795 2791 4869 καθάπτεται,
2858 4796 2935 4870 τῷ
2986 4796 3210 4869 τοιούτῳ
3265 4796 3655 4876 προανέχοντος
3702 4799 3886 4861 πάθει,

2240 4882 2367 4940 Οὔτε
2396 4889 2595 4962 πρῶτοι
2653 4885 2775 4963 γὰρ,
2840 4886 3017 4964 φησὶν,
3079 4884 3194 4942 οὔτε
3255 4886 3405 4960 μόνοι
3460 4889 3891 4958 νενομοθετήκα-

2238 4993 2357 5051 μεν,
2404 4986 2659 5050 γυναῖκας
2715 4971 2926 5052 ἀνδράσι
2985 4974 3062 5050 μὴ
3105 4989 3394 5054 συνοικεῖν,
3438 4974 3559 5031 ἀλλ’
3616 4975 3888 5054 ἀνάγνωθι

2234 5061 2325 5116 τὸν
2397 5059 2731 5141 ἐξενεχθέντα
2799 5062 2995 5118 κανόνα
3060 5064 3202 5141 παρὰ
3254 5069 3359 5119 τῶν
3413 5064 3573 5141 ἁγίων
3631 5064 3892 5144 Πατέρων

2236 5154 2412 5226 ἡμῶν,
2446 5151 2499 5207 ἐν
2530 5159 2598 5228 τῇ
2629 5150 2825 5225 συνόδῳ
2855 5152 3095 5216 Νικαίας.
3126 5154 3181 5218 ὃς
3243 5159 3474 5233 φανερῶς
3516 5154 3886 5233 ἀπηγόρευσε,

2237 5240 2599 5303 συνεισάκτους
2645 5242 2721 5316 μὴ
2774 5241 2940 5299 εἶναι.
2988 5240 3250 5320 Ἀγαμίαν
3290 5240 3346 5299 δὲ
3402 5246 3458 5298 ὲν
3513 5244 3680 5317 τούτῳ
3728 5244 3888 5324 ἔχειν

2229 5329 2320 5384 τὸν
2351 5330 2565 5409 σεμνὸν,
2613 5330 2666 5385 ἐν
2718 5336 2792 5403 τῷ
2833 5331 3149 5411 κεχωρίσθαι
3204 5337 3303 5399 τῆς
3358 5334 3492 5407 μετὰ
3533 5338 3641 5388 τῶν
3684 5356 3889 5411 γυναι-

2228 5423 2335 5472 κῶν
2392 5415 2683 5495 διαγωγῆς.
2760 5411 2853 5481 Ὠς
2910 5421 3000 5474 εὰν
3057 5419 3512 5497 ἐπαγγελλόμενός
3567 5442 3649 5483 τις
3708 5424 3888 5490 αὐτὴν

2228 5513 2305 5579 τῷ
2335 5506 2577 5588 ὀνόματι,
2611 5507 2747 5587 ἔργῳ
2774 5510 2839 5565 τὰ
2879 5514 2986 5564 τῶν
3042 5507 3237 5587 γυναιξὶ
3284 5510 3661 5567 συνοικούντων
3720 5518 3889 5590 ποιῇ,

2228 5591 2388 5661 δῆλός
2442 5594 2576 5667 ἐστι,
2636 5599 2698 5654 τὸ
2755 5598 2851 5674 μὲν
2921 5602 3017 5665 τῆς
3073 5598 3347 5677 παρθενίας
3420 5600 3612 5674 σεμνὸν
3658 5600 3742 5655 ’ἓν
3815 5608 3892 5679 τῇ
