4074 6212
216 339 363 405 1297
390 362 397 369 -
1533 350 2249 414 GREGO-ROMANUM.
3436 347 3608 427 1898-

204 475 534 553 προσηγορίᾳ
591 472 818 547 διώκων,
867 486 958 534 του
1028 474 1081 533 δὲ
1147 477 1265 535 καθ’
1335 478 1530 548 ἡδονὴν
1588 482 1847 562 ἀπρεποῦς

1936 483 2166 563 Quippe
2185 484 2235 545 si
2264 485 2395 566 quis
2419 504 2553 548 eum
2573 486 2754 552 verbo
2780 495 2954 551 tenus
2969 486 3345 569 promittens,
3367 502 3587 568 reapse
3608 516 3613 521 -

199 567 279 642 μὴ
308 564 685 644 ἀφιστάμενος.
722 563 851 621 03:5
882 566 979 645 γὰρ
1038 568 1129 622 τὸν
1188 566 1550 644 ἑϐδομήκοντα
1607 569 1699 639 ἔτη
1758 595 1847 651 γε-

1940 572 2117 635 faciat
2145 592 2235 647 ea,
2270 563 2402 655 qua:
2431 575 2626 637 solent
2653 576 2752 657 qui
2786 563 3103 640 mulierum
3161 576 3219 638 in
3278 563 3581 639 consortio

196 657 393 736 -(ovd:1
460 656 703 730 πείθομαι
780 657 1029 731 ἐμπαθῶς
1114 662 1318 737 γυναικὶ
1392 677 1677 744 συνοικεῖν,
1734 662 1847 721 οὔτε

1939 661 2161 737 degunt
2194 679 2206 724 :
2245 663 2624 726 manifestum
2646 656 2719 727 de
2751 683 2816 726 se
2848 664 3071 745 praebet
3096 662 3580 746 indicium,quod

198 748 275 809 ὡς
319 745 403 801 ἐπὶ
430 745 690 823 γενομένῃ
721 747 822 801 τινὶ
870 745 1054 821 ἀτόπῳ
1111 746 1292 822 πράξει
1347 750 1633 828 ὡρίσαμεν,
1693 752 1726 806 ἃ
1768 754 1856 808 καὶ

199 837 485 913 ὡρίσαμεν,
520 833 643 890 ἀλλ’
699 834 814 891 ἐπεὶ
853 833 1207 916 ἐδιδάχθημεν
1263 840 1405 916 παρὰ
1449 846 1540 896 τοῦ
1597 837 1855 899 Ἀποστό-

202 924 321 997 λου,
379 924 455 998 μὴ
497 923 691 980 τιθέναι
749 924 1070 1003 πρόσκομμα
1124 933 1202 1000 τῷ
1258 924 1466 1008 ἀδελφῷ
1507 930 1580 993 εἷς
1623 928 1853 986 σκάνδα-

203 1012 321 1071 λον.
389 1010 620 1086 Οἴδαμεν
678 1010 756 1091 δὲ,
817 1013 897 1069 ὅτι
945 1016 1087 1093 παρά
1144 1038 1297 1073 τινων
1360 1018 1519 1096 ὑγίῶς
1576 1019 1852 1096 γινόμενον

204 1100 384 1164 ἄλλοις
430 1101 641 1181 ἀφορμὴ
684 1104 815 1180 πρὸς
874 1103 1132 1181 ἁμαρτίαν
1179 1104 1414 1183 ὑπάρξει.
1458 1107 1655 1165 Τούτου
1697 1108 1850 1165 ἕνεκα

196 1190 453 1270 ngeret-ii
465 1212 614 1269 α;).εν,
691 1191 756 1246 ἐπ
768 1191 940 1263 έμενοι
1039 1198 1109 1259 τῆ

204 1279 474 1359 Πατὲρων,
575 1280 900 1358 χωρισθῆναί
993 1302 1050 1336 σε

1194 1191 1435 1272 διαγωγῇ
1503 1198 1607 1251 τῶν
1632 1266 1659 1274 __
1688 1197 1851 1274 ἁγίων

459 1327 474 1357 ,
575 1280 900 1358 χωρισθῆναί
993 1302 1050 1336 σε
1162 1292 1255 1341 τοῦ
1308 1285 1544 1360 γυναίου.
1632 1266 1850 1341 νΕκϐάλε

192 1373 366 1425 τοῖνυν
416 1369 577 1435 αὖτὴν
631 1369 736 1424 ἀπὸ
752 1376 872 1460 ’,τοῦ
915 1370 1066 1426 οἴκου
1109 1393 1225 1432 σου.
1284 1372 1632 1439 Κατάστησον
1689 1375 1853 1441 αὐτὴν

190 1459 245 1514 ἓν
318 1457 677 1536 μοναστηρίθμ.
754 1457 927 1515 Ἐστω
984 1459 1159 1526 ἐκείνη
1216 1461 1351 1534 μετὰ
1408 1461 1701 1542 παρθένων,
1764 1465 1853 1519 καὶ

197 1550 259 1604 σὺ
288 1549 552 1624 ὑπηρετοῦ
604 1548 703 1603 ὑπὸ
734 1545 1082 1626 ἀ-ιδρῶν,ςῖνα
1124 1550 1202 1624 μὴ
1244 1552 1305 1605 τὸ
1362 1547 1531 1624 ὄνομα
1585 1558 1679 1608 τοῦ
1722 1558 1853 1608 Θεοῦ

200 1636 267 1693 δι’
317 1639 461 1711 ἡμᾶς
510 1635 900 1715 βλασφεμῆται,
968 1620 1099 1701 Ἕως
1154 1636 1200 1692 δ’
1244 1637 1306 1693 ἂν
1361 1647 1524 1697 ταῦτα
1561 1647 1743 1716 ποιῇς,
1801 1644 1853 1697 αἱ

202 1725 468 1802 μυριάδες,
553 1724 715 1804 ἅσπερ
784 1727 846 1781 σὺ
903 1749 1119 1806 γραφεις
1199 1725 1283 1783 διὰ
1370 1731 1474 1784 vim
1532 1728 1914 1829 ίεπιτινιτολῶν,Β

238 1814 308 1829 ,κς
420 1815 432 1824 ς
519 1812 583 1829 κ,
729 1815 739 1829 .
948 1815 960 1829 .
1009 1815 1060 1829 ς.
1211 1817 1223 1829 .
1353 1820 1363 1829 .
1530 1819 1544 1829 .
1636 1824 1659 1829 _
1837 1821 1847 1829 .

201 1814 346 1873 οὒδὲν
406 1812 739 1893 ὠξελήσουσί
794 1836 873 1883 σε,
939 1815 1075 1871 ἀλλὰ
1146 1817 1478 1887 τελευτήσεις
1522 1819 1721 1898 ἀργῶν,
1767 1821 1854 1876 καὶ

1936 748 2284 828 virginitatis
2323 751 2505 814 decus
2554 752 2797 814 nomine
2843 762 3014 814 tenus
3042 759 3332 827 sectetur,
3374 769 3580 815 verum

1934 837 2195 901 fceditate
2226 840 2539 921 voluptatis
2568 860 2687 903 non
2717 841 3035 904 abstineat.
3062 838 3193 905 Non
3222 841 3382 903 enim
3418 840 3583 923 equi-

1934 926 2071 988 dem
2101 929 2471 1009 septuaginta
2500 935 2701 990 natum
2736 947 2927 991 annos
2959 928 3176 992 lascive
3206 928 3445 991 mulieri
3474 948 3583 991 co-

1933 1016 2204 1078 habitare
2234 1016 2616 1099 crediderim,
2637 1036 2746 1080 nec
2766 1018 2924 1081 velut
2948 1017 3197 1100 alicujus
3223 1016 3465 1081 absurdi
3489 1017 3580 1081 fa-

1934 1104 2156 1166 cinoris
2177 1105 2420 1168 admissi
2443 1124 2619 1169 causa
2641 1107 2956 1169 statuimus
2971 1105 3219 1188 id,quod
3239 1107 3576 1173 statuimus:

1933 1193 2037 1255 sed
2070 1202 2405 1275 propterea,
2429 1195 2584 1277 quod
2609 1195 2807 1258 edocti
2828 1196 3012 1258 simus
3034 1196 3108 1257 ab
3140 1194 3438 1277 Apostolo,
3458 1212 3579 1259 non

1934 1300 2066 1343 esse
2097 1283 2261 1344 fratri
2288 1284 2715 1346 otl‘endiculum
2741 1284 3103 1365 ponendum,
3131 1284 3288 1365 qnod
3325 1284 3379 1346 ei
3400 1302 3581 1346 scan-

1935 1370 2068 1432 dalu
2102 1370 2198 1433 sit.
2235 1372 2308 1434 Et
2333 1390 2449 1433 non
2483 1371 2822 1451 ignoramus
2855 1371 2939 1445 id,
2974 1370 3130 1453 quod
3175 1371 3247 1433 ab
3278 1369 3576 1454 aliquibus

1932 1468 2095 1521 recte
2127 1461 2250 1534 fiat,
2281 1460 2414 1522 aliis
2446 1463 2819 1523 occasionem
2844 1460 3132 1543 peccandi
3165 1460 3573 1541 praebiturum.

1934 1546 2161 1610 Idcirco
2216 1549 2613 1629 praecipimus,
2674 1550 3181 1611 conversationem
3241 1557 3602 1611 sanctorum-

1937 1639 2173 1699 Palrum
2199 1647 2514 1711 sectantes,
2538 1656 2576 1702 a
2598 1638 2949 1701 muliercula
2979 1637 3203 1701 debere
3225 1645 3281 1700 te
3297 1637 3576 1718 separari.

1936 1725 2333 1798 Quamobrem
2361 1748 2428 1789 ex
2456 1728 2683 1789 {edibus
2714 1727 2829 1789 tuis
2852 1746 2983 1788 eam
3006 1726 3226 1807 ejicito.
3265 1734 3323 1789 et
3352 1726 3413 1789 in
3446 1745 3578 1789 mo-

1939 1816 2258 1878 nasterium
2287 1816 2511 1878 abdito.
2560 1815 2647 1880 Sit
2677 1818 2805 1898 ipsa
2835 1836 2968 1879 cum
3012 1814 3360 1897 virginibus,
3412 1823 3472 1881 et
3520 1824 3580 1878 tu

200 1902 388 1964 δώσεις
420 1910 494 1976 τῷ
538 1910 654 1977 Θεῴ
685 1901 844 1980 λόγον
872 1904 999 1981 ὑπὲρ
1055 1904 1150 1971 τῖῗις
1206 1913 1426 1961 σεαυτοῦ
1469 1906 1677 1985 ἀργίας.
1733 1904 1847 1964 Ἐὰν

1938 1905 2197 1967 virorum
2234 1914 2397 1968 utere
2434 1907 2785 1981 ministerio,
2826 1924 2901 1968 ne
2954 1924 3170 1968 nomen
3197 1905 3303 1969 Dei
3336 1911 3579 1988 propter

201 1990 267 2057 δὴ
320 1990 596 2066 τολμήσῃς
654 1992 731 2065 μὴ
789 1990 1207 2071 διορθωσάμενος
1266 1997 1484 2051 σεαυτὸν
1544 1996 1847 2075 ἀντέχεσθαι

1941 2013 2047 2055 nos
2079 1994 2548 2074 blasphemctur.
2578 1994 2870 2068 Quamdiu
2892 2013 3029 2058 vero
3048 1996 3176 2057 haec
3205 1994 3409 2075 facies,
3441 1993 3594 2056 nihil

198 2085 300 2145 τῆς
358 2080 669 2156 ἱερωσύνης,
727 2079 958 2156 ἀνάθεμα
1036 2081 1131 2159 ἔσῃ
1203 2086 1359 2140 παντὶ
1435 2083 1570 2163 λαῷ,
1645 2088 1733 2141 καὶ
1808 2088 1847 2141 οἳ

1940 2082 2045 2145 tibi
2080 2083 2406 2163 proderunt
2433 2085 2550 2146 illae
2581 2083 2898 2165 myriades,
2930 2102 3180 2165 quarum
3222 2083 3283 2145 in
3315 2081 3583 2166 epistolis

199 2166 483 2246 δεχόμενοί
509 2188 588 2235 σε,
624 2167 936 2238 ἐκκήρυκτοι
968 2171 1103 2226 κατὰ
1133 2177 1307 2228 πᾶσαν
1340 2170 1665 2239 Ἐκκλησιαν
1694 2176 1847 2251 γενή-

1935 2172 2300 2234 mentionem
2326 2171 2489 2253 facis;
2516 2174 2620 2237 sed
2652 2181 2712 2234 ut
2744 2173 2920 2235 homo
2942 2191 3145 2236 socors
3195 2171 3496 2248 morieris,
3526 2180 3586 2234 et

202 2278 408 2317 σονται.
1673 2267 1678 2273 ”
1933 2261 2221 2323 socordiae
2242 2273 2353 2324 tute
2378 2264 2667 2325 rationem
2689 2264 2813 2326 Deo
2838 2261 3079 2325 reddes.
3102 2260 3269 2335 Quod
3305 2260 3356 2323 si
3387 2269 3443 2324 te
3469 2259 3585 2323 mi-

212 2344 374 2433 nime
406 2344 734 2424 corrigens,
766 2345 1029 2409 retinere
1062 2355 1259 2410 tamen
1291 2349 1690 2411 sacerdotium
1720 2350 2121 2428 attentaveris,
2155 2350 2214 2412 in
2237 2351 2400 2411 omni
2428 2352 2644 2433 populo
2666 2351 3004 2428 anathema,
3033 2350 3254 2433 quique
3270 2348 3582 2433 recipient,

204 2432 266 2493 in
300 2433 462 2494 omni
491 2433 754 2496 Ecclesia
782 2434 942 2496 velut
970 2435 1225 2499 abstenti
1257 2437 1740 2517 publicabuntur.

283 2521 601 2588 Ἐπίσκοπος
647 2526 724 2599 μὴ
778 2528 1083 2583 συνοικείτω
1141 2527 1422 2600 οίᾴδήποτε
1450 2531 1678 2608 γυναικὶ,
1715 2527 1847 2604 μηδὲ

2015 2528 2339 2609 Episcopus
2382 2529 2563 2591 ullam
2604 2528 2914 2592 mulierem
2945 2528 3007 2590 in
3038 2525 3431 2591 contubernio
3462 2545 3583 2589 non

206 2612 344 2690 γυνὴ
388 2611 627 2677 διάκονος
670 2616 973 2673 συνοικείτω
1002 2614 1165 2695 ἀνδρί.

215 2874 525 2889 ΜΜ

1935 2616 2131 2697 habet,
2168 2636 2278 2679 nec
2307 2619 2544 2692 mulier,
2575 2637 2707 2699 quae
2733 2616 3045 2680 diconatus
3088 2632 3338 2678 munere
3383 2612 3586 2695 fungi-

1936 2713 2052 2779 tur,
2088 2706 2148 2767 in
2180 2706 2286 2768 viri
2318 2706 2710 2770 contubernio
2738 2706 2835 2767 sit.

733 3020 1453 3185 NIXAHA
1604 3022 1845 3187 ΝΟ

1935 3020 3051 3188 ΙΟΦΥΛΑΚΟΣ

1231 3325 1577 3454 ΤΟΥ
1680 3323 2542 3452 ΧΟΥΜΝΟΥ

1100 3565 1487 3619 ΓΕΓΟΝΟΤΟΣ

698 3747 958 3830 ΠΕΡΙ
1093 3749 1313 3832 ΤΩΝ

1453 3747 1915 3833 ΒΑΘΜΩΝ

1556 3564 2072 3617 ΜΗΤΡΟΠΟΛΙΤΟΥ
2136 3562 2656 3615 ΘΕΣΣΑΛΟΝΙΚΗΣ

2051 3747 2263 3828 ΤΗΣ
2401 3744 3075 3829 ΣΥΓΓΕΝΕΙΑΣ

915 4096 1948 4245 MICHAELIS
2115 4095 2862 4240 CHUMNI

1630 4344 2209 4411 NOMOPllYLAClS

1146 4516 1256 4591 Qui
1288 4516 1504 4579 deinde
1528 4515 1964 4581 Thessalonicae
1992 4513 2478 4595 metropolitanus
2508 4514 2635 4575 fuit.

1312 4677 1419 4739 DE
1465 4676 1882 4742 GRADIBUS
1928 4673 2491 4739 GOGNATIONIS

286 4995 348 5058 Ἠ
424 5003 724 5081 συγγένεια,
798 5004 964 5079 ὀνομλὶ
1020 5002 1132 5058 ἐστι
1191 5005 1369 5059 κοινὸν
1422 5004 1509 5059 καὶ
1551 5000 1847 5058 καθολικόν.

2019 4992 2549 5069 Cognatiomomen
2576 4999 2996 5056 estcommune
3021 5012 3088 5056 ac
3117 4990 3589 5074 generale.Divi-

206 5103 500 5170 Διαιρεῖται
547 5089 601 5146 δὲ
647 5093 719 5155 εἰς
764 5090 937 5157 τάξεις
970 5106 1116 5169 τρεῖς
1153 5108 1165 5120 ’
1219 5093 1291 5155 εἷς
1342 5091 1602 5162 ἀνιόντας,
1634 5089 1850 5145 κατιόν-

203 5203 323 5259 τας,
356 5182 593 5243 καὶτοὺς
625 5178 684 5235 ἐκ
711 5178 956 5257 πλαγίου,
1020 5183 1118 5237 Καὶ
1172 5180 1405 5243 ἀνιόντες
1456 5178 1551 5241 μέν
1596 5180 1745 5251 εἰσιν,
1808 5180 1853 5233 οἱ

204 5270 349 5343 ἡμᾶς
380 5267 755 5346 γεγεννηκότες
792 5286 804 5299 ⁵
862 5269 1131 5331 κατιόντες
1174 5266 1248 5341 δὲ,
1283 5271 1327 5324 οἱ
1372 5267 1423 5334 ἐξ
1464 5268 1617 5344 ἡμῶν
1672 5288 1855 5343 γεννη-

204 5357 380 5419 Θέντες
416 5375 430 5389 ⁸
499 5356 559 5412 ἐκ
608 5354 830 5433 πλαγίου
884 5354 939 5411 δέ
994 5359 1147 5428 εἰσιν,
1215 5360 1262 5414 οἱ
1316 5358 1451 5430 μήτε
1509 5357 1854 5434 γεννήσαντες

207 5449 376 5521 ἡμᾶς,
450 5447 587 5520 μιςτε
659 5445 992 5522 γεννηεὲντες
1062 5445 1114 5511 ἐξ
1169 5438 1325 5522 aliis»
1363 5464 1376 5477 ’
1438 5445 1853 5513 κοινωνήσαντες

305 5518 459 5608 ἡμῖν.
488 5539 583 5600 τῆς
632 5518 792 5599 αδτῆς
836 5539 998 5611 γονῆς
1056 5536 1145 5591 καὶ
1196 5518 1368 5611 piam.
1427 5531 1854 5613 Παραδείγματος

208 5626 261 5683 δὲ
340 5623 522 5701 χάριν,
583 5621 874 5677 {mons-ierim
929 5623 1210 5700 πρόσωπον
1294 5625 1321 5677 ὁ
1396 5619 1606 5681 Ἰακώδ.
1695 5623 1855 5685 Οὗτος

1935 5084 2095 5147 ditur
2120 5091 2314 5145 autem
2347 5083 2407 5144 in
2432 5091 2554 5146 tres
2605 5082 2867 5157 ordines,
2902 5083 2963 5144 in
2993 5082 3410 5159 ascendentes,
3445 5081 3588 5144 des-

1937 5173 2283 5246 cendentes,
2320 5181 2376 5234 et
2402 5192 2525 5249 eos,
2554 5172 2655 5254 qui
2688 5181 2823 5233 sunt
2863 5191 2933 5234 ex
2962 5181 3319 5235 transverso.
3354 5172 3584 5234 Ascen-

1938 5264 2147 5324 dentes
2177 5264 2442 5343 sunt,qui
2474 5280 2583 5325 nos
2615 5276 3058 5344 progenuerunt
3084 5283 3096 5324 :
3126 5260 3583 5333 descendentes,

1939 5350 2038 5432 qui
2061 5369 2127 5410 ex
2164 5350 2335 5411 nobis
2369 5351 2489 5412 nati
2524 5356 2667 5414 stunt
2699 5368 2713 5413 :
2751 5369 2817 5411 ex
2851 5357 3210 5422 transverso,
3244 5348 3350 5431 qui
3393 5366 3586 5431 neque

1940 5457 2045 5501 nos
2074 5447 2427 5517 genuerunt,
2457 5458 2656 5520 neque
2687 5437 2809 5500 nati
2840 5447 2979 5501 sunt
3007 5456 3080 5501 ex
3111 5436 3309 5513 nobis,
3340 5436 3447 5500 sed
3471 5454 3587 5498 no-

1938 5530 2166 5592 biscum
2185 5532 2699 5613 participantidem
2715 5550 2922 5594 semen
2935 5540 2991 5593 et
3004 5530 3275 5594 eamdem
3294 5528 3584 5592 radicem.

1941 5623 2062 5686 Exe
2078 5643 2111 5682 ,τ
2132 5624 2214 5705 pli
2240 5643 2437 5701 causa,
2473 5624 2773 5707 proposita
2789 5624 2961 5687 nobis
2976 5624 3053 5687 sit
3072 5622 3276 5689 Jacobi
3306 5640 3586 5706 persona.
