4074 6212
500 339 657 437 ηυξ»

1493 373 1626 437 JUS
1664 367 2116 436 CANONICUM
2158 371 2863 438 GRIECO-ROMANUM.

495 501 687 566 Habet
707 503 804 566 hic
817 503 1233 578 ascendentes,
1265 503 1563 585 genitores
1593 519 1913 582 suos,quos
1929 518 2125 582 paren-

2227 501 2468 566 ἀνιόντας
2497 501 2613 583 ἔχει
2655 504 2775 569 τοὺς
2817 503 2974 562 αυτοῦ
3024 507 3366 583 γεννήτορας,
3427 506 3515 567 οὓς
3572 516 3753 580 γονεῖς
3784 505 3869 559 καὶ

496 599 587 654 tes
615 600 672 655 et
702 610 842 654 avos
863 593 1231 673 appellamus
1258 611 1272 656 :
1301 592 1578 655 videlicet
1599 605 1826 674 patrem
1846 593 2135 671 Isaacum,

2219 591 2511 670 προγόνους
2542 592 2868 667 ὀνομάζομεν
2901 609 2916 623 °
2946 590 3109 670 ἤγουν
3149 593 3242 649 τὸν
3287 593 3488 670 πατέρα
3532 591 3736 671 Ἰσαὰκ,
3779 594 3868 648 καὶ

495 689 554 768 et
585 689 831 742 matrem
864 671 1200 744 Rebeccam
1236 701 1250 742 :
1284 700 1454 742 avum
1487 671 1911 754 Abrahamum,
1947 680 2125 742 aviam

2220 680 2317 747 τὴν
2349 680 2552 759 μητέρα
2585 671 2859 738 Ῥεϐέκκαν
2894 697 2908 712 ⁸
2967 681 3184 738 πάππον
3227 681 3318 738 τὸν
3374 678 3635 768 ’ᾼϐραέιμη
3710 680 3861 754 μάμ-

495 767 756 850 Sarram,
803 777 862 832 et
904 770 997 830 his
1041 768 1216 831 etiam
1251 769 1587 833 ulteriores.
1621 769 1844 832 Omnes
1873 769 2050 848 igitur
2074 767 2125 830 hi

2219 792 2328 845 μην
2367 770 2464 836 τὴν
2497 767 2724 848 Σάρῤαν,
2755 771 2840 826 καὶ
2885 770 3005 836 τοὺς
3055 768 3132 826 ἔτι
3188 767 3436 848 ἀνωτέρω
3470 786 3485 799 ⁸
3545 772 3685 825 οὗτοι
3737 775 3860 846 γαῖν)

492 863 726 941 cegnati
754 861 980 933 Jacobi,
1012 861 1295 924 dicuntur
1322 862 1716 924 ascendentes
1750 882 1763 923 :
1799 861 1956 923 velut
1985 879 2131 925 auc-

492 955 655 1014 tores
703 949 1131 1031 procreationis
1179 951 1386 1032 ipsius.
1439 950 1887 1013 Descendentes
1935 959 2131 1011 autem

489 1038 709 1103 Jacobo
755 1047 913 1121 sunt,
967 1039 1070 1120 qui
1098 1057 1168 1101 ex
1198 1058 1269 1101 eo
1299 1039 1642 1102 derivantur
1681 1037 1876 1112 liberi,
1925 1037 2128 1112 Judas,

488 1130 653 1194 verbi
683 1131 891 1210 gratia,
919 1130 1081 1205 Levi,
1105 1132 1382 1211 Symeon,
1415 1131 1558 1205 ﬁlia,
1579 1149 1708 1211 quae
1729 1129 1894 1192 Dina;
1914 1147 2132 1191 nomen

489 1219 765 1297 habebat,
811 1227 872 1283 et
917 1227 1203 1302 quotquot
1241 1220 1334 1281 his
1373 1221 1548 1282 etiam
1597 1228 1733 1280 sunt
1791 1217 2128 1282 inferiores.

488 1307 686 1371 Veluti
715 1327 927 1391 nepos,
962 1309 1196 1388 neptis:
1231 1309 1332 1390 qui
1360 1309 1643 1371 dicuntur
1670 1307 2126 1384 descendentes,

488 1398 653 1479 quasi
683 1403 784 1478 qui
812 1413 882 1462 ex
909 1396 1131 1462 Jacobo
1161 1397 1525 1461 deriventur.
1559 1397 1641 1459 Ex
1661 1406 1991 1458 transverso
2020 1415 2131 1458 au-

490 1492 608 1550 tem
636 1487 873 1566 cognati
907 1494 1062 1559 sunt,
1099 1487 1198 1567 qui
1232 1503 1425 1567 neque
1455 1493 1787 1566 genuerunt
1813 1485 2126 1566 Jacobum,

488 1592 684 1656 neque
707 1583 929 1637 suntex
948 1594 1018 1637 eo
1043 1574 1161 1636 nati
1184 1593 1198 1638 :
1222 1580 1324 1636 sed
1348 1594 1482 1637 cum
1505 1593 1575 1637 eo
1594 1573 1948 1654 participant
1969 1573 2129 1635 idem

487 1680 719 1738 semen,
744 1670 802 1725 et
819 1665 1089 1726 eamdem
1119 1663 1406 1725 radicem.
1433 1663 1616 1726 Verbi
1646 1663 1853 1742 gratia,
1887 1663 2126 1725 Ismael.

2217 858 2435 931 πάντες,
2491 872 2768 936 συγγενεῖς
2821 867 2914 918 τοῦ
2973 857 3186 938 Ἰακὼϐ,
3258 857 3501 937 λέγονται
3574 859 3807 921 ἀνιόντες
3841 878 3856 893 ⁸

2215 947 2288 1011 ὡς
2331 945 2497 1003 αἴτιοι
2524 951 2625 1014 τῆς
2667 949 2827 1006 αὐτοῦ
2854 948 3175 1026 γεννήσεως.
3211 948 3492 1011 Κατιόντες
3549 944 3606 1002 δέ
3655 948 3754 1002 εἰσι
3783 954 3860 1019 τῷ

2214 1031 2428 1109 Ἰακὼϐ,
2463 1038 2510 1091 οἱ
2563 1033 2616 1100 ἐξ
2666 1038 2822 1092 αὐτου
2877 1038 3230 1114 καταγόμενοι
3285 1039 3408 1109 υἱοὶ,
3442 1034 3636 1101 Ἰούδας
3663 1038 3857 1114 τυχὸν,

2216 1126 2243 1180 6
2276 1125 2418 1198 Λευὶ,
2466 1126 2495 1181 6
2524 1125 2770 1201 Συμεὼν,
2801 1127 2836 1195 ἡ
2894 1126 3124 1205 θυγάτηρ
3181 1125 3318 1183 οὕτω
3373 1124 3674 1200 καλουμένη
3707 1125 3857 1203 Δίνα,

2215 1214 2301 1269 καὶ
2327 1215 2374 1270 οἱ
2411 1211 2486 1270 ἔτι
2535 1214 2735 1271 τούτων
2777 1214 3061 1294 κατωτέρω
3093 1233 3108 1249 ο
3170 1218 3287 1272 οἷον
3329 1212 3568 1294 ἔγγονος,
3608 1213 3803 1291 ἒγγόνη
3841 1232 3856 1246 ’

2215 1305 2262 1359 οἱ
2312 1303 2582 1366 κατιόντες
2637 1300 2904 1382 λέγονται,
2960 1306 3034 1360 ὼ)
3079 1303 3142 1360 ἐκ
3175 1312 3268 1362 τοῦ
3317 1300 3507 1361 Ἰακὼϐ
3545 1302 3859 1380 καταγόμε-

2215 1412 2317 1452 νοι.
2380 1387 2476 1448 Ἐκ
2529 1390 2754 1470 πλαγίου
2809 1390 2864 1448 δέ
2906 1393 3003 1449 εἰσι
3061 1405 3359 1472 συγγενεῖς,
3420 1394 3466 1448 οἱ
3495 1393 3630 1466 μήτε
3659 1392 3860 1469 γεννή-

2215 1501 2400 1544 σαντες
2457 1481 2548 1537 τὸν
2580 1477 2796 1561 Ἰακὼϐ,
2828 1481 2966 1556 μήτε
3008 1479 3061 1547 ἐξ
3112 1483 3268 1538 αυτοῦ
3323 1480 3655 1560 γεννηθέντες
3682 1498 3698 1512 ·
3733 1500 3860 1534 κοι-

2215 1571 2497 1632 νωνοῦντες
2527 1567 2583 1626 δὲ
2637 1571 2779 1644 αὖτῷ
2817 1570 2908 1627 τοῦ
2968 1572 3124 1627 αὒτοῦ
3178 1570 3358 1650 γένους
3413 1571 3501 1626 καὶ
3551 1573 3650 1635 τῆς
3690 1569 3859 1634 αὒτῆς

2211 1656 2381 1734 ῥίζης.
2441 1661 2595 1733 Οἷον,
2641 1661 2669 1715 6
2698 1655 2947 1734 Ἰσμαήλ.
3009 1666 3163 1725 Θεῖος
3219 1660 3319 1740 γὰρ
3369 1660 3500 1738 πρὸς
3540 1657 3738 1735 πατρὸς
3781 1665 3863 1731 τῷ

483 1749 714 1831 Quippe
739 1751 960 1813 Jacobo
992 1764 1235 1832 patruus
1264 1761 1354 1813 est
1382 1751 1615 1814 Ismael.
1639 1751 1709 1812 Et
1740 1750 2125 1813 ascendentes

2212 1743 2404 1804 Ἰακὼϐ
2431 1748 2458 1802 6
2487 1745 2736 1822 Ἰσμαήλ.
2785 1749 2883 1805 Καὶ
2936 1747 3166 1814 ἀνιόντες
3221 1749 3321 1824 μὲν
3381 1750 3541 1826 αὐτῷ,
3586 1749 3658 1808 ὡς
3702 1747 3859 1825 εἰρή-

486 1840 726 1921 quidem
775 1840 890 1922 ipsi
921 1847 1079 1914 sunt,
1113 1840 1200 1902 uti
1230 1840 1513 1918 diximus,
1570 1840 1803 1903 [saacus
1851 1847 2127 1921 tanquam

485 1937 675 2010 pater,
719 1937 777 1991 et
806 1928 1172 1991 Abrahamus
1216 1937 1489 2011 tanquam
1534 1948 1696 2004 avus,
1747 1929 2026 2010 quoniam
2059 1947 2130 1991 ex

485 2033 691 2080 eorum
734 2017 955 2080 lumbis
1003 2017 1258 2081 Iacobus
1303 2018 1547 2083 exstitit.
1598 2018 1812 2080 Ismael
1844 2036 1982 2080 vero
2019 2036 2128 2079 nec

485 2124 592 2189 pro
642 2117 893 2188 cognato
942 2106 1306 2169 ascendente
1346 2106 1557 2170 haberi
1614 2106 1832 2171 Jacobo
1886 2106 2122 2188 poterit,

485 2195 626 2278 quia
671 2216 792 2259 non
841 2203 931 2260 est
985 2204 1193 2258 auctor
1235 2197 1662 2277 procreationis
1711 2196 1815 2259 ei:
1851 2214 1962 2258 nec
2015 2214 2121 2276 pro

486 2283 893 2350 descendente
912 2335 928 2361 ,
961 2285 1098 2367 quia
1132 2305 1251 2348 non
1271 2286 1503 2364 genitus
1533 2295 1624 2349 est
1645 2305 1714 2347 ex
1735 2284 1954 2348 Jacobo
1981 2284 2119 2347 :sed

487 2381 578 2437 est
605 2383 888 2454 cognatus
917 2393 988 2436 ex
1013 2382 1372 2455 transverso,
1392 2375 1573 2438 veluti
1593 2373 1692 2455 qui
1711 2387 1769 2436 et
1797 2374 1925 2455 ipse
1956 2377 2124 2451 geni-

486 2470 580 2525 tus
609 2463 790 2528 fuerit
809 2482 880 2527 ex
905 2463 1229 2528 Abrahami
1257 2463 1501 2541 lumbis,
1529 2472 1586 2526 et
1605 2463 2004 2526 Abrahamum
2027 2482 2125 2544 pa-

484 2557 638 2615 trem
669 2552 904 2630 habeat,
938 2571 972 2614 a
1003 2572 1119 2634 quo
1154 2553 1330 2617 etiam
1372 2553 1650 2627 Iacobus,
1706 2552 1960 2636 ideoque
1989 2572 2124 2614 cum

483 2637 708 2703 Jacobo
759 2643 1054 2723 particeps
1083 2641 1134 2704 si
1164 2643 1434 2721 ejusdem
1482 2641 1731 2704 seminis
1777 2661 1846 2704 ac
1882 2642 2122 2706 radicis.

484 2726 742 2793 Omnino
753 2731 911 2792 enim
925 2730 1437 2812 quinequelocum
1453 2732 1822 2812 superiorem
1835 2731 2124 2800 obtinent,

485 2817 939 2880 ascendentium
971 2817 1545 2897 ordinem.inquam,
1561 2837 1756 2900 neque
1775 2819 2022 2898 gradum
2041 2820 2130 2880 in-

487 2905 770 2969 feriorem
807 2907 1070 2987 explent,
1093 2925 1164 2968 ex
1206 2914 1539 2969 transverso
1567 2915 1776 2970 erunt:
1811 2926 1946 2968 cum
1970 2909 2128 2970 loca-

491 2994 580 3057 les
607 2994 783 3057 etiam
815 2995 1109 3058 distantia:
1134 2996 1556 3073 quadrifariam
1588 2995 1950 3068 dividantur,
1983 2996 2045 3058 in
2064 2996 2126 3058 id

2212 1857 2405 1911 καμεν,
2449 1837 2478 1892 6
2509 1833 2688 1894 Ἰσαὰκ
2728 1839 2803 1900 ὡς
2833 1839 3031 1916 πατὴρ,
3077 1839 3164 1894 καὶ
3220 1840 3248 1893 6
3279 1834 3542 1916 ’Λϐραὰμ,
3583 1837 3658 1898 ὡς
3701 1835 3860 1891 πάπ-

2211 1946 2338 2000 πος,
2369 1923 2449 1981 ὅτι
2507 1924 2559 1990 ἐξ
2616 1925 2807 2004 ὀσφύος
2849 1927 3020 1982 αὐτῶν
3071 1928 3099 1982 ὁ
3151 1922 3364 1985 Ἰακώϐ.
3429 1916 3485 1982 ιΟ
3535 1921 3589 1979 δὲ
3639 1919 3861 1999 Ἰσραὴλ

2211 2013 2330 2070 οὔτε
2372 2013 2531 2070 ἀνιὼν
2591 2012 2857 2092 λογισθείη
2900 2016 3158 2093 συγγενὴς
3213 2018 3291 2088 τῷ
3357 2009 3566 2085 Ἰακὼϐ,
3621 2009 3704 2066 ὅτι
3765 2011 3863 2066 οὒκ

2212 2102 2351 2160 ἔστιν
2382 2101 2555 2168 αἴτιος
2582 2108 2682 2171 τῆς
2708 2103 2867 2160 αὖτοῦ
2908 2105 3204 2182 γεννήσεως
3239 2147 3253 2163 .
3313 2101 3430 2159 οὔτε
3474 2103 3578 2178 μὴν
3630 2100 3859 2168 κατιὼν,

2203 2191 2284 2249 ὅτι
2314 2193 2408 2250 οὒκ
2441 2191 2502 2250 ἑκ
2541 2200 2635 2250 τοῦ
2665 2189 2856 2250 Ἰακὼϐ
2907 2191 3160 2270 ἐγεννήθη
3195 2210 3212 2226 ο
3259 2191 3321 2249 ἐκ
3365 2190 3588 2268 πλαγίου
3635 2186 3691 2244 δέ
3737 2186 3856 2243 ἑστι

2203 2283 2488 2361 συγγενὴς,
2521 2285 2593 2346 ὡς
2622 2283 2709 2338 καὶ
2737 2282 2891 2345 αὐτὸς
2921 2281 2973 2347 ἐξ
3027 2282 3221 2362 ὀσφύος
3262 2291 3354 2341 τοῦ
3408 2277 3638 2360 ’Λϐραᾶκ
3705 2297 3846 2355 γεν-

2205 2372 2399 2446 νηθεὶς,
2431 2373 2636 2428 καὶτὸν
2687 2367 2929 2450 Ἀϐραὰμ
2981 2369 3126 2451 ἔχων
3180 2373 3462 2451 γενήτορα,
3507 2365 3596 2447 ἀφ’
3655 2369 3720 2423 οὗ
3772 2387 3846 2423 κα

2205 2462 2234 2516 6
2265 2457 2475 2532 Ἰακὼϐ,
2508 2459 2780 2519 κάντεῦθεν
2847 2461 3176 2529 κοινωνήσας
3233 2466 3311 2534 τῷ
3365 2455 3557 2516 Ἰακὼϐ
3593 2462 3694 2523 τῆς
3751 2457 3849 2512 αὖ·

2207 2553 2304 2615 τῆς
2334 2554 2499 2627 γονῆς
2542 2550 2630 2606 καὶ
2685 2549 2852 2626 ῥίζης.
2928 2549 3144 2612 Πάντως
3195 2549 3295 2629 γὰρ
3353 2551 3400 2605 οἱ
3444 2549 3578 2624 μήτε
3609 2548 3700 2602 τὸν
3747 2544 3861 2599 ἄνω

2207 2638 2340 2694 τύπο
2417 2635 2441 2658 ’⁸
2887 2646 2910 2655 ’
3015 2639 3028 2652 “
3108 2639 3120 2660 '
3361 2637 3371 2654 '
3568 2633 3590 2674 ⁵
3781 2636 3854 2674 τοο

2342 2661 2368 2694 ν
2417 2657 2654 2719 εχοντες,
2698 2640 2798 2707 τὴν
2845 2661 2949 2696 των
3006 2660 3259 2696 ανιοντων
3313 2637 3458 2718 λεγω
3498 2637 3665 2708 rima,
3711 2653 3859 2708 μηη

2207 2728 2268 2783 τὸ
2323 2727 2471 2783 κάτω
2523 2727 2724 2804 βαθμὸν
2774 2726 3224 2807 ἆποπληροῠντες,
3297 2727 3358 2784 ἐκ
3411 2725 3638 2803 πλαγίου
3691 2723 3858 2780 ἔσον-

2207 2837 2294 2872 ται
2325 2831 2345 2848 ⁸
2393 2815 2474 2874 ὅτι
2519 2819 2608 2873 καὶ
2655 2819 2705 2873 αἱ
2758 2818 2972 2874 τοπικαὶ
3037 2815 3332 2880 διαστάσεις
3388 2820 3665 2895 τετραχῶς
3705 2810 3857 2868 διαι-

2208 2911 2439 2984 ροῦνται,
2471 2907 2544 2970 εἷς
2586 2907 2648 2964 τὸ
2705 2905 2814 2963 ἄνω
2868 2907 2956 2964 καὶ
2996 2907 3164 2980 κάτω,
3221 2904 3386 2972 δεξιὸν
3427 2907 3514 2962 καὶ
3550 2903 3860 2982 ἀριστερόν.

2209 2993 2484 3092 Ταύτητοι,
2541 2995 2602 3050 τὸ
2673 2991 2837 3059 δεξιὸν
2887 2996 2975 3052 καὶ
3028 2994 3298 3075 ἀριστερὸν
3366 2993 3858 3092 diva-1071i:

486 3084 642 3166 quod
667 3103 868 3165 supra,
893 3086 1121 3166 etquod
1144 3085 1322 3160 infra,
1341 3084 1400 3146 in
1421 3085 1693 3148 dextrum
1718 3094 1776 3147 et
1794 3084 2122 3149 sinistrum.

2210 3105 2406 3145 νουσιν.
2459 3079 2630 3146 Ὅπως
2677 3093 2802 3162 γοῦν
2852 3091 3014 3140 ταῦτα
3071 3085 3136 3141 τὰ
3191 3083 3328 3164 μέρη
3379 3090 3485 3140 τῶν
3539 3079 3721 3147 δεξιῶν
3768 3082 3862 3136 καὶ

3723 366 3878 437 ιδοο

487 3171 614 3246 Quo
645 3173 732 3248 fit,
770 3181 834 3235 ut
867 3172 1137 3235 dextrum
1180 3181 1237 3235 et
1266 3173 1571 3235 sinistrum
1617 3173 1736 3237 sint
1766 3182 2124 3238 transversa.

2210 3172 2519 3253 ἀριστερῶν,
2590 3179 2855 3252 συγγενῶν
2923 3173 3092 3240 τάξεις
3155 3172 3486 3254 ἀποπληροῖ,
3555 3171 3769 3250 προϊὼν
3831 3173 3861 3224 ὁ

485 3259 775 3326 Caeterum
807 3281 925 3344 quo
956 3271 1127 3343 pacto
1158 3271 1355 3344 partes
1385 3263 1476 3324 hae
1507 3263 1845 3325 dextrorum
1899 3281 1970 3326 ac
1987 3264 2125 3327 sini-

2210 3259 2366 3340 λόγος
2404 3261 2539 3341 ἐρεῖ.
2587 3258 2682 3319 Ἐκ
2733 3260 2956 3341 πλαγίου
2997 3260 3052 3318 δὲ
3100 3263 3359 3342 συγγενὴς
3398 3269 3475 3336 τῷ
3515 3256 3708 3319 Ἰακὼϐ
3766 3259 3863 3314 καὶ

482 3357 738 3414 strorum
768 3371 884 3434 quo
916 3361 1084 3433 pacto
1115 3360 1314 3435 partes
1347 3353 1438 3415 hat
1477 3352 1824 3417 dextrorum
1845 3372 1914 3416 ac
1941 3353 2125 3416 sinis-

2210 3351 2237 3406 6
2280 3349 2522 3418 Βαθουὴλ
2563 3353 2592 3408 6
2648 3360 2741 3411 τοῦ
2797 3348 3036 3431 Ἀϐραὰμ
3087 3351 3333 3433 ἀδελφός.
3381 3353 3438 3409 Εἰ
3491 3356 3612 3429 γοῦν
3656 3350 3860 3418 ζητοίη

479 3447 732 3522 trorum,
765 3450 1146 3522 cognatorum
1195 3443 1438 3504 ordines
1484 3443 1823 3525 conficiant,
1876 3443 2125 3507 ulterius

2210 3460 2306 3512 τις,
2370 3440 2414 3496 εἰ
2464 3446 2541 3514 τῷ
2571 3437 2762 3498 Ἰακὼϐ
2815 3442 3073 3519 συγγενής
3131 3439 3270 3497 ἔστιν
3329 3443 3358 3496 6
3413 3437 3641 3517 βαθουὴλ
3696 3439 3726 3492 6
3761 3446 3861 3495 τοῦ

477 3547 794 3610 progressa
843 3530 1084 3593 docebit
1117 3531 1329 3595 oratio.
1363 3531 1448 3594 Ex
1497 3524 1832 3595 transverso
1885 3551 2125 3614 quoque

2210 3525 2448 3608 ’Λϐραᾶμ
2476 3526 2722 3608 ἀδελφὸς,
2744 3529 2833 3586 καὶ
2875 3526 3089 3609 Ἰσραὴλ
3143 3533 3172 3586 6
3229 3527 3452 3608 ἀδελφὸς
3504 3528 3596 3584 τοῦ
3639 3524 3852 3598 Ἰσαὰκ,

476 3617 696 3681 Jacobo
719 3627 1001 3698 cognatus
1031 3627 1121 3681 est
1149 3619 1398 3682 Bathuel
1425 3620 1895 3700 (52),Abrahami
1913 3622 2115 3684 frater.

2210 3616 2420 3695 ἐροῦμεν
2449 3635 2464 3650 ⁸
2525 3617 2606 3675 ὅτι
2649 3631 2924 3697 συγγενεῖς
2980 3618 3079 3694 μέν
3130 3619 3283 3698 εἰσιν,
3344 3619 3526 3675 οὔκουν
3583 3617 3850 3688 ἀνιόντες,

478 3703 538 3769 Si
571 3706 703 3788 quis
735 3725 875 3787 ergo
905 3716 1150 3788 quarat,
1199 3709 1275 3771 sit
1318 3727 1396 3772 ne
1439 3707 1662 3772 Jacobo
1692 3718 1974 3789 cognatus
2002 3709 2118 3771 Ba-

2210 3706 2282 3762 ὅτι
2326 3707 2405 3782 μὴ
2433 3705 2485 3773 ἐξ
2513 3707 2702 3789 ὀσφύος
2747 3709 2940 3769 αὐτῶν.
3001 3704 3147 3764 Ἀλλ’
3193 3705 3306 3764 οὐδὲ
3349 3707 3614 3770 κατιόντες
3672 3707 3700 3761 6
3744 3711 3853 3760 Βα-

477 3793 664 3870 thuel,
699 3795 1025 3858 Abrahami
1055 3797 1258 3870 frater,
1291 3805 1352 3860 et
1407 3799 1616 3861 Ismael
1677 3799 1859 3860 lsaaci
1915 3799 2116 3878 frater,

2210 3793 2362 3863 θουὴλ
2414 3795 2451 3864 ἢ
2508 3798 2537 3853 6
2608 3794 2856 3872 Ἰσμαήλ.
2933 3796 3177 3853 Λείπεται
3235 3795 3443 3871 λοιπὸν,
3518 3793 3576 3851 ἐκ
3617 3792 3851 3872 πλαγῖαυ

473 3883 972 3963 respondebimus
1015 3893 1295 3962 cognatos
1339 3885 1581 3968 quidem
1630 3887 1764 3948 illos
1803 3904 1955 3966 esse,
1993 3905 2110 3948 non

2210 3897 2475 3962 τυγγενετς
2514 3891 2590 3958 τῷ
2629 3881 2822 3942 Ἰακὼϐ
2847 3885 3060 3948 τούτους
3087 3885 3397 3966 τυγχάνειν.
3458 3885 3556 3943 Καὶ
3609 3884 3701 3937 τὸν
3745 3881 3850 3956 μὲν

469 3979 669 4035 tamen
697 3973 1077 4047 accedentes,
1107 3975 1244 4056 quia
1273 3976 1349 4039 de
1381 3975 1598 4038 lumbis
1625 3995 1829 4038 eorum
1853 3976 1980 4057 ipse
1999 3995 2114 4040 non

2210 3971 2424 4047 Ἰσμαὴλ
2455 3971 2812 4052 πατράδελφον
2842 3974 3007 4031 εἶναι.
3040 3973 3198 4051 ἤγουν
3226 3977 3371 4030 θεῖον
3419 3974 3548 4052 πρὸς
3589 3971 3793 4048 πατρός
3833 3990 3848 4004 ·

471 4060 876 4124 exsistat.Non
895 4063 1075 4125 etiam
1098 4063 1533 4127 descendentes
1563 4075 1737 4129 erunt
1755 4065 1998 4130 Bathuel
2017 4074 2117 4127 aut

2210 4064 2288 4118 τὸν
2341 4059 2396 4119 δὲ
2466 4062 2729 4136 Βαθουὴλ,
2800 4066 2942 4120 θεῖον
2983 4063 3089 4120 ἀπὸ
3145 4064 3386 4144 πάππου,
3431 4065 3487 4120 ὃν
3541 4061 3626 4118 καὶ
3674 4059 3853 4138 μέγαν

470 4147 707 4212 Ismael.
742 4148 948 4214 Restat
975 4151 1183 4230 igitur,
1230 4161 1294 4214 ut
1335 4152 1555 4216 Jacobo
1603 4154 1836 4234 cognati
1893 4153 2012 4216 sint
2043 4173 2115 4216 ex

2210 4156 2340 4208 istov
2371 4153 2398 4207 6
2429 4151 2588 4227 νόμος
2617 4152 2883 4228 ὀνομάζει.
2917 4154 2988 4210 Τὸ
3042 4153 3168 4209 αὐτὸ
3221 4150 3277 4210 δέ
3327 4152 3437 4210 ἐστι
3481 4153 3567 4207 καὶ
3617 4149 3706 4206 ἐπὶ
3734 4151 3859 4208 τῶν

469 4242 805 4299 transverso
837 4255 851 4301 :
889 4247 949 4300 et
981 4247 1043 4301 ut
1079 4238 1288 4302 Ismael
1324 4241 1567 4323 quidem
1599 4243 1781 4323 patris
1811 4243 1887 4304 sit
1907 4243 2110 4320 frater,

2210 4239 2398 4307 θηλέων
2454 4241 2774 4319 προσώπων.
2851 4248 2938 4317 Τῷ
3006 4242 3104 4320 γὰρ
3176 4239 3369 4300 Ἰακὼϐ
3421 4242 3676 4298 ἀνιόντων
3739 4243 3853 4311 μὲν

469 4323 582 4386 hoc
603 4332 692 4388 est
725 4334 966 4406 patruus
1000 4345 1014 4390 :
1050 4327 1305 4391 Bathuel
1328 4338 1551 4405 autem,
1580 4331 1673 4392 avi
1697 4340 1971 4412 respectu
2005 4351 2112 4412 pa-

2210 4328 2334 4395 εάξιν
2393 4327 2631 4409 ἔχουσιν,
2689 4328 2785 4396 ἤτε
2842 4332 3022 4412 μήτηρ
3057 4325 3352 4406 ἐΡεϐἐκκα,
3411 4333 3510 4387 καὶ
3557 4332 3590 4397 ἡ
3635 4330 3854 4404 μάμμη

468 4420 658 4502 trtius,
692 4434 868 4498 quem
900 4423 958 4479 et
989 4424 1266 4498 patruum
1313 4438 1590 4500 magnum
1634 4421 1749 4493 (53)
1780 4421 1872 4482 lex
1901 4421 2112 4502 appel-

2210 4417 2392 4498 Σάῤῥα.
2458 4418 2757 4477 Κατιόντων
2813 4419 2867 4476 δὲ
2921 4421 3065 4487 τάξιν
3120 4421 3517 4502 ἆποπληροῦσιν
3569 4420 3733 4494 αὐτῷ,
3814 4423 3842 4473 ὖ

469 4501 571 4592 lat.
603 4504 766 4567 Idem
797 4504 859 4567 in
891 4505 1166 4569 femineis
1195 4513 1465 4589 personis
1493 4509 1744 4572 obtinet.
1777 4501 2112 4590 QuippeJa-

2210 4507 2428 4592 θυγάτηρ
2489 4509 2637 4586 Δίνα,
2688 4510 2776 4565 καὶ
2829 4510 2863 4577 ἡ
2908 4509 2959 4576 ἐξ
3015 4513 3174 4578 αὐτῆς
3214 4501 3380 4592 τυχὸν
3409 4513 3748 4589 γεννηθεῖσα,
3789 4511 3854 4566 ΕΞ

466 4591 616 4654 cobo
647 4602 787 4656 sunt
821 4577 1270 4658 ascendentium
1303 4597 1436 4660 loco
1484 4598 1758 4662 Rebecca
1792 4577 2019 4671 mater,
2053 4608 2113 4659 et

2210 4597 2348 4675 Ξέτῇ
2394 4589 2639 4668 Ῥεϐέκκα
2695 4598 2820 4654 εἰσὶν
2863 4595 3095 4680 ἀδελφοὶ,
3149 4603 3236 4656 καὶ
3281 4577 3428 4658 35:01
3484 4600 3543 4656 ὲκ
3611 4598 3859 4676 πλαγίου

464 4681 592 4744 avia
621 4681 821 4748 Sarra.
871 4685 1372 4748 Descendentium
1405 4706 1542 4750 vero
1595 4688 1787 4750 locum
1838 4687 2109 4769 implent,

2210 4701 2469 4766 τυγγενεῖς
2497 4687 2574 4762 τῷ
2601 4683 2796 4744 Ἰακὼϐ
2822 4684 3139 4766 λογίζονται,
3173 4689 3369 4747 Αὖτίκα
3398 4692 3426 4746 6
3459 4686 3658 4762 Λάϐαν,
3693 4692 3723 4746 6
3743 4695 3857 4756 τῆς

464 4769 588 4832 filia
616 4769 790 4848 Dina,
824 4779 884 4836 et
913 4773 1108 4855 neptis
1145 4792 1214 4836 ex
1247 4794 1317 4838 ea
1349 4787 1503 4841 nata.
1539 4776 1706 4850 Quod
1739 4777 1788 4838 si
1842 4766 2114 4840 Rebecca

2214 4773 2470 4842 Ρεϐἐκκας
2519 4773 2768 4854 ἀδελφὸς,
2813 4778 3070 4856 συγγενὴς
3127 4785 3205 4853 τῷ
3251 4776 3462 4836 Ἰακώϐ.
3522 4784 3682 4841 Θεῖος

463 4856 676 4923 fratres
705 4859 908 4938 habet,
957 4861 1134 4924 etiam
1166 4862 1252 4924 illi
1282 4863 1506 4928 Jacobo
1538 4865 1772 4946 cognati
1805 4885 1874 4928 ex
1908 4877 2108 4927 trans-

2210 4867 2321 4944 τρὸς
2359 4865 2584 4940 μητρὸς.

459 4964 630 5011 νει-ευ
659 4949 1094 5016 existimantur.
1115 4951 1399 5035 Adeoque
1422 4954 1645 5030 Laban,
1677 4955 1965 5019 Rebeccae
1988 4960 2108 5018 rra-

386 5084 395 5094 .
461 5043 574 5114 ter,
608 5035 830 5189 Jatlzobo
874 5045 1159 5121 cognatus
1203 5050 1294 5104 est
1336 5041 1479 5105 Nan.
1511 5044 1741 5108 ratione
1774 5045 1978 5107 matris
2017 5052 2108 5107 est

459 5142 690 5189 avuncu
717 5145 809 5189 us.

459 5142 809 5191 avunculus.

459 5308 834 5388 Sequebatur
859 5313 1025 5392 apud
1052 5313 1482 5408 Leunclaqium
1500 5318 1849 5408 Justinfanj
1875 5321 2024 5408 imp.
2055 5314 2563 5408 confggg‘gnfgcte
2592 5318 2762 5408 fidat
2803 5337 2913 5408 set;
2939 5323 3200 5408 edictum
3227 5324 3302 5388 de
3325 5325 3445 5406 ﬁde
3470 5328 3859 5408 orthodoxa,

1192 5396 1352 5476 quod
1378 5405 1577 5461 exstat
1607 5395 1976 5478 Patrologiti
2000 5401 2149 5463 tomz'
2169 5395 2508 5479 LXXXVI,
2532 5395 2706 5480 porte
2733 5417 2778 5478 ι,
2809 5405 2927 5469 col.
2959 5405 3100 5472 993.

682 5685 1305 5778 [tectinsﬂqchorem
1319 5697 1630 5778 potuisset,
1663 5697 1968 5762 Bathuelis
2001 5588 2249 5778 ρῗὲἷῇ

535 5716 654 5764 ψη
682 5716 922 5752 naeuus
948 5716 1292 5784 "pauorem
1319 5716 1630 5778 potuisset,
1663 5716 1968 5762 natnuens
2040 5716 2094 5758 at

533 5765 653 5843 (53)
684 5764 732 5843 l,
766 5771 825 5828 t.
853 5768 883 5848 ς
916 5769 1126 5833 Prtmo
1153 5774 1369 5852 gradu.
1405 5777 1477 5839 ι).
1512 5776 1608 5838 Da
1631 5779 1808 5856 grad.
1839 5784 1897 5841 et
1924 5716 2094 5857 angit.
