4082 6456
167 506 228 566 i3

1153 510 1254 570 DE
1298 508 1867 574 ELECTIONIBUS
1913 510 2488 575 EPISCOPORUM.

3457 512 3534 571 14

162 639 393 695 eamdem
414 637 818 712 episcoporum
832 641 1300 698 ordinationibus
1322 642 1776 700 ecclesiasticam
1803 643 1862 714 Α
1889 643 2115 700 invitati
2134 646 2384 714 fuerant,
2399 649 2794 715 consecratus,
2819 660 2991 703 nemo
3003 643 3337 718 principum
3355 642 3536 715 hujus

162 727 453 783 libertatem
474 743 540 784 ex
563 733 726 801 parte
751 729 1006 786 maxima
1027 731 1441 804 permansisse,
1468 731 1778 787 manifesta

159 817 282 873 ratio
327 817 590 873 declarat.
642 818 841 890 Neque
871 820 1028 876 enim
1059 820 1182 875 ﬁeri
1214 819 1425 893 potuit,
1456 836 1592 876 cum
1619 837 1776 876 unus

159 906 439 978 imperator
468 906 624 963 orbis
655 912 822 964 terrae
846 909 1249 966 monarchiam
1281 909 1586 977 obtineret,
1621 913 1686 965 ut
1708 927 1776 966 ex

156 995 397 1052 omnibus
426 994 732 1052 latissimis
762 996 969 1054 mundi
991 998 1276 1071 partibus,
1303 998 1452 1054 Asiae
1485 998 1772 1065 videlicet,

153 1083 361 1156 Europae
391 1088 445 1140 et
474 1084 700 1152 Africae,
746 1103 954 1142 omnes
984 1087 1082 1159 qui
1117 1087 1426 1143 ordinandi
1456 1091 1622 1142 erant
1651 1086 1772 1158 epi-

153 1173 286 1245 scopi
315 1174 382 1230 ad
429 1175 555 1245 ejus
597 1174 989 1248 cognitionem
1021 1176 1471 1232 deducerentur.
1523 1176 1633 1232 Sed
1663 1177 1775 1232 fuit

152 1279 352 1334 semper
379 1263 605 1337 integra
633 1269 692 1320 et
721 1268 850 1320 rata
878 1265 1189 1331 ordinatio,
1221 1282 1400 1337 quam
1432 1270 1638 1320 sancta
1666 1265 1770 1321 Ec-

152 1350 298 1408 clesia
337 1352 501 1424 juxta
552 1352 931 1409 traditionem
974 1353 1355 1426 apostolicam
1383 1358 1440 1410 et
1487 1353 1769 1427 religiosae

152 1441 536 1498 observationis
568 1442 821 1498 formam
851 1441 1183 1499 celebravit.

207 1529 284 1587 IV.
315 1531 468 1596 Quod
519 1547 655 1587 vero
686 1530 748 1586 in
792 1531 1149 1604 quibusdam
1180 1532 1376 1606 regnis
1408 1536 1609 1605 postea
1632 1550 1768 1588 con-

152 1620 363 1676 suetudo
409 1621 688 1692 obtinuit,
720 1625 788 1676 ut
839 1620 1112 1677 consultu
1157 1621 1439 1694 principis
1481 1621 1768 1678 ordinatio

152 1709 285 1765 ﬁeret
310 1709 674 1783 episcopalis,
705 1709 859 1766 valet
887 1711 1091 1782 utique
1121 1711 1191 1766 ad
1225 1710 1531 1767 cumulum
1564 1711 1768 1767 frater-

149 1798 338 1867 nitatis,
367 1803 604 1872 propter
622 1815 828 1872 pacem
860 1803 917 1855 et
937 1800 1309 1856 concordiam
1332 1801 1643 1856 mundanae
1666 1817 1767 1873 po-

146 1887 365 1957 testatis;
399 1905 514 1944 non
545 1892 746 1944 tamen
780 1889 851 1944 ad
903 1888 1313 1962 complendam
1343 1889 1644 1945 veritatem
1677 1888 1768 1945 vel

147 1977 510 2033 auctoritatem
565 1994 744 2034 sacrae
791 1977 1200 2046 ordinationis,
1233 1995 1362 2050 qua;
1392 1995 1764 2050 nequaquam

147 2065 273 2139 regio
300 2071 620 2140 potentatu,
671 2067 773 2122 sed
804 2066 926 2123 solo
958 2066 1060 2123 Dei
1110 2071 1279 2134 nutu,
1314 2071 1371 2122 et
1399 2066 1667 2123 Ecclesiae
1696 2068 1763 2122 ﬁ-

146 2154 326 2210 delium
356 2172 668 2224 consensu,
701 2155 914 2228 cuique
945 2155 1193 2211 conferri
1225 2160 1436 2228 potest.
1479 2155 1764 2223 Quoniam

145 2243 472 2318 episcopatus
490 2263 610 2301 non
633 2247 724 2300 est
743 2261 960 2300 munus
972 2244 1430 2313 humanum,sed
1449 2245 1768 2318 sanctiSpi-

146 2333 266 2390 ritus
293 2335 527 2403 donum,
565 2332 721 2390 sicut
753 2333 1010 2389 ostendit
1053 2333 1374 2406 apostolus,
1405 2334 1504 2389 ubi
1539 2335 1610 2390 ad
1643 2334 1764 2407 epi-

147 2437 318 2494 scopos
370 2423 656 2496 loquitur,
717 2421 918 2478 dicens
973 2422 1108 2490 (Act.
1149 2440 1242 2492 xx,
1290 2423 1423 2494 28):
1486 2423 1767 2480 Attendite

147 2512 268 2568 vobis
293 2521 340 2568 et
391 2514 648 2568 universo
703 2513 876 2582 gregi,
931 2514 993 2567 in
1049 2528 1152 2585 quo
1209 2528 1302 2568 vos
1359 2513 1601 2584 Spiritus
1630 2530 1763 2568 san-

146 2607 235 2656 ctus
255 2603 423 2672 posuit
450 2603 729 2674 episcopos
769 2617 954 2671 regere
977 2602 1276 2657 Ecclesiam
1319 2601 1434 2671 Dei,
1485 2617 1649 2672 quam
1675 2617 1765 2657 ac-

148 2692 334 2761 quisivit
357 2693 632 2760 sanguine
644 2707 765 2747 suo.
791 2689 954 2746 Unde
973 2693 1030 2746 et
1044 2690 1104 2745 in
1125 2689 1385 2762 Epistola
1406 2691 1477 2746 ad
1496 2689 1766 2746 Hebraeos

148 2781 258 2849 (cap.
286 2797 336 2846 v,
370 2780 483 2852 4-6)
517 2779 638 2835 ait:
672 2779 780 2835 Nec
821 2780 1110 2851 quisquam
1151 2780 1262 2834 sibi
1288 2780 1458 2835 sumit
1484 2781 1760 2847 honorem,

144 2867 213 2922 sed
247 2871 334 2940 qui
355 2877 581 2926 vocatur
607 2886 642 2924 a
685 2870 813 2937 Deo,
844 2871 984 2924 sicut
1035 2874 1246 2924 Aaron.
1278 2867 1370 2923 Sic
1415 2876 1467 2924 et
1518 2869 1764 2924 Christus

143 2972 228 3012 non
254 2961 597 3031 semetipsum
624 2957 960 3030 gloriﬁcavit
987 2964 1050 3013 ut
1073 2959 1325 3029 pontifex
1353 2958 1522 3028 ﬁeret,
1544 2958 1636 3014 sed
1668 2959 1765 3030 qui

145 3045 312 3103 (cattus
338 3056 413 3104 est
435 3048 505 3103 ad
524 3064 673 3114 eum,
707 3047 884 3102 Filius
911 3063 1066 3102 meus
1095 3062 1150 3102 es
1180 3054 1257 3112 tu,
1289 3063 1382 3117 ego
1413 3047 1570 3102 hodie
1597 3049 1765 3118 genui

143 3140 194 3188 te.
234 3135 295 3190 Et
319 3135 556 3193 iterum:
599 3137 672 3192 Tu
702 3152 756 3192 es
779 3135 1117 3209 sacerdosin
1166 3143 1438 3192 aeternum
1464 3137 1764 3192 secundum

144 3223 348 3281 ordinem
401 3225 806 3282 Melchisedech.
870 3225 934 3280 In
993 3224 1212 3296 quibus
1261 3225 1522 3298 Apostoli
1570 3225 1761 3281 verbis

144 3312 538 3372 evidentissime
586 3315 1043 3383 demonstratur,
1077 3314 1148 3370 ad
1181 3313 1289 3370 hoc
1321 3330 1540 3369 munus
1572 3315 1761 3386 adipi-

146 3404 387 3460 scendum
445 3409 628 3478 atque
693 3403 1048 3460 sumendum
1120 3403 1388 3459 sufﬁcere
1443 3395 1832 3475 unicuiqueC

145 3492 354 3560 gratiam
400 3494 525 3562 Dei,
580 3497 927 3566 cooperante
974 3493 1090 3548 ﬁde
1137 3495 1194 3548 et
1232 3491 1534 3548 devotione
1561 3493 1760 3565 gratiae

147 3578 266 3650 ejus,
313 3583 530 3656 absque
582 3583 675 3638 his
725 3585 921 3638 autem
952 3581 1213 3637 humano
1251 3580 1490 3638 arbitrio
1539 3581 1760 3638 nemini

150 3684 288 3738 posse
329 3673 587 3729 concedi.
656 3671 817 3728 Unde
880 3670 1134 3744 graviter
1188 3670 1434 3742 quilibet
1488 3671 1761 3744 princeps

150 3757 417 3834 delinquit,
449 3763 496 3819 si
529 3762 641 3818 hoc
674 3779 780 3817 suo
819 3760 1100 3816 beneﬁcio
1129 3759 1328 3832 largiri
1361 3777 1534 3832 posse
1563 3761 1762 3817 existi-

150 3855 262 3916 mat,
291 3853 436 3924 quod
468 3851 598 3909 sola
617 3850 812 3907 divina
841 3850 1029 3924 gratia
1058 3849 1395 3922 dispensat;
1419 3867 1555 3906 cum
1587 3851 1761 3907 mini-

152 3937 355 3996 sterium
386 3959 504 3997 suae
534 3940 843 4014 potestatis
867 3940 926 3994 in
949 3939 1295 4011 hujusmodi
1318 3941 1616 4012 negotium
1640 3959 1766 4014 per-

152 4030 335 4097 agendo
363 4032 682 4104 adjungere
705 4029 932 4100 debeat,
965 4046 1082 4084 non
1113 4028 1402 4101 praeferre.

201 4115 258 4172 ν.
287 4119 540 4192 Denique
591 4124 657 4176 ut
703 4119 876 4176 istius
923 4118 1005 4174 rei
1056 4116 1341 4174 nonnulla
1395 4119 1765 4190 proferantur

153 4208 393 4280 exempla,
424 4215 568 4284 puto
599 4209 756 4282 quod
799 4210 873 4264 de
902 4205 1268 4264 ordinatione
1313 4207 1468 4264 beati
1505 4209 1761 4281 Martini,

153 4297 346 4363 quando
373 4315 438 4355 ex
486 4299 844 4355 monasterio
874 4298 986 4354 sub
1016 4297 1132 4354 alia
1161 4297 1463 4353 occasione
1493 4300 1762 4374 eductus,

153 4384 197 4436 et
219 4401 247 4439 a
271 4387 470 4461 populo
501 4387 986 4461 comprehensus,
1009 4390 1183 4459 atque
1210 4387 1281 4442 ad
1299 4385 1618 4445 Ecclesiam
1638 4407 1766 4463 per-

155 4469 330 4533 ductus
357 4483 460 4549 est,
494 4483 551 4536 et
608 4477 886 4536 continuo
918 4478 991 4534 ab
1049 4475 1360 4550 episcopis,
1421 4476 1523 4549 qui
1555 4479 1625 4535 ad
1658 4480 1764 4538 hoc

1795 2022 1844 2087 B

1890 733 2087 788 seaculi
2120 734 2291 789 fuerit
2322 734 2737 808 interrogatus.
2772 735 2836 790 In
2857 733 3116 790 Ecclesia
3137 748 3371 806 quoque
3393 731 3542 804 Lug-

1887 823 2138 878 dunensi
2171 823 2254 878 sic
2276 823 2548 896 religiosa
2568 824 2709 879 olim
2732 829 2790 880 et
2808 823 3158 879 venerabilis
3180 821 3539 878 consuetudo

1885 910 2014 978 fuit,
2039 911 2192 967 sicut
2211 912 2454 983 antiqua
2473 916 2671 968 narrat
2687 911 2960 971 historia:
2987 911 3210 968 scilicet
3228 913 3315 977 ut,
3340 909 3542 965 defun-

1884 1003 1974 1054 cto
2006 1001 2300 1073 pontifice,
2324 1001 2517 1057 omnis
2535 1001 2594 1056 in
2618 1018 2802 1056 unum
2825 1000 3160 1057 conveniret
3180 998 3458 1065 Ecclesia,
3483 1001 3542 1054 et

1883 1089 2156 1145 triduano
2171 1089 2399 1161 jejunio
2425 1089 2723 1146 communi
2744 1094 2875 1145 voto
2906 1107 2973 1146 ac
3005 1087 3433 1162 supplicatione
3453 1102 3540 1143 ce-

1883 1177 2125 1244 lebrato,
2150 1193 2561 1250 quemcunque
2582 1179 2665 1235 eis
2687 1179 2969 1234 Dominus
2990 1194 3095 1252 per
3123 1175 3537 1234 revelationem

1882 1265 2001 1322 sive
2031 1283 2099 1322 ex
2123 1284 2326 1323 eorum
2359 1267 2510 1323 clero
2542 1284 2643 1323 seu
2676 1267 2912 1323 aliunde
2942 1267 3296 1332 ostenderet,
3337 1264 3536 1338 ipsum

1881 1356 2007 1412 sine
2037 1357 2215 1412 dubio
2247 1356 2569 1413 antistitem
2599 1357 3040 1414 constituerent.
3073 1355 3236 1422 Quod
3267 1354 3338 1411 de
3365 1354 3535 1411 beato

1879 1445 2164 1501 Eucherio
2183 1446 2433 1518 prafatae
2447 1446 2612 1502 urbis
2631 1445 2924 1518 episcopo,
2947 1449 3003 1500 et
3023 1445 3255 1501 doctore
3279 1443 3534 1515 egregio,

1879 1534 2268 1590 sanctissimae
2299 1534 2441 1590 Vita:
2472 1536 2601 1607 ejus
2630 1534 2778 1591 liber
2808 1533 3115 1591 manifeste
3142 1535 3391 1588 testatur
3420 1530 3533 1587 im-

1879 1622 2124 1696 pletum.
2149 1623 2257 1689 Qui
2279 1640 2414 1680 eum
2437 1629 2591 1680 esset
2612 1640 2680 1680 ex
2697 1623 3064 1681 nobilissimo
3081 1624 3417 1679 senatorum
3443 1635 3536 1693 ge-

1879 1727 2016 1768 nere
2033 1712 2340 1781 oriundus,
2357 1718 2412 1768 et
2425 1713 2561 1769 huic
2584 1713 2795 1770 saeculo
2807 1708 3536 1781 abrenuntians,omnique

1878 1800 2155 1857 facultate
2185 1818 2294 1857 sua
2314 1801 2373 1857 in
2403 1819 2689 1874 pauperes
2715 1803 2786 1858 ob
2818 1817 3078 1858 amorem
3099 1797 3313 1856 Christi
3335 1794 3536 1854 distri-

1877 1890 2040 1959 buta,
2073 1891 2339 1962 partibus
2357 1890 2668 1947 Provinciaz
2685 1891 2745 1946 in
2768 1891 3022 1964 quodam
3045 1905 3221 1962 specu
3246 1891 3535 1955 retrusus,

1876 1985 2052 2053 atque
2097 1979 2176 2036 ibi
2228 1978 2335 2036 soli
2387 1980 2504 2036 Deo
2527 1981 2795 2053 jejunus,
2827 1983 2885 2036 et
2915 1977 3279 2048 orationibus
3319 1992 3537 2035 vacans

1875 2069 2152 2138 latitaret,
2170 2069 2272 2124 tali
2295 2068 2645 2125 revelatione
2667 2077 2959 2138 ostensus,
2981 2072 3156 2141 atque
3177 2067 3452 2123 inventus
3472 2065 3534 2120 in

1875 2156 2195 2230 pontiﬁcali
2227 2157 2509 2230 regimine
2543 2157 2768 2215 locatus
2797 2163 2904 2215 est.
2936 2162 3015 2213 Ex
3067 2173 3183 2230 quo
3209 2153 3534 2213 certissime

1876 2250 2105 2302 constat
2136 2247 2289 2318 quod
2315 2247 2476 2302 omni
2501 2246 2600 2302 illo
2624 2251 2888 2320 tempore
2918 2263 3034 2318 quo
3055 2249 3282 2301 tantam
3302 2243 3533 2300 bonita-

1877 2341 1996 2392 tem
2028 2334 2147 2391 sive
2177 2335 2427 2408 gratiam
2449 2335 2819 2408 omnipotens
2849 2336 3002 2392 Deus
3023 2335 3083 2390 in
3103 2333 3207 2390 illa
3223 2331 3410 2389 voluit
3432 2332 3534 2388 Ec-

1876 2424 2054 2482 clesia
2075 2426 2500 2493 demonstrare,
2526 2425 2757 2481 valebat
2783 2442 2850 2482 ac
2880 2424 3210 2481 sufﬁciebat
3236 2422 3311 2478 ad
3335 2437 3536 2478 conse-

1875 2513 2194 2570 crationem
2226 2518 2518 2570 rectorum
2550 2513 2676 2570 sola
2705 2514 2834 2585 ejus
2866 2512 3054 2586 gratia
3073 2515 3132 2568 et
3161 2511 3308 2568 ﬁdes
3337 2509 3532 2567 Eccle-

1876 2602 1973 2660 siae
2005 2603 2231 2660 devota.

1943 2692 2039 2748 VI.
2072 2693 2185 2749 Sed
2219 2698 2274 2749 et
2307 2693 2365 2749 in
2399 2693 2661 2750 Romana
2691 2691 2949 2749 Ecclesia
2977 2708 3167 2764 usque
3194 2690 3255 2746 in
3287 2704 3539 2763 praesen-

1874 2785 1993 2837 tem
2013 2781 2166 2837 diem
2189 2783 2486 2838 cernimus
2513 2783 2735 2854 absque
2755 2780 3213 2854 interrogatione
3229 2777 3533 2852 principis,

1874 2872 1996 2928 solo
2019 2871 2684 2944 dispositionisjudicio,
2707 2876 2764 2927 et
2785 2871 3046 2927 ﬁdelium
3071 2867 3369 2942 suffragio,
3392 2866 3532 2939 legi-

1871 2960 2013 3017 time
2043 2960 2348 3033 pontiﬁces
2381 2960 2742 3016 consecrari:
2776 2959 2877 3031 qui
2909 2959 3087 3015 etiam
3119 2957 3386 3014 omnium
3435 2971 3530 3011 re-

1871 3051 2114 3122 gionum
2145 3054 2201 3106 et
2249 3049 2550 3105 civitatum
2583 3066 2710 3122 quae
2755 3048 2841 3104 illi
2871 3048 3147 3118 subjectae
3174 3049 3334 3114 sunt,
3359 3045 3530 3116 juxta

1871 3139 2183 3211 antiquum
2226 3155 2472 3205 morem,
2519 3139 2723 3194 eadem
2753 3138 3020 3194 libertate
3049 3135 3324 3193 ordinant
3350 3139 3526 3206 atque

1870 3229 2238 3286 constituunt
2250 3227 2581 3284 sacerdotes
2597 3244 2610 3296 ;
2627 3243 2732 3282 nec
2745 3227 2886 3282 adeo
2900 3226 3216 3299 quisquam
3229 3223 3525 3280 absurdus

1868 3321 1975 3386 est,
2011 3321 2078 3372 ut
2123 3320 2289 3388 putet
2319 3315 2606 3372 minorem
2652 3315 2773 3370 illic
2801 3312 3286 3372 sanctiﬁcationis
3315 3311 3524 3368 divine

1870 3423 1998 3464 esse
2047 3406 2323 3479 gratiam,
2355 3422 2420 3461 eo
2469 3405 2622 3477 quod
2657 3404 2822 3460 nulla
2878 3403 3189 3460 mundanae
3220 3399 3526 3474 potestatis

1873 3496 2182 3553 comitetur
2212 3492 2550 3549 auctoritas.

1940 3585 2062 3640 VII.
2097 3587 2234 3650 Quae
2265 3582 2464 3638 omnia
2493 3600 2608 3638 non
2640 3582 2769 3638 ideo
2801 3582 3053 3638 dicimus
3077 3579 3246 3654 quasi
3277 3582 3529 3654 potesta-

1874 3681 1992 3732 tem
2025 3673 2361 3746 principum
2394 3672 2454 3727 in
2494 3670 2692 3743 aliquo
2715 3671 3097 3728 minuendam
3119 3673 3419 3742 putemus,
3439 3667 3530 3724 vel

1874 3769 2076 3821 contra
2105 3761 2444 3835 religiosum
2467 3778 2689 3817 morem
2721 3761 2884 3834 regni
2903 3759 3124 3832 aliquid
3155 3757 3530 3815 sentiendum

1874 3853 2376 3928 persuadeamus;
2427 3851 2527 3906 sed
2570 3854 2634 3906 ut
2691 3849 3017 3906 clarissime
3072 3849 3527 3914 demonstretur,

1873 3945 1932 4000 in
1966 3961 2026 3999 re
2057 3940 2396 4012 hujusmodi
2429 3939 2685 3995 divinam
2716 3939 2966 4012 gratiam
2997 3939 3285 4005 sufﬁcere,
3317 3936 3528 3992 huma-

1875 4050 2012 4089 nam
2042 4048 2176 4087 vero
2198 4030 2542 4102 potentiam,
2566 4029 2680 4086 nisi
2709 4029 2794 4084 illi
2824 4031 3123 4098 consonet,
3147 4025 3294 4083 nihil
3316 4024 3525 4083 valere.

1875 4125 2240 4194 Quapropter
2269 4119 2329 4174 in
2360 4119 2546 4175 sacris
2577 4119 2902 4174 canonibus
2931 4118 3193 4184 Patrum,
3222 4115 3323 4173 ubi
3345 4113 3528 4188 pluri-

1875 4229 1982 4268 mae
2016 4227 2203 4267 causa:
2225 4211 2763 4264 commemorantur
2787 4207 2913 4264 sine
2942 4206 3158 4278 quibus
3179 4203 3528 4278 episcopalis

1876 4299 2164 4359 ordinatio
2179 4298 2343 4355 irrita
2354 4298 2622 4354 habenda
2642 4302 2751 4367 est,
2773 4298 2844 4353 de
2860 4297 2970 4353 hac
2993 4313 3053 4352 re
3070 4293 3216 4351 nihil
3235 4291 3532 4350 invenitur

1874 4393 2184 4448 insertum.
