4082 6448
489 433 567 495 15
1590 436 1818 499 FLORI
1863 434 2187 498 DIACONI
2232 435 2806 499 LUGDUNENSIS.
3830 431 3909 493 16

1544 738 2068 843 FLOR!
2153 734 2845 840 DIAGONI

1944 956 2449 1030 OPUSCULUM

1010 1098 1269 1269 DE
1338 1141 2677 1343 EXPOSITIONE
2756 1086 3402 1271 Missas
3476 1044 3481 1045 θ

1238 1383 1347 1446 Ea:
1372 1403 1481 1445 ms.
1518 1383 1881 1449 bibliothecae
1909 1384 2155 1466 Reginae
2184 1384 2419 1446 Sueciw
2447 1386 2680 1446 auctz'us
2707 1393 2766 1445 et
2791 1383 3195 1482 emendatius.

1633 1544 1929 1616 (Martem,
1964 1543 2145 1620 ampl.
2179 1543 2437 1603 Colleet..
2471 1548 2616 1625 tom.
2649 1545 2764 1618 IX.)

1997 1706 2424 1720 ——————_

926 1829 1369 1887 OBSERVATIO
1416 1829 1722 1887 PRIEVIA.

568 1945 733 2020 Quod
763 1944 1049 2000 hactenus
1067 1944 1136 2020 in
1177 1944 1536 2020 Bibliotheca
1574 1945 1810 2020 Patrum
1851 1946 2157 2020 legebatur

499 2016 1191 2089 abbreviatummagistri
1222 2016 1375 2089 Flori
1404 2016 1754 2089 Opusculum
1786 2018 1847 2073 in
1870 2016 2153 2076 canonem

500 2089 717 2146 missae.
750 2088 1133 2161 proditnunc
1176 2088 1762 2161 primum’integrum
1796 2107 1860 2144 ac
1892 2092 2154 2146 numeris

498 2158 1141 2216 omnibusahsolutum
1173 2158 1242 2213 ex
1284 2158 1684 2214 vetustissimo
1715 2161 1911 2215 codice
1945 2161 2153 2216 regium

498 2231 741 2296 Succize,
775 2228 987 2286 saeculo
1013 2246 1049 2284 x
1080 2229 1287 2303 saltem
1321 2235 1574 2303 exarato,
1608 2247 1673 2286 ac
1696 2233 1937 2303 promde
1961 2228 2038 2288 ad
2057 2251 2155 2288 au-

497 2304 675 2359 ctoris
707 2301 1623 2375 aetatem__proxime__accedente,
1660 2301 1744 2375 ex
1792 2320 1907 2375 quo
1960 2306 2154 2360 Romae

498 2375 755 2431 existens
805 2372 1181 2428 Mabillonius
1227 2372 1371 2429 illud
1418 2374 1670 2431 describi
1706 2372 1951 2430 curavit.
2007 2376 2156 2432 Nam

500 2463 637 2507 cum
668 2444 811 2520 illud
836 2460 972 2499 cum
1002 2444 1155 2520 edito
1188 2443 1498 2520 dgigenter
1527 2445 1894 2520 contulisset,
1920 2463 1991 2520 ne
2022 2465 2155 2520 par-

499 2522 620 2574 tem
653 2514 1506 2588 quidem‘quartamFlorianze
1539 2516 1918 2588 expositionis
1953 2514 2157 2573 in'Pa-

499 2582 1045 2660 trum-Bibliotheca
1067 2585 1346 2660 contineri
1370 2582 1800 2660 animadvertit,
1824 2604 1890 2644 ac
1916 2589 2159 2660 proinde

503 2672 621 2716 non
674 2657 973 2732 immerito
1025 2656 1377 2732 existimavit
1422 2659 1661 2732 publica
1711 2658 1842 2715 luce
1875 2656 2156 2732 dignum,

503 2730 909 2811 idquejpsum
936 2732 1168 2811 optasse
1186 2727 1614 2811 videtur—clara
1641 2731 1936 2811 memorias
1952 2727 2162 2788 'cardi-

504 2748 683 2859 magno
713 2748 909 2801 ipsum
936 2748 1168 2811 optasse
1186 2748 1418 2811 Videtur
1446 2748 1614 2787 clara
1641 2748 1936 2813 memorias
1968 2748 2162 2788 carui-

504 2820 544 2858 n
572 2873 580 2874 7
608 2802 658 2858 is
689 2802 868 2870 Bona,
901 2817 1003 2872 qui
1034 2803 1091 2855 et
1120 2817 1245 2873 ipse
1269 2817 1480 2874 reginae
1502 2802 1721 2858 Sueciaa
1752 2803 2011 2859 codicem
2035 2819 2162 2859 exa-

505 2873 849 2930 minaverat.

576 2943 798 3017 Floruit
822 2940 1439 3017 autem‘FlorusAcirca
1470 2958 1692 3017 annum
1723 2945 1849 3017 840,
1881 2947 2162 3017 regnante

504 3017 661 3090 apud
710 3016 965 3090 Francos
1010 3013 1214 3090 Carolo
1248 3013 1440 3090 Calvo,
1474 3015 1702 3090 fuitque
1751 3013 2164 3090 Lugdunensis

504 3084 772 3145 Ecclesiae
803 3086 1108 3153 diaconus,
1145 3089 1226 3156 ut
1249 3084 1424 3156 vulgo
1455 3084 1690 3151 dicitur,
1715 3084 2163 3145 sive'suhdiaco-

504 3178 639 3231 nus,
675 3162 742 3231 ut
770 3157 961 3231 placet
986 3155 1423 3231 Wandalherto,
1449 3158 1563 3231 qui
1578 3157 1797 3231 ipsum,
1826 3158 1988 3231 utiet
2007 3158 2165 3215 Wal-

404 3236 409 3243 ’
504 3215 694 3287 i‘ridus
716 3215 946 3296 Strabo,
971 3228 1044 3283 ob
1067 3215 1814 3354 praeclaram'erudiiionem
1839 3233 1895 3285 et
1916 3229 2165 3288 indefes-
2193 3215 2241 3282 B

506 3320 633 3354 sam
665 3300 897 3354 legendi
948 3299 1062 3354 seri
1109 3298 1360 3354 endiaue
1391 3300 1795 3354 assiduitatem
1841 3301 2059 3354 mirum
2099 3303 2160 3354 in

506 3320 633 3358 sam
665 3300 897 3374 legendi
938 3298 1360 3374 scribendique
1391 3300 1795 3374 assiduitatem
1841 3301 2060 3374 mirum
2099 3303 2160 3358 in

505 3370 752 3430 moduni
799 3371 1095 3445 praedicat.
1144 3370 1207 3427 Si
1257 3370 1576 3445 enimille
1608 3371 1668 3426 in
1722 3372 2056 3445 praefatione
2086 3375 2160 3430 ad

507 3462 684 3501 suum
717 3441 1231 3517 Martyrologium:
1267 3443 1392 3513 0pc,
1418 3441 1629 3517 inquit,
1660 3441 1985 3503 δι’δαὸεέίίἰο
2012 3461 2160 3517 prae-

507 3518 665 3590 cipue
690 3531 820 3571 usus
855 3515 995 3590 sum
1028 3515 1214 3590 sancti
1240 3530 1304 3590 ac
1325 3516 1768 3590 nominatissimi
1811 3518 1941 3583 viri,
1971 3515 2123 3573 Flori
2140 3538 2161 3586 ,-

508 3583 891 3657 Lugdunensis
917 3585 1173 3658 Ecclesia
1202 3583 1543 3658 subdiaconi,
1576 3588 1691 3658 qui,
1726 3595 1787 3642 ut
1815 3596 1999 3644 nostro
2030 3583 2162 3644 tem-

504 3655 637 3733 pore
664 3673 854 3714 revera
892 3655 1190 3733 singulari
1210 3655 1388 3733 studio
1417 3665 1496 3733 c_t__
1516 3655 1842 3733 assiduitate
1868 3661 1925 3713 in
1957 3658 2165 3716 divi-na?

507 3727 1061 3803 Scripturaescieiitia
1075 3727 1299 3803 pollere,
1324 3728 1406 3803 ita
1430 3729 1699 3785 librorum
1726 3731 2165 3786 authentime

506 3801 640 3859 noni
676 3801 941 3859 mediocri
992 3801 1149 3870 copia
1165 3806 1229 3870 et
1282 3801 1545 3857 varietate
1589 3802 1931 3869 cognoscitur
1987 3802 2162 3859 abun-

508 3873 661 3932 dare.
694 3873 775 3928 Ex
803 3871 913 3927 hoc
934 3868 1333 3926 Wandalberti
1363 3870 1487 3927 loco
1508 3868 1758 3927 refutatu
1778 3876 1975 3928 manet
1992 3873 2165 3929 Joan-

507 3945 601 4002 nis
632 3941 941 3999 Trithemii
972 3941 1187 4014 opinio,
1212 3943 1529 4014 asserentis
1553 3943 1787 4014 Florum
1813 3943 1993 3999 fuisse
2014 3945 2163 3999 Tru-

508 4015 809 4072 doniensis
830 4012 1170 4070 monasterii
1201 4012 1577 4082 monachum,
1606 4013 1721 4070 nisi
1744 4015 1886 4069 forte
1904 4016 2014 4069 sub
2037 4015 2163 4069 vita:

507 4088 686 4143 ﬁnem
716 4085 1053 4143 monasticae
1103 4084 1454 4157 professioni
1490 4102 1706 4141 nomen
1738 4086 1984 4141 dederit.
2018 4090 2164 4142 Cum

510 4162 709 4230 autem
736 4158 796 4215 in
819 4155 1157 4230 sanctorum
1180 4155 1417 4230 Patrum
1443 4155 1708 4224 lectione,
1734 4174 2167 4230 quorumegre-

551 4230 667 4287 iam
684 4228 969 4302 librorum
987 4227 1215 4302 copiam
1241 4228 1513 4302 habebat,
1532 4233 1686 4284 esset
1704 4227 2163 4302 versutissimus,

554 4320 621 4359 oc
651 4319 799 4374 opus
852 4298 1083 4374 aliaque
1114 4299 1185 4354 ab
1216 4315 1283 4354 eo
1315 4299 1475 4374 edita
1504 4317 1571 4353 ex
1609 4316 1812 4355 eorum
1842 4301 2165 4374 praesertim

512 4370 776 4429 dictis—et
807 4370 1114 4427 sententiis
1146 4370 1498 4442 composuit,
1533 4386 1783 4443 quorum
1805 4387 2060 4443 persaepe
2081 4372 2169 4427 in-

511 4449 678 4518 tegra
705 4444 1025 4522 verba‘uno
1056 4446 1257 4522 tenore
1283 4441 1697 4522 prosequitur,
1733 4441 2165 4522 nonnunquam

513 4511 772 4572 méntem
824 4512 1015 4585 solum
1065 4511 1355 4585 exprimit.
1387 4511 1975 4585 Expositionimissaz
2005 4511 2166 4569 aliud

513 4530 772 4572 mentem
824 4530 1015 4569 sonum
1065 4530 1355 4585 exprimit.
1388 4530 1745 4638 uxposmom
1782 4530 1975 4568 missa:
2007 4530 2164 4569 anno

511 4587 777 4664 ejusdem
827 4584 978 4641 Flori
1017 4583 1366 4664 opusculum
1397 4600 1466 4637 su
1491 4583 1686 4664 ‘jicelre
1707 4583 1856 4664 lib-et
1884 4586 2164 4641 adversus

511 4654 896 4728 Amalarium,
912 4654 1072 4728 quod
1083 4672 1150 4711 ex
1162 4655 1392 4728 duobus
1408 4654 1840 4728 antiquissimis
1854 4673 2023 4722 mss,,
2046 4673 2163 4712 uno

509 4729 851 4795 Pelteriano,
877 4724 1086 4782 'altero
1130 4725 1372 4781 Achillis
1416 4724 1644 4791 Harlazi,
1677 4731 1814 4782 ante
1845 4744 2031 4783 annos
2060 4730 2167 4783 800

508 4801 779 4867 exaratis,
812 4799 950 4856 olim
983 4796 1293 4869 descripsit
1323 4795 1727 4853 Mabillonius.

582 4892 631 4945 1.
648 4888 855 4961 Incipit
870 4885 1221 4959 opusculum
1244 4886 1316 4941 de
1331 4884 1556 4940 actione
1574 4884 1649 4957 (α)
1672 4886 1985 4943 missarum
2001 4888 2169 4944 colle-

508 4984 665 5035 ctum
697 4995 875 5051 quam
908 4976 1179 5042 maxime,
1200 4978 1257 5029 et
1274 4973 1332 5027 in
1358 4973 1623 5028 ordinem
1645 4974 1939 5047 digestum
1962 4993 2032 5031 ex
2047 4993 2169 5032 ver-

505 5068 597 5124 bis
610 5072 946 5124 sauctorum
963 5065 1199 5118 Patrum
1215 5060 2163 5138 Cypriani,Ambrosii,Augustini,

507 5156 864 5226 Hieronymi,
897 5151 1181 5225 Gregorii,
1238 5150 1541 5223 li'ulgentii,
1597 5152 1913 5222 Severiani,
1945 5154 2162 5227 Vigilii,

507 5244 736 5313 Isidori,
771 5244 958 5311 Bedze,
981 5239 1153 5309 Aviti,
1175 5240 1328 5295 sicut
1352 5240 1475 5296 suis
1507 5240 1650 5296 locis
1681 5257 1784 5312 per
1814 5242 2049 5315 singula
2068 5242 2164 5299 lit-

576 5390 654 5457 (a)
677 5387 783 5442 Per
802 5384 1093 5440 actionem
1110 5381 1424 5457 missarum
1448 5381 1784 5457 intelligunt
1804 5388 1974 5439 aucto
1985 5401 2076 5441 res
2098 5385 2163 5440 li-

502 5454 715 5532 turgici
745 5454 1447 5532 c_ango_nem_missze.__4ctio
1477 5454 1681 5532 dicitur
1712 5457 1830 5532 ipse
1850 5472 2053 5531 canon.
2077 5457 2162 5532 in-

502 5525 634 5602 quit
662 5527 978 5587 Wall‘ridus
1028 5527 1234 5583 Strabo
1274 5525 1354 5602 lib
1387 5527 1457 5602 _de
1492 5526 1686 5602 Rebus
1717 5526 1947 5602 eccles.,
1987 5528 2159 5602 p.22,

496 5597 630 5673 quia
661 5602 722 5655 in
736 5615 807 5673 eo
830 5606 1173 5656 sacramenta
1190 5599 1569 5673 conﬁciuntur
1599 5597 1930 5673 Dominica._
1969 5597 2162 5673 canon

491 5669 619 5729 vero
646 5671 832 5727 eadem
860 5674 1001 5727 actio
1045 5671 1387 5737 nominatur,
1422 5670 1554 5740 quia
1587 5669 1644 5724 in
1678 5684 1741 5723 ea
1781 5675 1871 5740 est,
1912 5669 2159 5739 legitima

489 5751 544 5806 et
570 5744 840 5819 regularis
888 5748 1353 5805 sacramentorum
1380 5739 1661 5816 confectio.
1698 5740 1769 5796 Et
1799 5739 2156 5815 Micrologus

2180 1843 2237 1909 Α
2264 1838 2399 1893 tersa
2432 1833 2738 1893 nominum
2772 1848 2899 1906 qua
2944 1833 3270 1893 forinsecus
3300 1837 3700 1908 praenotantur
3727 1838 3924 1898 osten-

2266 1923 2442 1992 dunt;
2466 1924 2570 1982 sed
2586 1927 2644 1979 et
2659 1940 2728 1979 ex
2747 1922 3007 1995 antiquis
3024 1923 3437 1996 mysteriorum
3460 1923 3628 1984 libris
3648 1916 3918 2000 quedam

2258 2014 2440 2069 verba
2467 2012 2796 2069 necessario
2829 2017 3069 2085 sumpta
3096 2016 3256 2069 sunt.
3290 2014 3453 2079 Quod
3485 2018 3681 2073 autem
3714 2017 3920 2075 eadem

2264 2100 2507 2159 nomina
2552 2100 2612 2156 in
2658 2100 2788 2172 ipsa
2816 2101 3084 2173 opusculi
3114 2101 3264 2158 serie
3304 2102 3523 2174 ubique
3553 2103 3775 2163 inserta
3803 2123 3921 2164 non

2265 2195 2423 2258 sunt,
2449 2189 2550 2246 illa
2571 2190 2891 2247 necessitas
2923 2190 3077 2258 fecit,
3111 2208 3184 2247 ne
3215 2190 3488 2263 frequens
3508 2208 3712 2251 eorum
3742 2194 3921 2252 inter-

2265 2279 2476 2351 positio
2507 2279 2674 2335 ﬁeret
2696 2279 2952 2337 absurda
2970 2283 3029 2335 et
3050 2278 3423 2337 incommoda
3443 2280 3632 2354 ipsius
3650 2283 3923 2341 dictionis

2265 2372 2322 2423 et
2343 2383 2624 2425 sensuum
2644 2368 3013 2440 interruptio.
3035 2370 3099 2425 In
3117 2385 3233 2441 qua
3248 2374 3444 2427 tamen
3456 2387 3524 2427 ex
3530 2370 3925 2443 positiuacula

2266 2473 2383 2512 non
2411 2460 2531 2512 tam
2560 2457 2755 2527 verba,
2791 2474 2919 2529 quas
2949 2457 3093 2513 satis
3115 2458 3407 2531 simplicia
3425 2464 3586 2528 sunt,
3608 2461 3710 2519 sed
3728 2462 3925 2534 potius

2266 2545 2455 2617 ipsius
2485 2545 2750 2619 mysterii
2781 2546 2926 2603 ratio
2956 2551 3014 2603 et
3040 2547 3193 2605 actio
3212 2548 3538 2620 imponitur
3552 2552 3612 2608 et
3632 2565 3924 2609 commen-

2269 2635 2462 2701 datur,
2495 2635 2763 2693 videlicet
2792 2653 2911 2708 qua
2941 2636 3054 2695 ﬁde
3084 2636 3524 2708 celebrandum,
3564 2644 3787 2712 quanta
3830 2639 3925 2714 pic

2268 2726 2389 2781 tate
2418 2723 2497 2781 sit
2526 2724 3020 2797 amplectendam.

2340 2833 2393 2886 2.
2429 2832 2600 2901 (AUG.
2633 2833 2696 2887 in
2722 2833 2870 2888 Psal.
2902 2849 3099 2899 xxxm,
3134 2850 3193 2890 n.
3217 2833 3297 2907 4.)
3329 2833 3393 2890 In
3426 2834 3704 2908 mysterio
3733 2852 3936 2910 corpo-

2270 2919 2352 2976 ris
2381 2924 2440 2976 et
2469 2921 2776 2994 sanguinis
2822 2921 3056 2979 Domini
3090 2923 3271 2979 nostri
3321 2924 3462 2981 Jesu
3500 2924 3738 2990 Christi,
3772 2927 3932 2998 quod

2271 3014 2477 3067 sancta
2505 3009 2766 3068 Ecclesia
2794 3027 2897 3083 per
2921 3012 3260 3068 universum
3284 3013 3575 3070 mundum
3605 3030 3709 3086 pro
3741 3013 3933 3072 salute

2273 3100 2538 3171 ejusdem
2560 3099 2765 3155 mundi
2788 3101 2971 3169 offert,
2996 3100 3253 3158 maxime
3265 3102 3436 3158 nobis
3452 3102 3760 3159 humilitas
3777 3120 3935 3161 com-

2273 3189 2604 3245 mendatur.
2624 3188 2818 3245 Unum
2843 3190 2917 3263 (ὁ)
2940 3190 3098 3247 enim
3124 3190 3293 3247 nobis
3312 3190 3452 3247 fecit
3466 3190 3623 3247 idem
3644 3190 3934 3250 Dominus

2270 3278 2444 3336 Jesus
2466 3278 2737 3335 Christus
2755 3295 2856 3352 per
2871 3278 3290 3347 humilitatem,
3308 3280 3449 3353 quia
3467 3296 3572 3354 per
3589 3281 3933 3355 superbiam

2268 3384 2702 3425 recesseramus
2732 3386 2769 3424 a
2796 3369 2912 3425 Deo
2937 3385 2952 3437 ;
2987 3369 3175 3426 redire
3207 3374 3406 3427 autem
3438 3371 3511 3426 ad
3528 3387 3667 3427 eum
3688 3368 3803 3427 nisi
3826 3388 3935 3445 per

2272 3456 2669 3514 humilitatem
2700 3473 2816 3513 non
2840 3460 3203 3529 poteramus,
3232 3463 3292 3515 et
3322 3474 3500 3532 quem
3532 3460 3701 3517 nobis
3720 3476 3932 3534 propo-

2272 3560 2548 3603 neremus
2562 3546 2634 3602 ad
2648 3546 3000 3602 imitandum
3014 3564 3131 3604 non
3144 3548 3532 3605 habebamus.
3548 3548 3757 3606 Omnis
3769 3550 3931 3607 enim

2273 3634 2601 3693 mortalitas
2634 3634 2945 3693 hominum
2973 3637 3249 3709 superbia
3276 3638 3565 3706 tumebat,
3599 3638 3705 3695 etsi
3729 3639 3939 3697 existe-

2273 3729 2360 3781 ret
2387 3724 2603 3797 aliquis
2633 3724 2879 3782 humilis
2906 3725 2998 3781 vir
3024 3726 3085 3782 in
3116 3727 3348 3799 spiritu,
3402 3718 3554 3783 sicut
3591 3732 3759 3785 erant
3798 3745 3936 3801 pro-

2274 3813 2459 3886 phetae
2489 3819 2549 3870 et
2593 3814 2956 3886 patriarchas,
3006 3815 3439 3889 dedignabatur
3484 3833 3672 3890 genus
3720 3817 3936 3875 huma-

2274 3918 2418 3957 num
2450 3902 2666 3957 imitari
2684 3902 2937 3959 humiles
2955 3902 3245 3960 homines.
3265 3904 3347 3959 Ne
3362 3918 3499 3977 ergo
3514 3905 3938 3978 dedignaretur

2273 3990 2450 4047 homo
2481 3991 2699 4047 imitari
2746 3992 3048 4049 hominem
3096 3991 3405 4062 humilem,
3438 3993 3593 4050 Deus
3623 3995 3813 4051 factus
3840 3999 3939 4053 est

2274 4078 2537 4149 humilis,
2563 4089 2627 4137 ut
2644 4081 2734 4139 vel
2766 4080 2849 4137 sic
2864 4082 3142 4155 superbia
3161 4082 3391 4155 generis
3412 4081 3654 4140 humani
3687 4100 3802 4140 non
3828 4084 3936 4141 de-

2274 4168 2616 4243 dignaretur
2647 4170 2813 4242 sequi
2832 4171 3078 4244 vestigia
3109 4172 3231 4228 Dei.
3257 4172 3434 4229 Erant
3453 4177 3671 4242 autem,
3704 4177 3769 4229 ut
3784 4172 3938 4247 legi-

2276 4274 2432 4339 mus,
2455 4260 2743 4316 sacrificia
2764 4265 2935 4316 antea
2956 4261 3293 4317 Judaeorum
3316 4263 3641 4319 secundum
3658 4263 3851 4319 Aaron
3870 4263 3931 4320 in

2274 4347 2529 4404 victimis
2558 4365 2854 4422 pecorum,
2889 4354 2946 4406 et
2975 4350 3085 4406 hoc
3116 4349 3176 4405 in
3203 4350 3479 4424 mysterio
3510 4351 3773 4409 nondum
3803 4356 3935 4409 erat

2275 4437 2630 4495 sacriﬁcium
2642 4440 2902 4511 corporis
2922 4443 2981 4495 et
3001 4438 3307 4513 sanguinis
3320 4438 3570 4509 Domini,
3596 4440 3751 4512 quod
3774 4456 3937 4497 nunc

2276 4525 2559 4582 diffusum
2588 4532 2677 4583 est
2697 4532 2816 4584 toto
2839 4528 2981 4584 orbe
3002 4532 3313 4585 terrarum.
3339 4528 3740 4602 Proponamus
3765 4530 3938 4588 nobis

2195 4588 2239 4655 α
2276 4630 2412 4688 ergo
2444 4619 2577 4672 ante
2610 4616 2810 4673 oculos
2841 4617 2957 4673 duo
3001 4617 3308 4686 sacriﬁcia,
3343 4622 3401 4675 et
3428 4617 3574 4674 illud
3606 4620 3937 4676 secundum

2278 4704 2544 4761 ordinem
2574 4707 2787 4773 Aaron,
2819 4710 2876 4762 et
2904 4705 3015 4762 hoc
3044 4707 3371 4763 secundum
3403 4708 3671 4764 ordinem
3701 4707 3940 4765 Melchi-

2278 4793 2510 4849 sedech.
2542 4794 2839 4867 Scriptum
2871 4800 2960 4852 est
2986 4796 3144 4852 enim
3172 4813 3185 4852 :
3217 4798 3732 4864 JuravitDominus,
3755 4804 3809 4853 et
3826 4814 3941 4854 non

2270 4884 2553 4955 paenitebit
2587 4900 2731 4953 eum,
2765 4892 2824 4941 tu
2852 4901 2906 4941 es
2933 4884 3180 4943 sacerdos
3208 4886 3505 4942 secundum
3528 4886 3777 4942 ordinem
3805 4887 3937 4943 Mel-

2274 4972 2553 5028 chisedech
2584 4974 2765 5047 (Psal.
2788 4991 2899 5043 c1x,
2933 4974 3008 5047 4).
3043 4974 3160 5031 Hoc
3192 4980 3389 5032 autem
3434 4975 3744 5033 manifeste
3789 4975 3936 5032 dici-

2274 5064 2372 5116 tur
2401 5062 2472 5118 de
2501 5062 2748 5120 Domino
2778 5068 2980 5121 nostro
3010 5064 3149 5121 Jesu
3190 5064 3442 5120 Christo.
3477 5064 3616 5128 Quis
3644 5081 3780 5138 ergo
3810 5070 3938 5121 erat

2276 5149 2746 5207 Melchisedech?
2791 5154 3015 5225 utique,
3068 5152 3222 5209 sicut
3249 5152 3524 5226 legimus,
3565 5170 3665 5209 rex
3713 5152 3927 5211 Salem.

2275 5238 2468 5294 Salezn
2500 5238 2704 5295 civitas
2718 5239 2827 5296 fuit
2848 5245 3021 5297 antea
3051 5240 3171 5310 illa,
3196 5258 3325 5313 quis
3346 5246 3569 5314 postea,
3594 5242 3746 5298 sicut
3776 5242 3933 5300 docti

2273 5397 2400 5453 cap.
2456 5383 2557 5437 12:
2606 5383 2919 5439 Orationem
2965 5401 3130 5455 quam
3176 5400 3442 5440 canonem
3492 5387 3606 5440 sive
3662 5386 3932 5441 actionem

2267 5461 2489 5524 propter
2524 5456 2831 5526 regularem
2873 5464 3343 5512 sacramentorum
3387 5457 3791 5528 confcctionem,
3824 5459 3929 5514 Ro-

2270 5540 2430 5650 plano
2478 5542 2629 5583 more
2656 5527 3013 5599 appellamus,
3048 5529 3173 5599 quis
3217 5527 3577 5602 composuerit
3609 5537 3791 5599 aperte
3818 5544 3931 5585 non

2288 5612 2524 5652 egimus.

2644 5669 3038 5746 Augustinum
3060 5669 3278 5745 legitur
3301 5673 3470 5741 viam,
3501 5675 3559 5730 et
3580 5672 3839 5746 quidem,
3864 5675 3933 5728 ut

2267 5738 2515 5808 videtur,
2549 5738 2781 5799 melius.
