4082 6444
173 444 243 508 ﬂ
1194 480 1199 483 -
1418 436 1521 505 DE
1562 430 2084 506 EXPOSI'HONE
2127 428 2409 506 MISSE.
3505 438 3585 513 18

173 575 566 653 prodiderunt,
598 570 928 636 Jerusalem
966 576 1125 635 dicta
1165 580 1274 635 est.
1309 576 1457 653 Ergo
1499 581 1815 650 antequam
1843 576 1901 644 Α
1929 576 1989 633 in
2021 594 2211 648 cruce,
2236 582 2304 635 ut
2332 577 2550 637 diceret
2583 595 2596 635 :
2630 579 2930 654 Dirigatur
2955 582 3130 640 oratio
3164 597 3285 641 mea
3326 583 3471 642 sicut
3492 599 3583 642 m-

174 667 249 724 ibi
280 670 591 741 regnarent
619 668 827 735 Judaei,
848 667 932 724 ibi
961 671 1087 725 erat
1105 666 1204 723 ille
1229 668 1501 723 sacerdos
1522 666 1821 723 Melchise-

172 756 445 829 dech,qui
484 754 770 813 scribitur
796 758 855 813 in
887 757 1099 814 Genesi
1129 758 1402 813 sacerdos
1437 756 1532 812 Dei
1583 755 1815 812 excelsi.

174 846 294 920 Ipse
311 845 564 902 occurrit
580 845 1101 920 Abrahae,quando
1130 844 1400 902 liberavit
1430 845 1576 902 Loth
1597 846 1669 901 de
1701 856 1821 902 ma-

172 934 339 991 nibus
368 934 945 1007 persequentium,et
974 934 1285 1008 prostravit
1306 950 1404 991 eos
1426 952 1459 990 a
1482 935 1698 1006 quibus
1722 933 1820 990 ille

172 1022 499 1093 (oriebatur,
522 1028 582 1080 et
623 1023 894 1080 liberavit
932 1024 1193 1080 fratrem.
1228 1024 1366 1080 Post
1410 1023 1818 1080 liberationem

172 1113 359 1170 fratris
386 1113 645 1169 occurrit
690 1111 744 1168 ei
793 1112 1240 1170 Melchisedech.
1276 1115 1500 1169 Tantus
1530 1115 1655 1169 erat
1683 1112 1820 1168 Mel-

172 1200 469 1260 chisedech
500 1218 537 1258 a
572 1218 691 1276 quo
737 1202 1181 1258 benediceretur
1226 1202 1540 1259 Abraham.
1575 1201 1823 1258 Protulit

171 1306 372 1364 panem
401 1295 464 1347 et
490 1291 699 1347 vinum
737 1295 795 1347 et
828 1290 1126 1347 benedixit
1154 1291 1471 1359 Abraham,
1496 1294 1554 1347 et
1577 1290 1737 1346 dedit
1767 1290 1819 1346 ei

171 1380 418 1437 decimas
446 1378 771 1436 Abraham.
793 1379 937 1435 Vide
986 1379 1126 1452 quid
1166 1376 1380 1452 potulit
1410 1383 1467 1434 et
1495 1395 1670 1451 quem
1720 1379 1819 1435 be-

171 1466 399 1539 nedixit,
433 1472 495 1524 et
539 1467 765 1524 dictum
795 1471 885 1525 est
931 1472 1180 1541 postea:
1220 1466 1296 1524 Tn
1343 1484 1399 1525 es
1454 1468 1701 1524 sacerdos
1756 1468 1820 1525 in

172 1569 433 1617 manum
460 1557 768 1614 secundum
790 1557 1041 1614 ordinem
1064 1557 1469 1614 Melchisedech.
1495 1556 1678 1613 David
1710 1557 1820 1612 hoc

170 1647 225 1704 in
251 1648 465 1722 spiritu
497 1646 648 1703 dixit
696 1647 870 1720 longe
918 1650 1053 1721 post
1079 1646 1397 1703 Abraham.
1429 1644 1820 1719 Temporibus

172 1741 352 1795 autem
381 1736 633 1792 Abrahae
660 1732 775 1791 fuit
796 1736 1246 1793 Melchisedech.
1278 1736 1362 1791 De
1393 1752 1509 1808 quo
1539 1751 1675 1808 ergo
1707 1735 1819 1791 alio

172 1825 338 1883 dicit:
367 1828 443 1882 Tu
471 1840 531 1882 es
558 1824 811 1882 sacerdos
847 1827 910 1882 in
944 1831 1217 1883 aeternum
1245 1824 1545 1881 secundum
1573 1826 1820 1881 ordinem

171 1915 567 2019 quantum,
603 1914 718 1971 nisi
767 1915 839 1971 de
885 1914 987 1971 illo
1036 1915 1208 1987 cujus
1266 1915 1537 1971 novimus
1594 1914 1816 1970 sacriﬁ-
1851 1952 1900 2019 Β

174 2005 317 2061 cium
338 2005 369 2061 ‘t
1010 2012 1043 2057 '.

231 2095 283 2151 3.
312 2093 632 2151 Sublatum
661 2096 754 2151 est
780 2094 936 2150 enim
958 2092 1317 2149 sacrificium
1338 2093 1550 2161 Aaron,
1569 2096 1627 2147 et
1648 2092 1822 2166 coepit

170 2198 287 2240 esse
313 2183 676 2240 sacriﬁcium
707 2182 1034 2238 secundum
1067 2181 1332 2238 ordinem
1372 2180 1817 2238 Melchisedech.

173 2272 442 2330 Dominus
473 2272 681 2345 itaque
701 2273 903 2328 noster
919 2272 1091 2327 Iesus
1113 2270 1381 2327 Christus
1403 2268 1463 2325 in
1494 2286 1734 2342 corpore
1764 2274 1825 2327 et

174 2362 444 2436 sanguine
491 2378 601 2418 suo
629 2360 815 2417 voluit
864 2376 995 2416 esse
1043 2358 1295 2415 salutem
1343 2362 1626 2415 nostram.
1661 2358 1824 2416 Unde

174 2454 352 2507 autem
382 2449 826 2508 commendavit
849 2465 1065 2521 corpus
1113 2452 1170 2503 et
1221 2447 1573 2521 sanguinem
1606 2448 1824 2505 suum?

174 2540 243 2596 De
268 2539 604 2597 humilitate
652 2552 785 2596 sua.
817 2538 944 2594 Nisi
988 2538 1147 2595 enim
1197 2541 1355 2594 esset
1402 2536 1667 2605 humilis,
1717 2554 1824 2593 nec

174 2630 643 2696 manducaretur,
675 2640 783 2683 nec
820 2626 1139 2682 biberetur.
1172 2626 1415 2698 Respice
1452 2624 1823 2682 altitudinem

160 2716 346 2791 ipsius
378 2734 393 2774 :
426 2718 495 2776 In
535 2718 817 2791 principio
870 2723 992 2773 erat
1042 2717 1288 2782 Verbum,
1321 2723 1374 2771 et
1420 2716 1650 2771 Verbum
1707 2724 1826 2771 erat

175 2808 306 2880 apud
328 2811 527 2875 Deum,
557 2815 612 2864 et
661 2811 813 2863 Deus
850 2813 969 2864 erat
1023 2800 1252 2864 Verbum
1285 2804 1461 2877 (Joan.
1495 2822 1537 2874 1,
1572 2806 1645 2875 1).
1680 2806 1826 2861 Ecce

156 2896 325 2953 .cibus
353 2897 785 2971 sempiternus;
818 2896 919 2953 sed
953 2896 1313 2952 manducent
1337 2894 1550 2967 angeli,
1582 2895 1826 2949 mandu-

178 2989 299 3041 cent
324 2986 700 3060 sempiternae
729 2985 1000 3056 virtutes,
1023 2984 1387 3040 manducent
1418 2982 1682 3040 ccelestes
1712 2983 1828 3056 spi-

180 3073 336 3144 ritus,
356 3080 415 3132 et
438 3075 811 3131 manducant
828 3077 886 3130 et
904 3074 1272 3146 saginantur,
1298 3076 1355 3129 et
1384 3072 1677 3145 integrum
1709 3089 1829 3128 ma-

178 3168 265 3219 net
291 3166 445 3238 quod
477 3178 583 3221 eos
611 3163 791 3220 satiat
829 3167 887 3219 et
928 3162 1207 3219 laetiﬁcat.
1241 3162 1388 3225 Quid
1423 3164 1619 3217 autem
1652 3161 1827 3217 homo

1927 684 2146 725 censum
2173 669 2236 725 in
2274 678 2560 743 conspectu
2603 677 2713 740 tuo,
2746 672 2973 729 elevatio
3019 689 3288 729 manuum
3331 686 3583 734 mearum

1925 759 2261 830 sacriﬁcium
2307 762 2677 831 vespertinum
2725 762 2902 831 (Psal.
2935 779 3059 829 CXL,
3090 761 3167 834 2),
3220 763 3373 819 sicut
3419 765 3583 820 novi-

1928 865 2084 917 mus,
2131 848 2268 921 quia
2315 848 2595 905 Dominus
2645 849 2799 906 circa
2844 868 3146 925 vesperam
3196 854 3472 925 pependit
3520 854 3581 910 in

1929 954 2120 1005 cruce,
2153 941 2211 993 et
2254 937 2586 1011 impietates
2634 945 2847 996 nostra:
2897 942 3207 1014 propriataa
3240 945 3406 1011 sunt;
3439 941 3581 999 alio-

1929 1023 2071 1097 quin
2105 1025 2528 1082 absorbuerant
2574 1043 2702 1083 nos.
2736 1026 2942 1084 Merito
2992 1026 3076 1084 illi
3125 1029 3492 1089 cantavimus
3521 1031 3582 1088 in

1928 1111 2158 1186 psalmo
2193 1129 2206 1167 :
2240 1113 2306 1168 Et
2333 1115 2659 1191 impietates.
2681 1123 2897 1173 nostras
2941 1124 3001 1173 tu
3042 1120 3374 1193 propitiabis
3402 1121 3579 1190 (Psal.

1929 1219 2075 1270 Lxlv,
2111 1201 2185 1275 4).
2219 1200 2331 1259 Τιι’
2366 1204 2659 1270 sacerdos,
2702 1208 2765 1260 tu
2812 1205 3069 1274 victima,
3102 1212 3165 1262 tu
3214 1208 3463 1279 oblator,
3516 1214 3582 1265 tu

1929 1290 2165 1348 oblatio.
2200 1291 2328 1364 Ipse
2360 1294 2633 1350 sacerdos
2675 1298 2783 1363 est,
2808 1294 2909 1367 qui
2956 1312 3111 1352 nunc
3158 1297 3465 1371 ingressus
3495 1302 3585 1355 est

1927 1379 2207 1437 interiora
2234 1380 2365 1437 veli.
2400 1381 2571 1438 Solus
2599 1382 2679 1439 ibi
2714 1399 2782 1439 ex
2811 1384 2904 1441 his
2936 1384 3035 1458 qui
3065 1402 3297 1443 carnem
3329 1391 3585 1461 gestave-

1929 1474 2069 1525 runt
2096 1468 2430 1542 interpellat
2449 1488 2552 1544 pro
2576 1472 2766 1529 nobis.
2790 1473 2855 1529 In
2884 1475 3055 1548 cujus
3082 1475 3161 1531 rei
3192 1477 3380 1550 figura
3398 1476 3457 1534 in
3479 1477 3579 1535 illo

1929 1558 2119 1632 primo
2151 1559 2388 1632 populo,
2412 1564 2469 1616 et
2495 1560 2555 1617 in
2590 1559 2690 1618 illo
2722 1560 2911 1635 primo
2941 1564 3180 1638 templo,
3209 1583 3365 1624 unus
3390 1584 3583 1624 sacer-

1928 1648 2036 1704 dos
2063 1646 2323 1705 intrabat
2364 1649 2425 1704 in
2458 1650 2674 1707 Sancta
2713 1656 3051 1709 sanctorum
3085 1655 3243 1721 (Heb.
3266 1638 3446 1729 rx,'7),
3478 1674 3581 1730 po-

1928 1736 2105 1809 pulus
2135 1737 2328 1793 omnis
2353 1738 2494 1794 foris
2525 1740 2738 1811 stabat,
2767 1744 2823 1796 et
2853 1741 2951 1798 ille
2977 1743 3077 1817 qui
3109 1744 3270 1801 solus
3300 1745 3587 1819 ingredie—

1928 1826 2105 1881 batur
2132 1823 2411 1882 interiora
2439 1826 2570 1895 veli,
2605 1829 2879 1885 oil‘ercbat
2922 1832 3277 1895 sacriﬁcium
3327 1852 3432 1908 pro
3479 1853 3585 1909 po-

1928 1913 2066 1988 pulo
2098 1914 2239 1970 foris
2271 1918 2482 1971 stante.
2503 1910 2649 1983 Quid
2674 1917 2831 1981 enim
2855 1925 3124 1992 ageretur
3153 1922 3211 1980 in
3240 1922 3339 1979 illo
3370 1924 3584 1998 populo

1928 2004 2117 2061 Judaei
2145 2003 2509 2074 nescierunt;
2535 2007 2636 2062 sed
2668 2008 2840 2064 modo
2870 2009 3196 2080 sciunt;'de
3226 2011 3344 2069 illis
3368 2013 3586 2089 quippe

1930 2093 2152 2148 dictum
2182 2097 2273 2149 est
2300 2110 2313 2149 :
2348 2093 2607 2162 Quandiu
2638 2097 2846 2166 legitur
2889 2100 3111 2173 Moyses,
3142 2103 3387 2171 velamen
3416 2120 3587 2176 supra

1928 2197 2022 2237 cor
2069 2198 2257 2238 corum
2301 2185 2542 2255 positum
2570 2193 2669 2251 est,
2698 2187 2779 2249 ibi
2806 2187 3056 2244 velamen
3105 2191 3289 2261 ﬁgura
3337 2194 3443 2263 est;
3492 2193 3585 2247 sed

1930 2271 2155 2327 tolletur
2195 2270 2394 2343 ﬁgura,
2435 2280 2487 2327 ct
2535 2277 2821 2345 apparebit
2868 2280 3066 2333 veritas
3099 2279 3172 2349 (II
3201 2278 3320 2336 Cor.
3358 2298 3435 2350 ιιι,
3470 2281 3580 2350 15).

1933 2359 2044 2415 Sed
2079 2358 2314 2433 quando
2362 2358 2600 2429 tolletur
2646 2361 2959 2423 velamen?
3005 2356 3143 2421 audi
3192 2352 3583 2445 Apostolum':

1933 2448 2066 2504 Cum
2094 2457 2277 2505 autem
2305 2452 2580 2506 transiens
2611 2452 2681 2507 ad
2708 2453 3006 2510 Dominum
3037 2458 3319 2529 auferetur
3344 2460 3591 2533 velamen

1930 2537 2119 2607 (Ibid,
2151 2554 2300 2593 vers.
2345 2532 2454 2609 l6).
2490 2539 2824 2612 Propitiatis
2870 2559 3006 2617 ergo
3062 2538 3317 2617 peccatis
3375 2530 3593 2605 nostris

1933 2632 1989 2683 et
2018 2626 2422 2700 impietatibus
2456 2645 2559 2701 per
2587 2628 2734 2685 illud
2782 2632 3137 2689 sacrificium
3169 2628 3591 2709 vespertinum,

1933 2716 2259 2772 transimus
2292 2712 2365 2772 ad
2398 2717 2734 2786 Dominum,
2759 2724 2817 2776 et
2846 2721 3143 2778 auferetur
3169 2722 3431 2791 velamen
3461 2716 3595 2797 Pro-

1900 2810 1907 2817 '
1936 2806 2134 2879 pterea
2163 2809 2220 2861 et
2248 2802 2495 2861 Domino
2526 2808 2801 2865 cruciﬁxo
2843 2809 3038 2869 velum
3084 2802 3289 2889 templi
3312 2858 3317 2863 .
3337 2814 3594 2872 scissum

1906 2894 2043 2952 'est.
2079 2894 2281 2967 Itaque
2337 2910 2444 2951 nec
2493 2912 2731 2952 carnem
2786 2900 3057 2975 praeputii
3114 2900 3592 2962 circumcidimus

1928 2986 2101 3058 juxta
2131 2980 2311 3039 ritum
2342 2983 2609 3049 Mosaicae
2652 2984 2819 3060 legis,
2853 3005 2957 3045 nec
3002 2989 3371 3063 abstinemus
3401 2990 3593 3049 carni-

1936 3071 2068 3141 bus,
2102 3088 2249 3145 quas
2280 3064 2485 3139 eadem
2518 3072 2609 3129 lex
2647 3073 2789 3130 dicit
2825 3074 3186 3146 immundus,
3212 3096 3315 3135 nec
3346 3076 3595 3138 sabbata

1936 3164 1993 3218 et
2022 3162 2362 3217 neomenias
2392 3166 2447 3217 et
2477 3162 2602 3218 dies
2645 3162 2826 3222 festos
2876 3180 3079 3222 eorum
3128 3164 3441 3225 carnaliter
3487 3164 3589 3226 ob-

181 3257 363 3324 posset
389 3255 464 3310 ad
496 3248 669 3309 illum
703 3251 948 3308 cibum?
980 3251 1142 3307 Unde
1172 3266 1272 3306 cor
1289 3254 1411 3305 tam
1435 3250 1712 3306 idoneum
1741 3249 1837 3313 illi.
1937 3267 2259 3320 servamus,
2283 3266 2387 3306 nec
2407 3250 2677 3308 victimas
2702 3269 2978 3324 pecorum
3020 3255 3423 3314 sacrificamus
3449 3250 3589 3325 Deo,

182 3341 330 3398 cibo?
358 3342 684 3416 Oportebat
710 3356 870 3414 ergo,
903 3344 969 3396 ut
998 3354 1202 3396 mensa
1241 3338 1341 3394 illa
1379 3339 1737 3406 lactesceret,
1767 3343 1825 3394 et
1853 3324 1898 3391 C
1936 3355 2042 3395 nec
2072 3339 2293 3411 pascha
2322 3340 2381 3393 in
2413 3354 2515 3395 ove
2558 3343 2614 3395 et
2651 3341 2881 3412 azymis
2900 3341 3172 3399 similiter
3201 3324 3587 3415 celebramus,

182 3428 541 3504 adparvulos
592 3429 937 3504 perveniret.
972 3428 1137 3485 Unde
1165 3432 1365 3485 autem
1416 3428 1482 3483 ﬁt
1532 3428 1640 3483 tibi
1689 3427 1825 3483 lac?

183 3520 322 3576 unde
348 3526 548 3578 autem
581 3520 752 3578 cibus
780 3518 841 3575 in
880 3518 973 3575 lac
1010 3517 1385 3583 convertitur,
1423 3516 1538 3573 nisi
1569 3531 1672 3590 per
1699 3533 1826 3572 car-

182 3620 302 3665 nam
330 3609 698 3683 Meiatur?
727 3608 875 3665 Nam
908 3609 1096 3664 mater
1122 3606 1234 3663 hoc
1264 3606 1436 3675 facit;
1470 3606 1626 3679 quod
1659 3621 1825 3662 man-

186 3694 344 3755 ducet
369 3702 580 3768 mater,
602 3698 714 3755 hoc
735 3686 1056 3755 manducet
1080 3696 1305 3765 infans;
1336 3696 1437 3751 sed
1466 3696 1605 3769 quia
1629 3694 1827 3751 minus

180 3784 410 3845 itionem
426 3791 520 3844 est
550 3786 749 3843 iunias
772 3785 887 3859 qui
906 3798 1058 3858 pane
1081 3789 1367 3852 vescatur,
1394 3784 1591 3857 ipsum
1613 3800 1828 3856 panem

188 3880 353 3934 mater
369 3877 663 3945 incarnat,
677 3879 736 3931 et
751 3873 1003 3930 utilitate
1018 3890 1043 3915 ι
1065 3871 1341 3929 mamillae
1361 3876 1420 3929 et
1450 3872 1619 3928 lactis
1653 3887 1828 3929 succo

168 3962 250 4020 de
270 3963 395 4038 ipso
411 3978 569 4039 pane
589 3964 778 4037 pascit
792 3954 1103 4019 infantem.
1119 3952 1421 4027 Quomodo
1442 3977 1580 4034 ergo
1600 3962 1671 4017 de
1701 3961 1829 4035 ipso

187 4055 492 4127 panepavit
521 4069 633 4111 nos
666 4051 959 4126 sapientia
987 4052 1127 4108 Dei?
1154 4051 1306 4119 Quia
1338 4052 1566 4108 Verbum
1594 4066 1721 4107 caro
1739 4052 1828 4124 fa-

186 4145 323 4198 ctum
343 4152 443 4211 est,
473 4151 528 4200 et
558 4144 832 4199 habitavit
857 4143 919 4197 in
946 4142 1107 4197 nobis
1136 4140 1314 4213 (Joan.
1348 4156 1387 4209 1,
1423 4141 1534 4209 14).
1566 4138 1710 4195 Vide
1740 4156 1830 4195 er-

190 4242 254 4301 go
277 4226 689 4300 humilitatem,
714 4229 855 4302 quia
891 4244 1104 4303 panem
1135 4228 1480 4302 angelorum
1513 4228 1834 4284 manducet

193 4312 365 4376 heluo.
386 4318 458 4377 Et
482 4318 779 4392 scriptum
809 4322 900 4375 est
922 4334 936 4374 :
958 4318 1167 4375 Panem
1188 4318 1314 4374 caeli
1339 4318 1488 4373 dedit
1514 4319 1614 4386 eis,
1632 4333 1835 4389 panem

194 4409 493 4478 angelorum
517 4407 875 4466 manducavit
903 4409 1059 4465 homo
1091 4408 1260 4479 (Psal.
1296 4423 1504 4475 Lxxvn,
1525 4406 1639 4479 24),
1664 4405 1723 4461 id
1745 4409 1836 4461 est

194 4491 424 4555 Verbum
452 4497 606 4556 illud
646 4513 764 4571 quo
802 4500 1129 4570 pascuntur
1158 4494 1351 4569 angeli
1380 4495 1830 4568 sempiternum,

197 4587 332 4655 quod
358 4593 448 4646 est
470 4584 701 4660 aequale
723 4584 900 4652 Patri,
926 4585 1307 4642 manducavit
1329 4584 1528 4653 homo,
1550 4584 1690 4657 quia
1708 4600 1835 4639 cum

1937 3427 2065 3483 etsi
2097 3443 2215 3499 qua
2239 3425 2351 3483 alia
2374 3427 2611 3482 fuerunt
2634 3426 2827 3484 vetera
2848 3435 3368 3505 sacramenta,quae
3395 3432 3595 3491 omnia

1935 3515 2179 3571 umbras
2219 3514 2551 3601 futurorum
2598 3515 2852 3589 appellat
2886 3518 3223 3592 Apostolus,
3247 3522 3388 3594 quia
3416 3539 3485 3580 ea
3514 3521 3592 3579 si-

1936 3602 2294 3678 gnificabant
2315 3621 2421 3661 suo
2446 3608 2708 3677 tempore
2731 3604 3040 3664 revelanda
3060 3625 3189 3680 quas
3210 3626 3319 3666 nos
3341 3609 3598 3669 revelata

1937 3690 2314 3766 percipimus,
2349 3698 2415 3750 ut
2466 3698 2689 3761 remota
2748 3695 2961 3752 umbra
3014 3698 3175 3753 nu'da
3229 3714 3435 3767 eorum
3466 3698 3597 3757 luce

1938 3798 2261 3838 rueremur.
2286 3782 2432 3838 Nam
2464 3787 2523 3838 et
2552 3785 2814 3839 exuendo
2846 3788 3103 3843 veterem
3152 3786 3453 3845 hominem
3485 3787 3598 3844 cir-

1938 3869 2333 3928 cumcidim'ur
2382 3871 2442 3934 in
2498 3871 2919 3944 exspoliatione
2977 3875 3236 3949 corporis
3292 3877 3509 3947 carnis,
3541 3882 3601 3951 et

1908 3984 1913 3989 -
1939 3975 2087 4032 quos
2118 3959 2280 4015 cibos
2309 3959 2393 4015 illi
2425 3963 2623 4016 vetant
2659 3960 2720 4016 in
2759 3962 3088 4035 pecoribus,
3106 3981 3220 4033 nos
3248 3964 3504 4022 vitamus
3534 3964 3597 4033 in

1939 4049 2225 4117 moribus,
2251 4053 2309 4104 et
2337 4048 2681 4106 exhibemus
2713 4066 2957 4123 corpora
2985 4052 3186 4123 nostra
3227 4052 3481 4111 hostiam
3509 4054 3595 4110 vi-

1938 4154 2093 4209 vam,
2127 4143 2548 4206 sanctam,Dco
2588 4138 3056 4211 placentem,cui
3096 4144 3162 4197 et
3210 4140 3439 4200 animas
3493 4161 3596 4201 no-

1941 4230 2095 4282 stras
2122 4225 2185 4281 in
2217 4225 2525 4283 desideriis
2574 4226 2698 4283 suis
2737 4244 2841 4299 pro
2873 4228 3158 4301 sanguine
3205 4230 3598 4304 intelligenter

1942 4315 2325 4383 effundimus,
2350 4319 2406 4371 et
2445 4314 2660 4371 Christi
2690 4314 2850 4370 velut
2878 4316 3027 4388 Agni
3066 4318 3429 4374 immaculati
3460 4336 3596 4376 san-

1942 4403 2122 4477 guine
2155 4404 2227 4459 ab
2257 4403 2418 4459 omni
2467 4403 2772 4476 iniquitate
2802 4405 3181 4474 mundamur,
3214 4405 3315 4479 qui
3364 4396 3602 4480 propter

1943 4491 2397 4547 similitudinem
2430 4490 2624 4549 carnis
2668 4492 2890 4564 peccati
2922 4492 3097 4549 etiam
3129 4495 3364 4568 caprino
3394 4512 3602 4569 pecore

1943 4580 2004 4636 in
2026 4577 2320 4636 veteribus
2351 4579 2656 4636 sacriﬁciis
2685 4580 2992 4654 ﬁguratur,
3017 4599 3123 4638 nec
3153 4600 3287 4640 eum
3320 4587 3494 4657 negat
3540 4582 3602 4641 in

200 4672 252 4727 ίπ
274 4677 443 4746 fama
471 4678 576 4735 Dei
600 4684 756 4747 esset,
786 4690 900 4732 non
927 4677 1191 4748 rapinam
1211 4674 1516 4731 arbitratus
1544 4678 1623 4729 est
1649 4689 1760 4728 esse
1781 4688 1837 4728 se
1867 4684 1914 4748 D
1947 4668 2139 4727 crucis
2169 4669 2447 4725 carnibus
2478 4667 2854 4742 taurum,qui
2885 4668 2944 4725 in
2977 4669 3076 4727 illo
3107 4673 3406 4745 cognoscit
3424 4674 3605 4733 maxi-

203 4765 448 4833 ιθεῖιιαιετπ
499 4766 611 4823 Deo
639 4764 812 4837 (Phil.
845 4779 909 4832 ιι,
929 4765 1009 4833 ὃ).
1043 4762 1401 4835 Saginantur
1455 4760 1557 4817 illo
1608 4761 1834 4833 angeli;

200 4850 285 4905 led
328 4854 677 4926 semetipsum
705 4853 1037 4917 arinanivit,
1072 4854 1139 4906 ut
1188 4851 1572 4906 manducaret
1621 4865 1835 4922 panem

204 4938 513 5010 angelorum
545 4940 745 5008 homo,
769 4943 1007 5012 [omnum
1024 4941 1170 4995 servi
1192 4940 1465 5011 accipiens
1488 4941 1548 4994 in
1569 4940 1836 4994 similitu-

205 5024 313 5082 dine
334 5030 619 5086 hominum
645 5031 842 5103 factus,
865 5035 917 5086 et
942 5030 1136 5085 habitu
1161 5030 1416 5084 inventus
1443 5034 1507 5084 ut
1532 5030 1707 5085 homo.
1732 5028 1841 5083 Hu-

208 5116 421 5175 militm‘t
444 5134 523 5185 se,
557 5122 739 5192 factus
768 5118 1024 5175 obedienc
1051 5134 1223 5190 usque
1251 5118 1320 5173 ad
1346 5124 1593 5184 mortem,
1614 5124 1844 5173 mortem

212 5211 368 5261 autern
393 5210 599 5275 crucis,
615 5211 684 5263 ut
703 5208 832 5279 jam
863 5208 935 5263 de
974 5222 1146 5263 cruce
1177 5206 1690 5263 commendaretur
1737 5223 1843 5262 no-

214 5288 290 5349 bis
316 5308 441 5353 caro
468 5300 527 5353 et
552 5295 801 5369 sanguis
828 5295 1065 5351 Domini
1091 5311 1307 5351 novum
1339 5294 1717 5351 sacriﬁcium.

272 5382 321 5436 4.
350 5385 510 5455 (Aac.
541 5387 609 5441 in
660 5385 812 5441 Psal.
848 5400 996 5452 wa,
1033 5386 1109 5453 1.)
1137 5384 1265 5455 Ipse
1324 5400 1462 5457 ergo
1512 5399 1547 5438 a
1594 5383 1846 5441 Domino

218 5462 317 5526 Deo
340 5473 551 5531 missus
569 5473 844 5531 sacerdos
864 5476 1084 5539 noster,
1107 5472 1435 5544 assumpsit
1455 5489 1489 5527 a
1510 5471 1681 5528 nobis
1707 5472 1847 5545 quid

221 5553 423 5616 offerret
436 5567 574 5619 Deo.
600 5562 738 5619 Illas
770 5565 1009 5618 sanctas
1037 5560 1330 5633 primitias
1360 5561 1555 5617 carnis
1583 5578 1654 5617 ex
1682 5566 1849 5618 utero

1948 4775 2107 4814 mam
2136 4758 2457 4815 victimam.
2493 4758 2556 4814 In
2605 4757 2705 4814 illo
2746 4757 3007 4831 requiem
3063 4775 3200 4815 cum
3247 4759 3602 4830 invenimus,

1945 4862 2079 4903 vere
2110 4846 2568 4915 sabbatizamus,
2601 4850 2659 4902 et
2696 4845 2849 4904 lunae
2903 4863 3060 4903 novae
3120 4850 3446 4907 observatio
3476 4850 3603 4907 vitae

1948 4953 2107 4991 novae
2139 4939 2229 4991 est
2259 4935 2671 5001 sanctiﬁcatio,
2692 4939 2749 4992 et
2776 4935 3000 5009 pascha
3026 4940 3296 4994 nostrum
3327 4942 3416 4995 est
3436 4938 3605 4995 Chri-

1949 5028 2101 5092 stus,
2122 5027 2180 5080 et
2210 5040 2451 5097 azymus
2484 5029 2683 5080 noster
2710 5024 3017 5082 sinceritas
3045 5025 3329 5096 veritatis,
3359 5027 3605 5084 fermen-

1950 5118 2078 5170 tum
2110 5130 2227 5170 non
2251 5112 2478 5169 habens
2506 5113 2841 5183 vetustatis;
2872 5119 2931 5173 et
2952 5132 3317 5188 quascunque
3341 5114 3457 5171 alia
3487 5113 3605 5171 illis

1953 5203 2250 5259 veteribus
2279 5201 2630 5258 adumbrata
2660 5206 2799 5258 sunt
2828 5203 3034 5276 signis,
3064 5204 3123 5258 in
3155 5204 3266 5260 isto
3296 5203 3516 5261 habent
3544 5203 3609 5261 ﬁ-

1955 5309 2111 5357 nem,
2129 5291 2300 5361 cujus
2333 5291 2497 5364 regni
2519 5307 2634 5346 non
2661 5292 2769 5346 erit
2794 5291 2948 5346 ﬁnis.
2966 5295 3030 5346 In
3053 5290 3152 5348 illo
3175 5290 3393 5365 quippe
3413 5292 3613 5351 omnia

1957 5381 2260 5454 Oportebat
2281 5379 2648 5452 impleri,qui
2670 5379 2830 5433 venit
2856 5378 3045 5451 legem
3073 5384 3130 5435 et
3156 5380 3473 5452 prophetas
3495 5397 3612 5437 non

1959 5471 2204 5539 solvere,
2227 5470 2328 5525 sed
2348 5467 2611 5541 implere.
2634 5466 2881 5522 Proinde
2903 5466 3005 5523 illa
3020 5472 3214 5524 vetera
3228 5467 3399 5542 signa
3418 5486 3614 5529 rerum

1959 5577 2077 5616 non
2130 5556 2432 5615 evacuavit
2481 5556 2803 5628 arguendo,
2837 5556 2938 5612 sed
2997 5555 3296 5629 implendo
3348 5550 3615 5629 mutavit,

223 5642 451 5719 Virginis
483 5650 894 5709 holocaustum
925 5648 1139 5706 obtulit
1169 5649 1288 5705 Deo
1311 5665 1325 5703 :
1349 5649 1608 5705 extendit
1637 5666 1853 5709 manus
1960 5656 2027 5706 ut
2041 5649 2158 5706 alia
2178 5650 2376 5704 essent
2392 5662 2519 5718 quae
2543 5644 2883 5702 nuntiarent
2902 5645 3132 5704 venisse
3147 5647 3275 5719 jam
3292 5646 3595 5707 Christum

283 5750 304 5779 ⁸
328 5745 486 5819 Apud
513 5748 911 5823 Augustinum
942 5754 994 5806 et
1016 5764 1119 5822 per
1146 5748 1517 5807 humilitatem
1546 5751 1818 5811 mamillae
1846 5760 1898 5811 et
1927 5751 2085 5808 lactis
2113 5763 2351 5814 succum,
2386 5747 2496 5800 etc.
3153 5718 3163 5719 ί
3600 5718 3616 5745 ’
