4082 6476
466 452 473 463 ι
500 409 580 472 l9
1637 404 1876 469 FLORI
1915 400 2235 467 DIACONI
2276 400 2857 466 LUGDUNENSIS.
3831 395 3912 459 20

499 560 680 618 quam
710 543 945 600 fuerant
980 539 1085 598 illa
1115 557 1242 615 quae
1288 538 1761 614 praenuntiabant
1789 554 1919 594 esse
1947 539 2152 592 ventu-
2183 536 2237 602 Α
2267 534 2513 590 nitentia
2542 534 2761 607 quaevis
2793 535 2867 588 ab
2899 530 2996 588 illo
3027 529 3308 588 institutae
3352 529 3435 588 rei
3465 530 3756 604 cujusque
3785 547 3915 586 mu-

499 651 654 692 rum.
686 630 974 701 Quoniam
1004 646 1142 707 ergo
1177 630 1332 688 sicut
1361 629 1645 703 scriptum
1687 631 1779 684 est
1826 627 1886 682 in
1917 624 2153 682 Cantico
2261 623 2428 691 tatio,
2450 640 2578 696 quae
2608 623 2952 680 credebatur
2995 637 3125 679 esse
3171 637 3476 691 mansura,
3497 619 3742 696 proinde
3781 637 3917 676 cum

500 722 888 791 canticorum,
913 722 1185 794 aspiravit
1220 720 1334 777 dies
1358 719 1537 789 (Cant.
1569 734 1632 784 ιι,
1669 716 1776 790 17),
1811 731 2155 772 removean-

494 814 595 868 tur
624 811 879 879 umbras;
931 808 1256 883 spiritualis
1290 805 1638 880 signiﬁcatio
1688 807 1819 879 jam
1874 804 2153 873 lucescat,

498 899 754 957 carnalis
792 898 1104 956 celebratio
1143 899 1270 970 jam
1303 896 1583 969 quiescat,
1608 895 1919 951 audiamus
1959 893 2157 949 Domi-

499 1006 647 1047 num
665 992 863 1045 vetera
880 988 1217 1044 Judaaorum
1235 985 1523 1043 sacriﬁcia
1543 984 1972 1057 repudiantem,
1989 987 2046 1038 et
2061 999 2161 1038 no-

502 1095 643 1135 vum
673 1076 891 1135 Christi
921 1074 1272 1132 sacriﬁcium
1304 1072 1674 1146 apertissime
1721 1071 2159 1144 promittentem

506 1184 611 1242 per
640 1165 986 1223 Malachiam
1019 1163 1366 1237 prophetam
1396 1157 1696 1218 'dicentem
1720 1179 1734 1217 :
1756 1162 1876 1217 Non
1904 1168 1983 1217 est
2019 1162 2163 1216 mihi

506 1254 760 1311 voluntas
788 1254 850 1308 in
875 1252 1046 1320 vobis,
1069 1251 1206 1306 dicit
1232 1250 1519 1315 Dominus,
1540 1256 1591 1305 et
1618 1266 1820 1305 munus
1844 1265 1955 1305 non
1984 1250 2160 1305 susci-

501 1344 658 1418 piam
704 1340 769 1398 de
813 1356 985 1397 manu
1028 1347 1225 1396 vestra.
1258 1337 1336 1394 Ab
1361 1345 1484 1394 ortu
1510 1339 1660 1394 enim
1685 1339 1818 1395 solis
1875 1354 2046 1411 usque
2091 1336 2163 1393 ad

505 1446 751 1489 occasum
767 1446 1036 1500 magnum
1062 1436 1142 1484 est
1168 1443 1365 1484 nomen
1390 1443 1573 1484 meum
1612 1429 1673 1482 in
1717 1428 1989 1497 gentibus,
2022 1435 2074 1483 et
2100 1429 2162 1482 in

504 1521 658 1578 omni
682 1521 795 1576 loco
821 1519 1190 1589 sacriﬁcatur,
1222 1524 1274 1573 et
1314 1516 1542 1589 oﬁertur
1568 1517 1787 1573 nomini
1810 1532 1928 1573 meo
1959 1516 2161 1573 oblatio

499 1607 732 1674 munda,
763 1608 898 1681 quia
919 1622 1120 1664 nomen
1147 1622 1328 1662 meum
1356 1622 1624 1675 magnum
1651 1612 1730 1661 est
1780 1607 1841 1661 in
1884 1607 2158 1676 gentibus,

500 1699 637 1756 dicit
665 1698 936 1755 Dominus
981 1696 1321 1752 exercituum
1361 1694 1625 1767 (Malach.
1659 1712 1699 1762 ι,
1732 1695 1843 1765 40).
1873 1696 2036 1751 Certe
2065 1694 2163 1750 hic

504 1802 722 1861 negare
747 1802 862 1843 non
893 1788 1144 1859 possunt
1168 1783 1378 1852 Judaei,
1406 1800 1522 1840 non
1548 1782 1741 1839 solum
1763 1800 1881 1839 non
1904 1783 2166 1857 accipere

2266 713 2409 769 dicit
2435 729 2547 768 non
2570 712 2859 784 pcenitebit
2881 727 3009 768 eum
3028 730 3047 766 :
3073 712 3148 767 Tu
3184 727 3239 767 es
3275 710 3524 767 sacerdos
3554 711 3616 765 in
3644 717 3922 767 aeternum

2264 802 2561 859 secundum
2588 800 2837 857 ordinem
2870 799 3287 866 Melchisedech,
3321 799 3466 856 satis
3499 798 3757 855 ostendit
3785 814 3921 854 eum

2267 891 2630 964 pamituisse,
2663 889 2775 946 hoc
2804 892 2895 945 est
2930 905 3066 946 eum
3106 893 3337 945 mutare
3365 887 3622 945 voluisse
3651 888 3921 949 sacerdo-

2266 979 2440 1049 tium,
2464 979 2619 1052 quod
2649 979 3035 1035 constituerat
3062 978 3389 1034 secundum
3412 977 3677 1033 ordinem
3706 978 3920 1044 Aaron,

2268 1069 2422 1125 sicut
2452 1069 2523 1124 de
2553 1073 2803 1140 utroque
2821 1068 3092 1123 videmus
3122 1065 3453 1139 impletum.
3478 1066 3626 1121 Nam
3655 1069 3715 1122 et
3732 1067 3925 1122 Aaron

2270 1156 2661 1214 sacerdotium
2684 1158 2813 1228 jam
2844 1155 3077 1212 nullum
3121 1159 3211 1212 est
3257 1157 3318 1211 in
3366 1154 3564 1228 aliquo
3596 1154 3834 1227 templo,
3868 1157 3928 1211 et

2268 1245 2483 1303 Christi
2514 1244 2909 1302 sacerdotium
2957 1250 3240 1302 aeternum
3272 1247 3603 1317 perseverat
3646 1243 3708 1300 in
3757 1244 3925 1301 coelo.

2270 1335 2436 1391 Hunc
2477 1335 2844 1391 sacerdotem
2892 1337 2950 1390 et
2995 1333 3104 1389 hoc
3162 1333 3554 1390 sacerdotium
3612 1332 3927 1404 magniﬁce

2270 1424 2645 1481 commendat
2673 1421 2996 1496 apostolus,
3021 1439 3155 1477 cum
3182 1421 3435 1496 gratiam
3465 1420 3762 1495 Evangelii
3783 1439 3818 1477 a
3840 1438 3929 1479 rc-

2270 1511 2869 1587 galibuscaaremoniis
2892 1511 3282 1584 distinguens,
3304 1510 3510 1568 scribit
3527 1511 3601 1566 ad
3623 1510 3925 1567 Hebraeos:

2273 1605 2346 1658 Et
2371 1603 2476 1658 alii
2502 1602 2723 1674 quidem
2756 1601 2946 1674 plures
2987 1602 3126 1673 facti
3170 1609 3300 1657 sunt
3344 1599 3666 1669 sacerdotes,
3696 1616 3757 1657 eo
3787 1600 3932 1673 quod

2268 1699 2441 1748 morte
2482 1692 2906 1763 prohiberentur
2942 1706 3299 1762 permanere;
3326 1689 3416 1745 hic
3451 1697 3634 1747 autem
3678 1705 3739 1747 eo
3787 1690 3935 1763 quod

2270 1787 2493 1837 maneat
2520 1782 2578 1836 in
2607 1788 2899 1848 aeternum,
2921 1781 3315 1852 sempiternum
3341 1780 3504 1836 habet
3527 1779 3891 1837 sacerdotium
3912 1797 3933 1836 .-

508 1874 864 1935 sacriﬁcium
886 1875 958 1931 de
979 1873 1255 1931 manibus
1270 1889 1494 1975 eorum,
1515 1874 1617 1929 sed
1642 1890 1746 1929 nec
1758 1890 1830 1980 ‘se
1848 1872 1937 1928 illi
1958 1873 2166 1973 offerre
2192 1914 2241 1980 B
2274 1869 2419 1972 unde
2441 1877 2492 1926 et
2519 1869 2736 1980 salvari
2772 1870 2835 1924 in
2858 1876 3180 1941 perpetuum
3191 1875 3395 1970 potest,
3414 1868 3836 1980 pccedensnper’
3852 1885 3935 1925 se-

512 1964 792 2022 manibus
820 1964 965 2021 suis.
999 1963 1187 2020 Locus
1231 1961 1388 2020 enim
1421 1979 1576 2019 unus
1625 1966 1715 2019 est
1758 1962 1885 2036 lege
1932 1961 2165 2019 Domini
2192 1956 2241 1980 ”
2271 1961 2565 2032 metipsum
2593 1958 2663 2013 ad
2691 1960 2886 2024 Deum,
2906 1972 3118 2030 semper
3143 1958 3331 2014 vivens
3370 1956 3442 2014 ad
3472 1957 3937 2031 interpellandum

511 2053 888 2121 constitutus,
916 2052 1018 2109 ubi
1047 2051 1321 2108 manibus
1346 2066 1547 2107 eorum
1570 2050 1858 2108 sacriﬁcia
1868 2051 2051 2123 jussit
2080 2051 2165 2107 of-

511 2142 684 2211 ferre,
710 2145 923 2215 praeter
951 2155 1128 2214 quem
1157 2139 1353 2196 locum
1383 2139 1623 2196 omnino
1656 2138 1975 2212 prohibuit.
2000 2140 2166 2196 Hunc

511 2247 650 2305 ergo
680 2230 875 2287 locum
897 2245 1074 2302 quem
1095 2246 1200 2302 pro
1224 2227 1348 2285 suis
1379 2228 1605 2284 meritis
1627 2228 1974 2297 amiserunt,
1988 2228 2167 2285 etiam

510 2316 867 2375 sacriﬁcium
897 2316 1050 2389 quod
1094 2315 1176 2372 ibi
1204 2318 1436 2372 tantum
1465 2315 1679 2371 licebat
1708 2315 1901 2383 oﬂ'erri
1932 2316 1993 2372 in
2023 2316 2169 2373 locis

514 2406 645 2464 aliis
676 2406 883 2463 offerre
910 2421 1027 2462 non
1057 2405 1293 2460 audent.
1320 2404 1459 2461 Ecce
1490 2403 1829 2461 omnimodo
1858 2404 2170 2478 impletum

513 2497 624 2563 est,
637 2493 794 2568 quod
830 2492 914 2548 ait
947 2492 1253 2566 propheta,
1276 2496 1347 2549 Et
1370 2509 1575 2548 munus
1620 2508 1734 2548 non
1776 2496 2081 2566 suscipiam
2106 2494 2172 2550 de

512 2584 774 2642 manibus
801 2582 1016 2639 vestris.
1046 2581 1247 2654 Neque
1275 2580 1386 2638 hoc
1415 2581 1499 2638 ita
1520 2582 1864 2655 praedictum
1884 2587 1942 2639 et
1972 2582 2175 2656 imple-

515 2676 647 2730 tum
668 2674 777 2739 est,
790 2673 858 2727 ut
876 2686 975 2726 eos
997 2669 1339 2743 prophetica
1361 2671 1656 2726 sententia
1675 2671 2027 2743 respondere
2048 2688 2175 2744 per-

522 2761 738 2818 mittat.
756 2759 918 2825 Quod
952 2759 1228 2815 manibus
1257 2776 1373 2814 non
1404 2759 1706 2816 offerimus
1731 2776 1987 2830 carnem,
2003 2761 2176 2817 corde

523 2854 583 2908 et
609 2848 909 2907 offerimus
949 2847 1208 2917 laudem,
1242 2848 1567 2904 secundum
1600 2847 1744 2904 illud
1792 2849 1852 2904 in
1897 2849 2125 2922 psalmo
2159 2866 2172 2905 :

522 2939 752 2998 Immola
776 2939 879 2995 Dei
901 2935 1246 3009 saeriﬁcium
1277 2937 1456 2993 laudis
1484 2938 1652 2993 etiam
1679 2939 1848 3007 (Psal.
1880 2955 2031 3006 XLIX,
2061 2938 2174 3006 44),

528 3027 666 3085 hinc
704 3026 861 3083 enim
905 3024 1252 3082 contradicit
1277 3026 1363 3082 eis
1393 3025 1493 3098 qui
1523 3026 1664 3082 dicit
1695 3043 1709 3081 :
1744 3030 1867 3083 Non
1913 3035 1991 3084 est
2037 3029 2181 3083 mihi

526 3117 780 3175 voluntas
808 3131 932 3172 mea
960 3116 1022 3172 in
1047 3115 1218 3171 vobis.
1246 3113 1465 3171 Deinde
1494 3131 1568 3171 ne
1604 3115 1939 3172 existiment
1967 3115 2176 3186 Judaei,

2268 2065 2370 2122 pro
2400 2051 2498 2105 eis.
2529 2048 2671 2104 Talis
2701 2046 2918 2103 decebat
2945 2054 3007 2103 ut
3032 2048 3192 2103 nobis
3228 2054 3367 2103 esset
3386 2048 3660 2120 pontifex,
3682 2055 3932 2116 sanctus,

2275 2140 2556 2205 innocens,
2607 2136 2952 2209 impollutus,
3002 2143 3319 2206 segregatus
3363 2152 3399 2191 a
3442 2136 3839 2208 peccatoribus,
3880 2146 3937 2193 et

2274 2227 2539 2284 excelsior
2564 2225 2712 2281 catis
2738 2228 2937 2298 factus,
2970 2226 3065 2297 qai
3090 2241 3202 2281 non
3229 2226 3453 2281 haberet
3479 2225 3722 2298 quotidie
3744 2241 3935 2282 neces-

2276 2317 2515 2386 sitatem,
2563 2313 3017 2387 quemadmodum
3061 2313 3380 2382 sacerdotes,
3434 2315 3618 2386 primo
3659 2331 3761 2387 pro
3814 2316 3935 2372 suis

2276 2407 2511 2478 peccatis
2540 2405 2744 2460 hostias
2790 2403 3005 2476 offerre,
3037 2402 3234 2459 deinde
3265 2418 3366 2475 pro
3390 2404 3603 2475 populi.
3633 2405 3742 2459 [Ioc
3785 2405 3940 2460 enim

2278 2496 2409 2567 fecit
2441 2495 2608 2550 semel
2654 2495 2895 2564 seipsum
2942 2492 3212 2565 oﬂ'erendo
3242 2493 3423 2563 (Hebr.
3454 2509 3553 2561 vn,
3585 2492 3698 2565 28).
3733 2492 3799 2548 Et
3828 2492 3938 2549 ite-

2281 2600 2414 2640 rum
2450 2599 2464 2638 :
2502 2583 2681 2639 Talem
2736 2582 2996 2637 habemus
3045 2582 3377 2654 pontiﬁcem,
3428 2582 3527 2654 qui
3574 2580 3815 2638 consedit
3866 2582 3943 2638 ad

2282 2674 2533 2730 dextram
2558 2672 2857 2744 majestatis
2882 2672 2944 2726 in
2971 2671 3141 2742 caelis,
3170 2678 3483 2727 sanctorum
3507 2671 3763 2727 minister
3779 2679 3832 2727 et
3854 2679 3944 2728 ta-

2286 2762 2573 2819 bernaculi
2599 2762 2716 2817 veri
2740 2759 2881 2832 quod
2908 2761 3038 2832 fecit
3066 2764 3216 2816 Deus
3244 2767 3295 2816 et
3322 2760 3479 2816 homo
3498 2759 3690 2829 (Hebr.
3712 2777 3834 2831 VIII,
3862 2762 3941 2831 1).

2287 2850 2487 2908 Sancti
2517 2866 2654 2923 ergo
2686 2852 2881 2922 patres
2912 2848 3100 2905 nostri
3129 2848 3191 2905 in
3215 2848 3409 2905 Veteri
3437 2850 3815 2906 Testamento
3838 2849 3946 2906 uni

2286 2940 2404 2997 Deo
2435 2943 2492 2995 et
2519 2939 2775 2995 Creatori
2807 2936 3071 2994 omnium
3098 2937 3369 2994 victimas
3398 2938 3755 3008 obtulerunt,
3791 2956 3945 3012 quas

2289 3029 2401 3085 sibi
2419 3028 2544 3101 ipse
2561 3027 2752 3083 offerri
2771 3026 3086 3099 voluit,per
3112 3042 3315 3083 earum
3338 3027 3787 3084 similitudinem
3808 3045 3945 3101 pro-

2290 3119 2533 3173 mittens
2561 3116 2861 3173 victimam
2890 3132 3109 3185 veram,
3136 3132 3240 3188 per
3268 3132 3446 3189 quam
3468 3133 3578 3172 nos
3606 3115 3716 3172 sibi
3746 3133 3948 3191 pecca-

528 3206 685 3279 quod
716 3204 834 3261 illis
865 3220 983 3261 non
1023 3202 1421 3270 offerentibus,
1460 3219 1567 3260 nec
1613 3203 1712 3260 illo
1760 3203 2078 3277 accipiente
2109 3204 2181 3260 de
2221 3275 2248 3279 m
2287 3210 2484 3263 torum
2516 3204 2863 3262 remissione
2892 3203 3288 3261 reconciliavit
3315 3204 3375 3259 in
3397 3203 3627 3261 Christo
3656 3205 3798 3262 Jesu
3828 3206 3945 3263 Do-

528 3275 807 3351 manibus
834 3309 1037 3350 eorum
1069 3292 1210 3362 Deo,
1231 3291 1586 3349 sacriﬁcium
1619 3308 1735 3348 non
1757 3275 2176 3365 offeratur,quo
2207 3275 2250 3345 C
2290 3294 2451 3351 mino
2482 3299 2705 3361 nostro,
2729 3297 2796 3349 ut
2815 3292 2867 3350 ei
2888 3294 3194 3349 offerretur
3223 3291 3569 3362 similitudo,
3593 3292 3946 3366 promittens

527 3381 764 3456 quidem
796 3381 895 3438 ille
925 3398 1042 3438 non
1063 3384 1210 3454 eget,
1236 3382 1337 3455 qui
1368 3381 1656 3438 honorum
1689 3385 2025 3438 nostrorum
2056 3381 2182 3438 nul-

526 3470 644 3528 lius
662 3469 918 3544 indiget:
939 3474 1135 3527 tamen
1157 3470 1297 3542 quia
1316 3469 1443 3526 sine
1465 3470 1750 3527 sacriﬁcio
1771 3487 1888 3527 non
1909 3472 2181 3544 est,quod

529 3576 647 3616 non
667 3558 774 3628 illi,
790 3558 893 3615 sed
914 3556 1084 3614 nobis
1104 3557 1248 3615 utile
1268 3561 1377 3626 est,
1393 3557 1635 3614 audiant
1654 3559 1849 3631 ipsum
1868 3560 2182 3617 Dominum

529 3649 991 3716 contestantem,
1051 3646 1170 3702 imo
1228 3647 1495 3719 aperiant
1553 3646 1754 3704 oculos
1811 3652 1871 3704 et
1923 3648 2179 3717 videant,

530 3735 672 3809 quia
700 3736 770 3791 ab
798 3743 921 3792 ortu
965 3735 1100 3792 solis
1144 3751 1312 3808 usque
1340 3734 1412 3792 ad
1448 3752 1715 3806 occasum,
1750 3754 1866 3793 non
1921 3738 1983 3792 in
2042 3755 2181 3805 uno,

530 3824 687 3883 sicut
716 3821 777 3879 in
813 3822 931 3879 illis
961 3823 1151 3880 fuerat
1190 3825 1598 3891 constitutum,
1632 3825 1732 3881 sed
1780 3826 1844 3882 in
1891 3827 2043 3883 omni
2072 3828 2185 3885 loco

531 3911 776 3971 offertur
793 3910 1147 3969 sacriﬁcium
1159 3911 1644 3984 Christianorum,
1660 3930 1766 3970 nec
1790 3914 2029 3971 cuilibet
2046 3914 2183 3982 Deo,

532 4001 637 4059 sed
665 3999 717 4057 ei
747 4000 848 4073 qui
880 4001 993 4056 ista
1021 3999 1289 4074 praedixit
1308 4001 1425 4058 Deo
1457 4001 1655 4058 Israel.
1681 4002 1844 4059 Unde
1876 4002 2015 4059 alibi
2047 4003 2188 4059 dicit

531 4086 800 4147 Ecclesia:
830 4104 949 4144 suis
983 4104 997 4144 :
1030 4091 1108 4144 Et
1142 4088 1461 4161 Redemptor
1498 4097 1622 4147 tuus
1649 4091 1790 4147 Deus
1819 4092 2010 4162 Israel,
2044 4096 2187 4149 Deus

532 4179 811 4235 universae
856 4183 1022 4235 terra
1058 4179 1342 4234 vocabitur
1378 4177 1505 4248 (Isa.
1540 4196 1651 4247 LIV,
1680 4181 1757 4250 5).
1793 4180 1911 4236 Hoc
1958 4180 2188 4237 sacriﬁ-

533 4265 691 4321 cium
713 4265 1003 4321 mundum
1024 4265 1267 4321 offertur
1282 4265 1398 4322 Deo
1420 4266 1617 4333 Israel,
1642 4284 1759 4324 non
1781 4268 1854 4324 ab
1878 4285 1996 4324 una
2015 4272 2189 4341 gente

533 4353 893 4421 Judseorum,
926 4353 998 4410 de
1040 4354 1213 4426 cujus
1242 4354 1515 4411 manibus
1553 4372 1669 4412 non
1710 4373 1774 4412 se
1808 4361 2186 4430 accepturum

534 4441 822 4515 praedixit,
855 4442 959 4498 sed
1003 4442 1074 4498 ab
1116 4442 1394 4500 omnibus
1433 4444 1727 4517 gentibus,
1763 4461 1890 4517 quas
1940 4446 2185 4502 dicant:

537 4529 740 4597 Venite,
772 4531 1125 4587 ascendamus
1154 4531 1225 4588 ad
1263 4540 1504 4589 montem
1532 4534 1770 4600 Domini,
1805 4550 1911 4590 nec
1962 4535 2022 4589 in
2070 4551 2188 4590 uno

2289 3384 2593 3441 veritatem
2625 3381 2917 3451 sacriﬁcii,
2951 3380 3047 3437 cui
3076 3385 3203 3438 erat
3231 3382 3525 3438 offerenda
3555 3382 3686 3455 ipsa
3715 3383 3949 3441 reddita

2289 3471 2503 3528 veritas
2545 3471 2605 3527 in
2636 3470 2910 3543 passione
2955 3468 3215 3543 corporis
3244 3473 3302 3526 et
3348 3470 3657 3543 sanguinis
3703 3471 3943 3529 Christi.

2293 3561 2483 3633 Hujus
2513 3559 2783 3617 sacriﬁcii
2830 3576 2964 3616 caro
3022 3563 3080 3617 et
3135 3558 3376 3633 sanguis
3433 3564 3570 3616 ante
3628 3561 3948 3619 adventum

2294 3649 2508 3705 Christi
2539 3665 2643 3721 per
2669 3648 2939 3705 victimas
2970 3648 3360 3706 similitudine
3390 3648 3859 3722 promittebatur,
3888 3651 3952 3707 in

2294 3739 2567 3812 passione
2599 3739 2811 3796 Christi
2853 3756 2957 3812 per
2983 3740 3174 3812 ipsam
3222 3740 3526 3796 veritatem
3571 3740 3951 3811 reddebatur,

2295 3833 2431 3901 post
2459 3845 2771 3884 ascensum
2803 3828 3017 3885 Christi
3057 3845 3161 3901 per
3199 3831 3635 3885 sacramentum
3665 3829 3957 3887 memoria

2296 3916 2644 3997 celebratur.
2679 3917 2926 3973 Proinde
2956 3917 3150 3991 prima
3179 3922 3568 3985 sacramenta,
3593 3935 3721 3990 qua;
3750 3918 3954 3975 obser-

2295 4009 2509 4061 vantur
2538 4009 2598 4060 et
2626 4004 2997 4062 celebrantur
3025 4022 3094 4061 ex
3134 4004 3283 4078 lege,
3315 4004 3760 4078 praenuntiativa
3786 4012 3958 4063 erant

2296 4093 2512 4150 Christi
2540 4094 2791 4161 venturi,
2818 4111 2947 4167 quae
2978 4110 3113 4150 cum
3140 4111 3247 4150 suo
3278 4094 3529 4150 adventu
3551 4094 3823 4151 Christus
3851 4095 3959 4152 im-

2297 4182 2593 4255 plevisset,
2617 4182 2813 4239 oblata
2840 4186 3007 4250 sunt;
3039 4186 3097 4238 et
3136 4181 3266 4238 ideo
3296 4180 3493 4239 oblata
3521 4182 3663 4255 quia
3688 4182 3958 4256 impleta,

2299 4287 2416 4327 non
2443 4271 2601 4327 enim
2629 4271 2790 4327 venit
2817 4271 3039 4328 solvere
3081 4269 3271 4343 legem
3310 4270 3412 4326 sed
3451 4270 3793 4344 adimplere.
3826 4271 3960 4328 Alia

2297 4363 2439 4416 sunt
2463 4359 2736 4415 instituta
2754 4359 2966 4416 virtute
2993 4359 3238 4430 majora,
3260 4357 3513 4414 utilitate
3534 4357 3796 4427 meliora,
3818 4364 3954 4416 actu

2298 4448 2580 4517 faciliora,
2613 4464 2860 4504 numero
2900 4446 3197 4519 pauciora,
3229 4451 3513 4520 tanquam
3548 4446 3786 4519 justitia
3815 4448 3954 4506 ﬁdei

2299 4535 2572 4604 revelata,
2593 4540 2650 4593 et
2676 4536 2736 4591 in
2766 4536 3033 4592 libertate
3062 4535 3282 4592 vocatis
3313 4534 3450 4590 filiis
3471 4534 3574 4591 Dei
3594 4536 3741 4609 jugo
3771 4538 3954 4593 servi-

532 4615 662 4710 loco
682 4618 835 4710 sicut
855 4624 1212 4710 praeceptum
1232 4620 1431 4710 eratin
1451 4625 1687 4678 terrena
1704 4622 2061 4692 Jerusalem;
2086 4624 2188 4680 sed
2222 4646 2265 4710 Ι)
2298 4626 2444 4681 tutis
2472 4624 2686 4694 ablato,
2715 4625 2870 4697 quod
2901 4625 3048 4679 duro
3080 4628 3137 4680 et
3165 4624 3327 4680 carni
3360 4623 3555 4681 dedito
3585 4624 3799 4698 populo
3821 4643 3957 4683 con-

534 4705 597 4762 in
627 4707 788 4763 omni
808 4706 935 4764 loco
959 4725 1145 4780 usque
1166 4709 1224 4763 in
1253 4708 1442 4781 ipsam
1469 4709 1828 4780 Jerusalem;
1863 4728 1968 4767 nec
1989 4728 2191 4768 secun-

535 4794 680 4851 dum
711 4795 979 4852 ordinem
1009 4797 1223 4865 Aaron,
1258 4798 1360 4853 sed
1392 4799 1719 4854 secundum
1749 4799 2017 4857 ordinem
2049 4801 2187 4856 Mel-

536 4882 870 4941 chisedech.
897 4884 1126 4941 Christo
1174 4885 1332 4942 enim
1363 4886 1586 4942 dictum
1617 4890 1724 4955 est,
1755 4891 1813 4943 et
1860 4888 1931 4945 de
1960 4888 2190 4945 Christo

536 4972 948 5028 tantummodo
971 4977 1104 5030 ante
1126 4974 1471 5046 praedictum
1490 4978 1579 5031 est
1596 4991 1609 5030 :
1625 4977 1845 5032 Iuravit
1859 4978 2123 5034 Dominus
2144 4985 2195 5034 et

534 5076 647 5117 non
672 5060 957 5133 paenitebit
996 5078 1160 5118 eum:
1196 5064 1271 5118 Tu
1316 5079 1373 5119 es
1417 5063 1665 5120 sacerdos
1714 5066 1775 5120 in
1814 5074 2085 5123 aeternum
2111 5084 2192 5123 se-

536 5147 779 5205 cundum
827 5148 1076 5206 ordinem
1130 5150 1520 5207 Melchisalech
1568 5153 1739 5222 (Psal.
1778 5170 1890 5223 CIX,
1932 5156 2006 5225 4).
2041 5157 2189 5222 Quid

538 5240 629 5294 est
645 5236 862 5309 juravit
883 5238 1169 5306 Dominus,
1202 5238 1315 5294 nisi
1346 5238 1695 5297 inconcussa
1722 5243 1960 5300 veritate
1991 5245 2191 5300 ﬁrma-

536 5324 662 5381 vit?
708 5325 778 5381 Et
837 5325 979 5398 quid
1010 5330 1100 5383 est
1134 5343 1243 5382 non
1272 5329 1556 5399 pcenitebtt
1584 5345 1727 5396 eum,
1760 5331 1876 5388 nisi
1935 5332 2045 5388 hoc
2096 5350 2191 5389 sa-

538 5411 863 5469 cerdotium
893 5412 1057 5470 nulla
1085 5413 1200 5469 alia
1228 5415 1454 5472 ratione
1491 5417 1787 5474 mutabit?
1815 5436 2003 5493 neque
2032 5422 2191 5478 enim

537 5498 695 5559 sicut
722 5500 1024 5557 hominem
1054 5502 1295 5575 poenitet
1326 5503 1532 5574 Deum,
1567 5507 1667 5563 sed
1700 5507 1800 5563 Dei
1831 5508 2044 5565 dicitur
2073 5529 2188 5583 pm-

608 5604 691 5674 (a)
721 5604 785 5661 Id
813 5608 903 5661 est
932 5607 1395 5667 conﬁrmationis
1433 5617 1866 5669 sacramentum
1902 5631 1915 5670 :
1951 5616 2105 5671 unde
2136 5620 2195 5673 et

540 5678 698 5749 apud
728 5679 955 5734 Grmcos
1001 5678 1312 5754 episOOpus
1350 5683 1705 5740 conﬁrmans
1753 5684 1905 5741 hanc
1954 5685 2192 5743 adhibet

2299 4714 2564 4786 gruebat,
2590 4712 2789 4784 qualia
2818 4716 2960 4769 sunt
2988 4713 3047 4768 in
3071 4711 3324 4769 Ecclesia
3352 4712 3687 4785 baptismus
3714 4713 3951 4786 Christi,

2300 4802 2658 4859 eucharistia
2680 4802 2915 4871 Christi,
2940 4800 3312 4875 signaculum
3334 4800 3407 4874 (a)
3430 4800 3664 4858 Christi.
3690 4803 3838 4860 Hinc
3864 4808 3957 4862 est

2302 4891 2459 4963 quod
2480 4889 2824 4947 cautissimo
2846 4889 3149 4946 divisionis
3173 4888 3378 4946 ordine
3404 4888 3663 4947 Ecclesia
3683 4890 3786 4948 Dei
3816 4892 3952 4961 vivi,

2303 4996 2430 5051 quae
2460 4982 2549 5035 est
2577 4978 2855 5036 columna
2897 4983 2954 5035 et
3000 4979 3443 5035 ﬁrmamentum
3490 4978 3772 5050 veritatis,
3806 4984 3955 5038 tem-

2301 5085 2444 5142 pora
2463 5068 2691 5125 venturi
2712 5068 2925 5124 Christi
2947 5068 3353 5140 venientisque
3375 5067 3678 5137 discernit,
3694 5072 3753 5125 et
3776 5069 3960 5126 omis-

2302 5158 2387 5214 sis
2419 5157 2724 5214 sacriﬁciis
2772 5158 2988 5230 quibus
3018 5155 3286 5213 Christus
3327 5172 3615 5229 passurus
3662 5158 3961 5229 promitte-

2301 5247 2494 5314 batur,
2540 5247 2649 5303 hoc
2707 5245 3062 5302 sacriﬁcium
3120 5245 3309 5314 offert,
3339 5261 3456 5317 quo
3509 5244 3778 5303 Christus
3826 5248 3958 5319 jam

2301 5351 2515 5408 passus
2538 5334 2885 5401 ostenditur,
2909 5333 3009 5407 qui
3032 5336 3340 5406 propterea
3357 5350 3529 5389 verus
3549 5338 3639 5391 est
3658 5336 3951 5405 sacerdos,

2301 5424 2441 5496 quia
2466 5424 2850 5496 semetipsum
2880 5439 3073 5479 veram
3110 5438 3216 5494 pro
3238 5420 3410 5478 nobis
3437 5421 3693 5479 hostiam
3715 5423 3950 5494 obtulit,

2302 5513 2454 5568 sicut
2481 5511 2793 5584 Apostolus
2833 5513 3082 5568 testatur
3111 5508 3349 5565 dicens:
3374 5510 3551 5566 Estote
3590 5527 3716 5583 ergo
3763 5512 3951 5568 imita-

2305 5617 2551 5688 formam
2586 5635 2598 5673 :
2633 5618 2994 5688 Signaculum
3037 5616 3171 5673 doni
3196 5616 3437 5688 Spiritus
3471 5618 3668 5684 sancti,
3701 5619 3760 5673 et
3795 5616 3947 5675 Ordo

2299 5687 2642 5745 Gelasianus
2671 5687 2894 5758 signum
2924 5687 3130 5744 Christi
3154 5689 3215 5743 in
3233 5687 3416 5743 vitam
3445 5694 3726 5744 wternam.
3756 5688 3943 5748 Amen.
