4082 6454
134 464 206 538 95
1330 472 1434 536 DE
1477 462 1792 535 EXPOSI']

1903 468 2006 534 NE
2060 466 2341 537 MISSE.
3394 534 3395 537 η
3466 472 3547 538 26

131 603 1382 682 stati.QuibuSperactis,etparticipatotanto
1395 610 1781 675 sacramento,
1813 604 1870 675 Α
1899 606 2125 664 addidit
2156 625 2169 665 :
2202 609 2269 665 Si
2313 607 2646 681 quaesieritis
2689 624 2834 678 eum,
2892 606 3179 667 invenietis
3207 625 3227 665 :
3255 607 3310 666 si
3364 616 3548 667 autem

133 698 451 772 gratiarum
474 696 628 754 actio
651 700 854 754 cuncta
879 697 1386 771 concludit,quam
1407 696 1467 752 in
1493 696 1587 753 his
1607 698 1782 753 etiam

134 784 312 846 verbis
332 785 613 844 ultimam
635 786 1068 843 commendavit
1086 786 1420 860 Apostolus.
1438 790 1568 842 Haec
1585 790 1781 843 autem

135 876 607 950 causapraecipua
629 874 740 931 fuit
769 877 884 932 ista
907 877 1234 946 dicendi,ut
1252 874 1345 932 his
1366 875 1616 932 breviter
1644 894 1785 949 pra:-

136 964 355 1039 scriptis
386 970 566 1039 atque
597 963 968 1040 SigniﬁCatis,
1006 980 1118 1021 non
1151 970 1460 1038 putaretur
1489 964 1785 1039 negligen-

136 1056 263 1112 dum
293 1066 423 1111 esse
454 1054 613 1127 quod
646 1055 1038 1128 setiuitur,pro
1058 1057 1312 1112 omnibus
1344 1054 1783 1128 hominibus,pro

136 1145 339 1214 regibus
366 1152 419 1201 et
448 1144 539 1200 his
568 1145 668 1216 qui
708 1145 767 1199 in
813 1144 1150 1200 sublimitate
1178 1151 1325 1211 sunt,
1353 1151 1417 1199 ut
1461 1146 1703 1216 quietam
1731 1148 1783 1200 et

135 1233 488 1306 tranquillam
516 1234 691 1289 vitam
718 1244 951 1305 agamus
980 1234 1042 1289 in
1070 1234 1223 1289 omni
1244 1234 1448 1305 pietate
1467 1241 1517 1289 et
1535 1234 1783 1290 castitate

141 1320 181 1396 (l
207 1320 332 1380 Tim.
368 1336 431 1391 ιι,
454 1325 535 1392 2),
567 1337 642 1378 ne
673 1321 1181 1396 quisQuam,sicut
1209 1340 1271 1380 se
1303 1321 1481 1379 habet
1509 1322 1780 1379 humanae

139 1409 495 1486 cogitationis
522 1410 860 1480 inﬁrmitas,
894 1411 1210 1469 aestimaret
1241 1430 1356 1469 non
1389 1428 1518 1469 esse
1547 1413 1661 1469 ista
1695 1412 1779 1469 fa-

141 1501 330 1558 eienda
358 1508 465 1574 pro
496 1498 571 1558 iis
603 1512 637 1556 a
667 1500 883 1573 quibus
931 1502 1397 1574 perseeutionem
1449 1502 1783 1576 patiebatur

138 1586 546 1659 Ecelesia,cum
582 1590 851 1647 membra
868 1586 1081 1647 Christi
1102 1607 1171 1647 ex
1187 1591 1347 1647 omni
1369 1596 1567 1649 essent
1590 1590 1780 1649 homi-

140 1688 267 1737 num
295 1686 510 1754 genere
540 1676 888 1754 colligenda.
912 1678 1076 1737 Unde
1092 1678 1364 1754 adJUngit
1389 1684 1446 1738 et
1472 1680 1616 1738 dicit
1642 1683 1783 1739 :Hoc

139 1770 274 1825 enim
302 1771 508 1825 bonum
534 1777 617 1826 est
640 1775 694 1827 et
717 1777 995 1842 acceptum
1031 1786 1216 1826 coram
1262 1771 1549 1828 Salvatore
1594 1779 1781 1829 nostro

141 1858 485 1931 Domino,qui
503 1870 691 1914 omnes
720 1854 965 1915 homines
995 1860 1114 1916 vult
1137 1860 1312 1917 salvos
1340 1861 1465 1932 ﬁeri
1478 1868 1531 1918 et
1546 1863 1602 1917 in
1625 1862 1784 1931 agni-

350 1940 603 2004 veritatis
622 1946 1348 2049 venire‘(lb.id.,vers..3).Et
1377 1964 1449 2005 ne
1467 1951 1782 2023 quisquam
1817 1983 1863 2049 Β

144 2031 314 2093 dicere
369 2044 549 2109 posse
578 2042 711 2093 esse
743 2034 952 2092 salutis
980 2036 1136 2092 viam
1166 2035 1227 2093 in
1273 2037 1427 2094 bona
1475 2056 1787 2095 conversa-

146 2122 283 2181 tione
307 2126 362 2181 et
383 2118 568 2182 unius
589 2124 688 2181 Dei
711 2125 1128 2199 omnipotentis
1155 2126 1464 2196 cultu,sive
1485 2129 1790 2202 participa-

145 2204 282 2270 tione
298 2212 561 2287 corporis
584 2214 640 2271 et
661 2213 971 2287 sanguinis
990 2212 1206 2272 Christi
1232 2230 1245 2272 :
1282 2216 1430 2274 Unus
1458 2218 1608 2273 enim
1629 2216 1786 2283 Deus,

147 2290 341 2376 inquit,
372 2316 522 2360 unus
552 2303 703 2360 enim
754 2302 1020 2360 Mediator
1048 2306 1157 2361 Dei
1200 2312 1253 2361 et
1298 2304 1585 2362 hominum
1631 2307 1788 2364 homo

147 2394 287 2449 Iesus
300 2391 570 2459 Christus,
603 2394 672 2448 ut
698 2386 845 2448 illud
877 2392 1034 2465 quod
1066 2391 1311 2461 dixerat,
1339 2408 1521 2452 omnes
1541 2396 1790 2452 homines

149 2481 250 2537 vult
262 2482 435 2538 Salvos
453 2478 777 2553 ﬁeri,nullo
799 2478 912 2536 alio
933 2481 1106 2538 modo
1122 2480 1486 2556 intelligatur
1505 2485 1791 2557 praestari,

152 2569 248 2625 nisi
277 2582 377 2642 per
405 2569 794 2626 mediatorem
825 2572 1094 2627 nostrum
1124 2566 1332 2641 Deum,
1358 2575 1512 2645 quod
1562 2590 1795 2648 semper

154 2664 259 2714 erat
283 2658 569 2726 Verbum,
604 2659 708 2716 sed
741 2656 1044 2716 hominem
1073 2659 1374 2718 Christum
1423 2661 1627 2720 Jesum
1659 2682 1793 2721 cum

157 2749 363 2804 Verbum
384 2766 516 2806 caro
544 2751 759 2821 factum
803 2757 883 2805 est
929 2757 981 2805 et
1026 2748 1294 2806 habitavit
1320 2753 1383 2807 in
1426 2755 1609 2809 nobis.
1662 2754 1796 2811 Ideo

158 2837 294 2893 enim
323 2836 598 2895 Christus
624 2836 911 2894 mediator
939 2837 1040 2895 Dei
1070 2842 1130 2895 et
1158 2836 1466 2897 hominum
1485 2843 1678 2900 dictus
1709 2849 1800 2901 est

156 2920 292 2983 inter
306 2927 492 2983 Deum
510 2925 910 2983 immortalem
923 2930 981 2983 et
1001 2928 1307 2985 mortalem
1329 2929 1630 2988 hominem
1644 2932 1799 2990 Deus

160 3014 207 3071 et
222 3015 388 3073 homo
410 3010 800 3073 reconcilians
820 3016 1122 3073 hominem
1144 3014 1460 3085 Deo,verus
1491 3034 1608 3088 rex,
1627 3039 1799 3079 verus

164 3107 434 3162 sacerdos.
450 3100 605 3179 Ergo
624 3101 773 3179 petit
794 3103 969 3161 homo
994 3116 1029 3161 a
1049 3119 1183 3180 rege
1216 3104 1444 3165 Christo
1466 3114 1721 3184 regatur,
1750 3110 1799 3168 si

163 3194 291 3251 forte
318 3193 664 3269 peccaverit,
696 3195 901 3252 eodem
931 3195 1231 3253 sacerdote
1261 3196 1486 3255 Christo
1518 3199 1800 3273 expletur.

226 3283 307 3363 11.
328 3282 402 3358 (a)
427 3280 626 3342 Primo
650 3283 833 3358 igitur
848 3284 1327 3343 convenientibus
1344 3286 1402 3342 in
1424 3293 1695 3356 unum,et
1715 3306 1805 3347 as-

1892 697 2294 771 dereliqueritis
2326 698 2508 767 illum,
2541 697 2881 771 derelinquet
2905 716 2996 755 vos
3029 698 3075 773 (Ι
3097 702 3229 755 Par.
3258 700 3545 774 xxvm,9),

1893 784 2058 843 Unde
2088 791 2247 860 patet
2276 785 2414 860 quia
2444 787 2598 843 sicut
2630 805 2791 844 NIHIL
2819 802 2991 845 psws
3039 791 3233 861 potest
3282 805 3411 846 esse
3440 788 3546 846 ho-

1893 876 2038 933 mini
2072 894 2250 949 quam
2273 876 2677 949 derelinquere
2698 877 2884 933 Deum
2907 881 2965 933 et
2982 876 3309 951 derelinqui
3330 896 3367 934 a
3384 877 3501 935 Deo
3529 896 3542 934 :

1891 966 1976 1022 ita
2003 965 2324 1022 ocontrario
2355 964 2499 1021 nihil
2531 964 2744 1023 melius
2773 971 2863 1023 est
2892 983 3070 1040 quam
3102 966 3317 1025 habere
3361 967 3547 1025 Deum

1892 1059 1945 1111 et
1977 1072 2106 1112 esse
2136 1070 2272 1110 cum
2305 1055 2441 1111 Deo.
2472 1053 2545 1111 Et
2574 1054 2713 1128 quia
2760 1053 3014 1112 salutare
3058 1054 3208 1111 nihil
3256 1058 3346 1113 est
3387 1054 3547 1113 aliud

1893 1163 2069 1218 quam
2101 1142 2353 1201 salutem
2384 1146 2607 1217 optare,
2638 1143 2761 1201 haec
2790 1148 2879 1201 est
2905 1161 3045 1201 vera
3074 1143 3372 1213 salutatio,
3402 1160 3548 1203 verm

1892 1234 2100 1293 salutis
2131 1234 2375 1307 optatio,
2394 1234 2453 1289 id
2485 1238 2574 1290 est
2595 1250 2731 1289 cum
2761 1232 3008 1290 ecclesia
3041 1251 3151 1290 sua
3180 1239 3466 1308 tanquam
3488 1235 3549 1291 in

1891 1322 2109 1396 templo
2141 1340 2269 1394 suo,
2302 1340 2438 1379 cum
2487 1322 2630 1378 dicit
2674 1320 2988 1395 Apostolus
3023 1340 3036 1379 :
3076 1325 3355 1397 Templum
3397 1327 3553 1382 enim

1890 1414 1995 1470 Dei
2020 1418 2271 1468 sanctum
2299 1419 2393 1479 est,
2417 1410 2558 1484 quod
2584 1413 2712 1468 estis
2734 1427 2827 1469 vos
2856 1413 2908 1481 (Ι
2934 1413 3064 1470 Cor.
3096 1429 3179 1482 In,
3213 1412 3325 1486 l6).
3361 1412 3431 1471 Et
3450 1413 3552 1472 Ec-

1890 1500 2071 1559 clesia
2097 1500 2274 1557 habet
2294 1500 2613 1557 Dominum
2645 1516 2847 1556 secum
2879 1499 3309 1559 inhabitantem
3342 1507 3400 1560 et
3419 1503 3552 1560 illu-

1891 1590 2238 1659 minantem,
2270 1594 2569 1663 regentem
2601 1593 2660 1645 et
2689 1592 3115 1664 protegentem,
3150 1596 3217 1647 ut
3246 1590 3345 1649 ille
3388 1593 3468 1649 sit
3496 1590 3549 1650 ei

1889 1679 2065 1747 Deus,
2093 1682 2150 1736 et
2177 1677 2278 1735 illa
2309 1679 2387 1736 sit
2427 1678 2702 1752 populus,
2735 1679 2890 1736 sicut
2936 1679 3221 1753 propheta
3276 1680 3553 1754 promisit

1890 1769 2093 1825 dicens
2125 1786 2138 1825 :
2167 1771 2232 1825 Et
2262 1768 2577 1825 inhabitabo
2605 1774 2657 1824 et
2686 1767 3040 1825 inambulabo
3069 1784 3195 1825 cum
3224 1770 3362 1840 illis,
3385 1780 3439 1827 et
3461 1788 3554 1829 ero

1890 1860 1968 1916 eis
2001 1863 2164 1930 Deus,
2183 1865 2235 1915 et
2260 1866 2421 1915 erunt
2448 1858 2555 1930 ipsi
2580 1857 2817 1931 populus
2848 1858 2919 1927 (II
2947 1860 3168 1928 Cor.vr,
3204 1858 3391 1930 16),ut
3410 1859 3553 1918 dum

1892 1952 2067 2004 tantae
2115 1946 2497 2004 beatitudinis
2548 1947 2702 2003 dono
2752 1944 3008 2004 Ecclesia
3058 1946 3159 2004 Dei
3192 1950 3251 2005 et
3293 1948 3557 2021 possidet

1896 2030 2214 2095 Dominum
2246 2038 2303 2092 et
2327 2029 2662 2110 possidetur
2690 2052 2726 2092 a
2754 2041 2892 2104 Deo,
2924 2039 3217 2109 quatenus
3247 2038 3307 2093 et
3335 2037 3465 2111 ipsa
3481 2037 3559 2096 sit

1896 2126 2208 2183 hereditas
2265 2125 2522 2194 Domini,
2554 2128 2612 2182 et
2670 2120 2958 2183 Dominus
3012 2143 3151 2199 pars
3199 2124 3558 2186 hereditatis

1898 2216 2048 2289 ejus,
2077 2212 2395 2287 impleatur
2424 2214 2483 2269 in
2514 2211 2615 2270 illa
2663 2215 2817 2287 quod
2867 2211 3183 2271 Psalmista
3227 2214 3312 2271 ait
3344 2232 3357 2270 :
3389 2218 3559 2274 Beata

1897 2320 2048 2377 gens,
2081 2306 2239 2377 cujus
2271 2306 2538 2369 Dominus
2566 2304 2706 2360 Deus
2744 2304 2881 2376 ejus,
2906 2304 3144 2375 populus
3183 2318 3344 2377 quem
3392 2304 3560 2376 elegit

1898 2397 1960 2451 in
1988 2394 2362 2453 hereditatem
2389 2393 2505 2449 sibi
2528 2394 2698 2463 (Psal.
2728 2410 2906 2459 xxxu,
2939 2392 2963 2448 Ι
2974 2392 3049 2465 2).
3099 2390 3218 2450 Hoc
3261 2396 3352 2450 est
3399 2393 3558 2452 enim

1902 2501 2203 2541 summum
2234 2481 2493 2538 hominis
2519 2481 2741 2538 bonum
2771 2478 3072 2555 possidere
3105 2479 3310 2551 Deum,
3335 2486 3393 2540 et
3423 2501 3560 2558 pos-

1903 2573 2081 2631 sideri
2112 2590 2147 2629 a
2176 2571 2326 2642 Deo;
2357 2570 2553 2644 ipsum
2579 2571 2772 2627 solum
2804 2569 3048 2644 diligere
3078 2574 3136 2628 et
3165 2571 3278 2645 ipsi
3307 2572 3417 2630 soli
3438 2592 3562 2631 ser-

1902 2663 2044 2730 vire,
2078 2661 2162 2718 illi
2187 2659 2296 2718 soli
2331 2661 2651 2726 adhzsrcre,
2682 2663 2748 2715 ut
2777 2656 2933 2717 dicat
2962 2658 3045 2715 illi
3077 2659 3276 2717 anima
3306 2662 3511 2721 devota
3542 2679 3558 2721 :

1905 2752 2042 2809 Mihi
2067 2759 2250 2808 autem
2278 2750 2559 2808 adhaerere
2587 2752 2697 2805 Deo
2730 2748 2930 2805 bonum
2960 2749 3115 2821 (Psal
3146 2767 3316 2821 LXXII,
3347 2752 3459 2825 28).
3495 2752 3564 2809 Et

1907 2842 2124 2899 iterum
2156 2857 2170 2897 :
2202 2839 2458 2899 Adhasit
2486 2841 2680 2895 anima
2727 2852 2846 2895 mea
2868 2845 2992 2910 post
3022 2846 3073 2894 te
3110 2837 3292 2909 (Psal.
3326 2858 3459 2910 an,
3481 2839 3562 2915 9),

1909 2935 1976 2987 ut
2005 2930 2308 2987 adhaerens
2357 2927 2627 2995 Domino,
2660 2944 2817 2983 unus
2861 2945 2996 2984 cum
3044 2945 3110 2985 eo
3161 2928 3408 3002 spiritus
3438 2930 3560 2999 fiat,

1910 3021 2137 3078 dicente
2158 3017 2437 3091 Apostolo
2473 3035 2485 3074 :
2517 3019 2630 3089 Qui
2655 3017 2900 3075 adhaeret
2930 3020 3189 3087 Domino,
3220 3035 3365 3076 unus
3390 3020 3564 3093 spiri-

1912 3119 1999 3167 tus
2053 3115 2132 3166 est
2163 3110 2211 3182 (I
2237 3108 2360 3164 Cor.
2391 3125 2471 3174 v1,
2520 3106 2629 3180 l7).
2661 3104 2812 3162 Nam
2861 3109 2919 3162 et
2965 3104 3091 3179 ipse
3137 3105 3451 3180 Apostolus
3494 3108 3564 3165 .in

1910 3196 2189 3272 Epistolis
2210 3196 2334 3252 suis
2364 3195 2447 3251 ita
2465 3195 2683 3252 salutat
2697 3192 2922 3267 dicens,
2938 3199 3004 3251 ut
3030 3195 3346 3269 aliquando
3368 3195 3527 3254 dicat
3550 3214 3564 3254 :

1913 3288 2177 3345 Dominus
2204 3302 2330 3342 cum
2374 3285 2627 3342 omnibus
2670 3284 2858 3352 vobis;
2891 3280 3209 3358 aliquando
3244 3302 3258 3342 :
3290 3290 3437 3343 Deus
3467 3305 3567 3343 au-

164 3356 412 3431 tantibus
444 3372 508 3430 in
531 3356 707 3430 domo
729 3368 829 3429 Dei
850 3368 1142 3443 fidelibus,
1166 3376 1526 3448 praecedente
1551 3378 1807 3435 modula-
1834 3356 1879 3423 Ο
1913 3386 2019 3434 tem
2059 3377 2215 3449 pacis
2260 3376 2336 3431 sit
2379 3390 2504 3429 cum
2546 3376 2801 3430 omnibus
2847 3356 3043 3431 vobis:
3077 3374 3218 3430 item
3250 3372 3566 3447 aliquando

162 3459 301 3519 tione
315 3458 652 3520 divinarum
667 3456 1301 3536 laudum,prmcedente
1315 3462 1559 3523 lectiene
1576 3472 1803 3540 aposto-

162 3547 334 3607 lorum
366 3554 423 3609 et
440 3550 920 3626 Evangeliorum,
945 3555 1304 3626 praecedente
1327 3555 1501 3613 etiam
1536 3575 1803 3614 nonnun-

167 3644 322 3712 quam
344 3652 618 3699 sermone
638 3645 697 3698 et
712 3636 1066 3698 allocutione
1098 3642 1540 3717 magistrorum,
1559 3647 1802 3719 subjun-

160 3731 245 3783 ‘cta
258 3734 485 3804 quoque
503 3728 756 3805 sytnboli
775 3730 1225 3800 confessione,et
1255 3733 1545 3792 oblatione
1561 3736 1802 3809 populo-

168 3818 1052 3886 rum,etinitiataconsecratione
1072 3824 1661 3893 sacramentorum,in
1676 3826 1802 3898 qui-

160 3899 263 3962 bus
288 3907 565 3965 omnihus
593 3916 762 3963 mens
792 3906 1115 3964 astantium
1148 3910 1220 3965 ad
1253 3909 1448 3968 divina
1468 3916 1525 3967 et
1544 3912 1802 3970 coelestia

169 3995 452 4067 cogitanda
480 4008 551 4054 ac
575 3992 965 4052 desideranda
982 4003 1362 4070 praeparatur,
1377 4001 1601 4057 assistit
1614 4012 1801 4059 sacer-

168 4072 257 4139 tlos
284 4082 468 4152 altari,
502 4088 563 4142 et
607 4080 1007 4142 celebraturus
1037 4080 1234 4143 divina
1271 4089 1568 4162 mysteria,
1600 4088 1800 4148 Eccle-

168 4168 301 4229 siam
331 4174 645 4233 salutando
678 4178 824 4246 orat,
858 4180 916 4232 et
943 4172 1163 4234 orando
1194 4174 1414 4236 salutat
1441 4180 1641 4238 dicens
1675 4197 1688 4237 :

230 4252 305 4318 l2.
338 4266 608 4322 Dominus
626 4263 922 4322 vobiscum.
939 4261 1046 4330 Qui
1068 4264 1437 4325 salutationis
1468 4280 1663 4327 sermo
1680 4280 1798 4329 non

168 4336 400 4410 humano
430 4348 677 4411 arbitrio
699 4350 1197 4427 compositus,sed
1227 4368 1296 4412 ex
1312 4355 1520 4414 divina
1542 4357 1799 4432 Scriptu-

172 4438 234 4492 ra
260 4443 596 4499 auctoritate
627 4438 976 4515 desumptus
1005 4444 1307 4515 probatur,
1331 4445 1431 4502 ubi
1462 4446 1798 4520 frequenter

172 4522 220 4581 et
244 4524 610 4604 singulariter
638 4532 697 4587 et
726 4528 1032 4604 pluraliter
1048 4530 1286 4604 positus
1316 4531 1551 4608 legitur.
1585 4532 1798 4611 Singu-

173 4611 361 4686 lariter,
392 4614 548 4677 sicut
567 4620 649 4676 ait
677 4616 926 4692 angelus
957 4620 1029 4676 ad
1070 4619 1300 4677 beatam
1348 4620 1595 4679 Mariam
1632 4641 1645 4681 :
1697 4635 1797 4684 Jve

1912 3465 2100 3523 Gratia
2124 3465 2349 3521 Domini
2374 3464 2551 3519 nostri
2574 3465 2707 3520 Iesu
2738 3460 2940 3518 Christi
2974 3462 3048 3519 sit
3083 3479 3208 3518 cum
3234 3462 3436 3535 spiritu
3478 3481 3567 3521 ve-

1908 3562 2042 3621 stro,
2066 3555 2291 3626 fratres,
2323 3569 2486 3609 amen
2540 3552 2685 3621 (Gal.
2746 3568 2826 3621 v1,
2869 3550 2980 3623 18).
3014 3548 3086 3608 Et
3138 3568 3567 3626 nonnunquam

1910 3645 2022 3700 sub
2052 3641 2429 3699 distinctione
2460 3654 2868 3714 personarum,
2902 3642 3089 3698 totam
3124 3641 3402 3699 invocans
3433 3642 3569 3700 Tri-

1909 3734 2178 3801 nitatem,
2236 3731 2319 3787 ita
2368 3731 2588 3787 salutat
2633 3747 2646 3786 :
2699 3729 2887 3787 Gratia
2941 3730 3166 3787 Domini
3217 3733 3399 3789 nostri
3442 3733 3571 3790 Iesu

1911 3822 2115 3878 Christi
2140 3828 2192 3879 et
2217 3821 2458 3877 charitas
2494 3819 2616 3887 Dei,
2648 3826 2699 3876 et
2745 3821 3165 3877 communicatio
3214 3820 3395 3877 sancti
3442 3820 3568 3895 Spi-

1909 3914 2051 3968 ritus
2079 3913 2155 3967 sit
2180 3927 2305 3967 cum
2332 3910 2586 3966 omnibus
2612 3909 2764 3965 vobis
2796 3908 2876 3982 (II
2900 3908 3022 3965 Cor.
3053 3926 3175 3976 xm,
3211 3906 3320 3981 13).
3344 3910 3410 3966 In
3443 3910 3570 3984 qui-

1910 4000 2023 4057 bus
2071 3998 2348 4057 omnibus
2400 3999 2512 4055 hoc
2560 4000 2725 4070 optat
2773 3995 3042 4054 fidelibus
3091 3998 3375 4067 scribens,
3410 3996 3565 4073 quod

1910 4090 2182 4147 sacerdos
2213 4088 2285 4145 ad
2331 4085 2513 4143 altare
2559 4086 2863 4154 assistens,
2897 4083 3139 4158 scilicet,
3174 4088 3239 4143 ut
3283 4086 3570 4147 habentes

1908 4178 2095 4235 Deum
2126 4195 2243 4235 non
2275 4178 2621 4233 deserantur
2650 4176 2722 4232 ab
2772 4193 2861 4232 eo.
2894 4172 3074 4232 Recte
3121 4193 3259 4250 ergo
3305 4174 3569 4234 Ecclesia

1908 4271 2032 4324 tam
2063 4265 2286 4323 salubri
2330 4264 2651 4322 sacerdotis
2680 4280 2820 4321 voce
2851 4268 3108 4337 accepta,
3142 4268 3199 4321 et
3245 4264 3376 4338 ipsa
3414 4282 3567 4323 resa-

1906 4351 2150 4413 lutando
2206 4359 2352 4427 orat,
2409 4356 2467 4411 et
2523 4355 2748 4410 orando
2826 4351 3116 4409 resalutat
3174 4354 3561 4426 sacerdotem,

1908 4444 2108 4501 dicens
2143 4461 2156 4502 :

1979 4534 2065 4589 13.
2092 4532 2307 4589 Etcum
2337 4532 2551 4605 Spiritu
2579 4538 2685 4588 tuo.
2720 4525 2881 4587 Nihil
2910 4528 3069 4587 enim
3101 4526 3315 4588 melius
3343 4529 3567 4589 invenit

1906 4616 2165 4679 Ecclesia
2179 4622 2334 4695 quod
2365 4624 2593 4694 optaret
2621 4619 2936 4687 sacerdoti,
2956 4618 3070 4676 nisi
3103 4619 3259 4693 quod
3289 4622 3564 4679 sacerdos

173 4707 330 4796 gratia
351 4704 536 4781 plena,
571 4706 833 4766 Dominus
862 4715 1037 4765 tecum
1065 4709 1217 4777 (Luc.
1251 4725 1290 4779 I,
1307 4708 1429 4784 28);
1466 4714 1523 4768 et
1552 4712 1703 4770 sicut
1724 4714 1794 4771 ad
1827 4722 1875 4796 ι)
1906 4714 2068 4784 Optat
2085 4708 2371 4777 Ecclesiae,
2388 4710 2445 4766 id
2470 4711 2648 4766 estut
2675 4707 2833 4765 idem
2850 4704 3139 4765 Dominus
3162 4709 3266 4782 qui
3286 4708 3567 4783 dignatur

174 4790 372 4852 Gedeon
404 4796 677 4855 similiter
704 4796 1017 4853 salutando
1038 4796 1193 4853 (dixit
1224 4810 1239 4854 :
1276 4800 1546 4857 Dominus
1599 4806 1796 4870 tecum,

174 4872 385 4940 urorum
408 4884 710 4958 fortissime
755 4884 900 4959 (Iud.
950 4898 1028 4953 vr,
1063 4886 1170 4957 ‘12).
1210 4878 1522 4945 Pluraliter
1562 4895 1791 4960 autem,

176 4964 302 5025 sicut
326 4973 384 5030 in
410 4970 562 5031 libro
595 4972 775 5041 Ruth,
809 4970 910 5048 qui
959 4974 1161 5047 utique
1200 4975 1354 5032 sidut
1384 4977 1574 5034 elateri
1614 4990 1792 5036 sacrm

176 5052 448 5132 Scriptor-ae
472 5061 613 5119 libri
646 5063 843 5121 divina
868 5068 926 5121 et
975 5064 1224 5137 mystica
1269 5062 1547 5134 continet,
1578 5065 1795 5141 legitur

176 5142 298 5203 Bm
315 5148 616 5209 salutando
642 5148 865 5210 dixisse
896 5150 1259 5210 messoribus
1292 5169 1304 5209 :
1336 5150 1603 5212 Dominae
1620 5159 1797 5213 vobis-

177 5238 293 5291 cum.
320 5228 420 5295 Cui
466 5242 524 5298 et
565 5236 683 5314 ipsi
722 5241 1122 5299 resalutantes
1152 5240 1426 5300 dixerunt
1458 5261 1471 5300 :
1502 5241 1794 5303 Benedicat

180 5318 263 5404 tibi
287 5320 754 5404 DominustRuth.
780 5338 845 5400 ιι,
879 5328 956 5401 ti).
988 5326 1059 5387 Et
1089 5328 1245 5388 sicut
1272 5328 1333 5388 in
1383 5322 1631 5391 historia
1657 5332 1793 5392 libri

181 5400 623 5488 Paralipomenon
672 5400 959 5493 propheta
1004 5419 1226 5477 missus
1270 5438 1305 5477 a
1353 5412 1469 5478 Deo
1498 5421 1794 5480 invenitur

181 5496 429 5562 salutasse
454 5506 571 5565 Asa
599 5518 798 5583 regem
842 5509 999 5566 Juda
1022 5522 1162 5565 cum
1193 5510 1447 5566 exercitu
1470 5526 1598 5580 suo,
1629 5511 1790 5570 invo‘

182 5591 285 5643 cato
309 5592 403 5649 Dei
435 5590 669 5665 auxilio,
702 5597 951 5654 victores
983 5596 1055 5655 de
1083 5593 1281 5670 praelio
1311 5602 1793 5658 revertentes.Ait

183 5676 308 5765 enim
330 5694 357 5765 ᾖ
372 5680 647 5765 Dominus
697 5684 995 5757 vobiscum,
1037 5689 1171 5761 quia
1214 5688 1405 5760 fuistis
1432 5700 1559 5746 eum
1603 5704 1685 5748 eo.
1718 5686 1791 5748 Et

236 5762 303 5838 (α)
322 5761 423 5830 ‘B‘ic
438 5773 637 5833 solum
670 5772 963 5850 incipiunt
982 5770 1148 5836 editi.

1906 4816 2036 4856 esse
2066 4815 2201 4855 cum
2230 4797 2510 4866 Ecclesia,
2533 4798 2809 4871 dignetur
2840 4796 3019 4854 etiam
3040 4814 3169 4855 esse
3197 4813 3334 4855 cum
3351 4797 3563 4872 spiritu

1900 4886 2243 4957 sacerdotis,
2276 4904 2343 4943 ac
2375 4887 2459 4943 sic
2488 4885 2549 4942 in
2579 4889 2831 4960 utroque
2880 4886 3137 4961 benigna
3183 4885 3288 4944 illa
3326 4885 3563 4945 Domini

1900 4977 2213 5051 promissio
2240 4975 2699 5050 impleatur,qua
2729 4992 3085 5033 ascensurus
3106 4972 3169 5032 in
3200 4975 3412 5033 coelum
3435 4994 3562 5034 om-

1899 5066 2075 5123 nibus
2109 5064 2377 5122 fidelibus
2408 5064 2681 5139 promisit
2711 5065 2950 5123 dicens:
2977 5064 3108 5123 Ecce
3149 5082 3245 5138 ego
3286 5065 3563 5122 vobiscum

1897 5170 2019 5213 sum
2046 5155 2298 5212 omnibus
2328 5154 2519 5212 diebus
2548 5168 2722 5228 usque
2773 5155 2845 5213 ad
2879 5155 3405 5212 consummationem
3451 5170 3560 5212 sa?-

1899 5246 2014 5301 culi
2039 5245 2261 5313 (Matth.
2294 5243 2537 5317 XXVIII,).
2572 5244 2691 5301 Hoc
2722 5261 2859 5318 ergo
2892 5246 3124 5299 tantum
3174 5240 3399 5298 bonum
3447 5240 3561 5300 sibi

1900 5332 2149 5389 invicem
2180 5335 2385 5405 optant
2415 5334 2474 5388 et
2498 5332 2826 5405 postulant,
2865 5335 2921 5387 et
2952 5329 3226 5387 sacerdos
3265 5327 3555 5399 Ecclesiae,

1901 5425 1959 5479 et
1984 5418 2242 5478 Ecclesia
2272 5418 2582 5489 sacerdoti,
2608 5424 2674 5475 ut
2704 5419 2857 5476 sicut
2885 5420 3014 5491 ejus
3044 5419 3234 5493 gratia
3262 5418 3559 5476 illumina-

1897 5514 2014 5581 tur,
2048 5511 2177 5583 ejus
2226 5510 2536 5584 praesentia
2589 5507 2976 5578 confortatur,
3020 5509 3150 5581 ejus
3197 5508 3557 5581 proiectione

1899 5600 2193 5670 munitur;
2227 5617 2458 5673 semper
2477 5615 2614 5654 eum
2646 5613 2884 5655 manere
2916 5596 3244 5667 nobiscum,
3280 5597 3560 5671 quemad-

1898 5689 2140 5747 modum
2170 5692 2259 5746 est
2287 5685 2601 5762 pollicitus,
2627 5689 2974 5747 sentiamus.
3007 5683 3127 5745 Hoc
3154 5686 3332 5748 etiam
3381 5688 3555 5750 modo
