4082 6452
169 431 252 497 29
1380 431 1483 494 DE
1525 424 2050 495 EXPOSITIONE
2105 429 2388 494 MISS/E.
3490 430 3595 496 '30

179 568 332 626 sicut
363 565 682 640 Apostolus
710 566 915 622 eodem
949 583 1215 622 sermone
1248 567 1522 622 admonet
1578 566 1780 620 dicens
1814 581 1825 620 :
1861 565 1913 630 A
1943 565 2218 622 continuo
2252 582 2716 633 commonemur,
2748 566 2888 640 quia
2925 565 3033 624 hoe
3065 567 3311 640 dignum
3343 571 3450 637 est,
3484 567 3594 624 hoc

175 660 245 715 Si
289 657 748 715 consurrexistis
787 671 922 713 cum
963 658 1213 725 Christo,
1253 673 1380 730 qua:
1422 673 1653 712 sursum
1701 660 1832 710 sunt
1934 657 2158 726 jestum
2188 660 2318 724 est;
2352 657 2643 712 recordari
2692 661 2920 730 oportet
2966 674 3201 730 semper
3247 657 3368 714 haec
3416 660 3595 714 verba

178 748 450 824 quaerite,
479 748 586 802 ubi
630 746 891 802 Christus
939 756 1021 802 est
1069 750 1132 803 in
1178 748 1422 802 dextera
1470 748 1580 804 Dei
1609 749 1830 814 sedens,

176 853 302 911 quae
331 852 569 892 sursum
597 841 731 890 sunt
761 837 1101 907 sapite,non
1113 852 1240 909 quae
1267 847 1677 909 superterram
1702 839 1831 895 Col.

175 926 533 998 111,1).Hunc
557 941 870 980 ascensum
899 925 1092 981 cordis
1124 926 1306 981 nostri
1337 928 1434 998 qui
1471 929 1534 982 fit
1564 929 1634 984 ad
1658 933 1834 984 Deum

179 1033 211 1069 a
239 1013 505 1070 convalle
536 1013 904 1086 plorationis,
940 1013 998 1068 id
1030 1018 1117 1070 est
1149 1016 1220 1070 ab
1252 1015 1588 1071 humilitate
1619 1017 1834 1072 contri-

176 1103 518 1170 bulationis,
535 1119 652 1158 non
667 1103 886 1158 nostris
898 1103 1142 1171 viribus,
1161 1105 1260 1160 sed
1283 1105 1496 1160 auxilio
1529 1106 1628 1161 Dei
1645 1111 1836 1162 osten-

177 1192 263 1248 dit
308 1191 483 1247 nobis
529 1190 846 1247 Psalmista
895 1193 1096 1248 dicens
1131 1196 1386 1249 :Beatus
1427 1196 1520 1250 vir
1548 1200 1716 1267 cuius
1751 1202 1836 1251 est

178 1283 332 1338 auxi
338 1281 361 1336 ι
368 1283 496 1337 ium
510 1281 616 1336 abs
627 1289 702 1349 te,
719 1283 1086 1338 ascensioues
1104 1284 1164 1338 in
1176 1283 1345 1338 corde
1355 1301 1458 1338 suo
1468 1285 1756 1354 disposuit
1774 1288 1837 1342 iu

176 1369 335 1426 valle
369 1368 788 1442 lacrymarum
818 1371 1002 1440 (Psat.
1038 1373 1834 1445 Lxxxm,6).Ascensusenim

182 1459 344 1514 utilis
375 1476 496 1514 non
530 1462 722 1530 potest
752 1459 1029 1528 esse,nisi
1061 1461 1250 1533 primo
1272 1461 1622 1518 humilitatis
1649 1481 1682 1519 a
1708 1482 1840 1520 con-

177 1546 321 1605 valle
334 1546 511 1603 nobis
523 1549 960 1604 ascendendum
974 1565 1102 1604 esse
1116 1551 1580 1607 meminerimus.
1597 1553 1838 1610 Conval-

179 1636 248 1692 lis
288 1635 451 1692 enim
499 1634 666 1692 locus
714 1641 803 1692 est
843 1641 1010 1693 terrm
1059 1639 1394 1711 depressus.
1440 1642 1665 1699 Docens
1714 1644 1838 1716 ipse

179 1725 462 1782 Dominus
477 1725 786 1781 aconvalle
807 1725 1151 1798 plorationis
1174 1731 1634 1803 ascendendum,
1651 1750 1838 1806 quan-

180 1816 250 1871 do
263 1831 367 1887 pro
382 1813 561 1870 nobis
573 1813 875 1870 humiliari
891 1833 1078 1888 usque
1091 1819 1162 1872 ad
1178 1823 1421 1874 mortem
1439 1822 1629 1878 crucis
1641 1828 1697 1878 et
1719 1823 1838 1896 pati

180 1903 460 1978 dignatus
471 1908 583 1960 est.
601 1905 716 1960 Hoc
745 1905 1077 1978 exemplum
1091 1924 1204 1962 non
1221 1907 1642 1979 relinquamus.
1659 1916 1838 1969 Istam

182 1991 509 2049 convallem
579 1992 924 2064 plorationis
974 2001 1259 2068 martyres
1300 1997 1729 2068 intellexerunt,
1782 2008 1837 2058 et

181 2082 311 2138 inde
343 2086 411 2137 ut
463 2087 888 2138 coronarentur
934 2085 1340 2140 ascenderunt.
1376 2088 1552 2144 Amor
1598 2096 1840 2148 sanctus

183 2172 252 2228 ad
282 2187 550 2244 superna
583 2169 788 2240 elevat,
805 2177 860 2227 et
872 2174 943 2228 ad
966 2178 1183 2229 aeterna
1205 2174 1550 2233 inﬂammat.
1571 2180 1840 2253 Obligata

178 2259 335 2320 enim
349 2260 557 2315 anima
569 2276 767 2316 amore
779 2263 1432 2334 terreno,quasiviscum
1447 2266 1620 2324 habet
1633 2271 1689 2324 in
1705 2288 1841 2342 pen-

186 2349 293 2419 nis,
323 2349 527 2405 volare
553 2366 670 2404 non
703 2354 920 2421 potest;
957 2352 1241 2408 mundata
1267 2370 1400 2409 vero
1431 2357 1504 2411 ab
1537 2358 1840 2416 affectibus

185 2442 238 2494 et
265 2437 700 2495 sordidissimis
731 2438 1237 2512 saeculi,tanquam
1261 2445 1516 2501 extensis
1538 2448 1842 2518 pennis,ex

187 2527 414 2584 duabus
449 2526 564 2583 alis
594 2526 962 2595 resolutis,id
994 2533 1082 2585 est
1111 2530 1341 2586 duobus
1367 2537 1668 2607 praeceptis
1701 2538 1844 2594 dile-

187 2615 394 2672 ctionis
428 2615 532 2670 Dei
555 2615 953 2672 etdilectionis
966 2619 1236 2689 proximi,
1254 2620 1407 2677 volat
1418 2624 1487 2678 ad
1506 2624 1841 2695 Dominum,

189 2705 518 2760 ascendens
545 2703 820 2772 volando,
852 2704 992 2777 quia
1021 2707 1283 2762 ascendit
1313 2712 1562 2768 amando
1596 2714 1841 2771 adillam

190 2793 406 2850 scilicet
440 2810 766 2865 supernam
796 2794 1122 2850 Jerusalem
1156 2802 1404 2854 matrem
1444 2803 1707 2858 omnium
1741 2823 1845 2860 no-

191 2887 545 2956 strum,qua
579 2887 668 2938 est
697 2883 756 2938 in
789 2883 967 2939 ccelis.
990 2886 1074 2941 Ab
1102 2884 1202 2942 illa
1225 2887 1380 2943 enim
1404 2893 1846 2964 peregrinamur

191 2971 244 3026 in
276 2972 400 3028 haec
433 2971 577 3040 vita,
596 2972 667 3027 ad
684 2973 813 3043 ejus
847 2974 1100 3030 reditum
1123 2979 1494 3047 suspiramus
1516 2983 1718 3037 tandiu
1743 2985 1847 3039 mi-

193 3060 300 3117 seri
324 3067 381 3118 et
412 3061 780 3128 laborantes,
813 3063 994 3118 donec
1046 3064 1117 3119 ad
1166 3064 1328 3122 illam
1376 3069 1707 3141 redeamus,
1741 3091 1845 3129 nec

194 3149 338 3207 cives
389 3150 582 3207 nostri
631 3150 822 3224 angeli
872 3152 1220 3209 dimiserunt
1249 3155 1308 3210 in
1340 3159 1843 3231 peregrinatione;

193 3240 290 3296 sed
319 3240 830 3297 annuntiaverunt
851 3241 1226 3316 nobisipsum
1240 3261 1436 3318 regem
1447 3253 1759 3306 venturum
1773 3253 1843 3308 ad

196 3346 314 3386 nos.
349 3331 419 3386 Et
438 3329 604 3385 venit
632 3330 704 3385 ad
737 3346 864 3396 nos,
899 3335 955 3385 et
985 3336 1361 3406 contemptus
1386 3340 1475 3391 est
1504 3336 1658 3394 inter
1686 3358 1791 3396 nos
1814 3359 1848 3398 a

197 3418 378 3488 nobis,
412 3423 477 3476 et
501 3422 707 3491 postea
737 3419 1139 3488 nobiscum,et
1166 3423 1366 3479 docuit
1395 3442 1501 3481 nos
1532 3431 1847 3498 contemni,

199 3508 334 3579 quia
355 3512 740 3580 contemptus
769 3513 860 3564 est
884 3527 897 3578 ;
933 3510 1136 3566 docuit
1161 3511 1428 3582 tolerare,
1455 3516 1594 3587 quia
1634 3518 1850 3574 tolera-

198 3597 309 3665 vit;
344 3597 554 3655 docuit
575 3596 714 3669 pati,
750 3598 889 3670 quia
917 3616 1129 3671 passus
1161 3605 1350 3671 est;ct
1381 3605 1852 3676 promisitresur-

199 3690 480 3753 recturos,
515 3687 656 3759 quia
684 3689 1020 3756 resurrexit,
1044 3688 1104 3744 in
1137 3690 1328 3762 seipso
1360 3696 1675 3751 ostendens
1707 3698 1848 3769 quid

200 3790 426 3846 sperare
444 3775 790 3831 debeamus.
809 3777 867 3832 Si
883 3793 1020 3850 ergo
1037 3779 1331 3850 prophetae
1346 3786 1401 3835 et
1413 3787 1608 3853 patres
1621 3786 1846 3858 antiqui

200 3869 512 3938 antequam
543 3863 829 3920 Dominus
859 3865 1032 3921 Jesus
1055 3867 1323 3924 Christus
1344 3871 1562 3927 veniret
1579 3873 1635 3927 in
1651 3891 1844 3945 carne,

199 3957 516 4026 antequam
549 3957 819 4009 mortuus
851 3956 1265 4012 resurrexisset
1293 3962 1350 4014 et
1380 3961 1739 4018 ascendisset
1787 3965 1846 4020 in

197 4042 421 4111 ccelum,
439 4042 825 4114 suspirabant
855 4046 1051 4100 tamen
1075 4044 1158 4099 illi
1182 4045 1421 4115 civitati,
1439 4055 1725 4121 quantum
1740 4071 1846 4110 nos

196 4136 450 4202 Oporteat
481 4131 815 4188 desiderare
837 4149 951 4204 quo
982 4150 1090 4189 nos
1113 4133 1239 4206 ipse
1268 4139 1660 4207 praecessit,et
1691 4143 1846 4198 unde

198 4234 496 4293 nunquam
528 4220 1043 4293 recessit.Antiqui
1077 4225 1409 4281 sacerdotes
1443 4228 1543 4300 qui
1575 4245 1691 4284 non
1723 4235 1845 4286 tam

200 4309 481 4366 curabant
530 4310 602 4365 de
653 4308 813 4366 cultu
863 4310 1173 4378 sermonis,
1207 4329 1384 4385 quam
1433 4317 1504 4372 de
1552 4318 1741 4376 salute
1787 4326 1845 4376 et

199 4396 574 4456 ediﬁcatione
603 4397 812 4471 plebis,
828 4399 1285 4472 propteridiotas
1297 4407 1353 4458 et
1365 4406 1716 4476 rusticanos,
1731 4426 1842 4466 non

201 4499 450 4553 sursum,
487 4488 589 4544 sed
620 4487 846 4560 vulgari
878 4505 1147 4545 sermone
1175 4491 1418 4547 Sursum
1448 4497 1624 4551 corda
1653 4497 1844 4554 dicere

205 4573 480 4645 solebant,
498 4580 562 4632 ut
591 4593 685 4633 res
699 4581 862 4632 tanta
873 4576 1106 4649 plenius
1121 4579 1386 4635 omnium
1402 4584 1676 4641 sensibus
1690 4602 1843 4642 com-

1945 746 2100 800 unde
2131 746 2270 817 sint,
2293 763 2440 818 quas
2470 746 2726 802 actiones
2757 751 2815 802 et
2845 753 3066 819 quanta
3095 748 3404 804 sanctitate
3434 766 3594 805 com-

1945 835 2313 901 mendentur,
2329 839 2633 890 teneamus
2655 836 3048 893 cthabeamus
3079 838 3233 909 quod
3249 837 3590 911 accipimus,

1945 927 2001 979 et
2047 923 2233 978 datori
2274 923 2493 996 gratias
2543 941 2808 997 agamus.
2843 926 3120 989 Quamvis
3151 925 3304 981 enim
3335 926 3594 999 accipere

1946 1017 2001 1067 et
2030 1013 2243 1068 habere
2293 1017 2560 1067 nostrum
2607 1014 2702 1082 sit,
2747 1014 2804 1069 id
2855 1019 3050 1070 tamen
3097 1016 3388 1072 habemus
3437 1019 3593 1089 quod

1946 1101 2299 1172 accepimus,
2334 1101 2611 1172 quoniam
2641 1102 3022 1174 superhienti,
3045 1109 3102 1159 et
3131 1121 3200 1160 ex
3228 1121 3293 1159 eo
3323 1109 3473 1176 quod
3490 1105 3594 1161 ha-

1945 1189 2140 1256 bebat,
2158 1189 2327 1262 quasi
2351 1207 2383 1244 a
2405 1189 2595 1260 seipso
2626 1191 2839 1247 habere
2872 1191 3048 1264 impie
3078 1193 3594 1264 gloriantiVeritas

1947 1295 2049 1351 per
2076 1279 2419 1351 Apostolum
2451 1279 2592 1335 dicit
2626 1296 2638 1335 :
2673 1281 2827 1350 Quid
2871 1283 3027 1336 enim
3080 1282 3258 1337 habes
3293 1283 3450 1354 quod
3476 1301 3593 1340 non

1947 1370 2232 1437 accepisti
2245 1389 2258 1436 ς
2273 1369 2496 1440 quodsi
2505 1371 2805 1438 accepisti,
2819 1370 2958 1442 quid
2967 1388 3005 1442 g
3017 1369 3287 1436 toriaris,
3302 1373 3478 1444 quasi
3486 1388 3598 1427 non

1947 1459 2328 1529 acceperis?!
2361 1457 2487 1512 Cor.
2519 1475 2592 1526 IV,
2623 1460 2702 1526 7.)
2739 1457 2942 1513 Merito
2973 1474 3108 1531 ergo
3154 1458 3214 1513 in
3265 1458 3365 1514 illo
3414 1460 3594 1516 veris-

1949 1546 2100 1603 simo
2149 1551 2204 1602 et
2253 1546 2537 1619 singulari
2596 1546 2883 1602 sacriﬁcio
2933 1546 3180 1614 Domini,
3232 1553 3346 1604 Deo
3396 1553 3596 1606 nostro

1949 1651 2118 1708 agere
2147 1635 2368 1708 gratias
2391 1635 2798 1705 admonemur,
2814 1635 3374 1708 utagnoscatbomo,
3392 1637 3441 1693 si
3454 1637 3596 1709 quid

1948 1723 2095 1778 bene
2139 1723 2298 1789 vivit,
2333 1723 2432 1778 Dei
2481 1723 2672 1796 gratia
2719 1741 2782 1780 se
2823 1724 3056 1792 habere,
3091 1729 3146 1780 et
3177 1728 3243 1780 ut
3264 1726 3599 1798 perﬁciatur

1950 1812 2009 1866 in
2041 1811 2348 1868 dilectione
2370 1813 2618 1885 justitizs
2649 1830 2763 1868 non
2789 1831 2850 1869 se
2867 1812 3105 1870 aliunde
3121 1809 3596 1871 consecuturum.

1869 1939 1916 2003 B
1950 1901 2090 1974 quia
2119 1902 2392 1975 cogitatio
2423 1903 2587 1974 pium
2607 1902 2776 2003 ‘facit.
2795 1903 3026 1974 Ipsaest
3044 1902 3144 1959 illa
3170 1904 3601 1978 sapientiaque:

1949 1991 2134 2063 pietas
2146 1996 2530 2064 vocatur,qua
2541 1979 2752 2048 colitur
2762 1991 3415 2066 Paterluminum,aquo
3429 2011 3600 2050 omne

1947 2085 2036 2135 est
2065 2081 2267 2136 datum
2299 2081 2853 2153 optimum,etomne
2875 2083 3096 2137 donum
3110 2083 3604 2156 perfectum.Coli-

1948 2173 2047 2224 tur
2067 2174 2261 2225 autem
2276 2170 2560 2225 sacriﬁcio
2581 2170 2772 2226 laudis
2787 2170 3232 2243 actionibusque
3249 2172 3598 2244 gratiarum,

1950 2263 2017 2314 ut
2048 2257 2238 2314 cultor
2266 2261 2395 2331 ejus
2425 2277 2540 2314 non
2569 2259 2628 2314 in
2661 2259 2874 2330 seipso,
2909 2261 3010 2315 sed
3043 2259 3102 2314 in
3148 2259 3246 2316 illo
3293 2261 3597 2334 glorietur.

1951 2351 2077 2404 Non
2106 2351 2258 2404 enim
2290 2350 2575 2420 spiritum
2607 2353 2781 2420 hujus
2809 2349 3019 2404 mundi
3044 2351 3397 2421 accepimus,
3431 2353 3496 2405 ut
3521 2349 3602 2406 ait

1953 2437 2108 2493 idem
2139 2437 2591 2510 Apostolus,sed
2620 2438 2903 2510 Spiritum
2933 2440 3035 2512 qui
3053 2455 3128 2493 ex
3149 2443 3264 2494 Deo
3293 2448 3373 2494 est
3388 2441 3438 2508 (Ι
3465 2441 3598 2496 Cor.

1954 2543 2014 2594 ιι,
2052 2527 2158 2599 12),
2195 2531 2259 2581 ut
2311 2527 2570 2583 sciamus
2617 2545 2746 2599 quae
2779 2545 2813 2582 a
2845 2533 2958 2583 Deo
2991 2528 3206 2583 donata
3235 2531 3376 2585 sunt
3408 2529 3594 2584 nobis.

1955 2616 2095 2683 Quis
2121 2620 2210 2672 est
2239 2620 2434 2672 autem
2468 2617 2710 2689 spiritus
2727 2617 2932 2672 mundi
2967 2617 3295 2688 hujus,nisi
3319 2617 3603 2689 superbiae

1955 2705 2219 2778 spiritus,
2253 2722 2368 2776 quo
2401 2722 2500 2760 cor
2528 2704 2815 2778 insipiens
2847 2705 3228 2761 obscuratum
3259 2710 3348 2762 est
3377 2723 3601 2775 eorum,

1956 2795 2055 2866 qui
2070 2795 2370 2867 cognitum
2387 2795 2717 2860 Dominum,
2733 2813 2850 2850 non
2864 2799 2929 2850 ut
2942 2794 3367 2867 Deum,gratias
3381 2797 3605 2870 agendo

1955 2883 2465 2956 gloriﬁcaverunt?
2495 2884 2952 2940 Consideremus
2975 2901 3112 2957 ergo
3143 2884 3286 2952 hac,
3318 2888 3376 2940 et
3405 2885 3475 2940 de
3488 2903 3609 2940 om-

1957 2973 2132 3028 nibus
2164 2972 2462 3028 beneﬁciis
2494 2973 2592 3028 Dei
2625 2990 2855 3046 semper
2886 2973 2970 3029 illi
3001 2973 3222 3045 gratias
3260 2974 3604 3045 referamus,

1954 3062 2222 3134 interque
2253 3062 2452 3118 omnia
2472 3079 2647 3135 opera
2676 3061 2987 3134 ejus,nihil
3009 3066 3098 3118 est
3127 3063 3282 3134 quod
3313 3062 3402 3119 vel
3421 3063 3610 3119 consi-

1957 3150 2470 3218 derarelibentius,
2485 3152 2571 3207 vel
2586 3151 2824 3208 laudare
2835 3151 3067 3207 dulcius
3079 3151 3607 3224 debeamus,quam

1959 3241 2112 3312 quod
2146 3241 2414 3296 Christus
2444 3242 2634 3297 factus
2663 3245 2752 3296 est
2781 3240 3044 3309 humilis,
3079 3243 3136 3295 et
3173 3241 3244 3296 ad
3283 3240 3604 3308 hominem,

1959 3330 2060 3402 qui
2090 3331 2349 3385 cadendo
2377 3331 2447 3384 ad
2484 3330 2604 3385 ima
2632 3331 2892 3401 dejectus
2905 3330 3113 3398 fuerat,
3129 3333 3336 3402 sponte
3367 3330 3608 3386 descen-

1961 3417 2147 3484 dit,ut
2175 3418 2260 3475 vel
2295 3435 2421 3474 sese
2452 3418 2796 3492 erigendum
2830 3419 3089 3474 crederet
3109 3417 3208 3489 qui
3229 3417 3608 3489 jacebat.De-

1961 3505 2138 3579 niquc
2187 3512 2251 3562 ut
2299 3507 2514 3563 levaret
2554 3507 2613 3562 in
2645 3507 2858 3564 coelum
2889 3522 3053 3580 spem
3085 3509 3367 3574 nostram,
3401 3505 3611 3563 levavit

1957 3596 2148 3668 primo
2193 3613 2426 3652 carnem
2475 3601 2758 3664 nostram,
2811 3599 2868 3652 et
2914 3613 3029 3651 non
3079 3595 3486 3652 dubitaremus
3517 3613 3609 3652 se-

1960 3691 2232 3742 cuturum
2266 3689 2421 3758 quod
2453 3686 2724 3759 promisit
2753 3686 2944 3754 nobis,
2967 3685 3106 3742 illuc
3145 3686 3273 3757 jam
3314 3685 3611 3757 praecessit

1959 3778 2112 3848 quod
2149 3777 2370 3848 accepit
2402 3793 2470 3831 ex
2501 3776 2688 3831 nobis.

2032 3867 2116 3920 17.
2141 3867 2364 3935 (Foro,
2390 3866 2642 3937 epist.“
2676 3865 2763 3921 ad
2792 3863 3453 3936 Ferrand.,n.41i.)ldeo
3469 3879 3606 3937 ergo

1957 3954 2247 4026 praecipue
2278 3955 2334 4009 in
2369 3953 2494 4026 ipso
2527 3953 2812 4010 sacrificio
2834 3953 3094 4026 corporis
3115 3952 3326 4008 Christi
3349 3953 3610 4026 agratia-

1957 4061 2089 4098 rum
2123 4043 2349 4100 actione
2382 4042 2720 4115 incipimus,
2753 4047 2819 4097 ut
2848 4043 3146 4098 Christum
3175 4059 3291 4098 non
3323 4042 3606 4111 dandum,

1956 4132 2057 4189 sed
2090 4133 2293 4187 datum
2325 4132 2495 4188 nobis
2520 4132 2579 4186 in
2611 4131 2852 4187 veritate
2874 4135 3273 4187 monstremus
3299 4147 3312 4198 ;
3347 4133 3404 4185 et
3432 4129 3492 4185 in
3543 4147 3609 4185 eo

1955 4221 2111 4292 quod
2143 4221 2362 4294 gratias
2393 4221 2624 4294 agimus
2655 4225 2791 4290 Deo,
2823 4220 2882 4275 in
2943 4219 3234 4275 oblatione
3264 4219 3526 4290 corporis
3553 4222 3611 4274 et

1953 4311 2259 4383 sanguinis
2289 4309 2502 4366 Christi
2534 4325 2957 4382 cognoscamus
2983 4325 3099 4363 non
3121 4307 3314 4364 adhuc
3339 4306 3609 4362 occiden-

1953 4402 2095 4456 dum
2117 4399 2415 4455 Christum
2428 4417 2532 4472 pro
2545 4399 2761 4454 nostris
2773 4395 3311 4470 iniquitatibus,sed
3325 4394 3606 4464 occisum;

1953 4506 2057 4545 nec
2088 4489 2460 4544 redimendos
2492 4505 2598 4543 nos
2628 4487 2726 4543 illo
2761 4485 3070 4559 sanguine,
3106 4486 3208 4541 sed
3239 4485 3596 4557 redemptos.

1950 4578 2100 4634 Vera
2131 4582 2220 4633 est
2249 4578 2404 4632 enim
2436 4576 2586 4632 beati
2617 4576 2768 4632 Petri
2800 4573 3133 4648 praedicatio
3164 4573 3444 4630 dicentis:
3483 4575 3603 4630 Non

207 4665 590 4721 mandaretur.
625 4665 821 4721 Monet
851 4671 1046 4722 autem
1081 4667 1270 4724 adhuc
1301 4672 1642 4729 sacerdoset
1658 4675 1798 4730 dicit
1830 4693 1842 4730 :

1956 4658 2326 4728 eorruptibili
2331 4659 2435 4712 bus
2446 4665 2683 4727 argento
2695 4659 2780 4712 vet
2790 4673 2940 4712 auro
2971 4656 3259 4725 redempti
3274 4655 3410 4711 estis
3429 4655 3500 4711 de
3514 4671 3609 4711 ve-

271 4753 351 4807 16.
382 4756 630 4810 Gratias
657 4770 910 4827 agamus
937 4758 1186 4812 Domino
1214 4762 1332 4813 Deo
1361 4765 1579 4815 nostra.
1605 4766 1688 4831 (α)
1712 4765 1850 4820 Gra-

209 4837 411 4898 tiarum
436 4843 591 4898 actio
619 4843 774 4899 Patri
793 4843 1087 4899 luminum
1111 4862 1387 4918 sempera
1400 4849 1570 4906 nobis
1583 4851 1846 4920 debetur,

209 4942 240 4982 a
263 4945 369 5001 quo
401 4932 532 4987 sine
565 4931 686 4987 ulla
709 4931 1075 4988 dubitatione
1106 4951 1279 4990 omne
1300 4936 1503 4993 datum
1534 4941 1847 5012 optimum,

210 5019 258 5071 et
284 5035 451 5076 omne
485 5020 707 5076 donum
740 5020 1082 5093 qerfectum,
1101 5021 1401 5094 Scriptura
1431 5027 1851 5094 teste,descen-

211 5104 302 5161 dit.
327 5109 510 5165 Nemo
542 5114 631 5165 est
661 5109 819 5165 enim
851 5110 1023 5166 donis
1053 5110 1152 5166 Dei
1194 5110 1421 5177 beatus,
1457 5114 1557 5186 qui
1605 5117 1847 5174 donanti

212 5197 419 5253 exsistit
433 5199 723 5272 ingratus,
743 5198 882 5270 quia
905 5203 962 5254 et
989 5198 1096 5255 hoc
1111 5199 1264 5271 quod
1279 5200 1433 5257 inter
1457 5219 1624 5260 sacra
1641 5211 1850 5278 myste-

214 5281 289 5339 ria
313 5303 410 5342 cor
436 5287 654 5344 habere
687 5303 927 5343 sursum
951 5289 1253 5359 jubemur,
1288 5289 1415 5361 ipso
1447 5293 1762 5364 adjuvante
1791 5297 1847 5352 id

215 5371 481 5445 valemus,
514 5377 672 5449 quod
695 5377 943 5448 jubente
974 5377 1383 5433 admonemur.
1417 5380 1486 5435 Et
1514 5381 1642 5439 ideo
1656 5386 1849 5456 sequi-

219 5463 320 5532 tur,
352 5470 415 5518 ut
443 5466 516 5520 de
547 5465 657 5521 hoc
681 5469 842 5521 tanto
872 5466 1024 5522 bono
1044 5482 1282 5522 sursum
1312 5466 1483 5524 levati
1510 5473 1702 5528 cordis
1736 5491 1850 5530 non

222 5551 371 5608 nobis
396 5554 852 5628 gloriam,quasi
885 5559 1219 5610 nostrarum
1251 5556 1461 5614 virium
1494 5561 1848 5631 tribuamus,

223 5640 312 5694 sed
340 5644 583 5700 Domino
616 5649 731 5701 Deo
763 5647 964 5700 nostro
993 5642 1212 5716 gratias
1245 5661 1509 5717 agamus.
1543 5653 1662 5706 Hoc
1695 5653 1851 5708 enim

1957 4758 2084 4805 stra
2112 4764 2260 4804 vana
2287 4747 2653 4804 conversione
2682 4755 2941 4816 paternze
2973 4745 3336 4810 traditionis;
3357 4745 3457 4800 sed
3484 4759 3613 4814 pre-

1958 4839 2101 4894 tioso
2111 4838 2389 4909 sanguine
2399 4837 2568 4908 quasi
2577 4837 2720 4906 Agni
2731 4835 3093 4891 immaculati
3103 4841 3158 4890 et
3174 4833 3614 4890 incontaminati

1956 4928 2172 4985 Christi
2199 4930 2253 4996 (Ι
2279 4927 2620 4997 Ρθιν.],18).
2659 4925 2811 4980 Bene
2839 4925 3040 4996 itaque
3071 4922 3612 4979 admonentisacer-

1958 5017 2078 5072 doti
2111 5021 2168 5072 et
2195 5016 2410 5072 dicenti
2444 5016 2684 5072 Gratias
2715 5030 2962 5085 agamus
2978 5015 3222 5070 Domino
3253 5017 3372 5069 Deo
3392 5016 3608 5078 nostro,

1959 5107 2272 5178 respondet
2297 5105 2556 5161 Ecclesia
2587 5121 2600 5159 :

2029 5198 2119 5252 48.
2152 5197 2403 5269 Dignum
2433 5200 2489 5250 et
2503 5198 2734 5268 juttum
2764 5198 2869 5249 est.
2893 5191 3039 5256 Quid
3072 5190 3227 5246 enim
3255 5191 3444 5261 potest
3481 5203 3612 5244 esse

1959 5286 2149 5358 magis
2183 5290 2297 5340 Deo
2323 5283 2593 5356 dignum,
2613 5287 2715 5338 aut
2743 5282 2886 5354 quid
2919 5280 2970 5335 ei
2993 5279 3219 5350 justius
3245 5295 3276 5334 a
3308 5277 3477 5334 nobis
3517 5294 3610 5333 rc-

1960 5375 2134 5448 pendi
2169 5377 2379 5446 potest,
2414 5390 2592 5444 quam
2625 5376 2680 5427 et
2709 5375 2882 5425 tantae
2908 5367 3323 5424 misericordia
3365 5366 3484 5431 Dei,
3516 5367 3609 5420 cui

1958 5466 2143 5521 vicem
2176 5465 2388 5519 referre
2420 5479 2534 5517 non
2567 5457 3145 5532 possumus,debitas
3166 5455 3385 5527 gratias
3409 5454 3611 5510 rcdda-

1962 5571 2115 5622 mus,
2151 5553 2455 5607 audientes
2485 5547 2825 5621 Apostolum
2855 5546 3257 5602 exhortantem
3291 5559 3397 5598 nos
3423 5545 3480 5598 et
3520 5543 3611 5598 di-

1961 5650 2186 5702 centem
2224 5659 2234 5699 :
2272 5641 2501 5698 Gratias
2525 5647 2760 5710 agentes
2788 5640 2899 5695 Deo
2940 5646 2994 5693 et
3045 5634 3236 5705 Patri,
3269 5634 3372 5706 qui
3409 5633 3608 5706 dignos

286 5728 361 5799 (α)
389 5731 530 5789 Vide
561 5731 747 5791 sancti
775 5731 1088 5804 Augustini
1119 5748 1452 5792 sermonem
1482 5740 1608 5807 227,
1643 5741 1714 5798 ad
1747 5741 2020 5807 infantes,
2053 5738 2122 5793 de
2153 5728 2566 5791 Sacramentis-
