4082 6428
539 383 613 447 81
1640 385 1873 447 FLORI
1913 385 2235 449 DIACONI
2277 387 2856 452 'LUGDUNENSIS.

539 535 646 578 nos
669 517 810 592 fecit
839 519 898 577 in
924 526 1082 576 sorte
1114 526 1450 577 sanctorum
1478 518 1540 575 in
1572 519 1808 588 lumine,
1837 521 1936 594 qui
1974 521 2192 591 eripuit
2219 523 2276 591 Α
2302 525 2500 590 κχκιὶι,
2548 523 2622 596 2).
2656 523 2726 579 Et
2772 523 2986 579 iterum
3024 537 3038 578 :
3066 521 3131 578 In
3178 521 3336 579 omni
3381 522 3504 580 loco
3544 520 3961 582 dominationis

539 625 644 668 nos
658 612 728 667 de
754 617 1036 680 potestate
1067 611 1459 674 tenebrarum,
1476 618 1531 664 et
1547 610 1842 665 transtulit
1861 611 1920 664 in
1949 627 2193 681 regnum

538 701 676 759 Filii
702 701 1011 757 charilatis
1038 715 1179 766 suae,
1206 702 1267 756 in
1301 717 1411 771 quo
1441 701 1710 755 habemus
1740 701 2193 770 redemptionem

531 807 645 860 per
665 791 1003 862 sanguinem
1019 791 1164 860 ejus,
1179 790 1572 845 remissionem
1594 799 1964 859 peccatorum
1983 792 2133 846 PCol.
2152 810 2189 859 ι,

539 879 964 952 12,13,14.)Sic
995 879 1150 934 enim
1179 878 1377 933 dilexit
1397 879 1549 933 Deus
1572 879 1962 942 mundum,ut
1976 879 2190 935 Filium

536 986 714 1025 suum
746 968 1112 1040 unigenitum
1146 968 1328 1035 daret,
1355 971 1412 1022 et
1441 967 1630 1039 gratia
1662 967 1760 1023 Dei
1794 985 1897 1039 pro
1915 969 2190 1024 omnibus

533 1063 1078 1130 gustaretmortem.
1096 1056 1202 1122 Qui
1216 1072 1351 1128 ergo
1365 1073 1468 1128 per
1480 1056 1632 1111 hanc
1643 1057 1891 1128 gratiam
1904 1057 1985 1112 eri
1991 1058 2190 1129 pimur

535 1147 607 1203 de
638 1150 924 1219 potestate
953 1146 1350 1212 tenebrarum,
1384 1145 1443 1199 id
1475 1149 1565 1200 est
1593 1145 1812 1200 diaboli
1857 1150 1912 1201 et
1943 1146 2185 1219 angelo-

533 1251 666 1292 rum
696 1237 914 1307 ejus,et
929 1234 1417 1289 transferimurin
1442 1249 1685 1306 regnum
1713 1233 2185 1291 Filiidilectionis

532 1325 654 1392 Dei,
671 1329 734 1380 ut
745 1323 1074 1380 efﬁciamur
1084 1339 1272 1396 genus
1286 1322 1754 1395 electum,regale
1769 1324 2181 1393 sacerdotium,

529 1413 888 1470 habentesin
916 1413 1122 1468 eodem
1149 1411 1289 1467 Filio
1311 1428 1414 1484 per
1444 1412 1792 1484 sanguinem
1821 1414 1948 1483 ejus
1962 1415 2186 1469 redem-

531 1503 813 1576 ptionem,
856 1502 1266 1558 remissionem
1317 1504 1722 1573 peccatorum;
1756 1501 1898 1573 quid
1942 1503 2183 1575 dignius

529 1609 700 1666 agere
717 1607 1056 1664 possumus,
1074 1605 1252 1662 quam
1267 1590 1424 1662 quod
1442 1591 1649 1646 beatus
1662 1591 1868 1646 Petrus
1881 1592 2184 1664 apostolus

532 1683 809 1738 admonet
839 1680 1067 1736 dicens:
1095 1684 1159 1735 Et
1183 1681 1428 1734 virtutes
1457 1681 1816 1735 annuntielts
1846 1681 2184 1754 ejus,quide

528 1772 780 1828 tenebris
806 1786 902 1827 vos
930 1771 1147 1826 vocavit
1178 1769 1237 1824 in
1265 1769 1608 1824 admirabile
1639 1770 1832 1825 lumen
1854 1786 2058 1836 suum;
2081 1772 2181 1844 qui

527 1861 842 1934 aliquando
869 1876 982 1916 non
1010 1861 1442 1930 populus,nunc
1469 1868 1664 1934 autem
1683 1860 1929 1928 populus
1950 1862 2180 1933 Dei,qui

527 1932 643 2008 non
672 1951 962 2008 consecuti
978 1932 1628 2016 mbericordiamﬁzuuc
1646 1955 1844 2004 autem
1855 1932 2184 2007 misericbr-

526 2040 628 2096 dia
649 2041 976 2098 consecuti?
1004 2040 1055 2113 (I
1083 2040 1243 2094 Petr.
1264 2055 1324 2106 ιι,
1355 2038 1434 2109 9.)
1459 2038 1618 2093 Hanc
1649 2054 1786 2110 ergo
1818 2038 2086 2095 Ecclesiae
2101 2057 2182 2096 re-

527 2129 905 2204 sponsionem
937 2129 1248 2184 conﬁrmat
1277 2127 1570 2194 sacerdos,
1604 2131 1660 2183 et
1688 2127 1746 2182 in
1770 2127 1953 2184 Deum
1986 2131 2180 2185 mente

526 2235 872 2293 suspensus,
886 2221 1272 2290 cognoscente
1283 2233 1482 2272 secum
1496 2217 1656 2272 omni
1688 2217 1946 2274 Ecclesia
1956 2217 2180 2291 procla-

524 2313 652 2366 mat
679 2313 738 2365 et
764 2307 906 2364 dicit
935 2325 954 2363 :

597 2397 684 2452 19.
709 2400 856 2452 Vere
869 2396 1119 2469 dignum
1133 2401 1187 2450 el
1191 2398 1426 2468 justum
1453 2403 1555 2466 est,
1570 2409 1798 2468 aequum
1812 2404 1868 2451 et
1877 2395 2172 2452 salutare.

523 2485 688 2550 Quod
720 2484 1084 2555 estjustum,
1118 2483 1227 2539 hoc
1267 2487 1356 2539 est
1385 2487 1442 2539 et
1471 2501 1727 2555 aequum,
1758 2485 1858 2539 sed
1905 2484 2170 2556 repetitio

525 2573 837 2641 sermonis,
861 2572 1226 2629 conﬁrmatio
1260 2576 1350 2628 est
1377 2571 1660 2640 veritatis,
1694 2589 1832 2627 nam
1857 2572 2092 2644 justitia
2121 2577 2177 2629 et

523 2663 768 2735 mquitas
799 2678 918 2717 una
949 2678 1040 2717 res
1071 2661 1347 2728 est,sicut
1377 2665 1685 2716 cantamus
1719 2661 1777 2715 in
1809 2661 2087 2734 psalterio
2105 2663 2175 2718 de

524 2752 772 2810 Domino
788 2751 1125 2809 :Judicabit
1155 2751 1354 2806 orbem
1382 2757 1558 2806 terrae
1577 2753 1640 2807 in
1659 2751 1902 2821 justitia
1922 2757 1978 2807 et
1998 2768 2176 2823 popu-

525 2841 614 2898 los
633 2843 697 2898 in
726 2843 1008 2916 (equitate
1036 2839 1217 2913 (Psal.
1247 2857 1375 2908 xcv,
1412 2841 1522 2909 10).
1556 2839 1822 2896 Salutare
1853 2845 2051 2897 autem
2085 2842 2172 2897 di-

519 2931 695 2998 citur,
725 2931 884 3003 quod
913 2935 1002 2986 est
1031 2929 1290 2997 salubre,
1321 2933 1378 2985 et
1407 2929 1559 3000 quod
1588 2928 1842 2985 salutem
1881 2931 2162 2987 conferat.

518 3019 668 3076 Vere
697 3035 833 3093 ergo
865 3023 931 3074 ut
969 3019 1331 3074 incessanter
1359 3017 1576 3090 gratias
1626 3035 1893 3091 agamus,
1926 3019 2170 3092 dignum

519 3114 612 3166 est
631 3108 809 3164 tantis
836 3108 935 3164 Dei
966 3108 1290 3176 beneﬁciis,
1314 3108 1546 3178 justum
1580 3108 1797 3164 nostris
1844 3109 2166 3182 obsequiis,

2301 616 2427 685 ejus
2453 614 2687 670 benedic
2717 614 2918 670 anima
2947 629 3078 668 mea
3107 613 3345 671 Domino
3374 612 3554 686 (Psal.
3587 631 3679 684 cu,
3714 614 3827 684 2'2).

2371 707 2460 760 20.
2510 705 2691 776 (Aea,
2741 706 2929 758 Enar.
2979 720 3018 758 II
3063 704 3128 758 in
3177 702 3322 759 Psal
3371 719 3570 771 mm,
3607 722 3666 771 n,
3702 706 3780 773 4.)
3811 704 3956 768 Quis

2301 797 2391 848 est
2438 809 2574 866 ergo
2625 793 2725 864 qui
2776 791 3065 847 benedicit
3114 795 3171 846 et
3218 793 3438 865 gratias
3471 793 3592 866 agit
3612 793 3861 849 Domino
3893 794 3957 848 in

2301 883 2458 938 omni
2487 889 2769 954 tempore,
2790 880 2902 935 nisi
2935 879 3177 935 humilis
3208 881 3421 936 corde?
3439 881 3632 954 Ipsam
3663 882 3819 938 enim
3844 883 3954 939 hu-

2299 971 2608 1026 militatem
2658 969 2856 1025 docuit
2902 969 3187 1025 Dominus
3230 973 3430 1026 noster
3461 971 3519 1025 in
3551 987 3791 1043 corpore
3821 989 3955 1040 suo,

2300 1061 2440 1133 quia
2463 1077 2597 1115 cum
2622 1060 2998 1115 commendat
3029 1075 3241 1132 corpus
3273 1062 3330 1114 et
3357 1059 3709 1133 sanguinem
3751 1077 3955 1130 suum,

2297 1149 2691 1204 humilitatem
2723 1163 2894 1204 suam
2925 1149 3320 1204 commendat.
3343 1147 3480 1205 Esto
3511 1148 3773 1218 humilis,
3791 1150 3840 1206 si
3861 1151 3956 1207 vis

2296 1238 2637 1295 benedicere
2669 1237 2985 1293 Dominum
3005 1239 3062 1292 in
3088 1237 3248 1292 omni
3277 1239 3954 1311 tempore,semp'er1aus

2289 1329 2424 1399 ejus
2453 1328 2512 1382 in
2546 1344 2644 1383 ore
2665 1331 2788 1395 tuo,
2821 1327 2960 1398 quia
2988 1331 3046 1382 et
3073 1327 3182 1383 Job
3214 1344 3332 1383 non
3372 1331 3604 1383 tantum
3653 1328 3955 1386 benedixit

2292 1415 2629 1483 Dominum,
2663 1417 2898 1488 quando
2929 1415 3312 1471 abundabant
3343 1414 3428 1470 illi
3476 1416 3695 1487 omnia,
3727 1418 3950 1490 quibus

2293 1520 2429 1560 eum
2459 1505 2713 1578 legimus
2743 1504 2983 1560 divitem
3006 1504 3432 1560 fuisse.Ablata
3455 1510 3596 1561 sunt
3616 1508 3949 1564 omniauno

2292 1597 2574 1666 tempore,
2594 1599 2650 1650 et
2679 1593 2942 1666 implevit
2967 1595 3123 1665 quod
3155 1593 3214 1648 in
3246 1594 3355 1650 hoc
3387 1594 3613 1667 psalmo
3649 1597 3948 1668 scriptum

2292 1688 2381 1740 est
2411 1684 2612 1740 dicens
2646 1701 2660 1739 :
2695 1685 2959 1739 Dominus
3004 1683 3169 1749 dedit,
3200 1684 3462 1740 Dominus
3513 1685 3759 1741 abstulit.
3792 1687 3953 1744 Sicut

2292 1775 2525 1829 Domino
2568 1773 2801 1844 placuit,
2853 1775 2931 1828 ita
2968 1776 3178 1844 factum
3227 1781 3324 1828 est.
3368 1773 3508 1830 Post
3550 1792 3570 1829 :
3610 1774 3695 1830 Sit
3741 1791 3950 1832 nomen

2289 1863 2511 1918 Domini
2539 1861 2876 1917 benedictum
2897 1861 3376 1931 (Job.1,2l).Ecce
3406 1862 3581 1919 habet
3608 1864 3949 1937 exemplum

2291 1951 2694 2006 benedicentis
2740 1951 2799 2005 in
2843 1950 3004 2006 omni
3051 1955 3335 2022 tempore.
3369 1951 3494 2007 Non
3528 1951 3782 2010 habebat
3811 1971 3947 2028 quas

2289 2045 2530 2108 teneret,
2566 2041 2666 2096 sed
2698 2040 2954 2095 habebat
2993 2041 3148 2112 quod
3181 2040 3467 2096 laudaret.
3503 2042 3565 2098 In
3616 2043 3789 2101 laude
3841 2047 3944 2102 Dei

2290 2132 2383 2186 sui
2404 2129 2575 2200 quasi
2604 2129 2664 2184 in
2695 2145 2892 2184 rerum
2923 2129 3092 2201 copia
3121 2129 3476 2202 quiescebat.
3510 2137 3664 2188 Deus
3685 2133 3769 2188 illi
3784 2135 3943 2191 sola-

2289 2217 2437 2274 tium
2468 2217 2602 2287 fuit,
2637 2235 2708 2274 ne
2728 2218 3170 2290 possessionum
3201 2219 3438 2275 damnis
3486 2221 3940 2294 periclitaretur.

2288 2307 2566 2380 Nunquid
2612 2308 2770 2363 enim
2803 2308 3058 2380 perdidit
3085 2308 3290 2376 Deum,
3316 2311 3585 2382 quamvis
3614 2313 3943 2384 perdiderit

2288 2398 2443 2469 quod
2465 2397 2705 2453 dederat
2735 2399 2924 2453 Deus?
2953 2398 3090 2454 Plus
3119 2401 3208 2453 est
3239 2399 3397 2455 enim
3428 2395 3642 2456 habere
3669 2416 3807 2458 eum
3834 2404 3942 2476 qui

2285 2487 2406 2554 dat,
2437 2503 2616 2558 quam
2649 2485 2750 2542 illa
2778 2503 2905 2558 quae
2937 2487 3054 2542 dat.
3088 2487 3149 2542 Si
3178 2485 3335 2544 enim
3367 2488 3611 2561 pulchra
3641 2495 3781 2547 sunt
3809 2509 3944 2565 qua:

2285 2575 2404 2645 dat,
2439 2579 2658 2647 quanto
2685 2575 2984 2648 pulchrior
3011 2575 3110 2632 ille
3141 2576 3241 2648 qui
3273 2573 3410 2633 dat?
3439 2577 3500 2634 Si
3531 2596 3745 2653 magna
3776 2587 3940 2653 sunt,

2286 2669 2504 2737 quanto
2554 2666 2743 2736 major
2789 2665 2913 2736 ipse
2961 2665 3243 2738 largitor?
3273 2667 3342 2721 Et
3388 2671 3540 2724 certe
3571 2686 3699 2741 quae
3733 2669 3792 2725 in
3825 2670 3941 2728 hac

2281 2758 2513 2810 terrena
2540 2754 2660 2809 vita
2690 2755 2916 2810 dederit
2938 2755 3232 2824 Deus,aut
3262 2756 3402 2812 dum
3434 2757 3683 2815 vivimus
3713 2777 3820 2816 nos
3839 2761 3942 2818 de-

2286 2847 2511 2912 serunt,
2547 2847 2649 2898 aut
2677 2861 2712 2898 a
2739 2843 2910 2900 nobis
2941 2846 3128 2900 morte
3158 2845 3618 2902 deseruntur.At
3646 2865 3780 2907 vero
3811 2851 3943 2923 ipse

2280 2933 2439 2990 Deus
2469 2937 2686 2989 {eterna
2715 2932 3010 3006 possessio
3042 2951 3275 3007 semper
3321 2951 3579 3008 praesens
3625 2955 3939 3011 nunquam

2282 3021 2498 3078 deserit
2529 3021 3095 3094 possidentem.Sint
3121 3039 3262 3095 ergo
3293 3028 3454 3079 casta
3481 3029 3614 3082 vota
3644 3026 3937 3099 ﬁdelium,

2278 3111 2518 3167 vilescat
2559 3110 2876 3183 temporale
2900 3111 3140 3177 bonum,
3173 3117 3232 3168 et
3259 3112 3454 3169 veniat
3499 3119 3802 3172 aeternum.
3839 3121 3940 3174 In-

519 3213 754 3270 mquum
784 3196 912 3269 ipso
947 3197 1203 3270 pondere
1247 3195 1514 3263 rationis,
1551 3194 1806 3252 salutare
1853 3198 2166 3255 manifesto
2206 3271 2241 3278 Α
2279 3201 2498 3256 haereat
2527 3201 2644 3257 Deo
2677 3199 2875 3256 anima
2903 3199 2999 3272 pia
3025 3200 3085 3254 in
3103 3216 3236 3256 eum
3269 3203 3530 3260 oratione
3551 3212 3941 3278 suspensa,et

518 3287 712 3342 fructu
745 3285 1106 3357 salutis,quo
1128 3287 1185 3340 et
1213 3285 1400 3341 Deum
1432 3283 1741 3341 laudantes
1773 3285 2090 3355 salvantur,
2113 3291 2170 3344 et
2200 3271 2242 3338 Ε
2280 3308 2384 3365 per
2415 3289 2752 3363 spirituales
2781 3271 3087 3363 amplexus
3103 3289 3158 3346 ei
3187 3307 3448 3348 connexa
3469 3271 3939 3354 deside-ret'illud

516 3374 729 3450 ingrati
758 3373 948 3448 ipsius
971 3373 1196 3446 judicio
1229 3374 1634 3445 reprobantur.
1655 3374 1802 3430 Nam
1825 3374 2008 3431 Deum
2031 3377 2169 3433 ﬁde-

513 3464 645 3522 liter
674 3464 984 3521 laudantes
1015 3480 1143 3520 vere
1175 3463 1493 3531 salvantur,
1516 3463 1667 3519 sicut
1695 3463 1754 3518 in
1788 3465 2016 3536 psalmo
2030 3483 2168 3522 can-

2281 3381 2439 3455 quod
2470 3395 2672 3437 secum
2701 3378 2826 3452 ipse
2856 3379 3126 3452 largitur.
3142 3382 3436 3448 Quantum
3467 3388 3558 3439 est
3589 3385 3744 3456 quod
3764 3387 3940 3444 nobis

2279 3469 2575 3526 exhibebit
2606 3469 2780 3534 Deus,
2799 3467 2850 3523 si
2880 3467 3142 3540 seipsum
3177 3470 3346 3526 nobis
3376 3472 3524 3529 nolit
3549 3473 3938 3532 exhibere?8i

512 3557 674 3610 tatur
708 3570 721 3608 :
757 3554 1020 3610 Laudans
1064 3554 1335 3609 invocabo
1383 3554 1683 3610 Dominum
1729 3563 1782 3608 et
1813 3555 1884 3608 ab
1915 3555 2170 3612 inimicis
2278 3575 2413 3631 ergo
2443 3559 2599 3613 bona
2617 3561 2942 3630 suppetunt
2964 3557 3277 3627 saeculi,sit
3297 3560 3708 3617 misericordia
3725 3562 3940 3622 facien-

513 3643 658 3700 meis
685 3645 875 3699 salvus
904 3659 1007 3698 ero
1039 3642 1215 3714 (Psal.
1248 3657 1385 3707 xvn,
1409 3642 1488 3709 4.)
1511 3641 1730 3714 Ingrati
1759 3647 1956 3698 autem
1971 3661 2166 3717 repro-
2279 3648 2366 3703 dae
2398 3646 2672 3703 materies
2705 3663 2718 3701 :
2755 3647 2803 3702 si
2835 3642 3147 3713 defuerint,
3179 3647 3259 3702 sit
3287 3649 3578 3721 patientia
3611 3650 3802 3708 ﬁdelis
3833 3669 3939 3710 oe-

513 3732 748 3798 bantur,
801 3731 954 3787 sicut
1001 3734 1198 3802 aperte
1247 3731 1306 3784 in
1356 3730 1669 3803 Evangelio
1719 3731 1847 3803 ipse
1877 3732 2168 3790 Dominus
2277 3735 2453 3792 casio.
2488 3735 2613 3791 Tali
2647 3734 2804 3790 enim
2836 3735 3138 3791 devotione
3165 3733 3341 3792 etiam
3365 3737 3427 3793 in
3459 3739 3619 3794 omni
3658 3738 3786 3797 loco
3818 3742 3939 3799 Deo

513 3819 788 3887 ostendit,
805 3820 905 3893 qui
917 3837 984 3876 ex
996 3821 1195 3876 decem
1210 3819 1456 3892 leprosis
1469 3821 1518 3891 ej
1529 3837 1598 3876 us
1610 3820 1825 3876 virtute
1843 3823 2162 3892 mundatis,
2275 3823 2478 3899 gratiae
2494 3828 2769 3898 aguntur,
2784 3823 2926 3896 quia
2945 3825 3046 3896 qui
3065 3825 3283 3898 ubique
3303 3830 3393 3882 est
3413 3842 3690 3899 prtesens,
3711 3829 3939 3904 ubique

512 3926 700 3967 unum
733 3911 807 3966 ad
838 3926 902 3966 se
931 3908 1277 3982 suppliciter
1308 3911 1785 3979 revertentem,et
1806 3927 2166 3984 magnavoce
2276 3914 2542 3987 agnoscit
2570 3912 2933 3969 laudatorem
2963 3931 3164 3983 suum,
3195 3915 3373 3970 etiam
3407 3932 3540 3972 cum
3581 3934 3680 3975 ore
3725 3920 3936 3991 quies-

509 3999 729 4072 gratias
779 4003 1068 4072 agentem,
1103 3997 1380 4077 laudavit,
1413 4001 1469 4052 et
1517 3997 1705 4070 gratia
1733 3998 1865 4054 ﬁdei
1899 4000 2160 4072 salvavit,
2275 4008 2460 4071 cente,
2478 4006 2533 4058 et
2552 4006 2782 4058 tacente
2798 4001 3020 4074 lingua,
3038 4007 3257 4059 secreto
3279 4001 3474 4061 cordis
3496 4006 3706 4063 aﬂ‘ectu
3736 4007 3935 4068 ﬁdelis

511 4088 756 4145 dicendo
785 4093 912 4146 Non
931 4097 1016 4144 est
1055 4088 1314 4143 iuventus
1352 4087 1455 4160 qui
1481 4087 1704 4143 rediret
1749 4097 1804 4144 et
1835 4090 2005 4146 daret
2031 4094 2127 4162 glo
2145 4123 2164 4133 -
2274 4094 2327 4150 ei
2357 4090 2880 4157 animabenedicit,
2899 4107 3034 4146 cum
3051 4091 3249 4165 agitin
3273 4092 3505 4149 silentio
3526 4097 3681 4167 quod
3696 4097 3936 4156 canitur

507 4179 662 4235 riam
683 4178 943 4248 ωορτἱεί
972 4177 1063 4233 hic
1087 4176 1444 4248 alienigena;
1469 4180 1525 4232 et
1546 4177 1819 4233 continuo
1851 4178 2166 4237 clementer
2277 4183 2338 4237 in
2372 4179 2602 4254 psalmo
2637 4197 2648 4236 :
2685 4181 2937 4247 Benedic,
2958 4181 3150 4238 animo
3194 4199 3316 4238 mea
3359 4185 3610 4251 Domino,
3650 4192 3703 4242 et
3743 4190 3939 4245 omnia

505 4269 808 4340 adjunxi-t:
837 4272 1046 4338 Surge,
1063 4268 1377 4339 vade,quia
1405 4266 1544 4334 ﬁdes
1566 4275 1667 4320 tua
1697 4276 1750 4322 te
1789 4268 2010 4324 salvum
2024 4271 2163 4340 fecit
2275 4288 2400 4346 quae
2447 4273 2596 4327 intra
2645 4287 2732 4327 me
2758 4278 2886 4326 sunt
2913 4273 3131 4327 nomini
3157 4280 3339 4328 sancto
3369 4273 3488 4345 ejus
3519 4271 3686 4347 (Psal.
3721 4292 3818 4344 cu,
3851 4279 3932 4349 Ι).

503 4358 674 4429 (Luc.
707 4373 848 4425 mi,
881 4359 988 4425 18).
1024 4355 1241 4412 Novem
1269 4359 1467 4412 autem
1499 4353 1778 4427 reliquos,
1813 4355 1948 4412 licet
1975 4358 2160 4413 credi-
2273 4360 2550 4433 Quisquis
2581 4376 2716 4432 ergo
2739 4358 3178 4432 supplicaturus
3212 4365 3270 4416 et
3288 4361 3510 4433 gratias
3533 4367 3773 4420 acturus
3787 4365 3932 4432 Deo,

506 4446 701 4501 derint
731 4462 793 4501 se
823 4462 927 4518 per
957 4462 1092 4501 eum
1122 4461 1294 4517 posse
1325 4444 1872 4516 mundari,quando
1895 4463 2162 4504 unavoce
2271 4451 2467 4507 locum
2517 4453 2789 4505 sanctum
2839 4449 2896 4504 et
2940 4452 3143 4521 aptum
3203 4450 3480 4521 requiris,
3511 4450 3793 4509 interiora
3819 4459 3933 4512 tua

505 4535 910 4591 clam-averunt
939 4534 1381 4592 dicentes:Jesu
1411 4539 1755 4604 prceceptor,
1776 4535 2163 4594 miserereno—
2273 4540 2516 4606 munda,
2544 4542 2602 4594 et
2619 4538 2779 4594 omni
2810 4536 2945 4593 inde
2973 4535 3129 4593 maia
3159 4538 3477 4610 cupiditate
3507 4541 3772 4614 depulsa,
3788 4557 3935 4616 prte-

503 4625 658 4691 stri;
683 4628 878 4679 tamen
932 4623 1072 4705 quia
1119 4627 1294 4678 tantae
1342 4622 1545 4678 virtuti
1577 4624 1893 4680 extiterunt
1919 4626 2152 4698 ingrati,
2191 4641 2236 4710 D
2267 4647 2408 4704 para
2456 4627 2563 4684 tibi
2617 4626 2678 4682 in
2721 4626 2916 4682 cordis
2962 4625 3049 4681 tui
3091 4641 3232 4698 pace
3275 4629 3590 4697 secretum,
3621 4630 3824 4688 volens
3863 4633 3926 4689 in

502 4713 662 4769 velut
692 4712 1210 4780 inﬁdeles,nescire
1239 4712 1342 4768 sed
1375 4712 2156 4778 ostendit,dicendo:Nonne
2268 4719 2482 4792 templo
2513 4732 2697 4772 orare.
2716 4717 2781 4771 In
2811 4719 2871 4771 te
2899 4731 3022 4782 ora,
3050 4718 3108 4770 et
3136 4715 3220 4771 ita
3239 4731 3346 4788 age
3367 4722 3700 4791 semper,ut
3717 4724 3933 4778 tetem-

505 4803 706 4860 decem
733 4803 1160 4868 mundatisunt,
1176 4810 1232 4858 et
1255 4801 1566 4858 novemubi
1585 4805 1756 4858 sunt?
1782 4805 2153 4876 (Matth.xxv,
2267 4810 2434 4883 plum
2467 4806 2568 4863 Dei
2603 4805 2708 4862 sis.
2740 4804 2825 4860 Ibi
2875 4804 3032 4860 enim
3064 4804 3219 4860 Deus
3249 4805 3507 4876 exaudit,
3540 4807 3641 4864 ubi
3672 4807 3927 4867 habitat.

506 4894 624 4960 12.)
649 4891 884 4948 Nescire
908 4895 1103 4947 autem
1135 4889 1236 4945 Dei
1263 4889 1561 4962 reprobari
1591 4895 1680 4947 est
1710 4909 1723 4946 :
1758 4894 1912 4949 unde
1941 4898 1996 4950 et
2027 4896 2157 4968 qui-
2336 4899 2427 4952 21.
2463 4897 2592 4952 Vere
2629 4895 2861 4964 dignum
2888 4901 2940 4949 et
2956 4895 3173 4966 justum
3197 4903 3294 4962 est,
3318 4909 3542 4967 aequum
3588 4905 3640 4953 et
3677 4897 3932 4957 salutare

504 4982 758 5039 busdam
787 4981 1053 5038 dicturus
1085 4984 1173 5037 est
1205 4997 1217 5035 :
1252 4981 1426 5037 Amen
1453 4981 1582 5039 dico
1610 4983 1784 5050 vobis,
1811 4985 2000 5042 nescio
2033 5003 2151 5054 vos,
2266 5001 2365 5044 nos
2394 4984 2498 5042 tibi
2525 4999 2736 5056 semper
2755 4990 2808 5039 et
2834 4983 3038 5054 ubique
3064 4985 3272 5052 gratias
3299 4995 3481 5053 agere.
3516 4985 3836 5061 Subjungit
3852 4990 3930 5046 ad

503 5072 584 5127 Ex
615 5087 730 5143 quo
743 5074 1032 5143 quantum
1056 5069 1279 5125 malum
1309 5068 1386 5126 sit
1397 5069 1717 5143 gratiarum
1732 5072 2022 5130 actionem
2036 5075 2152 5132 Deo

505 5160 762 5217 debitam
785 5159 1097 5233 negligere,
1123 5158 1419 5215 evidenter
1438 5160 1786 5229 ostenditur,
1804 5165 2038 5234 quando
2056 5181 2154 5221 eos

506 5265 654 5322 quos
693 5250 994 5305 credentes
1041 5247 1364 5316 mundavit,
1397 5248 1576 5304 etiam
1629 5251 1946 5308 mundatos
1985 5252 2160 5310 istius

505 5337 688 5411 culpa;
735 5339 942 5394 merito
996 5341 1276 5411 tanquam
1326 5336 1594 5394 infideles
1641 5339 1876 5411 abjecit.
1930 5342 2158 5399 Gratias

505 5432 700 5483 autem
731 5443 902 5501 agere
934 5428 1214 5484 debemus
1250 5444 1484 5500 semper
1514 5429 1571 5482 et
1600 5428 1838 5502 ubique,
1873 5431 1930 5486 id
1961 5436 2052 5488 est
2097 5432 2155 5487 in

505 5517 664 5572 omni
699 5520 957 5590 tempore
987 5522 1046 5573 et
1077 5517 1136 5572 in
1171 5517 1329 5571 omni
1353 5515 1970 5589 loco,utimpleaturin
1989 5522 2156 5578 nobis

505 5605 664 5678 quod
694 5612 1002 5662 cantamus
1027 5606 1088 5662 in
1120 5605 1349 5679 psalmo
1378 5621 1391 5661 :
1426 5606 1752 5663 Benedicam
1777 5610 2071 5666 Dominum
2095 5614 2155 5667 in

505 5695 660 5754 omni
699 5702 950 5768 tempore,
973 5712 1184 5770 semper
1235 5695 1353 5752 laus
1402 5694 1519 5766 ejus
1562 5697 1624 5751 in
1674 5713 1765 5756 ore
1814 5714 1929 5758 meo
1978 5701 2148 5773 (Psal.

2267 5089 2443 5148 quem
2491 5072 2709 5145 dirigat
2756 5069 3079 5128 orationem
3127 5071 3414 5128 dicendo:
3446 5076 3691 5144 Domine,
3741 5085 3931 5134 sancte

2264 5170 2432 5220 Pater
2461 5164 2818 5233 omnipotens,
2836 5168 3042 5217 reterns
3069 5161 3300 5227 Deus,et
3321 5177 3424 5232 per
3443 5175 3618 5234 quem
3647 5165 3921 5222 eamdem

2269 5251 2594 5307 orationem
2625 5248 2839 5322 dirigat
2870 5249 3166 5304 addendo:
3187 5255 3290 5305 Per
3318 5249 3599 5306 Christum
3626 5255 3926 5309 Dominum

2265 5349 2535 5396 nostrum.
2569 5338 2731 5402 Quod
2766 5352 2903 5411 ergo
2925 5338 3086 5406 dicit,
3107 5340 3352 5406 Domine,
3377 5340 3629 5396 refertur
3655 5342 3727 5396 ad
3757 5357 3924 5399 crea-

2267 5434 2412 5486 turae
2441 5427 2888 5500 subjectionem,
2925 5428 2995 5481 de
3020 5443 3136 5499 quo
3169 5431 3235 5483 et‘
3266 5427 3328 5483 in
3377 5428 3606 5501 psalmo
3639 5431 3873 5488 canitur
3907 5449 3922 5488 :

2267 5519 2547 5592 Quoniam
2577 5518 2763 5573 omnia
2791 5518 3031 5571 serviual
3061 5518 3166 5572 tibi
3197 5517 3366 5590 (Psal.
3401 5535 3492 5585 xv,
3525 5519 3601 5591 4).
3634 5517 3704 5575 Et
3729 5519 3868 5576 aiibi
3905 5537 3921 5578 '.

2263 5608 2393 5664 Dixi
2439 5607 2668 5663 Domino
2699 5623 2718 5661 :
2741 5612 2878 5661 Deus
2923 5619 3078 5660 meus
3125 5619 3180 5661 es
3231 5613 3310 5675 tu,
3343 5607 3605 5678 quoniam
3651 5607 3922 5665 bonorum

2265 5712 2508 5756 nieorum
2537 5712 2649 5754 non
2674 5709 2816 5765 eges.
2841 5693 2988 5762 Quid
3013 5696 3110 5750 est
3137 5695 3294 5753 enim
3343 5695 3608 5753 bonorum
3643 5711 3914 5769 meorum,
