4082 6456
153 453 237 519 aa
1310 534 1315 539 ,
1386 457 1491 521 nn
1532 453 2055 525 exrosmouu
2098 454 2381 523 Missas.
3507 458 3588 519 δι

151 584 273 647 nisi
302 601 338 643 ιι
363 587 425 645 te
455 585 773 647 datorum?
792 586 1088 662 quomodo
1116 590 1249 661 eget
1268 585 1466 661 aliquo
1478 586 1694 655 bono,a
1706 603 1821 660 quo
1848 586 1913 656 Α.
1937 589 2176 661 propter
2204 603 2313 643 nos
2341 603 2446 662 per
2472 542 2905 646 humanitatem
2931 586 3262 661 interpellat
3280 605 3388 663 pro
3418 589 3590 648 nobis

153 691 335 733 omne
365 675 603 737 bonum
632 675 843 737 datur?
875 677 1007 739 Ideo
1031 692 1206 739 verus
1252 681 1343 735 est
1384 676 1691 744 Dominus,
1725 676 1826 751 qui

150 781 324 823 servo
349 781 464 826 suo
496 782 619 827 non
650 765 894 842 indiget.
927 766 998 827 Et
1025 782 1143 846 quo
1174 783 1341 825 servo
1371 765 1632 843 indiget?
1662 766 1825 843 Quod

149 870 289 912 vero
331 853 618 928 adjungit
644 862 829 915 sancte
872 856 1059 926 Pater,
1094 856 1343 913 refertur
1370 853 1459 912 vel
1497 854 1830 928 specialiter

154 943 232 1000 ad
263 942 564 1017 unigeniti
594 942 724 1001 Filii
752 944 1281 1017 generationem,in
1302 947 1751 1017 quacoaeternus
1771 945 1830 999 et

153 1031 480 1106 coequalis
510 1032 692 1100 Patri,
725 1033 798 1091 de
818 1050 938 1107 qua
964 1033 1142 1092 etiam
1174 1033 1464 1108 Propheta
1493 1033 1576 1090 ait
1609 1050 1623 1091 :
1654 1037 1825 1091 Gene-

152 1123 438 1181 rationem
484 1123 607 1195 ejus
636 1125 762 1196 quis
790 1122 1118 1180 marrubii?
1146 1123 1275 1197 (lsa.
1304 1141 1477 1192 xxxv,
1509 1124 1564 1196 8)
1594 1122 1683 1180 vel
1728 1139 1827 1196 ge-

153 1210 444 1271 neraliter
472 1212 549 1270 ad
563 1211 832 1270 omnium
844 1211 1100 1271 ﬁliorum
1118 1212 1220 1273 Dei
1248 1211 1642 1286 adoptionem,
1658 1213 1827 1285 cujus

154 1304 327 1363 tanta
355 1304 453 1361 est
482 1300 701 1377 gratia,
731 1304 799 1359 ut
827 1318 962 1359 cum
1011 1301 1253 1361 haberet
1281 1301 1544 1370 unicum,
1576 1300 1831 1359 noluerit

152 1388 323 1448 illam
356 1406 497 1449 esse
528 1407 740 1461 unum,
772 1391 875 1449 sed
908 1395 975 1449 ut
1003 1391 1214 1451 fratres
1241 1391 1503 1461 haberet,
1529 1389 1830 1467 adoptavit

152 1477 291 1536 illos
321 1477 432 1557 qui
462 1495 602 1541 cum
633 1478 734 1538 illo
765 1481 1131 1559 possiderent
1177 1481 1358 1539 vitam
1390 1485 1689 1553 aeternam,
1722 1497 1827 1555 pro

156 1569 385 1643 quibus
418 1568 553 1648 ipse
597 1568 821 1629 eisdem
865 1570 1060 1629 verbis
1105 1569 1262 1629 Patri
1308 1568 1653 1645 supplicans
1695 1570 1824 1626 ait:

152 1660 328 1716 Pater
370 1666 583 1730 sancte,
615 1674 774 1738 serua
818 1674 905 1716 eos
951 1659 1016 1716 in
1064 1660 1289 1718 nomine
1315 1668 1428 1733 tuo,
1463 1675 1593 1738 quos
1629 1658 1830 1716 dedisti

149 1749 306 1804 mihi
331 1749 523 1819 (Joan.
552 1765 694 1817 xvn,
724 1748 834 1821 11).
865 1748 996 1806 Haec
1026 1764 1162 1825 ergo
1190 1765 1321 1818 vox,
1354 1752 1422 1807 ut
1448 1749 1684 1807 dicatur
1713 1753 1828 1807 Deo

150 1839 326 1896 Pater
352 1840 639 1907 sancte,et
656 1837 896 1912 propria
922 1842 1016 1895 est
1044 1838 1202 1917 unici
1237 1838 1364 1895 Filii
1395 1854 1500 1913 per
1529 1841 1826 1915 naturam,

1935 676 2090 753 apud
2122 678 2374 747 Patrem,
2407 694 2513 752 per
2551 675 2919 737 divinitatem
2965 677 3203 739 exaudit
3246 682 3303 739 et
3350 683 3591 752 prastat

1936 782 2071 823 cum
2107 766 2295 834 Patre,
2328 766 2484 825 sicut
2510 765 2637 841 ipse
2664 770 2917 827 testatur
2946 767 3149 829 dicens
3185 783 3199 823 :
3234 767 3376 836 Quia
3402 785 3499 839 ego
3519 769 3589 827 ad

1935 855 2156 913 Patrem
2182 856 2337 923 vado,
2369 864 2421 913 et
2448 856 2807 930 quodcunque
2831 857 3107 929 petieritis
3134 857 3193 915 in
3221 858 3445 919 nomine
3469 873 3589 917 meo

1935 944 2033 1002 hoc
2060 946 2288 1017 faciam,
2320 952 2381 1001 ut
2412 945 2748 1017 clariﬁcetnr
2776 946 2943 1002 Pater
2972 947 3031 1002 in
3080 945 3220 1002 Filio
3262 945 3438 1018 (Joan.
3470 964 3586 1016 xw,

1939 1034 2137 1103 12).De
2172 1049 2291 1107 qua
2320 1033 2675 1091 mediatione
2705 1038 2763 1090 et
2780 1034 3162 1093 advocatione
3182 1033 3358 1093 etiam
3382 1035 3590 1093 beatus

1935 1122 2193 1180 Joannes
2233 1122 2534 1195 apostolus
2581 1121 2666 1180 ait
2694 1142 2714 1179 :
2762 1123 3090 1181 Advocatum
3137 1123 3399 1182 habemus
3445 1123 3592 1197 apud

1934 1216 2159 1269 Patrem
2184 1216 2378 1272 Iesum
2412 1215 2445 1269 (
2459 1213 2696 1269 hristum
2709 1212 3002 1284 justum,et
3030 1214 3147 1286 ipse
3166 1220 3247 1271 est
3275 1214 3594 1291 propitiatio

1936 1317 2041 1376 pro
2062 1304 2302 1374 peccatis
2337 1300 2539 1359 nostris
2568 1303 2621 1372 (Ι
2643 1302 2801 1360 Joan.
2831 1319 2895 1371 ιι,
2924 1305 3002 1372 2),
3034 1301 3176 1374 quia
3198 1301 3304 1373 qui
3347 1318 3452 1377 per
3480 1302 3593 1360 bu-

1937 1390 2284 1448 manitatem
2316 1390 2653 1465 interpellat
2688 1407 2793 1466 pro
2839 1389 3008 1447 nobis
3040 1406 3174 1451 cum
3214 1390 3403 1459 Patre,
3432 1390 3591 1451 idem

1936 1496 2042 1554 per
2071 1478 2438 1539 divinitatem
2469 1479 2826 1555 propitiatur
2868 1479 3040 1538 nobis
3070 1495 3206 1537 cum
3236 1479 3422 1538 Patre.
3455 1479 3595 1537 Orat

1936 1568 2135 1643 itaque
2154 1569 2430 1627 sacerdos
2452 1585 2558 1642 pro
2580 1567 2859 1636 Ecclesia,
2872 1568 3383 1642 oratEcclesiapro
3395 1584 3592 1631 sacer-

1936 1658 2093 1725 dote,
2113 1657 2268 1716 siout
2304 1662 2434 1717 orat
2460 1656 2777 1732 Apostolus
2807 1674 2910 1731 pro
2940 1655 3267 1731 plebe,orat
3294 1656 3459 1730 plebs
3486 1674 3593 1733 pro

1935 1748 2232 1821 Apostolo,
2270 1746 2372 1820 qui
2415 1747 2559 1804 dicit
2591 1765 2604 1803 :
2639 1748 2866 1805 Orontes
2909 1747 3079 1805 simul
3109 1754 3162 1804 et
3180 1763 3283 1820 pro
3323 1748 3505 1815 nobis,
3537 1755 3597 1806 ut

1935 1841 2075 1893 Deus
2124 1838 2340 1911 aperiat
2382 1836 2541 1893 nobis
2588 1837 2792 1895 ostium
2837 1835 2991 1894 verbi
3034 1835 3257 1908 (Coloss.
3293 1853 3366 1903 Iv,
3397 1835 3475 1907 3).
3525 1834 3597 1895 Et

150 1932 213 1984 et
241 1926 589 1987 communis
621 1926 887 1987 omnium
916 1927 1230 2002 adoptione
1258 1928 1514 1985 filiorum
1546 1945 1651 2001 per
1691 1945 1827 2004 gra-
1859 1963 1907 2029 B
1939 1943 2044 1999 pro
2074 1927 2241 1983 Petro
2273 1930 2402 1982 orat
2429 1925 2691 1984 Ecclesia
2716 1942 2857 1983 cum
2888 1929 3044 1985 esset
3075 1924 3135 1983 in
3163 1923 3436 1994 vinculis,
3455 1941 3596 1997 quo-

149 2018 331 2085 tiam,
364 2034 475 2091 per
502 2033 687 2093 quam
718 2016 892 2077 etiam
925 2015 1215 2073 concessit
1248 2021 1311 2073 ut
1341 2020 1574 2073 orantes
1594 2018 1824 2074 dicant:

152 2112 331 2164 Pater
358 2107 700 2178 ποιων..ᾳυί
727 2121 785 2161 es
813 2107 874 2163 in
900 2107 1052 2163 caelis
1084 2105 1294 2175 (Matth.
1325 2108 1425 2176 vn),
1456 2106 1533 2173 9),
1567 2106 1669 2180 qni
1697 2123 1830 2163 vere

152 2197 544 2269 omnipotens
575 2200 631 2252 et
660 2195 1589 2269 aeternusestDeus,omnipotens
1606 2195 1832 2253 scilicet

150 2286 406 2353 virtute,
440 2302 562 2358 qua
593 2284 794 2343 omnia
822 2284 1083 2340 condidit
1110 2289 1169 2340 et
1197 2284 1455 2342 continet
1484 2289 1541 2341 et
1567 2286 1830 2359 regit,ve—

153 2375 380 2435 raciter
410 2373 718 2449 Scriptura
747 2373 1047 2447 dicit,quia
1074 2375 1184 2431 tihi
1210 2375 1542 2447 impossibile
1560 2376 1709 2431 nihil
1729 2383 1826 2433 est.

225 2468 327 2521 22.
361 2464 474 2534 (In.
511 2463 673 2537 ibid.)
707 2462 813 2527 Qui
846 2467 1046 2519 tamen
1074 2463 1127 2519 si
1165 2480 1404 2537 compos
1421 2468 1543 2537 ,est,
1577 2468 1643 2520 ut
1673 2482 1829 2521 nun-

155 2571 347 2629 quam
381 2571 506 2610 sum
546 2551 797 2631 rationis
844 2551 1113 2613 instituta
1145 2552 1447 2610 convellat.
1499 2553 1693 2627 Ipsius
1742 2558 1832 2613 est

153 2644 345 2709 etiam
372 2660 518 2701 vera
544 2641 862 2711 aeternitas,
893 2641 986 2697 cui
1014 2642 1172 2715 quod
1204 2645 1294 2699 est
1321 2658 1450 2701 esse
1479 2645 1829 2717 perpetuum

154 2736 271 2802 est,
309 2732 417 2806 qui
440 2731 611 2788 initio
634 2731 1027 2800 carens,sicut
1045 2730 1275 2788 nullum
1290 2731 1576 2802 finem,ita
1604 2731 1829 2789 nullam

154 2822 376 2899 recipit
406 2819 889 2879 mutabilitatem.
916 2821 1065 2878 Tota
1084 2824 1281 2877 autem
1311 2820 1496 2878 oratio
1527 2825 1583 2877 et
1611 2823 1830 2895 gratia-

154 2930 297 2972 rum
322 2910 694 2987 actio,quam
724 2925 957 2981 semper
985 2912 1042 2966 et
1074 2909 1293 2986 ubique
1322 2910 1829 2987 debemus,dirigi-

155 3006 256 3059 tur
288 3005 354 3059 et
385 2999 633 3059 offertur
661 2998 779 3055 Deo
812 2998 966 3055 Patri
1009 3015 1117 3073 per
1162 2999 1461 3057 Christum
1511 3001 1829 3061 Dominum

153 3094 757 3162 nostrum,tanquam
787 3104 890 3162 per
918 3087 1301 3146 mediatorem
1314 3092 1373 3147 et
1397 3088 1829 3147 conciliatorem

154 3180 260 3237 Dei
292 3184 356 3237 et
387 3176 820 3246 hominum,de
851 3193 964 3255 quo
990 3176 1309 3253 Apostolus
1341 3178 1423 3235 ait
1453 3195 1467 3234 :
1505 3180 1653 3237 Unus
1681 3181 1833 3237 enim

155 3271 325 3343 Deus,
358 3284 515 3327 unus
541 3274 595 3324 et
620 3266 890 3323 mediator
916 3268 1016 3327 Dei
1043 3274 1096 3324 et
1140 3268 1429 3325 hominum
1479 3266 1640 3325 homo
1677 3271 1829 3326 Iesus

1939 2016 2112 2071 modo
2143 2020 2200 2071 et
2230 2015 2434 2071 Petrus
2463 2032 2567 2088 pro
2601 2014 2881 2088 Ecclesia,
2913 2014 3054 2089 quia
3083 2014 3283 2075 omnia
3311 2031 3416 2088 pro
3447 2012 3594 2072 invi-

1937 2121 2064 2161 cem
2097 2105 2363 2161 membra
2391 2106 2581 2160 orant.
2614 2103 2805 2176 Caput
2834 2119 2938 2177 pre
2988 2103 3266 2161 omnibus
3316 2100 3595 2178 interpel-

1937 2195 2040 2263 lat,
2073 2195 2142 2250 de
2183 2211 2298 2266 quo
2347 2193 2631 2267 scriptum
2663 2197 2749 2248 est
2787 2209 2799 2248 :
2837 2194 2943 2262 Qui
2979 2203 3031 2249 et
3075 2201 3153 2249 est
3198 2193 3268 2249 ad
3315 2193 3597 2249 dexteram

1936 2286 2050 2348 Dei,
2083 2285 2182 2355 qui
2202 2285 2369 2339 etiam
2411 2282 2726 2355 interpellat
2762 2298 2865 2354 pro
2913 2282 3071 2339 nobis
3121 2282 3292 2355 (Rom.
3325 2299 3447 2350 vm,
3479 2281 3591 2355 34).

2007 2373 2098 2427 23.
2150 2372 2354 2441 (Gneo.
2407 2370 2511 2427 lib.
2564 2388 2676 2427 χχιι
2731 2371 2949 2440 Moral.,
3011 2388 3071 2427 ιι.
3122 2371 3232 2445 42).
3284 2369 3593 2445 Unigenito

1938 2460 2095 2517 enim
2130 2459 2273 2522 Filio
2304 2477 2408 2534 pro
2440 2458 3064 2533 homineinterpellare
3082 2463 3172 2517 est
3187 2459 3345 2533 apud
3369 2463 3598 2519 (matter.

1939 2568 2084 2607 num
2115 2551 2342 2607 Patrem
2376 2548 2641 2622 seipsum
2673 2548 2977 2605 hominem
2996 2547 3596 2623 demonstrare,eique

1939 2656 2043 2712 pro
2073 2638 2335 2695 humana
2363 2642 2575 2695 natura
2586 2641 2941 2711 rogasse,est
2960 2637 3223 2695 eamdem
3248 2624 3597 2699 naturamiu

1939 2727 2263 2784 divinitatis
2309 2745 2430 2785 sum
2479 2726 2827 2784 celsitudine
2875 2725 3226 2800 suscepisse.
3263 2726 3598 2800 Interpellat

1939 2817 2121 2895 igitur
2151 2834 2256 2893 pro
2286 2817 2459 2873 nobis
2472 2816 2758 2873 Dominus
2771 2833 2887 2875 non
2901 2816 3169 2885 voce,sed
3194 2815 3591 2885 miseratione,

1939 2907 2081 2979 quia
2113 2906 2269 2981 quod
2305 2903 2575 2962 damnari
2620 2905 2681 2962 in
2730 2904 2927 2962 electis
2976 2902 3186 2972 noluit,
3219 2903 3593 2978 suscipiendo

1940 2996 2188 3052 servavit
2219 3012 2232 3053 :
2268 2994 2369 3069 qui
2400 2993 2682 3067 quoniam
2712 2993 2824 3050 hoc
2850 2994 3007 3069 quod
3048 2993 3350 3053 moriendo
3401 2993 3463 3050 in
3501 3011 3592 3055 se-

1939 3083 2142 3158 pulcro
2173 3083 2391 3157 posuit,
2423 3084 2785 3157 resurgendo
2830 3100 3009 3156 super
3037 3082 3279 3158 angelos
3307 3081 3590 3155 elevavit;

1939 3178 2093 3231 recte
2124 3175 2395 3231 sacerdos
2426 3173 2700 3247 adjungit
2731 3176 2788 3229 et
2813 3171 3001 3228 dicit:

2007 3265 2097 3320 24.
2142 3265 2250 3320 Per
2299 3280 2458 3337 quem
2504 3263 2843 3336 majestatem
2899 3270 3053 3318 tuam
3099 3261 3331 3321 laudant
3383 3263 3588 3334 angeli.

160 3335 443 3427 Christus,
499 3355 597 3428 qui
650 3353 800 3415 dedit
852 3354 1203 3430 semetipsum
1255 3354 1679 3431 redemptionem
1727 3371 1830 3429 pro
1859 3335 1902 3403 Ο
1940 3353 2072 3408 Haec
2103 3358 2193 3409 est
2222 3335 2377 3408 enim
2410 3350 2724 3409 inell'abilis
2754 3348 3271 3431 gloriasalvatorls
3299 3355 3357 3408 et
3376 3352 3594 3409 media-

159 3446 426 3507 omnibus
452 3446 505 3519 (Ι
530 3445 664 3500 Tim.
699 3460 759 3513 ιι,
792 3444 872 3514 5),
905 3443 1003 3516 qui
1054 3459 1188 3503 cum
1236 3442 1297 3503 in
1342 3448 1555 3500 natura
1600 3443 1836 3507 deitatis

161 3538 240 3597 sit
270 3552 477 3595 unum
506 3550 644 3593 cum
664 3532 1237 3607 Patre,suscipiendo
1259 3536 1534 3595 naturam
1544 3536 1831 3603 nostram,

161 3612 364 3689 factus
398 3626 495 3683 est
533 3620 706 3683 nobis
747 3620 1035 3681 mediator
1078 3621 1152 3679 ad
1205 3621 1456 3681 Patrem.
1486 3622 1624 3679 Ideo
1672 3623 1832 3681 enim

160 3714 463 3777 mediator
494 3710 601 3770 Dei
630 3715 688 3767 et
717 3710 1049 3781 hominum,
1083 3711 1222 3784 quia
1263 3710 1420 3771 Deus
1474 3729 1608 3769 cum
1641 3712 1829 3783 Patre,

163 3807 307 3878 quia
346 3803 539 3863 homo
588 3816 727 3859 cum
766 3799 1129 3873 hominibus,
1160 3817 1277 3867 non
1326 3800 1614 3859 mediator
1655 3801 1832 3859 homo

160 3898 381 3968 praeter
412 3890 721 3958 deitatem,
746 3906 862 3968 non
894 3890 1183 3951 mediator
1210 3890 1366 3951 Deus
1398 3895 1609 3965 printer
1626 3890 1833 3951 huma-

160 3966 440 4042 nitatem.
476 3966 764 4039 Divinitas
793 3979 922 4037 sine
950 3977 1320 4037 humanitate
1350 3997 1466 4037 non
1498 3983 1588 4037 est
1616 3969 1856 4038 media?

159 4073 294 4143 trix,
360 4068 711 4147 humanitas
766 4067 894 4127 sine
948 4068 1255 4125 divinitate
1301 4073 1563 4126 non-est
1608 4070 1830 4129 media-

159 4162 295 4221 trix.
328 4160 450 4220 Sed
484 4159 645 4216 inter.
666 4155 856 4219 solam
889 4157 1255 4217 divinitatem
1295 4163 1354 4216 et
1401 4158 1830 4218 humanitatem

163 4250 381 4316 solam,
416 4245 732 4306 mediatrix
766 4249 866 4304 est
896 4245 1158 4303 humana
1205 4246 1502 4316 divinitas,
1534 4252 1592 4304 et
1636 4248 1835 4307 divina

162 4338 517 4403 humanitas
547 4335 895 4411 Christi,qui
925 4337 1105 4397 etiam
1135 4336 1518 4410 semetipsum
1549 4337 1832 4396 obtulitin

163 4429 447 4503 passione
466 4443 583 4503 .pro
598 4425 872 4492 -nohis,ut
901 4425 1049 4485 tanti
1071 4425 1284 4499 capitis
1314 4443 1527 4503 corpus
1540 4443 1829 4499 essemus,

166 4518 506 4579 secundum
536 4515 788 4575 formam
816 4514 1159 4575 servillanc
1191 4514 1349 4572 enim
1380 4515 1614 4585 obtulit,
1631 4516 1689 4572 in
1720 4517 1832 4575 hac

168 4608 408 4673 oblatus
439 4608 550 4683 est,
584 4603 726 4683 quia
749 4603 1078 4662 secundum
1105 4603 1260 4660 hanc
1288 4603 1578 4663 mediator
1624 4609 1732 4663 est.
1766 4606 1830 4665 In

1941 3440 2087 3498 toris
2141 3441 2348 3508 nostri,
2402 3440 2526 3514 qui,
2579 3443 2646 3497 ut
2697 3438 3013 3513 Apostolus
3061 3438 3162 3508 ait,
3208 3442 3596 3514 purgationem

1898 3542 1905 3551 ‘
1936 3538 2281 3603 peccatorum
2307 3530 2537 3604 faciens,
2563 3527 2708 3587 sedet
2748 3526 2821 3584 ad
2865 3526 3145 3585 dexteram
3188 3529 3492 3602 majestatis
3533 3522 3623 3587 in‘

1940 3620 2188 3689 excelsis,
2222 3625 2370 3675 tanto
2407 3618 2606 3675 melior
2648 3618 2859 3690 angelis
2900 3617 3138 3690 e/Teetus,
3188 3625 3388 3693 quanto
3434 3617 3593 3692 diffe-

1940 3712 2150 3768 rentias
2174 3723 2299 3782 prae
2326 3708 2444 3764 illis
2472 3723 2669 3764 nomen
2698 3706 3045 3766 hareditavit
3075 3706 3224 3779 (Heb.
3257 3724 3297 3775 ι,
3329 3706 3596 3780 3).Cujus

1941 3799 2197 3856 nominis
2230 3796 2604 3853 altitudinem
2635 3795 2774 3852 alibi
2818 3812 3113 3869 exponens
3144 3795 3289 3852 dicit
3321 3813 3334 3853 :
3370 3798 3596 3871 Propter

1941 3888 2078 3961 quod
2105 3896 2157 3944 et
2185 3889 2326 3944 Deus
2357 3887 2518 3943 illum
2566 3886 2851 3954 exultavit,
2885 3892 2938 3941 et
2983 3885 3209 3942 donavit
3256 3885 3350 3942 illi
3392 3902 3591 3944 nomen

1942 3977 2081 4052 quod
2110 3984 2186 4034 est
2210 3992 2376 4053 super
2402 3991 2559 4032 omne
2588 3990 2805 4039 nomen,
2840 3981 2900 4030 ut
2928 3977 2991 4030 in
3020 3975 3243 4030 nomine
3271 3976 3396 4031 Iesu
3436 3991 3596 4035 omne

1938 4084 2082 4141 genu
2106 4068 2376 4138 ﬂectatur,
2409 4065 2725 4131 caelestium,
2757 4064 3120 4132 terrestrium,
3153 4070 3202 4121 et
3248 4065 3597 4135 infernarum

1940 4157 2113 4226 (Phil.
2160 4173 2222 4225 ιι,
2262 4155 2343 4224 9),
2389 4157 2680 4227 quatenus
2734 4169 2838 4225 per
2885 4152 3158 4209 eumdem
3211 4153 3593 4215 mediatorem
3638 4196 3651 4214 .

1940 4245 2161 4319 laudet,
2194 4245 2393 4300 adoret
2423 4246 2481 4299 et
2511 4241 2924 4299 contremiscat
2954 4243 3321 4316 majestatem
3353 4241 3453 4298 Dei
3485 4243 3593 4300 Pa-

1938 4334 2048 4391 tris
2096 4351 2213 4391 non
2263 4331 2457 4389 solum
2509 4330 2769 4389 Ecclesia
2816 4329 3125 4387 hominum
3157 4331 3217 4386 in
3265 4329 3459 4401 terris,
3487 4331 3591 4389 sed

1941 4423 2117 4481 etiam
2150 4421 2407 4479 Ecclesia
2436 4419 2780 4493 angelorum
2812 4418 2872 4474 in
2904 4418 3086 4475 caelis.
3453 4480 3458 4486 _

2009 4513 2109 4567 25.
2133 4511 2326 4583 (Aua.,
2351 4525 2515 4565 serm.
2549 4524 2742 4576 cccxn,
2772 4525 2830 4563 n.
2866 4507 2976 4582 11).
3009 4508 3108 4566 Sic
3137 4508 3296 4569 enim
3339 4502 3595 4569 Ecclesia

1938 4604 2062 4658 tota
2091 4603 2147 4657 et
2177 4616 2297 4659 una
2322 4596 2661 4672 accipienda
2691 4600 2800 4667 est,
2834 4614 2951 4655 non
2983 4597 3176 4659 solum
3220 4615 3289 4656 ex
3331 4612 3402 4657 ea
3429 4603 3595 4673 parte

166 4697 275 4757 hac
302 4695 610 4773 sacerdos,
640 4694 701 4753 in
727 4692 841 4774 hac
872 4692 1247 4753 sacriﬁcium.
1268 4693 1374 4751 Per
1399 4692 1601 4769 ipsum
1619 4711 1755 4770 ergo
1777 4699 1835 4754 et
1861 4714 1910 4778 D
1941 4707 2059 4763 qua
2087 4686 2493 4778 peregrinatur
2522 4686 2584 4743 in
2613 4685 2787 4778 terris
2817 4703 2862 4778 a_
2881 4684 3021 4778 solis
3052 4691 3184 4747 ortu
3207 4705 3399 4778 usque
3412 4690 3483 4748 ad
3502 4706 3595 4747 oc-

169 4787 489 4859 patitiones
517 4787 574 4847 et
594 4782 810 4847 laudes
838 4799 979 4845 suas
1019 4783 1185 4841 offert
1214 4781 1473 4843 Ecclesia
1499 4783 1617 4840 Deo
1650 4784 1826 4854 Patri,

169 4875 364 4937 sciens
395 4890 502 4953 per
528 4889 666 4931 cum
709 4870 901 4933 solum
936 4887 1015 4931 .se
1045 4887 1216 4949 posse
1247 4870 1508 4946 accipere
1537 4873 1693 4947 quod
1715 4872 1827 4945 ’po-

171 4966 376 5035 stulat,
426 4981 533 5042 per
575 4980 715 5041 eum
758 4961 957 5025 solum
1004 4960 1236 5034 placere
1282 4978 1457 5039 posse
1504 4964 1660 5036 quod
1701 4961 1828 5021 lau-

171 5054 284 5129 dat,
314 5054 481 5115 sicut
524 5053 585 5115 in
632 5050 947 5129 Evangelia
993 5050 1286 5126 promittit
1333 5051 1585 5110 dicens:
1632 5054 1824 5121 Amen,

174 5161 331 5204 amen
374 5144 496 5201 dico
542 5143 722 5212 vobis,
750 5142 805 5200 si
844 5140 983 5215 quid
1020 5141 1297 5217 petieritis
1348 5143 1573 5198 Patrem
1618 5144 1677 5198 in
1725 5159 1825 5201 no-

172 5236 317 5295 mine
375 5248 516 5305 meo,
560 5230 723 5293 dabit
773 5231 924 5297 vobis
978 5231 1160 5301 (Joan.
1218 5246 1333 5301 xvx,
1384 5230 1497 5305 23).
1550 5231 1682 5291 Haec
1738 5235 1830 5289 est

174 5323 328 5385 enim
363 5321 742 5383 mediationis
768 5320 964 5395 gratia
1009 5336 1114 5397 per
1153 5336 1332 5393 quam
1364 5320 1674 5381 exauditur
1723 5323 1831 5379 Ec-

177 5411 375 5482 clesia,
429 5412 763 5475 secundum
828 5427 1008 5485 quam
1062 5412 1122 5469 et
1190 5409 1505 5487 Apostolus
1562 5410 1829 5470 exhorta-

177 5503 271 5575 tur
337 5502 588 5577 dicens:
654 5507 767 5558 Per
819 5501 1001 5575 ipsam
1063 5515 1187 5574 ergo
1244 5499 1536 5573 offeramus
1595 5500 1832 5558 hostiam

180 5589 359 5648 laudis
408 5608 622 5665 semper
670 5597 775 5649 Deo
805 5590 988 5663 (Hebr.
1018 5605 1145 5657 xm,
1178 5589 1290 5658 15),
1325 5588 1383 5644 id
1431 5592 1522 5645 est
1568 5589 1829 5648 fructum

180 5675 469 5745 lahiorum
501 5678 908 5747 confitentium
939 5675 1163 5737 nomini
1203 5676 1353 5750 eius.
1383 5677 1543 5737 Idem
1574 5696 1830 5755 namque

182 5771 466 5839 mediator
493 5772 686 5847 Deiot
704 5769 1024 5832 hominum
1073 5769 1230 5833 Deus
1272 5785 1452 5848 super
1495 5787 1603 5831 nos
1650 5771 1828 5833 homo

1939 4796 2142 4837 casum
2174 4777 2425 4835 laudans
2454 4792 2668 4833 nomen
2697 4774 3016 4845 Domini,et
3042 4780 3175 4849 post
3196 4777 3593 4850 captivitatem

1935 4867 2245 4935 vetustatis
2277 4871 2522 4925 cantans
2556 4865 2852 4922 canticum
2875 4882 3322 4938 novum;verum
3336 4858 3512 4924 etiam
3525 4885 3594 4927 ex

1935 4957 2041 5014 illa
2069 4975 2197 5031 quas
2228 4955 2288 5012 in
2319 4955 2481 5012 caelis
2513 4969 2746 5027 semper
2776 4971 2845 5011 ex
2875 4972 2990 5028 quo
3004 4955 3341 5014 conditaest
3355 4955 3595 5015 cohaesit

1937 5048 2185 5117 Deo,nec
2217 5044 2407 5102 ullum
2438 5043 2661 5101 malum
2684 5045 2775 5103 sui
2807 5061 2980 5101 casus
3002 5049 3238 5118 experta
3254 5046 3502 5102 est.Haec
3529 5044 3591 5107 in

1937 5136 2158 5194 sanctis
2189 5133 2414 5208 angelis
2443 5134 2614 5191 beata
2643 5133 2990 5208 persistit,et
3018 5152 3138 5191 suae
3169 5134 3320 5208 parti
3343 5133 3595 5209 peregri-

1937 5225 2101 5283 nanti
2132 5224 2288 5285 sicut
2304 5226 2533 5296 oportet
2549 5221 3079 5296 opitulantur,quia
3091 5226 3341 5296 utraque
3351 5239 3470 5280 una
3481 5222 3594 5280 erit

1941 5314 2231 5393 consortio
2262 5312 2689 5383 aeternitatis,et
2718 5330 2876 5369 nunc
2895 5328 3030 5369 vera
3059 5314 3149 5368 est
3161 5311 3395 5369 vinculo
3408 5311 3594 5370 chari-

1938 5405 2234 5469 tatis.Haec
2264 5419 2400 5478 ergo
2433 5419 2561 5475 quae
2592 5401 2996 5476 peregrinatur
3013 5400 3074 5459 in
3104 5400 3591 5475 terris,sanguine

1940 5492 2277 5555 Mediatoris
2308 5491 2534 5549 nullam
2565 5489 2838 5548 habentis
2868 5491 3281 5564 peccatum,ah
3310 5491 3473 5548 omni
3502 5496 3593 5551 est

1939 5587 2176 5660 peccato
2202 5580 2741 5654 redcmpta,...ejus
2775 5597 2893 5637 non
2926 5582 3105 5638 est.Si
3125 5582 3267 5639 Deus
3290 5596 3392 5653 pro
3410 5581 3591 5653 nobis,

1939 5677 2061 5749 quis
2090 5680 2282 5730 contra
2310 5686 2409 5728 nos
2429 5672 2455 5724 .9
2484 5669 2582 5741 qui
2605 5669 2755 5726 Filio
2784 5672 3013 5744 proprio
3057 5686 3171 5729 non
3210 5673 3469 5746 pepercit,
3501 5672 3593 5730 sed

1931 5783 2034 5845 pro
2064 5763 2221 5825 nobis
2249 5758 2505 5823 omnibus
2537 5758 2771 5820 tradidit
2796 5761 2961 5821 illum
2990 5759 3163 5840 (Rom.
3185 5777 3311 5835 vm,
3327 5761 3439 5843 32).
3463 5761 3592 5825 Non
