4082 6456
216 427 299 484 41

1440 430 1543 489 DE
1588 428 2114 492 EXPOSlTIUNE
2158 430 2444 492 MISSJE.

3437 0 3800 8 »ἐκ

216 565 275 613 et
307 558 603 615 mirabilia
624 559 744 631 ejus
766 560 904 630 ﬁliis
929 559 1214 619 hominum
1235 561 1404 633 (I’sal.
1428 532 1539 628 cn,
1562 563 1639 630 8).
1664 562 1731 617 Et
1755 579 1892 633 qua—
1923 564 1975 631 Α
2006 578 2259 635 namque
2294 562 2504 620 militia
2525 568 2798 621 nascente
2824 566 2978 639 Rege
3001 571 3200 624 nostro
3223 567 3510 641 scriptum
3533 575 3656 629 est:

216 647 343 703 lem
362 647 651 704 Dominus
663 648 965 721 Jesus,qui
985 648 1211 705 nullum
1232 649 1469 706 omnino
1493 650 1744 706 habebat
1766 669 1892 723 pec-

220 740 452 804 catum,
478 737 539 792 in
572 737 883 811 Evangelio
916 739 1032 795 Deo
1064 738 1218 794 Patri
1249 739 1416 795 offert
1444 739 1679 796 dicens:
1709 741 1894 810 Conﬁ-

218 834 345 883 teor
374 828 501 895 tibi,
525 828 711 897 Pater,
736 828 962 886 Domine
982 829 1106 883 cwli
1132 836 1182 883 et
1211 836 1394 896 terra},
1419 830 1546 900 quia
1568 829 1896 885 abscondisti

216 916 348 974 haec
374 934 410 971 α
439 917 784 989 sapientibus
813 924 866 972 et
894 919 1146 973 revelasti
1186 934 1251 973 ea
1290 919 1539 989 parvulis
1570 917 1778 991 (Matth.
1812 936 1890 986 κε,

212 1005 338 1077 23).
370 1004 501 1060 Una
529 1004 712 1078 igitur
751 1004 1134 1073 confessione,
1160 1004 1216 1061 id
1249 1010 1337 1060 est
1385 1004 1555 1061 laude
1588 1009 1644 1060 et
1673 1004 1889 1077 gratia-

212 1112 356 1150 rum
390 1092 645 1161 actione,
671 1095 800 1165 jam
834 1111 988 1150 nunc
1013 1111 1145 1150 cum
1180 1094 1402 1167 a:gelis
1426 1095 1745 1164 sociantur,
1772 1094 1891 1149 lau-

212 1183 434 1239 dantes
464 1183 536 1240 de
570 1182 903 1240 coelestibus
942 1187 1000 1239 et
1047 1183 1424 1239 terrestribus
1469 1188 1754 1257 tanquam
1788 1184 1886 1256 qui

212 1274 360 1329 fecit
393 1272 610 1330 coelum
645 1277 703 1328 et
732 1276 946 1329 terram
979 1272 1259 1329 dicentes.

285 1365 383 1420 37.
418 1364 673 1431 Sanctus,
723 1371 963 1432 sanctus,
1011 1370 1253 1432 sanctus,
1305 1363 1569 1419 Dominus
1617 1364 1755 1419 Deus
1801 1380 1887 1419 sa-

212 1454 407 1521 baoth,
436 1455 597 1527 pleni
622 1460 752 1508 sunt
781 1453 905 1508 cwli
932 1460 984 1507 et
1006 1461 1170 1508 terra.
1198 1454 1324 1507 Ista:
1349 1458 1489 1508 sunt
1518 1469 1685 1509 voces
1716 1469 1886 1525 auge-

208 1542 418 1599 lorum
437 1542 812 1599 laudantium
828 1541 1060 1597 incoelis
1078 1541 1233 1597 hunc
1252 1541 1535 1615 hymnum
1549 1541 1745 1614 gloriae
1758 1542 1881 1598 Dei.

208 1634 280 1689 Et
315 1631 511 1689 Isaias
542 1631 826 1705 propheta
855 1649 917 1688 se
947 1630 1183 1687 audisse
1214 1631 1735 1703 testatur,quando
1765 1631 1885 1704 glo-

203 1722 367 1778 riam
392 1721 501 1777 Dei
521 1720 686 1788 vidit,
702 1725 759 1777 et
780 1720 1077 1793 seraphim
1099 1720 1229 1776 istis
1250 1719 1490 1775 vocibus
1511 1737 1645 1774 eum
1670 1718 1883 1776 collau-

203 1810 425 1868 dantia
455 1810 701 1867 audivit.
726 1811 797 1866 Et
818 1810 1024 1866 beatus
1044 1811 1298 1865 Joannes
1324 1809 1384 1864 in
1409 1808 1747 1882 Apocalypsi
1770 1810 1881 1865 sub

2004 654 2193 707 Subito
2221 655 2368 724 facta
2396 662 2477 709 est
2503 671 2625 710 cum
2647 655 2841 725 angelo
2870 656 3161 713 multitudo
3188 659 3410 715 militite
3432 661 3661 723 caelestis

2006 741 2162 823 (Luc.
2192 759 2269 810 ιιι,
2304 744 2415 813 13).

2075 831 2165 885 40.
2198 831 2435 904 (ΑΜΒΚ.)
2455 831 2603 895 Quid
2635 833 2747 889 sibi
2773 850 2910 907 ergo
2929 833 3056 890 vult
3086 834 3145 889 in
3178 835 3285 893 hoc
3315 835 3534 909 hymno
3565 854 3669 902 an-

2000 917 2188 990 gelico
2224 920 2334 976 sub
2366 937 2480 975 uno
2528 921 2766 977 nomine
2797 923 3126 980 sanctitatis
3154 925 3309 983 trina
3356 926 3667 998 repetitio?

2002 1006 2060 1061 Si
2095 1007 2252 1062 trina
2283 1008 2569 1080 repetitio,
2595 1027 2700 1066 cur
2728 1029 2848 1068 una
2891 1011 3200 1069 laudatio?
3229 1015 3285 1071 si
3314 1032 3434 1073 una
3460 1014 3666 1077 lauda-

1999 1095 2100 1162 tio,
2124 1114 2229 1151 cur
2258 1097 2414 1153 trina
2459 1098 2743 1170 repetitio,
2773 1098 2890 1154 nisi
2922 1100 3059 1173 quia
3103 1101 3273 1158 Pater
3300 1108 3361 1159 et
3389 1102 3573 1161 Filius
3603 1108 3662 1163 et

1999 1184 2254 1258 Spiritus
2287 1191 2526 1242 sanctus
2573 1190 2880 1244 sanctitate
2908 1206 3096 1245 unum
3128 1191 3306 1248 sunt?
3344 1193 3469 1249 Non
3512 1193 3659 1255 dixit

1997 1274 2198 1340 semel,
2222 1291 2293 1330 ne
2318 1274 2529 1331 Filium
2551 1281 2971 1348 sequestraret;
2995 1295 3110 1334 non
3138 1279 3248 1347 bis,
3273 1296 3346 1336 ne
3367 1280 3653 1353 Spiritum

1995 1368 2265 1420 sanctum
2289 1365 2638 1437 praeteriret;
2664 1384 2778 1421 non
2814 1371 3039 1440 quater,
3064 1385 3136 1425 ne
3159 1373 3484 1431 creaturam
3509 1389 3654 1431 oon-

1986 1454 2294 1526 jungeret;
2321 1459 2375 1509 et
2407 1460 2473 1510 ut
2493 1457 2827 1512 ostenderet
2853 1474 3030 1513 unam
3053 1476 3180 1515 esse
3201 1459 3652 1528 Deitatem,cum

1994 1543 2166 1599 tertio
2197 1543 2461 1610 dixisset,
2485 1554 2726 1614 sanctus,
2749 1554 2990 1616 sanctus,
3013 1557 3257 1614 sanctus,
3279 1549 3505 1609 addidit
3529 1550 3653 1610 sin-

1992 1630 2278 1704 gulariter
2318 1635 2589 1691 Dominus
2640 1637 2883 1692 sabaoth.
2918 1636 3167 1694 Sanctus
3227 1636 3404 1710 igitur
3460 1639 3649 1710 Pater,

1993 1724 2231 1776 sanctus
2264 1721 2466 1786 Filius,
2492 1736 2732 1781 sanctus
2764 1727 2821 1779 et
2850 1724 2952 1779 Dei
2986 1725 3260 1797 Spiritus,
3294 1730 3418 1787 tota
3446 1727 3652 1789 videli-

1991 1814 2081 1864 cet
2112 1809 2368 1866 Trinitas
2399 1812 2678 1868 adoratur
2707 1818 2763 1868 et
2797 1813 3073 1870 laudatur
3107 1816 3180 1871 ab
3219 1814 3465 1888 angelis.
3490 1817 3652 1877 Hanc

205 1902 412 2003 figura
443 1904 700 2009 quatuor
729 1899 1074 2009 animalium
1096 1899 1698 2009 introdqcit..1:egi't~ur
1716 1916 1881 2009 pam-
1913 1943 1960 2009 Β
1993 1899 2287 2009 Βενιθρξὶὶω
2310 1899 2638 2009 glprilicant
2654 1906 2710 1957 et
2726 1919 2932 2009 omnes
2951 1908 3274 2009 potestates
3286 1904 3650 1979 virtutesque

202 2008 326 2064 que
359 1992 422 2047 in
450 1991 604 2047 Isaia
624 1990 695 2045 de
725 1989 1018 2062 seraphim
1044 1988 1427 2045 laudantibus
1447 1987 1529 2043 ita
1555 2004 1567 2042 :
1590 1988 1656 2043 Et
1679 1989 1882 2044 clama-

206 2083 349 2137 bant
379 2080 530 2137 alter
557 2079 629 2135 ad
658 2080 913 2148 alterum,
946 2086 996 2133 et
1024 2078 1276 2134 dicebant
1307 2094 1319 2132 :
1354 2076 1604 2143 Sanctus,
1634 2086 1876 2146 sanctus,

196 2177 458 2237 sanctus,
490 2169 757 2225 Dominus
782 2168 920 2224 Deus
949 2166 1194 2233 sabaoth,
1215 2165 1387 2238 plena
1417 2174 1495 2222 est
1525 2168 1702 2223 omnis
1731 2174 1879 2222 terra

193 2259 388 2331 gloria
437 2258 559 2329 ejus
590 2254 718 2330 (Isa.
750 2274 827 2324 v1,
858 2257 934 2325 3).
958 2255 1020 2311 In
1057 2253 1401 2329 Apocalypsi
1434 2272 1566 2311 vero
1615 2255 1685 2310 de
1733 2271 1876 2327 qua-

196 2354 342 2404 tuor
372 2347 743 2403 animalibus
774 2346 855 2403 sic
898 2344 1115 2418 legitur
1145 2361 1158 2399 :
1191 2345 1256 2400 Et
1285 2346 1529 2416 requiem
1577 2361 1683 2401 non
1714 2345 1876 2401 habe-

197 2438 358 2505 bant,
394 2437 488 2492 die
535 2452 601 2492 ac
645 2443 799 2492 nocte
838 2434 1074 2491 dicentia
1107 2453 1125 2488 :
1156 2433 1407 2502 Sanctus,
1457 2442 1695 2501 sanctus,
1744 2450 1875 2489 san-

193 2536 318 2583 ctus
352 2528 629 2582 Dominus
657 2526 798 2581 Deus
827 2526 1186 2596 omnipotens,
1210 2525 1310 2594 qui
1331 2531 1428 2590 est,
1453 2531 1503 2579 et
1534 2525 1630 2596 qui
1657 2531 1792 2589 erat,
1827 2530 1877 2579 et

196 2619 299 2688 qui
332 2624 607 2671 venturus
644 2622 725 2670 est
768 2615 949 2686 (Apoc.
976 2631 1051 2681 Iv,
1072 2616 1149 2681 8).
1175 2612 1552 2669 Manifestum
1604 2617 1691 2667 est
1740 2629 1875 2686 ergo

196 2706 366 2778 quod
392 2705 456 2760 in
479 2704 572 2760 his
590 2704 783 2760 verbis
800 2702 1004 2758 divinae
1027 2701 1375 2774 1audis,quze
1393 2702 1463 2756 ad
1486 2701 1872 2757 imitationem

194 2811 610 2868 supernarum
635 2792 919 2849 virtutum
944 2794 1115 2864 juxta
1142 2791 1351 2847 Isaiam
1381 2792 1651 2847 decantat
1682 2790 1872 2846 Eccle-

195 2885 311 2951 sia,
340 2901 505 2940 unus
536 2899 730 2938 sermo
762 2882 832 2937 de
861 2880 1204 2954 Apocalypsi
1239 2880 1477 2937 additus
1507 2881 1622 2937 sit:
1646 2898 1784 2936 nam
1812 2880 1872 2936 in

197 2973 358 3030 Isaia
387 2976 625 3029 tantum
646 2972 912 3028 Dominus
931 2971 1156 3026 sabaot’t
1184 2969 1424 3041 legitur;
1448 2970 1507 3024 in
1530 2968 1873 3043 Apocalypsi

193 3080 337 3120 vero
356 3064 635 3119 Dominus
663 3063 807 3119 Deus
837 3062 1195 3131 omnipotens,
1223 3064 1279 3114 et
1306 3059 1435 3115 ideo
1468 3075 1581 3116 non
1613 3059 1872 3115 humano

196 3151 475 3219 arbitrio,
492 3151 595 3208 sed
619 3150 926 3221 utriusque
945 3149 1256 3220 Scriptura
1276 3148 1618 3204 auctoritate
1636 3149 1875 3221 conjun-

194 3248 292 3300 cta
313 3241 582 3298 dicimus
607 3257 620 3295 :
645 3241 912 3296 Dominus
944 3240 1081 3294 Deus
1107 3240 1348 3294 sabaoth.
1378 3238 1523 3293 Item
1543 3237 1603 3292 in
1627 3238 1779 3293 Isaia
1800 3237 1875 3293 le-

1992 1987 2279 2045 coelestes.
2301 1989 2651 2063 Adjungunt
2670 1995 2866 2047 autem
2897 1991 3035 2048 huic
3056 1992 3275 2066 hymno
3296 1994 3647 2068 angelorum

1990 2082 2227 2150 sumpta
2255 2094 2323 2133 ex
2352 2079 2663 2151 Evangelio
2694 2080 2869 2136 verba
2916 2082 3224 2147 turbarum
3272 2082 3644 2145 laudantium

1988 2165 2171 2221 Deum
2205 2170 2259 2221 et
2290 2184 2485 2239 regem
2511 2173 2777 2225 nostrum
2800 2168 3125 2227 venientem
3158 2171 3642 2247 Hierosolymam,

1988 2257 2161 2326 atque
2191 2255 2513 2311 dicentium
2547 2273 2561 2312 :

2058 2345 2145 2399 41.
2178 2346 2435 2401 llosanna
2484 2348 2545 2401 in
2592 2347 2840 2413 excelsis,
2885 2349 3190 2406 benedictus
3241 2353 3339 2422 qui
3382 2353 3530 2409 venit
3581 2353 3644 2409 in

1987 2435 2206 2490 nomine
2254 2436 2495 2501 Domini,
2526 2435 2773 2493 hosanna
2828 2438 2888 2493 in
2934 2440 3183 2495 ercelsis.
3219 2439 3304 2496 Ita
3358 2439 3517 2498 enim
3574 2456 3645 2500 ex

1987 2522 2287 2595 Scriptura
2321 2524 2658 2597 prophetica
2687 2531 2744 2580 et
2773 2526 3107 2599 evangeliea
3127 2528 3453 2602 completur
3473 2529 3647 2602 pleno.

1985 2611 2412 2679 laudatio,cum
2446 2619 2577 2685 post
2605 2614 2837 2670 laudem
2861 2622 2917 2670 et
2945 2616 3195 2689 gloriam
3219 2622 3434 2674 sanctae
3455 2618 3642 2675 Trini-

1988 2700 2124 2755 tatis
2155 2702 2500 2774 adjungitur
2531 2703 2705 2758 etiam
2752 2705 3078 2775 gratiarum
3111 2706 3262 2761 actio
3293 2706 3364 2765 de
3393 2707 3645 2765 adventu

1985 2790 2441 2863 Salvatoris,qui
2474 2809 2628 2848 unus
2659 2793 2718 2847 in
2753 2794 2880 2866 ipsa
2901 2798 2957 2850 et
2987 2811 3055 2850 ex
3086 2796 3216 2868 ipsa
3234 2795 3518 2855 Trinitate
3538 2814 3644 2870 pro

1984 2878 2171 2934 salute
2223 2885 2424 2935 nostra
2472 2880 2647 2937 homo
2696 2884 2886 2939 factus
2946 2883 3005 2939 in
3067 2885 3356 2945 mundum
3387 2885 3563 2954 venit,
3587 2890 3646 2944 et

1984 2968 2251 3024 eamdem
2286 2968 2539 3025 salutem
2571 2970 2874 3027 moriendo
2905 2976 2961 3026 et
2991 2975 3349 3047 resurgendo
3380 2973 3641 3048 perfecit.

1984 3062 2237 3114 Mortuus
2266 3067 2345 3114 est
2372 3076 2523 3114 enim
2545 3068 2772 3132 propter
2803 3061 3001 3133 delicta
3032 3071 3233 3129 nostra,
3260 3071 3313 3120 et
3338 3066 3644 3123 resurrexit

1974 3154 2198 3219 propter
2238 3149 2686 3219 justiﬁcationem
2720 3157 2966 3206 nostram
2993 3153 3167 3219 (Rom.
3190 3170 3305 3221 xxv,
3337 3154 3450 3226 25).
3476 3153 3640 3214 Undie

1984 3236 2093 3291 rite
2128 3235 2209 3290 illi
2240 3236 2462 3309 gratias
2493 3242 2751 3310 agentes,
2777 3238 3029 3296 dicimus
3047 3241 3320 3312 Hosanna,
3354 3241 3413 3297 id
3435 3247 3525 3300 est
3552 3259 3644 3302 sa-

196 3332 365 3406 gitur
391 3349 406 3387 :
431 3331 611 3387 Plena
632 3336 710 3384 est
729 3329 908 3384 omnis
930 3335 1075 3383 terra
1095 3327 1273 3398 gloria
1302 3328 1440 3396 eius,
1462 3330 1745 3398 tanquam
1767 3326 1877 3382 hoc
1909 3317 1951 3382 C
1986 3324 2079 3380 lus
2110 3324 2169 3379 in
2201 3325 2467 3381 excelsis.

198 3420 405 3495 angeli
432 3436 549 3476 non
575 3418 648 3474 ad
681 3418 876 3490 ipsum
899 3417 1107 3482 Deum,
1135 3416 1237 3472 sed
1260 3417 1331 3471 de
1361 3415 1488 3488 ipso
1519 3416 1590 3470 ad
1621 3415 1870 3470 invicem

196 3511 432 3577 dicant,
464 3526 573 3565 nos
606 3511 803 3564 autem
834 3522 1112 3562 conversa
1142 3506 1213 3560 ad
1243 3522 1377 3561 eum
1410 3521 1546 3560 voce
1578 3503 1868 3560 dicimus:

194 3601 369 3657 Pleni
391 3606 529 3655 sunt
548 3596 678 3653 casti
696 3604 747 3652 et
769 3605 915 3652 terra
934 3596 1119 3668 glorin
1139 3602 1231 3649 tua
1254 3611 1268 3650 :
1295 3594 1449 3666 quod
1475 3611 1587 3650 non
1612 3592 1871 3649 humano

193 3706 385 3745 sensu
422 3690 877 3761 praesumptum,
910 3685 1013 3741 sed
1049 3684 1120 3740 de
1163 3682 1279 3740 alia
1310 3683 1612 3756 Scriptura
1648 3700 1874 3739 assum-

194 3784 373 3853 ptum
404 3782 465 3834 et
495 3774 765 3833 additum
798 3772 1200 3846 est,loquente
1228 3771 1355 3846 ipso
1387 3773 1503 3828 Deo
1529 3771 1589 3827 in
1620 3772 1874 3828 Jeremia

195 3868 501 3942 propheta
547 3870 606 3922 et
651 3864 917 3921 dicente:
946 3864 1155 3920 acetum
1178 3870 1229 3918 et
1256 3871 1461 3918 terram
1507 3877 1603 3932 ego
1651 3863 1868 3935 impleo.

195 3956 513 4030 Quidquid
545 3959 743 4013 autem
784 3954 844 4009 in
890 3952 989 4009 Dei
1038 3951 1315 4008 laudibus
1363 3951 1663 4024 Scriptura
1710 3950 1868 4017 dicit,

195 4052 360 4103 recte
392 4050 453 4102 et
484 4045 559 4101 ad
590 4043 791 4117 ipsum
817 4042 1033 4098 dicitur
1060 4040 1429 4114 gratulando,
1453 4045 1510 4096 et
1538 4040 1609 4096 de
1638 4039 1871 4113 ipsosad

196 4136 350 4193 alios
382 4132 752 4191 exhortando
776 4130 863 4188 vel
896 4130 1263 4187 instruendo.

270 4226 368 4281 38.
393 4222 691 4295 (HIERON.)
714 4220 971 4279 Sabaoth
1005 4224 1199 4276 autem
1230 4224 1320 4275 est
1344 4219 1416 4274 de
1447 4219 1655 4276 ducem
1687 4219 1874 4275 nomi-

201 4317 391 4372 nibus
432 4313 537 4370 Dei
592 4312 749 4386 apud
795 4310 1086 4379 Hebraeos,
1111 4313 1167 4365 et
1222 4309 1402 4364 latine
1459 4308 1873 4381 interpretatur

199 4404 601 4471 exercituum,
635 4401 755 4458 sive
782 4400 1092 4467 virtutum,
1116 4398 1270 4456 sicut
1292 4398 1624 4470 frequenter
1652 4398 1712 4453 in
1743 4415 1873 4470 pro-

198 4495 405 4569 phetis
435 4492 699 4567 positum
731 4494 821 4546 est
845 4507 858 4546 :
880 4491 1008 4548 Haec
1044 4488 1177 4545 dicit
1216 4489 1480 4545 Dominus
1507 4489 1868 4545 exercituum.

198 4586 272 4642 Et
300 4585 367 4640 in
396 4582 633 4657 psalmo
660 4599 673 4637 :
699 4582 961 4638 Dominus
990 4581 1256 4636 virtutum
1296 4580 1412 4650 ipse
1445 4585 1524 4634 est
1559 4594 1660 4634 rex
1683 4578 1874 4650 glorias

2055 3415 2142 3469 42.
2167 3413 2496 3485 (νιδιιιυε.)
2521 3419 2639 3471 Iloc
2664 3420 2751 3471 est
2772 3416 2927 3471 enim
2954 3418 3109 3489 quod
3141 3417 3198 3473 in
3232 3417 3460 3490 psalmo
3485 3419 3642 3479 cani-

1982 3507 2080 3558 tur
2112 3521 2124 3558 :
2161 3504 2388 3559 Domini
2417 3512 2497 3559 est
2514 3506 2685 3572 salus,
2718 3514 2770 3561 et
2798 3522 2964 3578 super
2995 3508 3257 3579 populum
3294 3514 3451 3565 tuum
3481 3509 3640 3569 bene-

1973 3593 2147 3653 dictio
2175 3601 2271 3649 tua
2297 3594 2408 3666 (Ps.
2429 3610 2514 3662 III,
2539 3594 2616 3667 9).
2641 3597 2761 3650 Hoc
2790 3596 2945 3667 quod
2978 3595 3038 3651 in
3068 3613 3297 3670 magna)
3335 3597 3640 3661 devotione

1981 3682 2174 3738 laudis
2213 3681 2274 3737 in
2327 3682 2676 3757 Apocalypsi
2721 3688 3057 3741 sanctorum
3090 3684 3304 3742 chorus
3357 3690 3637 3747 resonat:

1981 3772 2145 3855 Salus
2190 3774 2296 3828 Deo
2327 3781 2530 3840 nostro,
2554 3775 2653 3845 qui
2679 3773 2823 3829 sedet
2870 3790 3034 3846 super
3080 3776 3358 3843 thronum,
3380 3784 3432 3834 et
3480 3780 3641 3849 dgna

1983 3862 1999 3935 (
2024 3868 2176 3934 4120c.
2199 3878 2301 3928 vn,
2327 3862 2436 3934 10).
2464 3862 2638 3918 Recte
2665 3879 2900 3935 quoque
2929 3864 3352 3937 subjungimus
3375 3880 3389 3921 :
3414 3865 3643 3927 Benedi-

1980 3956 2097 4004 ctus
2128 3950 2227 4021 qui
2250 3950 2396 4004 venit
2430 3951 2488 4004 in
2508 3952 2731 4005 nomine
2747 3951 2991 4020 Domini,
3007 3951 3179 4022 juxta
3200 3952 3353 4025 quod
3378 3952 3439 4010 in
3452 3954 3642 4015 Even-

1982 4037 2131 4111 gelio
2152 4037 2373 4094 Judazis
2400 4055 2516 4094 non
2549 4039 2926 4097 credentibus
2957 4040 3138 4096 dixit:
3163 4042 3275 4112 Ego
3301 4044 3431 4099 veni
3458 4044 3517 4100 in
3548 4059 3643 4103 no-

1980 4128 2130 4184 mine
2158 4129 2346 4184 Patris
2394 4130 2526 4197 mei,
2550 4136 2601 4184 et
2652 4144 2765 4185 non
2795 4131 3071 4202 recepistis
3100 4147 3186 4186 me
3233 4133 3407 4202 (Joan.
3437 4149 3492 4201 ν,
3526 4134 3639 4206 45),

1983 4221 2296 4273 assumunt
2312 4220 2507 4273 autem
2527 4217 2883 4275 versiculum
2904 4218 3097 4276 laudis
3115 4219 3298 4276 turbae
3317 4221 3389 4277 de
3409 4221 3640 4294 psalmo

1982 4306 2299 4363 centesimo
2321 4306 2547 4363 decimo
2577 4307 2851 4380 septimo,
2878 4325 3054 4380 quem
3076 4309 3148 4363 de
3169 4308 3418 4366 Domine
3438 4314 3639 4369 canta-

1980 4400 2109 4452 tum
2141 4412 2269 4452 esse
2300 4396 2680 4452 manifestum
2714 4400 2839 4452 est:
2877 4397 3032 4469 quod
3063 4413 3196 4453 cum
3227 4397 3412 4454 turbis
3434 4397 3643 4461 dicunt

1980 4485 2269 4553 hosanna,
2294 4484 2404 4540 hoc
2435 4488 2526 4540 est
2556 4485 2711 4557 quod
2763 4485 2844 4540 ibi
2875 4485 3090 4542 dicitur
3120 4503 3134 4541 :
3169 4484 3209 4542 0
3247 4486 3495 4545 Domine.
3526 4489 3641 4546 sal-

1981 4591 2111 4630 vum
2139 4591 2223 4630 me
2249 4574 2382 4647 fac!
2428 4590 2458 4630 o
2491 4575 2745 4643 Domine,
2781 4575 2913 4631 bene
2945 4583 3300 4649 prosperare!
3349 4580 3408 4634 et
3436 4578 3641 4639 statim

200 4676 315 4748 (Ps.
351 4690 525 4740 χχιιι,
570 4671 680 4744 10).
715 4668 823 4735 Qui
870 4670 1000 4726 ideo
1059 4667 1345 4725 Dominus
1401 4666 1760 4723 exercituum
1818 4670 1875 4723 et
1901 4690 1950 4757 Β
1983 4664 2365 4738 subjungitur
2394 4681 2407 4719 :
2442 4663 2764 4757 Benedictus
2794 4666 2891 4736 qui
2917 4667 3065 4722 venit
3093 4667 3165 4757 in
3179 4668 3403 4723 nomine
3423 4667 3646 4727 Domini

200 4762 499 4821 Dominus
525 4761 813 4817 virtutum
841 4775 973 4816 vere
1003 4757 1234 4825 dicitur,
1261 4756 1399 4829 quia
1439 4756 1632 4812 omnis
1662 4754 1873 4812 militia

201 4852 470 4910 caelestis
513 4849 823 4921 exercitus,
851 4864 1056 4905 omnes
1107 4862 1373 4919 supernae
1404 4845 1648 4902 virtutes
1697 4850 1871 4918 atque

202 4940 491 5017 angelicae
523 4942 841 5013 potestates
896 4938 1026 5009 ejus
1083 4935 1330 5008 imperio
1382 4935 1710 5006 subjacent,
1745 4936 1871 5007 ejus

201 5032 475 5088 serviunt
502 5028 808 5093 voluntati.

273 5123 366 5178 39.
400 5121 640 5191 (61136.,
673 5117 779 5173 lib.
810 5135 948 5185 xvu,
973 5121 1138 5184 Mor.,
1162 5134 1221 5171 n.
1250 5115 1360 5187 l9.)
1385 5114 1692 5189 Angelicos
1713 5114 1872 5170 enim

208 5211 461 5285 spiritus
488 5212 643 5265 recte
674 5205 947 5262 militiam
978 5204 1406 5277 dicimus,quia
1449 5204 1745 5260 decertare
1775 5220 1873 5259 eos

207 5306 418 5358 contra
440 5300 763 5373 potestates
783 5296 972 5353 aerias
994 5312 1108 5352 non
1132 5295 1507 5367 ignoramus:
1529 5310 1654 5366 qua:
1678 5297 1874 5349 tamen

208 5389 537 5446 certamina
566 5404 685 5444 non
729 5385 951 5453 labore,
984 5386 1087 5441 sed
1132 5383 1377 5457 imperio
1408 5386 1716 5455 peragunt,
1742 5382 1878 5454 quia

207 5482 366 5556 quod
398 5479 699 5555 agendum
721 5481 800 5549 (a)
823 5479 1028 5534 contra
1047 5474 1388 5531 immundos
1424 5471 1670 5545 spiritus
1703 5490 1878 5546 appe-

223 5576 333 5628 uut
353 5588 423 5628 ex
454 5568 749 5644 adjutorio
787 5570 1001 5624 cuncta
1046 5565 1304 5639 regentis
1353 5566 1628 5637 possunt.
1659 5564 1739 5621 De
1770 5564 1879 5621 hac

301 5752 383 5830 (a)
413 5750 588 5829 Apud
618 5745 965 5825 Gregorium
992 5743 1208 5822 legitur
1237 5743 1465 5819 agendo.

547 5881 822 5948 PATBOL.
868 5876 1035 5942 XIX.

1981 4759 2099 4824 (Ps.
2119 4755 2416 4823 cxvu,25).
2437 4753 2599 4820 Quod
2621 4770 2754 4809 vero
2776 4754 2836 4808 in
2864 4755 3129 4826 ejusdem
3151 4753 3345 4813 laudis
3374 4773 3644 4830 persecu-

1980 4845 2138 4900 tione
2163 4843 2542 4916 subjungitur
2563 4847 2847 4911 Hosanna,
2867 4844 2925 4898 id
2951 4847 3040 4901 est
3061 4843 3223 4901 salus
3246 4844 3365 4903 sive
3383 4844 3645 4903 salvifica

1982 4933 2043 4989 in
2066 4934 2328 5005 excelsis,
2351 4937 2549 5005 aperte
2572 4933 2740 4989 docet
2759 4934 3074 4990 adventum
3110 4934 3341 4991 Dom-ini
3362 4935 3424 4991 in
3445 4951 3643 5006 carne,

1984 5040 2100 5079 non
2133 5021 2323 5077 solum
2358 5021 2600 5077 humani
2625 5022 2857 5095 generis
2889 5022 2949 5078 in
2978 5026 3152 5091 terra,
3187 5025 3289 5080 sed
3318 5028 3376 5080 et
3404 5023 3643 5098 angelo-

1985 5130 2114 5168 rum
2145 5111 2206 5166 in
2233 5110 2395 5167 cmlis
2427 5128 2557 5168 esse
2587 5111 2837 5168 salutem
2864 5130 2876 5167 :
2904 5112 3044 5185 quia
3071 5113 3211 5168 dum
3245 5129 3351 5169 nos
3379 5111 3643 5169 tendenti

1985 5203 2057 5258 ad
2090 5218 2346 5274 superna
2386 5200 2786 5273 perducimur,
2811 5218 3013 5257 eorum
3044 5200 3301 5273 profecto
3333 5217 3640 5270 numerus,

1987 5291 2087 5365 qui
2120 5291 2339 5347 Satana
2369 5292 2609 5347 cedente
2640 5295 2763 5347 erat
2795 5291 3140 5357 minoratus,
3172 5287 3472 5362 impletur.
3497 5290 3644 5349 Hinc

1987 5382 2206 5438 etenim
2237 5380 2454 5437 Paulus
2487 5381 2603 5436 ait:
2629 5381 2942 5436 lnstaurari
2969 5380 3157 5435 omnia
3177 5379 3416 5459 Cliristo,
3437 5395 3564 5453 quae
3584 5382 3647 5437 in

1988 5474 2137 5529 cwlis
2167 5479 2218 5528 et
2245 5486 2371 5544 quae
2402 5472 2462 5526 in
2495 5478 2641 5526 terra
2667 5476 2795 5524 sunt
2817 5469 2874 5524 in
2903 5468 3021 5540 ipso
3050 5467 3262 5540 (Ephes.
3287 5469 3446 5538 1,10).
3470 5469 3646 5529 Recte

1988 5560 2169 5635 igitur
2197 5561 2454 5617 Hosanna
2486 5560 2545 5615 in
2574 5556 2864 5614 altissimis
2905 5555 2966 5613 in
3011 5557 3141 5631 ejus
3191 5555 3363 5614 laude
3391 5556 3646 5632 canitur,
