4082 6462
190 428 277 486 41
1426 431 1528 490 DE
1573 429 1862 491 EXPOSI'

1975 432 2099 491 »ΝΕ
2143 430 2429 492 MISSJE.
3542 441 3640 507 42

191 568 253 615 et
284 560 589 617 mirabilia
610 562 729 632 ejus
750 561 889 632 ﬁliis
913 561 1199 619 hominum
1220 562 1389 634 (Psal.
1416 578 1525 629 cvm,
1547 564 1623 630 8).
1650 563 1717 617 Et
1740 580 1877 634 qua-
1908 565 1961 632 Α
1991 579 2245 635 namque
2278 562 2488 620 militia
2508 568 2783 620 nascente
2810 565 2963 638 Rege
2986 570 3185 623 nostro
3207 565 3495 639 scriptum
3518 573 3642 629 est:

192 649 327 705 lem
349 649 949 722 DominusJesus,qui
970 649 1196 706 nullum
1217 650 1455 707 omnino
1478 651 1728 707 habebat
1752 669 1877 724 pec-
1989 654 2177 707 Subito
2206 655 2353 725 facta
2381 662 2461 709 est
2487 671 2610 710 eum
2632 655 2827 724 angelo
2855 655 3146 712 multitudo
3174 658 3394 713 militia:
3417 659 3646 719 etelestis

196 743 438 806 catum,
465 739 525 794 in
558 739 867 812 Evangelio
901 740 1018 796 Deo
1050 739 1202 795 Patri
1235 740 1401 796 otl‘ert
1430 740 1665 796 dicens:
1694 742 1879 810 Conﬁ-
1992 742 2147 814 (Luc.
2177 759 2253 810 ιιι,
2290 744 2399 813 13).

195 837 329 885 teor
362 831 487 897 tibi,
511 831 696 898 Pater,
720 829 947 887 Domine
967 830 1090 884 caeli
1117 837 1167 885 et
1196 837 1379 897 terrm,
1404 831 1531 901 quia
1553 830 1880 886 abscondisti
2002 812 2007 814 ⁷
2060 812 2149 885 Ῑ40.
2183 812 2419 904 (Asina)
2441 831 2589 895 Quid
2620 832 2732 888 sibi
2758 849 2896 906 ergo
2916 832 3042 889 vult
3071 833 3130 889 in
3162 834 3271 891 hoc
3300 834 3520 908 hymno
3550 853 3654 895 an-

194 918 333 976 htrc
360 936 394 973 a
426 919 770 990 sapientibus
798 926 851 974 et
878 920 1132 974 revelasti
1172 935 1236 974 ea
1275 920 1524 990 parvulis
1556 918 1764 991 (Matth.
1797 936 1875 986 xu,
1986 917 2173 990 gelico
2210 920 2319 975 sub
2351 938 2466 976 uno
2514 920 2752 977 nomine
2783 922 3111 978 sanctitatis
3139 924 3294 981 trina
3342 925 3652 997 repetitio?

189 1008 321 1079 23).
357 1006 487 1063 Una
514 1005 697 1079 igitur
736 1005 1120 1073 confessione,
1144 1005 1201 1062 id
1235 1011 1323 1061 est
1372 1005 1541 1061 laude
1574 1010 1629 1061 et
1658 1005 1874 1078 gratia-
1988 1006 2046 1061 Si
2081 1008 2238 1063 trina
2270 1007 2554 1081 repetitio,
2581 1027 2687 1066 cur
2716 1028 2833 1067 una
2877 1010 3185 1068 laudatio?
3215 1013 3266 1070 si
3299 1030 3419 1073 una
3446 1012 3651 1075 lauda-

192 1114 342 1152 rum
375 1095 631 1163 actione,
657 1097 786 1167 jam
818 1112 973 1151 nunc
998 1113 1131 1152 cum
1164 1094 1388 1167 angelis
1411 1096 1731 1164 sociantur,
1756 1094 1877 1150 lau-
1983 1095 2086 1161 tio,
2110 1113 2214 1151 cur
2244 1097 2399 1153 trina
2444 1098 2729 1170 repetitio,
2760 1098 2876 1154 nisi
2908 1099 3045 1172 quia
3089 1100 3258 1158 Pater
3285 1106 3345 1157 et
3376 1101 3559 1159 Filius
3587 1107 3647 1161 et

190 1185 418 1242 dantes
450 1186 521 1242 de
556 1184 888 1241 cmlestibus
928 1189 985 1240 et
1032 1184 1410 1241 terrestribus
1455 1189 1740 1257 tanquam
1774 1184 1871 1257 qui
1985 1185 2240 1257 Spiritus
2273 1192 2511 1241 sanctus
2559 1189 2865 1244 sanctitate
2894 1205 3082 1244 unum
3114 1190 3292 1247 sunt?
3330 1192 3455 1247 Non
3497 1191 3644 1253 dixit

190 1276 345 1332 fecit
378 1274 597 1332 coelum
631 1280 687 1330 et
719 1278 932 1331 terram
965 1273 1245 1330 dicentes.
1982 1274 2184 1340 semel,
2208 1291 2279 1331 ne
2304 1274 2514 1330 Filium
2537 1280 2957 1348 sequestraret;
2981 1295 3096 1333 non
3123 1277 3234 1345 his,
3259 1295 3331 1335 ne
3353 1279 3639 1352 Spiritum

1982 1369 2251 1420 sanctum
2275 1365 2624 1437 praeteriret;
2650 1383 2763 1421 non
2800 1371 3025 1439 quater,
3050 1384 3121 1424 ne
3146 1372 3470 1427 creaturam
3494 1387 3640 1430 oon-

1972 1454 2280 1527 jungeret;
2307 1459 2361 1509 et
2393 1460 2458 1510 ut
2479 1456 2812 1512 ostenderet
2839 1473 3015 1512 unam
3039 1474 3166 1515 esse
3186 1458 3638 1527 Deitatem,cum

265 1367 368 1422 37.
402 1366 659 1432 Sanctus,
709 1373 948 1435 sanctus,
996 1372 1239 1433 sanctus,
1291 1364 1554 1420 Dominus
1602 1364 1741 1419 Deus
1786 1380 1873 1421 sa-

190 1457 391 1523 baotli,
420 1457 583 1528 pleni
608 1461 739 1510 sunt
766 1454 891 1509 εωὶὶ
918 1462 970 1509 et
992 1462 1156 1509 terra.
1184 1455 1310 1508 Ista:
1335 1459 1474 1509 sunt
1504 1470 1672 1509 voces
1702 1470 1871 1525 ange-

189 1544 402 1601 lorum
421 1544 798 1601 laudantium
814 1544 872 1598 in
886 1543 1046 1599 ccelis
1064 1543 1219 1598 hunc
1238 1543 1521 1616 hymnum
1535 1542 1731 1615 gloriae
1744 1543 1867 1598 Dei.
1980 1543 2152 1599 tertio
2183 1544 2447 1610 dixisset,
2471 1554 2713 1613 sanctus,
2735 1554 2975 1614 sanctus,
2999 1556 3243 1613 sanctus,
3266 1548 3491 1609 addidit
3515 1549 3639 1609 sin-

186 1636 262 1691 Et
297 1634 495 1692 Isaias
528 1633 813 1707 propheta
842 1650 903 1689 se
933 1632 1169 1689 audisse
1200 1632 1722 1704 testatur,quando
1752 1631 1871 1705 glo-
1978 1631 2265 1705 gulariter
2304 1635 2575 1690 Dominus
2626 1636 2869 1691 sabaoth.
2904 1635 3152 1692 Sanctus
3213 1636 3390 1710 igitur
3446 1638 3635 1709 Pater,

185 1723 351 1780 riam
377 1723 486 1780 Dei
506 1722 745 1789 vidit,ot
766 1721 1064 1795 scraphim
1085 1721 1215 1777 istis
1236 1721 1477 1777 vocibus
1497 1738 1631 1776 eum
1656 1719 1869 1777 collau-
1978 1725 2218 1776 sanctus
2251 1721 2453 1785 Filius,
2478 1734 2718 1778 sanctus
2750 1727 2808 1779 et
2837 1724 2938 1780 Dei
2972 1724 3247 1797 Spiritus,
3280 1730 3405 1786 tota
3432 1726 3638 1785 videli-

170 1811 408 1891 _dantia
440 1811 687 1869 audivit.
714 1813 783 1868 Et
804 1812 1010 1867 beatus
1030 1812 1284 1866 Joannes
1311 1810 1369 1865 in
1394 1809 1732 1882 Apocalypsi
1757 1810 1867 1865 sub
1978 1814 2069 1865 cet
2099 1810 2355 1866 Trinitas
2385 1811 2665 1867 adoretur
2693 1818 2749 1868 et
2783 1812 3059 1868 laudatur
3093 1815 3166 1870 ah
3205 1813 3451 1887 angelis.
3476 1816 3638 1875 Hanc

186 1904 396 2005 ﬁgura
428 1906 686 2010 quatuor
715 1900 1060 2010 animql'ium
1082 1900 1421 2010 introducit.
1436 1899 1685 2010 .Illegi'tur
1703 1917 1867 2010 pam-
1900 1944 1946 2010 Β
1979 1898 2273 2010 ser‘aphim
2296 1899 2624 2010 glpriticant
2640 1907 2697 1957 et
2713 1918 2919 2010 omnes
2938 1908 3261 2010 potestates
3273 1903 3637 1978 virtutesque

184 2010 309 2066 que
342 1994 406 2049 in
435 1992 590 2049 Isaia
611 1993 682 2047 de
711 1989 1004 2063 seraphim
1031 1989 1413 2046 laudantibus
1434 1987 1515 2044 ita
1541 2005 1555 2044 :
1577 1990 1642 2044 Et
1665 1989 1867 2045 clama-

187 2085 333 2139 bant
364 2083 516 2138 alter
542 2080 615 2137 ad
644 2081 899 2148 alterum,
933 2088 983 2135 et
1010 2079 1262 2135 dicebant
1294 2095 1306 2133 :
1340 2077 1591 2144 Sanctus,
1620 2086 1863 2147 sanctus,

179 2179 444 2239 sanctus,
475 2171 744 2227 Dominus
768 2170 907 2224 Deus
935 2167 1182 2235 sabaoth,
1201 2166 1373 2239 plena
1404 2176 1481 2223 est
1512 2169 1688 2223 omnis
1718 2175 1865 2224 terra

177 2262 372 2334 gloria
423 2260 544 2332 ejus
576 2258 705 2331 (lsa.
736 2275 815 2325 γι,
846 2259 921 2326 3).
946 2257 1007 2312 Ιιι
1044 2255 1387 2330 Apocalypsi
1420 2273 1552 2313 vero
1601 2256 1672 2311 de
1720 2272 1863 2328 qua-

182 2355 327 2406 tuor
357 2348 729 2406 animalibus
760 2347 843 2404 sic
886 2346 1102 2420 legitur
1132 2363 1145 2400 :
1178 2347 1243 2402 Et
1274 2348 1516 2417 requiem
1564 2362 1669 2402 non
1701 2346 1863 2402 habe-

182 2441 343 2508 bant,
379 2439 474 2495 die
522 2455 588 2494 ac
632 2445 786 2493 nocte
826 2435 1060 2492 dicentia
1094 2454 1112 2490 :
1143 2434 1394 2504 Sanctus,
1444 2443 1682 2502 sanctus,
1731 2451 1862 2491 san-

179 2538 302 2585 ctus
337 2530 617 2584 Dominus
645 2528 785 2583 Deus
814 2528 1173 2597 omnipotens,
1197 2526 1297 2596 qui
1319 2532 1416 2592 est,
1440 2532 1491 2580 et
1521 2526 1617 2597 qui
1644 2532 1779 2591 erat,
1814 2531 1864 2580 et

182 2621 284 2690 qui
318 2626 594 2674 venturus
631 2624 711 2672 est
755 2616 936 2687 (Apoc.
964 2616 1136 2682 IV,8).
1161 2614 1539 2669 Manifestum
1591 2618 1678 2668 est
1728 2630 1862 2686 ergo

183 2708 351 2780 quod
378 2707 442 2762 in
466 2706 560 2762 his
576 2705 771 2761 verbis
788 2704 991 2759 divinae
1015 2702 1363 2775 laudis,qure
1380 2703 1450 2757 ad
1474 2702 1860 2758 imitationem

181 2813 597 2870 supernarum
623 2794 906 2851 virtutum
931 2795 1102 2866 juxta
1128 2792 1338 2849 Isaiam
1369 2793 1639 2848 decantat
1670 2791 1859 2847 Eccle-

182 2887 297 2954 sia,
325 2903 492 2943 unus
524 2901 717 2941 sermo
749 2883 820 2939 de
849 2882 1191 2955 Apocalypsi
1227 2881 1465 2938 additus
1495 2882 1609 2938 sit:
1634 2899 1770 2937 nam
1800 2882 1860 2937 in

185 2976 344 3033 Isaia
370 2979 613 3032 tantum
634 2974 900 3029 Dominus
919 2972 1143 3027 sabaot’i
1171 2970 1412 3043 legitur;
1436 2970 1494 3025 in
1518 2969 1861 3043 Apocalypsi

182 3083 323 3123 vero
349 3066 622 3121 Dominus
650 3065 794 3120 Deus
824 3063 1183 3133 omnipotens,
1210 3066 1267 3115 et
1293 3060 1423 3116 ideo
1455 3076 1569 3117 non
1602 3060 1860 3115 humano

168 3152 463 3221 arbitrio,
480 3153 583 3209 sed
607 3151 915 3222 utriusque
933 3150 1244 3222 Scriptura}
1263 3149 1606 3205 auctoritate
1624 3166 1727 3205 con
1727 3150 1863 3221 jun-

184 3249 279 3301 cta
300 3244 569 3300 dicimus
593 3259 608 3298 ε
635 3243 900 3298 Dominus
932 3241 1070 3296 Deus
1095 3241 1336 3296 sabaoth.
1366 3239 1511 3294 Item
1533 3238 1591 3293 in
1616 3239 1767 3293 Isaia
1788 3238 1863 3294 le-

1979 1988 2265 2045 coelestes.
2289 1989 2638 2063 Adjungunt
2656 1995 2853 2047 autem
2884 1991 3021 2048 huic
3042 1991 3261 2066 hymno
3288 1992 3633 2067 angelorum

1977 2082 2214 2150 sumpta
2242 2094 2309 2133 ex
2339 2078 2650 2151 Evangelio
2680 2080 2854 2136 verba
2903 2081 3211 2145 turbarum
3259 2081 3631 2143 laudantium

1974 2166 2158 2221 Deum
2192 2172 2246 2222 et
2278 2184 2471 2240 regem
2499 2173 2764 2224 nostrum
2786 2168 3112 2226 venientem
3145 2171 3628 2246 Hierosolymam,

1975 2258 2148 2327 atque
2178 2255 2499 2311 dicentium
2534 2273 2548 2312 :

2045 2346 2132 2400 41.
2165 2347 2422 2400 Ilosanna
2472 2348 2531 2401 in.
2578 2347 2827 2413 excelsis,
2872 2349 3177 2406 benedictus
3227 2352 3327 2421 qui
3368 2352 3519 2408 venit
3568 2351 3630 2408 in

1972 2436 2194 2490 nomine
2240 2436 2482 2501 Domini,
2513 2435 2760 2492 hosanna
2815 2438 2876 2493 in
2920 2439 3169 2494 excelsis.
3206 2438 3290 2495 Ita
3346 2438 3505 2497 enim
3562 2455 3633 2499 ex

1974 2523 2274 2595 Scriptura
2310 2524 2645 2597 prophetica
2675 2530 2732 2580 et
2760 2526 3095 2598 evangelica
3115 2527 3441 2601 completur
3461 2528 3635 2602 plena

1972 2612 2399 2678 laudatio,cum
2434 2618 2565 2685 post
2592 2613 2824 2669 laudem
2848 2622 2905 2670 et
2933 2615 3182 2688 gloriam
3206 2621 3422 2674 sanctae
3442 2617 3630 2674 Trini-

1977 2701 2111 2755 tatis
2142 2702 2210 2756 ad
2212 2702 2488 2775 jungitur
2518 2702 2693 2758 etiam
2739 2704 3065 2775 gratiarum
3097 2705 3250 2760 actio
3279 2706 3350 2764 de
3380 2706 3633 2764 adventu

1973 2790 2427 2863 Salvatoris,qui
2461 2810 2616 2847 unus
2646 2792 2703 2847 in
2740 2794 2867 2866 ipsa
2889 2798 2945 2849 et
2975 2810 3043 2849 ex
3074 2795 3203 2867 ipsa
3222 2795 3506 2853 Trinitate
3526 2812 3632 2869 pro

1971 2878 2159 2935 salute
2210 2885 2412 2935 nostra
2460 2880 2634 2937 homo
2684 2884 2874 2938 factus
2933 2883 2993 2938 in
3053 2884 3343 2941 mundum
3376 2884 3551 2953 venit,
3575 2889 3634 2943 at

1971 2969 2239 3024 eamdem
2274 2968 2526 3025 salutem
2559 2970 2862 3026 moriendo
2893 2976 2949 3026 et
2978 2973 3338 3045 resurgendo
3368 2972 3629 3046 perfecit.

1972 3062 2225 3114 Mortuus
2254 3066 2333 3113 est
2360 3064 2511 3114 enim
2534 3068 2760 3131 propter
2791 3061 2989 3133 delicta
3020 3070 3222 3128 nostra,
3247 3070 3300 3119 et
3327 3064 3631 3123 resurrmit

1963 3155 2185 3219 propter
2225 3148 2674 3218 justi/icationem
2709 3157 2955 3205 nostram
2981 3152 3154 3219 (Rom.
3178 3169 3293 3220 Juv,
3325 3153 3438 3225 25).
3464 3152 3628 3213 Undae

1973 3237 2081 3291 rite
2117 3235 2197 3291 illi
2229 3237 2450 3309 gratias
2482 3242 2740 3310 agentes,
2765 3238 3016 3296 dicimus
3035 3241 3308 3312 Hosanna,
3342 3241 3400 3296 id
3424 3246 3514 3299 est
3541 3258 3632 3301 sa-

185 3334 351 3408 gitur
376 3352 392 3389 :
420 3334 599 3389 Plena
619 3339 697 3387 est
717 3331 896 3386 omnis
918 3337 1063 3385 terra
1083 3329 1261 3400 gloria
1290 3329 1427 3397 eius,
1450 3331 1734 3399 tanquam
1756 3327 1865 3382 hoc
1897 3317 1939 3383 C
1974 3325 2067 3381 lus
2098 3325 2156 3379 in
2189 3325 2455 3382 excelsis.

188 3423 392 3497 angeli
420 3439 538 3478 non
563 3420 636 3476 ad
669 3420 865 3492 ipsum
887 3419 1095 3485 Deum,
1123 3417 1225 3473 sed
1248 3418 1318 3473 de
1349 3416 1476 3489 ipso
1507 3416 1579 3472 ad
1611 3416 1859 3471 invicem

186 3514 420 3579 dicant,
452 3528 562 3567 nos
594 3514 790 3567 autem
822 3524 1101 3564 conversa
1130 3507 1202 3562 ad
1231 3524 1365 3562 eum
1399 3523 1533 3561 voce
1566 3504 1856 3561 dicimus:

184 3603 355 3659 Pleni
379 3609 517 3656 sunt
536 3598 665 3655 caeli
684 3606 736 3655 et
757 3607 904 3654 terra
922 3598 1107 3670 glorin
1127 3604 1220 3651 tua
1243 3612 1256 3651 :
1283 3596 1437 3668 quod
1462 3612 1575 3651 non
1600 3593 1860 3650 humano

186 3709 373 3748 sensu
410 3692 865 3764 praesumptum,
899 3687 1001 3743 sed
1038 3686 1109 3741 de
1152 3684 1268 3741 alia
1299 3685 1601 3757 Scriptura
1636 3700 1862 3739 assum-

186 3786 359 3855 ptum
392 3784 452 3837 et
483 3777 753 3835 additum
786 3773 1188 3848 est,loquente
1218 3774 1344 3847 ipso
1376 3774 1491 3830 Deo
1518 3773 1577 3828 in
1608 3772 1862 3829 Jeremia

189 3870 489 3944 prepheta
536 3872 595 3924 et
639 3866 906 3923 dicente:
935 3865 1143 3923 Caelum
1166 3871 1218 3919 et
1245 3872 1450 3919 terram
1496 3877 1591 3933 ego
1640 3864 1857 3935 impleo.

189 3959 501 4033 Quidquid
534 3960 732 4014 autem
773 3955 833 4011 in
879 3954 978 4011 Dei
1027 3952 1304 4010 laudibus
1352 3952 1652 4026 Scriptura
1699 3951 1857 4017 dicit,

189 4055 346 4105 recte
379 4052 441 4105 et
472 4047 547 4103 ad
579 4046 780 4120 ipsum
805 4044 1021 4101 dicitur
1049 4042 1417 4116 gratulando,
1442 4046 1498 4098 et
1527 4041 1598 4097 de
1628 4040 1860 4114 ipsorad

190 4138 338 4195 alios
369 4134 741 4194 exhortando
766 4132 851 4190 vel
885 4132 1252 4189 instruendo.

260 4228 355 4283 38.
380 4225 679 4297 (HIERON.)
704 4221 960 4280 Sabaoth
992 4225 1188 4278 autem
1219 4224 1309 4277 est
1333 4220 1404 4276 de
1436 4221 1644 4276 ducem
1676 4219 1863 4276 nomi-

196 4319 378 4375 nibus
422 4314 525 4372 Dei
580 4314 738 4388 apud
784 4312 1075 4380 Hebraeos,
1100 4316 1157 4366 et
1210 4310 1391 4365 latine
1448 4309 1862 4382 interpretatur

195 4407 589 4474 exercituum,
624 4403 744 4461 sive
772 4402 1081 4468 virtutum,
1106 4400 1258 4456 sicut
1279 4400 1613 4471 frequenter
1642 4398 1702 4454 in
1733 4415 1862 4471 pro-

195 4497 394 4569 phetis
424 4494 689 4569 positum
720 4496 810 4548 est
833 4508 847 4547 :
869 4493 997 4549 Haec
1032 4490 1166 4546 dicit
1207 4490 1469 4546 Dominus
1496 4490 1857 4545 exercituum.

195 4587 265 4643 Et
293 4587 353 4642 in
386 4583 622 4659 psalmo
649 4601 662 4639 :
689 4583 951 4640 Dominus
980 4582 1245 4637 virtutum
1285 4581 1401 4651 ipse
1434 4586 1514 4635 est
1549 4595 1649 4635 rex
1672 4578 1863 4651 gloria:

197 4677 305 4748 (Ps.
338 4692 514 4742 χχιιι,
559 4673 670 4746 10).
703 4670 812 4737 Qui
859 4671 990 4728 ideo
1048 4669 1334 4726 Dominus
1391 4667 1749 4724 exercituum
1808 4672 1864 4723 et

199 4765 487 4822 Dominus
514 4763 802 4818 virtutum
829 4776 963 4818 vere
993 4758 1224 4826 dicitur,
1250 4757 1389 4831 quia
1429 4756 1622 4813 omnis
1652 4755 1862 4812 militia

199 4853 458 4912 ccclestis
502 4850 813 4922 exercitus,
841 4865 1045 4906 omnes
1096 4864 1362 4921 supernae
1394 4846 1637 4903 virtutes
1686 4851 1861 4918 atque

200 4943 478 5019 angelicae
512 4944 830 5015 potestates
886 4939 1016 5011 ejus
1073 4936 1320 5009 imperio
1372 4936 1700 5007 subjacent,
1734 4936 1861 5008 ejus

201 5034 463 5090 serviunt
491 5029 798 5096 voluntati.

266 5125 356 5180 39.
389 5123 629 5194 (Gaza,
663 5118 769 5174 lib.
800 5136 937 5186 xvn,
964 5122 1128 5186 Mor.,
1153 5136 1211 5173 ιι.
1240 5116 1351 5189 49.)
1374 5115 1682 5189 Angelicos
1703 5115 1862 5171 enim

206 5213 449 5286 spiritus
478 5214 633 5267 recte
664 5206 937 5264 militiam
968 5205 1396 5278 dicimus,quia
1440 5206 1735 5261 decertare
1764 5221 1863 5259 eos

206 5308 405 5359 contra
428 5302 754 5375 potestates
774 5297 963 5355 aerias
984 5314 1098 5353 non
1121 5297 1498 5369 ignoramus:
1520 5311 1645 5366 quae
1669 5298 1865 5349 tamen

208 5391 526 5448 certamina
555 5406 675 5446 non
720 5386 941 5455 labore,
974 5387 1076 5442 sed
1122 5385 1367 5458 imperio
1399 5386 1706 5456 peragunt,
1732 5382 1868 5454 quia

207 5484 355 5556 quod
387 5481 689 5557 agendum
711 5482 791 5551 (a)
814 5481 1019 5535 contra
1037 5475 1379 5532 immundos
1414 5473 1660 5546 spiritus
1693 5490 1869 5546 appe-

223 5579 324 5630 unt
342 5591 412 5631 ex
443 5570 740 5646 adjutorio
777 5571 992 5626 cuncta
1037 5566 1294 5641 regentis
1344 5566 1618 5637 possunt.
1650 5564 1729 5621 De
1760 5565 1869 5621 hac

295 5756 372 5832 (α)
401 5752 577 5831 Apud
608 5747 955 5826 Gregorium
984 5745 1199 5823 legitur
1227 5743 1455 5820 agendo.

537 5883 812 5949 PATROL.
858 5877 1026 5943 XIX.

2043 3416 2130 3469 42.
2156 3414 2484 3486 (νιοιιιυε.)
2510 3418 2627 3471 Hoc
2651 3420 2739 3471 est
2760 3416 2916 3471 enim
2942 3417 3097 3488 quod
3128 3416 3186 3472 in
3220 3416 3448 3489 psalmo
3473 3418 3630 3476 cani-

1970 3508 2068 3559 tur
2101 3521 2112 3559 :
2149 3504 2377 3560 Domini
2406 3512 2483 3559 est
2502 3505 2674 3572 salus,
2707 3513 2757 3560 et
2786 3522 2952 3577 super
2984 3506 3245 3578 populum
3282 3514 3439 3563 tuum
3469 3508 3628 3567 bane-

1961 3594 2135 3654 ,dictio
2163 3601 2257 3649 tua
2286 3595 2397 3665 (Ps.
2417 3611 2502 3662 ιιι,
2528 3594 2604 3666 9).
2629 3597 2749 3650 Hoc
2778 3595 2933 3667 quod
2966 3595 3026 3650 in
3057 3612 3286 3669 magnis
3324 3596 3628 3659 devotione

1969 3683 2162 3739 laudis
2201 3681 2262 3737 in
2317 3682 2665 3757 Apocalypsi
2709 3688 3046 3740 sanctorum
3078 3683 3293 3743 chorus
3345 3690 3625 3747 resonat:

1970 3773 2135 3855 Salus
2178 3774 2285 3829 Deo
2316 3781 2518 3840 nostro,
2542 3774 2641 3844 qui
2667 3773 2811 3829 sedet
2858 3790 3023 3845 super
3068 3774 3346 3842 thronum,
3368 3783 3421 3833 et
3468 3779 3629 3848 Agna

1972 3863 1988 3936 (
2012 3869 2165 3935 (pec.
2188 3879 2289 3929 vn,
2316 3862 2424 3934 10).
2453 3863 2627 3917 Recte
2654 3879 2888 3935 quoque
2918 3863 3341 3936 subjungimus
3363 3879 3377 3920 :
3402 3865 3631 3925 Benedi-

1968 3957 2086 4005 ctus
2116 3951 2215 4021 qui
2239 3950 2385 4004 venit
2418 3951 2475 4004 in
2498 3951 2719 4005 nomine
2737 3950 2979 4020 Domini,
2996 3951 3168 4022 juxta
3189 3952 3342 4024 quod
3366 3952 3427 4008 in
3447 3953 3631 4015 Evan-

1971 4038 2121 4111 gelio
2141 4037 2361 4093 Judaeis
2389 4056 2504 4093 non
2538 4039 2915 4096 credentibus
2946 4039 3091 4096 dixit
3115 4057 3127 4095 :
3151 4041 3263 4111 Ego
3291 4043 3419 4099 veni
3446 4044 3505 4099 in
3536 4058 3632 4102 no-

1969 4129 2119 4184 mine
2148 4129 2334 4184 Patris
2382 4130 2514 4196 mei,
2539 4136 2590 4183 et
2641 4144 2754 4184 non
2784 4131 3060 4202 recepistis
3088 4146 3174 4189 me
3222 4133 3396 4201 (Joan.
3426 4149 3480 4199 ν,
3515 4132 3627 4205 45),

1972 4221 2285 4273 assumunt
2301 4220 2496 4273 autem
2516 4216 2871 4275 versiculum
2893 4217 3087 4274 laudis
3104 4218 3287 4275 turbas
3305 4220 3378 4276 de
3398 4219 3629 4293 psalmo

1971 4307 2288 4364 centesimo
2310 4306 2536 4363 decimo
2566 4307 2840 4379 septimo,
2867 4325 3042 4379 quem
3066 4308 3137 4363 de
3159 4307 3407 4365 Domino
3427 4312 3628 4367 canta-

1970 4401 2097 4452 tum
2130 4412 2258 4452 esse
2290 4396 2669 4451 manifestum
2703 4400 2828 4451 est:
2865 4397 3020 4468 quod
3051 4412 3185 4452 cum
3216 4396 3401 4453 turbae
3424 4396 3632 4459 dicunt

1970 4486 2258 4553 bosanna,
2282 4484 2393 4541 hoc
2425 4489 2515 4540 est
2546 4485 2700 4556 quod
2752 4484 2833 4539 ibi
2864 4484 3079 4541 dicitur
3110 4502 3123 4540 :
3158 4484 3198 4540 0
3237 4486 3484 4543 Domine.
3515 4489 3629 4545 sal-

1972 4592 2100 4631 vum
2129 4591 2212 4629 me
2238 4574 2371 4646 fac!
2417 4590 2447 4631 o
2480 4575 2735 4643 Domine,
2769 4575 2901 4631 bene
2934 4582 3290 4648 prosperare!
3339 4579 3398 4632 et
3425 4577 3630 4637 statim

1972 4664 2355 4737 subjungitur
2383 4680 2397 4718 :
2431 4663 2753 4719 Benedictus
2783 4666 2880 4735 qui
2906 4666 3055 4721 venit
3082 4667 3143 4721 in
3169 4667 3393 4722 nomine
3412 4665 3636 4724 Domini

1970 4759 2089 4825 (Ps.
2109 4755 2405 4823 cxvu,25).
2426 4753 2588 4820 Quod
2610 4769 2743 4809 vero
2766 4753 2825 4807 in
2853 4754 3118 4824 ejusdem
3141 4753 3334 4811 laudis
3364 4771 3633 4828 persecu-

1970 4844 2128 4900 tione
2153 4842 2531 4916 subjungitur
2552 4847 2837 4911 Ilosanna,
2856 4843 2915 4898 id
2941 4847 3029 4900 est
3051 4843 3212 4901 salus
3235 4843 3354 4901 sive
3373 4843 3634 4902 salviﬁca

1972 4934 2031 4988 in
2056 4934 2318 5005 excelsis,
2341 4937 2539 5004 aperte
2561 4933 2730 4989 docet
2749 4933 3065 4989 adventum
3100 4933 3331 4990 Domini
3352 4933 3413 4989 in
3435 4949 3633 5005 carne,

1974 5040 2089 5080 non
2122 5021 2313 5077 solum
2347 5021 2591 5077 humani
2615 5022 2847 5094 generis
2879 5021 2939 5078 in
2971 5026 3142 5091 terra,
3176 5023 3279 5079 sed
3308 5026 3366 5079 et
3394 5022 3633 5097 angelo-

1975 5129 2104 5168 rum
2135 5111 2196 5166 in
2223 5110 2385 5167 cmlis
2416 5128 2546 5167 esse
2578 5111 2827 5167 salutem
2854 5129 2866 5167 :
2894 5111 3034 5185 quia
3061 5112 3202 5167 dum
3235 5129 3342 5169 nos
3370 5110 3633 5168 tendenti

1975 5203 2047 5258 ad
2080 5218 2337 5273 superna
2375 5201 2776 5272 perducimur,
2801 5218 3005 5256 eorum
3034 5200 3292 5273 profecto
3324 5217 3631 5269 numerus,

1978 5291 2077 5365 qui
2110 5292 2329 5347 Satana
2359 5291 2599 5345 cedente
2630 5294 2753 5346 erat
2785 5290 3130 5357 minoratus,
3163 5289 3461 5362 impletur.
3488 5290 3635 5348 Hinc

1977 5382 2196 5438 ctenim
2227 5380 2444 5436 Paulus
2477 5380 2557 5435 ait
2580 5397 2592 5434 :
2619 5380 2932 5435 Instaurari
2960 5379 3147 5434 omnia
3167 5378 3407 5458 Cliristo,
3428 5394 3554 5452 quae
3574 5381 3637 5436 in

1978 5474 2127 5529 costis
2157 5480 2208 5529 et
2235 5486 2361 5544 quae
2392 5472 2452 5525 in
2484 5477 2631 5525 terra
2658 5475 2785 5523 sunt
2807 5469 2865 5523 in
2894 5467 3012 5539 ipso
3040 5467 3253 5541 (Ephes.
3278 5469 3436 5537 1,10).
3461 5467 3637 5527 Recte

1978 5561 2160 5635 igitur
2187 5561 2445 5617 Hosanna
2476 5560 2535 5614 in
2565 5556 2855 5613 altissimis
2896 5554 2956 5613 in
3002 5557 3131 5630 ejus
3181 5554 3354 5614 laude
3381 5555 3636 5631 canitur,
