4082 6488
444 443 525 506 43
1548 435 1775 500 FLORI
1819 432 2134 497 DIACONI
2177 430 2754 496 LUGDUNENSIS.
3779 425 3864 483 44

447 577 620 649 cujus
648 578 772 630 tota
808 571 1233 629 incarnationis
1265 568 1623 643 dispensatio
1654 585 1756 640 pro
1802 564 2103 639 implenda
2130 563 2185 633 Α
2212 563 2427 620 habeat
2455 567 2512 618 ct
2530 561 3265 619 benedicat?Sacerdotum
3292 565 3382 617 est
3402 560 3556 616 enim
3574 558 3785 649 oll'errc
3807 558 3870 611 ct

442 647 637 739 gloria
665 661 864 735 patriae
895 660 1146 717 caelestis
1177 659 1464 733 apparuit.
1499 659 1633 714 Post
1669 656 1777 712 has
1806 655 2013 711 laudes
2044 657 2101 709 et
2213 655 2575 726 majestatem
2610 651 2713 707 Dei
2745 652 3041 719 invocare;
3074 650 3175 706 Dei
3205 655 3294 706 est
3325 654 3522 706 autem
3553 647 3869 722 dignanter

452 735 779 827 gratiarum
810 750 1091 818 actiones,
1122 767 1227 823 pro
1269 752 1432 804 tanta
1468 746 1656 821 gratia
1683 742 2104 816 redemptionis
2213 743 2532 815 suscipere,
2551 745 2607 796 et
2637 758 2705 797 ea
2732 758 2859 813 quae
2890 740 3215 796 offeruntur
3235 738 3599 806 benedicere,
3624 737 3775 794 sicut
3804 735 3867 791 in

448 845 682 910 nostrae,
710 857 836 913 qua;
877 839 939 895 in
969 838 1068 895 illo
1099 838 1294 894 divino
1328 836 1604 907 mysterio
1637 833 1831 908 agitur
1860 838 1916 889 et
1944 847 2103 888 com-

450 930 787 995 mendatur,
814 929 965 984 facto
992 926 1170 984 totius
1190 925 1459 982 Ecclesiae
1482 924 1735 988 silentio,
1757 922 1818 977 in
1841 938 1957 994 quo
1980 936 2105 976 ces-

451 1024 617 1077 sante
647 1017 807 1075 omni
839 1016 1088 1089 strepitu
1117 1015 1451 1082 verborum,
1486 1012 1612 1070 sola
1641 1012 1711 1067 ad
1750 1011 1933 1066 Deum
1965 1009 2106 1064 diri-

448 1113 623 1182 gatur
651 1107 917 1176 intentio,
945 1109 1000 1161 ot
1028 1104 1253 1161 devotio
1286 1103 1573 1171 cordium,
1599 1100 1835 1158 sociatis
1857 1099 1966 1155 sibi
1991 1115 2110 1155 om-

449 1197 617 1253 nium
638 1195 786 1252 votis
817 1200 874 1250 et
903 1192 1233 1262 desideriis,
1256 1192 1465 1264 incipit
1491 1191 1764 1247 sacerdos
1786 1187 2107 1245 orationem

449 1286 714 1352 fundere,
734 1301 851 1357 qua
870 1283 1068 1357 ipsum
1092 1281 1440 1355 mysterium
1461 1278 1746 1336 Dominici
1771 1277 2032 1351 corporis
2054 1280 2111 1332 et

450 1373 756 1447 sanguinis
787 1376 1186 1429 consecratur.
1212 1371 1307 1428 Sic
1350 1370 1508 1426 enim
1553 1372 1797 1441 oportet,
1823 1371 1888 1422 ut
1918 1367 1979 1422 in
2009 1365 2113 1421 illa

453 1464 599 1520 hora
628 1467 747 1519 tam
782 1479 959 1518 SﬂCl‘tB
990 1465 1050 1516 et
1070 1460 1279 1516 divinae
1303 1458 1705 1525 actionis,tota
1725 1474 1828 1530 per
1847 1455 1949 1512 Dei
1981 1472 2111 1528 gra-

451 1553 598 1609 tiam
629 1569 664 1607 a
700 1550 951 1607 terrenis
998 1548 1452 1623 cogitationibus
1482 1550 1703 1619 ‘mente
1761 1550 2029 1619 separata
2057 1548 2115 1600 et

451 1640 714 1698 Ecclesia
742 1656 877 1696 cum
925 1639 1227 1695 sacerdote
1256 1641 1315 1694 et
1350 1638 1626 1694 sacerdos
1671 1652 1804 1692 cum
1856 1632 2117 1690 Ecclesia

454 1727 707 1802 spiritali
739 1728 1028 1784 desiderio
1058 1727 1237 1783 intret
1262 1726 1322 1782 in
1354 1725 1757 1782 sanctuarium
1786 1723 1887 1780 Dei
1920 1739 2118 1795 super-

459 1834 603 1874 num
635 1821 693 1873 et
722 1821 1027 1873 aeternum.
1052 1818 1122 1872 Et
1170 1815 1448 1889 quoniam
1493 1816 1740 1887 Spiritus
1768 1821 1847 1870 est
1875 1813 2034 1878 Deus,
2068 1819 2117 1867 et

458 1924 548 1964 eos
578 1908 676 1979 qui
703 1906 935 1962 adorant
961 1923 1087 1962 eum
1115 1908 1175 1961 in
1194 1907 1397 1978 spiritu
1422 1912 1473 1960 et
1500 1906 1726 1960 veritate
1754 1909 1959 1975 oportet
1986 1901 2120 1957 ado-

461 2012 590 2052 rare
619 1995 802 2069 (Joan.
838 2013 914 2063 IV,
946 1995 1061 2067 24).
1095 1995 1241 2051 Nam
1273 2000 1329 2050 et
1367 1995 1537 2050 Pater
1574 1992 1721 2049 tales
1761 1991 1988 2065 quaerit,
2016 1990 2118 2062 qui

465 2086 712 2143 adorent
740 2102 897 2153 eum,
931 2084 1017 2140 sic
1047 2085 1322 2141 eumdem
1365 2088 1546 2139 Deum
1588 2083 1814 2138 Patrem
1848 2082 2118 2153 deprece-

462 2178 582 2242 tur,
613 2178 670 2230 et
698 2173 874 2230 dicat.
1386 2185 1393 2188 ‘

535 2265 624 2318 43.
650 2265 717 2320 Te
745 2264 939 2333 igitur,
968 2264 1390 2320 clementissime
1426 2263 1608 2329 Pater,
1644 2277 1851 2333 usque,
1883 2261 2001 2317 haec
2030 2275 2121 2314 sa-

464 2361 748 2408 crosancta
768 2354 1044 2423 sacriﬁcia
1064 2353 1300 2408 illibata.
1316 2351 1599 2424 Dirigitur
1613 2367 1749 2423 ergo
1768 2349 1950 2405 oratio
1973 2348 2126 2403 sicut

468 2446 525 2498 et
554 2440 792 2513 reliquae
824 2441 1118 2497 orationes
1142 2442 1315 2512 juxta
1344 2439 1608 2512 regulam
1641 2439 1798 2506 fidei,
1820 2443 1877 2494 et
1902 2454 2124 2493 morem

468 2529 738 2586 Ecclesiae
760 2531 833 2586 ad
853 2528 1380 2586 clementissimum
1403 2533 1660 2594 Patrem,
1675 2529 1846 2600 cujus
1863 2544 2001 2600 erga
2021 2543 2129 2582 nos

469 2622 806 2692 peccatores
836 2623 893 2675 et
922 2618 1195 2692 indignos
1218 2623 1384 2675 tanta
1404 2617 1595 2674 extitit
1618 2616 1928 2674 clementia
1949 2621 2007 2672 et
2029 2614 2130 2671 mi-

472 2707 812 2777 sericordia,
838 2712 1119 2780 quantam
1149 2706 1468 2780 Apostolus
1490 2708 1865 2763 commendat
1885 2705 2086 2762 dicens
2115 2724 2128 2763 :

474 2798 587 2867 Qui
611 2800 779 2853 etiam
803 2798 1028 2869 proprio
1062 2798 1211 2854 Filio
1238 2814 1338 2853 suo
1366 2814 1478 2852 non
1511 2799 1768 2869 pepercit,
1792 2797 1884 2852 sed
1902 2812 2005 2869 pro
2033 2811 2132 2851 no-

480 2886 564 2942 bis
592 2887 851 2942 omnibus
877 2886 1109 2942 tradidit
1140 2887 1321 2954 illum,
1355 2886 1615 2958 quomodo
1659 2903 1773 2941 non
1820 2887 1985 2942 etiam
2013 2902 2137 2942 cum

484 2976 583 3032 illo
610 2977 803 3032 omnia
830 2977 989 3033 nobis
1017 2975 1241 3032 donavit
1270 2978 1443 3047 (Rom.
1475 2993 1599 3044 vm,
1630 2976 1742 3045 32).
1774 2975 1845 3030 Et
1872 2975 2085 3031 iterum
2119 2992 2133 3031 :

489 3070 636 3121 Deus
668 3073 849 3120 autem
876 3066 973 3137 qui
998 3065 1147 3120 dives
1186 3073 1266 3121 est
1307 3067 1367 3120 in
1394 3064 2021 3137 miseﬁcordia,propler
2047 3065 2138 3119 ni-

486 3155 662 3210 miam
692 3155 1014 3210 charitatem
1040 3170 1199 3210 suam
1237 3171 1346 3227 qua
1380 3154 1577 3210 dilexit
1607 3170 1722 3222 nos,
1754 3170 1881 3233 cum
1908 3170 2142 3211 essemus

486 3244 697 3299 mortui
734 3245 992 3314 peccatis,
1022 3244 1420 3315 convivi/icavit
1449 3260 1547 3299 nos
1592 3244 1823 3310 Christo,
1850 3259 1952 3315 per
2003 3242 2144 3298 hanc

2213 832 2339 905 lege
2371 830 2631 905 praecipit
2651 830 3052 886 sacerdotibus
3082 828 3281 885 dicens
3306 845 3318 884 :
3344 828 3434 884 Sic
3463 826 3785 884 benedicetis
3805 826 3874 898 ﬁ-

2217 923 2311 978 liis
2340 921 2527 989 Israel,
2562 929 2613 977 et
2640 922 2829 976 dicetis
2858 921 2957 985 eis,
2981 924 3038 975 et
3077 922 3209 991 post
3236 918 3410 973 verba
3442 916 3872 973 benedictionis

2217 1010 2522 1084 subjungit
2545 1028 2558 1066 :
2583 1011 2643 1066 In
2653 1012 2917 1066 vocabunt
2937 1025 3131 1064 nomen
3150 1024 3333 1063 meum
3350 1023 3513 1080 super
3534 1008 3679 1078 ﬁtios
3700 1006 3876 1062 Israel

2216 1110 2265 1158 et
2293 1117 2386 1173 ego
2414 1100 2723 1156 benedicam
2743 1101 2820 1155 eis
2843 1098 3021 1171 (Num.
3044 1115 3122 1167 vr,
3153 1099 3244 1164 23,
3266 1099 3378 1166 27).
3401 1096 3546 1162 Quid
3572 1095 3834 1168 apertius
3851 1098 3877 1152 ?

2219 1189 2308 1247 Illi
2341 1189 2696 1245 invocabant
2738 1192 2794 1243 et
2838 1203 2942 1261 ego
2974 1186 3337 1253 benedicam,
3359 1190 3415 1242 et
3445 1190 3641 1241 tamen
3690 1202 3879 1258 supra

2218 1280 2303 1335 eis
2332 1280 2576 1346 dixerat,
2603 1276 2685 1334 sic
2734 1276 3109 1345 benedicetis,
3139 1275 3239 1331 sed
3287 1275 3371 1330 illi
3428 1274 3739 1342 exorando,
3773 1273 3875 1330 ille

2218 1368 2541 1442 largiendo.
2579 1369 2660 1422 lta
2690 1383 2826 1440 ergo
2857 1370 2914 1422 et
2958 1365 3018 1420 in
3065 1365 3355 1421 oblatione
3386 1364 3565 1419 divini
3598 1363 3881 1420 sacriﬁcii

2221 1457 2553 1515 sacerdotes
2570 1456 2844 1512 exhibent
2857 1454 3131 1511 oli‘crendi
3152 1458 3209 1510 et
3224 1451 3595 1527 supplicandi
3613 1453 3881 1510 ministe-

2223 1547 2408 1615 rium;
2443 1546 2542 1602 sed
2574 1545 2730 1601 Deus
2776 1544 3025 1617 largitur
3053 1543 3477 1600 benedictionis
3509 1543 3730 1599 donum
3774 1559 3884 1615 per

2223 1653 2408 1693 unum
2430 1640 2485 1691 et
2503 1652 2703 1692 verum
2732 1635 3115 1705 sacerdotem,
3131 1651 3234 1706 per
3255 1650 3429 1706 quem
3451 1636 3508 1689 et
3528 1632 3726 1689 oblata
3748 1650 3884 1688 san-

2224 1727 2460 1790 ctiﬁcat,
2484 1729 2540 1780 et
2561 1723 2923 1781 sanctiﬁcata
2945 1726 3232 1796 acceptat,
3255 1722 3461 1778 dicunt
3488 1722 3705 1795 itaque.

2298 1817 2386 1869 44.
2423 1815 2509 1871 Uti
2546 1821 2761 1885 accepta
2807 1812 3005 1868 habeas
3053 1820 3105 1868 et
3152 1811 3451 1878 benedicas,
3476 1828 3541 1867 ac
3574 1811 3623 1868 si
3654 1810 3885 1885 suppli-

2226 1910 2315 1960 ter
2344 1904 2541 1959 dicant
2568 1922 2586 1958 :
2619 1903 2879 1959 Petimus
2912 1906 2975 1957 ut
3013 1902 3135 1957 haec
3165 1902 3386 1975 Spiritu
3418 1906 3518 1957 tuo
3549 1901 3887 1958 sanctiﬁccs

2229 1998 2405 2066 atque
2435 2009 2532 2049 ore
2556 1997 2656 2049 tuo
2683 1991 3014 2060 benedicas,
3031 1995 3097 2046 ut
3119 1992 3272 2064 quod
3296 1995 3505 2048 nostra:
3527 1989 3888 2046 humilitatis

2230 2082 2452 2157 geritur
2495 2080 2843 2148 ministerio,
2874 2084 2987 2135 tum
3026 2079 3259 2135 virtutis
3307 2079 3623 2153 impleatur
3650 2081 3886 2136 effectu.

2231 2173 2394 2239 Quod
2440 2174 2635 2228 autem
2678 2170 3059 2242 subjungitur
3089 2186 3102 2224 :
3138 2170 3262 2226 Hazc
3291 2169 3455 2232 dona,
3485 2169 3603 2226 lure
3629 2186 3888 2239 munera,

2232 2263 2351 2319 haec
2378 2269 2567 2317 sancta
2593 2261 2881 2332 sacrificia
2911 2259 3147 2327 illibata,
3181 2276 3297 2314 non
3329 2259 3487 2315 aliud
3518 2263 3693 2332 atque
3726 2258 3893 2317 aliud

2235 2352 2479 2419 dicitur;
2515 2351 2615 2407 sed
2649 2366 2742 2405 res
2773 2366 2893 2404 una
2939 2365 3043 2420 pro
3085 2348 3175 2404 sui
3226 2348 3631 2421 magnitudine
3659 2349 3899 2405 diversa

2237 2439 2624 2515 appellatione
2655 2438 2949 2507 laudatur,
2985 2440 3041 2493 et
3088 2435 3381 2493 laudando
3421 2437 3895 2494 commendatur.

2239 2534 2374 2598 Quae
2395 2528 2551 2587 enim
2576 2528 2790 2585 divinis
2817 2527 3143 2582 olferuntur
3164 2525 3449 2583 altaribus
3472 2531 3527 2583 et
3542 2544 3776 2583 munera
3797 2543 3901 2599 ap-

2241 2619 2553 2694 pellantur,
2598 2618 2751 2674 sicut
2798 2615 3079 2672 Dominus
3128 2614 3186 2670 in
3246 2614 3556 2689 Evangelio
3615 2615 3801 2672 dicit:
3836 2615 3904 2672 Si

2241 2710 2401 2782 offers
2446 2723 2650 2763 munus
2698 2714 2854 2762 tuum
2880 2703 2951 2760 ad
2979 2704 3154 2760 altare
3180 2705 3385 2776 (Matth.
3417 2722 3472 2771 v,
3504 2705 3616 2776 23),
3651 2708 3708 2761 et
3752 2704 3904 2761 dona

2242 2799 2330 2855 vel
2355 2798 2639 2869 sacrificia
2667 2795 2967 2862 dicuntur,
3000 2793 3152 2850 sicut
3177 2794 3434 2849 ostendit
3462 2793 3776 2867 Apostolus
3809 2794 3903 2849 di-

2246 2905 2383 2945 cens
2416 2904 2429 2941 :
2467 2885 2654 2942 Omnis
2684 2899 2919 2955 namque
2947 2882 3193 2938 sacerdos
3229 2899 3300 2938 ea:
3339 2882 3654 2939 hominibus
3681 2899 3903 2939 assum-

2241 2986 2385 3052 ptus,
2409 2992 2505 3049 pro
2542 2975 2855 3032 hominibus
2895 2973 3246 3028 constituitur
3276 2974 3333 3027 in
3365 2973 3451 3028 his
3482 2988 3607 3046 quae
3654 2981 3785 3029 sunt
3828 2972 3907 3028 ad

2253 3073 2447 3135 Deum,
2471 3073 2534 3121 ut
2562 3064 2752 3136 offerat
2771 3063 2913 3119 dona
2941 3069 2991 3117 et
3018 3061 3311 3137 sacrificia
3334 3077 3435 3134 pro
3452 3064 3690 3135 peccatis
3712 3063 3905 3132 (Hebr.

2248 3177 2305 3224 v,
2340 3158 2415 3224 1),
2437 3154 2559 3222 sed,
2594 3157 2658 3208 ut
2687 3151 2909 3207 dictum
2948 3154 3058 3219 est,
3089 3150 3219 3223 ipsa
3261 3167 3599 3207 sermonum
3630 3151 3906 3224 repetitio

2249 3246 2395 3302 tanti
2423 3241 2771 3305 sacramenti
2794 3245 2883 3297 est
2903 3239 3353 3309 commendatio,
3375 3245 3432 3297 et
3451 3240 3557 3313 piae
3580 3240 3907 3297 devotionis

485 3334 723 3403 gratiam
753 3333 1009 3404 spiritum
1038 3332 1343 3405 adoptionis
1386 3335 1691 3404 accepimus
1723 3332 1934 3405 (Ephes.
1967 3349 2029 3400 II,
2062 3331 2136 3405 ἥ),
2170 3315 2212 3382 C
2252 3334 2540 3403 excitatio,
2567 3332 2707 3406 quia
2748 3331 2871 3387 haec
2919 3333 3057 3385 sunt
3086 3345 3218 3385 vere
3263 3338 3453 3386 sancta
3482 3334 3538 3386 et
3570 3331 3809 3399 illibata,
3843 3330 3907 3386 id

487 3438 665 3495 quam
695 3422 1073 3478 commendat
1101 3422 1417 3495 Apostolus
1449 3422 1650 3478 dicens
1683 3439 1696 3477 ε
1729 3422 1833 3478 Sed
1862 3424 2144 3494 accepistis

483 3512 755 3585 Spiritum
782 3512 1086 3583 adoptionis
1115 3513 1363 3584 ﬁliorum
1390 3514 1449 3567 in
1471 3529 1576 3584 quo
1608 3513 1946 3568 clamamus:
1969 3513 2140 3578 Abba,

483 3602 648 3656 Pater
678 3601 852 3672 (Rom.
874 3616 997 3670 vm,
1026 3602 1135 3669 15).
1158 3601 1229 3655 Et
1255 3600 1384 3657 ideo
1414 3600 1475 3656 in
1506 3601 1616 3656 hoc
1639 3599 1859 3673 Spiritu
1881 3601 2145 3673 adoptio-

485 3688 598 3757 nis,
634 3689 733 3760 qui
768 3688 1027 3761 postulat
1058 3706 1162 3761 pro
1192 3690 1362 3747 nobis
1395 3690 1717 3763 gemitibus
1748 3689 2149 3746 inenarrabili-

485 3778 619 3845 bus,
643 3776 783 3849 quia
824 3794 923 3833 eos
974 3795 1123 3850 quos
1174 3778 1395 3850 replere
1427 3779 1725 3852 dignatur,
1766 3779 2146 3836 inenarrabili

487 3867 778 3924 desiderio
795 3874 1095 3940 gementes
1113 3872 1169 3923 et
1187 3868 1551 3940 postulantes
1569 3868 1949 3934 facit,clamat
1965 3885 2149 3924 sacer-

487 3957 593 4013 dos
615 3972 751 4012 cum
772 3955 1029 4013 Ecclesia
1049 3974 1164 4013 non
1188 3974 1346 4026 voce,
1363 3958 1463 4014 sed
1488 3958 1658 4014 corde
1683 3958 1884 4015 dicens
1908 3975 1921 4014 :
1952 3962 2017 4015 Te
2044 3961 2152 4029 igi-

488 4055 597 4110 tur,
621 4046 1034 4101 clementissime
1049 4051 1234 4114 Pater,
1248 4047 1521 4119 supplices
1540 4063 1798 4116 rogamus
1817 4056 1868 4103 et
1886 4050 2144 4119 petimus.

490 4137 624 4201 Quae
657 4134 1005 4208 supplicatio
1033 4139 1090 4191 et
1120 4134 1423 4191 inclinatio
1456 4136 1650 4193 cordis
1674 4138 1743 4192 ad
1770 4141 1948 4192 Deum
1970 4142 2146 4194 tantm

489 4224 823 4281 reverentiae
848 4227 905 4279 et
921 4222 1279 4280 humilitatis
1295 4241 1423 4280 esse
1440 4225 1630 4293 debet,
1647 4229 1712 4280 ut
1732 4225 1948 4281 imitari
1973 4231 2149 4298 queat

488 4312 633 4369 illud
657 4314 812 4386 quod
835 4314 905 4369 de
927 4330 1036 4369 sua
1057 4311 1485 4386 supplicatione
1505 4315 1817 4386 Apostolus
1842 4315 2012 4371 dicit:
2038 4318 2148 4371 Hu-

486 4404 575 4473 ius
602 4405 685 4459 rei
714 4404 897 4472 gratia
927 4405 1079 4474 [lecto
1108 4419 1291 4473 genua
1315 4420 1435 4459 mea
1459 4404 1529 4459 ad
1556 4406 1795 4473 Patrem,
1818 4421 1887 4459 ex
1906 4421 2011 4476 quo
2031 4421 2146 4461 om-

486 4494 577 4547 nis
603 4494 909 4563 paternitas
942 4494 1001 4547 in
1029 4493 1177 4548 caelis
1203 4501 1255 4548 et
1286 4494 1344 4548 in
1374 4501 1523 4549 terra
1540 4495 1861 4549 nominatur
1881 4495 2035 4567 (Eph.
2059 4512 2144 4561 ιιι,

486 4580 597 4651 44).
633 4580 695 4635 In
729 4597 846 4653 qua
874 4580 1118 4636 ﬂexione
1147 4598 1408 4654 genuum
1448 4599 1565 4638 non
1597 4583 1857 4655 corporis
1887 4588 2143 4656 prostra-

2254 3430 2343 3483 est
2371 3422 2646 3480 inviolata
2670 3425 2727 3477 et
2756 3420 3218 3475 incontaminata
3247 3419 3553 3492 sacriﬁcia,
3583 3436 3708 3492 quae
3741 3418 3913 3475 nulla

2254 3517 2427 3588 digne
2459 3514 2709 3586 possunt
2738 3509 2913 3565 verba
2954 3508 3216 3577 laudare,
3235 3526 3362 3581 quae
3394 3508 3453 3564 in
3485 3509 3762 3582 mysterio
3793 3509 3910 3564 Do-

2256 3603 2456 3661 minici
2486 3600 2744 3673 corporis
2776 3599 3120 3666 offeruntur,
3146 3598 3205 3653 in
3232 3599 3403 3671 cujus
3422 3599 3670 3672 figuram
3701 3598 3911 3655 hostiae

2254 3694 2367 3750 illae
2396 3692 2607 3750 veteris
2629 3689 2774 3762 legis
2793 3687 3185 3743 immaculata
3209 3705 3274 3743 ac
3299 3688 3425 3744 sine
3446 3687 3564 3744 ullo
3582 3688 3723 3744 vitio
3737 3688 3915 3759 jube-

2255 3786 2471 3841 bantur
2485 3777 2898 3851 oll‘erri,qualis
2916 3776 3076 3834 solus
3096 3778 3369 3834 inventus
3390 3782 3479 3834 est
3496 3777 3761 3834 Christus
3780 3777 3913 3835 sine

2256 3874 2376 3931 ullo
2397 3870 2635 3929 omnino
2657 3872 2909 3942 peccato.
2932 3867 3207 3940 Sequitur
3238 3868 3508 3924 sacerdos
3542 3872 3598 3924 et
3627 3867 3787 3923 dicit.

2328 3964 2416 4019 45.
2445 3966 2507 4016 In
2531 3960 2730 4032 primis
2760 3974 2881 4030 qua:
2907 3958 3011 4013 tibi
3031 3958 3312 4029 offerimus
3354 3974 3541 4030 usque
3581 3959 3791 4030 [amulo
3817 3966 3912 4016 tuo

2252 4070 2396 4126 papa
2421 4058 2620 4107 nostro.
2643 4050 2809 4118 (AUG.
2834 4048 2896 4102 in
2915 4047 3056 4118 psal.
3082 4046 3269 4119 cxxx.)
3292 4045 3386 4102 Sic
3403 4047 3640 4103 omnino
3659 4046 3911 4120 dignum

2254 4142 2365 4197 fuit
2394 4144 2461 4196 ut
2487 4138 2770 4210 inciperet
2797 4139 3000 4191 sancta
3025 4134 3262 4204 oblatio,
3281 4135 3548 4191 videlicet
3578 4153 3680 4208 pro
3709 4135 3909 4192 Eccle-

2257 4230 2345 4288 sia
2372 4229 2472 4286 Dei
2506 4231 2711 4285 sancta
2740 4224 3022 4282 catholica
3046 4228 3166 4280 toto
3197 4228 3486 4280 terrarum
3509 4225 3646 4281 orbe
3669 4224 3907 4281 diffusa.

2256 4321 2389 4393 Ipsa
2410 4322 2499 4374 est
2528 4316 2685 4374 enim
2711 4313 3061 4370 universitas
3091 4313 3379 4386 sanguine
3411 4314 3635 4369 Domini
3679 4314 3911 4371 redem-

2256 4412 2375 4482 pta.
2398 4409 2531 4481 lpsa
2550 4409 2639 4461 est
2664 4402 2970 4460 hereditas
3001 4420 3034 4459 a
3065 4402 3231 4458 Patre
3261 4402 3313 4458 ei
3345 4403 3635 4476 promissa
3661 4407 3717 4459 et
3747 4403 3906 4474 data,

2257 4498 2411 4554 sicut
2429 4497 2553 4569 ipse
2576 4495 2744 4550 Pater
2772 4493 3035 4565 loquitur
3054 4492 3113 4546 in
3137 4491 3365 4564 psalmo
3390 4510 3402 4549 :
3427 4494 3572 4549 Dabo
3592 4495 3696 4549 tibi
3723 4502 3911 4564 gentes

2254 4587 2619 4642 hereditatem
2635 4592 2805 4651 tuam,
2821 4591 2871 4638 et
2886 4582 3272 4654 possessionem
3291 4589 3440 4638 tuam
3460 4585 3722 4639 terminos
3743 4591 3913 4642 terrm

486 4668 588 4737 tio,
612 4671 714 4725 sed
737 4669 983 4742 supplex
1005 4672 1267 4739 affectus,
1294 4675 1351 4727 et
1371 4673 1563 4729 cordis
1586 4673 1856 4728 contritio
1876 4672 2147 4746 intelligi-
2176 4686 2223 4751 D
2256 4677 2429 4747 (Psul.
2462 4692 2523 4744 II,
2557 4676 2632 4742 8).
2667 4673 2798 4728 Hzec
2840 4670 3036 4727 unitas
3076 4671 3334 4743 corporis
3365 4671 3577 4728 Christi
3618 4672 3907 4746 templum

486 4763 603 4814 tur.
632 4759 711 4815 De
741 4776 859 4831 qua
901 4759 1209 4816 Psalmista
1247 4760 1362 4817 ait:
1386 4761 1733 4832 Sacri/icium
1762 4763 1867 4817 Deo
1915 4764 2145 4834 spiritus

484 4849 909 4917 coutribulatus,
940 4866 1032 4905 cor
1058 4852 1353 4906 contritum
1390 4860 1439 4906 et
1476 4851 1836 4906 humiliatum
1864 4852 2003 4907 Deus
2032 4868 2142 4907 non

485 4937 744 5009 despicies
774 4939 888 5010 (Ps.
925 4956 975 5006 L,
1011 4938 1118 5008 19).
1155 4940 1491 4995 Secundum
1538 4939 1644 4995 hoc
1693 4956 1829 5012 ergo
1877 4939 2091 4996 dicitur
2123 4957 2136 4996 :

485 5026 766 5099 Supplices
819 5044 1071 5099 rogamus
1102 5046 1165 5083 ac
1205 5030 1463 5101 petimus,
1498 5033 1552 5084 et
1610 5028 1719 5085 hoc
1777 5045 1879 5102 per
1937 5030 2140 5085 Jesum

487 5115 783 5171 Christum
800 5116 1008 5172 Filium
1030 5122 1194 5172 tuum
1211 5117 1525 5172 Dominum
1546 5123 1836 5187 nostrum,
1850 5135 1953 5190 per
1964 5135 2141 5191 quem

487 5205 679 5259 omnis
709 5204 1060 5277 supplicatio
1082 5211 1138 5261 et
1170 5207 1368 5278 petitio
1401 5212 1598 5263 nostra
1630 5208 1703 5262 ad
1742 5208 1927 5263 Deum
1967 5207 2141 5282 dirigi

487 5293 675 5362 debet,
696 5299 977 5365 tanquam
1009 5312 1112 5367 per
1140 5313 1340 5351 verum
1377 5296 1755 5351 mediatorem
1778 5300 1832 5351 et
1858 5300 2139 5353 aeternum

487 5383 987 5456 sacerdotem,qui
1021 5385 1182 5440 sedet
1206 5386 1275 5440 ad
1313 5387 1608 5441 dexteram
1644 5385 1851 5452 Patris,
1871 5392 1927 5442 et
1956 5385 2140 5442 inter-

487 5471 663 5544 pellat
692 5489 796 5544 pro
829 5473 1017 5529 nobis.
1039 5475 1146 5530 Pro
1170 5491 1287 5546 qua
1310 5479 1505 5530 autem
1531 5492 1590 5529 re
1613 5473 1752 5529 dicit
1775 5477 2046 5532 sacerdos
2068 5477 2139 5533 ad

484 5561 673 5619 Deum
696 5566 929 5618 Patrem
958 5580 1214 5635 rogamus
1243 5571 1295 5620 et
1318 5564 1571 5635 petimus,
1598 5563 1711 5619 nisi
1745 5581 1845 5637 pro
1877 5582 1942 5620 eo
1983 5567 2139 5638 quod

486 5648 773 5719 sequitur,
806 5650 1075 5708 videlicet
1119 5655 1185 5706 ut
1212 5668 1280 5706 ea
1310 5667 1439 5723 quae
1469 5651 1581 5724 ipsi
1610 5653 1934 5709 offeruntur
1964 5656 2138 5722 dona,

486 5752 734 5801 munera
752 5744 972 5815 sancta,
998 5740 1287 5801 sacriﬁcia
1306 5746 1564 5818 accepta,
1589 5742 1646 5800 id
1670 5746 1758 5801 est
1779 5743 2143 5821 beneplacita

2257 4766 2352 4822 Dei
2402 4769 2509 4833 est,
2552 4762 2644 4819 cui
2699 4759 3011 4835 Apostolus
3042 4760 3228 4816 dicit:
3269 4761 3545 4833 Templum
3599 4764 3749 4818 enim
3803 4765 3914 4819 Dei

2248 4863 2494 4912 sanctum
2521 4860 2599 4909 est
2644 4851 2783 4924 quod
2828 4852 2957 4906 estis
2986 4866 3076 4906 vos
3098 4850 3145 4922 (Ι
3173 4850 3291 4905 Cor.
3326 4867 3408 4919 ιιι,
3436 4851 3544 4923 17),
3569 4868 3772 4908 omnes
3805 4852 3909 4923 qui

2252 4946 2496 5001 credunt
2516 4942 2573 4997 in
2602 4941 2993 5008 Christum,et
3023 4939 3108 4995 sic
3128 4941 3373 4995 credunt
3399 4944 3461 4995 ut
3485 4939 3750 5014 diligant.
3787 4941 3907 4997 Hoc

2251 5038 2340 5090 est
2378 5033 2534 5087 enim
2588 5031 2818 5086 credere
2849 5027 2909 5083 in
2941 5028 3239 5084 Christum
3288 5028 3530 5102 diligere
3583 5028 3903 5087 Christum.

2251 5122 2557 5194 Tanquam
2586 5119 2813 5191 lapides
2835 5121 2975 5173 sunt
2993 5117 3125 5184 vivi,
3155 5118 3225 5173 de
3248 5117 3463 5189 quibus
3490 5117 3779 5190 templum
3803 5124 3907 5175 Do-

2251 5211 2396 5266 mini
2421 5209 2761 5267 aadiﬁcatur.
2777 5207 2894 5263 Hoc
2917 5211 3113 5263 autem
3131 5206 3419 5279 templum
3438 5212 3525 5263 est
3547 5208 3645 5263 ubi
3670 5212 3908 5282 rogatur

2249 5300 2403 5356 Deus
2434 5304 2491 5355 et
2540 5296 2793 5354 exaudit.
2828 5296 3107 5367 Quisquis
3155 5295 3311 5351 enim
3360 5301 3569 5369 prazter
3615 5296 3903 5370 templum

2249 5388 2498 5446 oraverit
2515 5388 2720 5454 Deum,
2736 5404 2853 5441 non
2878 5385 3189 5441 exauditur
3204 5386 3276 5441 ad
3298 5384 3464 5442 illam
3486 5403 3688 5459 pacem
3708 5404 3905 5459 super-

2249 5495 2408 5548 nam,
2445 5496 2561 5535 non
2609 5476 2917 5533 exauditur
2946 5475 3018 5530 ad
3051 5474 3229 5531 vitam
3275 5479 3572 5545 aeternam,
3609 5493 3737 5549 quae
3787 5493 3901 5533 non

2250 5567 2589 5624 conceditur
2619 5565 2732 5621 nisi
2763 5564 2814 5621 ei
2849 5563 2950 5636 qui
2989 5563 3048 5619 in
3100 5563 3315 5637 templo
3346 5564 3444 5621 Dei
3473 5570 3617 5621 orat.
3642 5565 3750 5629 Qui
3779 5568 3905 5621 orat

2249 5658 2307 5713 in
2340 5675 2480 5730 pace
2513 5655 2802 5724 Ecclesiae,
2831 5653 2891 5709 in
2923 5652 3147 5709 unitate
3191 5654 3449 5728 corporis
3480 5654 3716 5724 Christi,
3746 5655 3902 5728 quod

2249 5764 2460 5823 corpus
2482 5744 2694 5804 Christi
2720 5747 2955 5803 constat
2977 5759 3045 5803 ex
3074 5743 3278 5804 multis
3304 5744 3678 5805 credentibus
3698 5743 3759 5805 in
3780 5748 3901 5807 toto
