4082 6462
175 498 254 557 45

1399 499 1502 559 DE
1544 497 2066 560 EXPOSITIONE
2113 496 2390 560 MISS/E.

3528 494 3608 557 16

175 629 320 685 orbe
345 632 658 685 terrarum.
679 628 895 685 Etideo
919 630 1227 685 exauditur
1243 630 1341 702 qui
1370 634 1497 685 orat
1520 630 1576 685 in
1601 629 1838 702 templo,
1874 629 1921 697 Α
1956 628 2248 686 dationem
2284 630 2656 702 adjungitur:
2686 631 2801 687 Una
2831 646 2956 686 cum
2982 630 3192 702 famulo
3222 638 3313 686 tuo
3336 647 3485 703 papa
3512 644 3614 686 ηο·

174 718 324 791 quia
350 716 478 789 ipse
510 721 639 773 orat
669 717 729 772 in
764 717 969 790 spiritu
1004 723 1059 773 et
1090 720 1328 774 veritate
1364 719 1567 774 merito
1601 720 1673 775 ab
1705 736 1772 774 ea
1792 723 1850 774 et

147 824 291 874 ‘pro
322 823 411 873 ea,
445 805 587 878 quia
615 806 676 861 in
708 823 777 861 ea
804 806 1012 879 incipit
1048 807 1246 862 divina
1294 806 1532 873 oblatio,
1562 812 1846 879 tanquam

175 895 416 950 dicatur
444 899 560 950 Deo
593 895 664 950 de
694 894 797 950 illa
824 900 881 951 et
910 896 967 950 in
1004 894 1103 950 illa
1136 913 1148 950 :
1183 895 1405 951 Eraudi
1430 912 1548 963 nos,
1584 898 1845 966 Deus,sa-

171 985 192 1040 ι
200 986 388 1041 alaris
418 997 626 1053 noster,
659 1001 781 1056 spes
810 987 1055 1041 omnium
1099 986 1298 1056 ﬁnium
1336 994 1501 1042 terra?
1528 995 1578 1040 et
1612 987 1670 1040 in
1698 990 1847 1043 mari

169 1075 335 1143 longe
367 1073 547 1143 (Psal.
575 1090 724 1140 LXIV,
748 1073 830 1145 6).
857 1074 989 1145 Ipsa
1011 1077 1099 1129 est
1130 1090 1384 1146 namque
1416 1074 1636 1145 unitas,
1661 1093 1788 1147 qua:
1811 1093 1846 1131 a

167 1162 397 1218 ﬁnibus
420 1165 607 1229 terrae,
634 1162 693 1217 id
719 1167 809 1218 est
830 1162 900 1218 ab
923 1161 1156 1218 Oriente
1177 1165 1234 1218 et
1259 1162 1589 1231 Occidente,
1611 1165 1845 1236 Septen-

165 1252 364 1307 trione
396 1254 456 1307 et
499 1250 744 1307 Meridie
796 1252 867 1306 ad
916 1251 1233 1307 Dominum
1283 1250 1519 1317 clamat,
1554 1257 1610 1308 et
1638 1253 1780 1309 dicit
1811 1271 1844 1309 a

167 1341 397 1396 ﬁnibus
428 1344 596 1396 terrae
631 1357 644 1395 :
674 1340 756 1396 Ad
787 1349 836 1396 te
865 1342 1121 1410 clamavi,
1182 1342 1314 1396 dum
1366 1344 1696 1398 amriarctur
1751 1360 1845 1399 cor

163 1448 355 1488 meum
384 1432 561 1500 (Psal.
597 1449 687 1502 LX,
720 1431 796 1503 3).

236 1563 331 1617 46.
369 1563 536 1636 (Ism.
578 1562 681 1619 lib.
720 1580 821 1619 vnn
855 1562 1090 1635 0rigin.,
1126 1581 1174 1619 c.
1208 1564 1287 1633 l.)
1323 1565 1464 1621 Hinc
1495 1570 1551 1621 et
1582 1565 1840 1633 Ecclesia

167 1652 368 1708 Graece
393 1651 630 1720 dicitur,
655 1653 812 1725 quod
835 1654 891 1708 in
912 1652 1187 1709 Latinum
1205 1654 1452 1709 vertitur
1481 1656 1834 1724 convocatio,

166 1758 231 1799 eo
261 1742 430 1814 quod
457 1757 665 1797 omnes
697 1742 766 1796 ad
801 1758 863 1797 se
894 1747 1190 1811 convocet,
1226 1747 1284 1798 et
1315 1742 1604 1799 catholica
1635 1745 1835 1817 appel-

164 1829 344 1896 latur,
370 1830 432 1885 id
457 1833 548 1886 est
568 1830 990 1886 universitatis.
1010 1831 1138 1886 Non
1160 1832 1339 1898 enim,
1364 1832 1518 1889 sicut
1542 1834 1839 1890 conventi«

162 1919 299 1975 cula
330 1918 766 1987 haereticorum,
798 1918 858 1974 in
891 1918 1190 1991 aliquibus
1230 1922 1534 1993 regionum
1567 1923 1833 1995 partibus

161 2010 654 2077 coarctatur;sed
689 2025 792 2081 per
822 2014 1012 2063 totum
1046 2013 1334 2065 terrarum
1367 2012 1564 2066 orbem
1593 2012 1836 2069 dilatata
1864 2000 1912 2065 B

160 2098 546 2153 diffunditur.
574 2097 717 2152 llinc
739 2101 798 2152 et
819 2097 1168 2153 universitas
1186 2099 1258 2153 ab
1281 2116 1397 2155 uno
1421 2102 1831 2173 cognominata

160 2192 272 2252 est,
296 2203 369 2241 eo
394 2186 555 2258 quod
591 2185 649 2241 iu
682 2184 966 2242 unitatem
998 2185 1312 2258 colligitur,
1337 2190 1492 2244 unde
1522 2189 1602 2244 ait
1632 2190 1829 2246 Domi-

158 2294 272 2332 nus
296 2276 361 2331 in
387 2273 733 2349 Evangelio:
760 2277 875 2344 ()ui
894 2291 1106 2331 mecum
1134 2293 1247 2332 non
1264 2278 1498 2349 colligit,
1519 2281 1749 2351 spargit,
1773 2281 1830 2336 id

158 2370 249 2422 est
278 2365 388 2437 qui
419 2364 483 2420 in
507 2365 797 2420 unitatem
829 2381 1020 2425 meam
1048 2382 1165 2421 non
1188 2364 1501 2438 colligitur,
1525 2385 1558 2423 a
1575 2386 1669 2424 me
1689 2370 1831 2424 divi-

159 2472 262 2511 sus
296 2456 360 2510 in
396 2453 790 2526 dispersionis
828 2453 1155 2526 perditione
1206 2454 1546 2527 dissipatur.
1582 2458 1688 2513 Pro
1720 2458 1828 2515 hac

158 2544 363 2616 itaque
396 2543 661 2615 primum
695 2543 754 2597 in
784 2541 885 2598 illa
913 2542 1204 2599 oblatione
1236 2544 1589 2616 postulatur,
1619 2552 1683 2602 ut
1699 2565 1827 2604 eam

156 2634 314 2690 Deus
339 2637 467 2689 toto
489 2633 629 2689 orbe
648 2637 941 2688 terrarum
963 2634 1270 2705 paciﬁcare
1301 2633 1591 2707 dignetur,
1626 2636 1825 2693 videli-

156 2730 246 2781 cet
267 2742 345 2781 ne
368 2741 478 2797 per
508 2723 761 2779 haereses
785 2739 849 2778 ac
871 2721 1193 2779 schismata
1213 2725 1341 2795 ejus
1365 2725 1561 2780 unitas
1583 2724 1825 2782 dilania-

154 2820 387 2882 tur,aut
403 2812 762 2869 adversitate
786 2812 1259 2884 persecutionum
1282 2814 1411 2884 ejus
1432 2814 1825 2886 tranquillitas

153 2901 643 2976 perturbetur.Ut
663 2901 820 2956 enim
842 2906 992 2956 hanc
1014 2918 1216 2974 pacem
1241 2906 1358 2957 tam
1386 2902 1631 2958 interius
1645 2921 1824 2976 quam

153 2993 420 3049 exterius
442 2990 623 3047 faciat
643 2991 798 3045 Deus
824 2990 1090 3046 Ecclesia:
1116 3008 1256 3057 suae,
1283 2996 1339 3046 et
1361 2990 1484 3063 ipse
1509 2994 1823 3065 Apostolus

152 3087 280 3138 erat
311 3081 528 3137 dicens
558 3097 572 3136 :
604 3085 728 3136 Pax
761 3082 857 3135 Dei
880 3095 1007 3152 quae
1022 3088 1312 3152 exsuperat
1340 3097 1555 3137 omnem
1580 3100 1821 3151 sensum,

151 3172 432 3228 custodiat
488 3169 653 3226 corda
707 3177 886 3226 vestra
944 3178 995 3225 et
1048 3170 1443 3239 intelligentias
1500 3181 1703 3228 vestras
1762 3176 1821 3229 in

152 3262 373 3317 Christo
404 3262 538 3317 Jesu
566 3259 734 3328 (Phil.
770 3259 1273 3331 1v,7).Etomnem
1304 3259 1621 3316 Ecclesium
1656 3279 1821 3319 orare

1955 726 2086 783 stro,
2126 718 2253 791 ipsa
2285 719 2479 775 unitas
2510 718 2888 774 ecclesiastici
2921 718 3180 791 corporis
3214 717 3419 775 fortius
3451 736 3609 775 com-

1958 808 2445 881 mendatur.quia
2476 809 2685 863 divinzc
2717 807 3018 881 religionis
3048 808 3376 880 cultum,ut
3405 809 3613 865 beatus

1959 898 2070 953 Leo
2103 898 2324 966 scribit,
2355 915 2531 971 quem
2560 898 2619 953 in
2643 915 2846 954 omnes
2868 903 3070 971 gentes
3089 916 3410 970 omnesque
3430 898 3615 955 natio-

1956 1004 2061 1042 nes
2094 987 2194 1042 Dei
2224 987 2406 1043 voluit
2435 987 2623 1061 gratia
2648 988 3067 1053 coruscare,ita
3097 988 3384 1043 Dominus
3414 991 3612 1044 noster

1952 1075 2125 1132 Jesus
2146 1076 2414 1132 Christus
2436 1075 2674 1131 humani
2699 1077 2930 1150 generis
2962 1075 3225 1133 Salvator
3253 1076 3530 1144 instituit,
3545 1080 3613 1132 ut

1952 1164 2132 1236 hujus
2148 1166 2410 1221 muneris
2425 1170 2855 1221 sacramentum
2870 1165 2929 1221 in
2943 1165 3281 1222 beatissimo
3295 1166 3463 1222 Petro
3476 1183 3609 1239 apo-

1951 1254 2235 1310 stolorum
2268 1271 2504 1310 summo
2536 1253 2934 1327 principaliter
2963 1254 3289 1323 collocaret,
3324 1260 3500 1328 atque
3530 1256 3605 1313 ab

1950 1344 2098 1415 ipso,
2123 1343 2290 1416 quasi
2317 1344 2571 1415 quodam
2596 1343 2801 1415 capite,
2825 1344 2979 1400 dona
3000 1361 3107 1400 sua
3125 1344 3371 1401 velletin
3391 1362 3603 1418 corpus

1949 1448 2123 1487 omne
2156 1450 2414 1499 manare,
2448 1436 2514 1487 ut
2542 1437 2833 1488 exsortem
2867 1449 2928 1488 se
2958 1433 3219 1506 mysterii
3251 1431 3604 1507 intelligeret

1949 1537 2078 1576 esse
2100 1522 2303 1591 divini,
2329 1521 2427 1594 qui
2447 1540 2629 1579 ausus
2648 1525 2802 1579 esset
2823 1539 2857 1578 a
2878 1522 3029 1578 Petri
3059 1521 3352 1579 soliditate
3372 1523 3600 1579 recede-

1948 1626 2028 1665 re.
2056 1610 2221 1666 Hunc
2242 1612 2398 1666 enim
2423 1611 2482 1666 in
2506 1612 2868 1667 consortium
2902 1610 3215 1666 individua
3246 1610 3488 1667 unitatis
3511 1628 3601 1668 as-

1947 1704 2274 1771 sumptum,
2293 1700 2348 1755 id
2368 1701 2521 1772 quod
2538 1700 2662 1773 ipse
2674 1706 2797 1755 erat
2808 1698 3595 1768 voluitnominari,dicendo:

1950 1789 2024 1843 Tu
2052 1806 2107 1845 es
2138 1790 2349 1857 Petrus,
2382 1797 2432 1845 et
2462 1805 2627 1861 super
2672 1791 2814 1844 hanc
2856 1798 3073 1861 petram
3116 1789 3388 1860 mdiﬁcabo
3417 1790 3597 1846 Eccle-

1942 1880 2085 1932 siam
2120 1895 2297 1934 meam
2330 1879 2539 1951 (Matth.
2572 1896 2662 1947 xv,
2696 1879 2806 1948 l8).
2841 1878 3003 1934 Unde
3034 1881 3282 1947 constat,
3311 1877 3465 1934 sicut
3492 1878 3597 1936 ite-

1944 1984 2073 2021 rum
2108 1968 2312 2023 beatus
2339 1985 2490 2040 papa
2518 1967 2787 2040 Pelagius
2816 1968 3003 2037 docet,
3042 1968 3115 2023 ab
3149 1966 3405 2023 universi
3438 1969 3597 2025 orbis

1944 2057 2354 2112 communione
2376 2062 2674 2129 separatos
2694 2074 2822 2113 esse
2848 2058 2969 2130 qui,
2990 2050 3257 2129 qualibet
3281 2057 3598 2115 dissensio-

1942 2162 2033 2212 ne,
2052 2145 2203 2201 inter
2223 2162 2391 2201 sacra
2411 2146 2690 2218 mysteria
2718 2146 3021 2218 apostolici
3051 2147 3347 2220 pontiﬁcis
3377 2164 3594 2205 memo-

1941 2233 2089 2288 riam
2122 2235 2445 2290 secundum
2494 2235 2978 2291 consuetudinem
3029 2253 3144 2292 non
3194 2238 3587 2309 frequentant.

1940 2321 2218 2394 Sequitur
2246 2323 2305 2378 in
2338 2323 2612 2396 mysterio
2647 2342 2660 2380 :

2010 2478 2042 2531 4
2086 2520 2097 2531 .
2132 2479 2195 2533 Et
2227 2480 2474 2534 antistite
2501 2488 2703 2546 nostro,
2737 2487 2785 2534 et
2815 2480 3065 2537 omnibus
3089 2480 3401 2538 orthodoxis
3430 2489 3594 2555 atque

1937 2569 2247 2638 apostolicae
2284 2567 2416 2639 ﬁdei
2461 2568 2781 2624 cultoribus.
2835 2570 2999 2625 Sicut
3043 2571 3198 2626 enim
3252 2570 3591 2638 universali,

1937 2656 2206 2712 Ecclesia)
2230 2658 2707 2713 commemoratio
2734 2662 2969 2731 propter
2988 2659 3273 2716 unitatem
3297 2650 3592 2716 societatis

1937 2750 1995 2799 et
2010 2744 2166 2816 pacis
2182 2746 2309 2816 conj
2321 2763 2393 2799 un
2402 2746 2455 2817 gi
2464 2748 3009 2802 turcommemorati
3019 2748 3112 2803 oni
3136 2748 3438 2819 apostolici
3453 2766 3593 2821 pon-

1934 2834 2132 2900 tiﬁcis,
2166 2835 2249 2889 ita
2279 2834 2523 2906 dignum
2556 2840 2613 2889 et
2641 2834 2981 2908 religiosum
3013 2841 3101 2893 est
3132 2842 3196 2893 ut
3224 2837 3468 2911 singulae
3486 2838 3587 2894 Ec-

1935 2921 2122 2977 clesiae
2155 2923 2772 2979 commemorationem
2793 2925 3156 2998 subjungant
3176 2943 3418 2982 suorum
3436 2928 3585 2983 anti-

1934 3011 2163 3079 stitum,
2188 3012 2503 3084 probantes
2523 3030 2585 3069 se
2606 3030 2710 3085 per
2738 3013 2898 3069 illam
2923 3015 3244 3071 orationem
3277 3016 3581 3074 dominicae

1934 3102 2245 3157 oblationis
2278 3120 2505 3158 servare
2525 3119 2659 3158 cum
2681 3103 2766 3159 eis
2788 3104 3074 3161 unitatem
3106 3106 3352 3179 spiritus
3373 3106 3431 3162 in
3456 3107 3599 3176 vin-_

1932 3191 2061 3247 culo
2122 3191 2299 3263 pacis.
2339 3190 2604 3255 Ὀρθόδοξοι
2642 3197 2836 3248 autem
2889 3197 3101 3264 Graece,
3163 3195 3366 3251 Latine
3419 3206 3581 3254 rectae

1929 3283 2127 3351 gloriae
2157 3281 2452 3347 dicuntur,
2481 3298 2547 3336 eo
2575 3282 2730 3353 quod
2763 3281 2924 3338 nullo
2958 3282 3227 3339 haeretico
3258 3284 3579 3357 depravati,

151 3352 460 3448 ᾶςίωοῑιθξν
490 3365 627 3405 cum
660 3348 791 3448 ait}
830 3349 968 3404 V010
1014 3350 1394 3448 ίθίξῖινᾟνίηῖθ
1425 3353 1672 3448 William
1699 3354 1823 3424 βθνί
1853 3373 1895 3439 C
1934 3348 2100 3426 rectae
2130 3369 2264 3425 ﬁdei
2294 3370 2659 3425 confessione
2689 3370 2873 3425 Deum
2900 3371 3244 3444 gloriﬁcent.
3265 3348 3445 3430 [idem
3467 3348 3581 3448 ipsi

151 3441 585 3505 obsecrationes,
614 3439 908 3505 orationes,
935 3438 1353 3509 postulationes,
1385 3440 1695 3509 gratiarum
1726 3459 1820 3497 ac-

152 3532 344 3586 tiones.
384 3529 459 3583 Et
489 3531 622 3600 post
650 3525 958 3599 paululum
984 3543 998 3582 :
1028 3528 1088 3585 Ut
1119 3529 1357 3599 quietam
1384 3536 1434 3584 et
1462 3532 1824 3601 tranquillam

153 3622 321 3675 vitam
373 3634 610 3689 agamus
641 3619 702 3671 in
731 3619 885 3673 omni
926 3618 1129 3688 pietate
1159 3618 1208 3685 (I
1239 3618 1374 3671 Tim.
1409 3633 1470 3687 II,
1504 3618 1578 3691 l).
1616 3620 1820 3677 Postu-

147 3707 303 3764 latur
335 3711 544 3764 autem
598 3706 969 3778 omnipotens
1009 3706 1183 3772 Deus,
1216 3710 1280 3761 ut
1311 3706 1471 3763 illam
1505 3711 1819 3780 custodire,

146 3797 419 3852 adunare
440 3798 500 3850 et
518 3810 719 3866 regere
741 3793 1035 3866 dignetur.
1062 3794 1189 3866 Ipse
1212 3799 1301 3849 est
1332 3795 1487 3850 enim
1518 3814 1688 3854 verus
1720 3816 1821 3855 cu-

144 3890 261 3941 stos
291 3882 508 3958 populi
540 3881 729 3950 sui,id
762 3887 852 3938 est
878 3883 998 3938 veri
1030 3882 1229 3951 Israel,
1257 3884 1327 3938 de
1351 3901 1466 3956 quo
1500 3885 1559 3940 in
1590 3887 1820 3959 psalmo

143 3979 463 4030 cantatur:
493 3974 626 4027 Ecce
648 3988 763 4028 non
791 3972 1113 4028 dormitavit
1144 3989 1315 4044 neque
1344 3973 1574 4031 dormiet
1600 3979 1698 4048 qui
1725 3994 1819 4034 cu-

144 4064 308 4121 stodit
340 4063 525 4122 Israel
554 4062 667 4134 (Ps.
704 4079 833 4131 cxx,
858 4063 939 4131 3).
974 4063 1045 4117 Et
1078 4063 1293 4119 iterum
1328 4080 1340 4117 :
1392 4066 1514 4120 Nisi
1558 4067 1824 4124 Dominus

147 4154 482 4211 custodierit
521 4153 815 4219 civitatem,
848 4154 1063 4223 frustra
1092 4153 1290 4222 vigilat
1320 4155 1418 4224 qui
1444 4156 1675 4212 custodit
1701 4174 1825 4213 eam

150 4242 321 4313 (Psal.
359 4256 558 4312 cxxvl,
591 4241 664 4310 1).
699 4240 761 4295 Id
794 4240 990 4312 ipsum
1041 4245 1239 4297 autem
1286 4242 1519 4298 videtur
1564 4244 1822 4302 adunare

149 4332 300 4403 quod
320 4330 664 4405 paciﬁcare,
688 4329 747 4385 id
764 4329 1023 4402 idipsum
1043 4330 1333 4386 custodire
1353 4334 1509 4403 quod
1525 4336 1819 4405 etregere;

150 4420 286 4492 quia
313 4418 653 4477 Ecclesiam
673 4434 846 4474 suam
869 4418 1025 4474 Deus
1045 4423 1102 4474 et
1123 4420 1485 4491 paciﬁcando
1503 4422 1743 4491 adunat,
1768 4428 1826 4479 et

152 4509 478 4565 adunando
503 4507 792 4580 paciﬁcat,
819 4512 877 4563 et
894 4507 1276 4564 custodiendo
1300 4509 1467 4581 regit,
1497 4514 1554 4565 et
1570 4513 1822 4584 regendo

154 4598 432 4655 custodit.
458 4596 827 4653 Paciﬁcando
849 4613 1105 4669 namque
1137 4597 1359 4653 adunat
1391 4615 1525 4653 cum
1557 4600 1822 4656 omnium

156 4687 423 4744 ﬁdelium
455 4686 636 4742 corda
666 4686 727 4741 in
745 4703 855 4742 sua
882 4702 1023 4758 pace
1055 4687 1531 4759 conjungit,cum
1555 4690 1822 4745 omnium

1933 3476 2068 3532 ergo
2101 3464 2242 3515 sunt
2272 3457 2565 3514 catholicae
2597 3462 2652 3514 et
2672 3458 3002 3531 apostolica:
3024 3459 3158 3517 ﬁdei
3180 3461 3451 3531 cultores,
3485 3479 3582 3518 ca-

1933 3548 2180 3616 tholicae,
2215 3548 2271 3602 id
2303 3552 2393 3603 est
2425 3547 2790 3617 universalis,
2826 3565 3005 3620 quam
3053 3550 3327 3607 universa
3362 3552 3583 3625 ubique

1932 3644 2123 3697 servat
2152 3637 2427 3705 Ecclesia,
2453 3639 2836 3710 ejusdemque
2862 3642 2919 3693 et
2938 3639 3289 3713 apostolica,
3314 3658 3493 3715 quam
3523 3641 3584 3698 in

1928 3734 2050 3785 toto
2084 3728 2303 3783 mundo
2333 3726 2726 3799 apostolorum
2756 3728 3022 3784 doctrina
3048 3728 3334 3786 fundavit.

2002 3883 2090 3936 49.
2125 3880 2386 3935 Cultores
2416 3883 2610 3935 autem
2642 3879 2823 3951 hujus
2861 3880 2995 3936 ﬁdei
3027 3898 3143 3937 non
3169 3886 3418 3954 possunt
3445 3882 3581 3953 dici,

1931 3970 2047 4026 nisi
2069 3969 2152 4024 illi
2176 3969 2278 4042 qui
2308 3973 2461 4025 recte
2492 3969 2737 4024 credunt
2765 3973 2823 4025 et
2850 3969 3130 4026 veraciter
3157 3970 3432 4045 diligunt.
3465 3972 3584 4029 Hoc

1931 4059 2086 4116 enim
2120 4057 2530 4130 unusquisque
2560 4057 2697 4113 colit
2726 4060 2880 4131 quod
2913 4059 3167 4116 maxime
3195 4060 3405 4134 diligit.
3421 4061 3586 4118 Unde

1931 4153 1988 4205 et
2004 4150 2075 4204 de
2092 4148 2447 4220 quibusdam
2469 4147 2618 4220 gula
2639 4151 2696 4203 et
2716 4147 2934 4204 ventris
2963 4149 3326 4206 amatoribus
3342 4150 3423 4206 ait
3437 4153 3585 4225 Apo-

1933 4237 2122 4295 stolus
2158 4254 2170 4291 :
2205 4254 2443 4309 quorum
2490 4241 2635 4292 Deus
2681 4245 2867 4293 venter
2910 4247 2989 4293 est
3021 4238 3186 4311 (Phil.
3220 4256 3305 4310 ιιι,
3340 4240 3448 4310 19).
3483 4239 3585 4296 Ille

1932 4343 2069 4399 ergo
2099 4325 2364 4382 veritatis
2386 4323 2593 4394 cultor,
2621 4324 2933 4398 quijungit
2952 4326 3087 4381 ﬁdei
3121 4325 3586 4396 dilectionem,ut
3645 4364 3654 4371 —

1934 4421 2137 4480 Deum,
2171 4415 2242 4471 de
2273 4432 2388 4488 quo
2434 4418 2588 4471 recte
2635 4414 2837 4481 credit,
2871 4413 3167 4488 diligendo
3198 4415 3367 4486 colat,
3400 4421 3459 4473 et
3488 4433 3586 4474 co-

1934 4504 2106 4560 lendo
2128 4508 2548 4576 promereatur.
2577 4504 2708 4574 Ipsa
2728 4506 2816 4559 est
2837 4503 2982 4559 ﬁdes
3003 4521 3181 4577 quam
3213 4508 3588 4564 commendat

1933 4592 2254 4665 Apostolus
2283 4591 2483 4647 dicens
2518 4609 2531 4647 :
2564 4594 2624 4647 In
2656 4592 2866 4649 Christo
2912 4595 3064 4650 enim
3101 4596 3229 4652 Iesu
3272 4612 3446 4669 neque
3474 4599 3587 4653 cir-

1932 4682 2191 4738 cumcisio
2221 4682 2438 4753 aliquid
2464 4683 2625 4750 valet,
2656 4699 2831 4755 neque
2879 4686 3240 4756 prmputium,
3287 4686 3379 4742 sed
3432 4686 3584 4759 ﬁdes,

159 4775 426 4833 ﬁdelium
450 4781 679 4832 menter
704 4792 807 4848 per
830 4749 1114 4831 unitatem
1138 4749 1421 4848 ﬁdeirspei
1436 4781 1493 4832 et
1514 4777 1826 4835 charitatis
1856 4749 1902 4813 D
1937 4786 2064 4842 quae
2090 4786 2187 4842 Per
2213 4749 2557 4827 dilectionem
2586 4749 2841 4843 operatur
2869 4749 3014 4842 (Gal:
3044 4791 3120 4843 Vl,
3157 4749 3264 4844 15).
3300 4749 3499 4848 Neque
3529 4749 3587 4833 θλ

160 4865 332 4920 unius
384 4864 571 4921 efﬁcit
615 4863 956 4931 voluntatis,
988 4868 1045 4920 et
1075 4882 1179 4937 per
1215 4864 1499 4936 Spiritum
1549 4871 1820 4924 sanctum

159 4952 445 5010 charitate
469 4952 705 5033 diffusa,
730 4952 1047 5025 impleatur
1066 4952 1127 5008 in
1141 4970 1209 5009 ea
1224 4955 1377 5026 quod
1392 4955 1678 5027 scriptum
1701 4961 1823 5013 est:

158 5042 535 5100 Multitudinis
555 5042 892 5099 credentium
911 5051 1094 5099 autem
1126 5052 1245 5098 erat
1265 5059 1356 5099 cor
1374 5060 1549 5099 unum
1568 5052 1620 5100 et
1635 5048 1827 5103 anima

159 5147 268 5188 una
287 5134 428 5200 (Act.
454 5149 532 5198 IV,
551 5132 668 5203 32).
694 5132 766 5187 Et
795 5148 914 5188 ecce
941 5148 1108 5204 quam
1140 5134 1341 5188 bonum
1362 5140 1413 5188 et
1433 5150 1599 5204 quam
1618 5135 1827 5205 jucun-

162 5221 286 5276 dum
315 5222 579 5278 habitare
614 5223 819 5293 fratres
850 5224 912 5277 in
939 5238 1114 5277 unum
1146 5222 1258 5292 (Ps.
1295 5238 1482 5289 cxxx1,
1520 5225 1584 5292 t).
1619 5228 1823 5281 Custo-

165 5309 372 5367 diendo
404 5326 644 5382 quoque
674 5308 826 5384 regit
851 5311 1119 5366 eamdem
1142 5310 1485 5383 Ecclesium,
1509 5328 1649 5368 cum
1678 5313 1831 5370 inter

167 5400 362 5455 omnia
376 5397 643 5472 pericula
655 5397 976 5456 clementer
986 5416 1113 5456 eam
1128 5400 1421 5473 gubernat
1433 5404 1490 5456 et
1503 5401 1813 5474 dirigit.Cu

172 5494 402 5546 orantes
453 5487 516 5543 in
564 5487 795 5562 psalmo
844 5487 1097 5545 dicimus
1131 5507 1144 5545 :
1177 5491 1406 5545 Salvum
1444 5494 1549 5563 [αρ’
1566 5494 1832 5563 populum

176 5585 349 5645 tuum,
376 5586 428 5634 et
463 5577 685 5633 benedic
713 5577 1027 5635 hwreditati
1048 5586 1180 5646 tute,
1215 5586 1267 5635 et
1288 5595 1412 5648 rege
1441 5596 1529 5635 eos
1557 5588 1608 5636 et
1634 5583 1833 5638 extolle

177 5683 256 5723 eos
286 5684 458 5740 usque
491 5668 551 5722 in
579 5674 854 5725 retentum
879 5667 990 5741 (Ps.
1024 5685 1201 5735 xxvn,
1234 5668 1308 5741 8).

246 5803 337 5863 47.
370 5802 536 5873 Quod
570 5819 699 5860 vero
733 5804 867 5878 post
890 5802 1219 5878 generalem
1242 5801 1511 5864 Ecclesiae
1543 5820 1836 5867 commen-

1939 4860 2061 4915 nim
2082 4860 2142 4915 in
2164 4860 2504 4917 confusione
2526 4878 2908 4934 paganorum,
2935 4879 3124 4936 neque
3148 4863 3210 4919 in
3240 4881 3588 4938 purgamen-

1934 4949 2012 5005 tis
2024 4949 2716 5023 hzereticorum,nequein
2740 4950 3023 5025 languore
3047 4952 3585 5023 schismaticorum,

1936 5054 2124 5109 neque
2151 5037 2212 5092 in
2243 5039 2497 5094 caecitate
2525 5040 2862 5096 Judaeorum
2895 5044 3209 5114 quaerenda
3237 5042 3439 5115 religio
3462 5045 3586 5111 est;

1936 5127 2036 5183 sed
2068 5128 2223 5199 apud
2250 5144 2348 5184 eos
2379 5128 2535 5185 solos
2573 5129 2675 5201 qui
2706 5129 3042 5202 Christiani,
3076 5131 3345 5187 catholici
3374 5130 3462 5187 vel
3491 5147 3591 5186 or-

1934 5216 2169 5272 thodoxi
2204 5217 2609 5287 nominantur,
2636 5219 2693 5274 id
2726 5225 2815 5276 est
2846 5220 3201 5294 integritatis
3232 5219 3504 5278 custodes
3534 5222 3593 5278 et

1937 5310 2092 5362 recta
2122 5311 2432 5363 sectantes.

2011 5451 2099 5507 50.
2135 5450 2433 5524 Completa
2461 5451 2569 5508 hac
2601 5451 2880 5520 oratione,
2906 5468 3024 5523 qua
3045 5450 3104 5507 in
3126 5452 3336 5525 primis
3356 5452 3595 5509 univer~

1942 5539 2083 5596 salis
2116 5540 2375 5597 Ecclesia
2405 5558 2537 5596 cum
2565 5540 2883 5613 apostolico
2928 5541 3203 5614 pontiﬁce
3233 5545 3290 5598 et
3319 5543 3595 5601 omnibus

1943 5629 2279 5687 orthodoxis
2303 5631 2416 5687 Deo
2441 5631 2905 5701 commendatur,
2921 5631 3265 5705 adjungitur
3284 5632 3344 5688 in
3367 5632 3600 5691 conclu-

1945 5718 2106 5776 sione
2129 5735 2289 5775 more
2320 5718 2489 5776 solito
2515 5736 2527 5775 :
2562 5723 2668 5776 Per
2697 5723 2974 5780 Christum
3007 5724 3303 5779 Dominum
3329 5731 3598 5782 nostrum.

1943 5806 2127 5868 Aliter
2155 5808 2312 5868 enim
2339 5825 2444 5870 nec
2470 5809 2654 5871 oratio
2684 5829 2789 5873 nec
2820 5812 3037 5873 oblatio
3066 5812 3334 5875 Ecclesiae
3365 5814 3481 5875 Deo
3514 5814 3601 5879 οῖς
