4082 6440
500 420 580 479 47
1605 419 1834 480 FLORI
1878 419 2196 480 DIACONI
2242 419 2811 484 LUGDUNENSIS.
3833 420 3916 487 48

504 550 639 607 ferri
660 555 869 624 potest,
894 568 999 607 nec
1020 551 1121 607 illa
1143 552 1219 624 (a)
1232 570 1335 625 pro
1358 552 1572 624 quibus
1596 556 1743 608 Deus
1763 555 2037 607 exoratur
2054 567 2147 607 ac-
2178 558 2226 621 Α
2261 555 2625 608 cunctorum.
2651 551 2821 608 Omni
2851 551 3007 608 enim
3030 552 3296 610 Ecclesiae
3319 552 3534 609 dicitur
3555 570 3656 625 per
3673 554 3916 609 beatum

502 640 714 713 cipere,
737 640 849 696 nisi
873 658 977 714 per
996 659 1184 697 unum
1216 641 1592 698 mediatorem
1628 642 1724 697 Dei
1745 646 1803 697 et
1818 640 2151 708 hominum,

502 729 604 801 qui
634 728 968 802 interpellat
997 747 1101 804 pro
1133 729 1497 798 nobis.Quod
1520 748 1654 803 ergo
1678 731 1847 787 oll'ert
1874 730 2152 799 Ecclesia,

501 817 670 873 offert
696 835 799 891 per
828 817 1024 889 illum;
1052 820 1207 892 quod
1240 826 1391 877 Deus
1421 821 1686 876 eamdem
1718 819 2039 876 Ecclesiam
2054 836 2153 892 pa-

503 905 755 973 ciﬁcare,
788 908 1100 978 custodire,
1148 910 1407 965 adunare
1455 908 1746 982 dignetur,
1780 912 2019 982 praestat
2056 925 2159 980 per

504 993 710 1050 illum:
736 1013 841 1069 per
869 997 1064 1069 ipsum
1096 1001 1295 1054 nostra
1324 999 1397 1053 ad
1429 998 1613 1054 Deum
1645 1002 1777 1054 vota
1808 998 2155 1065 ascendunt,

506 1101 612 1157 per
630 1084 824 1158 ipsum
851 1086 1047 1141 divina
1069 1086 1140 1142 ad
1158 1104 1265 1143 nos
1285 1088 1441 1143 dona
1461 1088 1842 1143 descendunt.
1859 1088 1977 1142 lloc
1991 1104 2159 1142 nam-

511 1189 624 1245 que
656 1174 779 1246 ipse
807 1174 865 1229 in
894 1173 1203 1247 Evangelio
1234 1177 1609 1232 commendat
1637 1176 1865 1231 dicens:
1895 1177 2032 1244 Quia
2064 1192 2159 1244 ego

511 1263 581 1317 ad
598 1268 819 1318 Patrem
848 1264 998 1333 vado,
1024 1272 1077 1320 et
1101 1265 1371 1337 quidquid
1393 1267 1666 1337 petieritis
1695 1267 1755 1321 in
1780 1267 2001 1323 nomine
2018 1281 2156 1331 meo,

511 1352 609 1407 hoc
633 1353 861 1422 facium,
891 1361 951 1409 ut
981 1354 1317 1425 clari/icetur
1358 1360 1525 1411 Pater
1572 1357 1633 1410 in
1672 1356 1821 1412 Filio
1853 1355 2026 1427 (Joan.
2060 1372 2157 1422 xu,

508 1441 621 1513 23).
650 1443 836 1508 Quam
869 1442 1170 1515 petitionis
1201 1444 1450 1499 formam
1484 1444 1542 1499 in
1574 1444 1735 1500 omni
1766 1443 2024 1500 oratione
2054 1459 2164 1500 sua

512 1531 769 1587 custodit
795 1531 1074 1588 Ecclesia.
1109 1532 1389 1605 Sequitur
1415 1532 1473 1588 in
1506 1533 1802 1607 mysterio.

580 1620 673 1675 5|.
706 1621 986 1690 Memento,
1041 1624 1290 1691 Domine,
1335 1625 1674 1695 famulorum
1719 1624 2164 1695 lautitiarumque

513 1719 756 1777 tuarum,
789 1720 839 1767 et
886 1714 1133 1767 omnium
1187 1712 1750 1780 circunuidstantium,
1784 1730 2017 1785 quorum
2063 1712 2167 1767 tibi

515 1799 646 1871 ﬁdes
675 1802 891 1870 cognita
923 1809 1001 1857 est
1032 1810 1081 1856 et
1096 1810 1223 1858 nota
1246 1802 1470 1858 devotio.
1498 1803 1560 1857 In
1584 1802 1798 1874 quibus
1820 1801 2012 1858 verbis
2030 1818 2163 1857 cum

516 1888 775 1961 primum
811 1889 1027 1945 dicitur
1055 1907 1068 1945 :
1103 1889 1379 1958 Memento,
1412 1893 1666 1962 Domine,
1697 1890 2044 1963 famulorum
2073 1891 2161 1961 fa-

517 1979 901 2050 mularumque
929 1988 1171 2047 tuarum,
1201 1984 1258 2036 et
1288 1980 1371 2035 sic
1400 1980 1610 2035 deinde
1659 1980 2040 2053 subjungitur
2069 1996 2083 2034 :
2116 1987 2167 2034 et

520 2069 767 2122 omnium
821 2070 1354 2135 circumastantium,
1404 2054 1781 2124 manifestum
1844 2073 1932 2123 est
1988 2068 2164 2140 quod,

520 2156 688 2228 quasi
711 2157 949 2229 quidam
972 2157 1137 2213 locus
1159 2158 1254 2226 sit,
1274 2158 1392 2227 ubi,
1409 2158 1706 2230 aliquibus
1726 2156 2056 2230 specialiter
2072 2173 2167 2211 no-

519 2244 781 2316 minatis,
806 2246 981 2303 etiam
1002 2251 1345 2304 caaterorum
1363 2248 1478 2320 -qui
1511 2248 1799 2304 assistunt
1824 2246 1883 2301 in
1910 2246 2168 2302 Ecclesia

520 2336 997 2392 commemoratio
1032 2337 1411 2410 adjungatur.
1442 2336 1508 2391 In
1539 2354 1654 2409 quo
1685 2336 1881 2409 itaque
1910 2335 2034 2391 loco
2068 2339 2170 2390 aut

519 2422 770 2479 liberum
800 2429 890 2480 est
919 2426 1224 2494 sacerdoti,
1258 2442 1408 2497 quos
1455 2424 1869 2482 desideraverit
1906 2426 2168 2498 particu-

518 2511 719 2568 lariter
748 2513 1073 2581 nominare,
1108 2518 1166 2570 et
1192 2514 1539 2571 nominatim
1570 2516 1686 2571 Deo
1717 2515 2166 2571 commendare:

522 2606 624 2657 aut
653 2607 808 2659 certe
837 2601 982 2658 illud
1014 2603 1085 2659 ab
1118 2604 1380 2676 antiquis
1431 2604 1800 2661 observatum
1851 2606 1958 2671 est,
1995 2606 2061 2657 ut
2089 2601 2169 2658 ibi

522 2690 889 2748 offerentium
922 2691 1162 2748 nomina
1193 2694 1596 2762 recitarentur,
1614 2694 1769 2766 quod
1794 2692 2019 2748 videtur
2039 2692 2171 2747 bea-

521 2784 619 2837 tus
640 2798 792 2853 papa
814 2781 1189 2839 Innocentius
1210 2782 1269 2838 in
1289 2784 1542 2855 quadam
1561 2782 1805 2856 epistola
1817 2781 2169 2855 signiﬁcare,

523 2870 624 2925 ubi
646 2868 762 2925 ait:
791 2893 818 2922 «
840 2870 1214 2943 Superﬂuum
1239 2876 1345 2939 est,
1370 2876 1434 2927 ut
1454 2873 1622 2943 cujus
1636 2871 1891 2928 hostiam
1923 2871 2173 2927 necdum

525 2964 639 3015 Deo
669 2961 899 3029 offeras,
925 2961 1053 3031 ejus
1075 2965 1208 3016 ante
1241 2979 1452 3017 nomen
1483 2962 1768 3029 insinues,
1804 2960 2072 3033 quamvis
2090 2958 2173 3014 illi

530 3049 894 3122 incognitum
929 3049 1073 3104 nihil
1103 3050 1199 3105 sit.
1242 3050 1409 3106 Prius
1465 3066 1602 3123 ergo
1660 3049 1982 3106 oblationes
2040 3052 2179 3104 sunt

530 3138 1029 3207 commendandae,
1045 3156 1116 3195 ne
1136 3143 1275 3195 tunc
1289 3156 1491 3196 eorum
1510 3138 2027 3211 nomina,quorum
2040 3143 2179 3194 sunt

527 3228 830 3304 edicenda,
864 3232 929 3283 ut
958 3228 1111 3284 inter
1140 3245 1307 3284 sacra
1336 3228 1617 3301 mysteria
1646 3227 2045 3298 nominentur,
2060 3243 2176 3283 non

526 3300 679 3374 inter
711 3316 826 3372 alia
856 3333 982 3389 qua:
1014 3322 1150 3374 ante
1180 3300 1612 3389 praemittimus,
1645 3323 1711 3372 ut
1739 3316 1850 3389 ipsi
1882 3316 2174 3389 mysteriis
2206 3300 2248 3368 C

523 3406 679 3462 viam
703 3406 916 3463 futuris
939 3406 1208 3479 precibus
1231 3406 1619 3478 aperiamus.»
1641 3406 1725 3461 Fit
1746 3422 1881 3478 ergo
1902 3406 2023 3462 haec
2045 3424 2173 3462 ora-

522 3495 604 3552 tio
627 3496 700 3552 ad
725 3496 910 3552 Deum
934 3496 1184 3567 Patrem,
1211 3500 1278 3551 ut
1299 3512 1523 3552 memor
1543 3513 1670 3553 esse
1693 3496 1967 3568 dignetur
1993 3497 2177 3551 famu-

527 3584 718 3640 lorum
750 3584 1226 3658 famularumque
1256 3602 1520 3653 suarum,
1554 3585 1861 3657 utriusque
1909 3584 2178 3641 videlicet

525 3690 699 3731 sexus
722 3674 833 3730 sibi
856 3675 1259 3743 servientium,
1285 3692 1401 3730 non
1425 3674 1616 3731 solum
1641 3691 1844 3730 eorum
1862 3674 1961 3745 qui
1996 3674 2180 3729 nomi-

524 3769 762 3830 nantur,
798 3765 901 3820 sed
946 3768 1002 3821 et
1048 3764 1315 3820 omnium
1374 3763 1943 3831 circumastantium,
1988 3781 2055 3818 ac
2107 3764 2177 3819 de

524 3853 800 3910 omnibus
830 3858 887 3910 et
916 3871 1020 3927 pro
1052 3853 1329 3909 omnibus
1361 3853 1539 3909 simul
1572 3853 1803 3920 dicitur,
1820 3869 2053 3925 quorum
2076 3854 2180 3908 tibi

523 3944 653 4015 ﬁdes
683 3946 901 4013 cognita
931 3952 1008 3999 est
1038 3953 1089 4000 et
1119 3950 1249 4000 nota
1276 3943 1501 4011 devotio,
1537 3943 1593 3999 id
1640 3946 1749 4011 est,
1792 3959 1971 4015 quam
2026 3945 2178 3998 recte

526 4036 788 4103 credant,
811 4051 991 4107 quam
1024 4034 1226 4090 devote
1255 4038 1310 4089 te
1341 4034 1609 4106 diligant,
1634 4039 1698 4088 tu
1725 4032 1888 4089 solus
1923 4033 2088 4088 vides
2116 4033 2176 4088 in

525 4124 898 4181 conscientiis
931 4121 1423 4196 singulorum.Tu
1443 4140 1506 4178 es
1529 4123 1685 4178 enim
1717 4126 1986 4178 scrutans
2002 4122 2177 4178 corda

524 4218 580 4269 et
601 4231 790 4281 renes,
816 4218 871 4269 et
895 4214 1000 4269 tibi
1029 4212 1311 4269 veraciter
1339 4212 1562 4267 dictum
1592 4215 1716 4267 est:
1749 4213 1822 4267 Tu
1851 4213 2001 4267 enim
2028 4212 2177 4267 solus

521 4306 669 4360 nosti
689 4303 853 4360 corda
876 4305 1123 4375 filiorum
1151 4303 1456 4373 hominum,
1481 4300 1580 4372 qui
1612 4300 1672 4355 in
1704 4301 1821 4357 tuis
1851 4300 2176 4357 cultoribus

523 4395 714 4468 magis
744 4393 1098 4450 oblationem
1125 4391 1260 4447 ﬁdei
1289 4395 1347 4446 et
1368 4390 1689 4445 devotionis
1722 4388 2172 4462 requiris;ﬁdei,

523 4501 656 4539 cum
680 4501 783 4556 per
814 4482 1205 4555 legislatorem
1235 4484 1404 4535 tuum
1431 4479 1578 4536 dicis
1610 4496 1624 4534 :
1657 4479 1827 4546 Audi,
1853 4480 2041 4546 Israel,
2074 4484 2176 4535 Do-

520 4577 707 4629 minus
737 4574 880 4628 Deus
932 4580 1058 4626 tuus
1109 4575 1250 4627 Deus
1288 4586 1429 4624 unus
1456 4575 1536 4624 est
1554 4570 1730 4639 (Deut.
1763 4586 1840 4637 v1,
1875 4570 1928 4637 4)
1956 4587 1968 4636 ;
2002 4569 2173 4625 devo-

2265 640 2498 697 Petrum
2523 641 2853 714 apostolum
2879 657 2891 696 :
2920 642 3015 698 Vos
3044 650 3227 698 autem
3254 659 3422 714 genus
3450 643 3698 709 electum,
3731 644 3919 712 regale

2263 730 2627 787 sacerdotium
2651 731 2698 801 (I
2728 732 2872 787 Petr.
2907 749 2970 797 ιι,
3001 731 3078 800 9),
3114 732 3321 788 offerre
3364 731 3658 804 spiritales
3691 731 3919 789 hostias

2266 824 2323 874 et
2350 818 2736 892 acceptabiles
2767 825 2882 875 Deo
2915 836 3018 893 per
3065 820 3272 877 Jesum
3317 820 3637 878 Christum.
3670 820 3920 878 Omnem

2266 924 2402 982 ergo
2420 908 2739 965 Ecclesiam
2763 910 3153 965 sacerdotium
3177 914 3446 967 sanctum
3473 909 3746 983 appellat,
3762 910 3921 982 quod

2268 995 2394 1052 sola
2409 997 2619 1053 domus
2640 1004 2833 1053 Aaron
2858 998 2916 1053 in
2940 997 3065 1071 lege
3094 1016 3307 1055 nomen
3330 1003 3386 1055 et
3406 999 3668 1055 ofﬁcium
3690 998 3920 1067 habuit,

2268 1084 2408 1156 quia
2419 1084 2700 1141 nimirum
2715 1104 2918 1143 omnes
2935 1087 3137 1144 ﬁdeles
3159 1088 3377 1143 summi
3402 1088 3721 1145 sacerdotis
3743 1104 3927 1144 mem-

2268 1173 2375 1229 bra
2404 1174 2681 1241 existunt,
2717 1176 2914 1231 cuncti
2964 1176 3088 1233 oleo
3131 1176 3345 1233 laetitias
3395 1177 3728 1250 signantur,
3760 1176 3925 1232 illius

2269 1265 2495 1337 corpori
2519 1264 2691 1331 uniti,
2716 1265 2815 1338 qui
2840 1284 2937 1321 rex
2957 1284 3229 1323 summus
3251 1271 3306 1323 et
3326 1267 3595 1323 sacerdos
3617 1272 3705 1323 est
3728 1284 3922 1323 verus.

2271 1353 2535 1427 Regnum
2587 1354 2711 1410 suis
2760 1354 2967 1410 tribuit
3010 1360 3074 1411 ut
3103 1373 3221 1424 rex,
3255 1361 3313 1411 et
3343 1360 3407 1411 ut
3432 1356 3690 1428 pontifex
3717 1372 3923 1415 eorum

2271 1447 2507 1514 peccata
2520 1442 2609 1499 sui
2633 1443 2941 1517 sanguinis
2961 1444 3154 1500 hostia
3171 1446 3487 1512 mundans,
3507 1462 3845 1517 quanquam
3867 1449 3929 1501 et

2271 1531 2331 1586 in
2358 1533 2559 1590 eadem
2592 1533 2718 1606 lege
2745 1532 2969 1590 Veteris
2996 1534 3353 1591 Testamenti
3388 1534 3568 1605 hujus
3598 1533 3928 1607 spiritualis

2271 1622 2601 1689 sacerdotii,
2636 1639 2750 1694 quo
2777 1626 2899 1678 tota
2928 1622 3184 1679 Ecclesia
3214 1627 3604 1693 consecratur,
3630 1622 3931 1679 evidenter

2273 1710 2620 1783 mysterium
2652 1712 3119 1781 commendatur,
3142 1728 3276 1767 cum
3296 1712 3393 1768 ille
3412 1729 3600 1786 agnus
3623 1713 3682 1768 in
3706 1712 3931 1786 pascha

2275 1800 2643 1869 mactandus,
2667 1801 2824 1872 quod
2846 1801 3008 1856 vobis
3032 1801 3373 1858 immolatus
3395 1805 3484 1858 est
3513 1801 3930 1871 Christus,non

2276 1905 2309 1942 a
2353 1887 2493 1944 solis
2541 1889 2962 1957 sacerdotibus,
2998 1891 3097 1945 sed
3144 1890 3217 1945 ab
3266 1889 3536 1946 universo
3582 1890 3935 1962 generaliter

2276 1977 2489 2050 populo
2504 1979 2748 2049 jubetur
2769 1978 3084 2045 immolari,
3110 1979 3335 2035 dicente
3356 1978 3600 2035 Domino
3624 1998 3637 2035 :
3674 1980 3933 2036 Immotu-

2278 2067 2353 2122 bit
2380 2083 2505 2122 eum
2532 2068 2710 2122 omnis
2738 2067 3033 2122 multitudo
3070 2068 3316 2139 ﬁliorum
3356 2069 3525 2125 Israel
3552 2070 3622 2125 ad
3650 2086 3935 2142 vesperam

2276 2156 2470 2228 (Exod.
2498 2172 2598 2223 x11,
2621 2157 2699 2225 6).
2724 2156 2890 2212 Hunc
2920 2173 3174 2228 namque
3205 2173 3423 2229 agnum
3454 2157 3511 2213 in
3546 2157 3806 2230 paschali
3842 2176 3936 2215 so-

2275 2244 2579 2300 lemnitate
2610 2244 2980 2301 immolatum
3011 2246 3212 2301 eadem
3244 2245 3335 2301 lex
3364 2251 3421 2302 et
3436 2247 3734 2303 victimam
3757 2253 3815 2303 et
3831 2248 3936 2304 ho-

2278 2334 2452 2390 stiam
2485 2338 2542 2389 et
2572 2333 2924 2390 sacriﬁcium
2957 2351 3087 2391 esse
3135 2337 3527 2402 commendat,
3558 2336 3937 2410 praecipiente

2278 2422 2545 2491 Domino,
2576 2427 2633 2478 et
2661 2422 2888 2479 dicente
2922 2440 2934 2479 :
2968 2427 3093 2480 Non
3138 2425 3449 2482 immolabit
3474 2442 3639 2498 super
3664 2428 3937 2499 fermento

2276 2513 2602 2583 sanguinem
2656 2513 2849 2569 hostire
2904 2528 3062 2580 meae,
3110 2530 3286 2586 neque
3342 2514 3599 2571 residebit
3650 2531 3813 2571 mane
3869 2515 3940 2572 de

2278 2603 2503 2657 victima
2537 2601 2900 2657 solemnitatis
2931 2602 3104 2674 phase
3130 2603 3324 2671 (Exod.
3355 2621 3546 2670 xxxrv,
3579 2605 3691 2676 25).
3724 2605 3793 2659 Et
3822 2603 3938 2659 ite-

2280 2707 2412 2746 rum
2437 2708 2450 2745 :
2475 2691 2660 2756 Nemo,
2682 2689 2895 2762 inquit,
2918 2693 3015 2763 qui
3031 2693 3203 2763 fuerit
3224 2693 3541 2748 immundus
3558 2709 3724 2765 super
3742 2695 3939 2749 anima

2278 2797 2401 2846 sua,
2435 2781 2492 2834 in
2524 2782 2615 2835 via
2636 2781 2827 2851 procul
2857 2782 2918 2835 in
2946 2788 3101 2849 gente
3144 2789 3342 2847 vestra,
3391 2784 3566 2854 faciat
3606 2783 3777 2854 phase
3823 2787 3938 2840 Do-

2279 2870 2432 2925 mino
2477 2884 2659 2925 mense
2703 2869 2936 2925 secundo
2966 2870 3155 2941 (Num.
3188 2888 3264 2939 1x,
3302 2873 3409 2940 10).
3440 2872 3506 2926 Et
3534 2875 3667 2943 post
3697 2888 3890 2944 pauca
3923 2889 3936 2928 :

2284 2959 2346 3014 Si
2373 2959 2497 3030 quis
2542 2965 2724 3014 autem
2766 2958 3006 3014 mundus
3058 2968 3158 3027 est,
3188 2969 3240 3016 et
3270 2962 3327 3015 in
3360 2962 3560 3017 itinere
3584 2977 3695 3017 non
3722 2963 3852 3033 fuit,
3889 2970 3945 3019 et

2287 3055 2466 3104 tamen
2494 3064 2605 3104 non
2633 3050 2766 3120 fecit
2803 3049 2997 3120 phase,
3032 3051 3494 3106 exterminabitur
3520 3052 3711 3106 anima
3740 3051 3844 3107 illa
3873 3051 3944 3107 de

2280 3139 2499 3211 populis
2518 3140 2654 3202 suis,
2679 3140 2812 3210 quia
2839 3139 3178 3209 sacriﬁcium
3195 3141 3423 3196 Domino
3450 3156 3563 3196 non
3592 3141 3791 3196 obtulit
3809 3148 3945 3196 tem-

2284 3244 2414 3300 pore
2440 3244 2539 3284 suo
2571 3227 2753 3299 (Ibid.,
2785 3228 2893 3298 13).
2927 3227 3189 3284 Oﬂ‘erunt
3217 3244 3354 3301 ergo
3387 3230 3714 3285 sacerdotes
3735 3228 3943 3287 Eccle-

2288 3316 2405 3386 siae,
2439 3316 2606 3372 offert
2657 3333 2761 3388 per
2808 3315 2968 3388 ipsos
2997 3320 3055 3371 et
3083 3316 3141 3371 in
3174 3316 3320 3389 ipsis
3364 3322 3486 3373 tota
3535 3316 3788 3373 Ecclesia
3817 3318 3942 3375 Deo

2284 3404 2865 3471 sacriﬁciumlaudis,
2881 3406 3034 3477 quod
3060 3422 3094 3461 a
3113 3405 3439 3462 cultoribus
3461 3406 3586 3463 suis
3608 3406 3719 3463 sibi
3741 3406 3939 3463 offerri

2284 3495 2410 3568 ipse
2439 3493 2730 3566 praecepit,
2765 3493 2967 3549 dicens
3002 3510 3014 3548 :
3049 3494 3277 3552 Immola
3306 3497 3413 3551 Deo
3442 3496 3782 3567 sacriﬁcium
3811 3496 3942 3552 lau-

2283 3584 2389 3650 dis,
2420 3591 2471 3639 et
2501 3582 2660 3639 redde
2688 3584 2967 3640 Altissimo
2997 3593 3119 3640 vota
3148 3592 3243 3641 tua
3271 3585 3444 3654 (Psal.
3472 3603 3622 3654 xux,
3660 3587 3769 3654 14).

2353 3674 2442 3728 53.
2476 3674 2921 3742 (Αυδυετιωυε.)
2943 3674 3067 3730 Non
3101 3676 3255 3746 quod
3278 3692 3313 3731 a
3334 3674 3503 3731 nobis
3532 3679 3815 3747 tanquam
3846 3674 3945 3731 in-

2286 3762 2492 3835 digens
2523 3766 2751 3834 expetat
2780 3761 3045 3831 laudem;
3072 3764 3171 3819 sed
3207 3767 3272 3819 ut
3300 3763 3359 3819 in
3384 3781 3451 3820 ea
3472 3764 3639 3820 nobis
3670 3763 3948 3820 consulat

2286 3852 2357 3906 ad
2380 3850 2819 3921 salutem,sicut
2838 3855 2894 3907 et
2924 3850 2985 3907 in
3017 3852 3220 3907 eodem
3254 3852 3482 3925 psalmo
3516 3853 3728 3908 iterum
3761 3852 3942 3909 dicit:

2284 3941 2631 4012 Sacriﬁcium
2671 3942 2854 3996 laudis
2902 3942 3285 4013 honoriﬁcavit
3333 3959 3438 4008 me,
3472 3951 3522 3998 et
3554 3942 3672 3998 illic
3718 3943 3812 3997 via
3839 3951 3943 4009 est,

2284 4031 2385 4086 ubi
2455 4030 2731 4087 ostendam
2800 4031 3044 4086 salutare
3116 4048 3299 4087 meum
3374 4031 3556 4103 (Ibid.,
3611 4031 3721 4103 33).
3788 4032 3945 4097 Quid

2285 4125 2373 4176 est
2421 4119 2577 4176 enim
2627 4118 2883 4175 salutare
2930 4120 3053 4186 Dei,
3105 4120 3218 4176 nisi
3271 4120 3453 4176 Filius
3510 4121 3631 4189 Dei,
3679 4119 3949 4177 Salvator

2285 4210 2539 4267 mundi?
2570 4210 2696 4282 Ipse
2728 4209 2908 4283 igitur
2934 4210 3202 4265 sacerdos
3233 4214 3290 4266 et
3317 4210 3555 4266 victima
3583 4208 3945 4266 sacriﬁcium

2284 4298 3067 4372 laudisimplevit,malorum
3083 4316 3324 4373 operum
3347 4299 3612 4355 tribuens
3638 4297 3947 4371 indulgen-

2282 4392 2449 4459 tiam,
2484 4393 2542 4445 et
2588 4389 2736 4444 bene
2783 4389 3064 4461 operandi
3108 4388 3364 4463 largiens
3413 4388 3683 4461 gratiam.
3713 4388 3798 4443 Ad
3830 4387 3945 4445 hoc

2284 4480 2441 4535 enim
2465 4478 2748 4534 Dominus
2770 4476 3120 4533 sacriﬁcium
3143 4477 3336 4534 laudis
3358 4477 3431 4533 ab
3453 4478 3582 4548 ejus
3614 4477 3944 4535 cultoribus

2284 4568 2643 4634 immolatur,
2668 4571 2733 4621 ut
2752 4566 2851 4639 qui
2874 4564 3159 4639 gloriatur
3171 4566 3230 4623 in
3243 4567 3491 4623 Domino
3504 4566 3803 4641 glorietur.
3817 4570 3943 4623 Hoc

521 4663 720 4733 tionis,
745 4678 875 4717 cum
911 4660 1109 4715 statim
1142 4658 1663 4731 adjungitzbiliges
1691 4659 1985 4714 Dominum
2003 4660 2175 4713 Deum
2205 4672 2251 4737 Ι)
2282 4676 2417 4731 ergo
2449 4656 2803 4713 sacriﬁcium
2821 4654 3034 4723 laudis,
3061 4655 3117 4712 id
3140 4659 3229 4712 est
3246 4656 3597 4713 oblationem
3624 4654 3941 4713 Dominicaa

520 4761 676 4809 tuum
723 4768 793 4808 ex
849 4760 953 4807 toto
998 4748 1156 4805 corde
1205 4756 1297 4803 tuo
1345 4748 1527 4819 (Ibid.,
1558 4749 1635 4819 5).
1680 4749 1753 4803 Et
1806 4747 1957 4802 hanc
1990 4748 2168 4819 [cum]

520 4843 694 4898 ﬁdem
729 4844 785 4897 et
816 4839 1182 4895 devotionem
1237 4838 1348 4893 Deo
1398 4836 1622 4905 offerre,
1657 4837 1767 4893 hoc
1797 4840 1887 4892 est
1914 4853 2043 4892 vere
2076 4853 2170 4891 sa-

522 4931 806 4987 criﬁcium
839 4929 1115 4999 salutare,
1149 4931 1239 4982 est
1266 4926 1563 4983 attendere
1613 4926 1928 4982 mandatis.
1963 4926 2168 4998 Sequi-

519 5026 618 5076 tur
648 5021 707 5074 in
741 5019 1016 5091 mysterio
1051 5034 1064 5071 :

588 5113 677 5165 52.
714 5110 820 5178 Qui
850 5108 951 5163 tibi
980 5108 1214 5178 offerunt
1241 5106 1337 5161 hoc
1364 5106 1700 5176 sacri/icium
1730 5105 1931 5172 laudis,
1965 5106 2171 5178 tibique

519 5201 753 5256 reddunt
788 5205 905 5253 rota
929 5214 1031 5252 sua
1071 5204 1276 5253 attento
1308 5201 1417 5252 Deo
1450 5197 1567 5251 vivo
1598 5203 1648 5250 et
1679 5211 1820 5251 vero.
1856 5194 1919 5249 In
1953 5194 2169 5267 quibus

519 5289 708 5345 verbis
731 5286 1219 5342 considerandum
1243 5289 1353 5350 est,
1372 5285 1527 5357 quod
1546 5288 1666 5339 tota
1687 5282 1945 5339 Ecclesia
1964 5283 2169 5340 offerat

519 5379 635 5433 Deo
666 5375 808 5430 illud
842 5374 1194 5431 sacriﬁcium
1229 5372 1451 5443 laudis;
1472 5378 1529 5428 et
1559 5372 1697 5445 quia
1726 5373 1797 5427 de
1830 5372 1990 5426 omni
2020 5371 2169 5427 mul-

514 5465 766 5522 titudine
794 5463 1299 5520 circumstantium
1333 5462 1594 5518 ﬁdelium
1626 5462 1841 5516 dicitur
1876 5478 1888 5516 :
1921 5464 2034 5531 Qui
2062 5464 2168 5518 tibi

514 5557 769 5628 offerunt.
803 5555 965 5621 Quod
1004 5554 1160 5609 enim
1193 5552 1548 5624 adimpletur
1578 5550 1808 5622 proprie
1838 5550 2163 5608 ministerio

515 5645 906 5712 sacerdotum,
924 5643 1029 5699 hoc
1044 5641 1394 5717 generaliter
1415 5640 1609 5713 agitur
1632 5640 1743 5694 ﬁde
1773 5643 1829 5694 ct
1860 5639 2164 5697 devotione

580 5734 656 5810 (a)
690 5733 752 5792 Id
770 5736 858 5794 est
876 5731 1135 5793 Ecclesia
1163 5735 1442 5791 constans
1472 5746 1541 5787 ex
1569 5728 1844 5787 omnibus
1867 5729 2157 5790 ﬁdelibus.

2282 4746 2595 4821 passionis,
2630 4745 2689 4800 in
2721 4762 2839 4818 qua
2869 4744 3033 4802 nulla
3063 4750 3266 4802 nostra
3294 4746 3504 4801 merita
3534 4746 3937 4818 agnoscimus,

2280 4839 2381 4894 sed
2402 4836 2589 4893 solam
2617 4836 2714 4892 Dei
2734 4836 2984 4909 gratiam
3008 4836 3445 4904 collaudamus;
3471 4836 3609 4909 quia
3626 4836 3685 4891 in
3707 4836 3818 4892 hoc
3840 4852 3943 4910 ap-

2280 4925 2476 4999 paruit
2496 4925 2750 4981 charitas
2768 4924 2868 4981 Dei
2891 4925 2950 4980 in
2974 4925 3311 4997 nobis,quia
3331 4925 3700 4998 unigenitum
3721 4923 3940 4981 Filium

2282 5032 2456 5072 suum
2477 5014 2637 5071 misit
2667 5015 2821 5070 Deus
2847 5015 2908 5069 in
2938 5016 3252 5082 mundnm,
3278 5019 3342 5070 ut
3368 5015 3633 5071 vivamus
3655 5031 3758 5087 per
3776 5031 3937 5083 eum,

2282 5123 2398 5161 non
2420 5104 2589 5177 quasi
2611 5122 2719 5160 nos
2750 5103 3127 5161 dilexerimus
3150 5108 3354 5173 Deum,
3381 5104 3482 5161 sed
3507 5105 3787 5177 quoniam
3811 5104 3941 5177 ipse

2281 5195 2440 5267 prior
2468 5194 2669 5249 dilexit
2698 5197 2898 5260 nos,et
2928 5193 3091 5249 misit
3121 5193 3334 5249 Filium
3358 5210 3532 5249 suum
3565 5192 3938 5266 propitiatio-

2278 5301 2412 5340 nem
2445 5300 2549 5357 pro
2581 5282 2833 5355 peccatis
2864 5282 3101 5339 nostris.
3136 5283 3297 5338 Hanc
3330 5283 3497 5339 offert
3526 5281 3751 5339 devotio
3784 5282 3937 5339 ﬁde-

2277 5373 2422 5429 lium
2444 5390 2547 5447 pro
2567 5389 2629 5428 se
2650 5372 2891 5445 suisque
2915 5372 3211 5441 omnibus,
3235 5372 3295 5427 id
3316 5375 3404 5428 est
3424 5372 3493 5428 ad
3518 5388 3580 5429 se
3600 5372 3687 5428 vel
3720 5388 3934 5445 genere

2273 5463 2361 5519 vel
2394 5460 2810 5530 familiaritate,
2844 5461 2931 5517 vel
2979 5460 3241 5534 qualibet
3286 5462 3401 5518 alia
3429 5462 3779 5529 conditione,
3816 5462 3931 5517 sub

2274 5554 2539 5625 ejusdem
2562 5552 2696 5608 ﬁdei
2722 5551 3081 5625 professione
3113 5551 3567 5623 pertinentibus,
3590 5555 3710 5608 tam
3731 5551 3927 5608 viven-

2272 5642 2431 5700 tibus
2451 5641 2717 5700 videlicet
2739 5657 2917 5718 quam
2946 5640 3214 5699 mortuis.
3239 5642 3309 5700 Et
3330 5641 3439 5698 hoc
3462 5658 3581 5716 qua
3601 5658 3704 5716 spe
3725 5640 3928 5700 ﬁdeles
