4082 6466
180 428 258 505 te
1406 441 1510 504 DE
1551 440 1826 505 uxrem

1939 441 2081 504 DNE
2123 442 2406 508 Μίδεω.
3530 430 3609 511 so

179 577 401 636 faciant
430 576 982 651 subjungitur,qute
1014 594 1131 634 non
1164 594 1268 651 pro
1301 575 1498 651 aliquo
1529 574 1837 649 temporali
1866 575 1922 642 Α
1952 578 2081 651 ejus
2119 577 2451 653 integritas,
2484 597 2599 638 non
2637 580 2764 655 jam
2816 580 2913 640 ille
2958 580 3197 658 Virgine
3247 587 3604 654 nasceretur,

176 668 365 740 lucro,
400 668 505 725 sed
545 666 918 724 solummodo
962 685 1063 740 pro
1109 666 1477 740 redemptione
1524 667 1842 722 animarum

174 776 433 825 suarum,
458 774 559 830 pro
587 774 681 830 spe
704 758 901 814 salutis
927 766 979 814 ct
1008 759 1404 814 incolumitatis
1431 771 1570 825 suae,
1599 772 1702 828 pro
1736 772 1839 828 spe

172 848 449 905 videlicet
476 851 705 904 aeterne
728 845 1081 920 salutis.Spe
1108 845 1265 902 enim
1287 845 1428 902 salvi
1451 845 1586 901 facti
1606 861 1835 901 sumus.

171 938 292 994 Nec
324 936 522 995 solum
553 954 657 1010 pro
690 935 878 993 salute
909 940 1143 1005 aeterna,
1178 936 1280 992 sed
1311 934 1486 991 etiam
1502 935 1838 1007 protempo-

172 1027 280 1083 rali
312 1026 742 1091 incolumitate,
775 1026 833 1081 id
864 1028 954 1082 est
985 1024 1269 1098 corporali
1302 1023 1571 1080 sanitate.
1607 1021 1838 1078 Incolu-

170 1119 354 1174 mitas
381 1116 541 1173 enim
576 1115 852 1172 sanitatis
870 1113 1461 1187 integritas.Utraque
1481 1111 1637 1169 enim
1651 1111 1833 1179 salus,

169 1208 387 1263 animae
420 1204 646 1262 scilicet
675 1208 734 1260 et
765 1203 1048 1277 corporis,
1082 1204 1154 1259 ab
1210 1201 1309 1259 illo
1351 1206 1457 1270 est,
1489 1202 1560 1257 de
1609 1218 1724 1273 quo
1774 1202 1833 1257 in

166 1296 404 1370 psalmo
435 1294 671 1352 canitur
701 1311 714 1349 :
746 1295 970 1350 Domini
995 1300 1072 1349 est
1097 1292 1265 1349 salus.
1303 1293 1439 1358 Tibi,
1473 1290 1685 1363 inquit,
1704 1290 1832 1346 red-

164 1386 307 1442 dunt
333 1393 463 1442 vota
490 1402 594 1441 sua
622 1391 828 1442 aeterno
859 1387 968 1439 Deo
995 1384 1118 1439 vivo
1143 1389 1196 1438 et
1220 1397 1363 1446 vero,
1380 1381 1551 1452 juxta
1581 1380 1737 1452 quod
1772 1380 1832 1434 in

165 1475 402 1548 psalmo
434 1473 732 1530 redditur:
756 1474 822 1529 Et
848 1472 1011 1529 redde
1039 1470 1313 1527 Altissimo
1334 1477 1457 1527 vota
1488 1468 1832 1536 tua,votavi-

164 1563 381 1620 delicet
413 1563 551 1619 ﬁdei
574 1565 631 1618 et
642 1562 750 1635 piae
765 1561 1217 1633 devotionis,per
1236 1576 1413 1632 quam
1437 1557 1830 1630 nosmetipsos

161 1654 278 1711 Deo
308 1653 583 1711 vovimus
613 1656 671 1709 et
698 1648 1304 1722 reddimus.Quisquis
1322 1649 1480 1704 enim
1511 1648 1657 1703 bene
1677 1646 1830 1719 cogi-

160 1748 248 1800 tat
277 1743 442 1817 quod
473 1742 592 1799 Deo
622 1744 856 1797 voverat
876 1744 931 1796 et
960 1756 1087 1812 quas
1114 1742 1248 1795 vota
1276 1736 1702 1810 persolvat,hac
1715 1735 1830 1792 exi-

159 1833 345 1907 gitur,
378 1832 493 1888 hac
524 1832 789 1895 debetur,
822 1832 888 1883 ut
926 1829 1190 1901 seipsum
1234 1830 1439 1883 voveat
1491 1829 1548 1882 et
1598 1825 1825 1880 reddat.

156 1923 275 1979 Sed
311 1922 471 1978 sicut
496 1920 821 2015 videndum
850 1922 939 2015 est
970 1916 1112 1990 quid
1145 1915 1455 2014 oll‘erat,ita
1485 1914 1661 2015 etiam
1690 1930 1825 2015 con-
1864 1950 1906 2015 Β

158 2010 550 2068 siderandum
581 2012 672 2064 est
701 2006 802 2062 ubi
834 2004 1204 2077 otierat;quia
1233 2002 1351 2058 veri
1384 2001 1830 2057 sacriﬁciiextra

158 2099 522 2157 catholicam
551 2095 873 2153 Ecclesiam
919 2093 1085 2151 locus
1114 2110 1231 2148 non
1265 2091 1539 2155 est,unde
1570 2088 1826 2145 multum

157 2191 601 2263 consequenter
628 2184 975 2259 adjungitur
1002 2183 1063 2239 in
1095 2181 1396 2254 mysterio.

226 2280 325 2336 54.
374 2278 848 2336 Communicantes
896 2281 947 2330 et
998 2274 1322 2329 memoriam
1375 2276 1713 2335 venerantes,
1767 2270 1828 2324 in

153 2371 385 2444 primis,
418 2370 557 2433 etc.,
597 2382 789 2438 usque
833 2372 883 2420 et
929 2364 1176 2420 omnium
1221 2369 1536 2417 sanctorum
1586 2368 1822 2415 tuorum.

158 2461 358 2533 (Anc).
403 2460 563 2525 Quos
611 2454 755 2511 dicit
801 2452 1306 2510 communicantes
1364 2454 1421 2506 et
1480 2448 1825 2505 memoriam

152 2550 513 2607 venerantes
543 2546 727 2602 beatae
760 2542 1071 2600 Genitricis
1101 2541 1223 2610 Dei,
1259 2543 1315 2596 et
1343 2537 1745 2612 apostolorum
1771 2540 1827 2593 et

156 2644 518 2711 martyrum,
553 2638 610 2690 et
638 2632 902 2690 omnium
936 2635 1297 2699 sanctorum,
1330 2627 1446 2684 nisi
1477 2631 1534 2683 et
1562 2627 1825 2700 seipsum

154 2728 442 2786 sacerdos
521 2726 622 2796 qui
691 2723 878 2792 offert,
957 2723 1015 2777 et
1080 2736 1284 2776 omnes
1351 2718 1821 2785 circumstantes,

154 2818 259 2893 qui
290 2815 479 2875 simul
511 2814 765 2871 offerunt
795 2828 980 2867 unum
1012 2809 1364 2867 sacriﬁcium
1394 2805 1628 2863 laudis?
1659 2806 1823 2872 Quod

155 2913 219 2965 ut
277 2909 402 2964 Deo
461 2903 652 2978 possit
702 2919 833 2958 esse
891 2903 1197 2972 acceptum
1256 2903 1312 2951 et
1369 2894 1823 2968 beneplacitum,

152 3015 275 3055 non
306 2994 456 3052 alibi
488 2993 599 3049 hoc
628 2992 881 3048 offerunt
911 2993 965 3045 et
998 2988 1332 3044 sacerdotes
1345 2989 1401 3042 et
1418 2983 1673 3040 Ecclesia
1688 2999 1824 3039 cum

153 3084 593 3150 sacerdotibus,
625 3081 741 3137 nisi
774 3080 834 3134 in
868 3077 1279 3135 communione
1311 3080 1369 3131 ct
1399 3074 1672 3130 societate
1694 3089 1825 3128 san-

154 3174 486 3241 ctorum,in
521 3170 738 3244 quibus
767 3167 950 3224 voluit
977 3168 1131 3222 idem
1162 3164 1535 3236 omnipotens
1554 3163 1824 3218 DeusEc-

153 3265 349 3322 clesiaa
386 3279 511 3317 sua:
540 3263 810 3316 constare
842 3252 1484 3321 fundamentum,sicut
1511 3251 1826 3324 Apostolus

153 3355 299 3411 dicit
331 3370 348 3409 :
386 3352 533 3407 Estis
579 3350 719 3405 cives
755 3354 1067 3403 sanctorum
1096 3352 1148 3400 et
1176 3344 1461 3400 domestici
1482 3342 1599 3405 Dei,
1629 3355 1820 3412 super-
1851 3325 1893 3392 C

151 3443 428 3516 aediﬁcati
456 3455 624 3513 super
667 3436 1088 3511 fundamentum
1118 3433 1485 3506 apostolorum
1511 3437 1563 3485 et
1589 3428 1821 3502 prophe-

153 3542 343 3590 tarum
379 3530 550 3603 (Eph.
585 3544 648 3597 II,
684 3526 865 3595 19).In
900 3540 1105 3581 eorum
1135 3538 1271 3594 ergo
1310 3517 1723 3577 communione
1767 3522 1824 3572 et

152 3620 461 3679 memoria:
489 3615 862 3673 veneratione
893 3618 1176 3685 tanquam
1207 3611 1266 3665 in
1297 3607 1518 3681 templo
1535 3624 1668 3663 vero
1696 3607 1820 3674 Dei,

151 3712 325 3768 oﬁ‘ert
378 3707 609 3764 devotio
657 3703 923 3760 ﬁdelium
974 3702 1092 3757 Deo
1139 3704 1277 3755 vota
1324 3704 1381 3755 et
1419 3714 1664 3753 munera
1692 3713 1819 3762 sua,

152 3805 209 3857 et
235 3800 378 3856 ideo
411 3797 566 3851 ﬁunt
593 3791 1100 3851 communicantes
1130 3805 1331 3845 eorum
1366 3785 1661 3843 memoria:
1691 3789 1821 3841 tan-

153 3906 335 3961 quam
370 3883 480 3941 filii
502 3886 739 3957 patrum
763 3886 819 3937 et
841 3883 1158 3937 sectatores
1182 3875 1656 3949 praecedentium.
1673 3874 1822 3940 Quid

152 3983 241 4035 est
268 3976 439 4035 enim
468 3966 954 4037 communicantes,
978 3969 1091 4025 nisi
1116 3967 1550 4024 communionem
1577 3971 1628 4019 et
1653 3965 1821 4020 socie-

154 4076 327 4126 tatem
361 4067 633 4122 tenentes?
662 4062 731 4117 Et
755 4060 898 4134 quid
927 4063 1018 4115 est
1047 4074 1249 4114 eorum
1284 4054 1628 4111 memoriam
1652 4070 1823 4109 vene-

154 4159 295 4224 rari,
331 4154 453 4211 nisi
486 4169 621 4208 cum
652 4151 867 4224 pietate
898 4152 955 4204 et
985 4145 1317 4203 humilitate
1346 4161 1548 4201 eorum
1578 4142 1825 4215 vestigia

153 4245 364 4321 sequi?
384 4244 471 4299 Ad
502 4242 655 4298 hanc
686 4239 1025 4296 societatem
1056 4253 1164 4292 nos
1193 4235 1400 4290 beatus
1421 4233 1677 4288 Joannes
1690 4248 1824 4304 apo-

154 4337 347 4393 stolus
382 4331 641 4389 invitans
672 4329 754 4386 ait
786 4347 799 4384 :
836 4327 983 4396 Quod
1012 4326 1250 4383 vidimus
1279 4332 1331 4379 et
1360 4322 1696 4388 audivimus,
1729 4338 1825 4376 an-

154 4427 488 4482 nuntiamus
515 4419 761 4476 vobis.Et
779 4416 947 4491 quasi
976 4415 1473 4486 interrogarcmus
1491 4411 1631 4483 quid
1655 4409 1823 4466 nobis

156 4514 472 4588 prodesset
502 4508 605 4564 illa
634 4505 1026 4571 annuntiatio,
1061 4503 1141 4559 ait
1174 4520 1186 4557 :
1227 4503 1287 4560 Ut
1316 4510 1368 4558 et
1394 4517 1487 4556 vos
1518 4500 1825 4556 societatem

157 4604 412 4660 habeatis
442 4600 737 4656 nobiscvm.
757 4596 824 4651 Et
852 4611 925 4651 ne
955 4593 1088 4667 quis
1118 4590 1614 4649 contemnendum
1645 4592 1824 4660 puta-

160 4698 244 4749 r'et
268 4693 431 4748 hanc
458 4687 800 4744 societatem
850 4687 1134 4755 tanquam
1183 4679 1512 4745 hominum,
1547 4677 1823 4733 continuo

162 4781 435 4855 adjunxit
470 4795 484 4832 :
518 4778 583 4832 Et
610 4777 839 4832 societas
866 4779 1046 4829 vestra
1080 4773 1155 4827 sit
1193 4786 1318 4825 cum
1364 4770 1528 4824 Patre
1572 4775 1623 4822 et
1672 4768 1823 4822 Filio

162 4873 276 4944 ejus
314 4870 462 4926 Jesu
497 4865 751 4932 Christo,
782 4861 1095 4918 manifeste
1126 4858 1463 4925 ostendens,
1498 4856 1638 4928 quia
1688 4855 1823 4927 qui—

165 4975 426 5032 cumque
475 4955 813 5011 societatem
862 4967 997 5007 cum
1044 4949 1159 5006 Deo
1206 4947 1421 5003 habere
1469 4944 1820 5009 desiderant,

167 5050 361 5122 primo
389 5042 661 5101 Ecclesiae
687 5040 951 5097 societati
995 5034 1510 5102 debent‘adunari,
1544 5033 1825 5106 illamque

168 5139 347 5195 ﬁdem
383 5133 705 5199 addiscere,
739 5133 797 5186 et
825 5130 952 5202 ejus
983 5125 1366 5185 sacramentis
1403 5123 1612 5191 imbui,
1645 5139 1824 5195 quam

170 5225 423 5302 apostoli
455 5224 528 5279 ab
559 5222 692 5294 ipsa
720 5223 1005 5293 praesente
1035 5217 1095 5272 in
1139 5232 1313 5271 carne
1341 5212 1596 5269 Veritate
1627 5227 1824 5302 perce-

170 5314 522 5390 perunt.Pro
549 5312 681 5385 ipsa
710 5308 866 5365 enim
897 5311 955 5364 et
984 5306 1171 5364 sancti
1192 5301 1647 5377 martyrespassi
1666 5304 1823 5368 sunt,

171 5412 226 5463 et
253 5407 392 5479 ipsa
426 5399 718 5459 catholica
764 5398 1046 5453 fundatur
1092 5393 1366 5460 Ecclesia,
1400 5391 1495 5447 cui
1542 5391 1723 5446 beatae
1771 5393 1829 5446 et

173 5494 443 5569 gloriosae
500 5488 764 5563 Virginis
829 5490 1036 5561 partus
1090 5482 1315 5541 exstitit
1378 5480 1587 5539 salutis
1658 5497 1828 5536 exor-

173 5584 361 5641 dium.

240 5674 333 5731 55.
372 5672 589 5745 (AUG).,
620 5683 786 5726 serm.
820 5667 966 5738 186).
990 5666 1125 5730 Quas
1156 5678 1287 5718 vere
1317 5675 1547 5730 semper
1575 5660 1830 5715 creditur

175 5764 360 5837 virgo,
392 5759 537 5835 quia
564 5759 653 5816 vel
684 5757 733 5814 si
765 5755 1014 5813 Domino
1043 5755 1319 5811 nascente
1360 5754 1831 5821 corrumperetur

1951 684 2206 742 eumque
2239 668 2407 739 falso,
2442 671 2599 743 quod
2632 671 2804 741 absit,
2837 678 3041 730 natum
3073 675 3144 731 de
3172 674 3394 748 virgine
3426 674 3610 732 Maria

1950 762 2072 813 tota
2102 759 2476 816 confiteretur
2502 760 2780 831 Ecclesia,
2816 763 2908 819 cui
2948 781 3052 836 pro
3081 763 3325 819 humani
3376 764 3605 837 generis

1949 846 2138 903 salute
2166 865 2300 904 vero
2349 850 2575 905 homini
2624 851 2776 907 facto
2809 852 3093 926 singulari
3128 870 3369 909 munere
3400 855 3603 909 datum

1947 939 2038 993 est
2066 941 2149 1004 ut,
2186 938 2387 994 statim
2419 956 2488 995 ex
2517 957 2633 1012 quo
2675 940 2735 996 in
2769 945 2932 998 utero
2984 943 3245 1015 Virginis
3293 943 3517 1015 concipi
3549 947 3605 1000 et

1945 1026 2121 1082 homo
2151 1027 2274 1082 ﬁeri
2308 1027 2607 1101 inciperet,
2632 1046 2805 1087 verus
2834 1035 2989 1087 esset
3018 1036 3075 1088 et
3116 1032 3271 1088 Deus
3306 1049 3318 1087 :
3352 1033 3508 1088 unde
3546 1036 3603 1089 et

1945 1116 2149 1172 eadem
2181 1116 2435 1189 gloriosa
2465 1133 2697 1191 semper
2723 1119 2883 1193 virgo
2914 1120 3098 1176 Maria
3128 1139 3265 1178 vera
3293 1121 3394 1177 Dei
3436 1121 3598 1193 geni-

1943 1203 2056 1259 trix
2086 1206 2375 1261 credenda
2402 1210 2491 1263 est
2519 1210 2576 1262 et
2605 1208 3098 1281 conﬁtenda.lpsa
3117 1226 3254 1282 ergo
3277 1210 3337 1264 in
3360 1210 3469 1265 hac
3499 1227 3594 1265 ve-

1943 1293 2186 1349 nerabili
2220 1295 2634 1351 communione
2666 1301 3002 1352 sanctorum
3023 1299 3213 1370 prima
3228 1299 3596 1371 ponitur,per

1943 1399 2120 1455 quam
2153 1388 2208 1438 et
2237 1382 2323 1438 illi
2353 1387 2410 1440 et
2440 1401 2548 1440 nos
2580 1386 2906 1441 meruimus
2939 1388 3377 1443 auctoremvita:
3410 1387 3592 1443 susci-

1940 1476 2160 1544 pere,et
2188 1473 2240 1529 ei
2271 1474 2647 1548 conjungitur
2666 1475 3117 1532 communicatio
3129 1476 3432 1532 beatorum
3451 1494 3588 1549 apo-

1940 1559 2224 1616 stolorum
2247 1566 2302 1617 et
2315 1566 2786 1636 martyrum,non
2809 1564 3000 1620 solum
3015 1565 3113 1637 qui
3128 1565 3222 1621 hic
3238 1564 3587 1621 nominatim

1938 1649 2475 1723 exprimuntur,sed
2507 1656 2563 1708 et
2591 1653 2856 1709 omnium
2876 1670 3127 1726 quorum
3145 1671 3248 1710 nec
3274 1671 3587 1710 numerum

1938 1756 2045 1795 nec
2075 1739 2316 1796 nomina
2344 1740 2491 1797 scire
2523 1759 2861 1814 possumus.
2882 1744 2951 1799 Et
2980 1747 3202 1810 tamen,
3222 1744 3271 1799 si
3294 1742 3422 1799 istis
3439 1760 3587 1815 pau-

1939 1828 2022 1883 cis
2055 1828 2375 1886 nominatis
2405 1831 2499 1903 pie
2526 1831 2915 1902 adhaeremus,
2936 1831 3241 1887 etiamillis
3255 1848 3403 1903 quos
3416 1848 3587 1886 nosse

1939 1934 2053 1973 non
2086 1935 2424 1991 possumus,
2455 1920 2515 1974 in
2541 1920 2751 1976 horum
2785 1921 3199 1977 communione
3219 1920 3473 1994 copulati
3497 1938 3590 1976 su-

1938 2024 2091 2064 mus.
2126 2008 2403 2080 Sequitur
2432 2008 2492 2064 in
2525 2009 2802 2082 mysterio
2837 2027 2850 2066 :

2005 2098 2094 2152 56.
2131 2098 2375 2165 Quorum
2400 2099 2615 2154 meritz's
2649 2101 3008 2171 precibusque
3035 2099 3313 2156 concedas.
3349 2099 3589 2171 Propter

1936 2186 2146 2242 merita
2170 2204 2427 2259 namque
2462 2192 2519 2243 et
2546 2187 2997 2245 intercessiones
3027 2188 3371 2245 sublimium
3394 2190 3584 2259 justo-

1934 2293 2088 2345 rum,
2114 2293 2262 2348 quos
2282 2276 2698 2333 intercessores
2718 2282 2777 2334 et
2796 2282 3073 2351 patronos
3093 2277 3433 2350 quaerimus,
3449 2295 3586 2334 nos-

1934 2370 2037 2421 trae
2060 2365 2389 2421 inﬁrmitati
2417 2365 2703 2422 Dominus
2733 2367 3049 2423 miseretur
3067 2370 3125 2422 et
3145 2365 3586 2439 propitiatur,ut

1932 2456 1993 2511 in
2021 2455 2317 2521 omnibus,
2342 2454 2460 2511 sive
2501 2455 2780 2525 adversis,
2806 2456 2926 2512 sive
2963 2456 3283 2528 prosperis.
3306 2473 3378 2512 ne
3406 2457 3492 2513 vel
3524 2458 3584 2513 in

1932 2546 2064 2602 istis
2095 2545 2457 2611 deﬁciamus,
2480 2546 2569 2601 vel
2591 2545 2652 2601 in
2673 2546 2792 2603 illis
2816 2545 3583 2618 decipiamur,protectionis

1933 2635 2061 2706 ejus
2094 2634 2435 2690 muniamur
2464 2634 2697 2692 auxilio.
2725 2627 2732 2634 ’

2002 2725 2091 2779 57.
2126 2723 2452 2796 (VIGILIUS).
2486 2724 2747 2797 Denique
2778 2726 3005 2782 defesso
3037 2726 3110 2781 ab
3142 2725 3415 2781 hostibus
3441 2727 3584 2781 Eze-

1933 2812 2075 2869 chiae
2106 2817 2163 2868 et
2190 2810 2475 2868 auxilium
2507 2814 2635 2884 ejus
2672 2814 2962 2870 invocanti
2996 2813 3413 2871 ait:Civitatem
3444 2815 3587 2869 hanc

1931 2901 2239 2969 salvabo,ct
2260 2910 2543 2973 protegam
2573 2919 2697 2958 eam
2722 2910 2942 2974 propter
2969 2918 3074 2969 me,
3095 2910 3148 2958 et
3168 2910 3390 2974 propter
3411 2903 3587 2959 David

1929 3007 2147 3047 servum
2169 3007 2352 3046 meum
2395 2991 2484 3061 (IV
2511 2992 2636 3063 Reg.
2669 3008 2823 3060 XXXI,
2856 2992 2946 3061 6);
2981 2995 3039 3047 et
3084 2991 3313 3064 Moyses
3362 2992 3445 3047 ita
3494 2993 3588 3048 de-

1931 3096 2177 3153 precans
2213 3079 2397 3135 Deum
2430 3078 2656 3152 placere
2685 3080 2965 3135 curabat:
2992 3081 3261 3149 Quiescat,
3286 3080 3586 3153 inquiens,

1932 3171 2021 3225 ira
2048 3178 2162 3236 tua,
2196 3176 2247 3224 et
2287 3177 2397 3225 esto
2438 3168 2734 3242 placabilis
2779 3186 2945 3242 super
2984 3172 3232 3242 nequitia
3261 3171 3454 3242 populi
3482 3172 3582 3226 tui.

1934 3258 2232 3315 Recordare
2259 3258 2555 3326 Abraham,
2575 3261 2729 3315 Isaac
2758 3268 2810 3315 et
2838 3260 3010 3316 Israel
3037 3276 3316 3316 servorum
3344 3268 3583 3327 tuorum,

1931 3350 2129 3421 quibus
2164 3348 2376 3419 jurasti
2414 3364 2512 3419 per
2559 3350 2904 3420 temetipsum
2949 3349 3184 3404 dicens:
3214 3348 3582 3420 Multiplicabo

1929 3453 2111 3493 semen
2142 3444 2297 3491 tuum
2321 3437 2462 3491 sicut
2506 3437 2691 3492 stellas
2736 3437 2861 3491 caeli
2888 3436 3077 3510 (Exod.
3107 3454 3281 3504 xxxn,
3317 3438 3425 3506 13).
3465 3437 3579 3491 Nec

1930 3525 2321 3582 dubitandum
2336 3528 2423 3581 est
2434 3523 2694 3580 ﬁdelium
2709 3525 3018 3597 petitiones
3031 3543 3062 3581 a
3082 3524 3223 3598 spiri
3232 3526 3388 3581 tibus
3393 3525 3580 3598 justo-

1930 3632 2062 3670 rum
2076 3612 2378 3686 sciri,quia
2395 3613 2494 3687 qui
2516 3613 2676 3670 intus
2693 3614 3115 3687 omnipotentis
3132 3614 3235 3671 Dei
3254 3615 3581 3670 claritatem

1929 3702 2314 3776 vident,nullo
2346 3704 2519 3759 modo
2553 3704 2908 3760 credendum
2939 3709 3027 3760 est
3058 3704 3198 3777 quia
3227 3704 3303 3760 sit
3321 3704 3460 3761 foris
3479 3704 3582 3759 ali-

1933 3791 2073 3865 quid
2105 3792 2259 3863 quod
2292 3791 2852 3865 ignorent.Postulat
2868 3810 3003 3866 ergo
3031 3792 3285 3849 Ecclesia
3305 3793 3586 3865 suffragia

1932 3883 2270 3937 sanctorum
2302 3885 2651 3953 martyrum,
2687 3898 2794 3937 nec
2846 3887 3044 3937 tamen
3083 3881 3255 3955 erigit
3285 3882 3493 3939 altaria
3524 3883 3584 3936 in

1932 3970 2149 4042 quibus
2172 3969 2502 4025 sacrificent
2524 3970 3012 4043 martyribus,sed
3032 3971 3135 4026 uni
3154 3970 3271 4027 Deo
3294 3975 3350 4026 et
3368 3975 3584 4044 marty-

1931 4075 2065 4115 rum
2086 4063 2143 4115 et
2160 4062 2380 4114 nostro.
2413 4062 2606 4127 (Auc.,
2639 4059 2704 4116 de
2725 4061 2844 4117 Civ.
2878 4061 2994 4129 Dei,
3027 4058 3068 4115 l.
3100 4077 3237 4127 xxu,
3272 4077 3321 4116 c.
3358 4061 3469 4129 10).
3502 4060 3587 4115 Ad

1933 4148 2088 4220 quod
2119 4145 2468 4203 sacrificium
2504 4147 2656 4204 sicut
2672 4149 2942 4205 homines
2962 4148 3193 4221 Dei,qui
3225 4149 3586 4204 mundumin

1932 4237 2061 4308 ejus
2092 4235 2460 4292 confessione
2487 4236 2771 4304 vicerunt,
2797 4254 2904 4293 suo
2937 4237 3062 4293 loco
3094 4241 3149 4293 et
3180 4236 3382 4292 ordine
3405 4237 3589 4293 nomi—

1934 4329 2170 4391 nentur,
2205 4342 2319 4380 non
2350 4329 2547 4381 tamen
2580 4342 2614 4380 a
2644 4327 2942 4382 sacerdote
2974 4326 3072 4397 qui
3106 4324 3393 4381 sacriﬁcat
3415 4325 3582 4381 invo-

1933 4419 2160 4471 cantur.
2176 4414 2291 4470 Deo
2323 4412 2686 4487 quippe,non
2719 4415 2864 4486 ipsis
2895 4413 3202 4480 sacrificat,
3223 4413 3490 4486 quamvis
3521 4414 3583 4470 in

1933 4502 2234 4559 memoriis
2268 4502 2556 4558 sacrificet
2582 4519 2803 4572 eorum,
2841 4502 2979 4576 quia
3008 4503 3123 4559 Deo
3167 4503 3440 4559 sacerdos
3470 4506 3579 4572 est,

1933 4609 2047 4649 non
2080 4591 2334 4648 illorum.
2373 4592 2570 4664 Ipsum
2619 4609 2751 4648 vero
2801 4592 3155 4648 sacrificium
3207 4597 3295 4649 est
3343 4592 3579 4660 Christi,

1855 4703 1900 4767 ι)
1933 4681 2088 4754 quod
2122 4697 2237 4736 non
2267 4681 2507 4736 offertur
2534 4680 2850 4753 ipsis,quia
2880 4681 2989 4736 hoc
3021 4685 3161 4737 sunt
3176 4680 3584 4755 etipsi.Sequi-

1934 4775 2031 4826 tur
2062 4771 2117 4824 in
2150 4771 2429 4842 mysterio
2464 4787 2476 4825 :

2003 4858 2093 4911 58.
2127 4859 2277 4913 Hanc
2309 4858 2480 4929 igitur
2507 4858 2838 4915 oblationem
2866 4861 3144 4916 servitutis
3192 4867 3413 4928 nostrai,
3449 4862 3582 4925 etc.,

1934 4962 2122 5018 usque
2178 4952 2288 5002 Per
2339 4946 2618 5003 Christum
2661 4949 2956 5004 Dominum
3002 4957 3272 5005 nostrum.
3306 4949 3373 5004 Et
3401 4948 3459 5002 in
3493 4948 3585 5003 his

1932 5035 2125 5091 verbis
2146 5035 2346 5091 unitas
2378 5036 2644 5091 Ecclesiae
2676 5038 2976 5095 offerentis
2997 5037 3584 5109 ostenditur,quando

1931 5124 1993 5179 in
2025 5123 2126 5179 illa
2152 5127 2525 5180 sacrosancta
2555 5125 2846 5183 oblatione
2866 5127 3197 5183 communis
3214 5126 3464 5182 servitus
3485 5141 3587 5180 ex-

1933 5212 2168 5269 hibetur
2188 5213 2303 5269 Deo
2320 5217 2441 5269 tam
2461 5231 2495 5270 a
2512 5215 2913 5272 sacerdotibus
2932 5234 3106 5288 quam
3129 5233 3162 5270 a
3180 5218 3390 5270 cuncta
3410 5215 3585 5270 fami-

1935 5303 2015 5359 lia
2030 5304 2242 5359 domus
2259 5302 2382 5358 Dei.
2407 5303 2589 5376 (Ibid.,
2615 5303 2716 5359 lib.
2741 5322 2795 5373 Χ,
2821 5322 2946 5376 cap.
2977 5304 3086 5372 19).
3111 5304 3240 5358 Haec
3271 5307 3469 5359 autem
3500 5307 3590 5359 cst

1937 5392 2189 5449 servitus
2221 5408 2348 5463 quae
2380 5392 2525 5448 nulli
2549 5393 2646 5449 alii
2679 5393 3056 5460 debetur,nec
3086 5393 3310 5448 sanctis
3340 5393 3583 5465 angelis,

1938 5499 2044 5539 nec
2074 5481 2293 5538 sanctis
2325 5482 2657 5553 animabus,
2690 5481 2805 5536 nisi
2835 5481 2937 5536 uni
2968 5481 3084 5537 Deo
3114 5481 3240 5537 vivo
3272 5486 3327 5536 et
3355 5481 3588 5548 vero,de

1938 5587 2054 5644 quo
2086 5569 2253 5627 nobis
2284 5571 2655 5644 praecipitur:
2681 5572 2972 5627 Dominum
3008 5573 3179 5627 Deum
3207 5578 3364 5626 tuum
3392 5571 3588 5626 adora-

1939 5662 2042 5728 bis,
2074 5661 2243 5716 etilli
2276 5661 2382 5716 soli
2418 5664 2621 5718 servies
2648 5662 2857 5731 (Matth.
2892 5679 2966 5728 IV,
2997 5662 3106 5731 10).
3143 5661 3259 5717 Etsi
3308 5661 3465 5717 enim
3519 5663 3590 5718 ab

1938 5750 2175 5806 homine
2205 5748 2281 5805 sit
2312 5749 2400 5805 vel
2423 5749 2889 5829 oﬂ‘ertur,tamen
2907 5750 3262 5809 sacriﬁcium
3285 5769 3380 5809 res
3400 5752 3595 5810 divina
