4082 6464
116 445 189 507 3V
1319 455 1423 518 DE
1464 454 1992 518 EXPOSITIONE
2037 455 2321 519 MISS/E.
3447 456 3526 520 58

110 583 455 641 cissitudinis
483 584 824 646 obumbratio
858 589 989 663 (Jac.
1025 608 1065 657 ι,
1099 590 1204 659 l7).
1231 590 1302 646 Et
1330 590 1538 647 beatus
1589 591 1761 647 Joan-
1794 590 1851 658 Α
1876 607 2050 664 neque
2078 591 2305 647 initium
2322 591 2539 649 dierum
2556 607 2730 665 neque
2757 592 2923 664 ﬁnem
2952 589 3527 662 habens,assimilatus

111 689 211 729 nes
242 676 498 731 testatur
530 694 542 731 :
580 677 850 746 Quoniam
875 684 1022 736 Deus
1051 681 1153 736 tua:
1180 688 1277 749 est,
1292 688 1342 736 et
1369 682 1607 737 tenebrae
1627 682 1687 735 in
1707 696 1766 736 eo

111 779 216 819 non
244 771 378 819 sunt
406 766 539 821 ulla:
566 766 616 838 (Ι
638 768 795 823 Joan.
829 786 870 835 ι,
901 769 975 840 5).
1013 769 1122 824 Sed
1157 768 1255 841 qui
1297 785 1528 841 semper
1578 769 1635 823 in
1676 769 1763 824 lu-

114 853 267 907 mine
297 858 411 920 est,
444 858 587 910 tunc
620 874 797 928 super
829 874 934 913 nos
967 862 1298 925 serenat,ac
1328 857 1625 913 illuminat
1647 858 1767 913 vul-

111 946 233 997 tum
255 958 435 998 suum
450 946 689 1016 quando
703 945 956 1002 declarat
974 963 1149 1019 super
1162 965 1265 1002 nos
1280 947 1763 1015 misericordiam,

111 1031 261 1086 sicut
292 1031 351 1086 in
386 1032 619 1105 psalmo
649 1040 884 1091 orantes
913 1035 1163 1091 dicimus
1197 1054 1209 1090 :
1243 1038 1523 1092 Illuminet
1556 1038 1769 1092 vultum

107 1136 270 1175 suum
299 1137 470 1193 super
496 1139 613 1190 nos,
646 1132 699 1179 et
727 1126 1056 1180 misereatur
1095 1128 1273 1180 nostri
1306 1126 1474 1197 (Psal.
1512 1144 1655 1192 mw,
1688 1130 1764 1191 2).

112 1209 271 1265 Sicut
300 1227 332 1266 e
363 1212 660 1268 contrario
691 1213 763 1269 de
793 1214 1274 1286 quibusdam,qui
1297 1216 1426 1286 ejus
1449 1214 1771 1270 misericor-

111 1298 204 1353 dia
224 1298 456 1373 indigni
481 1305 641 1368 sunt,
665 1302 792 1374 ipse
813 1303 992 1358 dicit:
1021 1304 1355 1359 Abscondam
1382 1305 1580 1373 faciem
1596 1322 1771 1360 meam

109 1389 174 1442 ab
200 1390 283 1443 eis
314 1390 500 1461 (Deut.
534 1391 903 1460 xxx1,l7).Et
932 1392 1142 1447 iterum
1175 1393 1388 1465 quibus
1422 1411 1483 1449 se
1515 1393 1768 1466 placabi-

113 1474 219 1532 lem
252 1480 498 1550 praebet,
508 1479 799 1551 promittit
821 1480 1021 1537 dicens
1045 1498 1058 1535 :
1084 1484 1147 1537 Et
1174 1498 1282 1538 non
1313 1492 1555 1538 avertam
1573 1484 1771 1555 faciem

109 1583 281 1623 meam
312 1585 349 1623 a
381 1569 535 1624 vobis
566 1570 796 1641 (Jerem.
829 1570 1222 1641 111,12).Unde
1252 1576 1309 1627 et
1339 1573 1546 1628 beatus
1568 1571 1771 1628 Daniel

111 1655 235 1712 istis
265 1656 420 1730 ipsis
468 1659 664 1714 verbis
712 1662 930 1725 exorat,
962 1659 1162 1715 dicens
1196 1677 1210 1716 :
1239 1660 1474 1729 Exaudi,
1520 1664 1767 1729 Domine,

108 1761 284 1817 preces
312 1749 468 1803 servi
495 1749 596 1815 tui,
624 1749 887 1804 illumina
914 1751 1115 1821 faciem
1136 1756 1287 1805 tuam
1314 1768 1480 1822 super
1507 1760 1770 1807 sanctua-

112 1838 254 1891 rium
284 1844 468 1901 tuum,
485 1845 539 1892 et
562 1839 838 1909 propitius
869 1838 1087 1893 intende
1112 1838 1388 1911 populum
1420 1842 1775 1913 istum,super

107 1940 259 1996 quem
285 1926 607 1981 invocatum
634 1935 715 1982 est
741 1943 936 1983 nomen
965 1935 1122 1983 tuum
1151 1931 1311 1996 (Dan.
1347 1946 1424 1994 1x,
1450 1930 1771 2001 l7).Neque
1806 1968 1850 2032 Β

109 2015 259 2070 enim
292 2016 456 2072 Deus
484 2015 750 2071 humana
781 2017 967 2072 forma
994 2018 1197 2073 faciem
1233 2023 1335 2073 aut
1351 2018 1578 2074 vultum
1600 2019 1773 2073 habe-

111 2120 166 2160 re
190 2106 499 2176 putandus
522 2110 644 2161 est:
666 2105 826 2178 quia,
844 2111 905 2161 ut
926 2106 1213 2163 Dominus
1243 2106 1301 2161 in
1323 2107 1635 2181 Evangelio
1654 2108 1733 2163 ait
1757 2124 1769 2162 :

111 2195 348 2266 Spiritus
380 2202 465 2250 est
495 2192 657 2262 Deus,
688 2202 739 2250 et
767 2211 854 2251 eos
874 2198 971 2266 qui
999 2196 1232 2252 adorant
1259 2198 1478 2263 eum,in
1506 2198 1711 2269 spiritu
1725 2204 1777 2252 et

109 2286 331 2340 veritate
361 2291 572 2356 oportet
617 2284 850 2340 adorare
880 2285 1054 2357 (Joan.
1085 2301 1160 2353 ix,
1193 2287 1305 2352 24).
1337 2286 1445 2341 Sed
1494 2286 1672 2341 facies
1719 2288 1777 2341 et

109 2370 303 2430 vultus
328 2373 436 2429 Dei
471 2374 786 2446 praesentia
814 2374 942 2444 ejus
975 2379 1084 2429 est.
1111 2374 1261 2440 Quid
1291 2379 1379 2430 est
1409 2375 1566 2429 enim
1597 2376 1775 2430 facies

112 2462 207 2517 Dei
237 2479 428 2536 super
448 2479 557 2518 nos
585 2461 938 2529 illuminata,
973 2462 1085 2518 nisi
1119 2464 1428 2535 praesentia
1460 2464 1771 2532 declarata,

113 2568 238 2608 cum
271 2551 755 2608 misericordiam
775 2556 833 2607 et
854 2552 1178 2607 bonitatem
1210 2552 1397 2624 ipsius
1430 2556 1775 2625 prmeentem

114 2640 276 2697 nobis
307 2643 524 2696 adesse
557 2640 886 2696 sentimus?
917 2640 1012 2696 Sic
1035 2644 1093 2696 et
1123 2640 1410 2713 respicere
1436 2642 1536 2698 Dei
1576 2642 1774 2698 visita-

112 2730 185 2785 tio
218 2729 465 2803 pietatis
496 2730 627 2801 ejus
656 2734 767 2797 est,
803 2729 952 2786 sicut
985 2730 1043 2784 in
1076 2729 1304 2803 psalmo
1351 2736 1584 2787 orantes
1631 2732 1776 2787 dici-

114 2836 240 2875 mus
272 2836 287 2874 :
329 2824 488 2874 Deus
511 2821 797 2885 virtutum,
829 2828 1077 2875 converte
1103 2836 1221 2887 nos,
1247 2822 1452 2891 respice
1477 2821 1543 2876 de
1571 2822 1779 2887 ccelo,et

112 2907 248 2977 vide,
278 2917 333 2965 et
363 2909 539 2963 visita
566 2909 786 2963 vineam
816 2909 980 2963 istam
1009 2908 1176 2978 (Psal.
1214 2926 1397 2976 Lxxm,
1424 2910 1532 2981 15).
1566 2910 1779 2965 Oratur

114 2996 305 3071 itaque
337 2995 725 3068 omnipotens
756 2996 929 3064 Deus,
964 3000 1029 3051 ut
1058 2996 1361 3069 placabilis
1392 3015 1457 3053 ac
1488 2999 1777 3071 propitius

118 3087 321 3155 factus,
355 3102 572 3143 sereno
600 3085 790 3154 vultu,
823 3084 882 3139 id
913 3090 1002 3141 est
1047 3086 1343 3142 declarata
1392 3087 1670 3143 bonitatis
1721 3092 1778 3143 et

117 3177 352 3249 pietatis
388 3193 513 3232 suae
545 3174 1155 3247 praesentia,respieiat
1181 3175 1492 3249 dignanter
1511 3177 1779 3233 Ecclesiae

118 3283 228 3323 suae
260 3284 365 3322 mu
379 3270 609 3332 nera,et
638 3268 877 3337 accepta
905 3268 961 3319 et
993 3265 1359 3337 beneplacita
1388 3265 1781 3332 habeat,sieut

123 3372 372 3411 munera
409 3354 578 3427 pueri
610 3353 700 3408 sui
726 3353 873 3424 justi
905 3353 1066 3420 Abel,
1098 3354 1267 3425 cujus
1300 3355 1445 3409 ﬁdes
1475 3354 1787 3426 etjustitia
1817 3339 1859 3404 C

117 3449 167 3500 et
196 3443 528 3502 oblationis
558 3442 817 3515 acceptio
848 3445 906 3497 et
937 3442 996 3496 in
1027 3441 1153 3515 lege
1196 3443 1373 3499 veteri
1413 3445 1782 3499 commenda-

119 3538 226 3600 tur,
260 3533 370 3589 ubi
407 3530 701 3603 scriptum
727 3533 816 3585 est
845 3529 872 3584 ‘l
900 3530 966 3584 Et
1005 3533 1246 3602 respexit
1292 3533 1431 3587 Deus
1470 3531 1540 3586 ad
1570 3533 1703 3588 Abel
1733 3540 1783 3588 et

118 3623 180 3678 ad
208 3638 459 3678 munera
485 3621 604 3692 ejus
624 3624 783 3689 (Gen.
818 3620 990 3690 iv,4);
1025 3622 1081 3674 et
1111 3620 1169 3673 in
1204 3620 1511 3694 Evangelio
1544 3638 1557 3675 ε
1592 3623 1631 3676 Α
1662 3638 1784 3677 san-

119 3713 276 3779 guine
305 3712 447 3767 Abel
465 3710 608 3781 justi
637 3708 844 3775 (Matth.
868 3708 1139 3780 xxn,35);
1177 3712 1234 3763 et
1262 3708 1319 3762 in
1353 3709 1646 3781 Apostolo,
1685 3710 1784 3765 ubi

120 3798 319 3854 scribit
353 3816 370 3852 :
409 3796 542 3853 Fide
564 3797 873 3868 plurimam
891 3796 1125 3851 hostiam
1144 3805 1177 3850 Α
1190 3796 1274 3851 bel
1295 3812 1460 3867 quam
1482 3798 1618 3853 Cain
1637 3800 1782 3854 obtu-

122 3888 179 3942 lit
206 3889 333 3951 Deo,
347 3902 457 3960 per
482 3901 652 3957 quam
682 3885 1055 3940 testimonium
1081 3892 1395 3940 consecutus
1424 3894 1502 3941 est
1529 3902 1641 3942 esse
1661 3888 1785 3960 jus-

122 3984 200 4032 tus
220 3978 429 4047 (Hebr,
453 3991 534 4041 x1,
568 3975 645 4043 4),
669 3991 798 4046 quae
832 3989 947 4029 non
973 3978 1160 4041 etate,
1194 3975 1294 4029 sed
1327 3974 1700 4047 simplicitate
1730 3980 1788 4032 et

124 4066 561 4138 puritate,puer
589 4063 692 4119 Dei
721 4061 1070 4135 appellatur.
1100 4061 1258 4118 Sicut
1283 4064 1458 4119 etiam
1492 4066 1563 4120 de
1587 4066 1784 4131 David,

126 4154 218 4227 qui
273 4157 561 4210 mortuus
614 4155 704 4207 est
750 4167 949 4219 senex,
981 4151 1042 4205 in
1072 4151 1381 4223 Evangelio
1429 4153 1646 4208 dicitur
1677 4172 1689 4209 :
1723 4155 1788 4210 In

122 4243 274 4301 domo
314 4240 502 4301 David
541 4242 707 4314 pueri
746 4242 839 4296 sui
867 4241 1017 4310 (Luc.
1056 4258 1091 4306 ι,
1121 4242 1235 4308 69).
1270 4241 1357 4308 Et,
1389 4243 1533 4298 sicut
1572 4245 1784 4315 sacrifi-

122 4335 285 4401 cium,
300 4330 527 4403 inquit,
538 4330 879 4403 patriarchae
907 4332 1086 4385 nostri
1121 4330 1380 4386 dbrahaz.
1397 4330 1608 4403 Utique
1629 4334 1783 4405 quod

126 4422 489 4478 sacriﬁcium
521 4420 581 4475 in
613 4419 970 4475 oblationem
1003 4419 1288 4491 unigeniti
1315 4418 1419 4473 ﬁlii
1452 4420 1611 4476 Isaac
1648 4424 1785 4478 oﬁ‘e~

125 4526 252 4568 rens
281 4526 428 4568 cum
459 4509 578 4566 Deo
601 4508 1206 4580 holocaustum,quod
1234 4508 1317 4563 ita
1347 4514 1647 4581 acceptum
1680 4510 1790 4567 fuit

127 4604 187 4655 ut
212 4603 548 4658 mereretur
576 4598 781 4654 audire
814 4615 827 4653 :
858 4603 965 4653 Per
990 4599 1367 4669 memetipsum
1403 4599 1617 4670 juravi,
1647 4601 1788 4656 dicit

1871 697 1971 752 per
1997 683 2185 737 omnia
2217 682 2355 737 Filio
2386 683 2502 747 Dei,
2527 685 2625 755 qui
2668 690 2851 739 manet
2892 683 3141 739 sacerdos
3170 685 3231 738 in
3257 693 3530 741 aeternum

1873 771 2055 838 (Hebr.
2070 770 2418 842 v1,3).Quod
2449 787 2584 827 vero
2619 776 2751 844 post
2782 770 2902 827 hac
2926 772 3123 829 omnia
3149 773 3529 847 subjnngitur

1873 867 2119 915 sanctum
2147 861 2504 931 sacriﬁcium,
2539 862 2952 917 immaculatum
2983 863 3233 930 hostium,
3259 863 3329 918 ad
3362 880 3527 936 supe-

1876 948 2029 1003 riora
2060 949 2425 1003 referendum
2450 965 2578 1005 esse
2605 949 2852 1016 videtur,
2876 950 2977 1005 ubi
3010 951 3232 1006 dictum
3260 956 3349 1007 est
3379 969 3391 1007 ε
3426 955 3530 1009 Su-

1871 1054 1973 1109 per
2001 1053 2125 1109 quze
2152 1040 2386 1110 propitio
2414 1055 2477 1093 ac
2501 1056 2708 1095 sereno
2750 1040 2906 1095 vultu
2954 1042 3218 1112 respicere
3264 1041 3527 1111 digneris,

1876 1130 1941 1181 ut
1972 1127 2043 1181 ad
2074 1125 2479 1197 complendam
2512 1126 2850 1199 petitionem
2882 1128 3266 1199 subjunctum
3298 1129 3391 1188 sit.
3415 1130 3531 1186 Hoc

1878 1219 2072 1271 autem
2106 1218 2290 1270 totum
2322 1222 2595 1271 exoratur
2624 1216 2996 1288 omnipotens
3033 1218 3199 1285 Deus,
3217 1222 3283 1274 ut
3314 1218 3533 1275 sacriﬁ-

1878 1305 2035 1360 cium
2068 1303 2335 1359 Ecclesize
2375 1305 2457 1359 ita
2487 1309 2787 1377 acceptum
2820 1305 3052 1376 habeat,
3076 1310 3141 1361 ut
3173 1306 3530 1364 sacriﬁcium

1871 1392 2019 1464 justi
2050 1391 2209 1460 Abel,
2244 1397 2300 1447 et
2329 1393 2671 1464 patriarchae
2704 1393 2968 1461 Abrahae,
3002 1397 3058 1449 et
3089 1395 3307 1450 summi
3338 1412 3531 1453 sacer-

1879 1482 2032 1537 dotis
2064 1480 2522 1549 Melcbisedech;
2557 1481 2697 1554 quia
2725 1485 2783 1537 et
2808 1482 2868 1537 in
2900 1481 3017 1538 illis
3060 1482 3317 1557 antiquis
3347 1485 3532 1542 sacri-

1879 1570 2027 1626 ﬁciis
2055 1569 2245 1642 imago
2276 1574 2399 1625 erat
2423 1570 2599 1635 huius
2630 1569 3071 1640 verisacriﬁcii,
3105 1576 3162 1628 et
3190 1572 3299 1629 hoc
3332 1574 3529 1647 ipsum

1879 1659 1980 1715 uni
2012 1660 2128 1715 Deo
2162 1658 2382 1715 auctori
2416 1659 2724 1732 utriusque
2753 1659 3108 1716 Testamenti
3140 1666 3195 1717 et
3224 1662 3533 1736 utriusque

1879 1748 2149 1805 sacriﬁcii
2182 1748 2623 1804 ordinatissime
2640 1753 2971 1821 temporum
2991 1749 3374 1822 dispositione
3395 1755 3536 1808 tunc

1879 1837 2147 1911 placebat
2175 1837 2235 1893 in
2268 1837 2737 1911 praeﬁguratione
2766 1841 3024 1893 venturze
3066 1839 3348 1909 veritatis,
3380 1841 3536 1914 quod

1881 1932 1937 1983 et
1967 1944 2125 1983 nunc
2156 1927 2347 2000 placet
2375 1926 2435 1981 in
2476 1926 2891 1998 adimpletione
2939 1928 3204 1999 ejusdem
3253 1928 3536 1986 veritatis.

1883 2019 2028 2072 Nam
2083 2022 2141 2072 et
2189 2017 2245 2071 in
2292 2015 2578 2072 sacriﬁcio
2626 2015 2786 2082 Abel,
2821 2017 2975 2089 quod
3007 2017 3079 2073 de
3128 2018 3539 2093 primogenitis

1884 2106 2078 2162 ovium
2110 2111 2166 2162 et
2197 2105 2469 2178 adipibus
2500 2122 2701 2160 earum
2749 2104 3035 2175 oblatum,
3067 2106 3355 2164 sacriﬁcio
3399 2104 3538 2165 Cain

1883 2196 2038 2267 quod
2071 2213 2138 2251 ex
2167 2200 2331 2250 terrae
2365 2194 2653 2249 fructibus
2685 2194 3055 2260 offerebatur,
3089 2195 3393 2268 praelatum
3427 2202 3536 2268 est,

1883 2283 2023 2340 Novi
2046 2283 2402 2339 Testamenti
2429 2283 2570 2337 ﬁdes
2588 2283 3092 2355 praeﬁgurabatur,
3118 2301 3235 2357 qua
3256 2285 3538 2342 innocen—

1883 2373 1964 2428 tia
1984 2374 2181 2446 gratize
2200 2372 2383 2428 Deum
2406 2372 2675 2440 laudans,
2697 2372 2919 2428 Veteris
2940 2373 3297 2430 Testamenti
3320 2375 3538 2431 terreni

1884 2462 2158 2534 operibus
2189 2460 2582 2533 anteponitur,
2601 2466 2656 2515 et
2676 2461 2735 2515 in
2767 2460 3168 2517 immolatione
3201 2463 3359 2519 unici
3382 2469 3439 2519 et
3460 2463 3543 2520 di-

1884 2551 2016 2607 lecti
2054 2550 2155 2605 {llii
2187 2550 2431 2606 Abrahae
2457 2549 2778 2605 immolatio
2810 2550 2938 2620 ejus
2960 2550 3545 2624 praeﬁgurabatur,de

1886 2658 2001 2713 quo
2031 2640 2171 2695 dicit
2193 2639 2362 2695 Pater
2393 2656 2406 2694 :
2440 2641 2538 2695 Iltc
2556 2646 2638 2695 est
2664 2640 2841 2694 Fitius
2865 2654 3017 2694 meus
3049 2639 3292 2706 dilectus,
3329 2642 3388 2696 in
3435 2658 3542 2714 quo

1882 2732 2027 2785 mihi
2056 2730 2186 2785 bene
2216 2730 2540 2801 complacui.
2576 2727 2784 2800 [ΜαιιΙι.
2819 2743 2957 2797 xvu,
2982 2731 3059 2798 5).
3095 2728 3258 2786 Unde
3290 2729 3371 2786 ait
3399 2733 3545 2804 Apo-

1886 2818 2073 2875 stolus
2108 2836 2120 2872 :
2160 2819 2267 2888 Qui
2289 2820 2518 2890 proprio
2549 2818 2688 2873 Filio
2735 2833 2833 2873 suo
2878 2834 2991 2874 non
3032 2820 3294 2890 pepercit,
3325 2819 3418 2876 sed
3442 2837 3545 2893 pro

1883 2908 2042 2964 nobis
2066 2909 2319 2963 omnibus
2349 2906 2579 2963 tradidit
2610 2907 2771 2962 illum
2799 2907 2971 2980 (Rom.
2996 2924 3116 2977 VIII,
3136 2907 3249 2976 32).
3268 2908 3338 2963 Et
3368 2909 3545 2965 sacri-

1888 2997 2086 3051 ﬁcium
2110 2995 2533 3051 Melchisedech
2553 2999 2673 3051 tam
2692 3011 2825 3051 vera
2855 2998 2979 3051 erat
3000 2996 3352 3068 signiﬁcatio
3370 2999 3545 3054 sacri-

1887 3087 2002 3142 ﬁcii
2037 3085 2270 3151 Christi,
2306 3089 2371 3139 ut
2398 3084 2534 3140 inde
2565 3085 2904 3157 praedictum
2938 3085 3017 3141 sit
3050 3103 3063 3140 :
3102 3091 3185 3143 Tu
3215 3102 3271 3143 es
3298 3087 3547 3144 sacerdos

1888 3178 1949 3231 in
1971 3184 2237 3233 aeternum
2268 3174 2563 3230 secundum
2591 3174 2839 3230 ordinem
2859 3174 3237 3232 Melchisedech
3253 3176 3545 3250 (Psalmx,

1891 3265 1963 3337 4).
1998 3263 2278 3336 Sequitur
2306 3263 2365 3317 in
2398 3261 2675 3335 mysterio
2708 3279 2721 3317 :

1959 3355 2049 3407 66.
2081 3352 2367 3423 Supplices
2425 3360 2473 3407 te
2528 3368 2802 3422 rogamus,
2836 3352 3175 3423 omnipotens
3231 3353 3389 3423 Deus,
3434 3357 3543 3410 etc.

1893 3443 2022 3498 Ilaec
2051 3442 2228 3497 verba
2258 3439 2520 3513 mysterii
2552 3443 2674 3494 tam
2709 3439 3147 3512 profunda,tam
3168 3441 3319 3496 mira
3339 3446 3396 3497 et
3420 3447 3545 3498 stu-

1892 3531 2082 3604 penda
2094 3529 2229 3602 quis
2251 3528 2741 3601 comprehendere
2759 3528 2947 3584 sufﬁci
2955 3534 3016 3585 at
3032 3529 3197 3602 Pquis
3214 3530 3351 3587 inde
3372 3529 3548 3605 digne

1893 3619 2116 3692 aliquld
2148 3618 2460 3691 loquatur?
2482 3617 2671 3691 magis
2691 3617 3024 3675 veneranda
3054 3624 3193 3675 sunt
3208 3624 3264 3675 et
3287 3620 3551 3693 pavenda

1895 3727 2072 3782 quam
2126 3708 2513 3764 discutienda.
2548 3708 2760 3763 Beatus
2809 3710 3005 3764 tamen
3057 3709 3392 3782 Gregorius,
3423 3709 3550 3768 ido-

1894 3815 2042 3853 neus
2072 3796 2222 3851 tanti
2252 3795 2513 3869 mysterii
2546 3795 2856 3867 interpres,
2888 3796 2946 3850 in
2981 3797 3236 3869 quodam
3268 3796 3394 3855 loco
3441 3798 3550 3854 ali-

1894 3888 2035 3961 quid
2055 3888 2125 3942 de
2145 3886 2219 3942 iis
2236 3891 2517 3958 tanquam
2542 3885 2610 3940 de
2632 3901 2693 3940 re
2714 3884 2996 3941 ineffabili
3017 3903 3163 3958 pene
3179 3886 3552 3944 ineﬁ‘abiliter

1894 3978 2159 4051 loquitur
2182 3977 2411 4046 (ὃπου
2436 3975 2475 4031 1.
2510 3992 2566 4030 1v
2592 3976 2831 4046 Dialog.,
2865 3975 2975 4049 60).
3009 3976 3149 4042 Quis
3203 3977 3360 4033 enim
3408 3977 3550 4034 ﬁde.-

1893 4067 2062 4135 lium,
2097 4064 2307 4137 inquit,
2342 4065 2554 4120 habere
2587 4064 2834 4120 dubium
2863 4063 3069 4137 possit,
3096 4064 3155 4120 in
3189 4066 3318 4138 ipsa
3348 4065 3553 4123 immo-

1895 4156 2132 4212 lationis
2163 4154 2306 4210 hora
2336 4155 2407 4209 ad
2444 4153 2765 4209 sacerdotis
2785 4168 2985 4209 vocem
3017 4153 3191 4209 caelos
3234 4154 3467 4226 aperiri,
3490 4154 3550 4210 in

1895 4245 1995 4301 illo
2025 4245 2166 4300 Jesu
2198 4242 2413 4298 Christi
2446 4242 2722 4314 mysterio
2742 4242 3085 4315 angelorum
3102 4242 3298 4298 choris
3320 4243 3546 4312 adesse,

1896 4333 2148 4391 summis
2176 4331 2298 4387 ima
2328 4330 2780 4400 soeiari,terram
2804 4330 3137 4387 cwlestibus
3160 4330 3549 4404 jungi,unum

1897 4423 2038 4496 quid
2069 4439 2138 4478 ex
2165 4420 2499 4477 visibilibus
2548 4423 2722 4492 atque
2768 4418 3164 4476 invisibilibus
3196 4419 3359 4476 ﬂeri?
3391 4420 3548 4477 Idem

1896 4513 2072 4568 etiam
2103 4512 2303 4566 doctor
2335 4509 2629 4580 quomodo
2662 4507 3065 4581 accipiendum
3099 4508 3178 4565 sit
3198 4509 3451 4566 sublime
3473 4510 3552 4566 al-

1897 4607 2020 4657 tare
2034 4599 2132 4655 Dei
2148 4600 2205 4654 in
2222 4603 2535 4670 conspectu
2558 4597 2765 4653 divina
2789 4597 3119 4670 majestatis
3140 4599 3269 4671 ejus
3292 4600 3444 4672 quod
3455 4615 3549 4655 am

129 4689 409 4757 Dominus,
423 4690 562 4760 quia
584 4688 767 4759 fecisti
794 4702 911 4742 rem
937 4688 1096 4754 hanc,
1127 4694 1179 4741 et
1207 4704 1317 4742 non
1345 4690 1639 4759 pepercisti
1655 4692 1786 4745 uni-
1819 4710 1867 4773 ι)
1894 4691 2019 4746 loco
2053 4687 2346 4744 subtiliter
2374 4685 2648 4752 ostendit,
2673 4702 2967 4758 exponens
2997 4685 3165 4742 illum
3193 4687 3549 4745 versiculum

128 4781 295 4848 genito
321 4788 426 4836 tuo
449 4785 673 4850 propter
697 4791 805 4847 me,
840 4774 1155 4832 benedicam
1184 4778 1290 4831 tibi
1319 4776 1468 4849 (Gen.
1503 4794 1637 4845 xxn,
1671 4778 1782 4847 42),

130 4868 353 4933 etc.Qui
392 4866 634 4940 quidem
656 4865 991 4939 patriarcha
1023 4881 1140 4920 non
1172 4869 1403 4920 tantum
1435 4871 1524 4923 est
1555 4867 1787 4923 Israeli-

128 4955 245 5013 tica:
284 4957 485 5031 plebis
533 4954 860 5031 secundum
912 4970 1170 5019 carnem,
1203 4955 1305 5009 sed
1357 4955 1532 5010 etiam
1574 4961 1785 5012 nostrae

132 5026 457 5103 secundum
492 5026 690 5100 ﬁdem.
730 5044 1088 5115 Adjungitur
1135 5042 1327 5099 adhuc
1361 5060 1374 5099 ε
1406 5045 1472 5099 Ει
1520 5046 1660 5117 quod
1685 5048 1789 5102 tibi

132 5136 317 5191 obtulit
368 5150 621 5191 summus
672 5132 922 5188 sacerdos
961 5140 1085 5188 tuus
1113 5133 1516 5201 Melchisedech,
1551 5135 1621 5190 de
1670 5151 1786 5207 quo

134 5225 439 5282 manifeste
469 5223 762 5295 scriptum
793 5221 939 5277 dicit
970 5239 982 5276 :
1015 5223 1093 5276 Et
1123 5222 1516 5278 Melchisedech
1548 5241 1646 5280 rex
1683 5225 1785 5281 Sa-

137 5311 231 5367 lem
253 5314 501 5386 protulit
520 5327 696 5385 panes
723 5318 775 5367 et
798 5312 1013 5366 vinum.
1046 5311 1180 5366 Erat
1204 5313 1354 5367 enim
1397 5312 1649 5369 sacerdos
1693 5316 1790 5370 Dei

136 5402 407 5470 altissimi,
440 5410 497 5458 et
519 5400 801 5458 benedixit
827 5400 1107 5455 Abraham
1133 5400 1286 5468 (Gen.
1319 5417 1435 5469 xw,
1472 5403 1580 5474 18),
1616 5405 1787 5475 cujus

138 5493 525 5547 sacerdotium
556 5495 615 5547 et
642 5488 999 5546 sacriﬁcium
1030 5490 1263 5543 tantum
1281 5490 1787 5562 magniﬁcatur,ut

139 5579 285 5636 dicat
308 5581 383 5636 de
412 5598 481 5636 eo
502 5578 813 5652 Apostolus
834 5594 846 5632 :
866 5579 1121 5633 Primum
1150 5578 1369 5648 quidem
1386 5581 1782 5649 Melchisedech,

138 5672 226 5740 qui
252 5672 651 5744 interpretatur
679 5667 1049 5741 rexjustitiae,
1080 5665 1275 5723 deinde
1292 5684 1392 5724 rex
1420 5668 1622 5741 Salem,
1646 5672 1787 5744 quod

139 5766 209 5815 est
227 5777 329 5816 rex
354 5761 531 5833 pacis,
562 5762 685 5817 sine
702 5766 887 5832 patre,
917 5757 1041 5813 sine
1084 5763 1277 5826 matre,
1308 5760 1429 5816 sine
1445 5761 1783 5832 genealogia,

1896 4777 2130 4852 psalmi.
2165 4777 2487 4833 Constituite
2514 4775 2658 4832 diem
2706 4776 3000 4832 solemnem
3030 4778 3087 4833 in
3137 4781 3553 4850 confrequenta-

1894 4867 2132 4924 tionibus
2160 4881 2330 4938 usque
2358 4864 2428 4920 ad
2456 4881 2628 4920 cornu
2659 4866 2854 4921 altaris
2877 4865 3045 4938 (Psal.
3070 4868 3370 4936 cxvn,27).
3394 4866 3550 4936 Dies,

1895 4954 2403 5029 inqu-it,solemnis
2435 4958 2524 5010 est
2553 4953 2798 5010 Domino
2829 4955 3164 5026 conjunctio
3194 4957 3385 5014 cordis
3416 4972 3550 5013 nos

1894 5046 2007 5115 tri;
2040 5046 2139 5100 sed
2173 5048 2313 5099 tunc
2361 5043 2420 5098 in
2473 5042 3049 5116 confrequentatione
3098 5045 3222 5101 dies
3271 5045 3550 5102 solemnis

1895 5133 2292 5197 constituitur,
2309 5149 2443 5187 cum
2476 5132 2535 5187 in
2564 5131 2855 5205 lacrymas
2883 5133 2978 5206 pio
3009 5149 3207 5190 amore
3235 5134 3364 5205 ejus
3397 5133 3515 5190 assi
3540 5165 3552 5176 -

1896 5225 2008 5279 due
2038 5238 2204 5277 mens
2235 5226 2518 5289 movetur,
2552 5221 2646 5277 cui
2680 5221 2839 5277 velut
2870 5221 2919 5277 si
2951 5221 3279 5278 diceremus
3313 5238 3326 5276 :
3361 5225 3553 5288 Quan-

1896 5312 1994 5369 diu
2023 5311 2137 5367 ista
2168 5310 2351 5366 acturi
2386 5310 2633 5365 sumus?
2662 5310 2926 5382 quandiu
2957 5307 3336 5366 tribulatione
3364 5310 3552 5367 affici-

1896 5400 2068 5457 mur‘?
2084 5399 2244 5454 Illico
2266 5399 2584 5453 terminum
2609 5413 2918 5470 quousque
2937 5397 3060 5452 ﬁeri
3083 5398 3292 5454 debeat
3308 5399 3552 5472 subjun-

1895 5490 1997 5558 xit,
2030 5489 2231 5544 dicens
2262 5505 2275 5542 :
2310 5504 2480 5560 usque
2525 5487 2594 5542 ad
2638 5503 2809 5541 cornu
2856 5487 3082 5554 altaris;
3115 5502 3297 5542 cornu
3335 5487 3551 5561 quippe

1897 5579 2098 5636 altaris
2155 5582 2245 5633 est
2291 5577 2562 5633 exaltatio
2612 5575 2880 5631 sacriﬁcii
2932 5575 3247 5645 interioris,
3279 5576 3377 5632 ubi
3413 5592 3550 5633 cum

1892 5654 2399 5738 venerimus,‘jam
2430 5664 2592 5721 nulla
2622 5665 2943 5723 necessitas
2979 5670 3070 5723 est
3118 5670 3184 5722 ut
3226 5666 3570 5725 solemnem‘

1895 5758 2049 5815 diem
2100 5756 2346 5812 Domino
2394 5755 2466 5810 de
2518 5758 2719 5811 nostra
2764 5754 3183 5813 lamentatione
3239 5755 3571 5816 faciamus.‘
