4082 6474
138 428 218 494 61
1358 430 1460 493 DE
1501 426 2025 492 EXPOSITIONE
2078 426 2360 491 MISSIE.
3486 429 3565 515 φ

144 582 286 640 gere
317 564 646 638 prudentiae
677 562 960 637 intelliget
989 562 1182 620 locum
1202 561 1807 619 testamentissuisin-
1836 567 1888 629 Α
1917 578 2044 630 ergo
2074 564 2343 630 vivamus,
2376 564 2487 619 sive
2515 564 2841 631 moriamur,
2882 563 3110 620 Domini
3152 578 3344 622 sumus
3391 565 3564 635 (Rom.

143 655 476 711 terclusum
510 671 637 711 esse
667 671 773 728 pcr
801 654 1122 709 Christum.
1159 654 1267 720 Qui
1299 653 1375 708 sit
1408 653 1517 708 iste
1549 651 1806 723 quaeris?

142 744 297 801 Audi
326 745 529 817 ipsum
555 743 846 800 dicentem
881 760 893 797 :
925 745 1033 815 Ego
1052 760 1174 798 sum
1194 745 1358 815 panis
1384 745 1533 808 vitae,
1550 744 1648 814 qui
1664 742 1810 797 venit

142 834 213 890 ad
240 850 330 889 me
352 849 470 887 non
498 834 738 901 esuriet;
773 840 822 888 et
851 834 946 904 qui
974 832 1144 888 credit
1172 834 1228 887 in
1259 849 1343 888 me
1373 836 1484 886 non
1521 833 1668 887 sitiet
1700 848 1804 885 un-

143 940 312 996 quam
342 927 538 992 (Joan.
564 939 644 990 v1,
678 922 792 993 35).
826 943 852 973 ››
888 921 1167 993 Sequitur
1193 921 1253 976 in
1284 920 1580 993 mysterio.

211 1102 304 1157 68.
340 1099 603 1157 Memento
645 1099 830 1167 etiam,
884 1102 1133 1168 Domine,
1177 1100 1522 1174 ﬁunulorum
1562 1101 1806 1172 famula-

142 1208 383 1263 rumque
449 1193 700 1258 tuarum,
745 1192 842 1261 qui
888 1206 987 1245 nos
1026 1198 1423 1261 praecesserunt
1470 1205 1595 1243 cum
1649 1190 1807 1257 signo

142 1281 294 1353 ﬁdei,
309 1285 659 1352 etc.,usque
692 1280 830 1335 lucis
859 1287 911 1335 et
932 1281 1088 1351 pacis
1120 1278 1409 1348 indulgeas
1429 1278 1804 1350 deprecamur.

144 1371 287 1428 Orat
316 1369 422 1443 pia
451 1373 640 1424 mater
672 1367 928 1424 Ecclesia
956 1369 1132 1423 etiam
1166 1385 1268 1441 pro
1316 1367 1609 1424 defunctis
1657 1368 1806 1434 suis,

142 1465 199 1517 et
222 1477 325 1516 eos
360 1476 544 1515 sacrae
594 1457 906 1513 oblationis
956 1457 1373 1514 intercessione
1413 1457 1806 1522 commendat,

148 1548 488 1606 certissime
518 1547 763 1603 credens
794 1546 932 1618 quia
961 1547 1202 1620 sanguis
1234 1546 1330 1604 ille
1362 1546 1674 1620 pretiosus,
1708 1546 1809 1618 qui

144 1656 252 1712 pro
285 1636 501 1693 multis
517 1636 742 1693 effusus
773 1640 862 1692 est
890 1635 948 1691 in
980 1635 1387 1693 remissionem
1414 1641 1806 1709 peccatorum,

144 1744 262 1784 non
293 1725 496 1782 solum
528 1725 600 1780 ad
633 1723 886 1780 salutem
916 1723 1255 1792 viventium,
1288 1725 1390 1781 sed
1423 1726 1601 1781 etiam
1621 1726 1691 1781 ad
1708 1725 1809 1781 ab-

142 1814 510 1872 solutionem
523 1812 710 1869 valeat
722 1812 1155 1879 defunctorum,
1173 1814 1811 1871 siculbeatusJoannes

140 1907 402 1961 testatur
452 1902 654 1958 dicens
689 1903 792 1958 :Et
837 1905 1068 1972 sanguis
1118 1905 1255 1959 Filii
1298 1904 1417 1975 ejus
1444 1908 1577 1960 Jesu
1608 1905 1813 1960 Christi

145 1993 420 2050 emundat
446 2008 551 2047 nos
580 1992 648 2046 ab
689 1992 843 2047 omni
881 2000 1103 2064 peccato
1134 1992 1207 2064 (II
1231 1994 1388 2049 Joan.
1420 2010 1458 2059 ι,
1489 1995 1566 2061 7).
1605 1997 1808 2048 Proce-

149 2083 304 2138 dunt
336 2080 503 2137 enim
525 2078 727 2136 ﬁdeles
749 2080 821 2135 de
841 2097 1079 2152 corpore
1093 2084 1369 2136 exeuntes
1383 2082 1454 2135 ad
1468 2080 1807 2148 Dominum,

141 2170 246 2227 sed
279 2186 404 2226 non
432 2169 850 2242 praeceduntur
885 2169 958 2224 ab
1002 2168 1277 2237 Ecclesia,
1311 2169 1451 2242 quia
1480 2170 1814 2243 priscedunt

142 2276 283 2316 cum
315 2259 495 2332 signo
525 2258 657 2314 fidei
690 2261 748 2314 et
779 2257 1081 2313 dormiunt
1108 2258 1168 2314 in
1201 2276 1408 2315 somno
1440 2259 1602 2332 pacis
1629 2276 1641 2313 :
1677 2274 1811 2313 cum

142 2349 318 2424 signo
350 2348 516 2419 ﬁdei,
549 2346 691 2421 quia
740 2364 809 2403 ex
840 2365 993 2420 aqua
1032 2351 1087 2403 et
1116 2348 1336 2433 Spiritu
1371 2352 1571 2405 sancto
1605 2349 1811 2415 renati,

144 2439 292 2512 quia
320 2437 545 2493 Christi
588 2454 761 2493 cruce
812 2441 870 2492 et
914 2438 1188 2510 passione
1236 2439 1470 2511 signati.
1504 2438 1816 2495 Dormiunt

144 2531 352 2585 autem
388 2532 677 2598 tanquam
708 2543 839 2583 vere
882 2526 941 2581 in
989 2528 1417 2585 resurrectione
1462 2528 1810 2584 suscitandi.

143 2616 474 2674 Dormiunt
501 2632 638 2689 ergo
668 2615 729 2670 in
763 2632 969 2672 somno
1000 2618 1183 2689 pacis,
1217 2617 1354 2690 quia
1401 2618 1473 2673 ab
1506 2617 1731 2673 unitate
1761 2622 1818 2673 et

144 2707 436 2763 societate
467 2704 685 2761 Christi
713 2708 771 2761 et
802 2705 1090 2773 Ecclesiae,
1127 2724 1230 2762 nec
1272 2724 1374 2779 per
1403 2707 1674 2775 haereses,
1710 2724 1817 2763 nec

141 2814 251 2870 per
282 2795 638 2864 schismata,
673 2811 780 2849 nec
809 2812 912 2866 per
944 2795 1216 2852 mortalia
1264 2796 1512 2853 crimina
1562 2797 1815 2869 separati

142 2890 326 2945 sunt:
368 2884 430 2940 in
464 2884 683 2957 quibus
713 2886 823 2941 etsi
857 2884 1175 2958 aliquando
1209 2887 1465 2955 fuerunt,
1488 2891 1680 2943 tamen
1716 2905 1821 2959 per

144 2975 571 3049 paenitentiam
604 2974 816 3043 sanati,
851 2979 907 3031 et
929 2992 1032 3048 per
1062 2976 1382 3032 orationem
1413 2975 1679 3033 Ecclesia
1730 2995 1818 3033 re-

145 3063 477 3132 conciliati,
514 3065 702 3137 (AUG.)
724 3069 783 3119 et
812 3065 1177 3122 remissionis
1213 3066 1491 3138 mysterio
1533 3066 1818 3134 societati,

144 3155 359 3227 utique
391 3153 453 3208 in
481 3169 627 3225 pace
656 3152 1279 3220 obierunt,miserantc
1302 3155 1539 3228 illo,qui
1565 3174 1679 3211 non
1699 3155 1823 3211 vult

146 3248 411 3300 mortem
461 3242 809 3314 peccatoris,
851 3244 950 3299 sed
1000 3248 1066 3299 ut
1114 3249 1484 3300 convertatur
1541 3250 1599 3301 et
1645 3245 1818 3301 vivat.

147 3334 358 3405 Neque
392 3330 554 3387 enim
589 3330 820 3404 piorum
853 3332 1061 3388 anima:
1084 3338 1451 3389 mortuorum
1477 3338 1823 3407 separantur

152 3423 226 3479 ab
272 3420 567 3489 Ecclesia,
618 3420 879 3494 alioquin
923 3439 1031 3478 nec
1068 3423 1140 3478 ad
1182 3422 1362 3480 altare
1409 3424 1573 3479 ﬁeret
1620 3441 1821 3479 eorum

154 3510 457 3569 memoria
487 3510 549 3564 in
582 3512 1139 3568 commemoratione
1170 3512 1428 3584 corporis
1460 3512 1693 3583 Christi,
1720 3530 1825 3569 nec

156 3600 394 3674 aliquid
426 3599 758 3673 prodesset,
793 3600 864 3656 ad
896 3601 1024 3673 ejus
1056 3601 1419 3673 baptismum
1451 3602 1511 3657 in
1550 3602 1825 3674 periculis

155 3706 425 3754 currere,
458 3706 534 3744 ne
566 3688 694 3744 sine
725 3687 824 3745 illo
868 3690 1108 3746 ﬁniatur
1143 3690 1201 3746 in
1252 3691 1362 3748 hac
1408 3691 1563 3761 vita;
1599 3709 1703 3747 nec
1752 3693 1825 3747 ad

157 3777 732 3845 reconciliationem,
769 3778 818 3833 si
848 3779 993 3834 forte
1034 3796 1139 3851 per
1189 3797 1426 3853 pravam
1474 3780 1562 3837 vel
1609 3780 1823 3838 malam

155 3866 597 3925 conscientiam
629 3867 879 3940 quisque
905 3868 977 3924 ab
1010 3870 1214 3925 eodem
1246 3887 1484 3943 corpore
1522 3877 1827 3943 separatus

155 3963 266 4016 est.
302 3960 428 4014 Cur
458 3956 620 4012 enim
648 3957 766 4012 ista
791 3958 961 4022 ﬁunt,
986 3958 1099 4015 nisi
1129 3958 1268 4031 quia
1308 3959 1507 4016 ﬁdeles
1538 3960 1712 4015 etiam
1729 3962 1825 4017 de-

154 4048 350 4104 functi
387 4046 662 4103 membra
682 4051 821 4102 sunt
849 4047 1022 4118 ejus?
1051 4048 1326 4113 Quamvis
1374 4064 1510 4121 ergo
1565 4051 1827 4107 nondum

154 4154 294 4194 cum
329 4135 465 4192 suis
478 4135 849 4207 corporibus,
858 4137 984 4208 jam
998 4141 1195 4193 tamen
1211 4137 1419 4194 animae
1434 4144 1680 4210 regnant
1692 4158 1825 4196 cum

152 4225 420 4283 Christo.
458 4223 624 4280 Unde
653 4228 712 4281 et
741 4225 803 4281 in
832 4226 1177 4300 Apocalypsi
1205 4226 1447 4299 legitur:
1466 4231 1619 4284 Beati
1627 4233 1831 4287 mortui

153 4317 255 4388 qui
290 4316 358 4372 in
393 4315 635 4370 Domino
671 4316 1011 4382 moriuntur,
1044 4315 1239 4371 amodo
1276 4317 1399 4388 jam
1418 4317 1552 4374 dicit
1591 4320 1829 4391 Spiritus

154 4413 217 4460 ut
264 4404 624 4475 requiescant
664 4421 699 4459 a
750 4404 954 4460 laboris
1003 4406 1142 4472 suis,
1192 4421 1357 4476 opera
1404 4407 1554 4461 enim
1602 4409 1830 4465 illorum

153 4499 478 4565 sequuntur
500 4492 627 4549 illos
658 4493 841 4565 (Apoc.
859 4511 971 4563 xw,
991 4494 1077 4565 l3)
1105 4512 1118 4562 ;
1152 4498 1208 4549 et
1234 4494 1359 4566 ipse
1389 4501 1479 4551 est
1508 4513 1682 4554 verus
1700 4500 1829 4555 sab-

156 4582 467 4639 batismus
502 4580 863 4649 fidelium,id
891 4587 982 4639 est
1002 4583 1253 4656 requies,
1286 4584 1358 4639 de
1389 4601 1506 4657 qua
1537 4585 1831 4659 dicitApo-

1915 668 2030 716 xw,
2054 654 2129 719 8),

1985 738 2073 793 69.
2111 738 2335 811 (Gai-:6.)
2364 739 2511 795 Nam
2564 739 2692 796 luce
2735 740 2951 796 clarius
2993 745 3222 798 constat
3251 742 3391 815 quia
3436 760 3567 816 per-

1918 830 2200 884 fectorum
2233 829 2533 900 justorum
2584 829 2814 897 animos,
2848 846 2984 885 mox
3034 834 3100 886 ut
3147 830 3327 903 hujus
3375 832 3569 890 carnis

1916 917 2174 973 claustra
2203 917 2509 986 exeunt,in
2540 918 2876 974 coelestibus
2910 920 3151 976 sedibus
3182 920 3566 992 recipiuntur,

1916 1007 2072 1080 quod
2102 1010 2159 1062 et
2187 1007 2316 1078 ipsa
2343 1006 2573 1065 Veritas
2619 1011 2931 1064 attestatur
2977 1010 3177 1066 dicens
3213 1027 3225 1064 :
3261 1011 3358 1067 Ubi
3397 1013 3572 1083 fuerit

1915 1114 2130 1169 corpus,
2166 1098 2286 1152 illic
2329 1098 2801 1168 congregabantur
2848 1106 2901 1152 et
2942 1099 3150 1170 aquilae
3182 1099 3384 1171 (Matth.
3415 1117 3567 1168 xxw,

1915 1186 2027 1259 28),
2044 1186 2184 1258 quia
2217 1186 2314 1241 ubi
2342 1186 2467 1258 ipse
2488 1186 2841 1258 Redemptor
2860 1191 3060 1243 noster
3071 1191 3161 1243 est
3172 1204 3434 1260 corpore,
3449 1188 3572 1245 illic

1918 1274 2122 1348 procul
2153 1275 2329 1330 dubio
2361 1275 3571 1348 colligenturetanimaejustorum.EtPau-

1916 1364 2010 1420 lus
2041 1364 2279 1420 dissolvi
2306 1364 2600 1420 desiderat
2629 1368 2686 1420 et
2711 1381 2845 1420 cum
2877 1364 3107 1420 Christo
3137 1366 3410 1433 esse.Qui
3433 1384 3570 1441 ergo

1918 1453 2215 1510 Christum
2245 1453 2306 1509 in
2340 1452 2482 1509 ccelo
2517 1469 2645 1510 esse
2672 1470 2789 1509 non
2822 1454 3075 1523 dubitat,
3110 1472 3216 1511 nec
3245 1455 3405 1511 Pauli
3438 1456 3569 1512 ani-

1919 1560 2077 1599 mam
2108 1542 2167 1598 in
2200 1543 2343 1599 coelo
2376 1560 2505 1599 esse
2537 1543 2849 1615 negat,qui
2875 1543 3053 1599 etiam
3075 1543 3570 1602 dissolutionesui

1921 1633 2178 1704 corporis
2210 1637 2387 1705 atque
2419 1631 2848 1689 inhabitatione
2870 1633 3070 1705 patriae
3093 1633 3344 1691 caelestis
3392 1634 3567 1691 dicit:

1917 1723 2141 1777 Scimus
2166 1724 2445 1794 quoniam
2457 1723 2513 1778 si
2523 1723 2815 1778 terrestris
2828 1723 3035 1778 domus
3052 1728 3258 1779 nostra
3270 1723 3378 1796 hui
3382 1741 3448 1779 us
3463 1724 3572 1781 ha-

1923 1812 2236 1868 bitationis
2251 1812 2322 1868 di
2330 1829 2408 1868 vso
2418 1810 2636 1878 lvutar,
2650 1813 2807 1884 quod
2829 1811 3280 1883 aediﬁcationem
3297 1813 3577 1871 habemus

1921 1919 1996 1956 ea:
2027 1907 2141 1958 Deo
2162 1902 2402 1958 domum
2432 1918 2553 1957 nan
2579 1918 2754 1957 mauu
2782 1901 3013 1975 factam
3036 1908 3322 1960 aeternam
3343 1905 3575 1961 iaculis

1922 1994 2003 2061 (ll
2026 1994 2157 2047 Cor.
2188 2009 2244 2060 ν,
2278 1992 2359 2059 5).

1989 2082 2079 2136 70.
2113 2080 2432 2153 (νιοιιιυε)
2458 2080 2676 2137 Verum
2718 2081 2829 2137 hoc
2859 2082 2930 2137 de
2974 2082 3274 2156 apostolis,
3301 2085 3575 2157 martyri-

1921 2170 2055 2237 bus,
2091 2169 2901 2243 confessoribus,czeterisque
2918 2170 3059 2227 viris
3092 2172 3216 2227 ﬁeri
3248 2174 3574 2230 notandum

1923 2263 2031 2315 est.
2065 2260 2212 2315 Nam
2244 2264 2383 2315 sunt
2413 2261 2807 2331 quorumdam
2850 2260 3149 2332 justorum
3182 2261 3412 2331 animae;
3446 2279 3575 2335 qua:

1923 2348 2115 2404 adhuc
2146 2348 2551 2405 mansionibus
2600 2349 2972 2416 ditl'eruntur,
3008 2349 3068 2404 in
3114 2366 3231 2421 quo
3276 2350 3577 2408 dilationis

1924 2435 2144 2493 caelesti
2195 2454 2393 2511 regno,
2441 2437 2577 2494 licet
2615 2439 2674 2494 in
2727 2439 2898 2495 beata
2944 2439 3165 2510 requie,
3218 2439 3576 2511 quibusdam

1925 2527 2140 2583 damno
2171 2527 2499 2583 ostenditur
2530 2529 2684 2600 quod
2718 2529 2789 2584 de
2813 2528 3069 2600 perfecta
3092 2528 3326 2600 justitia
3355 2529 3579 2602 aliquid

1926 2615 2125 2672 minus
2148 2617 2500 2673 habuerunt.
2527 2619 2599 2673 At
2636 2634 2771 2673 vero
2821 2616 3091 2673 nonnulli
3138 2622 3377 2691 propter
3426 2618 3581 2675 bona

1927 2705 2063 2761 ﬁdei
2095 2723 2269 2779 opera
2299 2707 2370 2762 ad
2407 2706 2726 2763 electorum
2776 2710 2996 2762 sortem
3045 2706 3441 2780 praeordinati,
3476 2708 3580 2764 sed

1928 2799 2164 2867 propter
2180 2795 2337 2851 mala
2356 2796 2555 2868 aliqua
2568 2797 2785 2869 quibus
2806 2797 2877 2852 de
2907 2813 3147 2869 corpore
3169 2796 3436 2852 exierunt
3449 2800 3582 2870 post

1930 2889 2178 2941 mortem
2193 2902 2416 2953 sereno,
2433 2885 2757 2958 castigandi
2782 2885 3149 2957 recipiuntur
3159 2886 3414 2942 ﬂammis
3425 2885 3582 2959 ignis

1929 2974 2441 3047 purgatorii,etvel
2473 2992 2659 3048 usque
2689 2975 2761 3031 ad
2793 2974 3584 3048 diemjudiciilongaexami-

1930 3065 2167 3120 natione
2188 3083 2222 3120 a
2247 3065 2522 3120 vitiorum
2546 3065 2717 3120 sorde
2739 3065 3120 3132 mundantur,
3133 3064 3223 3120 vel
3253 3064 3585 3138 certeprius

1931 3154 2253 3209 amicorum
2278 3153 2539 3209 ﬁdelium
2564 3152 2856 3225 precibus,
2889 3151 3298 3226 eleemosynis,
3314 3152 3582 3226 jejuniis,

1931 3244 2165 3299 ﬂetibus
2196 3248 2253 3299 et
2279 3242 2482 3299 hostiae
2515 3242 2792 3298 salutaris
2824 3241 3242 3311 oblationibus,
3276 3242 3466 3315 poenis
3488 3242 3586 3297 ab-

1854 3317 1896 3384 C
1936 3332 2108 3388 soluti
2116 3338 2203 3403 ,et
2227 3331 2337 3404 ipsi
2360 3333 2431 3387 ad
2455 3332 2761 3387 beatorum
2784 3331 3135 3403 perveniunt
3162 3331 3447 3403 requiem.
3464 3329 3585 3387 Illis

1932 3440 2068 3497 ergo
2099 3439 2300 3478 eorum
2327 3438 2504 3477 sacrae
2536 3420 2785 3476 victimae
2817 3420 3065 3476 mortuis
3085 3424 3351 3492 prosunt,
3367 3420 3469 3492 qui
3490 3419 3585 3476 hic

1932 3512 2172 3568 vivendo
2205 3511 2583 3566 obtinuerunt
2612 3515 2681 3566 ut
2707 3526 2808 3565 eos
2820 3508 2997 3565 etiam
3014 3511 3409 3582 postmortem
3428 3509 3583 3566 bona

1936 3602 2376 3673 adjuvent,qua3
2398 3599 2493 3655 hic
2523 3616 2627 3672 pro
2657 3598 2803 3672 ipsis
2834 3599 2906 3655 ab
2938 3597 3069 3655 aliis
3099 3598 3267 3654 ﬁunt.
3285 3598 3442 3654 Inter
3465 3598 3588 3655 haec

1936 3696 2131 3747 autem
2162 3690 2530 3763 pensandum
2554 3690 2824 3762 est,quod
2848 3690 3036 3745 tutior
3051 3690 3159 3745 via
3185 3689 3588 3760 sit,utbonum

1938 3781 2093 3853 quod
2126 3779 2375 3853 quisque
2406 3766 2538 3852 post
2557 3783 2806 3835 mortem
2840 3777 3141 3851 speratagi
3155 3794 3259 3850 per
3273 3777 3592 3850 alios,agat

1937 3871 2080 3926 dum
2110 3869 2250 3924 vivit
2276 3869 2401 3941 ipse
2430 3885 2534 3941 pro
2565 3884 2648 3924 se.
2682 3868 2916 3924 Beatius
2957 3866 3172 3940 quippe
3211 3872 3301 3923 est
3337 3867 3589 3922 liberum

1937 3959 2091 4015 exire
2120 3975 2297 4030 quam
2329 3961 2462 4029 post
2498 3956 2730 4012 vincula
2768 3955 3100 4012 libertatem
3141 3972 3419 4029 quaerere.
3454 3955 3590 4011 Pro-

1937 4052 2066 4121 pter
2096 4046 2196 4102 illa
2225 4064 2361 4120 ergo
2381 4046 2558 4102 verba
2576 4046 2794 4118 quibus
2813 4045 3048 4116 dicitur,
3060 4047 3163 4120 qui
3172 4062 3274 4102 nos
3286 4060 3590 4118 praecesse-

1937 4143 2075 4193 runt
2105 4153 2233 4192 cum
2264 4138 2437 4209 signo
2465 4134 2636 4208 ﬁdei,
2667 4141 2722 4190 et
2750 4135 3057 4191 dormiunt
3091 4137 3152 4191 in
3171 4151 3369 4191 somno
3404 4135 3588 4203 pacis,

1940 4244 2083 4283 usus
2114 4226 2225 4281 fuit
2254 4223 2826 4297 antiquorum,sicut
2854 4224 3030 4279 etiam
3064 4224 3329 4279 Romana
3359 4222 3588 4294 agitEe-

1939 4315 2135 4383 clesia,
2170 4319 2236 4370 ut
2266 4314 2465 4370 statim
2490 4314 2876 4369 recitarentur
2906 4328 2974 4367 ex
3005 4310 3390 4385 diptychis,id
3408 4313 3589 4366 estta-

1937 4403 2361 4471 bulis,nomina
2374 4404 2984 4474 defunctorum,atque
2997 4401 3078 4456 ita
3090 4399 3589 4473 postlectitionem

1938 4495 2246 4551 nominum
2278 4493 2774 4565 subjungerentur
2799 4490 2976 4546 verba
3002 4488 3337 4562 sequentia:
3369 4490 3513 4560 Ipsis
3542 4494 3595 4544 et

1939 4585 2190 4643 omnibus
2216 4583 2273 4637 in
2308 4582 2527 4637 Christo
2557 4580 2955 4651 quiescentibus
2978 4579 3159 4635 locum
3185 4577 3493 4650 refrigerii,
3512 4577 3595 4632 lu-

158 4670 356 4727 stolus
396 4673 419 4726 ?
451 4675 644 4743 Itaque
691 4671 1028 4743 relinquitur
1072 4673 1438 4729 sabbatis-mus
1484 4676 1683 4746 populo
1732 4677 1831 4732 Dei
1858 4692 1906 4755 Β
1937 4676 2015 4730 cis
2046 4682 2095 4730 et
2120 4672 2274 4744 pacis
2298 4677 2359 4725 ut
2390 4668 2673 4739 indulgeas
2716 4668 3092 4739 deprecamur.
3129 4665 3279 4755 Ipsis
3323 4664 3592 4755 videlicet

159 4760 351 4827 (Hebr.
390 4776 467 4826 1v,
483 4759 559 4831 9).
580 4759 686 4824 Qui
703 4759 860 4814 enim
895 4760 1201 4834 ingressus
1224 4762 1383 4817 estin
1401 4764 1661 4835 requiem
1675 4766 1825 4835 ejus,

160 4847 461 4921 requievit
488 4848 560 4903 ab
592 4848 869 4920 operibus
900 4850 1561 4921 suis,quemadmodum
1594 4855 1832 4910 etasuis

167 4936 351 4994 Deus.
392 4937 623 5009 Regnat
650 4936 851 5009 itaque
876 4956 1009 4994 cum
1040 4938 1269 4995 Christo
1300 4957 1454 4996 nunc
1484 4940 1743 4998 Ecclesia
1771 4943 1831 4997 in

159 5026 309 5082 vivis
342 5029 407 5082 et
437 5026 710 5082 mortuis.
746 5026 1055 5100 Propterea
1093 5027 1272 5096 enim,
1307 5028 1460 5084 sicut
1489 5029 1632 5086 dicit
1674 5033 1829 5104 Apo-

165 5113 362 5171 stolus
399 5131 412 5169 :
448 5117 701 5171 Mortuus
742 5123 821 5172 est
848 5116 1111 5185 Christus,
1144 5125 1204 5172 ut
1244 5126 1294 5173 et
1330 5118 1577 5174 vivorum
1605 5128 1657 5175 et
1683 5138 1831 5177 mor-

164 5213 397 5261 tuorum
424 5203 740 5261 dominetur
767 5204 941 5278 (Rom.
974 5224 1090 5275 xw,
1122 5207 1197 5279 9).
1232 5206 1393 5263 Unde
1430 5211 1487 5263 et
1531 5207 1668 5264 alibi
1701 5211 1783 5266 ait
1814 5228 1827 5265 :

164 5295 458 5367 Quoniam
484 5310 597 5351 non
620 5297 808 5366 posuit
831 5312 929 5352 nos
959 5297 1095 5352 Deus
1124 5296 1195 5351 ad
1225 5298 1388 5364 iram,
1415 5297 1508 5352 sed
1547 5299 1605 5353 in
1637 5304 1830 5373 acqui-

160 5384 427 5439 sitionem
453 5385 653 5440 salutis
679 5401 781 5456 per
810 5384 1107 5441 Dominum
1148 5392 1397 5441 nostrum
1440 5388 1625 5442 Jesum
1673 5389 1827 5445 Chri-

162 5480 336 5537 stum,
372 5474 472 5543 qui
493 5482 744 5530 mortuus
782 5482 862 5531 est
884 5491 985 5547 pro
1032 5475 1209 5541 nobis,
1241 5482 1319 5540 ut,
1352 5477 1466 5530 sive
1512 5478 1826 5548 vigilemus,

163 5562 280 5617 sive
328 5560 696 5631 dormiamus,
746 5581 873 5620 cum
911 5565 1009 5620 illo
1054 5566 1311 5620 vivamus
1358 5565 1404 5636 (Ι
1450 5565 1623 5621 Thess.
1666 5584 1722 5631 v,
1752 5568 1825 5640 9).

168 5649 231 5705 In
264 5648 495 5722 quibus
532 5653 726 5710 verbis
773 5653 1100 5727 vigilantes,
1133 5653 1414 5721 viventes,
1448 5654 1826 5726 dormientes,

170 5742 444 5795 mortuos
496 5740 741 5815 intelligi
794 5742 997 5815 voluit,
1031 5743 1187 5800 sicut
1238 5742 1449 5800 iterum
1494 5743 1675 5800 dicit:
1709 5746 1833 5803 Sive

1939 4779 2190 4835 quorum
2222 4758 2462 4815 nomina
2481 4760 2979 4822 momorantur,et
3003 4754 3228 4811 caateris
3241 4752 3592 4810 omnibusin

1940 4853 2169 4908 Christo
2191 4847 2629 4923 quiescentibus
2661 4847 2838 4902 locum
2866 4846 3168 4917 refrigerii,
3195 4843 3297 4899 ubi
3326 4860 3442 4899 non
3456 4859 3591 4898 sen—

1939 4942 2095 4996 tiunt
2126 4940 2362 4996 ardores
2394 4951 2718 5010 poenarum.
2753 4943 2804 4991 et
2830 4936 2990 5001 lucis,
3015 4934 3085 4990 de
3112 4950 3230 5006 qua
3258 4930 3588 4988 Psalmista:

1938 5033 2006 5086 Et
2027 5031 2272 5102 placeam
2302 5043 2485 5083 coram
2515 5027 2618 5081 Deo
2645 5031 2703 5080 tn
2736 5024 2947 5080 lumine
2975 5024 3275 5079 viventium
3303 5020 3476 5091 (Psal.
3501 5035 3589 5087 LV,

1942 5120 2051 5192 44).
2082 5121 2149 5174 Et
2168 5119 2343 5190 pacis,
2378 5117 2449 5171 de
2479 5132 2596 5187 qua
2615 5116 2822 5187 justus
2859 5112 3095 5169 Simeon
3120 5129 3133 5168 :
3158 5113 3314 5168 Nunc
3358 5108 3593 5163 dimittis

1938 5226 2157 5266 servum
2205 5217 2381 5272 tuum,
2421 5205 2669 5271 Domine,
2718 5203 3025 5259 secundum
3060 5200 3284 5257 verbum
3332 5206 3489 5253 tuum
3534 5196 3595 5250 in

1933 5316 2067 5372 pace
2097 5298 2245 5371 (Luc.
2274 5314 2332 5363 ll,
2354 5295 2465 5363 59).
2498 5295 2569 5349 Et
2612 5293 2672 5347 in
2720 5310 2838 5364 qua
2878 5293 3218 5346 sanctorum
3266 5289 3592 5358 martyrum

1941 5389 2147 5445 anima:
2179 5386 2511 5458 quiescunt,
2544 5383 2771 5438 dicente
2806 5380 3073 5451 Sriptura
3107 5395 3120 5433 :
3155 5379 3269 5433 Visi
3305 5383 3432 5432 sunt
3467 5391 3592 5430 ocu-

1940 5481 2011 5535 lis
2061 5477 2444 5548 insipientium
2490 5472 2647 5537 mori,
2678 5471 2768 5525 illi
2816 5476 2997 5524 autem
3039 5475 3168 5523 sunt
3198 5468 3260 5522 in
3280 5481 3412 5538 pace
3443 5463 3590 5535 (Sap.

1940 5587 2025 5637 III,
2059 5571 2113 5633 2,
2149 5567 2201 5639 3)

2008 5658 2069 5713 7t
2088 5702 2099 5713 .
2116 5656 2274 5712 Hanc
2307 5657 2501 5709 autem
2521 5649 2681 5722 piam
2705 5652 2761 5704 et
2774 5647 3110 5721 religiosam
3137 5641 3593 5711 observantiam,

1942 5763 2121 5820 quam
2151 5763 2216 5802 cx
2231 5740 2550 5816 apostolica
2582 5737 2709 5795 sine
2734 5738 2914 5795 dubio
2929 5736 3244 5795 traditione
3257 5737 3596 5807 susceptam
