4082 6434
528 385 609 453 68
1630 393 1856 458 FLORI
1899 392 2216 456 DIACONI
2260 393 2831 458 LUGDUNENSIS.
3864 377 3951 453 61

534 521 810 581 universa
839 520 897 580 in
930 522 1153 582 mundo
1185 524 1554 591 uniformiter
1583 531 1639 585 et
1676 524 1979 584 celebriter
2023 529 2179 583 tenet
2211 525 2263 594 Α
2295 543 2401 583 nos
2422 526 2521 583 Dei
2557 526 2745 600 pietas
2774 526 3109 585 introducat
3160 526 3456 602 petimus;
3489 531 3555 585 ut
3604 524 3774 584 nobis
3821 543 3944 584 non

534 611 808 681 Ecclesia,
827 614 1003 669 etiam
1035 613 1259 672 Veteris
1282 617 1637 673 Testamenti
1664 616 1961 688 Scriptura
1980 621 2180 672 ctcon-

530 702 778 757 suetudo
792 720 826 758 a
840 704 1106 760 Patribus
1121 706 1872 777 custoditadiligentissime
1890 722 2180 761 commen-

530 790 650 846 dat.
670 792 946 865 Legimus
981 811 1235 866 namque
1252 795 1305 848 in
1330 795 1794 850 Machabaeorum
1818 795 2005 862 libris,
2023 795 2174 867 quod

526 880 615 934 vir
645 880 1005 937 fortissimus
1035 888 1092 938 et
1121 884 1379 955 pontifex
1422 884 1626 951 Judas,
1662 884 1970 939 duodecim
1995 883 2180 939 millia

527 968 841 1026 drachmas
864 971 1085 1044 argenti
1113 972 1253 1027 nisit
1281 972 1708 1045 Jerosolymam
1725 973 1913 1028 oﬁ‘erri
1933 990 2034 1043 pro
2051 989 2178 1045 pec-

526 1058 673 1115 catis
687 1063 1047 1115 mortuorum
1065 1060 1161 1132 qui
1180 1062 1233 1115 in
1251 1060 1402 1116 bello
1428 1062 1779 1131 ceciderant,
1799 1061 2177 1117 considerans

525 1149 682 1219 quod
714 1148 775 1203 hi
806 1149 903 1220 qui
934 1165 1064 1204 cum
1102 1150 1313 1221 pietate
1348 1150 1760 1205 dormitionem
1813 1156 2170 1222 acceperant,

522 1236 802 1308 optimam
835 1238 1114 1293 haberent
1147 1239 1463 1310 repositam
1496 1239 1774 1312 gratiam;
1806 1239 2172 1294 ubiethocin

521 1324 796 1381 laudibus
829 1326 962 1381 ﬁdei
989 1327 1117 1398 ejus
1131 1328 1497 1400 adjungitur,
1515 1329 1652 1401 quia
1669 1332 1725 1383 et
1737 1334 1937 1383 sancta
1951 1333 2006 1383 et
2023 1328 2173 1395 salu-

520 1414 607 1469 bri
639 1415 990 1488 cogitatione
1016 1433 1119 1488 pro
1150 1416 1441 1473 defunctis
1470 1419 1763 1484 exorabat,
1785 1422 1848 1473 ut
1872 1435 1906 1473 a
1936 1426 2169 1491 peccato

518 1503 901 1579 solverentur.
934 1505 1213 1577 Sequitur
1240 1505 1301 1561 in
1334 1507 1609 1579 mysterio
1646 1524 1658 1561 :

585 1594 859 1650 72.Nobis
872 1610 1090 1667 quoque
1101 1595 1503 1666 peccatoribus
1523 1595 1773 1669 famulis
1791 1596 2169 1662 tuis,etc.,us-

517 1698 630 1756 que
655 1689 765 1739 Per
794 1683 1081 1739 Christum
1107 1685 1406 1740 dominum
1429 1692 1710 1741 nostrum.
1728 1685 2167 1740 Commendatio

517 1788 621 1845 pro
648 1771 954 1844 spiritibus
978 1773 1385 1829 defunctorum
1400 1791 1503 1846 per
1526 1774 1877 1830 oblationem
1909 1774 2162 1846 pietatis,

518 1865 585 1916 ut
616 1860 672 1916 in
702 1861 890 1917 beatis
923 1861 1238 1918 electorum
1266 1864 1507 1919 sedibus
1546 1868 1881 1919 mereantur
1902 1863 2163 1919 obtinere

515 1947 709 2005 locum
741 1949 1210 2023 refrigerii,lucis
1233 1955 1290 2006 et
1320 1952 1499 2023 pacis.
1518 1954 1949 2023 Consequenter
1967 1956 2168 2007 oratur

516 2039 888 2111 omnipotens
918 2039 1070 2095 Deus
1101 2040 1351 2095 utetiam
1368 2045 1603 2097 caeteros
1618 2040 1836 2108 ﬁdeles,
1859 2040 1955 2113 qui
1971 2058 2168 2112 super-

515 2127 682 2183 stites
711 2132 850 2184 sunt
879 2133 935 2182 et
965 2128 1183 2183 vivunt.
1210 2129 1268 2184 id
1298 2134 1388 2184 est
1417 2129 1749 2185 sacerdotes
1770 2134 1825 2185 et
1854 2129 2161 2200 populum,

512 2233 615 2289 per
644 2217 918 2273 virtutem
935 2220 992 2273 et
1001 2218 1252 2290 gratiam
1268 2219 1396 2290 ejus
1422 2220 1576 2275 Deus
1606 2218 1955 2275 venerabilis
1970 2236 2163 2275 sacra-

511 2305 694 2361 menti
725 2304 941 2361 auxilio
969 2306 1039 2362 ad
1073 2307 1338 2363 eamdem
1389 2307 1811 2363 beatitudinem
1863 2309 2160 2379 perducat,

512 2394 716 2451 Totius
738 2411 994 2466 namque
1013 2395 1280 2451 Ecclesiae
1328 2414 1436 2451 vox
1465 2400 1574 2466 est,
1604 2397 1661 2451 id
1690 2402 1777 2452 est
1795 2398 2161 2452 sacerdotum

510 2488 569 2539 et
599 2483 856 2557 plebium
890 2501 1025 2540 cum
1055 2484 1389 2542 humilitate
1411 2492 1467 2542 et
1495 2487 1841 2542 contritione
1873 2486 2163 2543 cordisdi-

512 2572 772 2629 centium
802 2572 919 2629 Deo
954 2591 967 2628 :
1003 2573 1177 2630 Nobis
1206 2591 1426 2648 quoque
1465 2577 1879 2648 peccatoribus
1904 2575 2163 2650 famulis

512 2662 632 2717 tuis
664 2679 677 2717 :
712 2660 868 2733 quia,
903 2661 1035 2719 licet
1064 2663 1224 2719 omni
1256 2669 1517 2737 tempore
1551 2668 1884 2737 peccatores
1915 2682 2021 2721 nos
2035 2682 2161 2721 esse

512 2766 582 2807 ex
613 2751 784 2807 corde
815 2768 1162 2824 cognoscere
1193 2753 1743 2822 debeamus,tamen
1777 2755 2028 2810 maxime
2051 2754 2160 2810 hoc

511 2840 789 2895 attentius
818 2842 1112 2914 agendum
1133 2846 1190 2897 et
1220 2842 1619 2898 conﬁtendum
1652 2848 1761 2911 est,
1794 2862 1926 2900 cum
1968 2844 2026 2898 in
2060 2843 2159 2899 illo

511 2945 676 2985 sacro
705 2930 981 3002 mysterio
1013 2931 1342 2987 celebratur
1367 2931 1733 2988 remissionis
1747 2932 2160 3006 gratia,indul-

509 3018 705 3091 gentia
733 3023 1128 3090 peccatorum,
1146 3022 1348 3075 etcum
1373 3020 1706 3076 humilitate
1728 3028 1785 3077 et
1814 3022 2159 3078 contritione

514 3107 708 3164 cordis
732 3108 1045 3164 dicendum
1077 3109 1191 3165 Deo
1227 3127 1238 3163 :
1274 3112 1449 3167 Nobis
1487 3127 1704 3184 quoque
1748 3113 2158 3183 peccatoribus

507 3195 757 3272 famulis
784 3199 924 3268 tuis,
958 3197 1121 3270 quia,
1152 3197 1305 3254 sicut
1332 3199 1615 3272 scriptum
1650 3204 1759 3264 cst,
1795 3201 1902 3257 ctsi
1951 3218 2159 3274 pecca-

2292 616 2473 671 nostri
2508 616 2699 672 meriti
2729 617 3066 685 aestimator,
3084 618 3184 673 sed
3215 618 3395 673 veniae
3429 618 3503 672 sit
3533 617 3811 691 largitor;
3849 620 3946 684 ut,

2291 704 2429 775 quia
2461 708 2793 759 sanctorum
2818 706 3078 760 societati
3096 722 3198 778 per
3211 706 3665 778 meritumjungi
3684 722 3796 761 non
3812 722 3949 777 pos-

2290 809 2520 859 sumus,
2554 810 2657 865 per
2697 792 3125 865 indulgentiam
3176 796 3622 867 conjungamur.
3671 792 3729 850 Si
3778 793 3941 849 enim

2288 880 2665 948 mstimcmur,
2682 886 2735 938 et
2758 882 3194 954 divinojudicio
3226 882 3850 955 ponderemur,nullus
3864 882 3940 937 ad

2288 970 2685 1042 apostolorum
2716 975 2771 1026 et
2804 976 3128 1044 martyrum
3162 974 3498 1028 societatem
3544 976 3833 1044 assurgat.
3873 972 3941 1026 In

2288 1061 2610 1115 ﬁneautem
2637 1060 2810 1131 hujus
2839 1061 3141 1128 orationis,
3160 1062 3311 1116 sicut
3330 1067 3385 1116 et
3404 1062 3462 1117 in
3486 1062 3938 1133 cmterispraece-

2284 1149 2559 1204 dentibus
2573 1149 2701 1218 subj
2714 1166 2786 1203 un
2794 1149 2952 1221 gitur
2957 1166 3057 1221 per
3070 1150 3347 1205 Christum
3361 1151 3651 1206 Dominum
3664 1157 3934 1217 nostrum,

2284 1242 2339 1292 et
2372 1238 2569 1292 statim
2601 1237 2897 1294 conclusio
2932 1238 3113 1295 totius
3157 1240 3615 1295 consecrationis
3665 1240 3942 1311 sequitur

2281 1326 2525 1381 dicendo
2556 1344 2567 1383 :

2348 1417 2439 1470 73.
2480 1422 2582 1472 Per
2612 1433 2769 1488 quem
2797 1418 2985 1471 omnia
3022 1433 3233 1489 semper
3284 1417 3426 1473 bona
3473 1432 3643 1484 creas,
3678 1421 3787 1473 etc.
3824 1422 3941 1473 Per

2280 1504 2474 1578 ipsum
2508 1506 2663 1560 enim
2695 1505 3066 1577 omnipotens
3102 1510 3248 1561 Deus
3266 1506 3386 1561 haec
3409 1507 3563 1562 bona
3591 1506 3788 1561 omnia
3803 1524 3935 1579 quae

2279 1594 2464 1650 sacris
2497 1594 2781 1650 altaribus
2812 1599 3231 1650 consecrantur
3269 1613 3384 1651 non
3430 1594 3621 1651 solum
3656 1595 3715 1650 in
3764 1612 3935 1651 exor-

2278 1684 2373 1738 dio
2406 1684 2612 1738 mundi
2644 1685 2877 1749 creavit,
2911 1685 3213 1739 condendo
3255 1685 3412 1757 quod
3463 1701 3579 1740 non
3632 1690 3792 1753 erat;
3827 1702 3936 1758 per

2276 1773 2547 1828 eumdem
2580 1772 2950 1845 unigenitum
2968 1774 3224 1829 Verbum
3256 1791 3430 1829 suum
3455 1773 3619 1841 dlxit,
3635 1779 3693 1829 et
3709 1774 3931 1831 factum

2279 1866 2368 1916 est
2399 1878 2411 1916 :
2448 1861 2720 1917 Germinet
2759 1870 2903 1916 terra
2955 1863 3177 1917 herbam
3222 1865 3486 1918 virentem
3533 1871 3583 1918 et
3613 1863 3933 1936 aﬂ'erentcm

2277 1966 2477 2017 semen,
2508 1951 2829 2023 lignumque
2855 1952 3187 2022 pomiferum
3214 1953 3423 2023 faciens
3439 1954 3683 2024 fructum
3698 1952 3853 2024 (Gen.
3886 1970 3927 2020 ι,

2277 2040 2363 2111 Η)
2399 2039 2494 2094 :in
2526 2057 2643 2112 qua
2670 2040 2960 2095 creatione
2993 2039 3196 2111 utique
3228 2044 3284 2095 et
3315 2040 3497 2096 herba
3535 2040 3812 2096 frumenti
3869 2045 3928 2097 et

2274 2128 2501 2203 lignum
2530 2129 2647 2183 vini
2672 2132 2997 2184 exortatum
3014 2133 3129 2197 est;
3156 2130 3255 2184 sed
3271 2127 3445 2184 etiam
3469 2146 3701 2202 semper
3717 2131 3925 2186 eadem

2274 2219 2426 2274 bona
2456 2222 2614 2273 creat
2645 2218 3019 2290 propagando
3050 2221 3108 2273 et
3138 2219 3482 2289 reparando,
3516 2222 3581 2273 ut
3608 2236 3712 2291 per
3740 2236 3929 2276 annos

2274 2307 2536 2381 singulos
2567 2312 2622 2363 et
2652 2325 2809 2363 nova
2841 2310 3067 2380 segetes
3088 2311 3304 2363 etnova
3330 2308 3467 2363 vina
3488 2313 3825 2364 nascantur.
3844 2309 3927 2365 De

2272 2400 2382 2455 hac
2422 2415 2677 2471 namque
2725 2398 3066 2470 operatione
3114 2398 3402 2470 regenda,
3434 2398 3820 2471 propaganda
3869 2403 3934 2455 et

2271 2489 2605 2561 reparanda:
2638 2485 3077 2558 creaturae,ipse
3098 2487 3439 2559 unigenitus
3464 2486 3923 2543 FiliusinEvan-

2270 2578 2418 2651 gclio
2450 2577 2589 2633 dicit
2618 2578 2690 2632 ad
2721 2577 2954 2632 Judaeos
2986 2575 3365 2649 indignantes
3398 2576 3552 2649 quod
3586 2577 3645 2631 in
3677 2576 3925 2634 sabbato

2269 2671 2546 2724 curaret:
2580 2673 2750 2722 Pater
2794 2681 2946 2721 meus
2996 2681 3164 2738 usque
3200 2665 3357 2722 modo
3406 2673 3681 2738 operatur,
3728 2674 3780 2722 et
3824 2683 3928 2737 ego

2269 2770 2477 2827 aperor,
2512 2758 2796 2826 tanquam
2838 2754 3088 2809 diceret:
3116 2754 3242 2809 Non
3293 2771 3394 2810 sex
3432 2758 3662 2810 tantum
3711 2754 3924 2812 diebus

2269 2843 2499 2916 primis,
2533 2848 2599 2898 ut
2627 2841 2871 2915 putatis,
2906 2842 3094 2909 Pater,
3119 2846 3392 2914 operatus
3440 2846 3547 2911 est,
3578 2844 3678 2899 sed
3730 2860 3926 2916 usque

2270 2933 2442 2988 modo
2466 2936 2760 3004 operatur,
2795 2949 2912 2986 non
2960 2947 3176 2986 novum
3227 2936 3506 2987 creaturae
3531 2947 3719 3004 genus
3747 2931 3923 2988 insti-

2267 3022 2620 3089 tuendo,sed
2656 3038 2782 3092 qua:
2799 3021 2856 3075 in
2884 3019 3171 3093 principio
3195 3025 3508 3087 creaverat,
3526 3036 3597 3076 ne
3619 3021 3920 3091 deﬁciant,

2268 3111 2664 3184 propagando.
2703 3110 2932 3183 (VIGIL.)
2963 3112 3027 3164 Et
3058 3126 3173 3179 ego,
3204 3109 3414 3181 inquit,
3445 3125 3660 3182 operor,
3695 3111 3921 3167 subau-

2269 3199 2427 3255 ditur
2446 3217 2631 3272 usque
2645 3200 2838 3269 modo,
2855 3216 2989 3254 cum
3013 3216 3079 3255 eo
3093 3205 3308 3255 cuncta
3329 3200 3667 3273 disponens,
3684 3216 3920 3273 regens,

505 3286 784 3355 verimus,
817 3286 903 3342 tui
937 3301 1166 3355 sumus,
1201 3288 1453 3345 scientes
1474 3290 1940 3363 magnitudinem
1969 3297 2152 3358 tuam,
2186 3274 2228 3343 C
2267 3288 2748 3345 accumulans.1n
2771 3288 2990 3361 quibus
3012 3288 3503 3361 verbismqualem
3538 3306 3599 3345 se
3630 3289 3745 3345 Deo
3763 3291 3920 3346 Patri

511 3391 626 3431 non
660 3377 732 3432 de
754 3375 892 3432 ullis
921 3377 1140 3434 nostris
1173 3379 1533 3446 meritis,sed
1556 3381 1629 3436 de
1659 3379 2156 3437 multitudinemi-

505 3467 866 3522 serationum
896 3472 1143 3523 tuarum
1170 3468 1597 3538 separantibus,
1631 3470 1804 3524 corde
1837 3469 1895 3524 in
1928 3468 2154 3541 psalmo

508 3556 911 3610 cantamuszEt
920 3557 1229 3611 secundum
1244 3556 1695 3613 multitudinem
1709 3559 2153 3613 miserationum

508 3646 755 3698 tuarum
803 3642 938 3698 dele
982 3644 1340 3717 iniquitatem
1390 3661 1578 3701 meam
1627 3645 1813 3715 (Psal.
1848 3664 1911 3717 1.,
1936 3649 2011 3715 3).
2047 3647 2153 3702 Re-

509 3732 804 3788 cordanda
846 3749 1101 3805 namque
1149 3739 1290 3789 sunt
1335 3733 1396 3788 in
1422 3733 1530 3789 hoc
1558 3734 1703 3802 loco,
1737 3739 1792 3789 et
1848 3735 2158 3808 diligenter

508 3819 858 3876 inculcanda
885 3822 1057 3877 verba
1086 3821 1369 3895 Apostoli,
1401 3823 1649 3878 dicentis
1674 3840 1686 3877 :
1724 3825 1909 3879 Omnis
1922 3842 2157 3897 namque

508 3909 754 3966 sacerdos
782 3927 852 3966 ea:
879 3911 1195 3967 hominihus
1225 3921 1553 3984 assumptus,
1565 3929 1669 3983 pro
1699 3914 2012 3970 hominibus
2023 3931 2155 3972 con-

509 4000 736 4055 situitur
764 4002 826 4055 in
855 4000 942 4056 his
971 4016 1098 4074 qum
1115 4008 1244 4056 sunt
1274 4002 1344 4056 ad
1372 4004 1561 4070 Deum,
1594 4010 1657 4058 ut
1696 4004 1887 4076 offerat
1937 4004 2079 4060 dona
2108 4013 2159 4061 et

507 4089 784 4160 sacriﬁcia
807 4105 909 4161 pro
934 4092 1167 4160 peccatis
1195 4108 1214 4144 :
1245 4092 1342 4161 qui
1388 4091 1670 4146 condolere
1709 4095 1878 4164 possit
1925 4095 2013 4149 his
2058 4097 2157 4166 qui

509 4179 768 4249 ignorant
793 4186 847 4234 et
864 4186 1073 4245 errant,
1105 4181 1368 4252 quoniam
1408 4187 1459 4235 et
1508 4182 1621 4251 ipse
1666 4183 2039 4239 circumdatus
2081 4192 2158 4240 est

510 4268 850 4338 inﬁrmitate,
900 4276 951 4324 et
995 4275 1280 4340 propterea
1326 4268 1496 4335 debet,
1547 4271 1999 4340 quemadmodum
2054 4289 2156 4343 pro

505 4358 725 4428 populo,
759 4359 837 4413 ita
863 4361 1031 4413 etiam
1057 4373 1160 4430 pro
1187 4374 1246 4413 se
1273 4358 1467 4429 offerre
1490 4374 1592 4429 pro
1620 4363 1852 4430 peccatis
1881 4363 2065 4431 (Hebr.
2099 4379 2152 4429 v,

511 4446 584 4517 1).
602 4446 686 4501 Ad
718 4447 874 4518 quod
897 4446 1103 4502 beatus
1124 4446 1506 4519 Gregoriusin
1533 4448 1786 4520 quodam
1819 4449 2157 4506 locoexhor—

510 4538 645 4591 tans
675 4534 843 4589 dicit;
867 4556 895 4583 «
929 4535 1039 4590 Sed
1073 4550 1309 4590 necesse
1341 4540 1431 4590 est
1458 4541 1543 4605 ut,
1578 4554 1713 4592 cum
1746 4538 1867 4593 haec
1898 4539 2151 4612 agimus,

510 4622 902 4695 nosmetipsos
932 4623 1047 4678 Deo
1077 4623 1135 4678 in
1168 4625 1358 4680 cordis
1398 4626 1745 4683 contritione
1786 4633 2111 4685 mactemus
2140 4647 2152 4697 ;
2187 4653 2233 4717 Β

510 4712 650 4786 quia
671 4712 768 4785 qui
800 4710 1093 4785 passionis
1114 4712 1427 4769 Dominicze
1459 4715 1737 4787 mysteria
1766 4716 2150 4785 celebramus,

509 4802 793 4858 debemus
824 4800 1042 4857 imitari
1072 4802 1225 4874 quod
1255 4802 1507 4876 agimus.
1532 4805 1695 4859 Tunc
1726 4805 1881 4861 enim
1910 4824 2041 4862 vere
2053 4825 2156 4879 pro

510 4890 679 4947 nobis
710 4890 825 4947 Deo
859 4890 1048 4947 hostia
1069 4891 1197 4950 erit.
1214 4909 1348 4947 cum
1364 4909 1471 4948 nos
1489 4892 1649 4965 ipsos
1669 4894 1922 4950 hostiam
1938 4896 2153 4952 fecerit.

508 4981 721 5037 Oratur
741 4980 939 5053 itaque
967 4981 1337 5054 omnipotens
1350 4981 1524 5051 Deus,
1542 4988 1733 5039 utnon
1747 4983 1937 5040 solum
1950 4986 2156 5042 defun-

508 5071 638 5137 ctis,
673 5086 924 5143 quorum
978 5087 1158 5143 supra
1206 5072 1683 5127 commemoratio
1729 5074 1880 5130 facta
1919 5081 2028 5146 est,
2056 5076 2156 5132 sed

508 5160 684 5215 etiam
706 5158 877 5215 nobis
907 5160 1333 5231 peccatoribus,
1351 5161 1422 5215 de
1436 5160 1815 5219 multltudine
1829 5165 2158 5221 miseratio-

509 5265 651 5304 num
685 5265 929 5304 suarum
947 5249 1340 5321 sperantibus,
1366 5253 1592 5321 partem
1623 5250 1879 5323 aliquam
1902 5258 1961 5310 et
1981 5256 2160 5312 socie-

509 5343 688 5395 tatem
719 5337 936 5394 donare
962 5338 1236 5411 dignetur
1265 5354 1400 5394 cum
1424 5339 1548 5394 suis
1571 5341 1789 5397 sanctis
1811 5344 2090 5415 apostolis
2102 5350 2158 5401 et

508 5427 868 5500 martyribus
897 5431 953 5484 et
982 5428 1259 5484 omnibus
1290 5427 1509 5483 sanctis
1536 5445 1640 5500 pro
1664 5432 1900 5488 modulo
1931 5439 2151 5503 nostro;

509 5517 724 5589 quibus
755 5533 911 5571 nunc
941 5516 1833 5588 sociamurpercommunionem
1850 5522 2153 5590 ﬁdei,cum

508 5605 656 5677 ipsis
683 5603 857 5660 etiam
892 5606 1231 5661 societatem
1259 5604 1388 5658 vitae
1405 5610 1461 5660 et
1490 5606 1824 5665 beatudinis
1854 5614 2153 5669 aeterneein

510 5693 708 5755 futuro
739 5694 1553 5769 accipiamus.lntraquorum
1578 5713 1683 5753 nos
1717 5703 2073 5758 consortium
2090 5708 2156 5760 ut

2264 3378 2741 3435 manifestissimo
2753 3377 3086 3451 praedicavit
3101 3396 3113 3433 :
3129 3379 3268 3451 quia
3288 3395 3538 3451 quorum
3560 3395 3679 3435 una
3690 3380 3924 3435 eadem-

2264 3485 2376 3542 que
2408 3466 2903 3541 operatio,procul
2933 3465 3110 3522 dubio
3143 3465 3385 3539 aequalis
3405 3472 3493 3523 est
3522 3472 3581 3524 et
3611 3468 3918 3539 majestas.

2264 3559 2371 3614 Per
2400 3557 2595 3631 ipsum
2630 3557 2891 3622 enim,ut
2919 3556 3140 3611 dictum
3174 3560 3281 3622 est,
3297 3556 3452 3612 Deus
3485 3556 3922 3613 Paterhaacom-

2264 3647 2361 3703 nia
2392 3648 2545 3703 bona
2562 3662 2791 3717 semper
2807 3648 2985 3710 creat,
3001 3649 3057 3700 et
3070 3650 3261 3700 creato
3281 3662 3346 3701 ac
3361 3644 3487 3701 suis
3499 3647 3919 3719 conspectibus

2264 3736 2457 3793 oblata
2486 3733 2834 3801 sanctiﬁcat,
2870 3739 2936 3789 ut
2966 3751 3093 3805 quae
3124 3739 3290 3790 erant
3333 3734 3582 3807 simplex
3620 3740 3913 3800 creatura.

2264 3827 2408 3881 fiant
2438 3828 2841 3892 sacramenta;
2872 3823 3074 3895 sicque
3103 3823 3520 3880 sanctiﬁcando
3549 3823 3815 3891 viviﬁcet,
3850 3830 3920 3881 ut

2264 3914 2384 3971 sint
2413 3912 2689 3987 mysteria
2709 3913 2861 3981 vitm,
2895 3916 2961 3967 ut
2990 3917 3260 3968 sumatur
3288 3911 3346 3967 in
3370 3912 3454 3968 eis
3482 3912 3617 3981 vita,
3653 3917 3719 3968 ut
3764 3912 3916 3969 vita-

2263 4004 2376 4059 lem
2401 4002 2790 4077 substantiam
2812 4000 3235 4073 accipientibus
3249 4001 3719 4058 subministrent.
3738 4004 3918 4060 Sanc-

2263 4093 2539 4149 tiﬁcando
2553 4096 2749 4146 autem
2767 4095 2824 4146 et
2835 4090 3178 4145 viviﬁcando
3196 4089 3567 4147 inetl‘abiliter
3596 4091 3912 4159 benedicit,

2266 4180 2402 4253 quia
2432 4196 2501 4236 ea
2528 4179 2686 4235 omni
2707 4178 3111 4235 benedictione
3128 4178 3346 4234 ccelesti
3372 4184 3428 4234 et
3440 4180 3627 4252 gratia
3639 4196 3919 4237 accumu-

2262 4270 2365 4326 lat.
2400 4270 2486 4325 Ita
2513 4285 2646 4325 vero
2678 4268 3059 4335 sanctiﬁcata,
3095 4273 3153 4323 et
3181 4267 3490 4336 viviﬁcata,
3522 4273 3579 4325 et
3608 4270 3921 4326 benedicta

2265 4362 2503 4432 praestat
2534 4358 2703 4413 nobis
2735 4373 2838 4430 per
2858 4357 3131 4413 eumdem
3159 4373 3358 4413 secum
3392 4357 3611 4430 pariter
3651 4359 3922 4415 sanctiﬁ-

2264 4452 2515 4516 cantem,
2539 4446 2929 4502 viviﬁcantem
2956 4450 3013 4502 et
3044 4447 3617 4519 benedicentem,qui
3652 4449 3820 4505 nobis
3844 4450 3921 4505 de

2264 4553 2503 4609 corpore
2532 4540 2590 4592 et
2618 4535 2905 4609 sanguine
2935 4551 3041 4591 suo
3069 4535 3229 4591 dedit
3261 4540 3381 4591 tam
3425 4536 3724 4592 salubrem
3769 4538 3920 4594 refe-

2265 4628 2535 4683 ctionem.
2572 4624 3130 4695 (Auo.)Manducent
3158 4640 3295 4697 ergo
3325 4624 3426 4697 qui
3460 4625 3843 4695 manducant,
3861 4632 3923 4684 et

2265 4718 2468 4774 bibant
2499 4714 2599 4787 qui
2631 4714 2863 4781 bibunt,
2879 4713 3141 4769 esuriant
3159 4718 3217 4769 et
3240 4713 3460 4782 sitiant,
3476 4714 3654 4769 vitam
3674 4716 3925 4771 mandu~

2266 4810 2416 4875 cent,
2450 4805 2628 4860 vitam
2660 4803 2884 4859 bibant.
2909 4801 3057 4857 Illud
3089 4803 3465 4869 manducare,
3491 4803 3646 4858 reﬁci
3678 4805 3920 4862 est.Sed

2267 4895 2352 4951 sic
2402 4892 2679 4960 reﬁceris,
2710 4894 2778 4947 ut
2818 4908 2934 4947 nou
2977 4891 3210 4947 deﬁciat
3258 4892 3412 4947 unde
3453 4892 3727 4948 reﬁceris.
3761 4892 3919 4951 Illud

2266 4984 2461 5040 bibere
2495 4981 2635 5054 quid
2668 4985 2775 5048 est,
2808 4979 2922 5036 nisi
2955 4979 3182 5036 vivere?
3215 4981 3505 5037 Manduca
3546 4980 3750 5051 vitam,
3782 4981 3921 5040 bibe

2266 5073 2468 5139 vitam,
2501 5070 2746 5125 habebis
2774 5068 2975 5137 vitam,
3009 5073 3065 5124 et
3086 5069 3312 5142 integra
3338 5073 3427 5125 est
3454 5069 3591 5125 vita.
3616 5071 3779 5126 Tune
3809 5088 3918 5128 au-

2266 5168 2385 5218 tem
2427 5160 2536 5215 hoc
2586 5158 2715 5225 erit,
2744 5157 2804 5213 id
2853 5162 2942 5213 est
2990 5157 3109 5214 vita
3139 5157 3458 5230 unicuique
3483 5158 3593 5216 erit
3621 5176 3835 5233 corpus
3858 5167 3920 5217 et

2267 5249 2509 5323 sanguis
2539 5246 2777 5314 Christi,
2804 5245 2853 5301 si
2886 5246 3039 5318 quod
3088 5246 3148 5301 in
3199 5251 3563 5304 sacramento
3606 5248 3922 5306 visibiliter

2266 5340 2539 5405 sumitur,
2567 5335 2627 5391 in
2660 5335 2789 5408 ipsa
2812 5335 3051 5391 veritate
3081 5334 3466 5407 spiritualiter
3502 5339 3916 5411 manducetur,

2266 5426 2610 5502 spiritaliter
2640 5425 2895 5481 bibatur:

2333 5521 2422 5574 74.
2460 5518 2565 5573 Per
2609 5514 2806 5586 ipsum
2855 5530 3012 5587 ergo,
3045 5518 3111 5569 ut
3159 5515 3380 5571 dictum
3424 5520 3531 5583 est,
3562 5516 3717 5573 Deus
3746 5510 3922 5574 Pater

2264 5611 2385 5666 haec
2412 5604 2609 5663 omnia
2638 5604 2791 5658 bona
2821 5603 3240 5660 sanctiﬁcando
3270 5608 3327 5660 et
3354 5604 3922 5663 viviﬁcandoineﬁ'a-

2264 5699 2458 5756 biliter
2487 5692 2799 5760 benedicit,
2820 5690 2959 5764 quia
2988 5692 3055 5748 ea
3086 5692 3246 5749 omni
3277 5692 3676 5752 benedictiene
3690 5693 3919 5754 caelesti
