4082 6444
162 427 246 487 73
1208 429 1618 491 OPUSGULA
1664 429 2076 491 ADVERSUS
2122 429 2623 494 AMALARIUM.
3522 439 3599 495 74

159 575 319 626 eres,
344 558 586 615 Domini
615 562 706 616 est
736 574 912 618 causa
935 577 1113 634 quam
1136 561 1431 634 loquitur:
1460 562 1639 637 digua
1660 566 1835 630 certe,
1868 562 1918 630 Α
1952 563 2217 635 gravitati
2240 564 2705 637 fastidiosum,et
2725 582 2864 622 mete
2882 567 3323 640 supplicationis
3345 569 3599 624 sermoni

158 663 300 720 quae
321 664 357 704 a
378 648 729 706 melioribus
750 654 1183 723 suggereretur,
1199 656 1255 705 et
1275 650 1485 707 idonea
1504 668 1631 723 quae
1654 652 1725 707 ad
1748 667 1839 707 ve-

152 740 359 793 strum
384 739 517 810 jam
546 738 688 794 olim
713 738 1008 810 judicium
1032 739 1422 796 examinanda
1451 741 1834 813 perferretur;

151 825 264 882 sed
299 826 590 899 quoniam
642 827 855 885 fortius
893 827 1151 885 clamare
1196 828 1389 885 solent
1436 830 1535 902 qui
1580 830 1836 886 atrocius

146 914 469 987 vapulant,
495 921 555 972 et.
580 916 684 989 qui
715 917 975 973 maxima
998 922 1241 991 cogente
1273 916 1598 991 indigentia
1621 918 1837 991 impor-

146 1004 367 1060 tunius
391 1004 722 1078 postulant,
750 1006 1127 1063 miseratione
1151 1007 1347 1080 potius
1368 1025 1548 1080 quam
1573 1008 1837 1081 indigna-

145 1092 321 1150 tione
350 1094 521 1167 digni
551 1093 886 1152 habentur:
912 1097 989 1152 sit
1023 1101 1083 1151 et
1115 1096 1259 1152 mihi
1291 1096 1538 1153 minimo
1573 1099 1685 1153 sub
1708 1115 1833 1154 ves-

146 1186 244 1238 tra
278 1183 499 1255 pietate
528 1189 730 1240 tutum
760 1202 828 1242 ac
858 1185 1107 1242 liberum
1130 1186 1281 1242 inter
1306 1186 1538 1259 ﬂagella
1559 1187 1836 1259 vapulan-

150 1270 231 1327 tis
263 1272 543 1328 Ecclesiae
583 1273 815 1331 tristius
852 1274 1178 1341 vociferari,
1202 1276 1272 1330 de
1303 1274 1569 1332 cladibus
1609 1278 1736 1346 ejus
1768 1293 1834 1331 ac

151 1360 426 1419 miseriis
446 1363 751 1436 conqueri,
775 1366 831 1419 et
855 1381 889 1420 a
908 1363 1073 1421 vobis
1105 1369 1358 1436 paterna:
1389 1364 1517 1437 opis
1546 1364 1832 1421 auxilium

150 1450 492 1524 deprecari.

223 1543 284 1595 2.
311 1541 540 1597 Idcirco
565 1542 725 1598 enim
749 1540 822 1598 ad
853 1558 974 1611 vos,
1001 1560 1033 1598 o
1065 1542 1288 1599 domini
1312 1547 1369 1599 et
1390 1548 1591 1599 Patres
1622 1544 1833 1600 beatis-

149 1628 319 1698 simi,
355 1631 463 1703 qui
494 1634 556 1687 et
585 1630 892 1704 dignitatis
921 1632 1202 1699 culmine,
1226 1638 1283 1687 et
1314 1632 1448 1689 ﬁdei
1475 1631 1829 1699 sinceritate,

145 1726 201 1776 et
236 1721 346 1776 Dei
380 1720 620 1788 timore,
652 1726 711 1777 et
761 1720 1017 1777 scientiae
1069 1722 1362 1794 probitate
1393 1722 1745 1794 prmeellitis,
1776 1726 1833 1777 et

148 1809 553 1884 Lugdunensi
596 1808 868 1866 Ecclesiae
910 1810 1150 1883 quidem
1192 1811 1541 1867 familiarius
1567 1811 1831 1867 obstricti

1947 652 2174 707 videtur
2202 653 2616 725 incongruum,
2635 672 2810 727 quem
2841 660 3039 712 metuo
3067 658 3241 713 rebus
3273 657 3494 713 frivolis
3520 659 3602 713 fa-

1947 757 2075 796 cere
2106 741 2500 813 prolixiorem,
2532 761 2604 799 ne
2638 744 2695 798 in
2730 744 2899 801 seriis
2929 762 2995 801 ac
3027 746 3373 801 necessariis
3405 763 3605 803 onero-

1946 830 2067 885 sior
2088 831 2376 886 videatur.
2402 831 2561 887 Cerie
2591 832 2725 888 libri
2774 834 2886 906 ipsi
2920 835 3035 889 fere
3084 836 3301 906 ubique
3332 835 3603 907 dispersi,

1946 919 2065 976 fere
2095 920 2373 977 omnibus
2424 921 2545 977 noti
2605 927 2762 992 sunt,
2798 940 2986 996 neque
3025 924 3319 980 ullatenus
3370 925 3603 996 ambigo

1946 1010 2089 1081 quin
2120 1010 2387 1081 gravium
2411 1027 2477 1065 ac
2508 1013 2886 1082 prudentium
2910 1014 3170 1069 virorum
3192 1014 3419 1084 judicio
3445 1031 3603 1070 seve-

1944 1097 2071 1153 rius
2112 1098 2638 1170 reprehendantur,
2685 1118 2863 1173 quam
2912 1101 3246 1173 exiguitatis
3303 1119 3445 1159 meae
3503 1106 3605 1158 aut

1945 1187 2364 1259 comprehendi
2388 1186 2647 1261 ingenio,
2663 1194 2765 1245 aut
2785 1190 3120 1262 exaggerari
3143 1190 3331 1262 possit
3346 1190 3598 1263 eloquio.

1942 1276 2234 1342 Attamen,
2262 1293 2332 1331 ne
2383 1277 2604 1333 frustra
2646 1294 2814 1349 opem
2854 1279 3121 1335 sanitatis
3151 1279 3352 1337 videar
3393 1279 3602 1352 implo-

1942 1381 2091 1435 rare,
2110 1365 2158 1421 si
2184 1365 2497 1422 dissimulo
2520 1372 2620 1422 aut
2645 1368 2890 1423 formido
2911 1367 3124 1424 vulnus
3147 1369 3432 1442 detegere,
3452 1386 3596 1424 non-

1942 1452 2109 1508 nulla
2139 1454 2225 1509 vel
2259 1455 2513 1511 breviter
2541 1456 2854 1529 replicabo.
2879 1457 2995 1513 Vos
3026 1460 3091 1512 ut
3119 1457 3369 1514 scelestis
3400 1474 3600 1531 coope-

1942 1546 2165 1598 ratores
2193 1544 2429 1615 medici,
2448 1545 2567 1601 sive
2590 1545 2849 1601 antidoto
2872 1546 3027 1614 fidei,
3052 1547 3171 1602 sive
3200 1546 3473 1618 scapello,
3498 1551 3601 1603 aut

1941 1632 2199 1687 cauterio
2232 1633 2644 1690 sincerissima
2673 1635 2933 1691 veritatis
2955 1638 3155 1691 curate
3186 1635 3485 1709 languida,
3509 1653 3597 1693 re-

1940 1724 2132 1776 secate
2154 1721 2410 1793 putrida,
2437 1724 2587 1779 urite
2615 1723 2844 1794 vitiosa,
2868 1729 2925 1779 et
2954 1723 3132 1780 saluti
3157 1725 3417 1798 corporis
3436 1724 3599 1781 Chri-

1940 1810 2016 1865 sti
2046 1810 2105 1865 in
2139 1827 2452 1868 commune
2503 1812 2837 1884 prospicite.
2874 1813 3062 1880 Absit,
3097 1812 3252 1870 absit
3310 1830 3344 1869 a
3398 1818 3603 1871 vestrm

140 1901 318 1968 estis,
346 1899 656 1972 querelam
688 1898 843 1955 hanc
881 1900 1262 1972 potissimum
1304 1900 1526 1956 credidi
1566 1901 1827 1956 deferen-
1858 1937 1905 2002 Β
1938 1900 2243 1970 gravitatis
2282 1918 2553 1968 censura,
2587 1906 2652 1956 ut
2700 1902 2759 1956 in
2812 1902 3156 1974 hujusmodi
3217 1902 3515 1961 erroribus
3546 1908 3605 1960 et

144 1991 340 2045 dam:
380 1993 448 2044 ut
500 1993 722 2061 quanto
771 1988 970 2062 plures
1017 1989 1195 2044 divini
1245 1989 1509 2045 muneris
1557 1989 1829 2061 largitate

148 2077 405 2153 praeitis,
440 2082 605 2133 tanto
646 2078 966 2149 instantius
997 2083 1054 2134 et
1086 2078 1418 2151 religiosius
1467 2096 1570 2151 pro
1622 2079 1828 2133 divinae

148 2168 292 2225 ﬁdei
325 2173 388 2223 et
414 2167 681 2223 veritatis
709 2167 957 2224 tuitione
975 2167 1238 2235 certetis;
1262 2184 1553 2224 memores
1576 2168 1833 2239 Spiritus

149 2258 353 2314 sancti
390 2273 496 2330 per
526 2256 902 2313 Salomonem
948 2256 1187 2324 talibus,
1212 2256 1415 2329 quales
1445 2257 1660 2312 Christi
1692 2257 1834 2312 estis

152 2348 376 2421 gratia,
413 2345 834 2419 prsclamantis
881 2363 895 2401 :
950 2348 1094 2402 Erue
1149 2362 1235 2402 eos
1294 2348 1392 2417 qui
1447 2346 1722 2401 ducuntur
1768 2345 1838 2400 ad

149 2445 421 2499 mortem.
452 2443 507 2491 ct
533 2437 631 2507 qui
670 2435 967 2491 trahuntur
1012 2435 1082 2490 ad
1130 2437 1413 2491 interitum
1461 2436 1695 2492 liberare
1741 2451 1839 2491 ne-

162 2541 316 2582 cesse
342 2533 429 2581 est
467 2526 652 2596 (Prov.
684 2541 839 2593 xx1v,
865 2524 973 2595 11).
1002 2524 1059 2579 Si
1090 2524 1329 2596 dixeris,
1352 2525 1503 2580 vires
1545 2542 1659 2580 non
1700 2542 1839 2597 sup-

161 2618 409 2689 petunt,
436 2614 539 2686 qui
572 2613 869 2686 inspector
914 2617 1004 2668 est
1051 2614 1247 2669 cordis
1298 2613 1423 2685 ipse
1470 2613 1764 2685 intelligit,
1789 2618 1845 2668 et

163 2708 539 2762 servatorem
565 2703 775 2759 animm
800 2708 912 2758 tuae
938 2702 1079 2757 nihil
1105 2702 1597 2774 fallit,reddetque
1620 2701 1845 2758 homini

155 2796 340 2866 juxta
372 2809 557 2866 opera
590 2808 718 2848 sua.
755 2792 1055 2849 Praecessit
1098 2792 1254 2847 enim
1289 2792 1347 2846 in
1390 2793 1631 2864 praefata
1661 2808 1848 2864 nuper

163 2882 442 2940 Ecclesia
473 2897 577 2954 per
606 2880 913 2953 praelatum
945 2882 1072 2952 ejus
1103 2880 1466 2935 Amalarium
1499 2896 1661 2935 error
1690 2881 1843 2935 insa-

163 2991 284 3029 nus
319 2975 385 3028 et
413 2987 626 3042 vanus,
650 2970 786 3025 ﬁdei
808 2974 865 3025 et
888 2970 1150 3026 veritatis
1182 2968 1481 3037 inimicus,
1504 2968 1770 3042 religioni
1793 2972 1849 3023 et

162 3061 353 3117 saluti
378 3060 737 3127 eontrarius,
764 3076 940 3132 quem
964 3059 1223 3132 primum
1247 3060 1508 3131 quidem,
1531 3062 1848 3131 aggregata

164 3152 657 3224 presbyterorum
687 3149 932 3222 synodo,
957 3148 1526 3204 circumsedentibus
1548 3146 1846 3214 omnibus,

163 3246 223 3297 et
251 3240 428 3296 velut
457 3243 876 3312 praeceptorem
913 3238 1314 3305 audientibus,
1343 3237 1473 3293 viva
1503 3253 1640 3291 voce
1676 3253 1847 3291 cona-

1937 1988 2175 2061 ineptiis
2200 1990 2596 2056 confutandis,
2619 1995 2721 2046 aut
2742 2008 3002 2064 persona:
3031 1996 3321 2065 respectu,
3342 1997 3444 2049 aut
3463 1994 3606 2049 adu-

1938 2073 2177 2132 lationis
2209 2078 2360 2145 fuco,
2388 2081 2487 2133 aut
2510 2078 2779 2133 humanae
2812 2080 3152 2137 offensionis
3183 2097 3283 2137 seu
3317 2080 3605 2137 discrimi'

1942 2164 2036 2220 nis
2054 2170 2214 2222 metu
2232 2167 2582 2239 cujusquam
2607 2167 2686 2238 pii
2710 2173 2765 2223 et
2787 2168 2975 2225 ﬁdelis
2996 2169 3230 2226 animus
3251 2171 3600 2226 retardetur.

1943 2257 2084 2309 Cum
2118 2271 2209 2309 res
2241 2254 2396 2321 fidei,
2423 2272 2557 2310 cum
2591 2273 2769 2312 causa
2814 2256 3103 2325 Ecclesiae,
3127 2275 3263 2314 cum
3303 2259 3601 2331 negotium

1945 2343 2158 2399 Christi
2193 2344 2410 2416 agitur,
2434 2344 2559 2399 sola
2590 2346 2755 2412 fides,
2782 2344 2908 2401 sola
2939 2350 3123 2402 mater
3142 2346 3416 2416 Ecclesia,
3442 2347 3604 2404 solus

1947 2437 2176 2488 amator
2203 2432 2485 2502 veritatis,
2516 2434 2635 2489 imo
2669 2435 2913 2500 Veritas,
2936 2435 3204 2493 Christus
3251 2454 3367 2509 prae
3417 2437 3604 2494 oculis

1948 2521 2255 2597 habeatur.

2023 2612 2076 2666 4.
2110 2615 2285 2666 Docet
2325 2616 2642 2684 praeceptor
2673 2612 2795 2685 ipse
2835 2614 3167 2670 Amalarius
3208 2617 3499 2689 egregius,
3526 2616 3607 2673 ita

1954 2717 2166 2772 corpus
2196 2700 2410 2755 Christi
2444 2718 2570 2756 esse
2601 2702 2865 2758 triforme
2896 2708 2952 2758 et
2989 2704 3369 2776 tripertitum,
3404 2711 3468 2761 ut
3496 2706 3609 2761 tria

1954 2789 2167 2844 Christi
2192 2806 2465 2861 corpora:
2489 2790 2745 2861 primum
2768 2793 2923 2863 quod
2952 2793 3073 2865 ipse
3095 2795 3374 2866 suscepit,
3400 2812 3608 2850 secun-

1955 2878 2097 2933 dum
2122 2879 2179 2933 in
2199 2879 2430 2950 nobis,q
2443 2880 2495 2933 ui
2518 2897 2696 2951 super
2713 2886 2925 2936 terram
2946 2882 3351 2951 ambulamus;
3369 2885 3611 2939 tertium

1955 2968 2015 3022 in
2045 2967 2160 3022 illis
2191 2967 2288 3039 qui
2323 2967 2536 3039 sepulti
2560 2970 2780 3040 jacent.
2806 2972 3021 3025 Asserit
3053 2972 3111 3026 in
3135 2972 3410 3039 mysterio
3432 2973 3609 3028 sacri-

1958 3057 2072 3112 ficii
2096 3056 2203 3111 hac
2227 3057 2296 3112 de
2319 3074 2495 3112 causa
2520 3062 2635 3113 tres
2661 3059 2871 3114 debere
2895 3059 3019 3114 ﬁeri
3040 3065 3234 3132 partes
3260 3079 3273 3116 :
3307 3077 3484 3117 unam
3518 3078 3611 3117 ca-

1957 3146 2088 3202 licis
2112 3164 2212 3218 pro
2231 3145 2481 3211 Christo,
2499 3147 2741 3202 alteram
2761 3148 2817 3202 in
2842 3153 3052 3221 patena
3072 3167 3177 3222 pro
3196 3151 3364 3222 vivis,
3377 3152 3612 3207 tertiam

1956 3236 2015 3290 in
2039 3236 2206 3291 altari
2233 3253 2336 3306 pro
2361 3236 2628 3291 mortuis.
2645 3237 2798 3293 Dicit
2818 3256 3030 3309 panem
3048 3238 3214 3294 illum
3234 3256 3361 3295 esse
3378 3256 3613 3296 carnem

164 3335 268 3386 tus
301 3333 400 3385 est
428 3309 798 3395 serere,_imo
851 3331 975 3382 tota
1023 3327 1344 3382 intentione
1393 3330 1449 3382 et
1494 3325 1690 3381 studio
1740 3342 1842 3396 per
1872 3309 1914 3376 C
1949 3324 2183 3389 Christi,
2209 3324 2559 3396 sanguinem
2602 3325 2883 3393 animam,
2914 3332 2977 3381 ut
3017 3326 3092 3382 sit
3135 3332 3293 3384 totus
3324 3329 3611 3388 Christus.

50 3424 63 3431 '
163 3425 370 3478 totum
403 3418 671 3473 triduum
708 3417 1106 3490 proponendo,
1140 3416 1500 3489 experiendo,
1534 3415 1836 3487 exigendo,

165 3510 462 3567 omnibus
511 3505 828 3564 inculcavit
856 3512 914 3562 et
945 3505 1203 3575 tradidit,
1231 3506 1398 3579 quasi
1448 3504 1590 3561 Novi
1637 3506 1839 3561 Testa-

166 3599 363 3656 menti
411 3595 685 3653 minister
730 3595 950 3652 tabulis
989 3595 1182 3652 cordis
1241 3594 1575 3650 carnalibus
1634 3598 1844 3649 cuncta

167 3705 301 3762 quae
323 3686 654 3752 asserebat,
670 3683 1238 3741 indelebilitervellet
1253 3683 1611 3757 imprimere.
1630 3683 1845 3739 Deinde

168 3776 359 3832 etiam
393 3789 679 3847 magnum
708 3773 1025 3845 quemdam
1055 3771 1313 3829 codicem
1339 3776 1591 3844 quatuor
1608 3771 1848 3827 volumi-

169 3865 359 3921 nibus
390 3864 702 3931 dill'usum,
734 3879 768 3917 a
798 3879 861 3918 se
901 3862 1294 3934 compositum
1327 3866 1501 3933 atque
1527 3861 1844 3935 digestum,

169 3954 499 4029 legendum
516 3956 645 4008 tran
655 3951 1150 4023 scribendumque
1164 3950 1401 4006 tradidit
1412 3966 1701 4021 ,asserens
1714 3967 1847 4006 eum

171 4042 511 4100 Ofﬁcialem
552 4041 907 4113 nuncupari,
939 4044 1222 4113 tanquam
1276 4040 1346 4095 de
1404 4039 1587 4095 sacris
1642 4039 1851 4096 officiis

170 4130 653 4206 prudentissime
682 4134 739 4186 et
768 4129 1273 4186 sufficientissime
1302 4129 1726 4202 disputantem,
1751 4128 1851 4201 qui

171 4223 366 4279 tantis
395 4219 654 4276 vesaniis
694 4223 752 4275 et
799 4218 1099 4275 erroribus
1147 4219 1445 4275 confertus
1494 4221 1605 4286 est,
1628 4222 1691 4273 ut
1722 4218 1851 4291 qui-

172 4311 446 4368 buslibet
476 4309 653 4365 etiam
681 4307 976 4381 imperitis
1008 4307 1203 4381 palam
1227 4307 1507 4363 ridendus
1530 4324 1855 4381 conspuen-

172 4404 417 4474 dusque
456 4399 744 4455 videatur.
778 4397 1030 4454 Protulit
1076 4413 1309 4470 quoque
1357 4396 1851 4468 Antiphonarium

173 4491 344 4547 velut
374 4507 410 4546 a
441 4505 505 4544 se
544 4486 839 4561 digestum
888 4491 1065 4560 atque
1114 4489 1464 4556 correctum,
1487 4485 1582 4540 cui
1614 4484 1756 4541 talia
1787 4501 1856 4540 ex

176 4597 287 4637 suo
322 4595 510 4636 sensu
540 4577 811 4644 inseruit,
848 4582 915 4632 ut
947 4593 1052 4649 pro
1083 4577 1213 4647 ejus
1246 4574 1576 4647 impudenti
1610 4574 1856 4630 audacia

1950 3413 2355 3471 Haesitandum
2389 3414 2554 3479 dicit,
2586 3417 2784 3469 utrum
2819 3432 3030 3486 corpus
3062 3415 3272 3471 Christi
3323 3417 3395 3473 de
3441 3418 3614 3478 altari

1951 3507 2278 3575 sumptum,
2305 3503 2363 3557 in
2396 3520 2635 3575 corpore
2667 3507 2866 3559 nostro
2889 3509 3124 3560 maneat
3144 3522 3333 3578 usque
3363 3505 3424 3562 in
3456 3507 3614 3563 diem

1952 3592 2291 3667 sepulturae,
2323 3609 2397 3647 an
2429 3591 2743 3664 recipiatur
2781 3592 3149 3650 invisibiliter
3175 3594 3237 3650 in
3268 3594 3501 3664 ccelum,
3526 3612 3601 3652 an

1955 3683 2189 3757 quando
2217 3697 2425 3737 venam
2474 3681 2808 3750 incidimus,
2834 3700 2968 3737 cum
3012 3683 3297 3757 sanguine
3328 3685 3601 3757 proﬂuat,

1956 3789 2030 3831 an
2054 3790 2187 3828 cum
2211 3770 2434 3827 caeteris
2456 3789 2582 3842 quae
2603 3770 2663 3826 in
2687 3788 2751 3826 os
2783 3772 3023 3842 intrant,
3049 3774 3107 3828 in
3129 3790 3424 3831 secessum
3446 3773 3604 3830 laba-

1957 3867 2073 3919 tur.
2100 3860 2362 3934 Epistola
2381 3862 2508 3932 ejus
2531 3868 2619 3915 est
2643 3860 2702 3916 in
2734 3878 2840 3917 suo
2863 3862 3108 3917 Otticiali
3140 3862 3308 3931 libro,
3335 3864 3408 3918 ad
3442 3865 3608 3935 juve-

1958 3968 2093 4008 nem
2117 3951 2313 4006 nescio
2335 3966 2509 4021 quem
2532 3949 2873 4022 episcopum
2895 3952 3130 4024 scripta,
3146 3968 3275 4025 quae
3301 3952 3411 4009 hoc
3432 3951 3613 4009 conti-

1961 4046 2094 4097 net:
2119 4040 2227 4096 Ubi
2250 4039 2424 4094 etiam
2449 4039 2520 4094 de
2540 4039 2732 4111 sputis
2755 4043 2811 4095 et
2830 4039 3203 4113 ﬂegmatibus
3234 4040 3614 4113 spurcissime

1962 4130 2246 4202 disputat,
2271 4132 2327 4183 et
2356 4144 2490 4183 cum
2518 4126 2595 4183 sit
2621 4134 2739 4183 tam
2771 4130 3005 4185 sordide
3037 4131 3253 4186 mentis
3283 4130 3617 4202 putidaeque

1964 4219 2261 4284 doctrinae,
2281 4233 2342 4272 se
2365 4215 2688 4288 spiritalem
2705 4218 3017 4288 jactat,qui
3035 4218 3233 4273 omnia
3252 4218 3617 4290 dijudicet,et

1965 4309 2109 4365 alios
2135 4306 2399 4363 carnales
2428 4310 2484 4360 et
2532 4305 2815 4361 animales
2863 4310 3047 4362 vocat.
3082 4306 3332 4363 Calicem
3387 4306 3616 4363 Domini

1961 4401 2130 4454 vocat
2152 4394 2508 4468 sepulcrum,
2523 4395 2927 4467 presbyterum
2944 4396 3161 4468 Joseph
3181 4397 3251 4453 ab
3267 4395 3614 4464 Arimathia,

1964 4485 2441 4542 archidiaconum
2499 4482 2882 4539 Nicodemum
2950 4488 3231 4557 tanquam
3291 4486 3616 4559 sepultores

1964 4575 2208 4642 Christi;
2228 4573 2505 4628 diaconos
2532 4576 2683 4628 retro
2713 4573 2965 4630 acclines
2987 4575 3378 4648 apostolos,se
3398 4575 3455 4631 in
3482 4592 3615 4649 pas-

174 4670 346 4727 frons
376 4667 626 4741 legentis
655 4667 878 4740 pudore
900 4684 967 4722 ac
996 4666 1205 4722 rubore
1239 4664 1500 4721 feriatur.
1526 4663 1854 4719 Novissime
1884 4680 1929 4743 D
1962 4666 2123 4721 sione
2145 4661 2375 4719 Domini
2400 4661 2556 4717 velut
2580 4662 2993 4721 contrahentes
3025 4668 3081 4720 et
3109 4665 3401 4721 occultare
3420 4664 3615 4722 volen-

174 4777 317 4816 vero
353 4773 571 4814 novum
604 4756 850 4831 digessit
886 4754 1183 4822 volumen,
1208 4759 1264 4809 et
1295 4755 1451 4826 apud
1497 4754 1851 4826 Lugdunum

178 4851 390 4905 ornate
412 4845 604 4913 indui,
631 4862 697 4902 ac
727 4845 889 4900 vittis
920 4845 1155 4902 sericeis
1177 4842 1464 4916 distingui
1498 4842 1629 4898 fecit
1654 4859 1666 4896 :
1694 4842 1848 4914 quod

177 4939 248 4995 ad
283 4935 577 5011 palatium
607 4936 823 5004 ferens,
850 4937 943 4991 vel
972 4933 1245 5008 principi,
1271 4932 1361 4988 vel
1394 4931 1677 5005 magistro
1709 4948 1851 4987 con-

182 5027 300 5083 silii
336 5026 558 5083 dicitur
589 5024 917 5080 oblaturus.
948 5024 1011 5079 In
1045 5040 1158 5096 quo
1192 5038 1321 5078 vere
1354 5024 1473 5076 tam
1506 5020 1703 5092 inepto
1734 5019 1849 5075 elo-

182 5117 348 5188 quia,
372 5119 494 5171 tam
521 5112 798 5169 absurdis
825 5112 1114 5179 sensibus,
1138 5117 1259 5166 tam
1288 5108 1594 5181 exquisitis
1616 5113 1672 5163 et
1692 5107 1855 5163 inau-

183 5204 327 5261 ditis
356 5201 689 5277 phantasiis
711 5200 1045 5270 involvitur,
1061 5204 1124 5256 ut
1144 5204 1315 5271 putes
1339 5215 1475 5254 eum
1497 5196 1855 5271 lymphatico

183 5309 347 5350 more
373 5289 672 5349 bacchari.
690 5290 875 5346 Vocat
893 5290 1076 5363 hujus
1108 5288 1521 5345 insulsissime
1544 5284 1854 5360 garrulita-

186 5382 264 5439 tis
296 5383 540 5449 librum,
563 5380 843 5437 Embolim
870 5380 1256 5452 opusculorum
1293 5393 1537 5443 suorum,
1564 5379 1623 5430 et
1650 5374 1853 5430 rectis-

183 5471 333 5528 sime
364 5469 640 5539 omnino;
682 5472 773 5525 est
796 5469 956 5525 enim
986 5466 1407 5540 multiplicium
1433 5481 1696 5520 errorum
1728 5464 1856 5535 ejus

184 5561 344 5617 velut
375 5558 584 5616 cameli
635 5558 852 5632 gibbus
896 5572 1272 5631 procrescens
1303 5572 1369 5611 ac
1401 5552 1736 5609 redundans
1764 5568 1853 5608 ar-

187 5653 544 5727 gumentum
580 5648 704 5718 [al.,
734 5645 1165 5722 augmentum].

258 5741 314 5802 3.
336 5739 421 5801 De
456 5736 716 5814 singulis
749 5741 946 5797 autem
986 5752 1174 5813 pauca
1202 5747 1543 5812 preponere,
1568 5737 1627 5790 et
1654 5734 1857 5791 vestrae

517 5866 787 5935 PATROL.
835 5864 1048 5933 CXIX.

1962 4759 2077 4822 tes;
2115 4752 2506 4808 subdiaconos
2538 4752 2610 4807 ad
2643 4752 2849 4807 faciem
2878 4758 3120 4820 erectos,
3144 4754 3419 4811 mulieres
3439 4755 3619 4811 libere

1966 4840 2441 4898 astantes.Aliam
2478 4845 2703 4912 partem
2736 4843 2993 4914 mysticae
3022 4842 3321 4913 orationis,
3347 4860 3464 4916 qua
3494 4861 3618 4900 cor-

1960 4949 2075 5004 pus
2102 4930 2336 4985 Domini
2382 4934 2776 4999 consecratur,
2806 4931 3037 4987 Christo
3086 4933 3294 4989 tribuit
3339 4934 3527 4989 oranti
3558 4933 3619 4988 in

1961 5025 2160 5077 monte
2192 5018 2435 5085 Oliveti;
2484 5018 2655 5075 aliam
2708 5019 2767 5075 in
2829 5038 2999 5077 cruce
3055 5024 3351 5094 pendenti,
3376 5026 3433 5077 et
3490 5025 3624 5094 post

1962 5108 2160 5164 nescio
2194 5124 2344 5180 quas
2379 5109 2570 5163 fatuas
2590 5108 2928 5177 divisiones,
2953 5110 3127 5166 aliam
3160 5109 3451 5167 morienti.
3476 5109 3621 5165 Cum

1963 5214 2098 5253 vero
2131 5198 2435 5269 presbyter
2462 5196 2801 5267 inclinatur,
2828 5199 2934 5254 hoc
2965 5216 3090 5254 esse
3115 5216 3127 5255 :
3151 5201 3217 5255 Ει
3244 5200 3508 5255 inclinato
3536 5214 3624 5255 ca-

1960 5288 2075 5359 pite
2105 5286 2340 5342 tradidit
2360 5288 2619 5358 spiritum
2651 5288 2825 5359 (Joan.
2859 5305 2969 5355 xux,
2997 5288 3107 5358 30).

2032 5375 2088 5431 5.
2127 5375 2191 5430 In
2225 5392 2380 5431 anno
2413 5375 2676 5448 legitima
2705 5375 2933 5446 jejunia
2962 5376 3034 5431 ad
3066 5380 3319 5448 quatuor
3346 5378 3625 5436 humores

1965 5464 2401 5537 refert,quibus
2450 5482 2663 5537 corpus
2707 5469 3009 5536 vegetatur
3054 5465 3404 5535 humanum,
3438 5470 3495 5524 et
3521 5485 3625 5541 pro

1966 5552 2060 5609 his
2093 5553 2220 5608 fieri
2274 5554 2487 5610 asserit
2518 5554 2576 5607 in
2609 5552 2831 5608 eisdem
2854 5553 3121 5625 jejuniis.
3146 5555 3303 5612 Duas
3348 5555 3626 5614 lectiones

1971 5645 2182 5713 quarta
2205 5643 2354 5698 feria
2376 5643 2446 5697 ad
2471 5642 2713 5697 missam
2737 5641 2871 5717 legi,
2897 5647 3130 5717 propter
3156 5645 3269 5700 dco
3289 5644 3482 5702 sidera
3501 5645 3629 5720 ipso

1968 5729 2061 5789 die
2096 5732 2354 5802 condita,
2374 5735 2439 5790 ut
2467 5732 2713 5808 paganis
2736 5733 2864 5809 ejus
2884 5734 3077 5794 verbis
3095 5738 3247 5809 utar,
3271 5734 3553 5799 Phoebum
3573 5736 3632 5799 et

3273 5865 3309 5936 3
