4082 6438
450 390 530 450 78
1568 391 1794 452 FLOR]
1844 390 2157 451 llIACONl
2204 391 2779 452 LUGDUNENSIS.
3806 395 3895 453 76

452 540 713 580 sororem
736 524 866 597 ejus
885 524 1183 581 thbam.
1208 524 1353 581 Nam
1376 528 1432 580 et
1457 540 1726 593 saucium
1749 523 1928 579 David
1954 539 2103 579 sem-
2128 524 2183 589 Α
2212 521 2353 578 tiam
2376 523 2659 595 sequitur,
2674 541 2740 579 ac
2760 524 2918 580 velut
2936 523 3169 580 cceleste
3185 524 3488 580 oraculum
3512 525 3881 596 sequendam

451 629 557 685 per
586 613 646 668 in
677 614 925 671 Domino
953 616 1161 671 fortem
1193 618 1251 670 et
1281 613 1645 681 bellicosum,
1674 619 1857 668 morte
1880 612 2111 668 cthnico

451 701 667 758 arsisse
697 702 842 759 dicit
871 704 929 759 in
963 704 1167 773 Marte,
1197 720 1370 776 quem
1402 709 1730 758 daemonem
1766 719 1894 758 esse
1928 701 2112 774 pessi-

452 807 617 845 mum
635 790 997 848 inventorem
1013 794 1108 864 [αι.
1121 835 1134 859 ,
1147 792 1526 863 incentorem]
1546 790 1919 846 tumultuum
1941 796 2116 862 atque

451 877 745 935 bellorum
784 880 1108 953 proclamat
1136 882 1309 937 etiam
1355 885 1527 952 poeta
1574 880 1811 952 gentilis
1860 880 2111 935 dicens:

451 967 626 1025 Saevit
652 977 756 1027 toto
793 971 935 1026 Mars
978 972 1181 1043 impius
1228 970 1373 1026 orbe.
1408 970 1470 1025 In
1506 968 1815 1041 Evangelio
1864 969 2118 1039 majoris

455 1056 717 1126 Litaniaa,
741 1075 845 1131 per
865 1075 1074 1130 panem
1102 1058 1377 1132 intelligit
1397 1060 1595 1131 fruges
1626 1063 1821 1125 terrae;
1860 1058 1916 1112 in
1955 1058 2117 1129 pisce

454 1145 653 1219 genita
681 1162 750 1202 ex
782 1148 978 1219 aquis;
1010 1148 1071 1202 in
1119 1165 1224 1204 ovo
1274 1147 1555 1203 animalia
1586 1164 1712 1218 quae
1761 1163 1829 1201 ex
1862 1152 2111 1217 utroque

455 1252 599 1292 sexu
618 1236 942 1309 gignuntur
960 1237 1020 1292 in
1042 1237 1243 1306 terris;
1266 1236 1560 1309 talemque
1581 1236 1962 1308 phantasiam
1989 1253 2122 1291 scn-

457 1340 561 1380 sus
590 1325 682 1381 sui
705 1324 1036 1397 evangelico
1068 1326 1380 1398 praeferens
1406 1324 1628 1391 sensui,
1651 1324 1861 1381 asserit
1892 1342 1993 1396 pro
2029 1328 2120 1379 ta-

457 1412 606 1469 lium
639 1430 836 1469 rerum
858 1414 1301 1471 conservatione
1320 1418 1462 1470 tunc
1480 1432 1513 1469 a
1536 1413 1808 1469 ﬁdelibus
1839 1412 2120 1469 celebrari

457 1501 716 1559 litanias.
739 1503 887 1560 Nam
909 1507 967 1559 et
987 1519 1214 1559 messes
1237 1508 1377 1558 tunc
1402 1504 1462 1558 in
1494 1503 1819 1575 profectum
1848 1505 2007 1569 sunt,
2040 1501 2123 1555 in-

457 1592 672 1665 quit,et
690 1591 882 1664 pisces
902 1596 1045 1647 tunc
1061 1592 1386 1660 veniunt,et
1406 1590 1551 1664 pulli
1578 1608 1818 1663 campos
1840 1591 2118 1645 tundunt.

456 1680 636 1736 Addit
652 1679 897 1753 insuper
916 1685 974 1735 et
994 1681 1278 1753 quasdam
1300 1679 1763 1752 signiﬁcationes
1787 1683 2121 1734 monstruo-

460 1772 657 1837 sas,et
684 1768 871 1825 instar
903 1768 1318 1841 antipodarum
1341 1770 1532 1841 capite
1553 1770 1854 1835 deorsum,
1878 1767 2124 1840 pedibus

461 1874 701 1915 sursum
722 1859 927 1925 versis,
948 1859 1030 1914 ita
1060 1864 1126 1914 ut
1156 1859 1212 1913 in
1238 1858 1331 1915 his
1352 1859 1641 1931 praecedat
1664 1876 1754 1913 res
1780 1858 1997 1929 ipsu,et
2030 1875 2119 1912 se-

462 1950 679 2019 quatur
706 1947 922 2020 ﬁgura;
956 1964 1092 2003 cum
1122 1964 1153 2003 e
1183 1947 1477 2003 contrario
1511 1947 1731 2002 umbra:
1764 1946 1931 2018 legis,
1952 1946 2124 2017 juxta

460 2035 828 2108 Apostolum,
849 2053 942 2093 res
963 2036 1273 2109 designent
1295 2037 1624 2091 futurorum
1652 2036 1962 2091 bonorum.
1977 2040 2120 2089 Cum

462 2125 535 2182 ab
566 2124 734 2182 altari
768 2125 1024 2181 sumitur
1060 2125 1460 2198 Evangelium,
1497 2125 1691 2197 ipsum
1723 2124 1905 2179 altare
1937 2124 2121 2196 signi-

462 2215 599 2271 ﬁcat
629 2214 978 2282 Jerusalem,
1003 2216 1156 2271 unde
1186 2215 1564 2287 Evangelium
1601 2214 1907 2287 processit.
1934 2214 2123 2268 Locus

462 2302 666 2361 altaris
694 2304 887 2360 locum
929 2303 1097 2360 illum
1129 2303 1444 2377 significat,
1471 2304 1569 2359 ubi
1614 2304 1795 2359 Jacob
1826 2302 2123 2359 dormiens

462 2394 703 2468 angelos
735 2393 896 2449 vidit.
933 2394 1233 2449 Romanus
1257 2394 1690 2466 pontil‘ex,cum
1715 2393 1958 2447 sabbato
1990 2396 2125 2447 ante

465 2483 695 2540 Palmas
724 2482 1158 2555 eleemosynam
1190 2484 1309 2550 dat,
1342 2482 1648 2538 mulierem
1683 2480 1976 2554 signiﬁcat
1997 2498 2125 2552 quae

464 2572 785 2630 Dominum
818 2570 1003 2627 unxit.

534 2664 588 2718 6.
612 2666 746 2718 Jam
777 2662 849 2717 de
879 2663 1251 2718 sacerdotum
1274 2666 1332 2717 et
1363 2660 1771 2716 ministrorum
1797 2660 1979 2714 sacris
2000 2676 2123 2713 vcs-

464 2753 647 2823 tibus,
670 2752 741 2807 de
771 2751 925 2808 vasis
952 2751 1131 2806 divini
1163 2749 1503 2818 ministerii,
1528 2750 1600 2805 de
1630 2754 1935 2805 cantorum
1960 2749 2127 2803 tabu-

463 2841 647 2910 lis,de
668 2841 854 2914 signis
885 2840 1069 2908 aereis,
1094 2840 1166 2895 de
1197 2840 1342 2912 ipsis
1366 2839 1538 2894 etiam
1568 2839 2046 2893 indumentorum
2071 2841 2128 2892 et

464 2931 996 2988 calceamentorum
1020 2928 1289 2995 ﬁmbriis,
1308 2928 1602 2984 coloribus
1623 2932 1680 2983 et
1703 2926 2032 2999 speciebus,
2056 2927 2126 2982 de

464 3019 677 3078 ofﬁciis
718 3035 952 3091 quoque
982 3020 1187 3086 sacris,
1214 3023 1271 3073 et
1299 3017 1664 3090 psalmorum
1697 3014 2123 3071 distributioni-

465 3110 600 3181 bus,
615 3125 795 3181 quam
816 3107 1017 3180 inepta
1035 3112 1093 3163 et
1113 3108 1273 3162 fatua
1296 3112 1352 3162 et
1371 3106 1532 3162 omni
1554 3107 1677 3162 risu
1700 3105 1879 3178 digna
1901 3104 2126 3159 contin-

465 3197 570 3272 git,
599 3197 769 3270 quasi
797 3197 848 3252 ei
879 3196 987 3252 soli
1018 3196 1250 3252 licuerit
1296 3199 1433 3269 post
1478 3195 1666 3268 legem
1698 3199 1754 3250 et
1784 3193 2122 3266 prephetas,

2225 612 2514 684 proponit,
2532 631 2710 685 quam
2727 614 2915 670 eidem
2941 613 3243 686 respondit
3258 615 3329 670 de
3344 613 3563 670 talibus
3582 615 3897 670 consulen-

2226 701 2269 755 ti
2286 718 2297 754 :
2312 702 2433 756 «Ad
2453 719 2887 775 quamcunque,
2908 702 3207 775 inquiens,
3222 702 3535 760 Ecclesium
3555 704 3888 771 deveneris,

2227 789 2277 859 ej
2289 807 2356 844 us
2381 807 2604 845 morem
2627 809 2811 860 serva,
2834 792 2881 847 si
2906 810 3021 848 non
3043 791 3129 848 vis
3157 792 3322 848 alteri
3354 809 3481 848 esse
3514 793 3890 861 scandalum,

2231 896 2334 933 nee
2359 896 2718 952 quemquam
2740 881 2900 936 tibi.»
2919 882 2981 937 In
3001 882 3223 937 eisdem
3245 883 3315 937 ad
3329 881 3679 938 Januarium
3702 881 3898 938 libris.

2228 990 2254 1017 ‹‹
2284 968 2581 1040 Quidquid
2614 968 2877 1026 humana
2905 971 3253 1026 auctoritate
3295 971 3593 1039 statuitur,
3618 988 3684 1027 ac
3714 970 3901 1026 veluti

2228 1062 2665 1112 sacramentum
2691 1063 2748 1113 et
2775 1059 3121 1131 mysterium
3151 1062 3400 1126 tenetur,
3423 1059 3762 1115 nullatenus
3792 1077 3903 1133 ap-

2228 1146 2621 1217 probandum,
2656 1147 2772 1201 imo
2797 1152 2853 1203 et
2875 1147 3116 1203 indubie
3141 1147 3370 1219 asserit,
3396 1150 3802 1204 resecandum.
3829 1171 3861 1198 ››

2298 1238 2354 1289 7.
2376 1235 2524 1301 Quid
2549 1235 2729 1308 igitur
2748 1235 3011 1292 novellus
3032 1236 3143 1292 iste
3166 1240 3484 1309 prmceptor
3504 1237 3571 1292 de
3596 1236 3899 1311 mysteriis

2232 1324 2356 1379 suis
2381 1324 2588 1380 faciet?
2611 1342 2725 1397 qua
2748 1327 2967 1381 ratione
2992 1331 3073 1381 tot
3103 1326 3431 1381 vanitatum
3465 1343 3706 1383 suarum
3731 1343 3897 1383 com-

2231 1416 2429 1468 menta
2448 1414 2755 1469 defendet?
2777 1415 3091 1487 Scriptura;
3114 1418 3325 1470 sanetae
3355 1415 3682 1472 auctoritas
3704 1416 3898 1484 deest,

2231 1502 2497 1556 Ecclesiae
2518 1502 2577 1557 in
2599 1502 2817 1557 talibus
2838 1503 3127 1576 generalis
3148 1503 3405 1570 traditio,
3421 1507 3479 1559 et
3503 1504 3708 1577 regula
3729 1503 3903 1562 nulla

2232 1595 2339 1657 est,
2368 1591 2635 1647 doctrina
2665 1592 2904 1647 Patrum
2954 1598 3261 1665 repugnat,
3298 1592 3591 1649 Libellum
3643 1594 3899 1649 Romani

2233 1679 2455 1734 ordinis
2487 1685 2661 1735 tanta:
2703 1681 3068 1737 auctoritatis
3118 1681 3312 1747 habet,
3340 1686 3403 1735 ut
3453 1698 3589 1737 eum
3623 1699 3771 1754 pene
3821 1683 3900 1737 ad

2231 1770 2471 1824 verbum
2497 1770 2723 1824 nitatur
2747 1787 3066 1841 exponere;
3100 1775 3155 1826 et
3178 1775 3374 1827 tamen
3398 1772 3598 1826 statim
3626 1771 3737 1827 sibi
3771 1772 3903 1843 ipse

2233 1858 2560 1913 contrarius
2582 1858 2791 1913 asserit
2815 1858 2969 1913 hunc
2997 1860 3257 1915 Romano
3276 1860 3707 1928 archidiacono,
3724 1861 3903 1931 cujus

2231 1945 2645 2002 traditionibus
2666 1947 2971 2020 gloriatur,
2990 1948 3278 2021 ignotum.
3296 1949 3459 2015 Quod
3485 1949 3534 2005 si
3558 1949 3900 2021 Scriptura-

2232 2051 2362 2089 rum
2387 2051 2597 2090 sensus
2618 2036 2689 2090 ad
2724 2053 2863 2093 suas
2886 2035 3118 2092 fabulas
3150 2036 3420 2103 trahit,et
3441 2042 3775 2094 commenta
3798 2055 3901 2093 er-

2232 2124 2379 2178 roris
2411 2123 2503 2177 sui
2536 2142 2603 2179 ex
2635 2125 2729 2180 his
2778 2125 2984 2181 fulcire
3016 2129 3281 2191 conatur,
3306 2126 3440 2197 quis
3490 2125 3641 2181 hanc
3672 2126 3903 2183 nesciat

2233 2212 2637 2268 hmreticorum
2661 2214 2955 2286 propriam
2979 2231 3108 2270 esse
3132 2214 3421 2269 insaniam
3447 2219 3511 2269 ut
3534 2232 3641 2270 sua
3662 2231 3902 2287 semper

2233 2302 2537 2357 mendacia
2565 2303 2823 2359 veritatis
2866 2304 3059 2375 specie
3091 2303 3351 2375 pallient,
3384 2308 3696 2371 vertentes,
3721 2304 3900 2374 juxta

2234 2391 2467 2457 Isaiam,
2496 2397 2802 2464 argentum
2839 2394 2896 2447 in
2928 2392 3200 2457 scoriam,
3234 2398 3292 2448 et
3332 2393 3585 2448 ccelestis
3631 2393 3897 2466 vigorem

2233 2480 2350 2534 vini
2380 2485 2622 2535 terrena:
2673 2481 2960 2537 fatuitatis
3008 2499 3173 2554 aqua
3223 2481 3576 2537 miscentes?
3625 2482 3900 2555 Ignoscat

2234 2569 2377 2624 mihi
2413 2570 2653 2642 indigno
2684 2574 2740 2623 et
2766 2569 2974 2643 exiguo
2996 2575 3189 2626 vestra
3209 2569 3551 2641 paternitas,
3576 2570 3625 2625 si
3651 2587 3774 2626 rem
3796 2587 3900 2626 ne-

2233 2658 2548 2713 cessariam
2576 2659 2705 2714 ﬁdei
2732 2662 2789 2713 et
2820 2659 3117 2715 salubrem
3142 2658 3409 2715 Ecclesia
3436 2660 3643 2715 devota
3665 2659 3894 2731 suppli-

2234 2748 2459 2803 catione
2482 2748 3232 2821 suggessero.Claudendus
3254 2752 3343 2804 est
3368 2748 3539 2820 plane
3552 2750 3722 2820 juxta
3743 2748 3897 2821 legis

2234 2842 2587 2908 praeceptum
2639 2838 2743 2892 bos
2794 2837 3111 2908 cornipeta,
3147 2842 3204 2893 et
3252 2854 3319 2892 os
3366 2839 3495 2908 ejus
3546 2838 3897 2910 sempiterni

2234 2927 2394 2982 freno
2428 2925 2642 2981 silentii
2670 2926 3215 2999 eonstringendum,
3240 2926 3358 2982 imo
3381 2927 3519 2998 quia
3542 2928 3668 2999 jam
3693 2932 3795 2983 aut
3814 2928 3899 2983 vi-

2234 3033 2366 3070 rum
2389 3019 2490 3069 aut
2521 3014 2825 3069 mulierem
2860 3014 3126 3070 fortassis
3173 3014 3409 3083 inV’asit,
3433 3015 3492 3071 id
3534 3020 3643 3081 est,
3667 3014 3755 3071 vel
3788 3017 3895 3088 qui

2234 3103 2345 3159 sibi
2379 3103 2543 3159 fortis
2574 3102 2821 3172 videtur,
2839 3103 2925 3160 vel
2952 3104 3051 3177 qui
3080 3121 3211 3160 vere
3240 3105 3512 3160 inﬁrmus
3545 3105 3605 3161 in
3634 3106 3747 3161 ﬁde
3777 3110 3893 3175 est,

2234 3192 2667 3265 scandalizavit,
2720 3192 3052 3249 divinarum
3104 3193 3530 3250 sententiarum
3583 3193 3897 3267 capidibus

466 3270 600 3361 post
628 3286 941 3360 Evangelia
966 3290 1024 3342 et
1054 3284 1370 3358 apostolos,
1395 3303 1488 3341 res
1518 3284 1740 3357 typicas
1762 3287 1820 3339 et
1844 3282 2121 3355 mysticas
2154 3270 2195 3335 C
2235 3285 2297 3356 [Γ.
2327 3283 2668 3355 cuspidibus
2697 3284 2781 3339 vel
2809 3283 3126 3356 lapidibus]
3158 3284 3520 3355 obruendus,
3546 3301 3649 3340 nec
3682 3301 3896 3341 carnes

465 3376 527 3432 in
549 3374 808 3433 Ecclesia
823 3379 1099 3442 statuere,
1125 3375 1206 3430 ita
1231 3380 1294 3430 ut
1315 3374 1725 3447 mysteriorum
1751 3374 1880 3444 ejus
1906 3388 2125 3444 praeva-

467 3465 682 3521 ricator
710 3464 1014 3533 habeatur,
1039 3464 1141 3536 qui
1182 3482 1294 3520 usu
1324 3469 1381 3519 et
1412 3462 1837 3519 consuetudine
1869 3460 2123 3533 simplici

467 3553 629 3611 aliud
646 3554 786 3628 quid
805 3553 1096 3609 celebrare
1114 3552 1570 3625 praesumpserit.
1588 3552 1739 3607 Dicit
1756 3568 1817 3606 se
1840 3551 1897 3605 in
1917 3549 2122 3605 talium

466 3643 916 3715 phantasiarum
934 3642 1446 3698 adinventionibus
1464 3642 1650 3697 sancti
1666 3640 1977 3713 Augustini
1994 3657 2125 3695 auc-

463 3731 761 3788 toritatem
784 3731 949 3803 sequi
963 3748 1047 3794 ,eo
1066 3731 1219 3803 quod
1243 3731 1495 3786 obscura
1509 3747 1754 3802 quaeque
1775 3734 1831 3785 et
1846 3730 2125 3803 ambigua

461 3820 666 3877 tandiu
690 3819 786 3876 ille
806 3819 1046 3875 tractari
1060 3820 1270 3891 jubeat
1292 3824 1468 3892 atque
1485 3819 1913 3888 versari,doncc
1938 3820 2008 3873 ad
2037 3820 2122 3874 di-

460 3908 769 3966 lectionem
796 3909 889 3964 Dei
915 3908 1000 3964 vel
1034 3909 1280 3981 proximi
1316 3907 1702 3981 intelligentia
1723 3909 2078 3980 perducatur
2107 3926 2120 3962 ι

461 3998 523 4055 in
554 3999 768 4072 quibus
800 3999 1031 4055 duobus
1064 3997 1361 4053 mandatis
1392 4001 1514 4053 tota
1543 3997 1629 4052 lex
1661 3998 1874 4069 pendet
1904 4000 1961 4051 et
1990 4014 2121 4069 pro-

461 4088 673 4162 pheta).
705 4088 821 4145 Nec
851 4087 1205 4152 considerat,
1230 4088 1415 4142 nimia
1447 4086 1773 4142 novitatum
1805 4085 2123 4158 cupiditate

461 4182 730 4246 caecatus,
754 4177 876 4233 haec
906 4177 1075 4232 illum
1114 4178 1186 4232 de
1228 4194 1528 4232 sacrarum
1562 4176 1999 4247 Scripturarum
2032 4176 2122 4230 in-

462 4267 751 4340 dagandis
768 4266 1043 4324 sensibus
1070 4265 1411 4321 tradidisse:
1434 4282 1643 4337 nempe
1664 4264 1796 4320 libri
1822 4264 1882 4318 in
1906 4265 2121 4336 quibus

462 4355 585 4411 hinc
615 4356 898 4428 loquitur,
924 4356 995 4411 de
1027 4354 1304 4411 Doctrina
1333 4353 1666 4410 Christiana
1698 4352 2025 4423 titulantur,
2053 4355 2123 4409 de

463 4444 589 4501 sola
613 4445 675 4501 in
697 4445 791 4501 his
815 4446 1131 4517 Scriptura:
1164 4461 1339 4499 sacra:
1367 4443 1751 4516 intelligentia
1773 4443 1983 4513 regula)
2006 4450 2121 4500 tra-

463 4534 705 4600 duntur,
722 4533 910 4589 multa
934 4533 1011 4589 ibi
1031 4534 1101 4589 de
1117 4534 1314 4599 rebus,
1333 4533 1520 4587 multa
1537 4534 1607 4587 de
1626 4532 1810 4600 signis
1829 4533 2125 4588 disserun-

464 4627 589 4692 tur;
619 4627 676 4678 et
707 4627 902 4678 tamen
936 4624 1007 4677 de
1038 4622 1380 4693 hujusmodi
1414 4608 1943 4694 signiﬁcatienibus
1973 4640 2121 4694 quas
2154 4643 2198 4707 D

462 4711 574 4768 iste
603 4712 915 4784 perquirit,
940 4711 1086 4766 nihil
1118 4712 1355 4784 penitus
1380 4710 1611 4777 dicitur,
1636 4710 1753 4765 imo
1781 4710 1840 4766 in
1862 4711 2028 4767 libris
2052 4714 2124 4767 ad

460 4800 1076 4870 Januarium,omnem
1097 4799 1628 4856 ecclesiasticarum
1646 4800 2118 4857 Observationum

460 4890 805 4945 varietatem
827 4889 1044 4961 triplici
1068 4906 1276 4961 genere
1298 4888 1939 4961 distinguit,universas
1962 4890 2117 4947 vide-

461 4978 597 5035 licet
626 4983 729 5033 aut
758 4996 826 5034 ex
856 4978 1169 5050 Scriptura:
1201 4995 1378 5033 saera:
1415 4977 1777 5046 auctoritate,
1803 4983 1905 5033 aut
1934 4996 2000 5034 ex
2025 4995 2119 5052 ge-

465 5067 645 5124 nerali
678 5067 947 5123 Ecclesia:
982 5068 1315 5133 traditione,
1341 5072 1444 5121 aut
1473 5084 1539 5121 ex
1571 5066 1932 5122 diversorum
1963 5068 2117 5124 loco-

464 5174 596 5212 rum
628 5156 979 5213 multiformi
1014 5157 1435 5212 consuetudine
1467 5173 1563 5210 eas
1603 5173 1871 5211 asserens
1909 5175 2115 5230 propa-

462 5251 630 5320 gatae
656 5263 669 5302 :
693 5250 749 5301 et
772 5246 991 5318 primas
1014 5246 1251 5317 quidem
1278 5244 1534 5300 ostendit
1562 5261 1801 5300 numero
1824 5263 1950 5301 esse
1975 5265 2115 5319 pau-

461 5336 752 5403 cissimas,
778 5336 878 5392 sed
911 5335 1311 5391 observatione
1337 5332 1665 5397 facillimae,
1691 5334 2117 5407 signiﬁcatione

460 5423 1003 5498 praestantissimae;
1027 5426 1317 5479 secundas
1336 5438 1565 5494 quoque
1592 5422 1713 5492 pari
1739 5422 2013 5495 religione
2031 5442 2118 5479 as-

458 5513 601 5569 serit
627 5514 1021 5582 venerandas;
1052 5512 1111 5567 in
1136 5512 1323 5567 tertiis
1348 5528 1478 5566 vero
1512 5509 1734 5565 nullam
1766 5511 2004 5568 omnino
2036 5514 2116 5569 si-

457 5602 917 5675 gniﬁcationem,
938 5601 1167 5657 nullum
1198 5600 1505 5672 requirens
1527 5600 1893 5672 mysterium,
1921 5603 2113 5659 since-

453 5690 751 5772 rissimam
776 5697 953 5772 atque
994 5690 1406 5771 gravissimam
1439 5690 1501 5749 B.
1535 5690 1829 5749 Ambrosii
1863 5696 2103 5751 sentcn-

2233 3375 2382 3445 ejus,
2406 3374 2463 3427 id
2498 3376 2587 3429 est
2618 3373 2886 3428 doctrina
2916 3378 2972 3428 et
3001 3390 3233 3440 sensus,
3262 3372 3556 3429 ullatenus
3580 3375 3895 3430 comeden—

2233 3464 2339 3519 da).
2356 3464 2499 3518 Nam
2524 3464 2751 3535 quoties
2771 3463 2841 3518 de
2858 3461 2951 3517 his
2975 3463 3242 3535 arguitur
3258 3462 3345 3519 vel
3370 3467 3658 3531 monetur,
3676 3480 3898 3535 nequa-

2233 3569 2432 3624 quam,
2464 3556 2529 3607 ut
2560 3552 2790 3623 piorum
2841 3552 3023 3607 moris
3056 3555 3165 3618 est,
3190 3550 3439 3608 libenter
3483 3558 3541 3608 et
3590 3552 3899 3609 humiliter

2232 3640 2571 3713 acquiescit,
2596 3642 2696 3696 sed
2719 3642 3198 3713 tuncjactantius
3220 3645 3278 3698 et
3299 3641 3650 3697 insolentius
3673 3659 3899 3700 cornua

2233 3727 2482 3800 erigens,
2513 3727 2869 3800 multiplicat
2888 3729 3214 3797 vesaniam,
3237 3747 3406 3785 suam
3431 3730 3514 3786 sic
3545 3730 3761 3786 sentire
3782 3729 3899 3787 cla-

2234 3834 2401 3872 mans
2424 3834 2656 3872 onmem
2683 3818 3077 3888 Germaniam,
3101 3819 3184 3875 sic
3206 3823 3390 3875 totam
3414 3820 3664 3889 Italiam,
3689 3821 3771 3878 sic
3803 3822 3894 3895 ip-

2233 3924 2355 3961 sam
2392 3907 2656 3974 Ilomum,
2684 3923 2744 3962 se
2778 3906 2959 3963 fuisse
2981 3908 3508 3979 Constantinopoli,
3536 3928 3597 3965 se
3628 3911 3783 3982 apud
3807 3911 3894 3968 Is-

2233 3996 2400 4050 triam
2427 3996 2543 4051 sive
2569 3997 2907 4063 Lucaniam,
2925 4001 2982 4052 et
3003 3996 3219 4053 idcirco
3245 3998 3299 4052 in
3333 3998 3549 4054 talibus
3574 3998 3897 4071 singularis

2233 4084 2594 4141 auctoritatis
2617 4084 2883 4141 existere.
2907 4086 3019 4141 Nec
3044 4086 3089 4141 ei
3125 4091 3215 4142 sat
3246 4091 3335 4142 est
3367 4089 3522 4158 quod
3556 4087 3681 4159 ipse
3711 4090 3896 4146 tantis

2231 4173 2567 4246 implicatur
2588 4175 2882 4229 erroribus
2906 4180 3078 4246 atque
3102 4175 3452 4246 phantasiis.
3477 4177 3591 4233 nisi
3622 4182 3679 4232 et
3699 4182 3895 4234 totum

2234 4280 2377 4334 pene
2407 4265 2603 4318 orbem
2636 4263 2725 4318 sui
2759 4264 3104 4336 compliccm
3138 4264 3402 4321 infamet.
3431 4266 3693 4322 Persistit
3723 4283 3896 4323 nam-

2230 4369 2362 4423 quc,
2400 4352 2509 4407 sub
2561 4351 2883 4407 multorum
2931 4352 3277 4425 pontiﬁcum
3332 4355 3464 4409 ﬁcta
3519 4355 3895 4425 auctoritate,

2230 4458 2405 4497 suum
2441 4441 2509 4496 de
2542 4447 2926 4498 sacrosanctae
2949 4442 3314 4499 cucharistize
3337 4443 3625 4500 divisione
3647 4444 3897 4517 ineptis-

2230 4530 2592 4598 simum,iiuo
2612 4530 3403 4602 blasphemum,conﬁrmare
3423 4533 3898 4603 sensum.Neque

2231 4620 2387 4675 enim
2420 4637 2525 4675 nos
2559 4621 2913 4691 cujusquam
2946 4637 3168 4675 morem
3213 4621 3477 4676 Ecclesia
3509 4622 3897 4693 reprehendi-

2235 4727 2389 4777 mus,
2426 4726 2529 4763 nec
2557 4708 2802 4763 alteram
2837 4708 3001 4764 alteri
3041 4710 3291 4782 superbe
3332 4710 3720 4782 praeferimus,
3744 4727 3897 4783 quas

2230 4816 2433 4855 omnes
2466 4798 2523 4853 in
2556 4797 2783 4855 Christo
2828 4803 3057 4854 constat
3088 4799 3320 4854 vinculo
3369 4800 3533 4871 pacis
3584 4800 3802 4867 unitas,
3836 4807 3896 4857 et

2229 4889 2413 4945 sancti
2448 4887 2703 4959 Spiritus
2735 4887 3151 4943 distributione
3173 4888 3503 4953 distinctas,
3523 4890 3623 4945 sed
3646 4906 3892 4947 sensum

2229 4979 2539 5050 profanum
2594 4976 3028 5047 redarguimus,
3053 4993 3227 5048 quem
3290 4977 3771 5034 manifestissime
3832 4984 3893 5036 et

2228 5066 2542 5138 Scripturae
2564 5069 2799 5131 sanctae,
2814 5069 2871 5120 et
2893 5064 3023 5121 ﬁdei
3051 5066 3369 5133 catholicae,
3386 5072 3443 5122 et
3464 5067 3674 5122 unitati
3698 5067 3890 5124 Eccle-

2229 5156 2325 5212 sia:
2358 5154 2837 5211 inimicissimum
2873 5159 3119 5211 constat.
3145 5156 3291 5211 Vere
3336 5155 3483 5211 nulli
3516 5174 3779 5229 unquam
3813 5156 3886 5213 li-

2226 5247 2347 5301 cuit
2376 5261 2589 5317 corpus
2620 5244 2835 5299 Christi
2868 5244 3059 5300 dicere
3095 5245 3358 5301 triforme
3377 5245 3465 5301 vel
3498 5247 3882 5318 tripartitum,

2226 5336 2379 5408 quod
2398 5333 2712 5406 Apostolus
2733 5350 2915 5387 unum
2937 5351 3168 5405 semper
3188 5339 3245 5389 et
3266 5334 3507 5390 unicum
3532 5335 3883 5408 proclamat,

2226 5425 2425 5480 dicens
2450 5441 2462 5478 :
2493 5425 2636 5480 Unus
2663 5425 2848 5494 panis,
2874 5439 3051 5477 unum
3083 5439 3277 5495 corpus
3302 5425 3466 5480 multi
3483 5442 3671 5481 sumus
3694 5426 3740 5498 (ι
3757 5425 3884 5484 Cor.

2222 5533 2276 5582 x,
2300 5516 2407 5582 17).
2437 5514 2507 5568 Et
2530 5513 2744 5568 iterum
2770 5530 2781 5567 :
2808 5511 2965 5567 Multi
2995 5529 3170 5567 unum
3198 5531 3392 5587 corpus
3422 5531 3609 5570 sumus
3641 5516 3700 5571 in
3722 5514 3884 5571 Chri-

2222 5612 2301 5660 sto
2330 5604 2506 5670 (Rom.
2530 5619 2630 5668 xu,
2654 5602 2729 5672 5).
2765 5602 2833 5655 Et
2863 5599 2999 5655 alibi
3035 5618 3047 5655 :
3088 5603 3265 5658 Unum
3291 5619 3504 5675 corpus,
3528 5611 3580 5659 et
3605 5620 3747 5660 unus
3766 5608 3883 5676 spi-

2223 5696 2384 5764 ritus,
2417 5695 2558 5750 sicut
2586 5691 2757 5749 vocati
2784 5690 2913 5749 estis
2957 5692 3018 5749 in
3047 5707 3157 5750 una
3203 5709 3295 5769 spe
3344 5694 3645 5754 vocationis
3686 5703 3884 5758 vestra
