4082 6448
208 464 290 527 81
1231 461 1645 529 OPUSCULA
1684 465 2100 532 ADVERSUS
2145 467 2416 533 AMALA
2426 469 2646 536 RlUM.
3565 469 3645 537 8!

213 594 363 654 dum
398 593 821 671 opusculorum
847 611 1091 652 suorum
1108 596 1368 654 codicem
1400 598 1559 655 omni
1592 600 1879 674 parochias
1909 602 1964 670 Α
1992 607 2302 676 praesente;
2329 607 2384 661 et
2406 623 2498 664 res
2519 604 2897 681 blasphemas
2920 603 3231 683 religiosus
3260 601 3524 667 horreret
3539 622 3644 669 au—

210 692 436 744 nostrze
456 685 613 743 velut
630 684 945 760 legendum
960 687 1589 762 transcribendumque
1604 689 1878 764 ingessit;

211 778 321 836 sed
341 782 399 833 et
419 781 553 833 ante
571 793 791 849 paucos
814 775 938 830 dies
960 792 1091 830 eum
1116 775 1298 832 alium
1330 777 1549 833 librum
1572 796 1744 835 suum
1765 780 1879 836 huc

209 865 431 929 detulit
496 865 1003 934 clementissimus,
1079 865 1558 923 adinventiouum
1633 886 1877 925 suarum

206 954 738 1029 phantasmatibus
761 953 1023 1026 plenum.
1050 956 1183 1023 Quae
1213 954 1428 1022 omnia,
1457 957 1647 1028 magis
1668 956 1799 1012 odio
1823 962 1879 1013 et

206 1045 511 1102 oblivione
532 1061 712 1117 quam
737 1042 920 1099 relatu
954 1043 1151 1117 digna,
1176 1043 1427 1102 libenter
1456 1063 1612 1101 nunc
1645 1045 1877 1102 silentio

206 1131 857 1209 praeteriremmisihzec
880 1132 966 1188 vel
990 1133 1150 1188 tenui
1174 1135 1878 1208 eommemorationeprae-

204 1222 626 1297 stringere,rei
649 1226 826 1295 gesta
857 1238 1033 1295 quam
1064 1222 1467 1294 explicandam
1488 1225 1717 1297 suscepi
1735 1226 1875 1281 ordo

205 1318 271 1370 et
301 1330 486 1369 causa
516 1312 873 1384 deposceret.
908 1311 1107 1383 Neque
1156 1311 1310 1368 enim
1359 1312 1494 1369 ﬁnis
1534 1313 1874 1386 quaestionis

203 1406 409 1477 potest
439 1401 549 1459 rite
572 1399 833 1475 agnosci,
856 1399 969 1457 nisi
995 1405 1128 1457 ante
1150 1401 1384 1457 initium
1409 1401 1872 1476 sollicitiusprte-

203 1495 516 1550 noscatur.

277 1580 333 1637 5.
371 1580 601 1636 Asserit
630 1580 827 1652 itaque
856 1579 1056 1635 doctor
1086 1579 1382 1651 praefatus.
1408 1580 1561 1636 inter
1590 1580 1720 1649 alia,
1747 1597 1873 1638 cor-

199 1688 322 1745 pus
349 1669 568 1725 Christi
608 1669 874 1724 triforme
919 1672 975 1724 et
1023 1668 1383 1741 tripertitum
1431 1686 1582 1739 esse,
1613 1669 1730 1727 imo
1760 1672 1874 1728 tria

198 1777 335 1818 esse
369 1757 590 1815 Christi
618 1774 880 1830 corpora.
915 1757 1138 1830 Corpus
1169 1757 1379 1814 Christi
1414 1758 1570 1830 quod
1591 1758 1649 1814 in
1672 1777 1871 1816 saera-

198 1853 411 1905 mento
437 1866 472 1904 a
490 1847 762 1903 fidelibus
784 1847 1059 1915 sumitur,
1080 1845 1166 1903 vel
1191 1847 1249 1902 in
1274 1846 1480 1902 coelum
1504 1847 1872 1905 invisibiliter

197 1937 524 2012 reeipi,vel
553 1935 613 1991 in
645 1934 989 2009 corporibus
1022 1936 1384 1992 sumentium
1416 1953 1652 1994 manere
1686 1956 1869 2012 usque

200 2028 262 2083 in
297 2027 461 2083 diem
496 2024 835 2098 sepulturae,
866 2023 955 2080 vel
987 2042 1054 2080 ex
1085 2024 1369 2082 incisione
1415 2044 1695 2083 venarum
1736 2046 1870 2083 cum

197 2116 502 2192 sanguine
534 2116 734 2181 fluere,
756 2112 843 2170 vel
868 2114 926 2169 in
951 2131 1247 2171 secessum
1270 2114 1388 2171 labi
1420 2117 1712 2189 opinatur.
1735 2118 1872 2174 Dia-

195 2223 413 2272 conos,
436 2203 603 2260 altari
628 2221 766 2259 cum
790 2202 1078 2260 assistunt
1109 2204 1377 2271 inclines,
1411 2206 1621 2261 asserit
1650 2206 1871 2280 signiti-

196 2311 339 2351 care
372 2292 672 2366 apostolos
697 2292 757 2346 in
781 2291 1053 2364 passione
1085 2292 1315 2348 Domini
1344 2298 1669 2350 metuentes
1696 2300 1871 2367 atque

194 2381 972 2449 latitantes;subdiaconos,
999 2378 1275 2437 mulieres
1301 2382 1457 2438 cruci
1482 2382 1767 2456 intrepide
1785 2402 1871 2440 as-

194 2474 489 2531 sistentes
506 2489 518 2539 ;
534 2470 963 2544 presbyterum,
988 2468 1202 2543 Joseph
1216 2471 1289 2526 ab
1308 2470 1660 2540 Arimathia;
1687 2473 1871 2528 archi-

194 2559 985 2630 diaconum,Nicodemum;
1020 2558 1280 2628 calicem,
1315 2560 1646 2632 sepulcrum
1677 2562 1871 2630 ;obla—

191 2654 427 2709 tionem
460 2648 751 2705 Dominici
801 2647 1059 2720 corporis
1109 2648 1251 2703 dicit
1290 2650 1763 2719 erueiﬁxionem;
1798 2651 1870 2707 1i-

193 2757 393 2816 gnum
424 2738 622 2811 ipsum
657 2738 964 2809 designare
987 2736 1128 2791 dicit
1159 2737 1694 2811 doetores;lignum
1719 2740 1871 2795 unde

192 2831 444 2905 pendet,
481 2844 714 2882 crucem
742 2844 756 2892 ;
795 2826 988 2880 funem
1022 2843 1137 2898 quo
1168 2826 1871 2897 attrahitur,lidem;tin-

192 2917 589 2977 tinnabulum
613 2934 728 2989 quo
762 2915 1291 2988 resonat,linguam
1320 2934 1332 2984 ;
1368 2933 1611 2972 manum
1642 2918 1873 2975 trahen-

193 3010 278 3067 tis
299 3025 443 3065 cum
478 3005 722 3070 levatur,
745 3006 922 3059 vitam
956 3004 1498 3077 eontemplativam;
1535 3023 1667 3062 cum
1700 3009 1872 3080 depo-

196 3100 392 3166 nitur,
446 3095 715 3151 activam.
773 3092 1139 3150 Exorcismos
1186 3094 1763 3163 catechumenorum,
1798 3098 1870 3153 ad

196 3185 536 3262 spiritalem
561 3182 1000 3240 emundationis
1023 3183 1296 3239 affectum
1312 3183 1873 3258 simpliciterdepro—

196 3276 481 3343 mendos,
498 3274 571 3329 ad
590 3272 849 3345 quinque
867 3288 1076 3328 sensus
1094 3289 1401 3346 eorporeos
1417 3272 1599 3328 nimia
1619 3274 1869 3330 carnali-

197 3372 323 3426 tate
358 3363 665 3420 convertit.

269 3458 335 3511 6.
374 3453 617 3509 Hisdem
648 3450 815 3524 ipsis,
840 3450 991 3507 sicut
1021 3468 1192 3508 aures
1224 3456 1280 3508 et
1310 3468 1503 3517 nares,
1538 3452 1618 3508 ita
1647 3456 1705 3509 et
1735 3469 1869 3510 ocu-

195 3545 290 3602 los
304 3541 642 3616 tangendos
656 3540 866 3596 melius
881 3540 1117 3597 indicat.
1129 3541 1250 3595 Anti
1260 3540 1613 3614 phonarium
1624 3542 1869 3600 Joannis

196 3629 559 3708 Apocalypsi
593 3633 914 3702 comparat.
945 3632 1134 3703 Atque
1162 3630 1269 3685 has
1295 3647 1498 3686 omnes
1525 3635 1582 3686 et
1604 3632 1872 3689 innume-

198 3721 428 3780 rabiles
451 3719 598 3775 alias
620 3719 838 3774 naeniae
860 3736 964 3791 per
991 3724 1259 3775 sanetum
1290 3719 1434 3774 dicit
1465 3720 1747 3793 Spiritum
1781 3740 1869 3778 re-

197 3809 543 3877 velari,sibi
578 3825 871 3880 usurpans
906 3808 1305 3864 testimonium
1340 3809 1488 3864 Petri
1520 3811 1766 3882 apostoli
1789 3811 1871 3866 di-

201 3900 401 3960 centis
432 3917 446 3954 :
481 3904 600 3956 Non
653 3899 802 3954 enim
847 3899 1123 3955 voluntate
1170 3898 1414 3953 humana
1452 3900 1625 3954 allata
1653 3908 1732 3956 est
1761 3901 1870 3956 ali-

201 3991 429 4065 quando
456 3990 763 4061 prophetia,
792 3986 883 4043 scd
910 3988 1124 4059 Spiritu
1170 3996 1354 4043 sancto
1402 3989 1659 4059 inspirati
1707 3990 1874 4046 locuti

199 4089 336 4141 sunt
366 4079 549 4135 sancti
573 4079 674 4133 Dei
691 4078 936 4133 homines
955 4078 1028 4150 (II
1046 4083 1189 4133 Petr.
1214 4078 1372 4145 I,2l).
1388 4078 1469 4131 Ex
1491 4094 1604 4149 quo
1628 4078 1870 4134 manife-

202 4178 295 4229 ste
342 4174 401 4226 et
445 4184 509 4223 se
561 4166 927 4240 prophetam,
962 4171 1018 4222 et
1049 4165 1374 4222 doctrinam
1407 4166 1788 4223 vanissimam
1818 4172 1875 4225 et

203 4260 332 4317 risu
368 4256 633 4330 dignam,
657 4255 799 4312 heu!
826 4255 1241 4312 miserabiliter
1261 4256 1558 4326 deceptus,
1574 4255 1696 4310 vult
1715 4257 1873 4312 credi

202 4345 606 4422 prophetiam.
639 4345 879 4412 Verum,
914 4350 979 4400 ut
1009 4344 1167 4416 quod
1215 4349 1468 4416 coeptum
1506 4348 1595 4400 est
1626 4346 1877 4402 breviter

203 4437 558 4511 explicetur,
592 4434 692 4489 ubi
722 4434 997 4489 doctrinae
1041 4432 1381 4505 hujusmodi
1434 4433 1770 4506 contagium
1802 4436 1875 4490 ad

205 4525 660 4584 subversionem
684 4521 1044 4596 simplicium
1059 4523 1117 4577 in
1132 4522 1241 4578 hac
1253 4520 1510 4578 Ecclesia
1526 4522 1876 4579 dissemina-

208 4616 257 4672 ri
281 4613 483 4686 cmpit,
500 4617 702 4685 pastor
721 4612 791 4666 de
816 4610 1114 4666 commissi
1137 4612 1333 4682 gregis
1355 4609 1544 4667 salute
1566 4610 1874 4679 sollicitus,

1898 3350 1945 3420 C

1992 694 2188 764 ditus;
2222 694 2463 769 exigunt
2491 697 2563 753 ab
2596 714 2682 767 eo,
2719 698 2767 754 si
2818 715 2951 756 vere
3000 716 3108 756 sua
3154 703 3311 756 esset
3355 695 3643 757 doctrina.

1988 784 2211 856 Negare
2241 802 2356 841 non
2387 786 2816 860 potuit,utpote
2839 806 2964 861 qua:
2998 790 3056 845 in
3088 787 3255 845 libris
3283 785 3649 861 quampluri-

1988 874 2102 929 mis
2134 874 2204 929 ab
2238 874 2363 947 ipso
2394 874 2566 931 editis
2596 876 2715 931 fere
2748 876 2966 949 ubique
2997 876 3235 951 vulgata
3263 876 3358 934 sit.
3392 877 3644 935 Interro-

1987 967 2129 1035 gant
2177 963 2277 1018 ubi
2326 962 2446 1019 haec
2495 963 2716 1036 legerit.
2752 966 2915 1021 Tunc
2958 965 3076 1033 ille,
3112 965 3367 1022 maximo
3397 965 3645 1027 constri-

1987 1057 2117 1108 ctus
2148 1052 2413 1121 articulo,
2432 1066 2555 1109 rem
2582 1072 2709 1125 quae
2742 1072 2929 1127 neque
2961 1055 3032 1110 de
3056 1054 3376 1127 Seripturis
3407 1059 3647 1129 sumpta

1985 1144 2093 1209 est,
2120 1158 2309 1213 neque
2330 1143 2400 1198 de
2422 1142 2843 1199 catholicorum
2868 1143 3106 1199 Patrum
3128 1144 3510 1217 dogmatibus
3532 1147 3646 1202 tra-

1986 1234 2099 1296 cta,
2133 1232 2234 1287 sed
2266 1248 2369 1287 nec
2400 1231 2473 1287 ab
2519 1231 2663 1303 ipsis
2712 1231 2888 1287 etiam
2940 1232 3230 1289 haereticis
3283 1236 3645 1304 presumpta

1984 1320 2145 1391 (quia
2159 1319 2316 1376 aliud
2342 1321 2500 1393 quod
2522 1321 2738 1376 diceret
2758 1321 2993 1393 penitus
3015 1338 3129 1377 non
3151 1320 3428 1390 habebat)
3450 1321 3508 1376 in
3532 1338 3642 1381 suo

1984 1409 2192 1481 spiritu
2226 1426 2287 1467 se
2318 1400 2529 1483 legisse
2558 1409 2876 1483 respondit.
2893 1410 3004 1466 Sed
3024 1427 3158 1466 mox
3176 1414 3297 1466 tam
3320 1410 3638 1483 superbam

1983 1502 2042 1554 et
2083 1500 2304 1555 fatuam
2350 1499 2789 1571 responsionem
2823 1500 3154 1559 veneranda
3181 1500 3442 1572 synodus
3473 1515 3636 1557 exse-

1982 1604 2172 1656 crans,
2193 1586 2365 1644 dixit:
2392 1591 2582 1644 «Vere
2604 1586 2705 1649 ille
2724 1587 2831 1642 fuit
2850 1587 3096 1660 spiritus
3119 1587 3637 1647 erroris.Memine«-

1983 1681 2115 1732 rant
2141 1677 2297 1733 enim
2343 1677 2582 1733 beatum
2631 1676 2847 1733 dixisse
2894 1675 3240 1750 Apostolum
3273 1693 3288 1735 :
3317 1678 3636 1734 Novissima

1981 1767 2313 1837 temporibus
2342 1766 2614 1822 discedent
2645 1765 2869 1837 quidam
2893 1782 2927 1822 a
2945 1766 3070 1837 ﬁde,
3104 1765 3437 1821 attendentes
3465 1766 3635 1838 spiri-

1979 1855 2128 1911 tibus
2157 1859 2360 1912 erroris
2390 1864 2441 1912 et
2468 1855 2730 1911 doctrinis
2754 1854 3154 1911 dgcmoniorum
3176 1856 3232 1911 in
3261 1856 3540 1927 hypocrisi
3561 1855 3638 1911 lo-

1979 1947 2262 2017 quentium
2308 1944 2654 2000 mendacium
2683 1946 2732 2013 (l
2766 1945 2898 1999 Tim.
2933 1961 3006 2008 ιν,
3045 1945 3115 2012 1).
3152 1948 3230 1999 De
3272 1942 3549 2015 qualibus
3578 1947 3638 2000 et

1981 2034 2242 2090 Ezechiel
2273 2033 2414 2089 dicit
2448 2050 2461 2089 :
2502 2035 2590 2091 l'ae
2634 2033 2915 2105 praphetis
2975 2033 3365 2105 insipientibus
3410 2034 3510 2104 qui
3552 2049 3635 2089 se-

1980 2131 2227 2195 quuntur
2254 2124 2519 2195 spiritum
2546 2139 2728 2190 suum,
2751 2130 2803 2178 et
2838 2123 2983 2177 nihil
3013 2122 3238 2177 vident!
3271 2120 3481 2193 (Ezech.
3508 2136 3632 2189 xm,

1978 2213 2057 2283 3..)
2071 2213 2140 2267 Et
2162 2212 2403 2268 iterum:
2423 2212 2666 2268 Vuleiztes
2688 2228 2827 2267 vana
2857 2218 2907 2267 et
2934 2211 3243 2266 divinantes
3261 2209 3630 2279 mendacium,

1978 2301 2219 2360 dicentes
2253 2317 2265 2355 :
2302 2305 2438 2357 Haec
2483 2301 2615 2356 dicit
2659 2301 2940 2371 Dominus,
2971 2314 3097 2354 cum
3132 2299 3393 2355 Dominus
3420 2313 3533 2356 non
3558 2299 3638 2356 sit

1981 2392 2189 2447 locutus
2216 2391 2429 2459 (Bacch.
2462 2407 2600 2454 xxu,
2631 2388 2745 2461 28).
2778 2388 2939 2444 Unde
2991 2391 3049 2443 et
3097 2387 3432 2443 istiusmodi
3483 2403 3630 2460 pre-

1979 2483 2313 2552 sumptores
2343 2480 2497 2534 Deus
2530 2496 2632 2551 per
2660 2478 2931 2534 eumdem
2966 2476 3313 2550 prophetam
3342 2489 3449 2537 suo
3469 2476 3634 2539 dece-

1980 2575 2110 2643 ptos
2140 2586 2269 2626 esse
2291 2568 2516 2640 judicio
2548 2572 2812 2637 testatur,
2846 2567 3049 2623 dicens
3083 2582 3095 2621 :
3128 2567 3192 2621 Et
3219 2566 3481 2638 propheta
3506 2582 3634 2627 cum

1977 2661 2244 2715 erraverit
2273 2677 2306 2713 α
2334 2676 2439 2726 me,
2469 2665 2519 2714 et
2559 2659 2767 2714 locutus
2811 2658 2983 2729 fuerit
3031 2656 3254 2713 verbum
3305 2656 3367 2713 in
3411 2656 3639 2716 nomine

1978 2765 2095 2805 meo
2138 2748 2277 2820 quod
2323 2764 2434 2802 non
2472 2749 2714 2819 praecepi
2740 2748 2810 2813 ei,
2844 2763 2939 2816 ego
2982 2747 3245 2801 Dominus
3295 2745 3480 2817 decepi
3503 2761 3635 2817 pro-

1974 2839 2198 2911 pheta-1n
2248 2838 2408 2892 illum
2453 2836 2663 2907 (Ezech.
2697 2854 2810 2902 xlv,
2842 2835 2918 2903 9).
2953 2837 3108 2900 Quos
3158 2850 3363 2890 omnes
3414 2833 3637 2907 Spiritu

1982 2925 2080 2982 Dei
2101 2944 2334 2993 vacuos,
2350 2930 2407 2981 et
2422 2925 2630 2997 spiritu
2656 2925 2891 2997 proprio
2916 2922 3517 2992 inﬂatos,alienandos
3535 2939 3636 2996 pe-

1981 3017 2140 3071 nitus
2171 3034 2205 3071 a
2234 3019 2573 3071 sanctorum
2605 3019 2759 3070 ecetu
2809 3012 3146 3069 terribiliter
3189 3010 3545 3069 denuntians
3576 3013 3636 3071 in

1981 3104 2245 3172 concilio,
2285 3103 2398 3160 ait:
2432 3104 2631 3175 Populi
2660 3105 2772 3158 mei
2800 3119 2912 3158 non
2943 3108 3122 3170 erunt,
3155 3108 3207 3157 et
3234 3103 3296 3165 in
3323 3100 3637 3174 Scriptura:

1978 3196 2168 3251 domus
2223 3195 2395 3250 Israel
2450 3210 2560 3250 non
2615 3192 2942 3259 scribentur,
2978 3208 3076 3247 nec
3113 3199 3317 3246 terram
3344 3192 3514 3247 Israel
3546 3191 3634 3247 in-

1980 3284 2298 3354 grediantur
2329 3284 2535 3355 (Esech.
2564 3300 2625 3349 Π,
2654 3281 2741 3352 10)
2769 3299 2783 3348 ;
2818 3297 3092 3352 eumque,
3127 3279 3228 3333 illo
3260 3279 3535 3336 reticente
3567 3295 3636 3338 ac
3729 3290 3736 3301 ’

1981 3375 2052 3429 de
2083 3372 2521 3428 mendaciorum
2554 3387 2795 3426 suorum
2828 3366 3208 3441 deprehensis
3232 3366 3480 3427 fallaciis
3501 3383 3637 3427 conc

1978 3463 2129 3533 fuso,
2149 3460 2479 3517 veneranda
2500 3459 2759 3531 synodus
2782 3457 3038 3531 plurima
3057 3454 3635 3529 loqueretur,delibe-

1979 3556 2173 3607 ratum
2195 3555 2286 3606 est
2307 3548 2633 3605 doctrinam
2646 3547 2798 3604 hanc
2812 3564 2939 3602 esse
2951 3545 3188 3603 omnino
3209 3543 3628 3616 damnabilem,

1978 3644 2033 3695 et
2051 3639 2121 3694 ab
2144 3636 2418 3694 omnibus
2441 3634 2735 3692 catholicae
2757 3634 2890 3691 fidei
2912 3633 3235 3690 cultoribus
3256 3633 3524 3691 funditus
3544 3649 3633 3691 re—

1980 3727 2325 3801 spuendam,
2360 3725 2728 3799 praecipiente
2759 3724 2928 3779 nobis
2959 3723 3333 3796 Apostolo,ac
3363 3720 3631 3780 dicente:

1980 3818 2252 3875 Doctrinis
2310 3816 2486 3870 variis
2544 3821 2597 3869 et
2632 3815 2945 3884 peregrinis
3000 3813 3169 3869 nolite
3225 3812 3424 3867 abduci
3452 3811 3634 3883 (Hebr.

1979 3922 2103 3975 x111,
2136 3905 2211 3970 9).
2247 3904 2548 3959 Diversam
2580 3919 2708 3958 esse
2737 3902 2912 3957 istam
2962 3900 3291 3958 doctrinam
3328 3917 3363 3956 a
3392 3899 3638 3959 sinceri-

1980 4000 2097 4050 tate
2126 4010 2271 4048 verze
2306 3992 2458 4057 fidei,
2493 3996 2550 4045 et
2580 3991 2819 4046 omnino
2850 3991 2923 4046 ab
2955 3989 3212 4046 Ecclesia
3239 3987 3631 4062 peregrinam,

1983 4083 2200 4156 quippe
2248 4097 2426 4153 quam
2476 4097 2646 4135 nemo
2696 4080 3149 4136 orthodoxorum
3182 4079 3420 4135 Patrum
3450 4076 3630 4149 novit,

1983 4170 2147 4227 nulla
2174 4169 2435 4226 veritatis
2474 4168 2620 4244 ratio
2654 4167 2838 4232 fulcit,
2874 4168 2976 4224 sed
3022 4167 3276 4225 novitius
3327 4170 3502 4238 atque
3532 4167 3638 4222 ad-

1983 4260 2261 4316 ventitius
2291 4274 2452 4314 error
2482 4256 2734 4324 induxit;
2762 4257 3002 4312 umbras
3037 4261 3093 4312 et
3122 4257 3342 4327 ﬁguras
3373 4253 3433 4308 in
3465 4268 3639 4311 caere-

1986 4347 2198 4404 moniis
2238 4346 2599 4402 Testamenti
2651 4344 2875 4400 Veteris
2927 4344 3257 4411 exstitisse;
3293 4356 3509 4399 novum
3538 4341 3643 4399 θὼ-

1983 4441 2223 4493 ventum
2251 4433 2460 4490 Christi
2494 4433 2731 4489 veritate
2763 4432 3001 4505 fulgere,
3027 4436 3083 4488 et
3113 4430 3244 4486 ﬁdei
3279 4429 3532 4503 puritate
3554 4432 3641 4487 at-

1987 4544 2098 4599 que
2149 4521 2528 4580 observantiae
2588 4521 2961 4594 simplicitate
3020 4520 3358 4588 consistere,
3392 4522 3665 4579 testante

1966 4612 2260 4687 .Apostolo
2295 4630 2307 4667 :
2347 4613 2535 4667 l’cteru
2566 4613 2922 4676 transierunt,
2953 4628 3070 4668 ecce
3106 4613 3258 4683 facta
3300 4616 3431 4665 sunt
3476 4624 3639 4665 nova.

208 4720 353 4760 cum
384 4699 560 4788 multi
593 4699 861 4755 maeroris
890 4698 1285 4753 amaritudine
1319 4699 1591 4770 religioso
1622 4700 1871 4771 principi
1908 4722 1957 4788 D
1989 4705 2186 4759 Omnia
2230 4709 2412 4754 autem
2460 4717 2529 4754 ea:
2578 4701 2825 4767 Domino,
2859 4702 2959 4771 qui
3003 4699 3381 4755 reconciliavit
3405 4712 3505 4753 nos
3533 4697 3645 4755 sibi

208 4778 459 4849 causaim
491 4787 768 4856 innotuit,
794 4804 1161 4859 conquerens
1183 4804 1249 4843 ac
1272 4788 1583 4860 deplorans
1600 4805 1883 4861 magnum

209 4878 489 4937 Ecclesia:
511 4874 747 4945 vulnus,
767 4879 824 4932 et
846 4876 1261 4933 exseCrandam
1287 4875 1421 4931 ﬁdei
1447 4878 1877 4943 maculam,sub

210 4964 559 5025 istiusmodi
579 4964 904 5021 novitatum
926 4964 1382 5037 praesumptione
1400 4965 1627 5033 nutriti,
1654 4966 1765 5021 nisi
1789 4982 1880 5021 ve-

211 5056 405 5114 locius
439 5055 554 5110 Deo
586 5054 784 5109 debita
813 5055 943 5126 ejus
993 5052 1357 5126 providentia
1406 5053 1757 5110 subveniret.
1792 5055 1878 5109 Pii

213 5141 506 5218 principis
538 5158 680 5197 cura
710 5143 982 5198 ardenter
1011 5159 1077 5197 ac
1101 5141 1471 5198 laudabiliter
1499 5142 1557 5197 in
1581 5143 1678 5197 Dei
1705 5145 1880 5201 rebus

216 5230 494 5297 sollicita,
530 5246 664 5284 cum
693 5229 767 5285 ob
796 5228 1073 5301 pleraque
1096 5227 1363 5284 Ecclesiae
1385 5229 1617 5301 negotia
1648 5229 1706 5283 in
1730 5247 1874 5300 pra)-

215 5320 445 5378 dictum
477 5316 677 5391 palatii
713 5315 906 5374 locum
938 5318 1283 5373 reverendos
1334 5318 1529 5374 Patres
1573 5316 1877 5391 episcopos

218 5407 532 5465 convenire
556 5405 861 5478 jussisset,
896 5424 1136 5462 causam
1169 5407 1240 5461 ad
1276 5406 1667 5478 cognitionem
1704 5413 1881 5480 atque

220 5512 470 5555 examen
494 5494 724 5550 concilii
749 5513 950 5551 eorum
975 5494 1214 5568 proferri
1251 5496 1405 5563 fecit,
1427 5512 1680 5567 eumque
1702 5495 1759 5551 in
1785 5515 1884 5553 eo-

220 5601 355 5643 rum
389 5582 659 5650 auribus,
688 5588 804 5639 tam
832 5585 1031 5657 inepta
1053 5588 1108 5639 et
1131 5584 1376 5656 profana
1406 5601 1686 5639 novarum
1721 5587 1883 5641 adin-

219 5673 565 5732 ventionum
596 5678 931 5730 commenta
957 5672 1362 5743 recitarentur,
1382 5673 1511 5745 ipso
1535 5690 1767 5745 quoque
1792 5681 1891 5747 qui

225 5780 295 5825 ea
323 5764 399 5822 de
439 5762 631 5819 cordis
685 5763 775 5819 sui
822 5762 1215 5820 audacissima
1261 5761 1516 5818 vanitate
1566 5757 1896 5835 protulerat

1990 4809 2090 4865 per
2127 4790 2404 4853 Christum
2429 4789 2504 4861 (II
2538 4790 2656 4844 Cor.
2684 4806 2743 4855 ν,
2770 4789 2879 4857 l8).
2907 4788 3119 4845 Omnia
3158 4788 3359 4861 igitur,
3380 4785 3440 4843 id
3469 4788 3560 4845 est
3586 4786 3647 4847 et

1989 4884 2183 4935 vetera
2212 4882 2269 4933 et
2299 4894 2466 4945 nova,
2509 4880 2566 4932 et
2595 4880 2799 4949 typum
2841 4876 2988 4950 legis
3020 4880 3076 4933 et
3103 4873 3399 4949 Evangelii
3431 4872 3646 4931 verita-

1988 4973 2128 5038 tem,
2150 4967 2328 5022 unius
2350 4969 2407 5021 et
2428 4964 2610 5021 solius
2630 4964 2749 5032 Dei,
2767 4983 2881 5021 non
2903 4967 3255 5038 cujusquam
3268 4962 3647 5020 hominisaut

1990 5056 2203 5130 angeli,
2237 5054 2582 5110 auctoritate
2613 5058 2899 5110 constare.
2934 5055 3097 5110 Unde
3130 5052 3350 5109 nemini
3378 5049 3643 5116 omnino,

1989 5151 2123 5219 post
2147 5145 2456 5214 utriusque
2478 5143 2839 5198 Testamenti
2872 5142 3176 5198 ministros
3206 5138 3401 5195 divino
3432 5135 3646 5209 spiritu

1990 5234 2334 5300 illustratos,
2359 5230 2554 5287 divina
2585 5232 2930 5287 auctoritate
2950 5230 3250 5294 subnixos,
3276 5227 3337 5281 in
3358 5225 3576 5298 quibus
3591 5227 3651 5281 et

1989 5341 2091 5397 per
2111 5340 2259 5395 quos
2281 5338 2349 5377 ea
2369 5337 2497 5392 qua:
2519 5319 2763 5375 diversis
2792 5318 3154 5390 temporibus
3178 5316 3253 5372 ad
3277 5313 3528 5371 salutem
3551 5328 3651 5386 po-

1993 5411 2113 5484 puli
2132 5410 2224 5465 sui
2247 5426 2508 5481 congrua
2531 5407 2839 5478 judicavit,
2865 5405 3162 5461 evidenter
3192 5404 3347 5460 Deus
3369 5407 3428 5459 et
3447 5416 3650 5472 opera-

1995 5507 2091 5555 tus
2122 5504 2209 5555 est
2239 5503 2293 5553 et
2314 5498 2566 5561 locutus,
2591 5494 2828 5550 licuisse
2851 5494 3137 5549 autlieere
3158 5508 3305 5546 nova
3325 5491 3650 5562 ﬁgurarum

1999 5606 2215 5663 genera
2233 5586 2319 5641 vel
2346 5583 2753 5657 mysteriorum
2781 5586 3150 5639 sacramenta
3172 5579 3420 5645 sancire,
3444 5582 3501 5632 et
3521 5577 3651 5633 ideo

2002 5674 2345 5734 rationabile
2377 5671 2723 5743 obsequium
2776 5671 3042 5728 Ecclesiae
3075 5669 3194 5727 sive
3224 5668 3284 5725 in
3315 5670 3524 5724 ornatu
3549 5682 3653 5723 ve-

2007 5767 2207 5833 stium,
2242 5765 2361 5820 sive
2410 5761 2468 5817 in
2522 5759 2832 5834 multiplici
2880 5777 3154 5818 vasorum
3210 5756 3558 5826 ministerio,
3591 5754 3651 5815 in
