4082 6480
382 484 461 548 83

1483 484 1710 547 FLORI
1755 480 2076 543 DIACONI
2122 476 2696 565 LUGDUNENSIS.

3719 465 3813 526 84

385 622 760 697 simplicitate
786 622 1047 679 veritatis
1081 624 1138 678 et
1167 620 1299 677 ﬁdei
1333 620 1607 693 puritate,
1639 615 1840 689 procul
1868 615 2029 672 omni
2059 616 2112 681 Α
2140 615 2389 670 scicntim
2418 620 2650 668 vestram
2680 610 2745 666 ab
2777 610 3029 683 operibus
3071 607 3322 697 mortuis,
3355 602 3425 662 ad
3452 602 3815 697 serviendum

387 712 823 786 superstitionis
856 713 1286 785 phantasmate,
1322 713 1545 765 remota
1573 706 1732 763 omni
1767 704 2037 761 nebulosi

387 802 679 875 dogmatis
707 802 1141 874 vanitate,pure
1174 802 1287 855 Deo
1318 804 1375 855 et
1393 796 1738 870 simpliciter
1769 796 2041 851 exhiben-

389 893 529 947 dum
563 909 729 959 esse;
760 892 817 946 in
851 891 944 946 his
976 892 1255 946 honorem
1300 887 1617 960 religionis,
1654 884 2039 941 reverentiam

389 981 572 1038 divini
604 981 817 1048 cultus,
852 980 1109 1035 laetitiam
1155 977 1495 1033 Christianae
1545 974 1890 1039 devotionis,
1925 988 2040 1027 non

391 1072 615 1144 ﬁguras
646 1071 871 1142 aliquas
902 1068 987 1124 vel
1020 1068 1297 1140 mysteria
1323 1064 1620 1121 vanitatis.
1654 1065 1786 1120 Jam
1811 1078 1944 1117 vero
1974 1061 2042 1115 il-

392 1160 494 1216 lud
522 1159 676 1231 quod
711 1176 919 1230 corpus
951 1155 1166 1212 Christi
1196 1155 1459 1210 triforme
1481 1159 1534 1208 et
1562 1152 1924 1224 tripartitum
1956 1150 2044 1204 di-

395 1266 545 1315 cere,
581 1248 697 1302 imo
728 1247 841 1301 tria
871 1244 1081 1300 Christi
1114 1260 1357 1316 corpora
1393 1241 1667 1296 inaudita:
1699 1238 2048 1295 temeritatis

397 1336 639 1393 audacia
670 1352 928 1392 asserere
959 1333 1354 1406 praesumpsit,
1375 1331 1434 1385 in
1463 1334 1692 1386 tantum
1716 1329 2046 1384 sacerdotes

396 1424 627 1483 Domini
648 1423 929 1480 exsecrati
953 1427 1193 1486 sunt,ut
1210 1421 1340 1485 hoc,
1365 1420 1515 1474 sicut
1542 1436 1719 1490 supra
1743 1421 2045 1472 ostensum

397 1519 505 1583 est,
532 1515 604 1571 de
635 1513 945 1586 spiritibus
976 1510 1282 1577 erroris,et
1314 1508 1595 1563 doctrinis
1625 1506 2047 1561 daemoniorum

397 1608 705 1676 sumptum
735 1602 927 1656 dicere
959 1600 1202 1654 minime
1234 1598 1577 1664 dubitarint,
1601 1601 1882 1668 tanquam
1915 1611 2049 1649 cum

397 1694 605 1766 angelo
650 1689 881 1747 Domini
916 1690 1271 1745 detestantes
1302 1689 1499 1755 Satan,
1534 1686 1629 1759 qui
1663 1686 1879 1741 dextris
1910 1685 2049 1740 Jesu

400 1781 601 1854 magni
622 1785 678 1837 et
696 1780 813 1835 veri
837 1778 1156 1835 sacerdotis
1187 1776 1481 1832 adversari
1515 1774 2052 1839 conatur,etexsut-

401 1873 610 1927 ﬂantes
642 1870 901 1925 dicerent
933 1885 944 1922 :
977 1870 1217 1937 Increpet
1269 1867 1533 1921 Dominus
1578 1866 1637 1919 in
1684 1872 1751 1929 te,
1784 1864 1975 1930 Satan,
2006 1870 2056 1918 et

402 1963 644 2032 increpet
671 1960 728 2013 in
763 1966 812 2013 te
838 1959 937 2027 qui
965 1955 1134 2024 elegit
1162 1955 1466 2010 Jerusalem
1500 1955 1681 2024 (Zuch.
1718 1971 1798 2008 ιιι.
1832 1956 1909 2019 2).

474 2053 528 2105 7.
554 2051 773 2120 Corpus
796 2050 991 2101 autem
1025 2043 1276 2109 Domini,
1298 2044 1451 2114 quod
1478 2043 1536 2097 in
1560 2041 1834 2115 mysterio
1858 2059 1891 2096 a
1917 2040 2058 2095 ﬁde-

405 2139 562 2195 libus
585 2133 1031 2203 sumitur,absit
1050 2137 1244 2188 uttam
1264 2132 1500 2188 sordida
1528 2130 1614 2187 vel
1648 2130 2059 2202 superstitiosa

408 2231 600 2283 mente
631 2226 765 2298 quis
796 2227 1051 2296 appetat,
1073 2226 1135 2276 ut
1153 2220 1372 2292 aliquid
1406 2220 1617 2275 horum
1650 2238 1776 2293 quae
1807 2220 2059 2274 immun-

409 2316 651 2373 dissime
683 2318 887 2369 auctor
917 2310 1194 2367 doctrinae
1226 2309 1524 2376 conﬁnxit,
1562 2311 1621 2364 in
1649 2326 1755 2365 suo
1786 2309 1982 2364 animo
2005 2312 2060 2362 et

411 2404 863 2478 cogitationibus
899 2400 1120 2456 versari
1165 2398 1498 2471 permittat!
1535 2402 1897 2470 Quapropter
1925 2414 2059 2453 cum

412 2494 570 2551 omni
586 2492 875 2549 desiderio
897 2494 954 2546 et
970 2487 1393 2561 supplicatione
1418 2488 1650 2559 pietatis
1672 2488 1927 2543 divinam
1951 2486 2060 2541 mi-

412 2581 790 2640 sericordiam
804 2578 1263 2651 implorandum,
1279 2582 1470 2632 utnon
1490 2577 1679 2632 solum
1705 2577 1775 2631 ab
1799 2577 2059 2643 auribus,

411 2689 615 2729 verum
637 2670 813 2726 etiam
837 2687 871 2724 a
891 2667 1165 2723 cerdibus
1197 2666 1434 2733 nostris,
1457 2666 1665 2720 talium
1690 2666 2064 2737 phantasma-

410 2767 540 2818 tum
556 2778 619 2817 ac
636 2759 898 2816 sordium
921 2756 1052 2813 labe
1074 2761 1363 2812 remota...
1382 2755 1802 2827 sempiternum
1827 2755 2062 2810 mundi-

411 2853 503 2908 tia:
519 2867 657 2916 suae,
674 2851 900 2903 mentes
912 2851 1144 2900 nostras
1166 2845 1463 2907 emundet,
1480 2849 1769 2916 quatenus
1784 2847 1903 2899 tam
1925 2844 2065 2899 divi-

412 2957 555 2995 num
576 2937 1015 3011 gloriosumque
1047 2933 1391 3006 mysterium
1425 2950 1571 3004 puro
1604 2950 1781 2987 sensu
1812 2933 2066 3003 cogitan-

412 3034 521 3093 tes,
556 3044 703 3099 pura
733 3025 943 3097 pietate
975 3027 1297 3087 sumentes,
1331 3022 1677 3092 incorruptae
1708 3021 2066 3092 puriﬁcatio-

414 3118 508 3173 nis
558 3115 805 3190 gratiam
865 3127 1316 3182 consequamur.
1370 3111 1518 3165 Cum
1575 3110 1732 3164 enim
1782 3110 2067 3167 Dominus

417 3205 575 3261 dicat
607 3221 618 3257 :
654 3206 765 3271 Ego
809 3218 933 3255 sum
980 3201 1106 3255 vitis
1150 3216 1277 3253 vera
1324 3200 1502 3265 (Joan.
1532 3216 1620 3265 xv,
1658 3199 1709 3266 τί)
1736 3217 1748 3265 ;
1779 3203 1873 3254 et:
1912 3206 2071 3256 Pater

417 3311 570 3350 meus
600 3293 693 3347 dat
725 3292 870 3346 vobis
896 3306 1100 3361 panem
1149 3289 1214 3343 de
1243 3289 1371 3343 caelo
1407 3304 1591 3357 verum
1622 3289 1796 3359 (Joan.
1828 3306 1903 3349 v1,
1936 3291 2065 3359 32);

2145 706 2251 760 Deo
2280 705 2488 759 viventi
2515 703 2695 770 (Hebr.
2729 719 2806 768 Ix,
2844 700 2951 772 14).
2985 699 3095 755 Sed
3126 703 3183 753 et
3213 696 3487 770 princeps
3518 692 3818 766 apostolo-

2148 810 2277 849 rum
2310 793 2513 847 Petrus
2548 810 2559 846 :
2587 793 2847 856 Scientes,
2881 790 2981 858 ait,
3017 787 3158 860 quod
3195 803 3308 842 non
3354 783 3819 856 corruptibilibus

2150 900 2285 939 auro
2316 891 2368 937 ct
2396 891 2615 953 argento
2655 882 2920 952 redempti
2959 880 3090 935 estis
3132 877 3197 933 de
3224 893 3371 931 vana
3400 875 3821 931 conversatione

2146 982 2398 1045 paternw
2438 971 2769 1037 traditionis,
2802 969 2893 1025 sed
2936 970 3171 1040 pretioso
3228 966 3501 1035 sanguine
3548 970 3822 1034 tanquam

2153 1063 2296 1130 Agni
2324 1061 2743 1116 incontaminati
2772 1067 2821 1114 et
2844 1058 3100 1113 inviolati
3127 1057 3338 1113 Christi
3365 1055 3414 1127 (Ι
3440 1059 3588 1109 Petr.
3619 1071 3658 1119 ι,
3692 1053 3812 1112 18).

2154 1152 2277 1206 Non
2308 1167 2443 1221 ergo
2476 1147 2841 1221 corruptibili
2887 1144 3174 1218 redempti
3207 1162 3437 1200 sumus.
3468 1145 3586 1199 Hoc
3619 1143 3821 1199 ﬁdelis

2155 1240 2339 1299 sumit
2369 1240 2438 1293 ad
2466 1238 2667 1304 vitam,
2700 1237 2980 1309 indignus
3010 1236 3081 1290 ad
3116 1251 3380 1307 poenam;
3414 1233 3523 1289 hoc
3554 1233 3819 1304 pretium

2156 1328 2575 1400 redemptionis
2598 1331 2654 1382 et
2683 1326 2960 1381 viaticum
2993 1323 3201 1380 salutis
3233 1322 3643 1395 unusquisque
3675 1320 3826 1376 ﬁde-

2158 1419 2303 1473 lium
2335 1418 2444 1474 sub
2475 1418 2620 1473 hora
2649 1416 2857 1471 mortis
2888 1414 3043 1470 ﬁdeli
3076 1413 3291 1486 pietate
3321 1411 3598 1485 exposcit.
3619 1412 3733 1466 lloc
3751 1427 3823 1465 se

2159 1511 2530 1580 peccatorum
2562 1506 2791 1562 veniam
2824 1505 3203 1576 adepturum,
3222 1520 3256 1558 a
3285 1501 3680 1574 malignorum
3700 1499 3829 1571 spi-

2160 1598 2380 1653 rituum
2404 1597 2645 1651 incursu
2668 1596 2727 1650 in
2751 1595 2880 1666 ipsa
2902 1598 3089 1649 morte
3110 1593 3420 1658 tuendum,
3452 1591 3525 1646 ad
3556 1588 3824 1663 paradisi

2162 1703 2392 1742 amoena
2422 1685 2725 1758 praesumit
2755 1684 3210 1740 admittendum.
3235 1681 3499 1754 Cumque
3518 1679 3711 1754 pulvis
3734 1696 3829 1734 re-

2160 1776 2407 1831 vertitur
2435 1775 2495 1830 in
2531 1781 2745 1830 terram
2779 1790 2952 1829 suam
2980 1772 3138 1827 unde
3167 1775 3309 1838 erat,
3327 1770 3573 1843 spiritus
3595 1773 3824 1835 tamen,

2164 1865 2346 1936 hujus
2377 1864 2638 1919 muneris
2671 1862 2878 1918 solatio
2902 1864 3106 1927 fretus,
3130 1861 3309 1932 hujus
3328 1859 3526 1932 gratiae
3550 1857 3828 1931 praesidio

2088 1987 2136 2052 Β
2167 1954 2452 2021 munitus,
2488 1953 2637 2007 redit
2669 1953 2739 2007 ad
2776 1952 3089 2006 Dominum
3113 1949 3211 2022 qui
3234 1948 3391 2005 dedit
3418 1947 3606 2015 illum,
3632 1964 3740 2003 nec
3761 1947 3829 2002 in

2167 2041 2529 2114 depositione
2560 2038 2958 2112 corruptibilis
2989 2039 3248 2112 corporis
3292 2038 3381 2094 sui
3423 2037 3697 2093 amittens
3729 2036 3823 2090 in-

2167 2130 2605 2204 corruptibilem
2637 2130 2886 2202 gratiam
2918 2128 3178 2202 corporis
3204 2127 3436 2184 Christi.
3462 2127 3612 2194 Haec,
3646 2129 3828 2198 prout

2169 2226 2281 2276 Deo
2314 2225 2607 2275 annuente
2638 2218 2820 2290 potui,
2846 2220 2917 2274 de
2948 2217 3195 2273 concilio
3221 2215 3640 2273 venerabilium
3671 2215 3832 2288 epis-

2169 2326 2467 2382 coporum,
2502 2309 2573 2363 ad
2606 2308 3047 2363 aedificationem
3077 2306 3343 2361 Ecclesiae
3374 2306 3497 2371 Dei,
3529 2310 3586 2360 et
3616 2306 3830 2361 conﬁr-

2170 2400 2488 2454 mationem
2520 2398 2816 2453 catholica:
2852 2396 2985 2451 ﬁdei
3018 2413 3206 2469 nuper
3236 2395 3632 2461 habito,brevi
3666 2394 3833 2467 pagi-

2172 2488 2312 2543 nula
2342 2490 2622 2542 annotare
2653 2487 2845 2542 curavi
2859 2529 2870 2553 ,
2884 2487 3061 2542 verba
3080 2503 3283 2542 eorum
3301 2488 3358 2541 et
3374 2502 3586 2541 sensus
3607 2484 3830 2557 quibus

2170 2578 2324 2634 valui
2348 2579 2631 2643 verbis,et
2653 2577 3089 2649 Scripturarum
3121 2576 3474 2632 testimoniis
3506 2575 3827 2648 explicans,

2172 2672 2230 2723 et
2252 2665 2556 2740 cxcogitati
2589 2683 2774 2738 nuper
2794 2671 2849 2722 et
2873 2666 3207 2722 exsecrandi
3237 2664 3452 2722 erroris
3481 2665 3834 2720 confutatio-

2173 2774 2329 2813 nem.
2355 2757 2417 2811 In
2441 2755 2704 2812 omnium
2729 2755 2826 2827 qui
2852 2756 2972 2811 haec
2992 2754 3182 2829 legere
3202 2754 3287 2810 vel
3313 2754 3517 2810 audire
3535 2752 3831 2809 voluerint

2175 2847 2444 2901 notitiam
2492 2844 2808 2916 perferens,
2844 2849 2926 2913 ut,
2972 2862 3109 2916 repu
3128 2844 3275 2899 iiata
3326 2848 3501 2916 atque
3549 2844 3833 2899 damnata

2174 2935 2401 3008 profani
2453 2933 2745 3005 dogmatis
2805 2933 3242 2990 fobulosissima
3269 2933 3523 2989 vanitate
3547 2937 3605 2988 et
3631 2932 3830 2987 vanis-

2177 3024 2330 3079 sima
2359 3021 2970 3095 fabulositate,procul
3003 3022 3247 3093 abjectis
3278 3026 3334 3077 et
3363 3020 3532 3078 libris
3562 3027 3619 3077 et
3637 3021 3831 3077 verbis

2177 3111 2649 3167 mendaeissimis
2704 3110 3002 3183 vaniloqui
3054 3110 3329 3178 doctoris,
3382 3111 3452 3165 de
3508 3110 3830 3183 purissimo

2179 3202 2613 3273 Scripturarum
2648 3202 2824 3269 fonte,
2861 3201 2929 3255 de
2979 3199 3383 3255 sincerissima
3429 3201 3666 3255 Patrum
3720 3200 3831 3254 do-

2181 3290 2386 3354 ctrina,
2422 3291 2493 3345 de
2536 3290 2882 3345 venerabilis
2931 3289 3159 3345 concilii
3209 3288 3574 3357 auctoritate,
3607 3288 3741 3344 ﬁdei
3774 3293 3835 3344 et

422 3387 512 3439 et:
550 3384 686 3437 Caro
720 3396 841 3435 mea
870 3394 993 3434 vere
1021 3387 1097 3433 est
1126 3379 1296 3443 cibus,
1331 3385 1382 3431 et
1409 3378 1636 3446 sanguis
1664 3395 1814 3433 meus
1848 3396 1965 3435 vere
1993 3388 2069 3435 est
2100 3357 2144 3423 (ἶ
2183 3379 2798 3435 scientiwhauriamus
2821 3379 3371 3445 fluenta,servantcs
3392 3378 3636 3435 sollicite
3651 3377 3831 3434 semel

420 3480 576 3544 potus
606 3470 790 3539 (Ibid,
822 3470 953 3534 56);
1006 3470 1109 3521 et:
1171 3468 1286 3537 Qui
1338 3466 1637 3521 manducat
1689 3483 1793 3532 me,
1854 3475 1905 3522 et
1964 3470 2075 3539 ipse

426 3564 565 3616 vivet
592 3566 811 3631 prepter
844 3574 932 3611 me
963 3555 1143 3627 (Ibid,
1177 3556 1307 3623 58);
1344 3553 1495 3609 sicut
1544 3554 1687 3608 nihil
1735 3555 1862 3609 vitae
1910 3561 2075 3612 aiter-

428 3668 514 3705 nze
547 3648 673 3703 cibo
707 3646 821 3701 nisi
854 3661 989 3699 vera
1046 3645 1255 3697 anima:
1317 3644 1548 3697 reiectio
1609 3647 1935 3716 appetenda
1963 3652 2073 3715 est,

426 3736 510 3791 ita
567 3732 711 3788 nihil
770 3732 1004 3803 penitus
1064 3731 1462 3801 cogitandum,
1520 3730 1633 3785 nisi
1692 3734 1846 3803 quod
1905 3736 2075 3806 spiri-

426 3824 544 3881 tale
575 3828 631 3878 et
660 3819 990 3877 immortale
1022 3826 1128 3875 est.
1163 3820 1309 3884 Quid
1356 3827 1552 3874 autem
1588 3821 1802 3875 mirum
1836 3823 1906 3887 si,
1941 3825 2074 3879 ﬁdei

425 3912 618 3988 gratia
645 3916 702 3966 et
730 3911 942 3966 virtute
972 3910 1185 3975 divina,
1222 3907 1357 3963 talis
1404 3909 1570 3964 cibus
1617 3910 1698 3964 sic
1730 3913 1986 3967 sumitur
2013 3919 2078 3969 ut

426 4003 812 4059 absorbeatur
863 3999 1017 4069 quod
1078 3996 1324 4053 mortale
1369 4001 1456 4052 est
1487 4015 1519 4053 a
1549 3999 1668 4053 vita
1689 4000 1716 4054 ?
1746 4002 1845 4055 Hic
1868 4010 1963 4067 est,
1997 4004 2077 4057 ait

424 4090 731 4156 Dominus,
751 4090 915 4160 panis
937 4088 1001 4143 de
1021 4089 1149 4142 (λαβιο
1172 4087 1493 4142 descendens
1516 4108 1534 4147 ε
1560 4096 1617 4142 ut
1643 4091 1695 4143 si
1723 4092 1845 4159 quis
1865 4107 1934 4145 ea:
1965 4094 2076 4162 ipso

423 4181 856 4243 manducauerit,
908 4194 1019 4233 non
1074 4179 1345 4232 moriatur
1402 4177 1584 4245 (Ibid,
1618 4178 1730 4247 50).
1774 4179 1883 4234 Sed
1937 4180 2075 4252 quid

425 4270 679 4342 pertinet
706 4269 777 4323 ad
810 4267 1085 4322 virtutem
1134 4264 1503 4333 sacramenti,
1539 4267 1695 4337 quod
1724 4268 1974 4338 pertinet
2004 4270 2074 4325 ad

424 4356 655 4413 visibile
686 4360 1121 4412 sacramentum
1144 4355 1171 4409 ‘?
1201 4354 1305 4418 Qui
1332 4355 1649 4409 manducat
1672 4356 1981 4421 intus,non
2002 4359 2078 4414 fo-

428 4446 538 4514 ris;
569 4447 667 4518 qui
702 4445 1015 4501 manducat
1047 4443 1104 4498 in
1138 4445 1329 4511 corde,
1366 4461 1479 4498 non
1514 4444 1613 4515 qui
1637 4444 1852 4516 premit
1884 4447 2073 4503 dente.

428 4535 674 4591 Credere
705 4534 862 4588 enim
895 4532 952 4586 in
984 4550 1140 4599 eum,
1175 4533 1282 4586 hoc
1326 4538 1414 4586 est
1462 4534 1813 4589 manducare
1864 4552 2075 4606 panem

425 4624 623 4679 vivum
655 4641 668 4688 ;
704 4622 804 4694 qui
836 4622 1408 4687 credit,manducat;
1444 4621 1816 4677 invisibiliter
1846 4625 2075 4695 sagina-

2183 3469 2464 3523 traditum
2497 3468 2666 3523 nobis
2697 3467 2829 3522 ﬁdei
2860 3468 3226 3534 thesaurum,
3250 3473 3307 3524 et
3336 3469 3624 3541 fugientes
3657 3484 3833 3539 oppo-

2185 3557 2424 3612 sitiones
2457 3557 2708 3612 scientia:
2745 3556 2873 3611 falsi
2908 3556 3182 3622 nominis,
3216 3561 3273 3613 et
3303 3557 3576 3628 profanas
3624 3574 3830 3612 vocum

2186 3646 2490 3712 novitates,
2525 3647 2594 3700 de
2625 3646 2841 3717 quibus
2873 3646 3188 3718 Apostolus
3220 3647 3374 3701 ﬁdeli
3407 3646 3697 3718 discipulo
3729 3646 3829 3701 ait:

2184 3739 2229 3794 Ο
2282 3737 2564 3799 Timet/aee,
2624 3734 2923 3807 depositum
2979 3736 3208 3801 custodi,
3268 3735 3515 3791 devitans
3569 3737 3833 3807 profanas

2186 3841 2372 3880 vocum
2402 3826 2751 3893 novitii/eaet
2771 3825 3129 3895 oppositiones
3158 3825 3291 3895 falsi
3317 3826 3560 3881 nominis
3587 3825 3834 3880 scientiae

2185 3930 2351 3984 quam
2399 3913 2620 3984 quidam
2661 3915 3038 3984 promittentes
3095 3915 3243 3968 circa
3298 3913 3459 3984 fidem
3515 3913 3834 3969 exciderunt

2187 4004 2233 4074 (I
2268 4004 2401 4057 Tim.
2435 4020 2509 4067 v1,
2540 4003 2651 4072 20),
2686 4018 2818 4056 cum
2852 4018 2988 4074 ergo
3037 4001 3371 4058 istiusmodi
3420 4001 3831 4074 pseudoscien-

2186 4092 2268 4145 tia
2298 4094 2354 4145 et
2396 4090 2639 4162 profana
2693 4108 2901 4146 vocum
2962 4090 3186 4147 novitas
3247 4091 3380 4146 ﬁdei
3440 4091 3732 4147 excidium
3776 4094 3833 4146 et

2187 4178 2558 4251 naufragium
2616 4180 2809 4251 faciat,
2866 4180 3024 4235 velut
3081 4180 3322 4253 scyllam
3406 4181 3725 4252 quamdam
3777 4183 3833 4235 et

2186 4268 2528 4341 charybdim
2560 4286 2688 4324 eam
2720 4269 2990 4336 vitemus,
3018 4273 3469 4342 metuamusque
3490 4270 3700 4326 intima
3714 4286 3832 4325 cor-

2187 4357 2278 4412 dis
2308 4357 2641 4424 formidine,
2673 4376 2744 4412 ne
2775 4358 2918 4413 forte
2960 4359 3085 4430 jam
3140 4359 3196 4413 in
3230 4358 3327 4414 illo
3387 4363 3649 4431 tempore
3708 4375 3832 4415 esse

2187 4446 2536 4517 coepeiimus
2561 4448 2631 4501 de
2662 4464 2777 4518 quo
2810 4448 2965 4502 idem
2994 4447 3236 4503 terribili
3264 4447 3705 4503 denuntiatione
3726 4446 3834 4503 cla-

2187 4539 2309 4589 mat
2336 4534 2647 4605 Apostolus
2681 4553 2693 4589 :
2728 4536 2845 4590 Erit
2884 4539 3030 4592 enim
3083 4543 3289 4607 tempus
3335 4554 3459 4592 cum
3503 4554 3697 4592 sanam
3742 4536 3830 4593 do-

2185 4626 2423 4678 ctrinam
2452 4641 2561 4677 non.
2589 4624 2969 4691 sustinebunt;
2999 4625 3091 4681 sed
3118 4625 3188 4680 ad
3234 4643 3335 4681 sua
3392 4626 3662 4681 desideria
3708 4642 3829 4681 coa-

426 4717 544 4779 tur,
594 4712 733 4784 quia
779 4716 835 4766 et
882 4709 1257 4766 invisibiliter
1306 4711 1649 4767 renascitur.
1704 4712 2082 4769 Sacramenta
2112 4728 2156 4790 D
2187 4718 2480 4767 cervabunt
2554 4715 2664 4769 sibi
2734 4716 3044 4783 magistros,
3102 4716 3413 4785 prurientes
3477 4715 3729 4780 auribus,
3785 4723 3832 4771 et

431 4805 568 4859 sunt
588 4800 700 4857 ista
726 4820 737 4868 ;
766 4801 892 4856 ideo
917 4804 1109 4854 autem
1134 4799 1411 4854 dicuntur
1442 4805 1826 4871 sacramenta,
1860 4802 1999 4872 quia
2020 4804 2079 4858 in

426 4891 511 4948 eis
541 4890 698 4946 aliud
733 4890 978 4956 videtur,
1009 4887 1167 4943 aliud
1198 4887 1563 4960 intelligitur.
1618 4891 1778 4954 Quod
1826 4890 2077 4959 videtur,

427 4980 678 5052 speciem
695 4980 868 5034 habet
882 4977 1263 5049 corporalem;
1281 4978 1430 5048 quod
1448 4976 2076 5050 intelligitur,fructum

423 5068 600 5124 habet
623 5067 967 5140 spiritalem.
988 5067 1182 5120 Manet
1210 5066 1385 5137 igitur
1406 5067 1461 5120 in
1489 5071 1681 5121 mente
1700 5066 1963 5123 ﬁdelium
1987 5069 2075 5125 in-

426 5161 699 5229 corrupta
717 5155 1066 5212 venerabilis
1086 5155 1343 5227 mysterii
1366 5155 1573 5222 virtus,
1595 5160 1649 5210 et
1670 5156 2077 5214 efﬁcacissima

424 5245 705 5319 potentia,
739 5260 997 5316 purgans
1031 5243 1262 5309 delicta,
1297 5244 1626 5297 emundans
1666 5245 2074 5315 conscientias,

425 5332 732 5407 perﬁciens
762 5331 1010 5404 gratiam
1036 5330 1455 5401 redemptionis
1477 5335 1532 5385 et
1555 5330 1782 5386 salutis.
1814 5334 1975 5389 Unde.
1997 5335 2079 5390 ait

424 5422 804 5479 beatissimus
852 5421 1152 5475 Joannes:
1187 5421 1252 5475 Et
1304 5421 1534 5487 sanguis
1588 5421 1729 5476 Filii
1781 5422 1896 5493 ejus
1952 5425 2080 5479 Jesu

428 5512 632 5569 Christi
681 5510 938 5565 cmundat
985 5527 1081 5564 nos
1129 5511 1197 5563 ab
1243 5510 1394 5563 omni
1418 5518 1635 5580 peccato
1670 5510 1714 5577 (Ι
1739 5512 1891 5565 Joan.
1928 5528 1964 5579 1,
1998 5515 2075 5581 7).

425 5603 539 5656 Vas
583 5615 817 5671 quoque
866 5598 1164 5654 electionis
1219 5596 1432 5653 Paulus
1467 5614 1479 5652 :
1516 5600 1724 5666 Quanto
1752 5602 1949 5668 magis,
1986 5602 2079 5656 in-

428 5691 573 5763 quit,
607 5690 837 5755 sanguis
865 5689 1087 5755 Christi,
1123 5689 1220 5757 qui
1252 5703 1344 5743 ver
1390 5688 1661 5757 Spiritum
1706 5697 1955 5745 sanctum
1995 5707 2079 5746 sc-

428 5782 717 5851 mclipsum
761 5777 954 5831 obtulit
999 5775 1412 5831 immaculatum
1446 5780 1571 5846 Deo,
1607 5778 1929 5834 cmunduvit
1951 5797 2077 5835 con-

2190 4818 2225 4855 a
2283 4804 2505 4857 veritate
2564 4803 2781 4874 quidem
2852 4804 3105 4859 amtitum
3176 4810 3434 4868 avertant,
3495 4802 3565 4857 ad
3617 4804 3831 4875 fabulas

2187 4898 2369 4945 autem
2398 4900 2772 4947 convertentur
2803 4893 2875 4963 (ΙΙ
2906 4894 3038 4947 Tim.
3074 4909 3157 4960 III,
3191 4894 3265 4959 4),
3320 4893 3639 4964 statimque
3696 4892 3829 4948 sub-

2179 4979 2380 5050 jungit
2410 4996 2421 5033 :
2462 4985 2545 5035 Tu
2576 4997 2696 5036 vero
2728 4981 2918 5049 vigila,
2954 4980 3223 5036 videlicet
3270 4997 3360 5047 ne,
3408 4979 3830 5037 dormientibus

2186 5068 2606 5139 patrisfamiliae
2639 5069 2840 5135 servis,
2876 5068 3153 5125 inimicus
3199 5069 3375 5124 homo
3408 5069 3831 5142 superseminet

2185 5156 2405 5211 zizania
2427 5157 2481 5211 in
2509 5158 2698 5212 medio
2721 5158 2913 5212 tritici.
2938 5159 3261 5213 Audiamus
3293 5158 3564 5213 eumdem
3596 5161 3829 5231 Aposto-

2189 5244 2306 5299 lum
2322 5245 2483 5300 alteri
2500 5246 2843 5302 charissimo
2867 5247 3154 5319 discipulo
3175 5248 3461 5302 dicentem
3479 5264 3491 5302 :
3506 5248 3711 5303 Stultus
3733 5265 3827 5302 au-

2186 5340 2291 5389 tem.
2320 5338 2662 5406 qua’stiones,
2697 5345 2747 5391 et
2773 5338 3134 5407 genealogias,
3167 5345 3219 5392 et
3237 5339 3620 5405 contentiones,
3653 5346 3703 5391 et
3727 5354 3827 5409 pu-

2185 5441 2322 5491 gnas
2354 5426 2487 5494 legis
2517 5425 2695 5481 devita
2721 5443 2733 5491 ;
2765 5434 2892 5481 sunt
2920 5429 3069 5482 enim
3097 5427 3319 5481 inutiles
3345 5435 3396 5482 et
3421 5427 3724 5493 vanw(Tit.
3750 5444 3824 5494 ιιι,

2186 5513 2261 5579 9).
2296 5514 2365 5568 Et
2397 5515 2666 5584 protinus
2695 5515 2963 5587 adiungit
2997 5533 3009 5569 :
3044 5518 3382 5571 Hmrcticum
3417 5517 3692 5570 hominem
3716 5524 3832 5587 post

2186 5619 2356 5657 unum
2383 5612 2431 5657 et
2465 5605 2757 5658 secundum
2804 5606 3195 5674 correptionem
3246 5605 3467 5672 devita;
3496 5608 3673 5660 sciens
3704 5606 3829 5677 quia

2185 5693 2474 5747 subversas
2502 5701 2578 5748 est
2608 5694 2890 5765 cjmonodi,
2924 5701 2974 5747 et
2998 5702 3181 5764 peccat
3206 5696 3432 5767 proprio
3464 5694 3677 5766 judicio
3707 5711 3825 5750 con-

2189 5780 2474 5836 demnatus
2504 5782 2688 5851 (Ibid,
2728 5783 2813 5847 10,
2851 5782 2958 5853 11).
2994 5782 3103 5839 Sed
3135 5786 3191 5839 et
3222 5783 3332 5840 alio
3380 5782 3505 5840 loco
3555 5781 3697 5840 dicit
3728 5801 3740 5841 :
3773 5784 3829 5840 Si
