4082 6444
66 450 142 514 93
1101 453 1512 519 OPUSCULA
1556 450 1968 515 ADVERSUS
2013 454 2279 514 AMALA
2294 455 2518 519 RIUM.

3429 456 3510 517 94

64 586 296 675 lienus.
329 588 669 675 Hieronymi
695 587 1043 675 densimpl'ici.
1074 590 1744 675 ministrorumetqsiacer-
1775 589 1830 655 Α
1857 592 1969 663 85).
1993 595 2178 664 Atque
2199 592 2602 667 intelligamus
2625 612 2803 668 quam
2823 613 3025 653 verum
3050 598 3127 655 sit
3152 602 3305 673 quod
3332 602 3510 675 Spiri-

132 659 593 788 ornatu,
625 677 695 716 ec
724 659 907 716 libris'
927 660 1273 729 dialogorum
1313 661 1476 716 Attici
1503 670 1553 714 et
1584 660 1746 714 Chri—

133 748 162 787 s
261 748 294 788 ο
327 749 368 787 ι.

133 748 347 788 ειοοοιι
356 774 368 786 .

132 857 229 911 20.
264 855 576 929 Adjungis
615 856 863 930 gloriam
905 857 1154 912 vestium
1182 860 1238 911 et
1269 859 1745 911 ornamentorum

65 948 181 1001 Deo
239 962 380 1001 esse
427 946 820 1001 contrarium.
855 947 993 1010 Qua:
1038 950 1198 1011 sunt,
1234 963 1390 1018 rogo,
1426 944 1746 1000 inimicitiae

64 1039 275 1089 contra
307 1035 529 1098 Deum,
556 1034 605 1090 si
650 1035 914 1091 tunicam
965 1035 1222 1091 habuero
1254 1033 1667 1090 mundiorem?
1698 1033 1747 1089 si

65 1122 360 1195 episcopi,
387 1122 441 1179 si
491 1123 840 1196 presbyteri,
865 1124 914 1180 si
963 1125 1193 1180 diaconi
1224 1129 1283 1179 et
1312 1124 1576 1196 reliquus
1605 1123 1746 1178 ordo

63 1213 522 1269 ecclesiasticus
553 1213 613 1268 in
645 1213 1153 1270 administratione
1176 1213 1593 1269 sacriﬁciorum
1618 1229 1750 1267 can-

67 1302 204 1358 dida
223 1306 397 1357 veste
420 1301 815 1375 processerit?
837 1302 1060 1369 Cavete,
1079 1302 1291 1369 clerici,
1309 1306 1520 1368 cavete,
1553 1318 1749 1357 mona-

66 1392 179 1457 chi,
212 1390 418 1446 viduae
452 1396 513 1447 et
551 1391 832 1464 virgines,
866 1391 1275 1463 periclitamini
1321 1390 1434 1445 nisi
1480 1389 1747 1446 sordidas

64 1498 164 1537 vos
193 1486 387 1553 atque
420 1498 723 1553 pannosas
756 1480 966 1554 vulgus
998 1481 1305 1553 aspexerit.
1330 1482 1515 1536 Taceo
1542 1480 1613 1535 de
1643 1479 1747 1533 ho-

68 1569 340 1625 minibus
373 1567 603 1636 szeculi,
632 1569 852 1640 quibus
897 1575 1092 1641 aperte
1123 1568 1341 1625 bellum
1371 1567 1667 1634 indicitur,
1692 1572 1749 1622 et

69 1658 406 1714 inimicitiae
441 1663 649 1713 contra
687 1657 898 1723 Deum,
930 1659 980 1713 si
1012 1658 1285 1731 pretiosis
1333 1663 1508 1730 atque
1558 1657 1746 1712 niten-

68 1748 227 1804 tibus
274 1751 543 1802 utuntur
585 1746 831 1803 exuviis.
868 1748 930 1802 In
962 1747 1283 1804 sacerdotio
1334 1745 1597 1802 Ecclesiae
1629 1763 1746 1802 non

68 1835 398 1909 mysticum
431 1834 694 1891 vestium
735 1841 1028 1903 ornatum,
1054 1836 1155 1892 sed
1186 1836 1558 1908 splendorem
1590 1853 1745 1907 quae-

1856 687 1952 738 tus
1974 688 2212 739 sanctus
2234 684 2567 742 Salomonis
2588 702 2687 742 ore
2715 689 3068 759 praececinit,
3094 690 3292 748 dicens
3317 709 3329 748 :
3353 692 3511 749 Multi

1855 774 1967 828 sibi
1996 774 2057 829 in
2082 775 2370 831 novalibus
2395 784 2621 847 patrum
2641 785 2693 832 et
2719 779 2850 833 aliis
2878 789 3280 852 congregantur
3309 785 3508 855 absque

1845 864 2059 935 judicio
2088 868 2274 928 (Prov.
2297 882 2418 931 xm,
2442 868 2553 934 23),
2582 884 2769 939 neque
2799 868 2957 924 enim
2998 870 3081 926 sic
3127 876 3326 928 nostra
3355 872 3505 928 cala-

1858 952 2062 1009 mitate
2093 958 2149 1008 et
2186 953 2519 1010 humilitate
2556 957 2717 1011 abuti
2749 958 2939 1024 debet,
2964 963 3029 1013 ut
3060 960 3322 1016 imitator
3348 961 3507 1018 inso-

1855 1041 2195 1097 lentissimze
2232 1044 2529 1113 jactantia:
2560 1046 2712 1101 Naas
2742 1047 2897 1119 regis
2944 1048 3201 1105 ﬁliorum
3232 1054 3505 1121 Ammon,

1858 1131 1959 1203 qui
1988 1133 2408 1204 interpretatur
2426 1151 2665 1205 serpens,
2691 1136 2881 1193 dicere
2904 1138 3266 1207 nobis,velut
3286 1142 3511 1197 habita-

1856 1222 2084 1277 toribns
2109 1222 2140 1277 J
2146 1223 2284 1278 abes
2306 1223 2544 1291 Galaad,
2570 1230 2937 1298 oppugnator
2954 1229 3216 1285 veritatis
3237 1231 3349 1286 iste
3370 1250 3508 1304 pra:-

1857 1313 2081 1365 sumat:
2098 1312 2159 1365 In
2175 1312 2272 1366 hoc
2284 1314 2486 1382 feriam
2501 1314 2775 1369 vobtscum
2786 1316 2963 1387 foedus
2978 1325 3038 1373 ut
3053 1335 3244 1375 eruam
3260 1322 3510 1377 omnium

1853 1408 2093 1454 vestrum
2142 1402 2324 1457 oculos
2376 1403 2613 1467 dextros,
2648 1420 2954 1477 panemque
3010 1424 3100 1463 vos
3157 1411 3508 1481 opprobrium

1854 1490 2024 1545 Israel
2072 1489 2118 1561 (ι
2156 1491 2281 1558 Reg.
2314 1508 2391 1557 x1,
2425 1492 2499 1563 2).
2534 1491 2679 1548 Vere
2737 1494 2892 1548 enim
2952 1496 3220 1552 dextrum
3271 1499 3506 1556 oculum

1857 1583 2103 1633 conatur
2130 1595 2353 1645 eruere,
2387 1581 2486 1652 qui
2537 1580 2738 1637 lumen
2780 1587 2943 1638 rectae
2978 1585 3110 1641 ﬁdei
3157 1586 3383 1644 laborat
3412 1606 3506 1645 ex-

1857 1667 2175 1740 stinguere.
2210 1667 2421 1725 Utilius
2458 1667 2542 1724 illi
2583 1687 2618 1725 a
2656 1671 2825 1727 nobis
2864 1675 3188 1745 optandum
3220 1681 3328 1743 est,
3355 1678 3509 1750 quod

1857 1758 2186 1831 parabolice
2210 1776 2313 1830 per
2334 1758 2704 1815 Salomonem
2728 1760 2943 1818 dicitur
2965 1779 2978 1817 :
3001 1763 3230 1820 Oculum
3258 1768 3355 1838 qui
3381 1769 3511 1822 sub-

1854 1854 2054 1901 sannat
2079 1855 2309 1919 patrem,
2332 1856 2383 1903 et
2401 1848 2629 1919 despicit
2644 1857 2865 1921 partum
2883 1855 3077 1908 matris
3095 1869 3233 1922 suae,
3252 1855 3514 1928 eﬂ‘odiant

67 1925 324 1980 randum
359 1924 730 1995 animarum,
758 1923 889 1996 ipsa
911 1924 1269 1981 consecratio
1297 1930 1587 1980 monstrat
1608 1940 1747 1995 pon-

1861 1954 1981 1992 eum
2009 1938 2159 1992 corvi
2176 1937 2241 1991 de
2270 1938 2618 2005 torrentibus,
2647 1947 2698 1994 et
2720 1941 3001 1998 comedunt
3023 1959 3148 1998 eum
3167 1923 3515 2019 ﬁlii-aquilae

67 2015 266 2083 tilicis,
305 2015 392 2071 ita
426 2030 492 2070 se
524 2014 752 2070 habens
785 2031 837 2068 ;‹‹
870 2014 1023 2070 Deus
1055 2013 1154 2085 qui
1187 2014 1421 2086 Moysen
1456 2012 1744 2068 famulum

68 2111 235 2161 tuum
270 2102 495 2160 secreti
524 2102 838 2159 familiaris
860 2105 1057 2168 aifatu,
1081 2103 1234 2158 inter
1259 2108 1466 2158 caetera
1497 2101 1747 2157 cmlestis

68 2196 438 2250 documenta
485 2191 756 2260 culturae,
783 2193 855 2248 de
905 2191 1105 2247 habitu
1139 2208 1373 2265 quoque
1416 2191 1747 2247 indumenti

70 2281 465 2340 sacerdotalis
485 2281 833 2349 instituens,
849 2281 1099 2337 electum
1118 2283 1307 2336 Aaron
1337 2280 1578 2353 mystico
1602 2279 1749 2335 ami-

69 2378 160 2429 ctu
185 2371 399 2429 vestiri
433 2370 592 2425 inter
623 2386 795 2426 sacra
817 2370 1071 2442 jussisti,
1101 2374 1165 2426 ut
1194 2368 1595 2441 intelligentiae
1622 2385 1750 2422 sen-

73 2478 201 2516 sum
227 2461 309 2516 de
329 2457 627 2531 exemplis
651 2458 913 2530 priorum
944 2462 1172 2531 caperet
1195 2462 1471 2514 secutura
1500 2456 1749 2529 posteri-

73 2555 175 2617 tas,
199 2566 276 2605 ne
312 2547 577 2605 eruditio
602 2547 883 2603 doctrinae
904 2554 1016 2602 tuaa
1041 2546 1142 2602 ulli
1171 2547 1399 2602 deesset
1419 2545 1595 2613 aetati,
1615 2563 1749 2600 cum

72 2645 125 2695 et
152 2639 321 2712 apud
375 2643 608 2692 veteres
639 2638 1022 2692 reverentiam
1074 2636 1200 2708 ipsa
1250 2634 1749 2709 signiﬁcationum

72 2728 298 2800 species
322 2726 655 2793 obtineret;
690 2729 747 2781 et
777 2726 930 2797 apud
964 2741 1071 2781 nos
1093 2725 1340 2780 certiora
1362 2728 1556 2781 essent
1586 2741 1753 2797 expc-

73 2818 330 2873 rimenta.
360 2831 588 2881 rerum,
624 2831 806 2887 quam
855 2814 1167 2886 aenigmata
1209 2814 1553 2886 figurarum.
1590 2813 1754 2869 Illius

75 2923 334 2979 namque
357 2903 681 2961 sacerdotii
708 2903 1017 2959 anterioris
1047 2902 1283 2958 habitus
1307 2906 1517 2958 nostrae
1541 2902 1754 2959 mentis

75 3000 321 3049 ornatus
356 2998 473 3057 est,
500 2996 559 3046 et
588 2989 985 3063 pontificalem
1011 2989 1257 3062 gloriam
1284 3007 1399 3045 non
1424 2992 1551 3061 jam
1585 2990 1771 3046 nobis.

76 3083 262 3139 honor
285 3081 678 3138 commendat
695 3079 1071 3145 vestium,sed
1096 3078 1376 3150 splendor
1396 3080 1749 3135 animarum.

78 3172 219 3236 Quia
234 3176 294 3228 et
315 3171 431 3226 illa
447 3186 579 3242 quae
608 3175 746 3224 tunc
764 3166 1099 3223 carnalibus
1121 3166 1578 3225 blandiebantur
1593 3169 1756 3223 obtu-

80 3262 255 3329 tibus,
281 3278 358 3318 ea
378 3258 587 3332 potius
611 3276 739 3331 qua:
762 3259 821 3312 in
846 3257 991 3329 ipsis
1013 3261 1181 3313 erant
1205 3256 1603 3330 intelligenda,
1627 3274 1755 3329 pos-

1857 2031 2042 2093 (Prov.
2066 2044 2195 2093 xxx,
2222 2027 2330 2094 l7).
2350 2026 2497 2081 Vere
2527 2028 2745 2083 etenim
2776 2031 3106 2086 subsannat
3136 2032 3385 2101 Patrem,
3411 2036 3512 2108 qui

1859 2115 1988 2171 Filii
2018 2114 2223 2170 dividit
2252 2114 2560 2181 unitatem,
2584 2120 2838 2173 testante
2878 2118 3006 2192 ipso
3041 2136 3053 2174 :
3087 2124 3185 2192 qui
3211 2139 3322 2178 non
3344 2125 3510 2181 hono-

1857 2206 2041 2276 riﬁcat
2088 2206 2322 2271 Filium,
2376 2221 2489 2259 non
2544 2207 2865 2277 honoriﬁcat
2920 2214 3163 2278 Patrem,
3211 2214 3310 2283 qui
3364 2216 3517 2284 misit

1858 2298 2021 2352 illum
2052 2296 2227 2368 (Joan.
2260 2310 2316 2353 ν.
2347 2294 2458 2365 23),
2484 2298 2541 2349 et
2564 2311 2804 2366 prorsus
2836 2296 3081 2368 despicit
3113 2303 3345 2369 partum
3386 2318 3510 2358 ma-

1858 2386 1967 2441 tris
1998 2402 2117 2440 suaa
2144 2382 2551 2456 Ecclesiaa,qui
2575 2384 2918 2456 mysterium
2949 2387 3512 2463 redemptionis,quo

1859 2493 1928 2531 ex
1957 2476 2086 2545 ejus
2134 2477 2297 2528 utero
2339 2474 2408 2527 ad
2441 2472 2618 2527 vitam
2668 2473 2950 2546 gignitur,
2985 2475 3238 2547 puritate
3288 2478 3515 2536 sincera

1858 2564 2121 2620 venerari
2149 2562 2491 2618 contemnit.
2518 2562 2760 2633 Expedit
2781 2563 2950 2619 nobis
2970 2563 3029 2618 in
3054 2564 3230 2621 talem
3253 2568 3510 2639 oculum,

1861 2654 1960 2726 qui
1993 2655 2268 2708 ducatum
2302 2651 2590 2724 promittit
2620 2651 2882 2718 luminis,
2906 2659 2964 2709 et
2995 2671 3024 2709 e
3048 2657 3338 2712 contrario
3358 2662 3515 2715 tene-

1860 2743 1982 2800 bris
2025 2742 2237 2813 caligat
2282 2740 2514 2808 erroris,
2568 2746 2920 2812 praeceptum
2973 2744 3373 2816 evangelicum
3408 2765 3420 2802 :
3454 2749 3516 2804 Si

1860 2836 2049 2889 oculus
2080 2841 2200 2887 tuas
2233 2831 2420 2885 dexter
2465 2831 2808 2887 scandalizat
2833 2839 2901 2898 te,
2935 2849 3063 2887 erue
3110 2851 3255 2902 eum,
3285 2844 3337 2891 et
3380 2854 3513 2909 pro-

1853 2924 1965 2994 jicc
1994 2924 2089 2977 abs
2120 2929 2167 2977 te
2199 2922 2413 2989 (Matth.
2445 2938 2501 2986 v,
2523 2919 2635 2985 29).
2661 2920 2834 2991 Cupit
2865 2938 3117 2994 nequam
3166 2923 3278 2980 iste
3307 2927 3513 2983 oculus

1862 3011 2259 3067 haereditatem
2292 3012 2525 3082 patrum
2561 3010 2788 3065 auferre
2816 3026 2829 3064 :
2864 3009 3072 3066 nititur
3097 3013 3325 3069 vineam
3357 3015 3514 3088 ipso-

1862 3119 1995 3157 rum
2029 3101 2087 3155 in
2112 3100 2345 3155 hortum
2370 3098 2593 3153 olerum
2628 3102 3010 3166 commutare,
3036 3100 3093 3156 id
3125 3108 3232 3168 est,
3258 3104 3429 3161 fortia
3460 3109 3517 3161 et

1866 3192 2165 3246 fructuosa
2184 3206 2248 3245 ac
2271 3186 2676 3243 meracissima
2695 3204 2898 3243 eorum
2922 3189 3078 3245 dicta
3091 3191 3306 3247 vilibus
3327 3198 3383 3249 et
3403 3194 3514 3250 cito

1865 3279 2265 3336 arescentibus
2290 3295 2355 3332 ac
2386 3276 2791 3332 decidentibus
2824 3277 3038 3333 fabulis
3075 3296 3376 3349 enervare;
3412 3284 3514 3338 sed

81 3352 308 3407 rebam-
336 3329 415 3405 Εὶ
437 3329 660 3439 ίάςηίιῖοῖ)
690 3345 827 3439 huic
851 3345 1072 3439 rem]?
1099 3352 1220 3439 tuo;
1240 3329 1414 3419 quem
1438 3347 1508 3401 ad
1534 3346 1753 3401 summi
1783 3329 1827 3396 C
1865 3329 2274 3439 magna.
2294 3329 2546 3437 lapidati
2567 3329 3046 3435 impensis
3077 3329 3210 3423 ea;
3229 3329 3511 3426 satia:

83 3438 397 3496 sacerdotii
451 3436 853 3493 ministerium
899 3434 1144 3509 elegisti,
1189 3434 1339 3491 hanc
1388 3452 1748 3508 quaesumus,

83 3528 350 3595 Domine,
371 3527 634 3600 gratiam
684 3525 953 3597 largiaris
1004 3530 1086 3593 ut,
1112 3524 1399 3597 quidquid
1448 3523 1547 3580 illa
1595 3524 1752 3579 vela-

81 3618 234 3674 mina
264 3618 329 3673 in
364 3615 601 3690 fulgore
631 3615 782 3682 auri,
805 3614 865 3669 in
898 3614 1082 3670 nitore
1113 3630 1504 3687 gemmarum,
1529 3614 1587 3668 in
1608 3614 1753 3669 mul-

80 3707 282 3763 timodi
316 3705 525 3779 operis
555 3705 837 3760 varietate
868 3703 1203 3776 signabant,
1238 3702 1347 3758 hoc
1378 3703 1437 3758 in
1470 3704 1597 3775 ejus
1628 3720 1750 3759 mo-

82 3797 238 3854 ribus
268 3795 639 3867 actibusque
670 3792 971 3849 clarescat.
1000 3815 1028 3841 ››

79 3926 260 3980 Falsas
288 3922 532 3986 codices,
555 3927 608 3975 et
637 3937 673 3974 a
701 3917 838 3989 ﬁdei
859 3919 1172 3973 sinceritate
1190 3916 1482 3982 discordes,
1508 3918 1569 3972 in
1597 3918 1753 3973 nullo

144 4013 245 4051 usu
273 3994 539 4051 lectionis
569 3990 840 4047 habendos
870 4009 889 4045 :
918 3990 1056 4061 quin
1080 3990 1261 4061 potius
1292 3990 1413 4058 igni
1441 3989 1747 4054 tradendos,

144 4084 211 4123 eo
237 4066 489 4141 epistola
532 4063 717 4119 sancti
753 4060 942 4117 Leonis
965 4075 1130 4133 papae
1159 4060 1229 4115 ad
1262 4062 1546 4116 Turibiu-m
1591 4062 1751 4116 Astu-

144 4154 443 4195 ηεεηδεγη.

146 4247 234 4301 2t.
268 4243 622 4302 Curandum
654 4257 792 4315 ergo
834 4245 945 4308 est,
970 4244 1027 4297 et
1056 4238 1402 4295 sacerdotali
1435 4238 1750 4312 diligentiae

82 4336 333 4392 maxime
368 4331 823 4406 providendum,
848 4333 913 4385 ut
941 4328 1073 4385 falsi
1099 4327 1348 4399 codices,
1373 4333 1430 4383 et
1460 4345 1495 4384 a
1525 4329 1753 4385 sincera

83 4425 319 4481 veritate
346 4422 677 4492 discordes,
695 4419 756 4475 in
780 4418 940 4475 nullo
972 4435 1084 4474 usu
1114 4416 1381 4474 lectionis
1399 4417 1746 4473 habeantur.

84 4513 441 4587 Apocryphaa
458 4514 660 4567 autem
675 4509 979 4581 scripturae
995 4524 1122 4580 quae
1136 4507 1247 4562 sub
1269 4505 1605 4562 nominibus
1621 4524 1752 4580 apo-

87 4604 373 4660 stolorum
404 4599 730 4657 multarum
753 4598 973 4654 habent
992 4596 1377 4654 seminarium
1399 4594 1745 4666 l'alsitatum,

87 4709 191 4748 non
211 4693 417 4749 solum
439 4689 855 4746 interdicendae
880 4691 1037 4755 sunt,
1065 4686 1166 4743 sed
1189 4686 1365 4741 etiam
1399 4686 1634 4759 penitus
1653 4704 1752 4742 au-
1783 4704 1827 4769 ι)

90 4782 331 4839 ferendae
355 4784 537 4852 atque
569 4779 806 4853 ignibus
839 4776 1747 4849 concremandm,quia,quamvis

89 4870 194 4927 sint
222 4874 283 4928 in
320 4868 447 4926 illis
468 4869 737 4941 quaedam
759 4884 886 4939 quae
908 4866 1217 4923 videantur
1246 4863 1501 4938 speciem
1533 4866 1745 4924 habere

90 4960 335 5031 pietatis,
358 4974 670 5030 nunquam
700 4961 897 5012 tamen
924 4972 1108 5013 vacua
1135 4961 1277 5011 sunt
1305 4955 1563 5011 venenis.

151 5053 235 5105 22.
268 5051 431 5117 Haec,
465 5046 690 5104 domini
726 5044 1108 5113 venerabiles,
1152 5050 1273 5099 tam
1315 5044 1385 5099 de
1426 5044 1744 5116 Scripturis

93 5139 282 5205 sacris,
321 5152 507 5210 quam
552 5137 623 5192 de
673 5135 1111 5207 Scripturarum
1161 5138 1500 5189 sanctarum
1549 5134 1741 5202 dictis,

94 5226 286 5284 sedula
316 5226 646 5283 intentione
679 5222 905 5298 collegi,
940 5239 1005 5280 ac
1038 5221 1367 5278 reverentiae
1406 5225 1607 5277 vestrae
1639 5240 1742 5278 au-

95 5314 295 5372 dienda
326 5332 435 5372 seu
455 5319 513 5371 et
535 5314 785 5388 legenda
814 5312 1117 5385 proposui,
1138 5314 1448 5383 quatenus,
1474 5328 1543 5367 ea
1565 5315 1623 5367 et
1641 5311 1745 5367 hu-

84 5402 341 5472 jusmodi
364 5403 742 5468 meditantes,
765 5406 967 5457 contra
1000 5400 1235 5456 novella:
1266 5400 1742 5473 praesumptionis

94 5493 600 5565 auctorem,qui,in
621 5490 1072 5548 similitudinem
1093 5489 1300 5545 harioli
1322 5494 1375 5545 et
1395 5490 1742 5560 conjectoris

94 5582 335 5639 aestimat
356 5599 486 5655 quae
514 5583 766 5655 ignorat,
790 5581 923 5637 fidei
947 5584 1004 5636 et
1024 5579 1283 5636 veritatis
1316 5580 1587 5636 ﬁrmitate
1611 5598 1740 5635 mu-

97 5669 208 5727 nita
224 5673 498 5729 dicamus
520 5690 655 5729 cum
680 5670 936 5728 Ecclesia
960 5688 972 5726 :
997 5674 1379 5727 Narraverunt
1396 5672 1538 5726 mihi
1558 5672 1743 5742 iniqui

98 5760 470 5830 fabulationcs,
492 5762 585 5819 sed
614 5778 725 5819 non
756 5769 817 5818 ut
848 5762 939 5818 lex
967 5768 1082 5829 tua,
1109 5761 1331 5817 Domine
1353 5760 1521 5830 (Psal.
1545 5776 1735 5829 CXVIII,

1865 3458 2140 3530 l’r0pitius
2167 3455 2308 3510 mihi
2336 3456 2409 3509 sit
2448 3455 2731 3520 Dominus,
2768 3470 2836 3508 ne
2864 3454 2985 3509 dem
3014 3455 3386 3514 [nereditatem
3409 3476 3512 3530 pa-

1864 3557 2013 3604 trum
2040 3562 2285 3602 meorum
2315 3544 2413 3612 (III
2443 3544 2566 3611 Reg.
2602 3560 2718 3608 xxx,
2750 3544 2826 3613 3).
2861 3543 2920 3598 Si
2952 3545 3023 3599 ob
3065 3544 3243 3617 hujus
3275 3564 3513 3620 respon-

1864 3636 2048 3694 sionis
2106 3636 2416 3690 honestam
2474 3631 2803 3687 libertatein
2836 3631 2924 3687 vel
2968 3632 3293 3690 infamandi
3352 3635 3518 3693 falsis

1862 3726 2133 3790 testibus,
2156 3723 2243 3780 vel
2274 3722 2451 3778 etiam
2485 3720 2780 3794 lapidibus
2803 3721 3085 3779 obruendi
3108 3740 3393 3796 essemus,
3416 3726 3520 3782 ho-

1864 3818 2108 3872 beamus
2129 3814 2313 3869 Deum
2335 3810 2862 3867 clementissimum
2886 3812 3308 3869 consolatorem
3341 3819 3517 3888 atque

1863 3905 2113 3961 ultorem
2158 3903 2487 3957 dicentem:
2521 3900 2715 3955 Sinon
2759 3917 2860 3971 pro
2906 3904 3177 3973 sanguine
3224 3904 3437 3961 Naboth
3466 3914 3517 3961 et

1859 3996 2105 4065 ﬁliorum
2133 3992 2249 4064 ejus
2295 4006 2455 4062 quem
2484 3988 2602 4043 vidi
2628 3989 2767 4056 heri,
2800 3989 2935 4044 dicit
2969 3992 3253 4057 Dominus,
3295 3992 3517 4049 reddam

1861 4084 1964 4140 tibi
1994 4085 2053 4138 in
2083 4098 2217 4152 agro
2248 4082 2369 4145 isto,
2399 4078 2532 4133 dicit
2557 4079 2842 4134 Dominus.

2600 4202 2773 4242 FINIT.

1858 4501 2138 4587 Epistola
2193 4505 2376 4587 litem
2430 4498 2840 4587 Lugdunensis
2897 4497 3155 4587 diaconi
3189 4500 3273 4563 ad
3324 4502 3511 4587 Theo-

1938 4584 2104 4645 donis
2158 4581 2313 4643 villae
2370 4578 2686 4641 concilium
2748 4578 3028 4642 adversus
3087 4581 3263 4643 libros
3319 4584 3508 4646 Ama-

1941 4665 2104 4727 larii.

1930 4781 2140 4836 Sancto
2199 4783 2256 4834 et
2301 4775 2616 4833 venerabili
2648 4776 2914 4846 concilio,
2969 4779 3125 4850 apud
3176 4778 3509 4838 Theodonis

1856 4870 2052 4926 villam
2083 4867 2302 4925 habito.

1925 4959 2154 5026 Audite,
2179 4958 2372 5012 Patres
2393 4955 2720 5011 beatissimi
2742 4959 2800 5011 et
2820 4957 3315 5024 reverendissimi,
3337 4975 3371 5014 a
3391 4963 3507 5015 Deo

1856 5045 2152 5105 convocati
2185 5050 2243 5101 et
2269 5044 2330 5099 in
2362 5046 2478 5100 Deo
2512 5044 2682 5111 uniti,
2706 5048 2944 5117 propter
2974 5046 3158 5101 Deum
3192 5046 3507 5102 auxiliante

1856 5138 1983 5211 ipso
2002 5136 2332 5192 laborantes
2349 5138 2404 5189 et
2426 5133 2764 5203 laboraturi,
2782 5139 2957 5206 atque
2972 5135 3032 5189 in
3050 5133 3147 5190 illo
3171 5139 3378 5191 etcum
3405 5133 3504 5190 illo

1855 5231 1988 5299 post
2006 5227 2243 5281 beatum
2265 5223 2523 5278 laborem
2546 5222 2884 5295 requieturi,
2904 5223 3100 5279 audite
3120 5223 3200 5277 ita
3221 5228 3285 5278 ut
3301 5223 3506 5280 audiat

1851 5334 1953 5372 vos
1976 5315 2150 5380 Deus,
2168 5330 2233 5369 ac
2256 5316 2608 5368 mementote
2627 5310 2908 5383 Apostoli,
2934 5318 3186 5367 rectores
3210 5311 3500 5382 Ecclesiae,

1852 5403 2214 5462 exhortantis
2245 5408 2302 5458 et
2332 5401 2578 5457 dicentis
2612 5417 2624 5456 :
2659 5400 2924 5455 Attendite
2952 5401 3101 5456 vobis
3149 5409 3200 5457 et
3246 5403 3502 5459 universo

1850 5497 2006 5564 gregi
2036 5496 2095 5549 in
2128 5511 2229 5567 quo
2260 5510 2349 5548 vos
2379 5493 2619 5564 Spiritus
2646 5498 2865 5545 sanctus
2906 5493 3089 5563 posuit
3113 5493 3385 5564 episcopos
3416 5510 3500 5549 re-

1849 5600 1974 5654 gere
1997 5584 2292 5638 Ecclesiam
2316 5583 2538 5638 Domini
2573 5597 2738 5651 quam
2774 5583 3066 5653 acquisivit
3101 5583 3375 5651 sanguine
3401 5599 3501 5638 suo

1849 5677 1984 5742 (Act.
2007 5691 2100 5737 xx,
2126 5673 2234 5745 28).
2260 5674 2461 5728 Sermo
2502 5670 2573 5725 de
2614 5671 2725 5726 ﬁde
2767 5670 2981 5745 agitur,
3005 5675 3061 5727 et
3090 5671 3378 5729 catholica
3404 5689 3498 5729 ve-

1850 5762 2036 5826 ritate,
2058 5779 2233 5832 quam
2265 5760 2539 5832 praelatus
2568 5759 2825 5817 ecclesiae
2861 5760 3269 5834 Lugdunensis
3299 5761 3503 5834 depra-
