4082 6446
97 400 172 458 97
1208 407 1474 470 SEBMO
1518 408 1618 468 DE
1665 409 2454 473 PRAEDES'I‘INATIONE.
3460 422 3538 484 98

96 532 260 588 bona
280 549 422 605 quae
447 534 587 592 boni
611 540 779 592 erant
805 538 1033 608 Facturi,
1057 543 1112 595 et
1136 539 1434 614 malaqum
1453 541 1588 598 mali
1613 547 1782 599 erant
1809 547 1865 612 Α
1895 561 2010 617 qua
2039 544 2098 600 in
2130 546 2334 602 eodem
2366 546 2595 620 psalmo
2629 549 2961 622 subjunxit:
2993 551 3290 610 Deleantur
3317 554 3380 612 de
3401 557 3541 613 libro

92 623 350 694 gesturi.
389 624 510 681 Sed
542 625 603 680 in
637 627 811 684 bonis
861 629 985 701 ipse
1029 629 1162 686 fecit
1191 647 1299 686 sua
1329 631 1517 704 gratia
1545 636 1606 687 ut
1639 633 1777 688 boni

91 716 328 783 essent;
355 713 420 770 in
449 714 630 772 malis
657 733 792 773 vero
824 735 938 774 non
971 719 1096 792 ipse
1129 720 1261 776 fecit
1291 725 1356 775 ut
1384 725 1580 776 essent
1613 721 1775 788 mali,

94 803 255 874 quod
273 803 470 872 absit;
487 805 592 860 sed
616 809 854 862 tantum
877 809 1163 880 praescivit
1182 802 1280 865 eos
1295 809 1525 882 proprio
1537 811 1676 866 vitio
1693 814 1775 866 ta-

91 889 180 946 les
195 891 464 950 futuros.
480 893 684 968 Neque
702 895 858 951 enim
884 897 1248 968 praescicntia
1269 898 1371 954 Dei
1391 899 1671 972 imposuit
1692 901 1777 957 eis

91 983 526 1040 necessitatem
555 987 619 1040 ut
640 985 800 1041 aliud
835 1003 962 1043 esse
992 1005 1106 1042 non
1140 992 1398 1061 possent,
1421 989 1520 1044 sed
1546 993 1774 1045 tantum

91 1071 252 1142 quod
289 1071 381 1127 illi
421 1073 610 1128 futuri
660 1079 828 1130 erant
869 1091 938 1130 ex
966 1077 1204 1150 propria
1231 1077 1550 1146 voluntate,
1584 1077 1681 1134 ille
1715 1082 1777 1134 ut

90 1160 253 1216 Deus
285 1161 570 1234 praevidit
595 1179 664 1218 ex
693 1181 803 1218 sua
833 1165 1219 1238 omnipotenti
1251 1168 1577 1238 majestate.
1613 1167 1776 1223 Unde

89 1249 413 1323 Scriptura
461 1250 1048 1310 incontaminabilem
1097 1255 1393 1327 justitiam
1444 1257 1572 1328 ejus
1608 1257 1776 1313 nobis

92 1338 447 1408 insinuans,
474 1341 559 1396 ait
587 1341 658 1398 de
690 1340 820 1398 illo:
847 1346 1072 1400 Nemini
1097 1344 1380 1400 mandavit
1407 1347 1575 1418 impie
1593 1363 1772 1416 agerc,

85 1437 136 1484 et
165 1431 400 1485 nemini
440 1429 593 1486 dedit
639 1433 882 1504 spatium
921 1433 1202 1505 peccandi.
1237 1434 1397 1497 Quod
1431 1451 1568 1507 ergo
1601 1435 1776 1507 impie

89 1525 280 1590 agunt
313 1518 491 1591 impii
525 1523 584 1575 et
611 1519 824 1592 iniqui,
844 1525 898 1576 et
913 1522 1170 1594 spatium
1205 1524 1486 1596 temporis
1516 1524 1642 1578 vitae
1667 1525 1774 1579 hu-

84 1608 208 1678 jus,
246 1607 414 1678 quod
453 1608 542 1664 eis
573 1607 729 1664 Deus
789 1609 950 1665 dedit
1001 1611 1070 1666 ad
1124 1612 1271 1667 bene
1316 1613 1628 1685 agendum,
1662 1612 1774 1685 ipsi

88 1711 118 1751 e
138 1697 455 1753 contrario
487 1701 839 1754 convertunt
869 1699 940 1755 ad
973 1699 1199 1755 malum
1233 1702 1640 1770 exercendum,
1660 1719 1772 1757 non

89 1785 212 1853 Dei,
239 1785 352 1842 sed
377 1785 650 1858 ipsorum
683 1791 774 1842 est
795 1787 986 1860 culpa,
1004 1793 1062 1844 et
1082 1789 1212 1844 ideo
1239 1793 1392 1845 recte
1419 1790 1777 1846 damnantur

87 1874 286 1946 ipsius
311 1875 580 1947 justitia.
609 1875 908 1932 Przescivit
955 1881 1152 1932 autem
1199 1878 1364 1938 idem
1402 1879 1772 1951 omnipotens

89 1964 247 2020 Deus
277 1965 472 2020 etiam
504 1969 785 2021 aeternam
819 1966 1052 2022 illorum
1077 1968 1538 2038 damnationem,
1574 1970 1672 2024 sed
1706 1987 1775 2024 ex

87 2053 308 2111 merito
339 2053 804 2128 ipsorum,quos
837 2054 894 2110 in
926 2057 1162 2129 propria
1195 2056 1420 2113 malitia
1451 2075 1775 2131 persevera-

87 2147 254 2198 turos
289 2142 590 2216 previdit,
621 2160 737 2200 non
769 2161 839 2200 ex
870 2161 997 2215 sua,
1031 2147 1187 2218 quod
1232 2146 1406 2215 absit,
1440 2147 1770 2219 iniquitate,

87 2233 182 2303 qui
219 2231 378 2288 nihil
411 2232 642 2303 injuste
684 2233 1012 2300 constituit,
1047 2240 1104 2290 et
1133 2239 1232 2306 qui
1259 2235 1444 2290 reddet
1471 2239 1774 2308 unicuique

87 2320 398 2376 secundum
430 2335 599 2394 opera
618 2337 719 2377 sua
752 2325 929 2390 (Rom.
954 2339 1016 2392 II,
1039 2323 1118 2394 6),
1143 2323 1199 2378 id
1226 2327 1336 2390 est,
1359 2328 1415 2379 et
1437 2325 1582 2380 bene
1606 2342 1775 2397 agen-

89 2410 246 2466 tibus
275 2410 760 2480 bonaaaterna,et
782 2410 935 2467 male
958 2412 1268 2484 agentibus
1293 2412 1445 2468 mala
1467 2417 1768 2485 perpetua.

89 2499 236 2571 Ergo
271 2499 474 2555 bonos
505 2499 798 2572 praescivit
829 2500 1088 2570 omnino,
1111 2505 1168 2556 et
1189 2518 1292 2572 per
1319 2502 1568 2574 gratiam
1602 2520 1770 2557 suam

91 2588 282 2644 bonos
307 2589 570 2654 futuros,
591 2591 649 2644 et
677 2605 784 2661 per
812 2589 1078 2646 eamdem
1111 2590 1360 2662 gratiam
1391 2595 1607 2646 aeterna
1627 2609 1772 2664 prae-

92 2677 203 2734 mia
236 2681 624 2750 accepturos,
661 2677 720 2732 id
753 2681 862 2741 est,
898 2682 954 2733 et
983 2677 1042 2733 in
1073 2679 1344 2752 praesenti
1383 2679 1594 2735 saeculo
1625 2681 1773 2734 bene

87 2767 378 2835 victuros,
401 2769 460 2822 et
480 2766 544 2821 in
568 2765 768 2822 futuro
793 2765 1031 2823 feliciter
1054 2768 1534 2834 remunerandos,
1552 2772 1774 2824 utrum-

92 2873 201 2929 que
231 2861 450 2913 tamen
501 2872 572 2911 ex
612 2856 765 2911 dono
815 2855 1222 2912 misericordiae
1266 2857 1388 2913 Dei.
1423 2857 1587 2914 Unde
1615 2859 1771 2930 Apo-

93 2945 339 3000 stolus:
383 2948 535 3000 Vasa
577 2944 974 3000 misericordiae
1019 2946 1146 3016 ejus
1194 2945 1469 3017 appellat,
1519 2947 1718 3002 dicens
1754 2964 1766 3001 :

91 3041 145 3089 ut
160 3033 480 3090 ostenderet
497 3031 725 3088 divitias
751 3035 954 3103 gratiae
981 3049 1100 3090 suae
1123 3035 1180 3089 in
1201 3050 1333 3088 vasa
1351 3035 1766 3103 misericordize,

91 3139 212 3194 quae
239 3123 604 3196 praeparavit
633 3123 695 3177 in
727 3122 966 3191 gloriam
997 3125 1173 3193 (Rom.
1209 3139 1283 3190 Ix,
1317 3123 1426 3195 23).
1462 3125 1501 3179 E
1534 3127 1769 3179 contra-

95 3212 174 3267 rio
186 3219 426 3280 autem,
444 3211 636 3267 malos
659 3214 716 3267 et
730 3211 1021 3284 praascivit
1042 3229 1146 3284 per
1159 3213 1456 3285 propriam
1481 3213 1768 3268 malitiam

1887 635 2203 702 virentium,
2236 643 2288 690 et
2331 651 2456 691 cum
2497 639 2667 710 justis
2713 656 2824 697 non
2869 643 3184 698 scribantur
3213 643 3392 714 (Ibid,
3424 647 3537 715 29).

1887 723 1994 778 Sed
2027 723 2086 778 in
2124 722 2252 779 istis
2283 729 2338 780 et
2371 724 2428 780 in
2459 727 2740 784 enmibus
2794 727 3015 802 iniquis
3062 729 3208 788 illud
3259 733 3421 806 prius
3471 745 3540 792 ex

1886 811 2121 884 propria
2151 816 2238 868 est
2259 813 2735 885 pravitate,istud
2767 835 3022 891 sequens
3053 837 3120 877 ex
3142 821 3338 878 divina
3360 823 3538 895 tequi-

1884 903 2022 956 tate.
2058 902 2174 957 Hoc
2207 903 2380 958 modo
2411 908 2470 960 et
2499 905 2569 960 de
2599 907 3109 978 praedestinatione
3167 909 3267 966 Dei
3300 913 3539 968 omnino

1887 990 2258 1046 sentiendum
2311 996 2418 1059 est,
2455 993 2596 1068 quia
2644 995 2702 1050 in
2765 995 2936 1052 bonis
2997 1000 3452 1071 praedestinavit,
3486 1005 3542 1057 et

1883 1077 2075 1153 ipsam
2123 1097 2327 1136 eorum
2379 1081 2700 1140 bonitatem
2751 1085 3012 1142 futuram
3057 1103 3126 1144 ex
3157 1089 3308 1146 dono
3342 1091 3541 1163 gratias

1887 1186 2024 1236 suae,
2051 1173 2110 1223 et
2127 1186 2230 1240 pro
2252 1171 2454 1226 eadem
2479 1172 2734 1229 bonitate
2757 1178 3030 1231 zete‘rnam
3063 1176 3327 1249 ipsorum
3357 1196 3544 1234 remu-

1885 1258 2270 1326 nerationem,
2289 1262 2352 1314 ut
2373 1259 2564 1331 ipsius
2589 1262 2740 1317 dono
2771 1263 2978 1319 ﬁerent
3007 1264 3164 1333 boni,
3183 1264 3368 1338 ipsius
3389 1267 3541 1323 dono

1883 1351 2078 1402 essent
2110 1347 2488 1404 remunerati.
2522 1350 2684 1406 Unde
2717 1351 2797 1406 ait
2829 1352 3166 1425 Apostolus:
3200 1355 3308 1422 Qui
3331 1355 3540 1426 pra‘de-

1882 1438 2110 1492 stinarit
2135 1453 2234 1492 nos
2265 1439 2320 1492 in
2353 1438 2696 1510 adoptionem
2727 1441 2973 1512 filiorum
3020 1459 3119 1514 per
3163 1443 3347 1500 Iesum
3377 1444 3540 1500 Chri-

1882 1531 2026 1580 stum
2055 1527 2116 1580 in
2146 1529 2326 1598 ipsum
2359 1529 2573 1600 (Ephes.
2607 1547 2643 1597 ι,
2676 1529 2751 1602 5).
2793 1531 2864 1586 Et
2910 1531 2970 1586 in
3016 1530 3128 1588 alio
3175 1532 3301 1588 loco
3330 1549 3343 1587 :
3393 1537 3540 1604 Quos

1879 1617 2162 1686 pra'scivit
2188 1624 2240 1671 et
2275 1617 2692 1690 prmdestinarit
2747 1621 3048 1692 conformes
3105 1615 3230 1692 ﬁeri
3274 1623 3542 1690 imaginis

1880 1704 2021 1759 Filii
2050 1705 2144 1759 sui
2171 1709 2344 1776 (Rom.
2379 1723 2498 1774 mi,
2528 1706 2640 1778 '29).
2679 1706 3116 1764 Praedestinavit
3167 1709 3366 1782 itaque
3422 1709 3538 1766 ele-

1883 1797 2006 1848 ctos
2039 1810 2200 1858 suos,
2234 1799 2301 1848 ut
2333 1798 2389 1850 et
2420 1812 2577 1850 nunc
2600 1802 3045 1852 assumerentur
3074 1797 3133 1853 in
3163 1798 3540 1872 adOptionem

1883 1881 2138 1938 filiorum
2173 1881 2273 1938 Dei
2304 1899 2408 1955 per
2436 1884 2682 1957 gratiam
2717 1884 3018 1958 baptismi,
3045 1891 3101 1942 ct
3120 1888 3180 1942 in
3203 1888 3400 1943 futuro
3423 1887 3542 1944 efﬁ-

1887 1971 2120 2026 c’antur
2149 1973 2478 2028 cont‘ormes
2517 1974 2794 2048 imaginis
2828 1975 2955 2030 Filii
2989 1976 3108 2043 Dei,
3141 1991 3244 2049 per
3273 1976 3540 2032 eamdem

1883 2060 1981 2116 Dei
2013 2063 2265 2134 gratiam
2314 2063 2640 2118 secundum
2681 2063 3000 2136 imaginem
3032 2067 3160 2137 ejus
3193 2065 3454 2122 renovati
3485 2070 3543 2121 et

1882 2148 2212 2218 gloriﬁcati.
2247 2151 2682 2206 Praedestinavit
2731 2152 2970 2208 omnino
3019 2158 3086 2208 ut
3122 2155 3180 2208 et
3218 2153 3314 2208 hic
3345 2155 3543 2210 essent

1881 2237 2041 2304 boni,
2068 2255 2182 2293 non
2200 2257 2268 2292 ex
2286 2256 2366 2305 se,
2385 2239 2484 2293 sed
2508 2255 2575 2294 ex
2608 2237 2736 2305 illo;
2771 2245 2827 2294 et
2848 2240 2967 2296 illic
2998 2241 3150 2296 beati
3182 2259 3297 2296 non
3321 2258 3424 2314 per
3451 2257 3534 2308 se,

1883 2327 1983 2380 sed
2019 2343 2120 2398 per
2148 2326 2336 2382 illum.
2358 2329 2418 2382 in
2452 2333 2700 2400 utroque
2732 2345 2868 2401 ergo
2897 2329 3049 2385 bona
3071 2347 3178 2385 sua
3206 2329 3265 2385 in
3291 2329 3375 2386 eis
3391 2335 3448 2386 et
3467 2331 3538 2386 de

1883 2415 1965 2470 eis
1983 2416 2179 2472 futura
2201 2415 2488 2488 prmscivit
2505 2420 2560 2472 et
2577 2417 3027 2488 praedestinavit.
3053 2417 3114 2474 In
3141 2417 3314 2474 malis
3333 2435 3466 2474 vero
3483 2423 3540 2474 et

1883 2504 2082 2576 impiis
2106 2522 2219 2560 non
2245 2505 3061 2578 praedestinavitomnipotens
3075 2507 3230 2563 Deus
3253 2506 3536 2563 malitiam

1883 2600 1939 2647 et
1958 2593 2343 2665 impietatem,
2367 2594 2425 2648 id
2443 2598 2533 2649 est
2551 2599 2614 2648 ut
2635 2594 2772 2650 mali
2794 2601 2852 2650 et
2873 2595 3039 2668 impii
3063 2601 3278 2666 essent,
3302 2601 3360 2652 et
3377 2595 3538 2652 aliud

1881 2699 2009 2737 esse
2055 2700 2170 2737 non
2220 2687 2478 2754 possent.
2535 2684 2645 2738 Sed
2699 2701 2847 2756 quos
2887 2683 3176 2757 praescivit
3219 2685 3352 2752 [cod.
3386 2687 3534 2754 Her.,

1883 2772 1982 2826 sed
2005 2772 2143 2844 quia
2173 2789 2270 2827 eos
2293 2772 2597 2844 praescivit]
2623 2777 2679 2828 et
2701 2774 3134 2846 prtedestinavit
3157 2775 3341 2832 malos
3363 2780 3537 2848 atque

1881 2861 2094 2932 impios
2128 2862 2356 2916 futuros
2387 2861 2620 2933 preprio
2649 2861 2808 2930 vitio,
2833 2863 2957 2934 ipse
2977 2879 3076 2918 eos
3105 2863 3539 2934 predestinavit

1882 2949 1950 3003 ad
1987 2955 2261 3004 :rternam
2295 2949 2735 3006 damnationem
2759 2952 2922 3022 justo
2945 2952 3208 3023 judicio:
3245 2969 3361 3008 non
3395 2953 3538 3025 quia

1881 3037 2040 3092 aliud
2073 3054 2200 3093 esse
2230 3055 2346 3092 non
2378 3039 2830 3110 potuerunt,sed
2849 3040 2990 3112 quia
3010 3039 3166 3095 aliud
3191 3057 3319 3098 esse
3340 3043 3536 3100 nolue-

1881 3130 2036 3180 runt.
2057 3126 2172 3198 Ipsi
2198 3125 2378 3199 igitur
2408 3126 2794 3200 sibimetipsis
2827 3127 3178 3186 exstiterunt
3209 3146 3388 3186 causa
3410 3148 3536 3204 per-

1881 3214 2140 3270 ditionis.
2156 3215 2309 3270 Deus
2329 3221 2523 3271 autem
2537 3217 2934 3288 judexjustus
2950 3224 3006 3273 et
3025 3219 3534 3290 ordinatorjustus

91 3303 276 3357 malos
296 3303 628 3367 futuros,et
641 3299 930 3372 praescivit
943 3318 1046 3374 per
1061 3319 1228 3357 suam
1239 3303 1534 3373 justitiam
1553 3309 1768 3358 aeterna
1797 3293 1838 3359 C
1877 3303 2066 3376 ipsius
2087 3303 2512 3359 damnationis:
2531 3322 2642 3359 non
2663 3306 2816 3360 enim
2842 3307 3270 3378 praedestinavit
3288 3308 3530 3380 injuste,

91 3389 314 3447 ultione
349 3389 753 3445 damnandos.
791 3389 951 3444 Sicut
981 3391 1324 3462 praesciebat
1354 3391 1424 3446 de
1455 3391 1606 3446 Juda
1636 3408 1768 3464 pro-

91 3477 296 3548 ditore,
333 3477 487 3552 quod
517 3493 645 3533 eum
678 3485 816 3534 esset
845 3477 1170 3546 traditurus,
1207 3479 1361 3534 sicut
1390 3479 1768 3553 Evangelium

92 3567 250 3637 dicit,
303 3583 443 3624 cum
489 3574 630 3624 esset
686 3583 832 3622 unus
887 3584 957 3624 es:
1001 3567 1283 3624 duodecim
1341 3569 1512 3642 (Joan.
1544 3587 1622 3641 vn,
1651 3570 1764 3642 72).

92 3655 450 3714 Praesciebat
479 3657 657 3712 etiam
691 3661 968 3712 aeternam
1001 3657 1129 3728 ejus
1160 3658 1598 3714 damnationem
1631 3675 1766 3714 cum

90 3745 308 3803 diceret
343 3762 358 3802 :
404 3746 498 3802 Vae
521 3752 707 3801 autem
733 3747 948 3802 homini
977 3747 1067 3802 illi
1092 3763 1192 3818 per
1237 3763 1399 3818 quem
1426 3749 1602 3803 Filius
1649 3756 1766 3804 tra-

91 3835 261 3892 detur.
298 3841 530 3894 Bonum
577 3842 698 3892 erat
733 3836 789 3890 ei
830 3837 883 3891 si
926 3844 1093 3891 natus
1129 3851 1237 3890 non
1269 3837 1458 3907 fuisset
1487 3837 1639 3893 homo
1670 3839 1768 3894 ille

92 3923 268 3993 (Marc.
293 3941 422 3991 xw,
444 3923 563 3995 21).
598 3923 694 3980 Sic
723 3926 781 3978 et
811 3924 883 3979 de
909 3923 1110 3997 impiis
1154 3924 1375 3980 Judaeis
1424 3925 1766 3997 praesciebat

94 4014 210 4070 sine
231 4013 430 4070 dubio
461 4029 668 4068 eorum
701 4012 1065 4085 impietatem
1088 4014 1368 4078 futuram,
1389 4015 1460 4069 de
1483 4031 1600 4086 qua
1619 4032 1763 4087 prte-

93 4102 232 4158 dixit
261 4103 328 4158 in
363 4101 603 4174 psalmo
637 4119 650 4156 :
685 4102 962 4158 Dedcrunt
992 4105 1052 4158 in
1081 4119 1258 4158 escam
1287 4119 1467 4158 meam
1493 4103 1594 4174 fel,
1628 4113 1680 4160 et
1705 4106 1764 4159 in

93 4193 184 4248 siti
210 4209 338 4249 nica
367 4198 703 4264 potaverunt
746 4207 833 4248 ore
877 4199 1024 4248 aceto
1068 4191 1179 4265 (Ps.
1217 4206 1404 4262 Lxmt,
1455 4195 1566 4261 22).
1612 4193 1761 4247 Prie-

95 4281 316 4338 sciebat
337 4284 402 4338 et
422 4281 892 4353 subsequentem
920 4280 1186 4354 ipsorum
1207 4281 1668 4347 damnationem,
1691 4283 1763 4338 de

95 4385 742 4460 inutuanteHeriboldo
757 4387 1764 4460 quondamAntissioderensiumve-

96 4460 341 4540 nerabili
367 4459 652 4540 episcopo
675 4459 734 4514 in
757 4459 1018 4540 synodali
1052 4463 1338 4540 conventu
1372 4462 1525 4540 apud
1562 4461 1764 4540 Βουρί-

99 4529 211 4603 tum
233 4529 760 4603 transcripsimus,
775 4529 832 4603 et
848 4536 978 4603 post
998 4531 1386 4603 reversionem
1408 4529 1480 4586 de
1499 4531 1759 4588 tumultu

99 4601 431 4674 Brionensi,
459 4601 716 4674 quodam
745 4601 1020 4659 offerente
1041 4601 1271 4674 clerico.
1295 4619 1362 4658 ex
1382 4604 1597 4674 scrinio
1621 4604 1760 4659 Ebo-

1879 3393 1978 3448 sed
1994 3395 2188 3464 justa;
2215 3393 2648 3463 prmdestinavit
2677 3397 2874 3449 tamen
2907 3398 2964 3450 et
2993 3411 3238 3450 coronas
3259 3396 3442 3466 justis
3474 3402 3531 3452 et

1876 3499 2083 3554 pcenas
2121 3480 2380 3554 injustis,
2413 3481 2553 3554 quia
2599 3487 2918 3556 utrumque
2947 3488 3036 3540 est
3055 3483 3308 3556 justum.
3341 3484 3528 3549 Quam

1867 3571 2164 3643 justitiam
2197 3573 2326 3641 ejus
2361 3572 2781 3628 commendans
2813 3573 2984 3629 nobis
3027 3571 3362 3646 Apostolus.
3395 3573 3476 3630 ait
3508 3591 3522 3629 :

1873 3661 2134 3732 Nunquid
2173 3662 2397 3731 iniquus
2446 3666 2588 3716 Deus
2617 3663 2716 3733 qui
2741 3662 2909 3733 infert
2931 3665 3078 3737 iram
3103 3665 3131 3717 Ρ
3159 3663 3311 3719 Absit
3337 3663 3369 3736 (
3372 3665 3524 3720 Rom.

1873 3767 1959 3815 IlI,
1980 3750 2054 3822 5).
2079 3751 2148 3804 Et
2171 3749 2308 3822 quia
2332 3751 2504 3805 modo
2535 3750 2814 3806 omnibus
2845 3755 3131 3824 praerogat
3157 3752 3522 3824 patientiam,

1873 3842 1938 3893 ut
1967 3842 2378 3894 convertantur
2407 3838 2477 3894 ad
2510 3839 2915 3911 pmnitentiam
2947 3857 2960 3896 :
2995 3845 3051 3896 et
3104 3841 3206 3913 qui
3259 3847 3524 3914 pereunt,

1872 3945 1979 3983 suo
2001 3932 2340 4000 contemptu
2359 3928 2643 3983 etduritia
2663 3934 2934 4000 pereunt;
2960 3929 3100 4001 quia
3119 3933 3345 3986 tantam
3369 3931 3529 3988 boni-

1871 4019 2052 4070 tatem
2085 4015 2186 4070 Dei
2217 4019 2718 4088 contempserunt,
2751 4017 2963 4072 iterum
3014 4017 3128 4074 alio
3176 4018 3302 4075 loco
3333 4019 3476 4076 dicit
3509 4037 3522 4076 :

1871 4110 1952 4161 An
1967 4104 2190 4159 divitias
2222 4105 2475 4160 bonitatis
2504 4113 2556 4160 et
2577 4107 2885 4176 patientiae,
2900 4115 2950 4162 et
2964 4108 3530 4181 longanimitatisejus

1869 4195 2189 4261 contemnis,
2213 4195 2477 4263 ignorans
2505 4197 2766 4265 quoniam
2797 4196 3108 4265 benignitas
3133 4197 3234 4251 Dei
3259 4196 3330 4252 ad
3353 4199 3528 4270 paeni-

1869 4285 2100 4340 tentiam
2132 4290 2181 4338 te
2211 4282 2474 4340 adducit?
2502 4284 2808 4339 Secundum
2854 4285 3120 4341 duritiam
3160 4293 3343 4341 autem
3373 4293 3526 4342 tuam

1820 4436 1826 4442 .
1859 4392 2016 4476 justo
2032 4388 2282 4476 judicio;
2311 4389 2366 4443 in
2401 4387 2504 4470 illa
2532 4389 2719 4445 rotula
2733 4389 3034 4476 “scriptum
3065 4391 3316 4446 habetur
3343 4397 3522 4476 quam

1869 4459 1941 4518 de
1970 4459 2282 4535 Horiboldo
2313 4459 2646 4535 accepimus
2681 4460 2828 4535 :Sed
2868 4459 3008 4533 quia
3049 4479 3140 4519 eos
3164 4459 3448 4535 praesciuit
3473 4469 3529 4520 et-

1864 4531 2126 4606 prerridit
2151 4533 2324 4606 malos
2365 4540 2537 4606 atque
2583 4533 2778 4606 impios
2821 4531 3039 4604 futuros
3080 4531 3306 4606 proprio
3359 4537 3520 4602 uitio,

1867 4603 2282 4678 pra’destinavit
2308 4603 2376 4678 ad
2403 4603 2671 4678 aeternam
2697 4603 3124 4678 damnationem,
3149 4603 3256 4678 qua
3288 4607 3398 4677 ipsi
3418 4624 3524 4678 pu-

98 4673 204 4738 nis,
235 4675 400 4731 sicut
429 4667 560 4746 ipse
589 4673 833 4742 dixerat,
861 4673 1212 4730 venerabilis
1238 4673 1512 4730 Gratiano
1559 4674 1758 4730 olitani
1790 4667 1836 4730 D
1865 4667 2124 4733 nitentur
2143 4675 2291 4745 justo
2311 4674 2544 4745 judicio.
2579 4674 2649 4730 Et
2699 4674 2758 4730 in
2805 4693 2883 4732 .eo
2934 4674 3058 4732 loco
3101 4667 3202 4733 ubi
3236 4667 3520 4750 scriptum

101 4744 354 4801 enisconi
387 4744 750 4801 accenimus.
785 4746 1073 4801 integram
1118 4745 1212 4800 hic
1255 4761 1468 4801 nouere
1513 4693 1756 4801 Signum
1869 4752 1956 4801 est
1991 4765 2002 4801 :
2037 4751 2152 4801 Non
2189 4747 2337 4800 enim
2388 4746 2482 4800 ille
2531 4746 2773 4801 aliauem
2815 4749 3223 4801 praedestinavit
3250 4756 3312 4801 ut
3337 4750 3520 4801 malus

101 4744 354 4820 episcopi
387 4744 750 4820 accepimus,
785 4746 1073 4820 integram
1118 4745 1212 4800 hic
1255 4761 1468 4817 ponere
1513 4744 1756 4820 dignum

101 4815 399 4882 duximus,
433 4815 579 4882 quia
605 4821 663 4872 et
691 4815 1127 4872 constructione
1157 4821 1214 4872 et
1254 4815 1466 4872 sensus
1519 4815 1760 4872 veritate

101 4895 258 4959 caute
290 4887 539 4955 incedit,
560 4887 816 4959 exceptis
848 4889 1080 4944 duobus
1108 4888 1274 4958 locis,
1290 4889 1350 4942 in
1379 4888 1596 4959 quibus
1625 4907 1760 4944 eum

101 4957 174 5013 ita
193 4960 420 5016 dixisse
442 4976 562 5032 non
591 4957 908 5032 credimus,
936 4959 1259 5032 sicutinieo
1290 4957 1510 5032 scripto
1539 4960 1759 5032 inveni-

104 5045 248 5096 mus,
264 5047 450 5104 quem
472 5031 542 5104 de
565 5030 789 5104 scrinio
801 5029 1148 5104 venerabilis
1163 5029 1380 5104 Ebouis
1394 5028 1755 5104 accepimus,

103 5115 225 5175 cum
248 5101 310 5159 in
336 5101 578 5175 aliissic
601 5101 882 5175 cath_olice
904 5101 1132 5175 dixerit,
1163 5101 1315 5175 sicut
1331 5101 1553 5174 patebit
1572 5101 1762 5175 legen-

103 5172 252 5230 tibus
284 5192 300 5230 :
336 5173 598 5246 maxime
644 5173 802 5246 quia
829 5173 890 5246 in
925 5173 1146 5246 eodem
1177 5172 1760 5246 scriptotquem'per

105 5258 307 5328 manus
321 5243 553 5328 pmfati
571 5243 872 5326 Heriboldi
889 5245 934 5300 si
942 5249 1042 5328 cut
1061 5245 1134 5300 ad
1143 5260 1216 5327 .se
1239 5262 1274 5300 a
1293 5243 1566 5326 prtedieto
1591 5243 1758 5322 Floro

103 5315 521 5388 transmissum
554 5315 914 5388 accepimus,
943 5315 1114 5388 aliter
1140 5315 1557 5388 invenerimus,
1578 5317 1755 5388 quam

113 5383 164 5440 in
185 5386 296 5460 isto
333 5403 510 5460 quem
543 5383 758 5460 postea,
777 5383 1110 5460 accepimus
1139 5387 1521 5460 reperiamus.
1543 5383 1666 5453 Qua
1687 5389 1758 5444 de

109 5471 162 5512 re
181 5457 565 5516 immutatum
591 5457 670 5532 ab
681 5457 883 5532 aliquo
905 5457 1298 5532 suspicamur:
1311 5459 1445 5524 Quae
1461 5457 1588 5514 loca
1599 5464 1756 5532 ante-

107 5543 272 5600 quam
297 5545 637 5586 sermonem
657 5529 828 5586 illum
855 5529 1112 5586 scribere
1141 5529 1477 5586 adoriamur
1495 5530 1758 5601 speciali-

102 5601 508 5673 ierdesignare
519 5601 997 5658 curabimus.Ubi
1010 5601 1166 5657 enim
1178 5601 1346 5674 dicit:
1363 5601 1465 5657 Sed
1475 5617 1606 5672 quos
1612 5617 1758 5674 prae-

103 5675 281 5748 ειξὶιθίιἈ
305 5682 360 5730 et
379 5674 850 5748 praevidit‘malos
879 5680 1039 5748 atque
1069 5673 1266 5746 impios
1291 5673 1508 5748 futuros
1531 5673 1754 5748 proprio

105 5743 488 5827 rimimo—eos
509 5743 927 5826 praedestinavit
948 5743 1028 5806 'ad
1053 5743 1322 5809 aeternam
1348 5743 1758 5806 damnationem

1869 4752 1956 4805 est
1991 4765 2002 4801 :
2037 4751 2152 4804 Non
2189 4747 2337 4800 enim
2388 4746 2482 4800 ille
2531 4746 2773 4818 aliquem
2812 4749 3223 4818 prwdestinavit
3250 4756 3312 4804 ut
3337 4746 3520 4806 malus

1867 4829 2022 4889 esset,
2055 4817 2146 4878 sed
2173 4833 2296 4872 vere
2321 4832 2534 4892 omnem
2559 4817 2770 4892 malum
2795 4817 3231 4892 praedestinavit,
3261 4829 3324 4876 ut
3346 4821 3521 4892 impu-

1865 4887 2016 4948 nitus
2044 4905 2151 4948 non
2178 4896 2359 4962 esset;
2389 4887 2721 4962 invenimus
2753 4887 2835 4962 in,
2857 4891 3066 4962 rotula,
3101 4907 3278 4962 quam
3311 4908 3346 4946 a
3371 4887 3518 4962 prae-

1871 4963 2024 5020 dicto
2057 4959 2366 5020 Heriboldo
2392 4959 2732 5034 accepimus
2764 4977 2777 5016 :
2811 4961 2913 5016 Sed
2942 4977 3062 5017 vere
3103 4959 3521 5034 praedestinavit

1862 5051 2100 5116 poenam,
2134 5033 2426 5116 utne-mnis
2477 5033 2658 5116 mqlus
2696 5033 3002 5116 impunitus
3029 5033 3142 5088 non
3165 5041 3316 5088 esset.
3351 5033 3513 5096 Quod

1868 5102 1928 5160 in
1962 5102 2344 5179 sequentibus
2375 5102 2502 5179 ipse
2531 5102 2894 5179 demonstrat
2921 5103 3120 5179 dicens
3145 5120 3158 5158 :
3188 5120 3403 5179 pernam
3430 5119 3515 5179 eo-

1866 5194 1992 5255 rum
2007 5173 2372 5255 etpra’scisse,
2403 5173 2715 5255 quia‘Deus
2741 5182 2912 5255 est.‘et
2935 5175 3514 5255 prindestinassequia

1858 5249 2044 5320 justus
2067 5243 2175 5320 'est.
2208 5243 2423 5320 (laetere
2451 5243 2719 5320 catholici
2749 5243 2982 5300 lectoris
3003 5243 3228 5320 judicio
3258 5243 3511 5302 derelin-

1867 5315 2253 5392 quimus.Sed
2275 5315 2494 5392 idcirco
2522 5315 2678 5392 hunc
2709 5331 3035 5392 sermonem
3067 5332 3137 5370 ex
3167 5315 3394 5392 integro
3417 5334 3512 5392 po-

1865 5385 2000 5446 nere
2031 5386 2426 5447 necessarium
2463 5386 2758 5453 duximus,
2793 5385 2931 5457 quia
2957 5385 3028 5440 ex'
3055 5402 3120 5441 eo
3155 5385 3508 5445 contictoEin

1865 5463 2126 5532 proximo
2154 5457 2644 5532 subsequentium
2677 5455 3223 5532 capitulorumduo
3255 5457 3510 5530 capitula

1865 5527 1936 5589 de
1960 5529 2330 5589 Prmscicntia
2351 5527 2406 5583 et
2419 5527 2928 5602 Praedestinatione
2953 5529 3194 5602 confuso
3217 5533 3276 5584 et
3294 5527 3512 5602 priapo-

1865 5609 2019 5660 stem
2033 5604 2253 5668 ordine,
2273 5617 2340 5674 ac
2353 5615 2526 5674 sensu
2541 5597 2877 5674 falsissimo,
2889 5599 2950 5655 in
2972 5599 3230 5674 secundo
3251 5597 3507 5674 capitulo

1863 5675 2091 5754 studuit
2109 5669 2601 5754 c_ompilare,sicut
2615 5669 2718 5751 qui
2733 5671 2892 5731 hunc
2911 5674 2968 5733 et
2978 5669 3080 5731 illa
3096 5670 3302 5752 legerit
3311 5669 3512 5754 aperte

1860 5745 2166 5826 intelliget.
2203 5767 2225 5800 υ
