4082 6434
586 372 663 427 99
1687 362 1917 424 FLOltl
1964 360 2280 422 DIACONI
2332 364 2901 426 LUGDUNENSIS.

3890 363 4016 422 100

584 512 633 555 er
666 518 760 556 μυι-
787 501 1129 575 impaznitens
1162 499 1502 554 thesaurizas
1532 497 1636 552 tibi
1674 498 1818 551 iram
1848 496 1907 549 in
1937 494 2027 549 die
2054 495 2158 551 ira?
2186 502 2238 550 et
2265 499 2320 566 Α
2349 502 2465 552 est:
2482 497 2772 569 praescivit
2792 514 2925 552 vero
2948 497 3135 553 multa
3157 514 3282 570 quae
3305 497 3430 569 ipse
3453 498 3715 552 facturus
3732 512 3847 551 non
3872 499 3968 549 est
3993 511 4009 549 :

586 590 929 644 reuelationis
951 589 1096 660 justi
1117 588 1323 659 judicii
1352 589 1465 654 Dei,
1500 587 1596 658 qui
1616 585 1796 640 reddet
1825 585 2125 655 unicuique
2153 600 2238 639 se-

582 676 824 733 cundum
868 692 1031 749 opera
1079 693 1182 732 sua
1214 678 1388 748 (Rom.
1424 692 1485 742 ιι,
1519 673 1658 746 4-6).
1695 672 1836 727 Hinc
1896 671 2072 726 etiam
2126 671 2242 726 alia

585 764 889 837 Scriptura
914 770 1164 822 testatur
1193 765 1393 821 dicens
1428 780 1441 818 :
1479 768 1628 818 Deus
1674 769 1904 817 mortem
1950 777 2061 815 non
2088 762 2236 831 fecit,

584 871 682 910 nec
711 856 935 911 léetutur
965 856 1023 909 in
1048 853 1353 926 perditione
1384 851 1833 921 vivorumepii
1862 857 2044 904 autem
2062 850 2241 903 mani-

586 946 685 999 bus
714 952 765 1000 et
790 946 968 999 verbis
998 944 1365 998 aeeersierunt
1382 941 1982 1008 illam,etzestimantes
2002 939 2240 992 amicam

582 1034 946 1104 deﬂuxerunt,
974 1039 1024 1087 et
1042 1033 1358 1103 sponsiones
1376 1037 1676 1102 posuerunt
1691 1028 1761 1083 ad
1781 1027 2241 1098 ittam,quoniam

582 1123 740 1194 digni
766 1130 894 1177 sunt
923 1122 1020 1193 qui
1056 1122 1171 1175 sint
1216 1136 1286 1175 ac
1338 1127 1497 1192 parte
1553 1120 1711 1174 illius
1744 1118 1895 1188 (Sep.
1927 1133 1967 1183 1,
2002 1116 2091 1181 13,
2126 1114 2235 1186 16).

582 1211 705 1266 Non
727 1227 862 1283 ergo
885 1210 1257 1281 omnipotens
1280 1209 1435 1264 Deus
1454 1207 1557 1262 ulli
1576 1207 1886 1263 hominum
1900 1220 2239 1259 causamor-

582 1299 656 1355 tis
686 1298 774 1354 vel
806 1297 1152 1370 perditionis
1180 1297 1397 1363 existit,
1422 1296 1522 1351 sed
1554 1296 1743 1368 ipsam
1778 1297 2023 1349 mortem
2038 1296 2095 1347 et
2106 1308 2235 1363 per-

579 1387 859 1444 ditionem
885 1384 1556 1457 manibusetverbisipsi
1576 1384 1745 1456 impii
1768 1382 1880 1439 sibi
1902 1384 2234 1448 accersunt,

577 1478 719 1533 dum
744 1476 1012 1549 nequiter
1032 1475 1349 1547 operando,
1364 1480 1421 1529 et
1451 1472 1703 1546 nequius
1724 1471 1854 1529 aliis
1876 1470 2236 1543 persuaden-

577 1568 736 1634 do,et
755 1566 864 1621 sibi
890 1569 947 1620 et
968 1563 1086 1618 illis
1109 1564 1545 1619 damnationem
1571 1563 1899 1618 adducunt:
1916 1560 2059 1615 dum
2080 1559 2234 1613 viam

579 1654 908 1726 iniquitatis
950 1659 1007 1708 et
1055 1652 1399 1724 perditionis
1459 1656 1744 1716 amantes,
1779 1666 1814 1705 a
1842 1653 1996 1704 recto
2029 1647 2234 1702 itinere

578 1744 986 1807 deﬂectuntur,
1020 1747 1077 1796 et
1106 1742 1177 1795 ad
1211 1746 1557 1812 perpetuam
1608 1737 2071 1801 damnationem,
2103 1740 2231 1789 tan-

2350 586 2503 642 sicut
2520 587 2720 642 omnia
2741 587 2895 641 mala
2912 603 2923 641 :
2941 604 3071 659 qua;
3084 588 3238 642 mala
3250 588 3454 659 utique
3475 586 3615 642 mali
3634 585 4009 654 faciunt,non

2349 674 2465 730 ille.
2492 679 2654 747 Ipsos
2679 692 2914 747 quoque
2946 674 3133 731 malos
3165 693 3281 731 non
3314 676 3444 732 ideo
3476 674 3665 747 perire
3692 673 3830 746 quia
3862 673 4011 729 boni

2348 780 2478 819 esse
2510 782 2623 819 non
2657 765 3100 836 potuerunt,sed
3118 765 3257 837 quia
3278 764 3415 820 boni
3444 780 3574 820 esse
3604 762 4017 832 noluerunt,et

2348 869 2455 908 suo
2484 853 2624 907 vitio
2656 870 2786 908 vasa
2830 855 2936 910 ira:
2991 862 3121 924 apta
3171 855 3230 908 in
3278 854 3566 909 interitum
3591 854 3763 924 (Rom.
3800 870 3875 918 Ix,
3907 854 4013 919 22)

2347 946 2878 1013 perseveraverunt,
2896 946 2951 997 et
2980 941 3041 996 in
3073 958 3272 997 massa
3301 941 3694 997 damnationis
3718 939 3807 996 vel
3827 940 4014 1013 origi-

2348 1029 2467 1085 nali
2487 1030 2574 1085 vel
2598 1030 2809 1085 actuali
2828 1031 3035 1087 merito
3052 1035 3519 1103 permanserunt.
3538 1030 3598 1085 In
3618 1029 3787 1085 bonis
3798 1034 4009 1085 autem

2348 1119 2720 1191 omnipotens
2756 1120 2926 1186 Deus,
2959 1119 3112 1175 sicut
3159 1137 3341 1192 supra
3372 1120 3515 1176 satis
3545 1123 3850 1175 ostensum
3888 1122 4006 1189 est,

2346 1212 2666 1280 utrumque
2696 1208 2985 1280 praescidt
3013 1213 3070 1264 et
3099 1208 3551 1281 praedestinavit,
3584 1212 3650 1263 ut
3678 1211 3736 1264 et
3764 1207 3823 1263 in
3856 1225 4009 1280 prm-

2347 1297 2496 1351 senti
2527 1298 2643 1351 vita
2674 1314 2776 1369 per
2805 1314 2974 1352 suam
3005 1298 3254 1369 gratiam
3304 1297 3620 1353 existerent
3657 1296 3815 1363 boni,
3848 1301 3910 1352 et
3939 1296 4007 1352 in

2346 1385 2543 1440 futura
2571 1386 2748 1441 etiam
2778 1386 2951 1442 beati.
2985 1386 3303 1458 Utriusque
3334 1385 3491 1442 enim
3522 1385 3658 1441 boni
3689 1403 3917 1453 eorum,
3940 1386 4006 1442 id

2344 1478 2433 1530 est
2464 1478 2520 1530 et
2549 1474 2851 1548 praesentis
2884 1481 2941 1531 et
2971 1475 3174 1542 futuri,
3208 1475 3334 1547 ipse
3392 1480 3481 1532 est
3538 1479 3742 1531 auctor
3781 1480 3839 1531 et
3871 1474 4009 1548 ipse

2344 1562 2603 1636 largitor,
2628 1568 2684 1620 et
2704 1563 2918 1620 idcirco
2939 1564 3065 1621 sine
3086 1564 3264 1621 dubio
3283 1563 3590 1636 utriusque
3607 1564 4009 1637 przecognitor

2345 1656 2401 1707 et
2430 1654 2903 1724 praedestinator:
2930 1656 3070 1725 quia
3095 1657 3149 1709 et
3180 1653 3291 1726 ipsi
3319 1670 3389 1708 ex
3418 1653 3627 1725 seipsis
3662 1670 3776 1709 non
3799 1652 4001 1709 solum

2343 1740 2501 1797 aliud
2533 1760 2662 1799 esse
2694 1747 3030 1815 potuerunt,
3055 1744 3155 1799 sed
3186 1743 3361 1798 etiam
3394 1742 3550 1798 aliud
3584 1742 3823 1798 fuerunt
3838 1747 4005 1798 ante-

578 1848 760 1904 quam
791 1832 946 1886 datis
977 1831 1128 1885 inter
1145 1846 1206 1886 se
1224 1830 1464 1895 dextris,
1490 1828 1616 1901 pari
1637 1843 1927 1884 consensu
1960 1824 2231 1896 nequitia:
2262 1872 2310 1938 B
2343 1847 2519 1903 quam
2551 1848 2653 1903 per
2682 1849 2839 1898 eum,
2874 1832 2970 1904 qui
3023 1831 3313 1902 justiﬁcat
3370 1832 3641 1903 impium,
3674 1848 3743 1887 ex
3791 1831 4001 1904 impiis

591 1937 594 1938 ,
730 1921 740 1931 ο
788 1937 791 1938 ,
877 1923 994 1938 ,,,n-
1035 1923 1074 1938 ,ι
1109 1919 1408 1938 A_____,'_,__
1449 1917 1723 1938 1--_,L!_-_.L
1783 1913 2040 1938 ι·...1-..,.ιε
2077 1930 2204 1938 ...υ-ρ...
2343 1920 2374 1938 _',
2444 1920 2478 1938 ι·
2555 1921 2607 1938 nn
2793 1925 2803 1938 ι
2928 1921 2983 1938 n-
3039 1937 3044 1938 ,
3164 1925 3173 1938 ι
3309 1922 3318 1931 ·
3392 1920 3466 1938 ³11·
3621 1920 3632 1931 ·
3735 1919 3749 1938 1
3879 1926 3888 1938 ι

577 1921 745 1993 quasi
775 1937 844 1976 ex
874 1923 1003 1975 voto
1025 1923 1084 1975 et
1104 1919 1416 1991 sponsione
1446 1917 1747 1983 festinant,
1783 1913 2044 1970 foederati
2077 1930 2232 1968 mor-

574 2010 653 2065 tis
683 2014 739 2065 et
768 2009 894 2064 vitae
924 2012 1148 2064 aeternae
1181 2008 1423 2074 inimici,
1447 2007 1561 2079 ipsi
1592 2006 1918 2062 secundum
1950 2002 2230 2058 duritiam

576 2116 767 2166 suam,
799 2103 856 2154 et
884 2115 984 2153 cor
1013 2097 1388 2169 impcenitens
1418 2095 1821 2151 thesaurizant
1851 2092 1960 2148 sibi
1994 2091 2142 2147 iram
2168 2090 2230 2145 in

570 2188 666 2249 die
695 2188 815 2243 irae.
839 2187 900 2243 In
925 2203 1043 2259 qua
1062 2186 1157 2242 die
1178 2186 1326 2258 justi
1352 2184 1563 2257 judicii
1592 2183 1714 2252 Dei,
1744 2183 1884 2255 quia
1915 2179 2231 2252 unusquis-

571 2295 684 2350 que
715 2276 1039 2333 secundum
1069 2292 1247 2348 opera
1279 2292 1386 2330 sua
1417 2274 1832 2346 recipit,nemo
1853 2288 1921 2326 ex
1950 2269 2047 2325 Dei
2082 2285 2229 2341 pra:-

562 2366 919 2438 judicio,sed
938 2383 1007 2420 ex
1030 2366 1237 2420 merito
1260 2364 1505 2436 proprias
1528 2361 1860 2435 iniquitatis
1881 2359 2230 2414 condemna-

570 2460 686 2510 tur.
723 2455 847 2510 Non
880 2454 1036 2509 enim
1072 2453 1167 2509 ille
1197 2453 1454 2524 aliquem
1485 2449 1921 2524 prazdestinavit
1944 2452 2008 2503 ut
2036 2446 2229 2502 malus

571 2548 747 2612 esset,
760 2543 860 2598 sed
878 2559 1006 2598 vere
1018 2558 1254 2598 omnem
1270 2541 1491 2597 malum
1516 2539 1950 2613 praedestinavit
1962 2536 2228 2607 utimpu-

572 2634 730 2689 nitus
790 2649 905 2688 non
963 2636 1119 2688 esset
1161 2631 1297 2704 [βοά.
1331 2632 1479 2698 Hera,
1514 2627 1944 2701 praedestinavit
1971 2641 2224 2697 pmnam,

572 2728 638 2779 ut
657 2721 851 2778 omnis
874 2721 1066 2777 malus
1100 2721 1431 2792 impunitus
1464 2737 1577 2775 non
1609 2715 1966 2789 esset]:quia
1995 2721 2051 2769 et
2084 2730 2225 2768 una-

570 2828 818 2884 quaeque
847 2811 938 2865 lex
961 2811 1133 2882 juxta
1162 2810 1383 2865 crimen
1415 2826 1530 2865 non
1562 2807 1759 2873 habet,
1777 2823 1847 2861 ne
1870 2805 1947 2861 sit
1974 2804 2222 2875 injusta;

569 2905 629 2956 et
655 2905 850 2955 tamen
884 2899 1270 2955 criminosum
1302 2898 1493 2971 punit,
1520 2902 1585 2953 ut
1634 2912 1768 2952 vere
1801 2895 1878 2950 sit
1900 2895 2084 2965 justa.
2119 2890 2226 2954 Qui

571 3006 707 3062 ergo
738 2988 879 3044 dicit
908 2989 1063 3060 quod
1095 2988 1153 3043 hi
1184 2987 1283 3060 qui
1317 2992 1563 3060 pereunt
1587 2982 1980 3058 praedestinati
2002 2985 2139 3037 sunt
2153 2979 2225 3034 ad

569 3078 975 3151 perditionem,
1001 3081 1058 3133 et
1076 3077 1206 3133 ideo
1230 3075 1401 3133 aliter
1420 3076 1649 3133 evenire
1674 3091 1787 3129 non
1814 3075 2029 3144 potest;
2055 3068 2189 3124 simi
2206 3099 2225 3110 -

568 3167 702 3222 liter
721 3184 953 3239 quoque
967 3170 1023 3222 et
1037 3167 1313 3238 dejustis,
1330 3171 1614 3238 tanquam
1633 3169 1690 3219 et
1708 3163 1819 3234 ipsi
1840 3162 1966 3216 ideo
1998 3158 2223 3215 salven-

568 3256 814 3330 turquia
836 3256 1232 3329 prazdestinati
1256 3257 1327 3311 ad
1360 3252 1804 3321 salutem,aliud
1836 3266 1963 3307 esse
1983 3265 2097 3303 non
2117 3264 2215 3318 po-
2248 3244 2290 3309 C

567 3344 934 3417 tucruut;qui
947 3361 1084 3417 ergo
1099 3344 1221 3399 haec
1235 3349 1354 3399 tam
1369 3344 1610 3399 confuse
1622 3336 2146 3404 etinsulsedicit,et
2159 3334 2224 3389 il-

566 3434 803 3490 listollit
816 3433 1092 3490 meritum
1114 3434 1533 3499 damnationis,
1548 3431 1745 3487 etistis
1769 3429 2044 3484 meritum
2062 3424 2221 3480 salu-

569 3525 751 3579 tis.Ac
764 3539 867 3596 per
878 3523 985 3577 hoc
999 3523 1141 3594 quid
1154 3522 1310 3577 aliud
1326 3521 1588 3594 agit,nisi
1603 3526 1666 3576 ut
1678 3526 1733 3575 et
1746 3515 2125 3591 pereuntibus
2138 3530 2224 3569 se-

569 3613 828 3668 cundum
848 3612 1014 3666 illum
1033 3611 1112 3666 sit
1139 3611 1416 3683 imposita
1448 3610 1764 3666 necessitas
1796 3603 2224 3679 perditionis,et

570 3701 662 3757 his
694 3700 793 3772 qui
815 3700 1113 3756 salvantur
1131 3701 1207 3756 sit
1228 3701 1504 3772 imposita
1534 3698 1853 3754 necessitas
1883 3693 2223 3751 salutis?at-

569 3807 683 3863 que
707 3791 833 3845 ideo
857 3806 961 3845 nec
981 3789 1245 3860 illijuste
1268 3785 1947 3860 damnentur,quiajusti
1962 3799 2090 3839 esse
2103 3799 2218 3837 non

568 3885 905 3953 potuerunt,
942 3896 1046 3935 nec
1075 3879 1171 3934 isti
1199 3881 1361 3951 juste
1392 3881 1859 3943 remunerentur,
1891 3873 2031 3946 quia
2060 3871 2218 3928 aliud

569 3988 747 4043 quam
770 3968 918 4041 justi
954 3984 1082 4023 esse
1124 3968 1513 4040 nequiverunt
1544 3984 1557 4022 :
1592 3972 1656 4021 ut
1687 3966 1747 4020 in
1780 3970 2027 4035 utraque
2057 3964 2221 4033 parte

567 4064 625 4116 et
645 4058 893 4132 perditio
924 4061 981 4113 et
1012 4056 1174 4113 salus
1206 4074 1320 4112 non
1354 4057 1430 4112 sit
1446 4073 1514 4112 ex
1539 4055 1762 4127 judicio
1786 4052 2031 4127 pr0priaa
2048 4049 2221 4105 actio-

567 4148 683 4214 nis,
700 4148 801 4204 sed
816 4163 885 4202 ex
905 4146 1041 4218 praaj
1053 4146 1244 4201 udicio
1268 4144 1474 4200 divinae
1497 4141 2099 4217 prmordinationisEt
2119 4138 2218 4194 ubi

566 4238 675 4294 erit
694 4237 837 4293 illud
862 4254 875 4292 :
905 4238 1020 4308 Qui
1040 4235 1221 4290 reddet
1238 4236 1535 4306 unicuique
1554 4234 1851 4290 secundum
1881 4248 2043 4303 opera
2071 4247 2173 4285 sua
2193 4233 2221 4283 ?

566 4333 742 4398 (Rom.
776 4344 836 4393 ιι,
866 4328 947 4394 6.)
979 4325 1046 4379 Et
1074 4324 1285 4380 iterum
1321 4341 1334 4379 :
1367 4324 1625 4396 Nunquid
1670 4325 1895 4395 iniquus
1946 4327 2086 4377 Deus
2125 4320 2220 4391 qui

568 4419 738 4488 infert
764 4417 911 4471 iram
931 4418 957 4469 .9
988 4416 1137 4469 Absit
1159 4416 1515 4485 (Rom.1u,5).
1538 4415 1749 4486 Aperte
1775 4425 2221 4483 namquecausa

568 4504 914 4578 perditionis
943 4502 1179 4558 illorum
1212 4503 1312 4575 qui
1345 4508 1608 4575 pereunt,
1642 4504 1703 4558 in
1737 4504 1916 4558 Deum
1948 4501 2217 4564 refertur,

571 4595 620 4650 si
652 4594 777 4665 ipse
803 4610 903 4649 eos
933 4594 1013 4647 ita
1042 4593 1113 4647 ad
1145 4591 1448 4647 interitum
1482 4592 1936 4682 praedestinavit,
1968 4595 2031 4645 ut
2060 4588 2218 4682 aliud
2254 4619 2301 4682 Β

571 4699 700 4739 esse
730 4700 845 4738 non
877 4682 1313 4754 possentzquod
1349 4682 1565 4737 sentire
1586 4681 1672 4737 vel
1703 4683 1893 4737 dicere
1925 4678 2223 4735 horribilis

572 4771 940 4845 blasphemia
974 4776 1081 4827 est.
1118 4772 1228 4827 Sed
1265 4771 1529 4827 Ecclesia
1576 4772 1872 4827 catholicae
1921 4769 2087 4837 ﬁdes,
2120 4785 2219 4824 cu-

565 4864 668 4935 jus
698 4861 802 4917 lilii
835 4866 895 4917 et
923 4866 1238 4918 sectatores
1293 4878 1421 4917 esse
1473 4862 1778 4929 debemus,
1810 4861 1893 4917 ita
1925 4860 2093 4916 nobis
2124 4860 2224 4913 ﬁr-

575 4951 838 5007 missime
892 4952 1210 5007 tenendum
1271 4950 1557 5019 insinuat,
1611 4955 1676 5005 ut
1731 4950 2003 5023 superius
2053 4950 2225 5021 juxta

574 5041 884 5113 Scriptura;
939 5045 1151 5096 sanctae
1210 5040 1621 5096 auctoritatem
1656 5039 1905 5096 breviter
1952 5040 2222 5110 designa-

573 5133 766 5187 vimus
799 5149 812 5186 :
844 5129 1131 5195 videlicet,
1189 5129 1647 5202 omnipotentem
1702 5130 1885 5185 Deum
1945 5129 2003 5183 in
2051 5130 2224 5185 malis

575 5220 838 5294 ipsorum
865 5219 1146 5276 malitiam
1181 5220 1503 5293 praescisse,
1537 5219 1678 5291 quia
1706 5236 1775 5275 ex
1801 5220 1946 5292 ipsis
1972 5222 2223 5289 est;non

578 5310 1044 5384 praedestinasse,
1079 5311 1217 5383 quia
1248 5326 1316 5365 ex
1348 5307 1446 5364 illo
1496 5325 1613 5364 non
1669 5313 1795 5377 est;
1830 5326 2059 5380 pcnnam
2090 5325 2224 5364 vero

577 5416 779 5457 eorum
810 5403 866 5455 et
895 5400 1197 5471 prmscisse
1229 5398 1367 5472 quia
1396 5399 1552 5454 Deus
1583 5402 1761 5464 est,et
1780 5400 2227 5471 praedestinasse

579 5490 934 5563 quiajustus
956 5493 1136 5560 cst,ut
1156 5493 1214 5544 et
1230 5489 1288 5543 in
1313 5488 1429 5545 illis
1451 5488 1529 5544 sit
1550 5487 1826 5544 meritum
1849 5505 1967 5543 suae
1989 5489 2228 5544 da'mna-

578 5580 775 5647 tionis,
800 5577 936 5634 etin
957 5577 1055 5633 illo
1068 5582 1327 5650 potestas
1341 5582 1398 5633 et
1400 5579 1424 5649 j
1433 5576 1858 5648 udiciumjuste
1871 5578 2227 5634 damnantis.

580 5666 707 5733 Non
736 5668 894 5729 enim
922 5666 1298 5747 praedestinat
1325 5665 1500 5741 Deus,
1516 5667 1630 5726 nisi
1661 5682 1789 5743 quae
1816 5665 1942 5743 ipse
1970 5666 2232 5729 tacturus

2333 1920 2480 1990 justi
2516 1921 2902 1977 efﬁcerentur.
2928 1921 3058 1977 Sive
3080 1925 3277 1977 autem
3306 1922 3365 1976 in
3388 1920 3503 1977 illis
3535 1920 3637 1993 qui
3667 1919 4002 1988 salvantur,

2341 2009 2461 2065 sive
2484 2010 2542 2064 in
2566 2010 2681 2064 illis
2705 2009 2804 2082 qui
2833 2014 3097 2082 pereunt,
3118 2010 3389 2066 voluntas
3406 2010 3641 2083 propria
3660 2028 4004 2066 remunera-

2342 2101 2456 2164 tur,
2480 2098 2747 2155 voluntas
2769 2098 3005 2171 propria
3024 2100 3360 2155 damnatur.
3382 2100 3492 2155 Sed
3516 2100 3574 2155 in
3594 2098 3712 2157 illis
3733 2098 3874 2171 quia
3891 2116 4003 2171 per

2339 2187 2589 2258 gratiam
2622 2187 2853 2242 Domini
2889 2185 3204 2243 Salvatoris
3226 2191 3317 2243 est
3331 2190 3557 2251 sanata,
3581 2191 3649 2242 ut
3668 2204 3737 2243 ex
3757 2186 3918 2243 mala
3938 2192 4002 2241 et

2340 2292 2515 2347 prava
2529 2277 2690 2331 ﬁeret
2704 2276 2854 2331 bona
2867 2282 2924 2332 et
2936 2280 3111 2347 recta,
3125 2282 3215 2332 est
3227 2275 3424 2349 procul
3441 2276 3618 2332 dubio
3642 2276 3999 2349 dignissime

2339 2369 2613 2421 coronata
2646 2382 2659 2420 :
2696 2366 2752 2421 in
2795 2365 2924 2421 istis
2968 2370 3184 2431 autem,
3219 2365 3358 2437 quia
3388 2382 3502 2421 non
3535 2365 3854 2437 acquiescit
3886 2361 4000 2439 per

2339 2453 2695 2510 Salvatorem
2728 2455 2983 2527 recipere
3011 2455 3346 2522 sanitatem,
3359 2454 3693 2526 justissime
3714 2472 3997 2526 percum-

2338 2545 2469 2599 dem
2496 2544 2757 2614 judicom
2790 2545 3001 2599 sentiet
3053 2550 3393 2616 perpetuam
3426 2543 3888 2600 damnationem.
3921 2548 3995 2601 Et

2336 2633 2446 2688 hoc
2477 2637 2564 2689 est
2592 2634 2840 2689 breviter
2860 2638 3047 2688 totum
3079 2634 3233 2705 quod
3258 2632 3529 2688 delibero
3552 2632 3791 2688 arbitrio
3813 2635 3995 2705 juxta

2333 2724 2633 2778 veritatem
2663 2721 2797 2777 ﬁdei
2819 2721 3116 2777 catholicae
3132 2726 3219 2777 est
3234 2723 3572 2788 tenendum,
3590 2722 3743 2792 quod
3759 2722 3996 2780 scilicet

2336 2829 2569 2868 omnem
2593 2811 2891 2866 hominem
2912 2810 3079 2866 liberi
3098 2810 3322 2866 arbitrii
3345 2810 3669 2865 condiderit
3689 2812 3988 2868 Deus.Sed

2335 2902 2477 2973 quia
2492 2919 2590 2973 per
2608 2918 2781 2955 unum
2798 2902 3071 2957 hominem
3077 2910 3354 2972 peccatum
3380 2902 3609 2955 intravit
3622 2902 3677 2955 in
3692 2901 3989 2969 mundum,

2332 2999 2385 3047 et
2408 3008 2505 3063 per
2532 3000 2811 3061 peccatum
2837 3008 3004 3061 mors,
3036 2998 3089 3046 et
3114 2994 3193 3046 ita
3225 2994 3280 3045 in
3312 3006 3495 3045 omnes
3552 2990 3798 3045 homines
3852 3009 3993 3063 per-

2334 3082 2574 3147 transiit,
2612 3083 2671 3135 in
2702 3098 2805 3152 quo
2835 3097 3025 3135 omnes
3059 3087 3417 3152 peccaverunt
3465 3080 3635 3147 (Rom.
3668 3096 3724 3146 v,
3758 3080 3779 3134 Ι
3792 3083 3868 3149 2),
3906 3081 3994 3137 ita

2334 3170 2491 3225 istud
2513 3169 2761 3226 liberum
2786 3168 3095 3224 arbitrium
3118 3170 3176 3224 in
3204 3168 3472 3223 universo
3490 3167 3747 3223 humano
3770 3185 3991 3241 genere

2330 3259 2487 3314 illius
2511 3258 3003 3332 prrevaricationis
3017 3258 3221 3337 merito
3243 3256 3509 3312 vitiatum
3541 3260 3599 3312 et
3616 3262 3987 3330 corruptum,

2332 3348 2413 3403 ita
2442 3350 2795 3405 obcaecatum
2822 3353 2983 3403 estet
3004 3347 3460 3413 inﬁrmatum,ut
3480 3345 3731 3402 sufficiat
3754 3346 3989 3405 homini

2332 3439 2398 3492 ad
2426 3439 2575 3493 male
2593 3437 2973 3511 agendum,id
2987 3441 3076 3492 est
3105 3437 3178 3491 ad
3210 3435 3441 3491 ruinam
3472 3435 3987 3508 iuiquitatis,etad

2331 3526 2439 3582 hoc
2470 3526 2660 3582 solum
2695 3526 2880 3599 possit
2909 3543 3038 3581 esse
3067 3524 3436 3581 liberumzad
3467 3524 3611 3581 bene
3640 3541 3774 3581 vero
3800 3542 3986 3599 agen-

2331 3616 2494 3683 dum,
2530 3614 2587 3669 id
2618 3619 2707 3669 est
2737 3616 2808 3670 ad
2839 3614 3179 3670 exercitium
3209 3614 3440 3670 virtutis
3469 3618 3526 3669 et
3554 3614 3809 3670 fructum
3841 3615 3987 3672 boni

2330 3703 2541 3776 operis,
2568 3702 2727 3759 nullo
2758 3704 2931 3759 modo
2961 3707 3233 3775 assurgat
3260 3708 3316 3757 et
3346 3701 3848 3769 convalescat,nisi
3878 3722 3992 3777 per

2330 3794 2505 3848 ﬁdem
2539 3793 2715 3848 unius
2764 3793 3101 3848 Mediatoris
3149 3791 3250 3847 Dei
3292 3796 3350 3846 et
3379 3791 3688 3846 hominum
3722 3791 3989 3850 hominis

2331 3882 2546 3937 Christi
2577 3883 2718 3938 Jesu
2751 3886 2809 3937 et
2837 3882 3057 3936 donum
3091 3880 3345 3953 Spiritus
3380 3881 3566 3935 sancti
3596 3880 3987 3949 instauretur,

2328 3971 2696 4027 illuminetur
2742 3975 2917 4042 atque
2965 3974 3206 4025 sanetur
3237 3986 3250 4024 :
3284 3969 3434 4024 sicut
3472 3969 3596 4041 ipse
3626 3969 3893 4027 Salvator
3925 3973 3989 4028 in

2328 4058 2638 4132 Evangelia
2661 4059 2947 4131 promittit
2969 4060 3169 4113 dicens
3195 4075 3207 4112 :
3236 4059 3299 4114 Si
3322 4074 3411 4113 vos
3443 4059 3616 4113 Filius
3638 4059 3987 4129 liberavevit,

2329 4158 2457 4205 tunc
2488 4166 2608 4204 rere
2659 4148 2823 4203 liberi
2876 4150 3031 4203 eritis
3064 4148 3247 4219 (Joan.
3279 4164 3396 4216 vm,
3426 4149 3536 4215 36).
3569 4148 3638 4202 Et
3665 4148 3990 4220 Apostolus

2329 4239 2438 4293 ait:
2468 4239 2569 4295 Ubi
2597 4239 2839 4309 Spiritus
2868 4238 3108 4304 Domini,
3134 4238 3216 4291 ibi
3236 4238 3461 4292 libertas
3495 4237 3565 4308 (II
3594 4236 3717 4292 Cor.
3747 4255 3830 4302 In,
3868 4240 3986 4307 17).

2329 4327 2403 4383 Ut
2434 4344 2536 4398 per
2565 4326 2716 4381 hanc
2744 4325 2989 4398 gratiam
3019 4324 3231 4380 Christi
3262 4330 3318 4380 et
3349 4325 3602 4397 Spiritus
3632 4325 3846 4381 Christi
3876 4325 3991 4383 hu-

2328 4433 2571 4473 manum
2604 4414 2854 4471 liberum
2886 4414 3193 4470 arbitrium
3226 4412 3559 4481 liberatum,
3580 4413 3986 4473 illuminatum

2329 4510 2505 4577 atque
2527 4503 2987 4571 sanatum,dicat
3008 4502 3311 4576 gratulans
3333 4503 3478 4559 illud
3502 4503 3855 4559 Psalmista:
3881 4507 3987 4562 Do-

2330 4598 2519 4650 minus
2550 4594 2887 4649 illuminatio
2917 4610 3036 4649 mea
3066 4602 3116 4648 et
3133 4595 3315 4648 salus:
3352 4609 3515 4666 quem
3543 4595 3775 4648 timebo?
3805 4596 3984 4662 (Psal.

2331 4684 2576 4754 xxv:,l.)
2608 4682 2715 4749 Qui
2738 4683 2918 4756 igitur
2949 4683 3100 4738 hanc
3129 4682 3378 4755 gratiam
3409 4681 3697 4738 libertatis
3721 4682 3990 4755 accipere

2331 4773 2803 4839 dcsiderat,utad
2821 4773 2968 4828 bene
2998 4778 3054 4828 et
3084 4772 3175 4843 pie
3204 4771 3515 4827 vivendum
3547 4771 3994 4828 veraciterliber

2332 4865 2453 4933 ﬁat,
2471 4864 2671 4919 nonde
2695 4863 2822 4919 suis
2844 4862 3067 4917 viribus
3091 4862 3538 4933 praesumat,sed
3560 4860 3719 4917 illise
3736 4861 3994 4918 ﬁdeliter

2333 4954 2665 5009 sanandum
2725 4951 3343 5021 corroborandumque
3386 4950 3733 5017 committat,
3767 4951 3839 5006 de
3869 4968 3991 5024 quo

2333 5043 2487 5097 idem
2522 5041 2834 5097 Psalmista
2863 5040 3035 5094 dicit:
3072 5040 3225 5111 Apud
3254 5041 3544 5095 Dominum
3571 5056 3786 5109 gressus
3816 5040 3994 5096 homi-

2332 5134 2421 5187 nis
2450 5132 2779 5201 dirigentur,
2813 5137 2865 5184 et
2900 5130 3051 5183 rium
3106 5130 3223 5200 ejus
3278 5130 3416 5183 volet
3447 5128 3614 5199 (Psal.
3645 5144 3835 5196 XXXVI,
3867 5129 3987 5201 23).

2333 5220 2503 5277 Illum
2532 5224 2656 5274 oret
2687 5222 2859 5289 atque
2890 5215 2974 5270 illi
3006 5215 3299 5287 supplicet
3328 5215 3526 5272 dicens
3562 5231 3574 5271 :
3611 5215 3992 5272 Gressusmeos

2332 5311 2510 5381 dirige
2538 5306 2838 5363 secundum
2865 5307 3144 5376 eloquium
3175 5312 3350 5371 tuum,
3367 5314 3417 5360 et
3444 5321 3557 5361 non
3580 5305 3892 5362 dominetur
3902 5323 3993 5362 me

2335 5401 2512 5456 omnis
2541 5397 2823 5467 injustitia
2843 5399 3166 5463 (Ps.cxvm,
3192 5396 3334 5463 133).
3364 5395 3429 5449 Et
3455 5395 3668 5450 iterum
3696 5411 3708 5449 :
3732 5396 3988 5464 Domine,

2335 5489 2506 5545 deduc
2534 5503 2620 5542 me
2651 5488 2710 5541 in
2740 5486 2831 5539 via
2857 5491 2971 5551 tua,
3004 5492 3054 5539 et
3085 5484 3366 5555 ingrediar
3394 5486 3454 5539 in
3492 5485 3719 5540 veritate
3746 5491 3842 5539 tua
3869 5485 3991 5553 (Ps.

2336 5597 2393 5646 v,
2416 5580 2492 5650 9).
2515 5578 2583 5633 Et
2615 5580 2821 5632 caetera
2852 5572 3238 5630 similia.Hcec
3258 5573 3685 5630 vobisbreviter
3713 5573 3993 5647 rescripsi

2340 5669 2413 5730 ad
2446 5684 2515 5728 ea
2543 5683 2671 5745 quis
2689 5662 2979 5741 jussistis.
3010 5662 3175 5723 Nunc
3223 5662 3472 5722 ﬁdeliter
3498 5663 3778 5740 deprecor
3805 5667 3862 5723 et
3891 5679 3995 5726 ex-
