4082 6446
154 382 288 442 1Ο9

1156 383 1390 445 LIBER
1432 383 1849 447 ADVERSUS
1892 381 2268 446 JOANNEM
2311 382 2651 445 SCOTUM.

3501 390 3616 449 iit)

152 516 466 589 sapientia
510 520 573 573 et
600 516 839 586 veritas,
869 517 952 574 ita
978 517 1100 574 sint
1147 518 1206 571 in
1257 521 1395 583 Deo,
1456 522 1517 572 ut
1574 516 1839 572 absolute
1868 515 1926 583 Α
1955 520 2013 571 ct
2044 516 2256 571 usitate
2288 516 2516 572 dicatur
2543 532 2671 572 esse
2704 516 3129 587 prmscientiam
3153 523 3209 572 et
3238 520 3615 591 prtedcstina-

149 605 487 662 ostendant
518 610 799 663 naturam
831 606 967 675 Dei,
1002 606 1104 678 qui
1134 610 1223 662 est
1266 622 1504 663 summa
1552 604 1844 673 voluntas,

149 710 401 751 summa
418 695 716 768 sapientia
738 699 797 752 et
812 696 1047 764 veritas,
1066 712 1301 751 omnem
1335 695 1560 751 habens
1590 698 1845 767 potesta-

150 787 303 851 tem,
321 800 570 840 omnem
588 800 951 857 exsuperans
976 783 1359 848 intellectum,
1375 788 1434 839 et
1450 799 1628 855 super
1648 782 1845 839 omnia

150 872 685 930 incommutabilis
700 890 971 940 manens,
992 872 1304 928 manifesta
1315 877 1406 928 est
1426 872 1525 927 Dei
1547 872 1765 945 regula,
1782 877 1847 927 ut

149 961 647 1017 substantialiter
674 963 747 1018 de
771 962 890 1018 Deo
910 961 1023 1017 dici
1043 960 1471 1035 intelligantur.
1498 964 1575 1018 De
1599 961 1845 1017 scientia

149 1066 400 1123 quoque
447 1050 840 1108 manifestum
883 1055 975 1107 est
1023 1051 1164 1123 quia
1195 1050 1254 1105 in
1286 1051 1404 1105 Deo
1454 1049 1845 1106 essentialiter

148 1139 337 1196 debet
368 1139 662 1212 intelligi,
694 1139 837 1212 quia
865 1157 982 1196 non
1013 1145 1103 1196 est
1133 1138 1215 1194 illi
1249 1138 1409 1194 aliud
1442 1155 1570 1195 esse
1599 1143 1656 1195 et
1683 1138 1842 1195 aliud

150 1228 350 1297 scire;
375 1229 484 1285 sed
517 1229 678 1300 quod
709 1228 796 1284 illi
823 1234 913 1285 est
940 1246 1103 1297 esse,
1136 1228 1243 1284 hoc
1275 1228 1581 1284 scireznec
1608 1227 1766 1283 aliud
1788 1229 1839 1284 ei

149 1317 381 1374 habere
408 1317 755 1385 scientiam,
782 1316 897 1374 nisi
928 1317 1128 1390 ipsum
1158 1334 1287 1373 esse
1318 1316 1623 1374 scientiam
1649 1333 1662 1371 :
1688 1317 1843 1372 sicut

148 1406 430 1480 idipsum
463 1410 559 1462 est
573 1407 627 1462 ei
660 1406 1026 1480 sapientiam
1056 1407 1293 1473 habere,
1312 1407 1465 1479 quod
1490 1405 1839 1478 sapientiam

148 1512 312 1552 esse.
348 1495 569 1552 Utrum
589 1512 724 1551 vero
755 1494 910 1552 sicut
936 1495 1154 1551 dicitur
1189 1500 1340 1551 Deus
1371 1494 1843 1551 substantialiter

149 1585 437 1652 scientia,
473 1584 560 1640 ita
600 1584 781 1641 etiam
822 1583 1293 1641 substantialiter
1330 1583 1445 1640 dici
1478 1584 1664 1656 possit
1693 1601 1839 1656 prae-

148 1672 677 1744 seientia,judicet
698 1674 1025 1729 secundum
1038 1673 1323 1731 rationem
1338 1676 1396 1728 et
1416 1672 1682 1745 regulam
1705 1672 1839 1728 ﬁdei

147 1761 256 1833 qui
282 1765 515 1835 potest;
542 1761 715 1817 nobis
726 1766 927 1817 tamen
958 1761 1190 1817 videtur
1211 1762 1368 1833 quod
1387 1760 1540 1817 sicut
1560 1760 1840 1817 veraciter

146 1850 382 1907 dicitur
413 1850 487 1906 de
510 1849 629 1906 Deo
653 1849 814 1905 :Non
832 1854 923 1907 est
939 1848 1098 1906 aliud
1125 1849 1208 1905 illi
1237 1866 1367 1906 esse
1397 1853 1454 1906 et
1482 1848 1641 1905 aliud
1668 1849 1834 1917 scire,

150 1956 276 1996 non
308 1940 400 1996 ita
431 1938 751 2012 possitdici
765 1939 837 1996 de
865 1938 966 1994 illo
996 1938 1111 1994 nisi
1133 1938 1220 1995 vel
1236 1938 1623 2007 mendaciter,
1642 1938 1729 1995 vel
1750 1939 1838 1993 ni-

154 2029 279 2085 mis
311 2028 570 2085 usitate:
589 2028 714 2083 Non
739 2032 830 2085 est
857 2027 1015 2083 aliud
1049 2027 1135 2082 illi
1151 2044 1280 2084 esse
1296 2026 1523 2083 etaliud
1548 2026 1837 2100 praescire.

148 2118 322 2184 Quod
353 2116 523 2173 enim
553 2121 708 2173 recte
735 2121 794 2172 et
825 2117 1039 2172 usitate
1067 2116 1256 2189 possit
1285 2116 1430 2173 dici:
1467 2116 1620 2172 Deus
1652 2116 1838 2172 scien-

148 2208 237 2263 tia
257 2211 378 2275 est,
405 2205 564 2262 sicut
588 2210 744 2261 recte
764 2210 822 2260 et
851 2205 1061 2262 usitate
1077 2206 1328 2261 dicitur:
1368 2206 1518 2262 Deus
1551 2205 1841 2278 sapientia

149 2301 263 2365 est,
290 2295 449 2352 nulli
480 2299 575 2351 est
593 2294 866 2351 dubium.
900 2294 974 2350 Ut
1000 2298 1196 2350 autem
1217 2294 1478 2350 dicatur:
1506 2298 1659 2350 Deus
1688 2312 1839 2367 prte—

151 2385 417 2441 scientia
446 2388 560 2451 est,
591 2384 750 2440 sicut
762 2384 891 2456 jam
916 2384 1194 2450 diximus,
1215 2388 1316 2440 aut
1341 2400 1457 2439 non
1491 2388 1579 2439 est
1613 2400 1837 2451 verum,

156 2480 265 2531 aut
298 2473 492 2530 nimis
523 2473 896 2529 inusitatum.

222 2562 463 2620 Similis
485 2561 636 2618 ratio
667 2571 752 2619 est
782 2561 872 2618 vel
892 2560 1069 2617 etiam
1095 2562 1299 2617 durior
1323 2562 1393 2617 de
1422 2578 1488 2617 eo
1516 2562 1671 2634 quod
1696 2562 1835 2618 defi-

153 2653 327 2720 nivit,
357 2654 502 2726 quia
522 2654 665 2708 Deus
693 2652 1135 2707 substantialiter
1149 2651 1560 2723 prwdestinatio
1579 2660 1675 2707 est.
1696 2652 1838 2717 Quis

151 2743 322 2798 enim
358 2757 634 2814 unquam
661 2741 733 2795 de
765 2740 880 2796 Deo
912 2738 1027 2795 dici
1060 2740 1281 2796 audivit
1308 2741 1463 2812 quod
1497 2757 1612 2795 non
1643 2740 1719 2795 sit
1752 2739 1833 2794 illi

151 2831 320 2887 aliud
349 2834 585 2899 esse,et
616 2828 777 2885 aliud
811 2829 1257 2901 praedestinare;
1292 2829 1393 2884 sed
1426 2830 1581 2901 quod
1617 2830 1833 2902 praede-

151 2920 411 2987 stinare,
446 2919 559 2975 hoc
590 2936 750 2983 esse,
778 2917 930 2973 sicut
957 2934 1087 2973 vere
1118 2918 1189 2972 de
1214 2933 1280 2972 eo
1313 2918 1564 2974 dicitur:
1594 2918 1718 2972 Non
1747 2923 1835 2973 est

150 3009 237 3065 illi
258 3009 430 3066 aliud
454 3024 588 3064 esse
619 3012 676 3064 et
708 3007 867 3064 aliud
898 3024 1014 3062 non
1045 3023 1207 3074 esse;
1241 3007 1341 3062 sed
1367 3008 1521 3078 quod
1544 3024 1701 3073 esse,
1725 3008 1833 3063 hoc

150 3116 358 3155 nosse.
400 3097 477 3153 Ut
506 3097 683 3154 etiam
714 3097 825 3152 hoc
855 3096 1192 3152 istiusmodi
1231 3112 1436 3150 vocum
1481 3095 1833 3152 novitatibus

149 3188 352 3245 dicere
395 3185 848 3259 compellamur,
881 3185 1020 3257 quia
1063 3183 1217 3240 sicut
1251 3185 1400 3240 Deus
1449 3184 1696 3241 scientia
1721 3189 1828 3254 est,

1956 604 2176 661 tionem
2209 606 2332 675 Dei,
2365 605 2518 661 sicut
2548 604 2813 660 omnium
2842 605 3158 661 conditoris
3190 612 3246 663 et
3269 608 3510 679 judicis,
3545 611 3616 665 ad

1957 710 2132 766 opera
2163 710 2273 749 sua
2307 710 2319 747 :
2359 697 2512 748 recte
2544 693 2719 748 etiam
2753 697 2811 748 et
2840 694 3054 749 usitate
3078 694 3306 751 dicatur
3326 714 3454 753 esse
3476 715 3617 770 pra:-

1955 781 2261 838 scientiam
2312 786 2369 838 et
2417 781 2987 854 prmdestinationem
3038 783 3096 838 in
3148 784 3283 852 Deo,
3328 785 3384 840 id
3433 791 3523 842 est
3554 787 3615 842 in

1954 875 2190 939 aeterna,
2224 872 2482 943 perfecta
2528 876 2585 925 et
2642 870 3111 927 incommutabili
3158 872 3402 928 scientia
3450 876 3611 945 ejus;

1953 975 2071 1015 non
2102 964 2296 1014 autem
2328 959 2626 1024 inusitate,
2659 958 2746 1013 vel
2797 976 2913 1014 non
2959 959 3138 1015 etiam
3181 965 3356 1030 recte,
3388 963 3617 1019 dicatur

1952 1048 2136 1104 Deum
2161 1048 2588 1121 praescientiam
2605 1047 2691 1103 vel
2710 1048 3283 1120 praedestinationem
3314 1052 3615 1116 esse.Quia

1949 1137 2221 1194 videlicet
2251 1137 2497 1193 scientia
2512 1137 2640 1209 ejus
2661 1138 2729 1193 ad
2754 1153 2814 1192 se
2830 1137 3074 1206 dicitur;
3100 1140 3611 1210 praescientiavero

1950 1231 2009 1282 et
2039 1226 2469 1299 prmdcstinatio
2504 1227 2576 1281 ad
2610 1229 2906 1282 creaturas
2939 1227 3205 1284 refertur.
3232 1228 3395 1284 Unde
3424 1229 3484 1285 in
3518 1230 3611 1287 his

1951 1315 2142 1388 magis
2171 1316 2300 1387 ejus
2339 1315 2617 1389 operatio,
2652 1332 2778 1386 qua)
2831 1315 2890 1369 in
2935 1315 3079 1387 ipsis
3124 1316 3213 1372 vel
3262 1334 3399 1390 erga
3448 1318 3609 1390 ipsas

1950 1408 2247 1460 creaturas
2279 1404 2674 1477 agitur,quam
2698 1406 2826 1475 ejus
2851 1404 3105 1460 essentia
3134 1404 3223 1461 vel
3245 1407 3605 1473 substantia,

1949 1494 2408 1549 demonstratur.
2443 1493 2535 1549 Sic
2577 1508 2831 1565 namque
2879 1492 3095 1548 dicitur
3141 1495 3504 1565 praescientia
3551 1500 3609 1552 et

1950 1581 2383 1653 pradestinatio
2415 1582 2515 1637 Dei
2547 1581 2636 1637 vel
2667 1581 2726 1636 in
2759 1582 2895 1650 Deo,
2929 1581 3082 1638 sicut
3108 1581 3283 1638 etiam
3316 1583 3606 1640 ordinatio
3690 1606 3699 1617 ·

1948 1668 2038 1726 vel
2067 1670 2374 1743 dispositio
2409 1670 2503 1727 Dei
2535 1670 2621 1727 vel
2649 1671 2708 1727 in
2738 1670 2851 1727 Deo
2886 1688 2898 1726 :
2936 1672 3233 1727 neminem
3266 1677 3462 1728 tamen
3485 1678 3608 1729 tam

1948 1760 2203 1816 absurde
2232 1760 2316 1816 vel
2339 1760 2698 1816 contentiose
2720 1760 2981 1816 locutum
2999 1760 3428 1830 audivimus,ut
3455 1763 3608 1819 dice-

1951 1852 2054 1917 ret,
2087 1849 2241 1905 sicut
2271 1850 2701 1905 ordinationem
2746 1853 2802 1905 et
2852 1850 3299 1922 dispositionem
3330 1852 3431 1907 Dei
3459 1868 3607 1918 esse,

1951 1938 2031 1994 ita
2088 1938 2283 2011 ipsum
2342 1942 2528 1995 Deum
2577 1938 3004 1995 ordinationem
3053 1944 3111 1995 et
3160 1939 3608 2012 dispositionem

1949 2044 2098 2095 esse,
2130 2026 2218 2083 vel
2250 2027 2331 2082 ita
2356 2027 2469 2083 dici
2502 2031 2559 2083 et
2579 2026 2810 2083 definiri
2840 2028 3068 2084 debere.

2019 2114 2183 2173 Unde
2214 2120 2410 2172 autem
2432 2121 2552 2172 tota
2569 2116 2690 2171 haec
2716 2122 2835 2172 tam
2861 2134 3008 2173 nova
3038 2123 3096 2173 et
3125 2119 3489 2175 contentiosa
3513 2120 3612 2176 de-

1949 2204 2136 2260 ﬂnitio
2168 2205 2534 2261 occasionem
2557 2206 2875 2278 sumpserit
2895 2206 3273 2261 manifestum
3305 2209 3608 2264 est.Timet

1948 2294 2103 2349 enim
2136 2311 2209 2349 ne
2239 2293 2287 2349 si
2320 2294 2683 2367 praescientia
2712 2299 2769 2349 et
2791 2294 3399 2367 praadestinatio,sicut
3419 2301 3478 2352 et
3501 2313 3607 2369 gu-

1948 2382 2211 2438 bernatio
2243 2383 2488 2451 Dei,non
2521 2382 2992 2440 substantialiter
3012 2384 3083 2440 de
3113 2384 3229 2440 Deo
3262 2384 3604 2457 accipiatur,

1948 2472 2050 2527 sed
2081 2472 2152 2527 ad
2186 2471 2615 2528 ordinationem
2629 2476 3038 2528 creaturarum
3053 2474 3182 2544 ejus
3199 2474 3503 2529 referenda
3524 2474 3612 2529 in-

1945 2559 2265 2634 telligatur,
2299 2578 2414 2617 non
2445 2561 2632 2634 possit
2661 2578 2789 2617 eam
2820 2562 3013 2618 dicere
3042 2561 3452 2634 duplicem,ve1
3485 2563 3608 2634 plu-

1946 2648 2087 2706 ralis
2118 2651 2350 2707 numeri
2379 2668 2507 2706 esse
2535 2669 2649 2706 non
2681 2668 2874 2723 posse.
2912 2651 3071 2707 Unde
3097 2653 3252 2724 apud
3304 2670 3411 2708 nos
3442 2654 3609 2709 nulla

1945 2741 2239 2795 contentio
2260 2740 2494 2809 est,sive
2519 2740 2741 2796 scilicet
2763 2741 2989 2813 possint
3010 2741 3122 2796 dici
3144 2741 3448 2814 pluraliter
3470 2760 3610 2814 pras-

1944 2829 2512 2894 destinationes,sive
2537 2847 2650 2885 non
2677 2829 2921 2901 possint,
2958 2832 3278 2886 dummodo
3302 2831 3445 2886 illud
3470 2832 3606 2885 tide-

1942 2916 2076 2973 liter
2104 2923 2163 2973 et
2192 2918 2438 2974 firmiter
2468 2923 2919 2989 teneamus,uno
2951 2924 3125 2991 atque
3158 2920 3360 2975 eodem
3392 2919 3599 2975 divinas

1943 3006 2322 3078 prmscientiaa
2343 3011 2401 3062 et
2424 3008 2950 3079 praedestinationis
2959 3008 3185 3080 judicio
3211 3012 3387 3080 atque
3409 3009 3601 3064 conci-

1943 3094 2020 3150 lio
2051 3097 2167 3152 duo
2200 3097 2467 3167 quadam
2501 3097 2826 3153 certissizne
2868 3095 3265 3169 adimplenda,
3298 3097 3355 3152 id
3404 3102 3513 3164 est,
3546 3101 3604 3153 et

1937 3184 2134 3255 justos
2178 3189 2404 3239 aeternae
2455 3184 2652 3258 gloriae
2700 3184 3142 3257 prmordinatois,
3177 3190 3233 3240 et
3276 3185 3512 3258 iniquos
3542 3186 3601 3241 in

154 3282 314 3335 Deus
339 3276 644 3349 sapientia
663 3280 773 3342 est,
793 3275 948 3330 Deus
976 3274 1193 3330 veritas
1210 3273 1420 3341 est,ita
1451 3278 1602 3329 Deus
1618 3275 1834 3345 praede-
1867 3259 1912 3329 C
1945 3272 2347 3345 impietatibus
2380 3272 2503 3330 suis
2536 3291 2723 3345 usque
2772 3275 2843 3329 ad
2891 3277 3139 3329 mortem
3171 3278 3604 3345 perseverantes

153 3366 410 3423 stinatio
441 3370 557 3421 est.
581 3365 695 3421 Sed
726 3363 896 3420 nobis
921 3362 1134 3419 melius
1156 3362 1665 3419 etconvenientius
1686 3380 1837 3419 verm

158 3457 298 3513 ﬁdei
340 3460 404 3513 et
431 3452 846 3511 ecclesiasticae
877 3451 1156 3510 doctrina:
1186 3451 1435 3523 videtur,
1469 3456 1532 3507 ut
1561 3452 1696 3508 licet
1716 3451 1837 3509 haec

155 3546 321 3621 apud
354 3561 471 3601 nos
515 3543 628 3599 tria
655 3559 783 3599 esse
812 3542 1140 3608 videantur,
1171 3539 1229 3596 id
1261 3545 1351 3597 est
1382 3540 1653 3609 scientia,
1688 3557 1838 3613 prae-

156 3634 419 3693 scientia
448 3637 509 3689 et
539 3630 995 3706 przedestinatio,
1018 3634 1077 3687 et
1105 3648 1175 3686 ea
1204 3629 1561 3703 quibusdam
1584 3629 1841 3703 proprie-

1946 3362 2176 3417 aaternis
2207 3361 2513 3433 suppliciis
2543 3362 2887 3417 destinatos.
2921 3361 3245 3433 Utrumque
3277 3363 3433 3418 enim
3457 3363 3607 3419 Scri-

1946 3455 2122 3524 ptura
2154 3450 2521 3522 apertissime
2565 3450 2707 3506 dicit
2756 3451 2826 3507 de
2867 3450 3048 3522 justis
3101 3467 3113 3506 :
3166 3452 3229 3515 E1
3258 3452 3609 3508 crediderunt

1946 3548 2202 3613 quotquot
2248 3548 2406 3596 erant
2442 3540 2812 3612 praeordinati
2841 3540 2910 3595 ad
2939 3542 3112 3595 vitam
3158 3548 3427 3597 aeternam
3465 3541 3604 3610 (Act.

1946 3647 2069 3699 xm,
2114 3630 2233 3698 48);
2285 3630 2357 3686 de
2402 3628 2601 3702 impiis
2643 3630 2805 3701 juste
2851 3629 3205 3685 damnandis
3259 3647 3272 3684 :
3327 3630 3608 3687 Sustinuit

157 3726 395 3781 tatibus
423 3722 834 3778 discernamus
863 3738 876 3777 :
910 3724 977 3776 ut
1001 3718 1272 3775 videlicet
1302 3717 1545 3773 scientia
1577 3716 1841 3774 absolute
1947 3721 2088 3776 Deus
2120 3722 2176 3775 in
2207 3720 2385 3775 multa
2403 3721 2674 3792 patientia
2698 3737 2826 3775 vasa
2859 3721 2963 3776 ira:
2990 3728 3175 3792 aptata
3222 3722 3280 3775 in
3320 3722 3609 3777 interitum

159 3809 791 3885 dicatur,prescientia
819 3826 952 3866 vero
985 3813 1043 3864 et
1072 3806 1506 3881 praedestinatio
1528 3807 1598 3862 ad
1621 3806 1843 3863 futuro-
1949 3808 2120 3881 (Rom.
2154 3810 2348 3881 1x,22).
2384 3810 2471 3864 Ita
2494 3808 2650 3864 enim
2684 3808 2793 3865 hoc
2822 3813 3138 3881 utrumque
3190 3810 3249 3865 in
3300 3808 3521 3878 electis,
3553 3814 3610 3866 et

162 3920 301 3959 rum
337 3898 772 3974 providentiam
804 3898 1133 3954 referantur
1178 3914 1191 3952 :
1246 3900 1304 3952 et
1347 3896 1407 3951 in
1438 3894 1581 3969 ipsis
1611 3897 1841 3953 duobus
1950 3898 2212 3971 reprobis
2245 3915 2361 3954 uno
2393 3899 2718 3970 eodemque
2745 3898 2950 3953 divinae
2983 3898 3610 3971 praedestinationis,et

160 3988 550 4065 praescientia
572 3987 864 4045 scilicetin
881 3985 1052 4043 bonis
1065 3990 1122 4042 et
1146 3985 1203 4041 in
1218 3984 1391 4041 malis
1408 3986 1841 4057 pnenoscendis
1941 3986 2155 4060 judicii
2179 3987 2383 4043 etl'ectu
2416 3987 2715 4060 peragitur
2747 4004 2759 4041 :
2796 3986 2947 4043 sicut
2977 4004 3094 4042 uno
3123 3988 3446 4061 eodemque
3467 3987 3610 4045 solis

160 4079 573 4152 intelligatur:
593 4075 1028 4150 praedestinatio
1058 4079 1254 4131 autem
1283 4074 1342 4130 in
1363 4073 1505 4130 solis
1536 4073 1706 4131 bonis
1731 4078 1843 4131 sta-

163 4167 416 4225 tuendis
445 4170 624 4238 atque
656 4164 1020 4232 ordiuandis,
1046 4181 1173 4237 qua:
1204 4166 1511 4235 propterea
1539 4162 1623 4220 sic
1654 4163 1765 4218 dici
1787 4168 1845 4220 et

163 4254 466 4329 distingui
498 4254 900 4311 necessarium
930 4253 1063 4320 fuit,
1095 4256 1163 4308 ut
1192 4251 1383 4320 nobis,
1416 4250 1517 4323 qui
1546 4255 1842 4324 tempora-

168 4346 257 4405 les
290 4350 359 4403 et
378 4343 661 4401 mortales
679 4344 975 4410 sumus,et
991 4341 1335 4415 plenissima
1354 4340 1598 4396 scientia
1618 4340 1679 4396 in
1704 4340 1841 4411 Deo,

164 4441 222 4492 et
249 4432 615 4510 gubernatio
645 4434 774 4505 ejus
796 4433 868 4489 ad
902 4434 1199 4509 creaturas
1220 4429 1534 4486 distinctus
1565 4430 1845 4502 quodam-

165 4526 354 4582 modo
366 4521 471 4580 tali
482 4521 864 4579 distinctione
877 4520 1043 4590 vel,si
1057 4520 1171 4576 dici
1188 4518 1840 4592 potest,distributione,

1953 4075 2116 4133 radio
2168 4080 2225 4131 et
2267 4075 2394 4132 sani
2426 4074 2579 4131 oculi
2609 4079 2953 4149 vegetantur
2983 4080 3039 4132 et
3068 4075 3332 4150 languidi
3363 4093 3610 4150 exaspe-

1952 4168 2158 4221 rantur
2189 4181 2201 4219 :
2238 4164 2391 4220 sicut
2419 4163 2595 4221 etiam
2621 4182 2737 4219 uno
2768 4165 3090 4236 eodemque
3121 4165 3242 4238 igni
3268 4170 3326 4220 et
3353 4165 3533 4220 limus
3556 4165 3608 4221 ei

1951 4253 2256 4328 appositus
2287 4253 2629 4322 durescit,et
2658 4271 2789 4310 cera
2819 4254 3090 4326 liquescit
3109 4271 3121 4309 :
3143 4254 3418 4326 dignetur
3433 4254 3610 4310 etiam

1952 4342 2377 4416 agnoscere,ita
2405 4344 2476 4398 de
2508 4343 3017 4414 praedestinatione
3053 4342 3171 4410 Dei,
3205 4342 3359 4398 sicut
3387 4343 3457 4399 de
3479 4343 3609 4415 ejus

1944 4432 2183 4503 justitia
2211 4431 2741 4503 sentiendum,quae
2773 4432 3215 4500 cumsituna,et
3243 4448 3474 4504 semper
3494 4450 3611 4490 uno

1951 4521 2273 4592 eodemque
2306 4519 2479 4577 modo
2512 4537 2572 4576 se
2604 4520 3162 4587 habens,manit‘esie
3192 4520 3486 4593 duplicem
3518 4538 3613 4578 re-

166 4614 581 4671 insinuaretur
598 4614 655 4668 et
671 4607 1604 4667 commendaretur:commodius
1641 4612 1839 4664 tamen
1870 4633 1921 4700 D
1953 4610 2095 4683 cipit
2122 4608 2620 4678 distributionem,
2652 4609 2794 4665 dum
2827 4626 2930 4682 per
2951 4627 3081 4666 eam
3112 4610 3202 4666 vel
3233 4610 3431 4684 dignis
3460 4627 3615 4683 prae-

166 4703 292 4759 haic
327 4701 444 4758 tria
472 4702 531 4756 in
563 4701 680 4757 Deo
711 4699 823 4756 sub
855 4716 971 4755 uno
1004 4699 1241 4755 nomine
1274 4697 1529 4754 scientiae
1561 4696 1846 4771 intelliga-
1870 4696 1909 4700 ”
1953 4699 2095 4766 mia,
2117 4698 2205 4754 vel
2240 4698 2501 4772 indignis
2532 4696 2824 4771 supplicia
2858 4698 3215 4772 irrogantur.

167 4790 492 4865 mus,quia
523 4788 812 4863 quidquid
844 4788 905 4844 in
935 4787 1031 4845 his
1052 4787 1244 4844 tribus
1277 4804 1310 4841 a
1339 4786 1509 4844 nobis
1548 4790 1845 4860 utcunque
2026 4789 2190 4845 Certe
2222 4789 2349 4861 ipse
2380 4787 2590 4844 asserit
2621 4786 2979 4844 voluntatem
3012 4788 3112 4845 Dei
3141 4788 3229 4845 vel
3260 4788 3320 4845 in
3358 4789 3616 4858 Deo,sic-

167 4875 1848 4955 intelligituretdistinctecognoscitur,inillaejussumma
1954 4881 2021 4934 ut
2068 4877 2436 4951 sapientiam,
2473 4876 2624 4933 sicut
2668 4877 2993 4946 veritatem,
3045 4878 3436 4935 essentialiter
3476 4877 3611 4947 dici,

169 4974 226 5026 et
254 4986 382 5026 una
411 4974 470 5025 et
500 4966 755 5041 simplici
777 4964 1023 5023 scientia
1039 4965 1217 5023 simul
1233 4966 1506 5022 est.Scire
1536 4965 1692 5021 enim
1715 4966 1844 5038 ejus
1954 4971 2097 5040 quot
2124 4966 2324 5039 utique
2352 4983 2555 5022 verum
2586 4966 2846 5021 est.Nam
2879 4966 2986 5023 etsi
3018 4967 3235 5023 diceret
3264 4967 3447 5022 Deum
3469 4966 3611 5023 sub-

171 5061 503 5133 perfectum
536 5062 594 5114 et
624 5056 865 5129 plenum
896 5060 1007 5124 est,
1040 5071 1146 5111 nec
1176 5059 1309 5128 post
1351 5053 1560 5124 minui,
1599 5055 1689 5111 vel
1733 5073 1841 5111 au-

173 5150 432 5223 geri,aut
461 5146 661 5221 aliqua
691 5162 888 5202 rerum
918 5145 1196 5201 varietate
1229 5144 1573 5217 permutari.
1608 5144 1676 5200 Et
1712 5144 1841 5201 ideo

174 5238 333 5312 quod
363 5254 472 5295 nos
485 5237 556 5293 de
569 5234 814 5293 scientia
827 5252 860 5291 a
878 5231 1243 5307 praescientia
1262 5236 1319 5289 et
1338 5232 1848 5306 praedestinatione

179 5330 314 5401 ejus
341 5325 503 5384 velut
530 5323 921 5383 discernendo
951 5338 1299 5396 cognoscere
1326 5322 1695 5389 conamur,in
1720 5324 1847 5396 ejus

180 5416 447 5490 perfecta
457 5419 517 5472 et
527 5411 995 5471 incommutabili
1022 5411 1267 5469 scientia
1284 5428 1399 5467 non
1422 5411 1579 5467 aliud
1595 5415 1651 5468 et
1662 5410 1821 5469 aliud
1832 5458 1846 5483 ,

177 5511 278 5563 aut
311 5505 484 5563 aliter
514 5503 602 5563 vel
648 5503 841 5573 aliter,
871 5502 972 5560 sed
1023 5518 1142 5557 uno
1196 5505 1372 5574 atque
1420 5502 1623 5557 eodem
1673 5503 1845 5559 modo

179 5594 534 5654 eternaliter
552 5593 835 5651 est.Unde
865 5595 923 5648 et
952 5595 1110 5648 recta
1139 5590 1539 5648 moderatione
1569 5590 1846 5649 ecclesia-

183 5685 345 5748 stica
361 5682 688 5763 discipline
706 5682 1122 5747 observantem
1135 5696 1264 5744 esse
1281 5679 1669 5754 credimus,ut
1690 5686 1845 5744 recte

1952 5055 2307 5112 stantialiter
2334 5071 2463 5111 esse
2484 5054 3114 5126 justitiam,verissime
3144 5055 3345 5127 utique
3368 5054 3609 5109 diceret.

1950 5149 2065 5201 Cur
2089 5144 2285 5218 itaque
2316 5143 2438 5199 haec
2470 5143 2584 5199 duo
2617 5160 2743 5216 quae
2776 5144 3240 5200 substantialiter
3263 5143 3322 5198 in
3353 5143 3493 5215 Deo,
3517 5141 3615 5198 vel

1957 5234 2133 5292 etiam
2164 5232 2633 5291 substantialiter
2662 5234 2815 5289 Deus
2848 5251 2976 5290 esse
3007 5231 3365 5302 dicuntur,id
3396 5236 3486 5289 est
3511 5249 3613 5288 vo-

1954 5324 2155 5380 luntas
2186 5324 2315 5394 ejus
2346 5326 2404 5377 et
2432 5321 2645 5378 veritas
2673 5323 2801 5393 ejus
2832 5320 3138 5393 pluraliter
3166 5320 3323 5376 dicta
3352 5321 3413 5375 in
3462 5319 3615 5374 Scri-

1955 5412 2146 5487 pturis
2176 5412 2453 5487 leguntur
2484 5428 2497 5466 :
2534 5411 2698 5465 Sicut
2726 5410 2978 5465 habetur
3003 5408 3061 5464 in
3090 5408 3478 5481 Psalmo,ipso
3508 5407 3618 5465 Do-

1955 5502 2116 5559 mino
2146 5502 2375 5558 dicente
2407 5518 2419 5556 :
2445 5500 2766 5569 Miriﬁcavit
2812 5515 2995 5555 omnes
3026 5499 3332 5555 voluntates
3367 5514 3516 5553 meas
3549 5497 3611 5553 in

1954 5594 2062 5660 eis;
2094 5595 2151 5647 et
2180 5590 2320 5649 alibi
2349 5607 2361 5646 :
2394 5590 2585 5645 Inveni
2616 5587 2787 5644 David
2815 5589 2999 5661 ﬁlium
3023 5593 3175 5646 Jesse
3203 5591 3394 5644 virum
3422 5603 3617 5645 secun-

1953 5682 2087 5744 dum
2130 5696 2223 5743 cor
2267 5695 2467 5752 meum,
2520 5679 2617 5757 qui
2662 5679 2837 5756 faciat
2879 5694 3062 5739 omnes
3106 5678 3416 5738 voluntates
3445 5693 3621 5757 meas.
