  <div class='ocr_page' id='page_1' title='image "/cluster/home/n/w/nwhite01/storage/ocr_20150623/119/umn.319510024774125/074.png"; bbox 0 0 4082 6472; ppageno 0'>
   <div class='ocr_carea' id='block_1_1' title="bbox 142 448 274 511">
    <p class='ocr_par' dir='ltr' id='par_1_1' title="bbox 142 448 274 511">
     <span class='ocr_line' id='line_1_1' title="bbox 142 448 274 511; baseline 0.008 -1"><span class='ocrx_word' id='word_1_1' title='bbox 142 448 274 511; x_wconf 83' lang='grc'>’113</span> 
     </span>
    </p>
   </div>
   <div class='ocr_carea' id='block_1_2' title="bbox 1130 442 2610 511">
    <p class='ocr_par' dir='ltr' id='par_1_2' title="bbox 1130 442 2610 511">
     <span class='ocr_line' id='line_1_2' title="bbox 1130 442 2610 511; baseline -0.001 -1"><span class='ocrx_word' id='word_1_2' title='bbox 1130 442 1365 511; x_wconf 78' lang='lat' dir='ltr'>LIBER</span> <span class='ocrx_word' id='word_1_3' title='bbox 1404 444 1818 509; x_wconf 78' lang='lat' dir='ltr'>ADVERSUS</span> <span class='ocrx_word' id='word_1_4' title='bbox 1859 442 2219 507; x_wconf 83' lang='lat' dir='ltr'>JOANNEM</span> <span class='ocrx_word' id='word_1_5' title='bbox 2267 445 2610 510; x_wconf 89' lang='lat' dir='ltr'>SCOTUM.</span> 
     </span>
    </p>
   </div>
   <div class='ocr_carea' id='block_1_3' title="bbox 3464 445 3581 509">
    <p class='ocr_par' dir='ltr' id='par_1_3' title="bbox 3464 445 3581 509">
     <span class='ocr_line' id='line_1_3' title="bbox 3464 445 3581 509; baseline 0 -1"><span class='ocrx_word' id='word_1_6' title='bbox 3464 445 3581 509; x_wconf 75' lang='grc'>114</span> 
     </span>
    </p>
   </div>
   <div class='ocr_carea' id='block_1_4' title="bbox 155 544 3587 656">
    <p class='ocr_par' dir='ltr' id='par_1_4' title="bbox 155 544 3587 656">
     <span class='ocr_line' id='line_1_4' title="bbox 155 544 3587 656; baseline 0 -17"><span class='ocrx_word' id='word_1_7' title='bbox 155 581 310 639; x_wconf 85' lang='lat' dir='ltr'>ratio</span> <span class='ocrx_word' id='word_1_8' title='bbox 343 597 356 638; x_wconf 90' lang='lat'>:</span> <span class='ocrx_word' id='word_1_9' title='bbox 392 580 587 656; x_wconf 88' lang='lat' dir='ltr'>gratia</span> <span class='ocrx_word' id='word_1_10' title='bbox 614 595 750 638; x_wconf 88' lang='lat' dir='ltr'>vero</span> <span class='ocrx_word' id='word_1_11' title='bbox 798 578 920 654; x_wconf 76' lang='lat' dir='ltr'>iam</span> <span class='ocrx_word' id='word_1_12' title='bbox 966 578 1095 655; x_wconf 84' lang='lat' dir='ltr'>ipsa</span> <span class='ocrx_word' id='word_1_13' title='bbox 1124 580 1379 637; x_wconf 78' lang='lat' dir='ltr'>donatio.</span> <span class='ocrx_word' id='word_1_14' title='bbox 1412 544 1574 645; x_wconf 88' lang='lat' dir='ltr'>Quod</span> <span class='ocrx_word' id='word_1_15' title='bbox 1624 577 1821 651; x_wconf 80' lang='lat' dir='ltr'>itaque</span> <span class='ocrx_word' id='word_1_16' title='bbox 1851 577 1905 646; x_wconf 84' lang='grc' dir='ltr'><strong>Α</strong></span> <span class='ocrx_word' id='word_1_17' title='bbox 1934 584 1991 635; x_wconf 89' lang='lat' dir='ltr'>ct</span> <span class='ocrx_word' id='word_1_18' title='bbox 2020 578 2244 636; x_wconf 88' lang='lat' dir='ltr'>sincere</span> <span class='ocrx_word' id='word_1_19' title='bbox 2273 578 2345 635; x_wconf 89' lang='lat' dir='ltr'>de</span> <span class='ocrx_word' id='word_1_20' title='bbox 2376 578 2742 653; x_wconf 65' lang='lat' dir='ltr'>praescientia</span> <span class='ocrx_word' id='word_1_21' title='bbox 2771 582 2827 637; x_wconf 91' lang='lat' dir='ltr'>et</span> <span class='ocrx_word' id='word_1_22' title='bbox 2856 577 3365 653; x_wconf 65' lang='lat' dir='ltr'>praedestinatione</span> <span class='ocrx_word' id='word_1_23' title='bbox 3390 581 3587 640; x_wconf 88' lang='lat' dir='ltr'>divina</span> 
     </span>
    </p>
   </div>
   <div class='ocr_carea' id='block_1_5' title="bbox 154 670 1825 744">
    <p class='ocr_par' dir='ltr' id='par_1_5' title="bbox 154 670 1825 744">
     <span class='ocr_line' id='line_1_5' title="bbox 154 670 1825 744; baseline -0.003 -16"><span class='ocrx_word' id='word_1_24' title='bbox 154 671 237 729; x_wconf 87' lang='lat' dir='ltr'>ait</span> <span class='ocrx_word' id='word_1_25' title='bbox 273 671 601 744; x_wconf 80' lang='lat' dir='ltr'>Apostolus</span> <span class='ocrx_word' id='word_1_26' title='bbox 635 688 648 728; x_wconf 88' lang='lat'>:</span> <span class='ocrx_word' id='word_1_27' title='bbox 681 673 801 728; x_wconf 80' lang='lat' dir='ltr'>Non</span> <span class='ocrx_word' id='word_1_28' title='bbox 829 688 900 728; x_wconf 72' lang='lat' dir='ltr'>ex</span> <span class='ocrx_word' id='word_1_29' title='bbox 927 673 1198 744; x_wconf 85' lang='lat' dir='ltr'>operibus,</span> <span class='ocrx_word' id='word_1_30' title='bbox 1234 687 1301 726; x_wconf 91' lang='lat' dir='ltr'>ne</span> <span class='ocrx_word' id='word_1_31' title='bbox 1329 673 1471 743; x_wconf 80' lang='lat' dir='ltr'>forte</span> <span class='ocrx_word' id='word_1_32' title='bbox 1501 671 1620 743; x_wconf 89' lang='lat' dir='ltr'>quis</span> <span class='ocrx_word' id='word_1_33' title='bbox 1648 670 1825 724; x_wconf 72' lang='lat' dir='ltr'>extol-</span> 
     </span>
    </p>
   </div>
   <div class='ocr_carea' id='block_1_6' title="bbox 156 758 1826 833">
    <p class='ocr_par' dir='ltr' id='par_1_6' title="bbox 156 758 1826 833">
     <span class='ocr_line' id='line_1_6' title="bbox 156 758 1826 833; baseline -0.002 -16"><span class='ocrx_word' id='word_1_34' title='bbox 156 762 327 827; x_wconf 85' lang='lat' dir='ltr'>latur,</span> <span class='ocrx_word' id='word_1_35' title='bbox 354 762 538 833; x_wconf 86' lang='lat' dir='ltr'>ipsius</span> <span class='ocrx_word' id='word_1_36' title='bbox 567 762 717 818; x_wconf 86' lang='lat' dir='ltr'>enim</span> <span class='ocrx_word' id='word_1_37' title='bbox 744 777 940 816; x_wconf 87' lang='lat' dir='ltr'>sumus</span> <span class='ocrx_word' id='word_1_38' title='bbox 965 761 1303 832; x_wconf 81' lang='lat' dir='ltr'>ﬁgmentum,</span> <span class='ocrx_word' id='word_1_39' title='bbox 1328 760 1500 815; x_wconf 78' lang='lat' dir='ltr'>creati</span> <span class='ocrx_word' id='word_1_40' title='bbox 1530 761 1587 813; x_wconf 88' lang='lat' dir='ltr'>in</span> <span class='ocrx_word' id='word_1_41' title='bbox 1610 758 1826 814; x_wconf 76' lang='lat' dir='ltr'>Christo</span> 
     </span>
    </p>
   </div>
   <div class='ocr_carea' id='block_1_7' title="bbox 152 848 1824 922">
    <p class='ocr_par' dir='ltr' id='par_1_7' title="bbox 152 848 1824 922">
     <span class='ocr_line' id='line_1_7' title="bbox 152 848 1824 922; baseline -0.002 -16"><span class='ocrx_word' id='word_1_42' title='bbox 152 850 285 908; x_wconf 72' lang='lat' dir='ltr'>Iesu</span> <span class='ocrx_word' id='word_1_43' title='bbox 318 852 381 906; x_wconf 86' lang='lat' dir='ltr'>in</span> <span class='ocrx_word' id='word_1_44' title='bbox 410 850 669 922; x_wconf 76' lang='lat' dir='ltr'>operibus</span> <span class='ocrx_word' id='word_1_45' title='bbox 712 848 886 916; x_wconf 81' lang='lat' dir='ltr'>bonis,</span> <span class='ocrx_word' id='word_1_46' title='bbox 913 849 1104 922; x_wconf 89' lang='lat' dir='ltr'>gratia</span> <span class='ocrx_word' id='word_1_47' title='bbox 1149 853 1266 917; x_wconf 89' lang='lat' dir='ltr'>est;</span> <span class='ocrx_word' id='word_1_48' title='bbox 1302 849 1457 921; x_wconf 92' lang='lat' dir='ltr'>quod</span> <span class='ocrx_word' id='word_1_49' title='bbox 1507 851 1701 903; x_wconf 87' lang='lat' dir='ltr'>autem</span> <span class='ocrx_word' id='word_1_50' title='bbox 1736 862 1824 902; x_wconf 90' lang='lat' dir='ltr'>se-</span> 
     </span>
    </p>
   </div>
   <div class='ocr_carea' id='block_1_8' title="bbox 157 937 1826 1013">
    <p class='ocr_par' dir='ltr' id='par_1_8' title="bbox 157 937 1826 1013">
     <span class='ocr_line' id='line_1_8' title="bbox 157 937 1826 1013; baseline -0.003 -18"><span class='ocrx_word' id='word_1_51' title='bbox 157 940 400 1013; x_wconf 81' lang='lat' dir='ltr'>quitur:</span> <span class='ocrx_word' id='word_1_52' title='bbox 434 943 586 1012; x_wconf 68' lang='lat' dir='ltr'>Quze</span> <span class='ocrx_word' id='word_1_53' title='bbox 610 940 948 1011; x_wconf 79' lang='lat' dir='ltr'>prceparavit</span> <span class='ocrx_word' id='word_1_54' title='bbox 973 939 1135 1002; x_wconf 89' lang='lat' dir='ltr'>Deus,</span> <span class='ocrx_word' id='word_1_55' title='bbox 1162 945 1221 992; x_wconf 88' lang='lat' dir='ltr'>ut</span> <span class='ocrx_word' id='word_1_56' title='bbox 1240 940 1297 992; x_wconf 89' lang='lat' dir='ltr'>in</span> <span class='ocrx_word' id='word_1_57' title='bbox 1321 938 1436 993; x_wconf 82' lang='lat' dir='ltr'><em>illis</em></span> <span class='ocrx_word' id='word_1_58' title='bbox 1461 937 1826 1003; x_wconf 86' lang='lat' dir='ltr'>ambulemus,</span> 
     </span>
    </p>
   </div>
   <div class='ocr_carea' id='block_1_9' title="bbox 1937 668 3586 743">
    <p class='ocr_par' dir='ltr' id='par_1_9' title="bbox 1937 668 3586 743">
     <span class='ocr_line' id='line_1_9' title="bbox 1937 668 3586 743; baseline 0.002 -19"><span class='ocrx_word' id='word_1_59' title='bbox 1937 670 2153 725; x_wconf 89' lang='lat' dir='ltr'>sentire</span> <span class='ocrx_word' id='word_1_60' title='bbox 2179 668 2489 724; x_wconf 81' lang='lat' dir='ltr'>desiderat.</span> <span class='ocrx_word' id='word_1_61' title='bbox 2512 668 2617 725; x_wconf 88' lang='lat' dir='ltr'>Illa</span> <span class='ocrx_word' id='word_1_62' title='bbox 2646 673 2841 726; x_wconf 89' lang='lat' dir='ltr'>autem</span> <span class='ocrx_word' id='word_1_63' title='bbox 2874 671 3007 727; x_wconf 89' lang='lat' dir='ltr'>novi</span> <span class='ocrx_word' id='word_1_64' title='bbox 3032 669 3413 743; x_wconf 79' lang='lat' dir='ltr'>disputatorie</span> <span class='ocrx_word' id='word_1_65' title='bbox 3443 672 3586 728; x_wconf 90' lang='lat' dir='ltr'>deﬁ-</span> 
     </span>
    </p>
   </div>
   <div class='ocr_carea' id='block_1_10' title="bbox 1936 758 3589 831">
    <p class='ocr_par' dir='ltr' id='par_1_10' title="bbox 1936 758 3589 831">
     <span class='ocr_line' id='line_1_10' title="bbox 1936 758 3589 831; baseline 0.004 -17"><span class='ocrx_word' id='word_1_66' title='bbox 1936 759 2099 825; x_wconf 90' lang='lat' dir='ltr'>nitio,</span> <span class='ocrx_word' id='word_1_67' title='bbox 2127 775 2243 831; x_wconf 91' lang='lat' dir='ltr'>qua</span> <span class='ocrx_word' id='word_1_68' title='bbox 2262 758 2382 814; x_wconf 68' lang='lat' dir='ltr'>haec</span> <span class='ocrx_word' id='word_1_69' title='bbox 2408 759 2523 814; x_wconf 91' lang='lat' dir='ltr'>duo</span> <span class='ocrx_word' id='word_1_70' title='bbox 2544 762 2709 815; x_wconf 89' lang='lat' dir='ltr'>tanta</span> <span class='ocrx_word' id='word_1_71' title='bbox 2737 759 3086 816; x_wconf 81' lang='lat' dir='ltr'>discretione</span> <span class='ocrx_word' id='word_1_72' title='bbox 3107 760 3403 827; x_wconf 88' lang='lat' dir='ltr'>distincta,</span> <span class='ocrx_word' id='word_1_73' title='bbox 3424 766 3589 820; x_wconf 87' lang='lat' dir='ltr'>tanta</span> 
     </span>
    </p>
   </div>
   <div class='ocr_carea' id='block_1_11' title="bbox 1934 848 3587 922">
    <p class='ocr_par' dir='ltr' id='par_1_11' title="bbox 1934 848 3587 922">
     <span class='ocr_line' id='line_1_11' title="bbox 1934 848 3587 922; baseline 0.002 -19"><span class='ocrx_word' id='word_1_74' title='bbox 1934 848 2235 921; x_wconf 82' lang='lat' dir='ltr'>diligentia</span> <span class='ocrx_word' id='word_1_75' title='bbox 2277 848 2530 905; x_wconf 87' lang='lat' dir='ltr'>discreta</span> <span class='ocrx_word' id='word_1_76' title='bbox 2576 865 2762 904; x_wconf 89' lang='lat' dir='ltr'>unum</span> <span class='ocrx_word' id='word_1_77' title='bbox 2796 848 3069 922; x_wconf 87' lang='lat' dir='ltr'>idemque</span> <span class='ocrx_word' id='word_1_78' title='bbox 3117 867 3245 907; x_wconf 89' lang='lat' dir='ltr'>esse</span> <span class='ocrx_word' id='word_1_79' title='bbox 3297 851 3587 908; x_wconf 87' lang='lat' dir='ltr'>deﬁniun-</span> 
     </span>
    </p>
   </div>
   <div class='ocr_carea' id='block_1_12' title="bbox 1934 937 3592 1013">
    <p class='ocr_par' dir='ltr' id='par_1_12' title="bbox 1934 937 3592 1013">
     <span class='ocr_line' id='line_1_12' title="bbox 1934 937 3592 1013; baseline 0.003 -21"><span class='ocrx_word' id='word_1_80' title='bbox 1934 942 2051 1005; x_wconf 86' lang='lat' dir='ltr'>tur,</span> <span class='ocrx_word' id='word_1_81' title='bbox 2078 939 2282 993; x_wconf 90' lang='lat' dir='ltr'>merito</span> <span class='ocrx_word' id='word_1_82' title='bbox 2313 954 2431 992; x_wconf 66' lang='lat' dir='ltr'>sua:</span> <span class='ocrx_word' id='word_1_83' title='bbox 2461 937 2734 993; x_wconf 83' lang='lat' dir='ltr'>falsitatis</span> <span class='ocrx_word' id='word_1_84' title='bbox 2762 943 2936 1011; x_wconf 88' lang='lat' dir='ltr'>atque</span> <span class='ocrx_word' id='word_1_85' title='bbox 2968 938 3208 995; x_wconf 72' lang='lat' dir='ltr'>fallacia:</span> <span class='ocrx_word' id='word_1_86' title='bbox 3238 942 3474 1013; x_wconf 85' lang='lat' dir='ltr'>penitus</span> <span class='ocrx_word' id='word_1_87' title='bbox 3495 942 3592 997; x_wconf 90' lang='lat' dir='ltr'>ab-</span> 
     </span>
    </p>
   </div>
   <div class='ocr_carea' id='block_1_13' title="bbox 153 1025 3590 1102">
    <p class='ocr_par' dir='ltr' id='par_1_13' title="bbox 153 1025 3590 1102">
     <span class='ocr_line' id='line_1_13' title="bbox 153 1025 3590 1102; baseline 0.001 -18"><span class='ocrx_word' id='word_1_88' title='bbox 153 1027 603 1102; x_wconf 67' lang='lat' dir='ltr'>praadestinatio</span> <span class='ocrx_word' id='word_1_89' title='bbox 633 1032 742 1091; x_wconf 85' lang='lat' dir='ltr'>est.</span> <span class='ocrx_word' id='word_1_90' title='bbox 776 1044 904 1100; x_wconf 74' lang='lat' dir='ltr'>quae</span> <span class='ocrx_word' id='word_1_91' title='bbox 936 1026 1063 1083; x_wconf 87' lang='lat' dir='ltr'>sine</span> <span class='ocrx_word' id='word_1_92' title='bbox 1092 1025 1458 1099; x_wconf 68' lang='lat' dir='ltr'>praascientia</span> <span class='ocrx_word' id='word_1_93' title='bbox 1488 1042 1604 1081; x_wconf 91' lang='lat' dir='ltr'>non</span> <span class='ocrx_word' id='word_1_94' title='bbox 1636 1028 1828 1098; x_wconf 84' lang='lat' dir='ltr'>potest</span> <span class='ocrx_word' id='word_1_95' title='bbox 1929 1028 2193 1099; x_wconf 87' lang='lat' dir='ltr'>jicienda</span> <span class='ocrx_word' id='word_1_96' title='bbox 2222 1031 2328 1083; x_wconf 89' lang='lat' dir='ltr'>est.</span> <span class='ocrx_word' id='word_1_97' title='bbox 2355 1026 2484 1082; x_wconf 89' lang='lat' dir='ltr'>Sive</span> <span class='ocrx_word' id='word_1_98' title='bbox 2509 1027 2666 1082; x_wconf 90' lang='lat' dir='ltr'>enim</span> <span class='ocrx_word' id='word_1_99' title='bbox 2691 1027 2799 1083; x_wconf 93' lang='lat' dir='ltr'>hoc</span> <span class='ocrx_word' id='word_1_100' title='bbox 2830 1027 2927 1083; x_wconf 89' lang='lat' dir='ltr'>ille</span> <span class='ocrx_word' id='word_1_101' title='bbox 2953 1032 3261 1101; x_wconf 87' lang='lat' dir='ltr'>propterea</span> <span class='ocrx_word' id='word_1_102' title='bbox 3281 1029 3475 1085; x_wconf 83' lang='lat' dir='ltr'>taliter</span> <span class='ocrx_word' id='word_1_103' title='bbox 3494 1030 3590 1087; x_wconf 86' lang='lat' dir='ltr'>de-</span> 
     </span>
    </p>
   </div>
   <div class='ocr_carea' id='block_1_14' title="bbox 152 1114 1826 1191">
    <p class='ocr_par' dir='ltr' id='par_1_14' title="bbox 152 1114 1826 1191">
     <span class='ocr_line' id='line_1_14' title="bbox 152 1114 1826 1191; baseline -0.004 -16"><span class='ocrx_word' id='word_1_104' title='bbox 152 1135 285 1175; x_wconf 77' lang='lat' dir='ltr'>esse</span> <span class='ocrx_word' id='word_1_105' title='bbox 314 1135 328 1174; x_wconf 89' lang='lat'>:</span> <span class='ocrx_word' id='word_1_106' title='bbox 356 1122 555 1191; x_wconf 86' lang='lat' dir='ltr'>potest</span> <span class='ocrx_word' id='word_1_107' title='bbox 583 1120 783 1173; x_wconf 87' lang='lat' dir='ltr'>autem</span> <span class='ocrx_word' id='word_1_108' title='bbox 812 1133 941 1173; x_wconf 88' lang='lat' dir='ltr'>esse</span> <span class='ocrx_word' id='word_1_109' title='bbox 982 1116 1109 1172; x_wconf 89' lang='lat' dir='ltr'>sine</span> <span class='ocrx_word' id='word_1_110' title='bbox 1140 1114 1649 1188; x_wconf 68' lang='lat' dir='ltr'>praedestinatione</span> <span class='ocrx_word' id='word_1_111' title='bbox 1679 1131 1826 1186; x_wconf 67' lang='lat' dir='ltr'>prm-</span> 
     </span>
    </p>
   </div>
   <div class='ocr_carea' id='block_1_15' title="bbox 154 1203 1829 1277">
    <p class='ocr_par' dir='ltr' id='par_1_15' title="bbox 154 1203 1829 1277">
     <span class='ocr_line' id='line_1_15' title="bbox 154 1203 1829 1277; baseline -0.004 -13"><span class='ocrx_word' id='word_1_112' title='bbox 154 1207 428 1265; x_wconf 89' lang='lat' dir='ltr'>scientia.</span> <span class='ocrx_word' id='word_1_113' title='bbox 459 1205 979 1262; x_wconf 68' lang='lat' dir='ltr'>Praedestinatione</span> <span class='ocrx_word' id='word_1_114' title='bbox 1013 1205 1228 1277; x_wconf 89' lang='lat' dir='ltr'>quippe</span> <span class='ocrx_word' id='word_1_115' title='bbox 1257 1204 1411 1260; x_wconf 87' lang='lat' dir='ltr'>Deus</span> <span class='ocrx_word' id='word_1_116' title='bbox 1441 1220 1509 1259; x_wconf 90' lang='lat' dir='ltr'>ea</span> <span class='ocrx_word' id='word_1_117' title='bbox 1537 1203 1829 1276; x_wconf 75' lang='lat' dir='ltr'>praescivit</span> 
     </span>
    </p>
   </div>
   <div class='ocr_carea' id='block_1_16' title="bbox 153 1293 1829 1371">
    <p class='ocr_par' dir='ltr' id='par_1_16' title="bbox 153 1293 1829 1371">
     <span class='ocr_line' id='line_1_16' title="bbox 153 1293 1829 1371; baseline -0.002 -17"><span class='ocrx_word' id='word_1_118' title='bbox 153 1314 287 1371; x_wconf 62' lang='lat' dir='ltr'>qua</span> <span class='ocrx_word' id='word_1_119' title='bbox 309 1297 507 1354; x_wconf 87' lang='lat' dir='ltr'>fuerat</span> <span class='ocrx_word' id='word_1_120' title='bbox 526 1295 651 1368; x_wconf 89' lang='lat' dir='ltr'>ipse</span> <span class='ocrx_word' id='word_1_121' title='bbox 671 1294 973 1351; x_wconf 84' lang='lat' dir='ltr'>facturus?</span> <span class='ocrx_word' id='word_1_122' title='bbox 996 1294 1158 1350; x_wconf 89' lang='lat' dir='ltr'>Unde</span> <span class='ocrx_word' id='word_1_123' title='bbox 1183 1293 1407 1349; x_wconf 89' lang='lat' dir='ltr'>dictum</span> <span class='ocrx_word' id='word_1_124' title='bbox 1430 1298 1538 1361; x_wconf 86' lang='lat' dir='ltr'>est,</span> <span class='ocrx_word' id='word_1_125' title='bbox 1555 1295 1685 1364; x_wconf 80' lang='lat' dir='ltr'>fecit</span> <span class='ocrx_word' id='word_1_126' title='bbox 1702 1307 1829 1365; x_wconf 69' lang='lat' dir='ltr'>quae</span> 
     </span>
    </p>
   </div>
   <div class='ocr_carea' id='block_1_17' title="bbox 149 1382 1826 1459">
    <p class='ocr_par' dir='ltr' id='par_1_17' title="bbox 149 1382 1826 1459">
     <span class='ocr_line' id='line_1_17' title="bbox 149 1382 1826 1459; baseline -0.004 -16"><span class='ocrx_word' id='word_1_127' title='bbox 149 1389 352 1459; x_wconf 81' lang='lat' dir='ltr'>futura</span> <span class='ocrx_word' id='word_1_128' title='bbox 378 1393 536 1443; x_wconf 81' lang='lat' dir='ltr'>sunt.</span> <span class='ocrx_word' id='word_1_129' title='bbox 560 1383 833 1441; x_wconf 72' lang='lat' dir='ltr'>Praescire</span> <span class='ocrx_word' id='word_1_130' title='bbox 879 1387 1073 1440; x_wconf 83' lang='lat' dir='ltr'>autem</span> <span class='ocrx_word' id='word_1_131' title='bbox 1114 1387 1321 1456; x_wconf 87' lang='lat' dir='ltr'>potens</span> <span class='ocrx_word' id='word_1_132' title='bbox 1361 1386 1468 1449; x_wconf 88' lang='lat' dir='ltr'>est,</span> <span class='ocrx_word' id='word_1_133' title='bbox 1487 1382 1665 1439; x_wconf 89' lang='lat' dir='ltr'>etiam</span> <span class='ocrx_word' id='word_1_134' title='bbox 1698 1400 1826 1454; x_wconf 66' lang='lat' dir='ltr'>quae</span> 
     </span>
    </p>
   </div>
   <div class='ocr_carea' id='block_1_18' title="bbox 152 1471 1829 1550">
    <p class='ocr_par' dir='ltr' id='par_1_18' title="bbox 152 1471 1829 1550">
     <span class='ocr_line' id='line_1_18' title="bbox 152 1471 1829 1550; baseline -0.002 -19"><span class='ocrx_word' id='word_1_135' title='bbox 152 1475 282 1550; x_wconf 86' lang='lat' dir='ltr'>ipse</span> <span class='ocrx_word' id='word_1_136' title='bbox 302 1492 428 1532; x_wconf 88' lang='lat' dir='ltr'>non</span> <span class='ocrx_word' id='word_1_137' title='bbox 445 1474 610 1540; x_wconf 84' lang='lat' dir='ltr'>facit,</span> <span class='ocrx_word' id='word_1_138' title='bbox 626 1474 784 1531; x_wconf 85' lang='lat' dir='ltr'>sicut</span> <span class='ocrx_word' id='word_1_139' title='bbox 800 1489 1165 1546; x_wconf 68' lang='lat' dir='ltr'>quaecunque</span> <span class='ocrx_word' id='word_1_140' title='bbox 1187 1477 1444 1545; x_wconf 89' lang='lat' dir='ltr'>peccata.</span> <span class='ocrx_word' id='word_1_141' title='bbox 1460 1471 1605 1536; x_wconf 86' lang='lat' dir='ltr'>Quia</span> <span class='ocrx_word' id='word_1_142' title='bbox 1621 1472 1671 1528; x_wconf 88' lang='lat' dir='ltr'>si</span> <span class='ocrx_word' id='word_1_143' title='bbox 1689 1475 1829 1527; x_wconf 90' lang='lat' dir='ltr'>sunt</span> 
     </span>
    </p>
   </div>
   <div class='ocr_carea' id='block_1_19' title="bbox 153 1561 1826 1639">
    <p class='ocr_par' dir='ltr' id='par_1_19' title="bbox 153 1561 1826 1639">
     <span class='ocr_line' id='line_1_19' title="bbox 153 1561 1826 1639; baseline -0.004 -17"><span class='ocrx_word' id='word_1_144' title='bbox 153 1567 436 1639; x_wconf 76' lang='lat' dir='ltr'>quaedam</span> <span class='ocrx_word' id='word_1_145' title='bbox 466 1580 600 1636; x_wconf 66' lang='lat' dir='ltr'>quae</span> <span class='ocrx_word' id='word_1_146' title='bbox 630 1563 712 1619; x_wconf 89' lang='lat' dir='ltr'>ita</span> <span class='ocrx_word' id='word_1_147' title='bbox 744 1566 983 1636; x_wconf 88' lang='lat' dir='ltr'>peccata</span> <span class='ocrx_word' id='word_1_148' title='bbox 1012 1567 1170 1631; x_wconf 91' lang='lat' dir='ltr'>sunt,</span> <span class='ocrx_word' id='word_1_149' title='bbox 1196 1566 1263 1617; x_wconf 93' lang='lat' dir='ltr'>ut</span> <span class='ocrx_word' id='word_1_150' title='bbox 1288 1579 1469 1635; x_wconf 66' lang='lat' dir='ltr'>pcenee</span> <span class='ocrx_word' id='word_1_151' title='bbox 1503 1562 1621 1617; x_wconf 89' lang='lat' dir='ltr'>sint</span> <span class='ocrx_word' id='word_1_152' title='bbox 1650 1561 1826 1617; x_wconf 88' lang='lat' dir='ltr'>etiam</span> 
     </span>
    </p>
   </div>
   <div class='ocr_carea' id='block_1_20' title="bbox 153 1650 1828 1729">
    <p class='ocr_par' dir='ltr' id='par_1_20' title="bbox 153 1650 1828 1729">
     <span class='ocr_line' id='line_1_20' title="bbox 153 1650 1828 1729; baseline -0.004 -17"><span class='ocrx_word' id='word_1_153' title='bbox 153 1659 566 1729; x_wconf 81' lang='lat' dir='ltr'>peccatorum.</span> <span class='ocrx_word' id='word_1_154' title='bbox 590 1652 756 1708; x_wconf 91' lang='lat' dir='ltr'>Unde</span> <span class='ocrx_word' id='word_1_155' title='bbox 788 1650 1009 1708; x_wconf 88' lang='lat' dir='ltr'>dictum</span> <span class='ocrx_word' id='word_1_156' title='bbox 1040 1655 1167 1708; x_wconf 89' lang='lat' dir='ltr'>est:</span> <span class='ocrx_word' id='word_1_157' title='bbox 1192 1653 1257 1707; x_wconf 89' lang='lat' dir='ltr'>Et</span> <span class='ocrx_word' id='word_1_158' title='bbox 1286 1651 1515 1707; x_wconf 77' lang='lat' dir='ltr'>tradidit</span> <span class='ocrx_word' id='word_1_159' title='bbox 1542 1652 1664 1707; x_wconf 86' lang='lat' dir='ltr'>illos</span> <span class='ocrx_word' id='word_1_160' title='bbox 1693 1655 1828 1706; x_wconf 97' lang='lat' dir='ltr'>Deus</span> 
     </span>
    </p>
   </div>
   <div class='ocr_carea' id='block_1_21' title="bbox 152 1742 1829 1817">
    <p class='ocr_par' dir='ltr' id='par_1_21' title="bbox 152 1742 1829 1817">
     <span class='ocr_line' id='line_1_21' title="bbox 152 1742 1829 1817; baseline -0.004 -16"><span class='ocrx_word' id='word_1_161' title='bbox 152 1748 217 1802; x_wconf 82' lang='lat' dir='ltr'>in</span> <span class='ocrx_word' id='word_1_162' title='bbox 244 1745 549 1817; x_wconf 85' lang='lat' dir='ltr'>reprobam</span> <span class='ocrx_word' id='word_1_163' title='bbox 575 1750 830 1807; x_wconf 87' lang='lat' dir='ltr'>mentem,</span> <span class='ocrx_word' id='word_1_164' title='bbox 864 1749 925 1797; x_wconf 90' lang='lat' dir='ltr'>ut</span> <span class='ocrx_word' id='word_1_165' title='bbox 949 1743 1163 1814; x_wconf 79' lang='lat' dir='ltr'>faciant</span> <span class='ocrx_word' id='word_1_166' title='bbox 1191 1756 1317 1813; x_wconf 68' lang='lat' dir='ltr'>qua?</span> <span class='ocrx_word' id='word_1_167' title='bbox 1356 1757 1463 1796; x_wconf 86' lang='lat' dir='ltr'>non</span> <span class='ocrx_word' id='word_1_168' title='bbox 1502 1742 1829 1795; x_wconf 82' lang='lat' dir='ltr'>conveniunt</span> 
     </span>
    </p>
   </div>
   <div class='ocr_carea' id='block_1_22' title="bbox 154 1827 1825 1907">
    <p class='ocr_par' dir='ltr' id='par_1_22' title="bbox 154 1827 1825 1907">
     <span class='ocr_line' id='line_1_22' title="bbox 154 1827 1825 1907; baseline -0.005 -16"><span class='ocrx_word' id='word_1_169' title='bbox 154 1836 286 1907; x_wconf 80' lang='lat' dir='ltr'>(Isa.</span> <span class='ocrx_word' id='word_1_170' title='bbox 320 1850 457 1899; x_wconf 76' lang='lat' dir='ltr'>XLv,</span> <span class='ocrx_word' id='word_1_171' title='bbox 494 1833 557 1886; x_wconf 87' lang='lat'>11</span> <span class='ocrx_word' id='word_1_172' title='bbox 600 1847 705 1887; x_wconf 89' lang='lat' dir='ltr'>sec.</span> <span class='ocrx_word' id='word_1_173' title='bbox 739 1832 921 1898; x_wconf 81' lang='lat' dir='ltr'>LXX):</span> <span class='ocrx_word' id='word_1_174' title='bbox 946 1831 1072 1885; x_wconf 91' lang='lat' dir='ltr'>Non</span> <span class='ocrx_word' id='word_1_175' title='bbox 1106 1829 1184 1885; x_wconf 91' lang='lat' dir='ltr'>ibi</span> <span class='ocrx_word' id='word_1_176' title='bbox 1218 1827 1519 1901; x_wconf 85' lang='lat' dir='ltr'>peccatum</span> <span class='ocrx_word' id='word_1_177' title='bbox 1571 1829 1672 1885; x_wconf 91' lang='lat' dir='ltr'>Dei</span> <span class='ocrx_word' id='word_1_178' title='bbox 1718 1832 1825 1896; x_wconf 89' lang='lat' dir='ltr'>est,</span> 
     </span>
    </p>
   </div>
   <div class='ocr_carea' id='block_1_23' title="bbox 1938 1115 3586 1189">
    <p class='ocr_par' dir='ltr' id='par_1_23' title="bbox 1938 1115 3586 1189">
     <span class='ocr_line' id='line_1_23' title="bbox 1938 1115 3586 1189; baseline 0.003 -19"><span class='ocrx_word' id='word_1_179' title='bbox 1938 1116 2106 1171; x_wconf 88' lang='lat' dir='ltr'>ﬁnire</span> <span class='ocrx_word' id='word_1_180' title='bbox 2135 1115 2402 1183; x_wconf 90' lang='lat' dir='ltr'>voluerit,</span> <span class='ocrx_word' id='word_1_181' title='bbox 2432 1119 2496 1170; x_wconf 91' lang='lat' dir='ltr'>ut</span> <span class='ocrx_word' id='word_1_182' title='bbox 2541 1132 2608 1171; x_wconf 88' lang='lat' dir='ltr'>ea</span> <span class='ocrx_word' id='word_1_183' title='bbox 2633 1115 2829 1183; x_wconf 89' lang='lat' dir='ltr'>(sicuti</span> <span class='ocrx_word' id='word_1_184' title='bbox 2865 1117 2991 1189; x_wconf 88' lang='lat' dir='ltr'>jam</span> <span class='ocrx_word' id='word_1_185' title='bbox 3031 1118 3417 1189; x_wconf 65' lang='lat' dir='ltr'>praemiserat)</span> <span class='ocrx_word' id='word_1_186' title='bbox 3448 1119 3586 1175; x_wconf 90' lang='lat' dir='ltr'>sub-</span> 
     </span>
    </p>
   </div>
   <div class='ocr_carea' id='block_1_24' title="bbox 1937 1203 3589 1273">
    <p class='ocr_par' dir='ltr' id='par_1_24' title="bbox 1937 1203 3589 1273">
     <span class='ocr_line' id='line_1_24' title="bbox 1937 1203 3589 1273; baseline 0.002 -13"><span class='ocrx_word' id='word_1_187' title='bbox 1937 1203 2292 1260; x_wconf 88' lang='lat' dir='ltr'>stantialiter</span> <span class='ocrx_word' id='word_1_188' title='bbox 2320 1203 2380 1258; x_wconf 91' lang='lat' dir='ltr'>in</span> <span class='ocrx_word' id='word_1_189' title='bbox 2407 1203 2521 1259; x_wconf 89' lang='lat' dir='ltr'>Deo</span> <span class='ocrx_word' id='word_1_190' title='bbox 2550 1203 2707 1259; x_wconf 88' lang='lat' dir='ltr'>velut</span> <span class='ocrx_word' id='word_1_191' title='bbox 2735 1222 2921 1260; x_wconf 89' lang='lat' dir='ltr'>unum</span> <span class='ocrx_word' id='word_1_192' title='bbox 2943 1222 3070 1262; x_wconf 86' lang='lat' dir='ltr'>esse</span> <span class='ocrx_word' id='word_1_193' title='bbox 3090 1207 3442 1273; x_wconf 84' lang='lat' dir='ltr'>ostenderet,</span> <span class='ocrx_word' id='word_1_194' title='bbox 3464 1207 3589 1264; x_wconf 85' lang='lat' dir='ltr'>ina-</span> 
     </span>
    </p>
   </div>
   <div class='ocr_carea' id='block_1_25' title="bbox 1937 1292 3586 1364">
    <p class='ocr_par' dir='ltr' id='par_1_25' title="bbox 1937 1292 3586 1364">
     <span class='ocr_line' id='line_1_25' title="bbox 1937 1292 3586 1364; baseline 0.003 -17"><span class='ocrx_word' id='word_1_195' title='bbox 1937 1293 2030 1348; x_wconf 89' lang='lat' dir='ltr'>nis</span> <span class='ocrx_word' id='word_1_196' title='bbox 2059 1298 2117 1348; x_wconf 90' lang='lat' dir='ltr'>et</span> <span class='ocrx_word' id='word_1_197' title='bbox 2144 1292 2348 1348; x_wconf 86' lang='lat' dir='ltr'>frivola</span> <span class='ocrx_word' id='word_1_198' title='bbox 2378 1296 2467 1348; x_wconf 91' lang='lat' dir='ltr'>est</span> <span class='ocrx_word' id='word_1_199' title='bbox 2496 1294 2623 1364; x_wconf 85' lang='lat' dir='ltr'>ejus</span> <span class='ocrx_word' id='word_1_200' title='bbox 2652 1294 2918 1363; x_wconf 84' lang='lat' dir='ltr'>assertio,</span> <span class='ocrx_word' id='word_1_201' title='bbox 2940 1293 3058 1350; x_wconf 86' lang='lat' dir='ltr'>sive</span> <span class='ocrx_word' id='word_1_202' title='bbox 3095 1294 3203 1351; x_wconf 90' lang='lat' dir='ltr'>hoc</span> <span class='ocrx_word' id='word_1_203' title='bbox 3254 1295 3458 1352; x_wconf 89' lang='lat' dir='ltr'>docere</span> <span class='ocrx_word' id='word_1_204' title='bbox 3487 1314 3586 1352; x_wconf 87' lang='lat' dir='ltr'>vo-</span> 
     </span>
    </p>
   </div>
   <div class='ocr_carea' id='block_1_26' title="bbox 1937 1381 3586 1455">
    <p class='ocr_par' dir='ltr' id='par_1_26' title="bbox 1937 1381 3586 1455">
     <span class='ocr_line' id='line_1_26' title="bbox 1937 1381 3586 1455; baseline 0.003 -18"><span class='ocrx_word' id='word_1_205' title='bbox 1937 1381 2129 1450; x_wconf 90' lang='lat' dir='ltr'>luerit,</span> <span class='ocrx_word' id='word_1_206' title='bbox 2155 1385 2311 1454; x_wconf 89' lang='lat' dir='ltr'>quod</span> <span class='ocrx_word' id='word_1_207' title='bbox 2344 1382 2465 1437; x_wconf 63' lang='lat' dir='ltr'>haec</span> <span class='ocrx_word' id='word_1_208' title='bbox 2496 1383 2555 1437; x_wconf 93' lang='lat' dir='ltr'>in</span> <span class='ocrx_word' id='word_1_209' title='bbox 2581 1383 2899 1455; x_wconf 89' lang='lat' dir='ltr'>Scripturis</span> <span class='ocrx_word' id='word_1_210' title='bbox 2916 1382 3227 1440; x_wconf 85' lang='lat' dir='ltr'>indiscrete</span> <span class='ocrx_word' id='word_1_211' title='bbox 3245 1389 3303 1441; x_wconf 89' lang='lat' dir='ltr'>et</span> <span class='ocrx_word' id='word_1_212' title='bbox 3322 1385 3586 1455; x_wconf 89' lang='lat' dir='ltr'>confuse,</span> 
     </span>
    </p>
   </div>
   <div class='ocr_carea' id='block_1_27' title="bbox 1937 1471 3586 1544">
    <p class='ocr_par' dir='ltr' id='par_1_27' title="bbox 1937 1471 3586 1544">
     <span class='ocr_line' id='line_1_27' title="bbox 1937 1471 3586 1544; baseline 0.001 -17"><span class='ocrx_word' id='word_1_213' title='bbox 1937 1475 2111 1544; x_wconf 91' lang='lat' dir='ltr'>atque</span> <span class='ocrx_word' id='word_1_214' title='bbox 2136 1471 2537 1527; x_wconf 76' lang='lat' dir='ltr'>indifferenter</span> <span class='ocrx_word' id='word_1_215' title='bbox 2556 1471 2937 1544; x_wconf 89' lang='lat' dir='ltr'>intelligenda</span> <span class='ocrx_word' id='word_1_216' title='bbox 2958 1473 3098 1541; x_wconf 91' lang='lat' dir='ltr'>sint,</span> <span class='ocrx_word' id='word_1_217' title='bbox 3121 1472 3586 1531; x_wconf 87' lang='lat' dir='ltr'>manifestissimi</span> 
     </span>
    </p>
   </div>
   <div class='ocr_carea' id='block_1_28' title="bbox 1937 1560 2289 1617">
    <p class='ocr_par' dir='ltr' id='par_1_28' title="bbox 1937 1560 2289 1617">
     <span class='ocr_line' id='line_1_28' title="bbox 1937 1560 2289 1617; baseline -0.003 0"><span class='ocrx_word' id='word_1_218' title='bbox 1937 1560 2151 1617; x_wconf 90' lang='lat' dir='ltr'>erroris</span> <span class='ocrx_word' id='word_1_219' title='bbox 2182 1565 2289 1616; x_wconf 88' lang='lat' dir='ltr'>est.</span> 
     </span>
    </p>
   </div>
   <div class='ocr_carea' id='block_1_29' title="bbox 2008 1648 3591 1723">
    <p class='ocr_par' dir='ltr' id='par_1_29' title="bbox 2008 1648 3591 1723">
     <span class='ocr_line' id='line_1_29' title="bbox 2008 1648 3591 1723; baseline 0.001 -17"><span class='ocrx_word' id='word_1_220' title='bbox 2008 1648 2497 1722; x_wconf 88' lang='lat' dir='ltr'>Subjungitidem</span> <span class='ocrx_word' id='word_1_221' title='bbox 2521 1651 2852 1723; x_wconf 89' lang='lat' dir='ltr'>disputator</span> <span class='ocrx_word' id='word_1_222' title='bbox 2882 1655 2938 1707; x_wconf 88' lang='lat' dir='ltr'>et</span> <span class='ocrx_word' id='word_1_223' title='bbox 2967 1651 3108 1708; x_wconf 91' lang='lat' dir='ltr'>dicit</span> <span class='ocrx_word' id='word_1_224' title='bbox 3140 1669 3152 1707; x_wconf 93' lang='lat'>:</span> <span class='ocrx_word' id='word_1_225' title='bbox 3184 1653 3489 1710; x_wconf 86' lang='lat' dir='ltr'>Homintem</span> <span class='ocrx_word' id='word_1_226' title='bbox 3520 1651 3591 1708; x_wconf 84' lang='lat' dir='ltr'>ad</span> 
     </span>
    </p>
   </div>
   <div class='ocr_carea' id='block_1_30' title="bbox 1935 1740 3593 1811">
    <p class='ocr_par' dir='ltr' id='par_1_30' title="bbox 1935 1740 3593 1811">
     <span class='ocr_line' id='line_1_30' title="bbox 1935 1740 3593 1811; baseline 0 -15"><span class='ocrx_word' id='word_1_227' title='bbox 1935 1746 2103 1796; x_wconf 88' lang='lat' dir='ltr'>Deum</span> <span class='ocrx_word' id='word_1_228' title='bbox 2133 1756 2290 1811; x_wconf 83' lang='lat' dir='ltr'>quem</span> <span class='ocrx_word' id='word_1_229' title='bbox 2320 1740 2491 1795; x_wconf 86' lang='lat' dir='ltr'>libero</span> <span class='ocrx_word' id='word_1_230' title='bbox 2520 1740 2751 1795; x_wconf 86' lang='lat' dir='ltr'>arbitrio</span> <span class='ocrx_word' id='word_1_231' title='bbox 2768 1742 2888 1796; x_wconf 90' lang='lat' dir='ltr'>sine</span> <span class='ocrx_word' id='word_1_232' title='bbox 2913 1742 3098 1797; x_wconf 90' lang='lat' dir='ltr'>labore</span> <span class='ocrx_word' id='word_1_233' title='bbox 3124 1741 3452 1810; x_wconf 82' lang='lat' dir='ltr'>deseruerat,</span> <span class='ocrx_word' id='word_1_234' title='bbox 3475 1743 3593 1798; x_wconf 84' lang='lat' dir='ltr'>sine</span> 
     </span>
    </p>
   </div>
   <div class='ocr_carea' id='block_1_31' title="bbox 1939 1829 3594 1904">
    <p class='ocr_par' dir='ltr' id='par_1_31' title="bbox 1939 1829 3594 1904">
     <span class='ocr_line' id='line_1_31' title="bbox 1939 1829 3594 1904; baseline 0.002 -21"><span class='ocrx_word' id='word_1_235' title='bbox 1939 1829 2143 1884; x_wconf 89' lang='lat' dir='ltr'>laboris</span> <span class='ocrx_word' id='word_1_236' title='bbox 2182 1829 2362 1884; x_wconf 88' lang='lat' dir='ltr'>studio</span> <span class='ocrx_word' id='word_1_237' title='bbox 2412 1837 2463 1884; x_wconf 87' lang='lat' dir='ltr'>et</span> <span class='ocrx_word' id='word_1_238' title='bbox 2509 1831 2845 1901; x_wconf 84' lang='lat' dir='ltr'>cooperantis</span> <span class='ocrx_word' id='word_1_239' title='bbox 2874 1833 3077 1898; x_wconf 66' lang='lat' dir='ltr'>gratim</span> <span class='ocrx_word' id='word_1_240' title='bbox 3119 1832 3257 1888; x_wconf 87' lang='lat' dir='ltr'>dono</span> <span class='ocrx_word' id='word_1_241' title='bbox 3305 1832 3594 1904; x_wconf 81' lang='lat' dir='ltr'>pervenire</span> 
     </span>
    </p>
   </div>
   <div class='ocr_carea' id='block_1_32' title="bbox 154 1918 3596 2019">
    <p class='ocr_par' dir='ltr' id='par_1_32' title="bbox 154 1918 3596 2019">
     <span class='ocr_line' id='line_1_32' title="bbox 154 1918 3596 2019; baseline -0.002 -38"><span class='ocrx_word' id='word_1_242' title='bbox 154 1925 256 1982; x_wconf 86' lang='lat' dir='ltr'>sed</span> <span class='ocrx_word' id='word_1_243' title='bbox 302 1921 634 1996; x_wconf 76' lang='lat' dir='ltr'>judicium.</span> <span class='ocrx_word' id='word_1_244' title='bbox 668 1919 950 1984; x_wconf 87' lang='lat' dir='ltr'>Quocirca</span> <span class='ocrx_word' id='word_1_245' title='bbox 995 1918 1428 1992; x_wconf 72' lang='lat' dir='ltr'>prmdestinatio</span> <span class='ocrx_word' id='word_1_246' title='bbox 1476 1919 1575 1975; x_wconf 87' lang='lat' dir='ltr'>Dei</span> <span class='ocrx_word' id='word_1_247' title='bbox 1611 1936 1737 1991; x_wconf 68' lang='lat' dir='ltr'>quae</span> <span class='ocrx_word' id='word_1_248' title='bbox 1768 1918 1827 1972; x_wconf 89' lang='lat' dir='ltr'>in</span> <span class='ocrx_word' id='word_1_249' title='bbox 1862 1954 1910 2019; x_wconf 79' lang='grc' dir='ltr'>Β</span> <span class='ocrx_word' id='word_1_250' title='bbox 1938 1934 2047 1973; x_wconf 86' lang='lat' dir='ltr'>non</span> <span class='ocrx_word' id='word_1_251' title='bbox 2071 1934 2245 1989; x_wconf 83' lang='lat' dir='ltr'>posse.</span> <span class='ocrx_word' id='word_1_252' title='bbox 2278 1918 2339 1972; x_wconf 93' lang='lat' dir='ltr'>In</span> <span class='ocrx_word' id='word_1_253' title='bbox 2374 1918 2588 1989; x_wconf 89' lang='lat' dir='ltr'>quibus</span> <span class='ocrx_word' id='word_1_254' title='bbox 2620 1919 2810 1974; x_wconf 86' lang='lat' dir='ltr'>verbis</span> <span class='ocrx_word' id='word_1_255' title='bbox 2842 1919 2994 1991; x_wconf 85' lang='lat' dir='ltr'>quod</span> <span class='ocrx_word' id='word_1_256' title='bbox 3031 1920 3173 1975; x_wconf 88' lang='lat' dir='ltr'>dicit</span> <span class='ocrx_word' id='word_1_257' title='bbox 3201 1921 3462 1992; x_wconf 88' lang='lat' dir='ltr'>primum</span> <span class='ocrx_word' id='word_1_258' title='bbox 3493 1920 3596 1975; x_wconf 84' lang='lat' dir='ltr'>ho-</span> 
     </span>
    </p>
   </div>
   <div class='ocr_carea' id='block_1_33' title="bbox 152 2007 1833 2083">
    <p class='ocr_par' dir='ltr' id='par_1_33' title="bbox 152 2007 1833 2083">
     <span class='ocr_line' id='line_1_33' title="bbox 152 2007 1833 2083; baseline -0.005 -13"><span class='ocrx_word' id='word_1_259' title='bbox 152 2015 312 2070; x_wconf 82' lang='lat' dir='ltr'>bono</span> <span class='ocrx_word' id='word_1_260' title='bbox 342 2015 462 2079; x_wconf 87' lang='lat' dir='ltr'>est,</span> <span class='ocrx_word' id='word_1_261' title='bbox 508 2008 706 2083; x_wconf 65' lang='lat' dir='ltr'>gratiae</span> <span class='ocrx_word' id='word_1_262' title='bbox 757 2013 846 2065; x_wconf 89' lang='lat' dir='ltr'>est</span> <span class='ocrx_word' id='word_1_263' title='bbox 894 2011 984 2078; x_wconf 89' lang='lat' dir='ltr'>(ut</span> <span class='ocrx_word' id='word_1_264' title='bbox 1033 2008 1176 2077; x_wconf 81' lang='lat' dir='ltr'>dixi)</span> <span class='ocrx_word' id='word_1_265' title='bbox 1207 2008 1550 2080; x_wconf 63' lang='lat' dir='ltr'>praeparatio</span> <span class='ocrx_word' id='word_1_266' title='bbox 1589 2026 1601 2063; x_wconf 92' lang='lat'>:</span> <span class='ocrx_word' id='word_1_267' title='bbox 1644 2007 1833 2081; x_wconf 89' lang='lat' dir='ltr'>gratia</span> 
     </span>
    </p>
   </div>
   <div class='ocr_carea' id='block_1_34' title="bbox 151 2097 1831 2172">
    <p class='ocr_par' dir='ltr' id='par_1_34' title="bbox 151 2097 1831 2172">
     <span class='ocr_line' id='line_1_34' title="bbox 151 2097 1831 2172; baseline -0.004 -15"><span class='ocrx_word' id='word_1_268' title='bbox 151 2120 291 2160; x_wconf 84' lang='lat' dir='ltr'>vero</span> <span class='ocrx_word' id='word_1_269' title='bbox 323 2105 423 2158; x_wconf 87' lang='lat' dir='ltr'>est</span> <span class='ocrx_word' id='word_1_270' title='bbox 451 2099 644 2172; x_wconf 88' lang='lat' dir='ltr'>ipsius</span> <span class='ocrx_word' id='word_1_271' title='bbox 686 2098 1220 2172; x_wconf 69' lang='lat' dir='ltr'>praedestinationis</span> <span class='ocrx_word' id='word_1_272' title='bbox 1251 2099 1511 2154; x_wconf 84' lang='lat' dir='ltr'>effectus.</span> <span class='ocrx_word' id='word_1_273' title='bbox 1545 2098 1687 2153; x_wconf 89' lang='lat' dir='ltr'>Item</span> <span class='ocrx_word' id='word_1_274' title='bbox 1720 2097 1831 2152; x_wconf 89' lang='lat' dir='ltr'>alio</span> 
     </span>
    </p>
   </div>
   <div class='ocr_carea' id='block_1_35' title="bbox 151 2186 1830 2263">
    <p class='ocr_par' dir='ltr' id='par_1_35' title="bbox 151 2186 1830 2263">
     <span class='ocr_line' id='line_1_35' title="bbox 151 2186 1830 2263; baseline -0.004 -16"><span class='ocrx_word' id='word_1_275' title='bbox 151 2192 282 2249; x_wconf 89' lang='lat' dir='ltr'>loco</span> <span class='ocrx_word' id='word_1_276' title='bbox 306 2192 408 2263; x_wconf 90' lang='lat' dir='ltr'>(De</span> <span class='ocrx_word' id='word_1_277' title='bbox 436 2192 587 2245; x_wconf 87' lang='lat' dir='ltr'>Dono</span> <span class='ocrx_word' id='word_1_278' title='bbox 627 2204 863 2263; x_wconf 88' lang='lat' dir='ltr'>persev.,</span> <span class='ocrx_word' id='word_1_279' title='bbox 896 2204 1023 2259; x_wconf 88' lang='lat' dir='ltr'>cap.</span> <span class='ocrx_word' id='word_1_280' title='bbox 1059 2187 1151 2255; x_wconf 77' lang='grc'>14)</span> <span class='ocrx_word' id='word_1_281' title='bbox 1198 2204 1210 2241; x_wconf 92' lang='lat'>:</span> <span class='ocrx_word' id='word_1_282' title='bbox 1254 2187 1405 2258; x_wconf 75' lang='lat' dir='ltr'>[Haec</span> <span class='ocrx_word' id='word_1_283' title='bbox 1454 2190 1561 2254; x_wconf 89' lang='lat' dir='ltr'>est,</span> <span class='ocrx_word' id='word_1_284' title='bbox 1618 2186 1830 2258; x_wconf 85' lang='lat' dir='ltr'>inquit,</span> 
     </span>
    </p>
   </div>
   <div class='ocr_carea' id='block_1_36' title="bbox 154 2262 1832 2355">
    <p class='ocr_par' dir='ltr' id='par_1_36' title="bbox 154 2262 1832 2355">
     <span class='ocr_line' id='line_1_36' title="bbox 154 2262 1832 2355; baseline -0.004 -18"><span class='ocrx_word' id='word_1_285' title='bbox 154 2262 609 2355; x_wconf 76' lang='lat' dir='ltr'>praedestinatio</span> <span class='ocrx_word' id='word_1_286' title='bbox 653 2262 993 2333; x_wconf 83' lang='lat' dir='ltr'>sanctorum</span> <span class='ocrx_word' id='word_1_287' title='bbox 1041 2275 1187 2331; x_wconf 89' lang='lat' dir='ltr'>nihil</span> <span class='ocrx_word' id='word_1_288' title='bbox 1233 2274 1416 2341; x_wconf 88' lang='lat' dir='ltr'>aliud,</span> <span class='ocrx_word' id='word_1_289' title='bbox 1450 2276 1832 2348; x_wconf 72' lang='lat' dir='ltr'>prtescientia,</span> 
     </span>
    </p>
   </div>
   <div class='ocr_carea' id='block_1_37' title="bbox 152 2364 1836 2439">
    <p class='ocr_par' dir='ltr' id='par_1_37' title="bbox 152 2364 1836 2439">
     <span class='ocr_line' id='line_1_37' title="bbox 152 2364 1836 2439; baseline -0.004 -13"><span class='ocrx_word' id='word_1_290' title='bbox 152 2369 408 2436; x_wconf 85' lang='lat' dir='ltr'>scilicet,</span> <span class='ocrx_word' id='word_1_291' title='bbox 432 2371 495 2423; x_wconf 89' lang='lat' dir='ltr'>et</span> <span class='ocrx_word' id='word_1_292' title='bbox 526 2365 873 2439; x_wconf 63' lang='lat' dir='ltr'>preparatio</span> <span class='ocrx_word' id='word_1_293' title='bbox 899 2364 1318 2420; x_wconf 89' lang='lat' dir='ltr'>beneﬁciorum</span> <span class='ocrx_word' id='word_1_294' title='bbox 1350 2364 1449 2419; x_wconf 91' lang='lat' dir='ltr'>Dei</span> <span class='ocrx_word' id='word_1_295' title='bbox 1480 2364 1693 2436; x_wconf 90' lang='lat' dir='ltr'>quibus</span> <span class='ocrx_word' id='word_1_296' title='bbox 1718 2382 1836 2419; x_wconf 91' lang='lat' dir='ltr'>cer-</span> 
     </span>
    </p>
   </div>
   <div class='ocr_carea' id='block_1_38' title="bbox 152 2453 1837 2526">
    <p class='ocr_par' dir='ltr' id='par_1_38' title="bbox 152 2453 1837 2526">
     <span class='ocr_line' id='line_1_38' title="bbox 152 2453 1837 2526; baseline -0.004 -11"><span class='ocrx_word' id='word_1_297' title='bbox 152 2459 396 2516; x_wconf 78' lang='lat' dir='ltr'>tissime</span> <span class='ocrx_word' id='word_1_298' title='bbox 443 2456 779 2512; x_wconf 86' lang='lat' dir='ltr'>liberantur</span> <span class='ocrx_word' id='word_1_299' title='bbox 824 2453 1163 2526; x_wconf 88' lang='lat' dir='ltr'>quicunque</span> <span class='ocrx_word' id='word_1_300' title='bbox 1214 2453 1585 2509; x_wconf 85' lang='lat' dir='ltr'>liberantur:</span> <span class='ocrx_word' id='word_1_301' title='bbox 1630 2457 1837 2509; x_wconf 62' lang='lat' dir='ltr'>caetera</span> 
     </span>
    </p>
   </div>
   <div class='ocr_carea' id='block_1_39' title="bbox 156 2542 1835 2616">
    <p class='ocr_par' dir='ltr' id='par_1_39' title="bbox 156 2542 1835 2616">
     <span class='ocr_line' id='line_1_39' title="bbox 156 2542 1835 2616; baseline -0.005 -10"><span class='ocrx_word' id='word_1_302' title='bbox 156 2554 365 2605; x_wconf 84' lang='lat' dir='ltr'>autem</span> <span class='ocrx_word' id='word_1_303' title='bbox 401 2544 509 2602; x_wconf 88' lang='lat' dir='ltr'>ubi</span> <span class='ocrx_word' id='word_1_304' title='bbox 540 2543 655 2600; x_wconf 90' lang='lat' dir='ltr'>nisi</span> <span class='ocrx_word' id='word_1_305' title='bbox 692 2543 754 2599; x_wconf 91' lang='lat' dir='ltr'>in</span> <span class='ocrx_word' id='word_1_306' title='bbox 786 2559 984 2599; x_wconf 87' lang='lat' dir='ltr'>massa</span> <span class='ocrx_word' id='word_1_307' title='bbox 1013 2542 1359 2616; x_wconf 89' lang='lat' dir='ltr'>perditionis</span> <span class='ocrx_word' id='word_1_308' title='bbox 1391 2542 1587 2599; x_wconf 82' lang='lat' dir='ltr'>divino</span> <span class='ocrx_word' id='word_1_309' title='bbox 1610 2542 1835 2614; x_wconf 89' lang='lat' dir='ltr'>judicio</span> 
     </span>
    </p>
   </div>
   <div class='ocr_carea' id='block_1_40' title="bbox 154 2631 1837 2710">
    <p class='ocr_par' dir='ltr' id='par_1_40' title="bbox 154 2631 1837 2710">
     <span class='ocr_line' id='line_1_40' title="bbox 154 2631 1837 2710; baseline -0.004 -15"><span class='ocrx_word' id='word_1_310' title='bbox 154 2635 640 2710; x_wconf 85' lang='lat' dir='ltr'>relinquuntur.]</span> <span class='ocrx_word' id='word_1_311' title='bbox 672 2633 753 2688; x_wconf 85' lang='lat' dir='ltr'><strong>Ex</strong></span> <span class='ocrx_word' id='word_1_312' title='bbox 786 2632 1003 2705; x_wconf 89' lang='lat' dir='ltr'>quibus</span> <span class='ocrx_word' id='word_1_313' title='bbox 1042 2632 1318 2688; x_wconf 91' lang='lat' dir='ltr'>omnibus</span> <span class='ocrx_word' id='word_1_314' title='bbox 1367 2631 1552 2688; x_wconf 88' lang='lat' dir='ltr'>sancti</span> <span class='ocrx_word' id='word_1_315' title='bbox 1583 2632 1837 2688; x_wconf 89' lang='lat' dir='ltr'>doctoris</span> 
     </span>
    </p>
   </div>
   <div class='ocr_carea' id='block_1_41' title="bbox 152 2721 1837 2795">
    <p class='ocr_par' dir='ltr' id='par_1_41' title="bbox 152 2721 1837 2795">
     <span class='ocr_line' id='line_1_41' title="bbox 152 2721 1837 2795; baseline -0.005 -11"><span class='ocrx_word' id='word_1_316' title='bbox 152 2726 358 2784; x_wconf 83' lang='lat' dir='ltr'>verbis</span> <span class='ocrx_word' id='word_1_317' title='bbox 411 2722 745 2781; x_wconf 74' lang='lat' dir='ltr'>clarissime</span> <span class='ocrx_word' id='word_1_318' title='bbox 774 2725 1036 2795; x_wconf 90' lang='lat' dir='ltr'>apparet,</span> <span class='ocrx_word' id='word_1_319' title='bbox 1065 2721 1342 2777; x_wconf 89' lang='lat' dir='ltr'>distincte</span> <span class='ocrx_word' id='word_1_320' title='bbox 1393 2725 1449 2777; x_wconf 89' lang='lat' dir='ltr'>et</span> <span class='ocrx_word' id='word_1_321' title='bbox 1499 2722 1730 2795; x_wconf 87' lang='lat' dir='ltr'>proprie</span> <span class='ocrx_word' id='word_1_322' title='bbox 1777 2721 1837 2776; x_wconf 91' lang='lat' dir='ltr'>in</span> 
     </span>
    </p>
   </div>
   <div class='ocr_carea' id='block_1_42' title="bbox 155 2809 1840 2884">
    <p class='ocr_par' dir='ltr' id='par_1_42' title="bbox 155 2809 1840 2884">
     <span class='ocr_line' id='line_1_42' title="bbox 155 2809 1840 2884; baseline -0.005 -10"><span class='ocrx_word' id='word_1_323' title='bbox 155 2816 393 2874; x_wconf 80' lang='lat' dir='ltr'>sanctis</span> <span class='ocrx_word' id='word_1_324' title='bbox 426 2812 599 2869; x_wconf 90' lang='lat' dir='ltr'>libris</span> <span class='ocrx_word' id='word_1_325' title='bbox 621 2811 804 2884; x_wconf 90' lang='lat' dir='ltr'>accipi</span> <span class='ocrx_word' id='word_1_326' title='bbox 835 2812 1045 2867; x_wconf 90' lang='lat' dir='ltr'>debere</span> <span class='ocrx_word' id='word_1_327' title='bbox 1065 2809 1515 2883; x_wconf 71' lang='lat' dir='ltr'>praescientiam,</span> <span class='ocrx_word' id='word_1_328' title='bbox 1541 2815 1597 2866; x_wconf 87' lang='lat' dir='ltr'>ct</span> <span class='ocrx_word' id='word_1_329' title='bbox 1626 2812 1840 2883; x_wconf 69' lang='lat' dir='ltr'>praede-</span> 
     </span>
    </p>
   </div>
   <div class='ocr_carea' id='block_1_43' title="bbox 153 2898 1842 2972">
    <p class='ocr_par' dir='ltr' id='par_1_43' title="bbox 153 2898 1842 2972">
     <span class='ocr_line' id='line_1_43' title="bbox 153 2898 1842 2972; baseline -0.005 -8"><span class='ocrx_word' id='word_1_330' title='bbox 153 2905 555 2963; x_wconf 78' lang='lat' dir='ltr'>stinationem</span> <span class='ocrx_word' id='word_1_331' title='bbox 579 2917 594 2956; x_wconf 91' lang='lat'>:</span> <span class='ocrx_word' id='word_1_332' title='bbox 621 2917 727 2958; x_wconf 89' lang='lat' dir='ltr'>nec</span> <span class='ocrx_word' id='word_1_333' title='bbox 750 2917 877 2972; x_wconf 67' lang='lat' dir='ltr'>qua:</span> <span class='ocrx_word' id='word_1_334' title='bbox 900 2903 1064 2955; x_wconf 87' lang='lat' dir='ltr'>tanta</span> <span class='ocrx_word' id='word_1_335' title='bbox 1080 2898 1362 2956; x_wconf 81' lang='lat' dir='ltr'>distantia</span> <span class='ocrx_word' id='word_1_336' title='bbox 1381 2898 1534 2955; x_wconf 88' lang='lat' dir='ltr'>inter</span> <span class='ocrx_word' id='word_1_337' title='bbox 1555 2915 1615 2954; x_wconf 88' lang='lat' dir='ltr'>se</span> <span class='ocrx_word' id='word_1_338' title='bbox 1637 2900 1842 2955; x_wconf 85' lang='lat' dir='ltr'>distin-</span> 
     </span>
    </p>
   </div>
   <div class='ocr_carea' id='block_1_44' title="bbox 153 2986 1838 3070">
    <p class='ocr_par' dir='ltr' id='par_1_44' title="bbox 153 2986 1838 3070">
     <span class='ocr_line' id='line_1_44' title="bbox 153 2986 1838 3070; baseline -0.005 -18"><span class='ocrx_word' id='word_1_339' title='bbox 153 3000 457 3070; x_wconf 83' lang='lat' dir='ltr'>guuntur,</span> <span class='ocrx_word' id='word_1_340' title='bbox 486 3006 675 3047; x_wconf 88' lang='lat' dir='ltr'>unum</span> <span class='ocrx_word' id='word_1_341' title='bbox 720 2993 895 3061; x_wconf 87' lang='lat' dir='ltr'>atque</span> <span class='ocrx_word' id='word_1_342' title='bbox 941 2988 1097 3044; x_wconf 90' lang='lat' dir='ltr'>idem</span> <span class='ocrx_word' id='word_1_343' title='bbox 1129 3004 1259 3044; x_wconf 89' lang='lat' dir='ltr'>esse</span> <span class='ocrx_word' id='word_1_344' title='bbox 1299 2987 1449 3044; x_wconf 88' lang='lat' dir='ltr'>sicut</span> <span class='ocrx_word' id='word_1_345' title='bbox 1475 2986 1587 3043; x_wconf 89' lang='lat' dir='ltr'>iste</span> <span class='ocrx_word' id='word_1_346' title='bbox 1618 2988 1838 3056; x_wconf 79' lang='lat' dir='ltr'>definit,</span> 
     </span>
    </p>
   </div>
   <div class='ocr_carea' id='block_1_45' title="bbox 156 3076 1843 3156">
    <p class='ocr_par' dir='ltr' id='par_1_45' title="bbox 156 3076 1843 3156">
     <span class='ocr_line' id='line_1_45' title="bbox 156 3076 1843 3156; baseline -0.005 -16"><span class='ocrx_word' id='word_1_347' title='bbox 156 3082 419 3156; x_wconf 81' lang='lat' dir='ltr'>intelligi</span> <span class='ocrx_word' id='word_1_348' title='bbox 454 3080 689 3136; x_wconf 87' lang='lat' dir='ltr'>debere.</span> <span class='ocrx_word' id='word_1_349' title='bbox 720 3078 943 3133; x_wconf 90' lang='lat' dir='ltr'>Tamen</span> <span class='ocrx_word' id='word_1_350' title='bbox 974 3076 1291 3149; x_wconf 88' lang='lat' dir='ltr'>aliquando</span> <span class='ocrx_word' id='word_1_351' title='bbox 1323 3076 1513 3149; x_wconf 86' lang='lat' dir='ltr'>ipsam</span> <span class='ocrx_word' id='word_1_352' title='bbox 1551 3078 1843 3149; x_wconf 67' lang='lat' dir='ltr'>praedesti-</span> 
     </span>
    </p>
   </div>
   <div class='ocr_carea' id='block_1_46' title="bbox 156 3165 1839 3241">
    <p class='ocr_par' dir='ltr' id='par_1_46' title="bbox 156 3165 1839 3241">
     <span class='ocr_line' id='line_1_46' title="bbox 156 3165 1839 3241; baseline -0.005 -11"><span class='ocrx_word' id='word_1_353' title='bbox 156 3172 499 3236; x_wconf 87' lang='lat' dir='ltr'>nationem,</span> <span class='ocrx_word' id='word_1_354' title='bbox 517 3185 646 3241; x_wconf 71' lang='lat' dir='ltr'>quae</span> <span class='ocrx_word' id='word_1_355' title='bbox 672 3182 981 3238; x_wconf 86' lang='lat' dir='ltr'>nunquam</span> <span class='ocrx_word' id='word_1_356' title='bbox 1004 3166 1131 3222; x_wconf 89' lang='lat' dir='ltr'>sine</span> <span class='ocrx_word' id='word_1_357' title='bbox 1155 3165 1520 3238; x_wconf 66' lang='lat' dir='ltr'>praescientia</span> <span class='ocrx_word' id='word_1_358' title='bbox 1539 3169 1648 3233; x_wconf 91' lang='lat' dir='ltr'>est,</span> <span class='ocrx_word' id='word_1_359' title='bbox 1664 3166 1839 3222; x_wconf 89' lang='lat' dir='ltr'>etiam</span> 
     </span>
    </p>
   </div>
   <div class='ocr_carea' id='block_1_47' title="bbox 1944 2006 3597 2082">
    <p class='ocr_par' dir='ltr' id='par_1_47' title="bbox 1944 2006 3597 2082">
     <span class='ocr_line' id='line_1_47' title="bbox 1944 2006 3597 2082; baseline 0.001 -21"><span class='ocrx_word' id='word_1_360' title='bbox 1944 2007 2159 2062; x_wconf 87' lang='lat' dir='ltr'>minem</span> <span class='ocrx_word' id='word_1_361' title='bbox 2184 2006 2365 2062; x_wconf 88' lang='lat' dir='ltr'>libero</span> <span class='ocrx_word' id='word_1_362' title='bbox 2388 2007 2626 2061; x_wconf 88' lang='lat' dir='ltr'>arbitrio</span> <span class='ocrx_word' id='word_1_363' title='bbox 2660 2012 2842 2062; x_wconf 89' lang='lat' dir='ltr'>Deum</span> <span class='ocrx_word' id='word_1_364' title='bbox 2873 2008 3359 2081; x_wconf 88' lang='lat' dir='ltr'>deseruisse,jam</span> <span class='ocrx_word' id='word_1_365' title='bbox 3392 2008 3597 2082; x_wconf 85' lang='lat' dir='ltr'>utique</span> 
     </span>
    </p>
   </div>
   <div class='ocr_carea' id='block_1_48' title="bbox 1942 2094 3595 2153">
    <p class='ocr_par' dir='ltr' id='par_1_48' title="bbox 1942 2094 3595 2153">
     <span class='ocr_line' id='line_1_48' title="bbox 1942 2094 3595 2153; baseline 0.002 -4"><span class='ocrx_word' id='word_1_366' title='bbox 1942 2094 2002 2150; x_wconf 94' lang='lat' dir='ltr'>in</span> <span class='ocrx_word' id='word_1_367' title='bbox 2033 2095 2336 2150; x_wconf 90' lang='lat' dir='ltr'>deserente</span> <span class='ocrx_word' id='word_1_368' title='bbox 2367 2095 2551 2150; x_wconf 90' lang='lat' dir='ltr'>Deum</span> <span class='ocrx_word' id='word_1_369' title='bbox 2582 2098 2639 2150; x_wconf 91' lang='lat' dir='ltr'>et</span> <span class='ocrx_word' id='word_1_370' title='bbox 2672 2096 2902 2151; x_wconf 90' lang='lat' dir='ltr'>deserto</span> <span class='ocrx_word' id='word_1_371' title='bbox 2934 2114 2968 2151; x_wconf 87' lang='lat' dir='ltr'>a</span> <span class='ocrx_word' id='word_1_372' title='bbox 2998 2097 3114 2153; x_wconf 87' lang='lat' dir='ltr'>Deo</span> <span class='ocrx_word' id='word_1_373' title='bbox 3145 2114 3260 2153; x_wconf 92' lang='lat' dir='ltr'>non</span> <span class='ocrx_word' id='word_1_374' title='bbox 3291 2101 3416 2153; x_wconf 89' lang='lat' dir='ltr'>erat</span> <span class='ocrx_word' id='word_1_375' title='bbox 3446 2096 3595 2153; x_wconf 89' lang='lat' dir='ltr'>libe-</span> 
     </span>
    </p>
   </div>
   <div class='ocr_carea' id='block_1_49' title="bbox 1942 2183 3594 2253">
    <p class='ocr_par' dir='ltr' id='par_1_49' title="bbox 1942 2183 3594 2253">
     <span class='ocr_line' id='line_1_49' title="bbox 1942 2183 3594 2253; baseline 0.001 -13"><span class='ocrx_word' id='word_1_376' title='bbox 1942 2201 2074 2240; x_wconf 91' lang='lat' dir='ltr'>rum</span> <span class='ocrx_word' id='word_1_377' title='bbox 2094 2183 2401 2240; x_wconf 88' lang='lat' dir='ltr'>arbitrium</span> <span class='ocrx_word' id='word_1_378' title='bbox 2424 2185 2496 2239; x_wconf 90' lang='lat' dir='ltr'>ad</span> <span class='ocrx_word' id='word_1_379' title='bbox 2522 2184 2762 2253; x_wconf 89' lang='lat' dir='ltr'>bonum,</span> <span class='ocrx_word' id='word_1_380' title='bbox 2785 2184 2887 2240; x_wconf 90' lang='lat' dir='ltr'>illa</span> <span class='ocrx_word' id='word_1_381' title='bbox 2911 2189 2967 2241; x_wconf 91' lang='lat' dir='ltr'>et</span> <span class='ocrx_word' id='word_1_382' title='bbox 2994 2190 3213 2241; x_wconf 81' lang='lat' dir='ltr'>naturae</span> <span class='ocrx_word' id='word_1_383' title='bbox 3236 2187 3401 2242; x_wconf 75' lang='lat' dir='ltr'>bonas</span> <span class='ocrx_word' id='word_1_384' title='bbox 3423 2204 3456 2241; x_wconf 90' lang='lat' dir='ltr'>a</span> <span class='ocrx_word' id='word_1_385' title='bbox 3476 2186 3594 2243; x_wconf 90' lang='lat' dir='ltr'>Deo</span> 
     </span>
    </p>
   </div>
   <div class='ocr_carea' id='block_1_50' title="bbox 1944 2273 3593 2345">
    <p class='ocr_par' dir='ltr' id='par_1_50' title="bbox 1944 2273 3593 2345">
     <span class='ocr_line' id='line_1_50' title="bbox 1944 2273 3593 2345; baseline 0 -15"><span class='ocrx_word' id='word_1_386' title='bbox 1944 2273 2210 2338; x_wconf 71' lang='lat' dir='ltr'>conditae,</span> <span class='ocrx_word' id='word_1_387' title='bbox 2234 2277 2291 2328; x_wconf 90' lang='lat' dir='ltr'>et</span> <span class='ocrx_word' id='word_1_388' title='bbox 2318 2273 2517 2345; x_wconf 84' lang='lat' dir='ltr'>gratiae</span> <span class='ocrx_word' id='word_1_389' title='bbox 2557 2290 2591 2329; x_wconf 90' lang='lat' dir='ltr'>a</span> <span class='ocrx_word' id='word_1_390' title='bbox 2642 2277 2757 2330; x_wconf 85' lang='lat' dir='ltr'>Deo</span> <span class='ocrx_word' id='word_1_391' title='bbox 2797 2274 3023 2330; x_wconf 74' lang='lat' dir='ltr'>donatae</span> <span class='ocrx_word' id='word_1_392' title='bbox 3079 2275 3250 2331; x_wconf 88' lang='lat' dir='ltr'>beata</span> <span class='ocrx_word' id='word_1_393' title='bbox 3308 2274 3593 2342; x_wconf 87' lang='lat' dir='ltr'>libertate,</span> 
     </span>
    </p>
   </div>
   <div class='ocr_carea' id='block_1_51' title="bbox 1946 2357 3599 2436">
    <p class='ocr_par' dir='ltr' id='par_1_51' title="bbox 1946 2357 3599 2436">
     <span class='ocr_line' id='line_1_51' title="bbox 1946 2357 3599 2436; baseline 0.002 -19"><span class='ocrx_word' id='word_1_394' title='bbox 1946 2379 2122 2436; x_wconf 91' lang='lat' dir='ltr'>quam</span> <span class='ocrx_word' id='word_1_395' title='bbox 2157 2361 2467 2435; x_wconf 90' lang='lat' dir='ltr'>Apostolus</span> <span class='ocrx_word' id='word_1_396' title='bbox 2516 2362 2888 2418; x_wconf 83' lang='lat' dir='ltr'>commendat</span> <span class='ocrx_word' id='word_1_397' title='bbox 2936 2363 3136 2419; x_wconf 89' lang='lat' dir='ltr'>dicens</span> <span class='ocrx_word' id='word_1_398' title='bbox 3171 2357 3321 2421; x_wconf 50' lang='lat' dir='ltr'>z&#39;Ubi</span> <span class='ocrx_word' id='word_1_399' title='bbox 3361 2365 3599 2436; x_wconf 84' lang='lat' dir='ltr'>Spiritus</span> 
     </span>
    </p>
   </div>
   <div class='ocr_carea' id='block_1_52' title="bbox 1944 2451 3599 2523">
    <p class='ocr_par' dir='ltr' id='par_1_52' title="bbox 1944 2451 3599 2523">
     <span class='ocr_line' id='line_1_52' title="bbox 1944 2451 3599 2523; baseline 0 -14"><span class='ocrx_word' id='word_1_400' title='bbox 1944 2454 2185 2518; x_wconf 84' lang='lat' dir='ltr'>Domini,</span> <span class='ocrx_word' id='word_1_401' title='bbox 2220 2452 2302 2507; x_wconf 86' lang='lat' dir='ltr'>ibi</span> <span class='ocrx_word' id='word_1_402' title='bbox 2328 2451 2551 2507; x_wconf 84' lang='lat' dir='ltr'>libertas</span> <span class='ocrx_word' id='word_1_403' title='bbox 2574 2452 2644 2523; x_wconf 81' lang='lat' dir='ltr'>(II</span> <span class='ocrx_word' id='word_1_404' title='bbox 2667 2453 2797 2508; x_wconf 86' lang='lat' dir='ltr'>Cor.</span> <span class='ocrx_word' id='word_1_405' title='bbox 2821 2467 2901 2521; x_wconf 82' lang='grc' dir='ltr'>ιιι,</span> <span class='ocrx_word' id='word_1_406' title='bbox 2931 2453 3041 2521; x_wconf 76' lang='lat' dir='ltr'>l7);</span> <span class='ocrx_word' id='word_1_407' title='bbox 3067 2454 3167 2509; x_wconf 86' lang='lat' dir='ltr'>sed</span> <span class='ocrx_word' id='word_1_408' title='bbox 3199 2457 3323 2509; x_wconf 90' lang='lat' dir='ltr'>erat</span> <span class='ocrx_word' id='word_1_409' title='bbox 3347 2452 3599 2510; x_wconf 89' lang='lat' dir='ltr'>liberum</span> 
     </span>
    </p>
   </div>
   <div class='ocr_carea' id='block_1_53' title="bbox 1944 2541 3601 2614">
    <p class='ocr_par' dir='ltr' id='par_1_53' title="bbox 1944 2541 3601 2614">
     <span class='ocr_line' id='line_1_53' title="bbox 1944 2541 3601 2614; baseline 0 -16"><span class='ocrx_word' id='word_1_410' title='bbox 1944 2542 2354 2598; x_wconf 84' lang='lat' dir='ltr'>tantummodo</span> <span class='ocrx_word' id='word_1_411' title='bbox 2387 2542 2458 2596; x_wconf 88' lang='lat' dir='ltr'>ad</span> <span class='ocrx_word' id='word_1_412' title='bbox 2509 2541 2753 2608; x_wconf 87' lang='lat' dir='ltr'>malum,</span> <span class='ocrx_word' id='word_1_413' title='bbox 2789 2545 2845 2597; x_wconf 88' lang='lat' dir='ltr'>et</span> <span class='ocrx_word' id='word_1_414' title='bbox 2874 2546 3110 2614; x_wconf 89' lang='lat' dir='ltr'>peccato</span> <span class='ocrx_word' id='word_1_415' title='bbox 3141 2542 3481 2598; x_wconf 90' lang='lat' dir='ltr'>dominante</span> <span class='ocrx_word' id='word_1_416' title='bbox 3506 2558 3601 2598; x_wconf 90' lang='lat' dir='ltr'>ca-</span> 
     </span>
    </p>
   </div>
   <div class='ocr_carea' id='block_1_54' title="bbox 1947 2630 3605 2705">
    <p class='ocr_par' dir='ltr' id='par_1_54' title="bbox 1947 2630 3605 2705">
     <span class='ocr_line' id='line_1_54' title="bbox 1947 2630 3605 2705; baseline 0.001 -19"><span class='ocrx_word' id='word_1_417' title='bbox 1947 2631 2299 2705; x_wconf 88' lang='lat' dir='ltr'>ptivum.De</span> <span class='ocrx_word' id='word_1_418' title='bbox 2347 2648 2464 2702; x_wconf 92' lang='lat' dir='ltr'>qua</span> <span class='ocrx_word' id='word_1_419' title='bbox 2512 2630 2845 2686; x_wconf 90' lang='lat' dir='ltr'>miserrima</span> <span class='ocrx_word' id='word_1_420' title='bbox 2897 2630 3166 2686; x_wconf 85' lang='lat' dir='ltr'>libertate</span> <span class='ocrx_word' id='word_1_421' title='bbox 3214 2636 3272 2687; x_wconf 89' lang='lat' dir='ltr'>et</span> <span class='ocrx_word' id='word_1_422' title='bbox 3328 2631 3605 2687; x_wconf 84' lang='lat' dir='ltr'>servitute</span> 
     </span>
    </p>
   </div>
   <div class='ocr_carea' id='block_1_55' title="bbox 1946 2718 3608 2792">
    <p class='ocr_par' dir='ltr' id='par_1_55' title="bbox 1946 2718 3608 2792">
     <span class='ocr_line' id='line_1_55' title="bbox 1946 2718 3608 2792; baseline 0 -16"><span class='ocrx_word' id='word_1_423' title='bbox 1946 2720 2259 2792; x_wconf 91' lang='lat' dir='ltr'>Apostolus</span> <span class='ocrx_word' id='word_1_424' title='bbox 2290 2719 2583 2776; x_wconf 90' lang='lat' dir='ltr'>conversis</span> <span class='ocrx_word' id='word_1_425' title='bbox 2614 2718 2887 2775; x_wconf 87' lang='lat' dir='ltr'>ﬁdelibus</span> <span class='ocrx_word' id='word_1_426' title='bbox 2918 2719 3061 2775; x_wconf 89' lang='lat' dir='ltr'>dicit</span> <span class='ocrx_word' id='word_1_427' title='bbox 3087 2736 3098 2775; x_wconf 93' lang='lat'>:</span> <span class='ocrx_word' id='word_1_428' title='bbox 3132 2720 3266 2775; x_wconf 84' lang='lat' dir='ltr'>Cum</span> <span class='ocrx_word' id='word_1_429' title='bbox 3295 2721 3445 2776; x_wconf 88' lang='lat' dir='ltr'>enim</span> <span class='ocrx_word' id='word_1_430' title='bbox 3463 2721 3608 2776; x_wconf 85' lang='lat' dir='ltr'>servi</span> 
     </span>
    </p>
   </div>
   <div class='ocr_carea' id='block_1_56' title="bbox 1947 2809 3608 2882">
    <p class='ocr_par' dir='ltr' id='par_1_56' title="bbox 1947 2809 3608 2882">
     <span class='ocr_line' id='line_1_56' title="bbox 1947 2809 3608 2882; baseline -0.001 -17"><span class='ocrx_word' id='word_1_431' title='bbox 1947 2812 2134 2866; x_wconf 80' lang='lat' dir='ltr'>essetis</span> <span class='ocrx_word' id='word_1_432' title='bbox 2162 2809 2388 2881; x_wconf 81' lang='lat' dir='ltr'>peccati,</span> <span class='ocrx_word' id='word_1_433' title='bbox 2416 2809 2580 2864; x_wconf 82' lang='lat' dir='ltr'>liberi</span> <span class='ocrx_word' id='word_1_434' title='bbox 2607 2810 2796 2881; x_wconf 80' lang='lat' dir='ltr'>fuistis</span> <span class='ocrx_word' id='word_1_435' title='bbox 2811 2810 3065 2882; x_wconf 70' lang='lat' dir='ltr'>justitisc</span> <span class='ocrx_word' id='word_1_436' title='bbox 3095 2810 3267 2882; x_wconf 83' lang='lat' dir='ltr'>(Rom.</span> <span class='ocrx_word' id='word_1_437' title='bbox 3290 2827 3368 2879; x_wconf 73' lang='lat' dir='ltr'>vr,</span> <span class='ocrx_word' id='word_1_438' title='bbox 3401 2809 3514 2879; x_wconf 88' lang='lat'>20).</span> <span class='ocrx_word' id='word_1_439' title='bbox 3540 2809 3608 2864; x_wconf 87' lang='lat' dir='ltr'>Et</span> 
     </span>
    </p>
   </div>
   <div class='ocr_carea' id='block_1_57' title="bbox 1946 2897 3606 2969">
    <p class='ocr_par' dir='ltr' id='par_1_57' title="bbox 1946 2897 3606 2969">
     <span class='ocr_line' id='line_1_57' title="bbox 1946 2897 3606 2969; baseline 0 -16"><span class='ocrx_word' id='word_1_440' title='bbox 1946 2897 2161 2953; x_wconf 87' lang='lat' dir='ltr'>iterum</span> <span class='ocrx_word' id='word_1_441' title='bbox 2195 2914 2209 2953; x_wconf 92' lang='lat'>:</span> <span class='ocrx_word' id='word_1_442' title='bbox 2244 2898 2470 2955; x_wconf 86' lang='lat' dir='ltr'>Nescitis</span> <span class='ocrx_word' id='word_1_443' title='bbox 2498 2900 2762 2969; x_wconf 86' lang='lat' dir='ltr'>quoniam</span> <span class='ocrx_word' id='word_1_444' title='bbox 2788 2900 2883 2953; x_wconf 88' lang='lat' dir='ltr'>cui</span> <span class='ocrx_word' id='word_1_445' title='bbox 2918 2899 3183 2954; x_wconf 70' lang='lat' dir='ltr'>exhibetis</span> <span class='ocrx_word' id='word_1_446' title='bbox 3213 2915 3300 2954; x_wconf 88' lang='lat' dir='ltr'>vos</span> <span class='ocrx_word' id='word_1_447' title='bbox 3328 2915 3510 2955; x_wconf 82' lang='lat' dir='ltr'>servos</span> <span class='ocrx_word' id='word_1_448' title='bbox 3534 2899 3606 2954; x_wconf 82' lang='lat' dir='ltr'>ad</span> 
     </span>
    </p>
   </div>
   <div class='ocr_carea' id='block_1_58' title="bbox 1948 2988 3606 3059">
    <p class='ocr_par' dir='ltr' id='par_1_58' title="bbox 1948 2988 3606 3059">
     <span class='ocr_line' id='line_1_58' title="bbox 1948 2988 3606 3059; baseline 0 -14"><span class='ocrx_word' id='word_1_449' title='bbox 1948 2988 2323 3055; x_wconf 82' lang='lat' dir='ltr'>obedicndum,</span> <span class='ocrx_word' id='word_1_450' title='bbox 2357 2989 2500 3043; x_wconf 85' lang='lat' dir='ltr'>servi</span> <span class='ocrx_word' id='word_1_451' title='bbox 2526 2990 2657 3043; x_wconf 82' lang='lat' dir='ltr'>estis</span> <span class='ocrx_word' id='word_1_452' title='bbox 2687 2988 2805 3059; x_wconf 87' lang='lat' dir='ltr'>ejus</span> <span class='ocrx_word' id='word_1_453' title='bbox 2849 2990 2942 3043; x_wconf 90' lang='lat' dir='ltr'>cui</span> <span class='ocrx_word' id='word_1_454' title='bbox 2984 2988 3233 3056; x_wconf 88' lang='lat' dir='ltr'>obeditis,</span> <span class='ocrx_word' id='word_1_455' title='bbox 3254 2990 3367 3044; x_wconf 87' lang='lat' dir='ltr'>sive</span> <span class='ocrx_word' id='word_1_456' title='bbox 3398 2990 3606 3055; x_wconf 84' lang='lat' dir='ltr'>peccati</span> 
     </span>
    </p>
   </div>
   <div class='ocr_carea' id='block_1_59' title="bbox 1950 3077 3602 3151">
    <p class='ocr_par' dir='ltr' id='par_1_59' title="bbox 1950 3077 3602 3151">
     <span class='ocr_line' id='line_1_59' title="bbox 1950 3077 3602 3151; baseline 0.001 -17"><span class='ocrx_word' id='word_1_457' title='bbox 1950 3082 2011 3135; x_wconf 82' lang='lat' dir='ltr'>in</span> <span class='ocrx_word' id='word_1_458' title='bbox 2047 3087 2295 3145; x_wconf 88' lang='lat' dir='ltr'>mortem,</span> <span class='ocrx_word' id='word_1_459' title='bbox 2333 3079 2448 3132; x_wconf 84' lang='lat' dir='ltr'>sive</span> <span class='ocrx_word' id='word_1_460' title='bbox 2494 3077 2818 3133; x_wconf 86' lang='lat' dir='ltr'>obeditionis</span> <span class='ocrx_word' id='word_1_461' title='bbox 2866 3078 2935 3132; x_wconf 88' lang='lat' dir='ltr'>ad</span> <span class='ocrx_word' id='word_1_462' title='bbox 2971 3078 3254 3149; x_wconf 85' lang='lat' dir='ltr'>justitiam</span> <span class='ocrx_word' id='word_1_463' title='bbox 3298 3077 3454 3146; x_wconf 84' lang='lat' dir='ltr'>(Ibid.</span> <span class='ocrx_word' id='word_1_464' title='bbox 3491 3077 3602 3151; x_wconf 89' lang='grc'>16).</span> 
     </span>
    </p>
   </div>
   <div class='ocr_carea' id='block_1_60' title="bbox 1950 3164 3603 3238">
    <p class='ocr_par' dir='ltr' id='par_1_60' title="bbox 1950 3164 3603 3238">
     <span class='ocr_line' id='line_1_60' title="bbox 1950 3164 3603 3238; baseline -0.002 -13"><span class='ocrx_word' id='word_1_465' title='bbox 1950 3168 2114 3226; x_wconf 87' lang='lat' dir='ltr'>Unde</span> <span class='ocrx_word' id='word_1_466' title='bbox 2145 3171 2203 3223; x_wconf 90' lang='lat' dir='ltr'>et</span> <span class='ocrx_word' id='word_1_467' title='bbox 2232 3165 2515 3222; x_wconf 89' lang='lat' dir='ltr'>Dominus</span> <span class='ocrx_word' id='word_1_468' title='bbox 2548 3164 2625 3221; x_wconf 85' lang='lat' dir='ltr'>ait</span> <span class='ocrx_word' id='word_1_469' title='bbox 2649 3183 2662 3220; x_wconf 91' lang='lat'>:</span> <span class='ocrx_word' id='word_1_470' title='bbox 2688 3167 2876 3222; x_wconf 84' lang='lat' dir='ltr'>Omnis</span> <span class='ocrx_word' id='word_1_471' title='bbox 2899 3168 2996 3237; x_wconf 89' lang='lat' dir='ltr'>qui</span> <span class='ocrx_word' id='word_1_472' title='bbox 3021 3168 3157 3237; x_wconf 87' lang='lat' dir='ltr'>facit</span> <span class='ocrx_word' id='word_1_473' title='bbox 3180 3174 3461 3238; x_wconf 84' lang='lat' dir='ltr'>peccatum</span> <span class='ocrx_word' id='word_1_474' title='bbox 3488 3183 3603 3223; x_wconf 88' lang='lat' dir='ltr'>ser-</span> 
     </span>
    </p>
   </div>
   <div class='ocr_carea' id='block_1_61' title="bbox 160 3253 3605 3331">
    <p class='ocr_par' dir='ltr' id='par_1_61' title="bbox 160 3253 3605 3331">
     <span class='ocr_line' id='line_1_61' title="bbox 160 3253 3605 3331; baseline -0.003 -11"><span class='ocrx_word' id='word_1_475' title='bbox 160 3261 416 3320; x_wconf 89' lang='lat' dir='ltr'>nomine</span> <span class='ocrx_word' id='word_1_476' title='bbox 471 3255 853 3331; x_wconf 77' lang='lat' dir='ltr'>praescientiae</span> <span class='ocrx_word' id='word_1_477' title='bbox 914 3254 1233 3328; x_wconf 86' lang='lat' dir='ltr'>signiﬁcari</span> <span class='ocrx_word' id='word_1_478' title='bbox 1289 3253 1446 3311; x_wconf 90' lang='lat' dir='ltr'>idem</span> <span class='ocrx_word' id='word_1_479' title='bbox 1503 3256 1704 3310; x_wconf 90' lang='lat' dir='ltr'>doctor</span> <span class='ocrx_word' id='word_1_480' title='bbox 1760 3256 1842 3311; x_wconf 91' lang='lat' dir='ltr'>ita</span> <span class='ocrx_word' id='word_1_481' title='bbox 1881 3325 1911 3331; x_wconf 79' lang='lat'>_</span> <span class='ocrx_word' id='word_1_482' title='bbox 1952 3275 2049 3314; x_wconf 85' lang='lat' dir='ltr'>vus</span> <span class='ocrx_word' id='word_1_483' title='bbox 2078 3264 2155 3312; x_wconf 90' lang='lat' dir='ltr'>est</span> <span class='ocrx_word' id='word_1_484' title='bbox 2175 3256 2381 3328; x_wconf 83' lang='lat' dir='ltr'>peccati</span> <span class='ocrx_word' id='word_1_485' title='bbox 2410 3256 2717 3324; x_wconf 82' lang='lat' dir='ltr'>(Joan.vm,</span> <span class='ocrx_word' id='word_1_486' title='bbox 2752 3256 2862 3323; x_wconf 89' lang='lat'>33).</span> <span class='ocrx_word' id='word_1_487' title='bbox 2898 3255 2967 3309; x_wconf 88' lang='lat' dir='ltr'>Et</span> <span class='ocrx_word' id='word_1_488' title='bbox 2996 3255 3203 3311; x_wconf 87' lang='lat' dir='ltr'>beatus</span> <span class='ocrx_word' id='word_1_489' title='bbox 3235 3256 3440 3312; x_wconf 90' lang='lat' dir='ltr'>Petrus</span> <span class='ocrx_word' id='word_1_490' title='bbox 3472 3273 3605 3329; x_wconf 91' lang='lat' dir='ltr'>apo-</span> 
     </span>
    </p>
   </div>
   <div class='ocr_carea' id='block_1_62' title="bbox 159 3325 3607 3419">
    <p class='ocr_par' dir='ltr' id='par_1_62' title="bbox 159 3325 3607 3419">
     <span class='ocr_line' id='line_1_62' title="bbox 159 3325 3607 3419; baseline -0.003 -10"><span class='ocrx_word' id='word_1_491' title='bbox 159 3350 435 3410; x_wconf 78' lang='lat' dir='ltr'>ostendit</span> <span class='ocrx_word' id='word_1_492' title='bbox 467 3325 673 3402; x_wconf 79' lang='lat' dir='ltr'>dicens</span> <span class='ocrx_word' id='word_1_493' title='bbox 713 3345 854 3419; x_wconf 85' lang='lat' dir='ltr'>(cap.</span> <span class='ocrx_word' id='word_1_494' title='bbox 882 3325 1013 3414; x_wconf 58' lang='lat' dir='ltr'>i8):</span> <span class='ocrx_word' id='word_1_495' title='bbox 1043 3343 1391 3417; x_wconf 89' lang='lat' dir='ltr'>[Aliquando</span> <span class='ocrx_word' id='word_1_496' title='bbox 1436 3344 1640 3400; x_wconf 89' lang='lat' dir='ltr'>eadem</span> <span class='ocrx_word' id='word_1_497' title='bbox 1693 3362 1838 3416; x_wconf 67' lang='lat' dir='ltr'>prai-</span> <span class='ocrx_word' id='word_1_498' title='bbox 1870 3325 1913 3392; x_wconf 59' lang='grc' dir='ltr'><strong>(ἶ</strong></span> <span class='ocrx_word' id='word_1_499' title='bbox 1954 3346 2140 3404; x_wconf 89' lang='lat' dir='ltr'>stolus</span> <span class='ocrx_word' id='word_1_500' title='bbox 2173 3325 2188 3399; x_wconf 67' lang='grc' dir='ltr'>ξ</span> <span class='ocrx_word' id='word_1_501' title='bbox 2220 3346 2257 3399; x_wconf 87' lang='grc' dir='ltr'><em>Α</em></span> <span class='ocrx_word' id='word_1_502' title='bbox 2293 3360 2395 3417; x_wconf 88' lang='lat' dir='ltr'>quo</span> <span class='ocrx_word' id='word_1_503' title='bbox 2438 3344 2608 3408; x_wconf 87' lang='lat' dir='ltr'>enim,</span> <span class='ocrx_word' id='word_1_504' title='bbox 2652 3343 2865 3415; x_wconf 90' lang='lat' dir='ltr'>inquit,</span> <span class='ocrx_word' id='word_1_505' title='bbox 2896 3345 3017 3415; x_wconf 87' lang='lat' dir='ltr'>quis</span> <span class='ocrx_word' id='word_1_506' title='bbox 3066 3352 3375 3416; x_wconf 82' lang='lat' dir='ltr'>separatur,</span> <span class='ocrx_word' id='word_1_507' title='bbox 3407 3325 3527 3416; x_wconf 68' lang='lat' dir='ltr'>ejus</span> <span class='ocrx_word' id='word_1_508' title='bbox 3554 3351 3607 3401; x_wconf 85' lang='lat' dir='ltr'>et</span> 
     </span>
    </p>
   </div>
   <div class='ocr_carea' id='block_1_63' title="bbox 162 3432 1837 3508">
    <p class='ocr_par' dir='ltr' id='par_1_63' title="bbox 162 3432 1837 3508">
     <span class='ocr_line' id='line_1_63' title="bbox 162 3432 1837 3508; baseline -0.007 -10"><span class='ocrx_word' id='word_1_509' title='bbox 162 3437 513 3498; x_wconf 82' lang='lat' dir='ltr'>destinatio.</span> <span class='ocrx_word' id='word_1_510' title='bbox 530 3435 899 3508; x_wconf 86' lang='lat' dir='ltr'>signiﬁcatur</span> <span class='ocrx_word' id='word_1_511' title='bbox 940 3432 1117 3490; x_wconf 88' lang='lat' dir='ltr'>etiam</span> <span class='ocrx_word' id='word_1_512' title='bbox 1161 3434 1397 3489; x_wconf 87' lang='lat' dir='ltr'>nomine</span> <span class='ocrx_word' id='word_1_513' title='bbox 1442 3432 1837 3505; x_wconf 71' lang='lat' dir='ltr'>praescientize,</span> 
     </span>
    </p>
   </div>
   <div class='ocr_carea' id='block_1_64' title="bbox 162 3522 1839 3598">
    <p class='ocr_par' dir='ltr' id='par_1_64' title="bbox 162 3522 1839 3598">
     <span class='ocr_line' id='line_1_64' title="bbox 162 3522 1839 3598; baseline -0.006 -11"><span class='ocrx_word' id='word_1_514' title='bbox 162 3530 326 3588; x_wconf 83' lang='lat' dir='ltr'>sicut</span> <span class='ocrx_word' id='word_1_515' title='bbox 349 3527 437 3583; x_wconf 88' lang='lat' dir='ltr'>ait</span> <span class='ocrx_word' id='word_1_516' title='bbox 474 3524 829 3598; x_wconf 86' lang='lat' dir='ltr'>Apostolus:</span> <span class='ocrx_word' id='word_1_517' title='bbox 861 3526 987 3579; x_wconf 87' lang='lat' dir='ltr'>Non</span> <span class='ocrx_word' id='word_1_518' title='bbox 1015 3524 1219 3595; x_wconf 83' lang='lat' dir='ltr'>repulit</span> <span class='ocrx_word' id='word_1_519' title='bbox 1243 3526 1384 3578; x_wconf 86' lang='lat' dir='ltr'>Deus</span> <span class='ocrx_word' id='word_1_520' title='bbox 1412 3522 1624 3593; x_wconf 78' lang='lat' dir='ltr'>plebem</span> <span class='ocrx_word' id='word_1_521' title='bbox 1659 3539 1839 3595; x_wconf 86' lang='lat' dir='ltr'>suam,</span> 
     </span>
    </p>
   </div>
   <div class='ocr_carea' id='block_1_65' title="bbox 162 3611 1839 3693">
    <p class='ocr_par' dir='ltr' id='par_1_65' title="bbox 162 3611 1839 3693">
     <span class='ocr_line' id='line_1_65' title="bbox 162 3611 1839 3693; baseline -0.004 -19"><span class='ocrx_word' id='word_1_522' title='bbox 162 3633 343 3693; x_wconf 77' lang='lat' dir='ltr'>quam</span> <span class='ocrx_word' id='word_1_523' title='bbox 372 3615 659 3689; x_wconf 68' lang='lat' dir='ltr'>prazscivit</span> <span class='ocrx_word' id='word_1_524' title='bbox 685 3616 860 3681; x_wconf 79' lang='lat' dir='ltr'>(Rom.</span> <span class='ocrx_word' id='word_1_525' title='bbox 894 3629 974 3679; x_wconf 76' lang='lat' dir='ltr'>xx,</span> <span class='ocrx_word' id='word_1_526' title='bbox 998 3614 1075 3683; x_wconf 89' lang='lat'>2).</span> <span class='ocrx_word' id='word_1_527' title='bbox 1098 3612 1203 3667; x_wconf 90' lang='lat' dir='ltr'>Hic</span> <span class='ocrx_word' id='word_1_528' title='bbox 1246 3611 1402 3683; x_wconf 89' lang='lat' dir='ltr'>quod</span> <span class='ocrx_word' id='word_1_529' title='bbox 1435 3611 1517 3666; x_wconf 88' lang='lat' dir='ltr'>ait</span> <span class='ocrx_word' id='word_1_530' title='bbox 1541 3613 1839 3683; x_wconf 62' lang='lat' dir='ltr'>praesciuit,</span> 
     </span>
    </p>
   </div>
   <div class='ocr_carea' id='block_1_66' title="bbox 162 3699 1842 3775">
    <p class='ocr_par' dir='ltr' id='par_1_66' title="bbox 162 3699 1842 3775">
     <span class='ocr_line' id='line_1_66' title="bbox 162 3699 1842 3775; baseline -0.007 -11"><span class='ocrx_word' id='word_1_531' title='bbox 162 3725 286 3764; x_wconf 86' lang='lat' dir='ltr'>non</span> <span class='ocrx_word' id='word_1_532' title='bbox 320 3708 484 3761; x_wconf 82' lang='lat' dir='ltr'>recte</span> <span class='ocrx_word' id='word_1_533' title='bbox 512 3700 883 3775; x_wconf 85' lang='lat' dir='ltr'>intelligitur,</span> <span class='ocrx_word' id='word_1_534' title='bbox 907 3700 1022 3755; x_wconf 91' lang='lat' dir='ltr'>nisi</span> <span class='ocrx_word' id='word_1_535' title='bbox 1054 3699 1514 3772; x_wconf 63' lang='lat' dir='ltr'>prmdestinavit;</span> <span class='ocrx_word' id='word_1_536' title='bbox 1545 3701 1699 3771; x_wconf 87' lang='lat' dir='ltr'>quod</span> <span class='ocrx_word' id='word_1_537' title='bbox 1731 3699 1842 3754; x_wconf 89' lang='lat' dir='ltr'>cir-</span> 
     </span>
    </p>
   </div>
   <div class='ocr_carea' id='block_1_67' title="bbox 164 3787 1846 3863">
    <p class='ocr_par' dir='ltr' id='par_1_67' title="bbox 164 3787 1846 3863">
     <span class='ocr_line' id='line_1_67' title="bbox 164 3787 1846 3863; baseline -0.007 -9"><span class='ocrx_word' id='word_1_538' title='bbox 164 3791 542 3855; x_wconf 84' lang='lat' dir='ltr'>cumstantia</span> <span class='ocrx_word' id='word_1_539' title='bbox 588 3791 780 3863; x_wconf 89' lang='lat' dir='ltr'>ipsius</span> <span class='ocrx_word' id='word_1_540' title='bbox 835 3788 1104 3845; x_wconf 86' lang='lat' dir='ltr'>lectionis</span> <span class='ocrx_word' id='word_1_541' title='bbox 1155 3787 1428 3844; x_wconf 83' lang='lat' dir='ltr'>ostendit.</span> <span class='ocrx_word' id='word_1_542' title='bbox 1474 3790 1846 3861; x_wconf 87' lang='lat' dir='ltr'>Loquebatur</span> 
     </span>
    </p>
   </div>
   <div class='ocr_carea' id='block_1_68' title="bbox 164 3876 1842 3952">
    <p class='ocr_par' dir='ltr' id='par_1_68' title="bbox 164 3876 1842 3952">
     <span class='ocr_line' id='line_1_68' title="bbox 164 3876 1842 3952; baseline -0.006 -10"><span class='ocrx_word' id='word_1_543' title='bbox 164 3880 336 3943; x_wconf 77' lang='lat' dir='ltr'>enim</span> <span class='ocrx_word' id='word_1_544' title='bbox 365 3883 439 3938; x_wconf 89' lang='lat' dir='ltr'>de</span> <span class='ocrx_word' id='word_1_545' title='bbox 470 3878 739 3952; x_wconf 91' lang='lat' dir='ltr'>reliquiis</span> <span class='ocrx_word' id='word_1_546' title='bbox 763 3879 1266 3949; x_wconf 68' lang='lat' dir='ltr'>Judzeorum,quae</span> <span class='ocrx_word' id='word_1_547' title='bbox 1294 3876 1465 3931; x_wconf 66' lang='lat' dir='ltr'>salvm</span> <span class='ocrx_word' id='word_1_548' title='bbox 1497 3877 1657 3932; x_wconf 76' lang='lat' dir='ltr'>factae</span> <span class='ocrx_word' id='word_1_549' title='bbox 1685 3883 1842 3944; x_wconf 90' lang='lat' dir='ltr'>sunt,</span> 
     </span>
    </p>
   </div>
   <div class='ocr_carea' id='block_1_69' title="bbox 165 3965 1846 4046">
    <p class='ocr_par' dir='ltr' id='par_1_69' title="bbox 165 3965 1846 4046">
     <span class='ocr_line' id='line_1_69' title="bbox 165 3965 1846 4046; baseline -0.004 -19"><span class='ocrx_word' id='word_1_550' title='bbox 165 3968 572 4046; x_wconf 84' lang='lat' dir='ltr'>pereuntibus</span> <span class='ocrx_word' id='word_1_551' title='bbox 604 3965 857 4035; x_wconf 68' lang='lat' dir='ltr'>cmteris;</span> <span class='ocrx_word' id='word_1_552' title='bbox 886 3966 1015 4021; x_wconf 89' lang='lat' dir='ltr'>ideo</span> <span class='ocrx_word' id='word_1_553' title='bbox 1048 3982 1183 4021; x_wconf 90' lang='lat' dir='ltr'>cum</span> <span class='ocrx_word' id='word_1_554' title='bbox 1217 3965 1481 4032; x_wconf 84' lang='lat' dir='ltr'>dixisset,</span> <span class='ocrx_word' id='word_1_555' title='bbox 1503 3966 1659 4021; x_wconf 92' lang='lat' dir='ltr'>unde</span> <span class='ocrx_word' id='word_1_556' title='bbox 1689 3983 1846 4021; x_wconf 89' lang='lat' dir='ltr'>nunc</span> 
     </span>
    </p>
   </div>
   <div class='ocr_carea' id='block_1_70' title="bbox 166 4055 1845 4136">
    <p class='ocr_par' dir='ltr' id='par_1_70' title="bbox 166 4055 1845 4136">
     <span class='ocr_line' id='line_1_70' title="bbox 166 4055 1845 4136; baseline -0.005 -19"><span class='ocrx_word' id='word_1_557' title='bbox 166 4062 441 4136; x_wconf 76' lang='lat' dir='ltr'>agimus,</span> <span class='ocrx_word' id='word_1_558' title='bbox 454 4074 569 4114; x_wconf 85' lang='lat' dir='ltr'>non</span> <span class='ocrx_word' id='word_1_559' title='bbox 587 4057 792 4128; x_wconf 85' lang='lat' dir='ltr'>repulit</span> <span class='ocrx_word' id='word_1_560' title='bbox 803 4061 939 4111; x_wconf 87' lang='lat' dir='ltr'>Deus</span> <span class='ocrx_word' id='word_1_561' title='bbox 949 4055 1162 4127; x_wconf 81' lang='lat' dir='ltr'>plebem</span> <span class='ocrx_word' id='word_1_562' title='bbox 1176 4070 1357 4120; x_wconf 91' lang='lat' dir='ltr'>suam,</span> <span class='ocrx_word' id='word_1_563' title='bbox 1372 4070 1536 4126; x_wconf 86' lang='lat' dir='ltr'>quam</span> <span class='ocrx_word' id='word_1_564' title='bbox 1549 4056 1845 4126; x_wconf 67' lang='lat' dir='ltr'>prwscivit,</span> 
     </span>
    </p>
   </div>
   <div class='ocr_carea' id='block_1_71' title="bbox 168 4143 1846 4227">
    <p class='ocr_par' dir='ltr' id='par_1_71' title="bbox 168 4143 1846 4227">
     <span class='ocr_line' id='line_1_71' title="bbox 168 4143 1846 4227; baseline -0.006 -18"><span class='ocrx_word' id='word_1_565' title='bbox 168 4154 313 4227; x_wconf 80' lang='lat' dir='ltr'>post</span> <span class='ocrx_word' id='word_1_566' title='bbox 346 4146 549 4219; x_wconf 85' lang='lat' dir='ltr'>aliqua</span> <span class='ocrx_word' id='word_1_567' title='bbox 580 4149 820 4201; x_wconf 89' lang='lat' dir='ltr'>secutus</span> <span class='ocrx_word' id='word_1_568' title='bbox 841 4143 1110 4215; x_wconf 79' lang='lat' dir='ltr'>adiunxit</span> <span class='ocrx_word' id='word_1_569' title='bbox 1134 4160 1146 4199; x_wconf 87' lang='lat'>:</span> <span class='ocrx_word' id='word_1_570' title='bbox 1170 4143 1325 4213; x_wconf 84' lang='lat' dir='ltr'>Quod</span> <span class='ocrx_word' id='word_1_571' title='bbox 1349 4145 1629 4214; x_wconf 70' lang='lat' dir='ltr'>quaerebat</span> <span class='ocrx_word' id='word_1_572' title='bbox 1656 4145 1846 4210; x_wconf 86' lang='lat' dir='ltr'>Israel,</span> 
     </span>
    </p>
   </div>
   <div class='ocr_carea' id='block_1_72' title="bbox 171 4234 1847 4302">
    <p class='ocr_par' dir='ltr' id='par_1_72' title="bbox 171 4234 1847 4302">
     <span class='ocr_line' id='line_1_72' title="bbox 171 4234 1847 4302; baseline -0.007 -3"><span class='ocrx_word' id='word_1_573' title='bbox 171 4243 277 4299; x_wconf 77' lang='lat' dir='ltr'>hoc</span> <span class='ocrx_word' id='word_1_574' title='bbox 309 4254 429 4294; x_wconf 81' lang='lat' dir='ltr'>non</span> <span class='ocrx_word' id='word_1_575' title='bbox 458 4243 536 4292; x_wconf 83' lang='lat' dir='ltr'>est</span> <span class='ocrx_word' id='word_1_576' title='bbox 577 4241 893 4291; x_wconf 82' lang='lat' dir='ltr'>consecutus</span> <span class='ocrx_word' id='word_1_577' title='bbox 926 4251 945 4288; x_wconf 91' lang='lat'>:</span> <span class='ocrx_word' id='word_1_578' title='bbox 974 4234 1159 4288; x_wconf 88' lang='lat' dir='ltr'>electio</span> <span class='ocrx_word' id='word_1_579' title='bbox 1206 4240 1390 4288; x_wconf 86' lang='lat' dir='ltr'>autem</span> <span class='ocrx_word' id='word_1_580' title='bbox 1436 4241 1720 4288; x_wconf 85' lang='lat' dir='ltr'>consecuta</span> <span class='ocrx_word' id='word_1_581' title='bbox 1750 4241 1847 4302; x_wconf 87' lang='lat' dir='ltr'>est,</span> 
     </span>
    </p>
   </div>
   <div class='ocr_carea' id='block_1_73' title="bbox 172 4320 1850 4393">
    <p class='ocr_par' dir='ltr' id='par_1_73' title="bbox 172 4320 1850 4393">
     <span class='ocr_line' id='line_1_73' title="bbox 172 4320 1850 4393; baseline -0.007 -5"><span class='ocrx_word' id='word_1_582' title='bbox 172 4328 382 4388; x_wconf 68' lang='lat' dir='ltr'>caeteri</span> <span class='ocrx_word' id='word_1_583' title='bbox 418 4340 546 4381; x_wconf 80' lang='lat' dir='ltr'>vero</span> <span class='ocrx_word' id='word_1_584' title='bbox 573 4325 831 4380; x_wconf 57' lang='lat' dir='ltr'>exsecuti</span> <span class='ocrx_word' id='word_1_585' title='bbox 861 4324 997 4377; x_wconf 88' lang='lat' dir='ltr'>bunt</span> <span class='ocrx_word' id='word_1_586' title='bbox 1025 4321 1182 4393; x_wconf 86' lang='lat' dir='ltr'>(Ibid.</span> <span class='ocrx_word' id='word_1_587' title='bbox 1216 4322 1294 4392; x_wconf 86' lang='lat'>7).</span> <span class='ocrx_word' id='word_1_588' title='bbox 1319 4321 1381 4375; x_wconf 91' lang='lat' dir='ltr'>In</span> <span class='ocrx_word' id='word_1_589' title='bbox 1426 4320 1532 4375; x_wconf 90' lang='lat' dir='ltr'>hac</span> <span class='ocrx_word' id='word_1_590' title='bbox 1570 4337 1705 4393; x_wconf 85' lang='lat' dir='ltr'>ergo</span> <span class='ocrx_word' id='word_1_591' title='bbox 1738 4321 1850 4377; x_wconf 91' lang='lat' dir='ltr'>ele-</span> 
     </span>
    </p>
   </div>
   <div class='ocr_carea' id='block_1_74' title="bbox 1947 3432 3604 3506">
    <p class='ocr_par' dir='ltr' id='par_1_74' title="bbox 1947 3432 3604 3506">
     <span class='ocr_line' id='line_1_74' title="bbox 1947 3432 3604 3506; baseline -0.003 -12"><span class='ocrx_word' id='word_1_592' title='bbox 1947 3453 2133 3494; x_wconf 87' lang='lat' dir='ltr'>servus</span> <span class='ocrx_word' id='word_1_593' title='bbox 2178 3443 2256 3489; x_wconf 88' lang='lat' dir='ltr'>est</span> <span class='ocrx_word' id='word_1_594' title='bbox 2285 3435 2362 3503; x_wconf 91' lang='lat' dir='ltr'>(II</span> <span class='ocrx_word' id='word_1_595' title='bbox 2389 3439 2535 3489; x_wconf 85' lang='lat' dir='ltr'>Petr.</span> <span class='ocrx_word' id='word_1_596' title='bbox 2566 3450 2628 3498; x_wconf 88' lang='lat' dir='ltr'>II,</span> <span class='ocrx_word' id='word_1_597' title='bbox 2655 3433 2762 3501; x_wconf 86' lang='lat'>19).</span> <span class='ocrx_word' id='word_1_598' title='bbox 2787 3433 2895 3488; x_wconf 90' lang='lat' dir='ltr'>Sed</span> <span class='ocrx_word' id='word_1_599' title='bbox 2928 3437 2985 3488; x_wconf 91' lang='lat' dir='ltr'>et</span> <span class='ocrx_word' id='word_1_600' title='bbox 3031 3432 3420 3506; x_wconf 83' lang='lat' dir='ltr'>captivitatem</span> <span class='ocrx_word' id='word_1_601' title='bbox 3472 3449 3604 3506; x_wconf 87' lang='lat' dir='ltr'>pec-</span> 
     </span>
    </p>
   </div>
   <div class='ocr_carea' id='block_1_75' title="bbox 1951 3521 3608 3583">
    <p class='ocr_par' dir='ltr' id='par_1_75' title="bbox 1951 3521 3608 3583">
     <span class='ocr_line' id='line_1_75' title="bbox 1951 3521 3608 3583; baseline -0.002 -1"><span class='ocrx_word' id='word_1_602' title='bbox 1951 3526 2063 3583; x_wconf 89' lang='lat' dir='ltr'>cati</span> <span class='ocrx_word' id='word_1_603' title='bbox 2094 3526 2301 3581; x_wconf 89' lang='lat' dir='ltr'>beatus</span> <span class='ocrx_word' id='word_1_604' title='bbox 2332 3522 2546 3578; x_wconf 90' lang='lat' dir='ltr'>Paulus</span> <span class='ocrx_word' id='word_1_605' title='bbox 2578 3538 2693 3577; x_wconf 90' lang='lat' dir='ltr'>non</span> <span class='ocrx_word' id='word_1_606' title='bbox 2738 3525 2893 3577; x_wconf 89' lang='lat' dir='ltr'>tacet</span> <span class='ocrx_word' id='word_1_607' title='bbox 2939 3521 3138 3578; x_wconf 88' lang='lat' dir='ltr'>dicens</span> <span class='ocrx_word' id='word_1_608' title='bbox 3171 3539 3184 3578; x_wconf 95' lang='lat'>:</span> <span class='ocrx_word' id='word_1_609' title='bbox 3224 3521 3396 3578; x_wconf 82' lang='lat' dir='ltr'>Video</span> <span class='ocrx_word' id='word_1_610' title='bbox 3425 3529 3608 3579; x_wconf 87' lang='lat' dir='ltr'>autem</span> 
     </span>
    </p>
   </div>
   <div class='ocr_carea' id='block_1_76' title="bbox 1951 3611 3608 3685">
    <p class='ocr_par' dir='ltr' id='par_1_76' title="bbox 1951 3611 3608 3685">
     <span class='ocr_line' id='line_1_76' title="bbox 1951 3611 3608 3685; baseline -0.002 -14"><span class='ocrx_word' id='word_1_611' title='bbox 1951 3617 2125 3672; x_wconf 88' lang='lat' dir='ltr'>aliam</span> <span class='ocrx_word' id='word_1_612' title='bbox 2155 3615 2324 3685; x_wconf 85' lang='lat' dir='ltr'>legem</span> <span class='ocrx_word' id='word_1_613' title='bbox 2354 3615 2415 3668; x_wconf 88' lang='lat' dir='ltr'>in</span> <span class='ocrx_word' id='word_1_614' title='bbox 2434 3611 2693 3667; x_wconf 88' lang='lat' dir='ltr'>membris</span> <span class='ocrx_word' id='word_1_615' title='bbox 2713 3613 2848 3667; x_wconf 86' lang='lat' dir='ltr'>meis</span> <span class='ocrx_word' id='word_1_616' title='bbox 2868 3619 3263 3683; x_wconf 87' lang='lat' dir='ltr'>repugnantem</span> <span class='ocrx_word' id='word_1_617' title='bbox 3282 3612 3391 3681; x_wconf 87' lang='lat' dir='ltr'>legi</span> <span class='ocrx_word' id='word_1_618' title='bbox 3408 3613 3608 3667; x_wconf 85' lang='lat' dir='ltr'>mentis</span> 
     </span>
    </p>
   </div>
   <div class='ocr_carea' id='block_1_77' title="bbox 1950 3701 3611 3774">
    <p class='ocr_par' dir='ltr' id='par_1_77' title="bbox 1950 3701 3611 3774">
     <span class='ocr_line' id='line_1_77' title="bbox 1950 3701 3611 3774; baseline -0.002 -12"><span class='ocrx_word' id='word_1_619' title='bbox 1950 3720 2110 3772; x_wconf 70' lang='lat' dir='ltr'>mese,</span> <span class='ocrx_word' id='word_1_620' title='bbox 2143 3712 2193 3760; x_wconf 90' lang='lat' dir='ltr'>et</span> <span class='ocrx_word' id='word_1_621' title='bbox 2221 3704 2493 3773; x_wconf 84' lang='lat' dir='ltr'>captivum</span> <span class='ocrx_word' id='word_1_622' title='bbox 2522 3718 2607 3757; x_wconf 87' lang='lat' dir='ltr'>me</span> <span class='ocrx_word' id='word_1_623' title='bbox 2636 3701 2918 3757; x_wconf 85' lang='lat' dir='ltr'>ducentem</span> <span class='ocrx_word' id='word_1_624' title='bbox 2946 3703 3006 3757; x_wconf 90' lang='lat' dir='ltr'>in</span> <span class='ocrx_word' id='word_1_625' title='bbox 3038 3702 3211 3770; x_wconf 84' lang='lat' dir='ltr'>legem</span> <span class='ocrx_word' id='word_1_626' title='bbox 3235 3703 3461 3772; x_wconf 88' lang='lat' dir='ltr'>peccati,</span> <span class='ocrx_word' id='word_1_627' title='bbox 3480 3706 3611 3774; x_wconf 68' lang='lat' dir='ltr'>&#39;quze</span> 
     </span>
    </p>
   </div>
   <div class='ocr_carea' id='block_1_78' title="bbox 1954 3789 3605 3863">
    <p class='ocr_par' dir='ltr' id='par_1_78' title="bbox 1954 3789 3605 3863">
     <span class='ocr_line' id='line_1_78' title="bbox 1954 3789 3605 3863; baseline -0.004 -12"><span class='ocrx_word' id='word_1_628' title='bbox 1954 3802 2031 3851; x_wconf 86' lang='lat' dir='ltr'>est</span> <span class='ocrx_word' id='word_1_629' title='bbox 2063 3796 2117 3848; x_wconf 86' lang='lat' dir='ltr'>in</span> <span class='ocrx_word' id='word_1_630' title='bbox 2149 3792 2406 3848; x_wconf 86' lang='lat' dir='ltr'>membris</span> <span class='ocrx_word' id='word_1_631' title='bbox 2431 3792 2567 3845; x_wconf 88' lang='lat' dir='ltr'>meis</span> <span class='ocrx_word' id='word_1_632' title='bbox 2589 3791 2761 3863; x_wconf 81' lang='lat' dir='ltr'>(Rom.</span> <span class='ocrx_word' id='word_1_633' title='bbox 2784 3808 2905 3858; x_wconf 86' lang='lat' dir='ltr'><strong>VIII,</strong></span> <span class='ocrx_word' id='word_1_634' title='bbox 2927 3791 3040 3856; x_wconf 83' lang='lat'>23).</span> <span class='ocrx_word' id='word_1_635' title='bbox 3061 3789 3155 3846; x_wconf 90' lang='lat' dir='ltr'>Sic</span> <span class='ocrx_word' id='word_1_636' title='bbox 3184 3791 3380 3863; x_wconf 89' lang='lat' dir='ltr'>itaque</span> <span class='ocrx_word' id='word_1_637' title='bbox 3410 3790 3605 3858; x_wconf 84' lang='lat' dir='ltr'>homo,</span> 
     </span>
    </p>
   </div>
   <div class='ocr_carea' id='block_1_79' title="bbox 1957 3879 3606 3947">
    <p class='ocr_par' dir='ltr' id='par_1_79' title="bbox 1957 3879 3606 3947">
     <span class='ocr_line' id='line_1_79' title="bbox 1957 3879 3606 3947; baseline -0.002 -8"><span class='ocrx_word' id='word_1_638' title='bbox 1957 3888 2023 3939; x_wconf 91' lang='lat' dir='ltr'>ut</span> <span class='ocrx_word' id='word_1_639' title='bbox 2052 3882 2270 3938; x_wconf 89' lang='lat' dir='ltr'>dictum</span> <span class='ocrx_word' id='word_1_640' title='bbox 2324 3884 2431 3945; x_wconf 85' lang='lat' dir='ltr'>est,</span> <span class='ocrx_word' id='word_1_641' title='bbox 2455 3880 2729 3934; x_wconf 89' lang='lat' dir='ltr'>deserens</span> <span class='ocrx_word' id='word_1_642' title='bbox 2776 3879 2982 3947; x_wconf 91' lang='lat' dir='ltr'>Deum,</span> <span class='ocrx_word' id='word_1_643' title='bbox 3003 3883 3061 3934; x_wconf 90' lang='lat' dir='ltr'>et</span> <span class='ocrx_word' id='word_1_644' title='bbox 3110 3879 3375 3934; x_wconf 85' lang='lat' dir='ltr'>desertus</span> <span class='ocrx_word' id='word_1_645' title='bbox 3406 3896 3441 3936; x_wconf 87' lang='lat' dir='ltr'>a</span> <span class='ocrx_word' id='word_1_646' title='bbox 3468 3879 3606 3947; x_wconf 90' lang='lat' dir='ltr'>Deo,</span> 
     </span>
    </p>
   </div>
   <div class='ocr_carea' id='block_1_80' title="bbox 1960 3967 3609 4040">
    <p class='ocr_par' dir='ltr' id='par_1_80' title="bbox 1960 3967 3609 4040">
     <span class='ocr_line' id='line_1_80' title="bbox 1960 3967 3609 4040; baseline -0.001 -14"><span class='ocrx_word' id='word_1_647' title='bbox 1960 3972 2147 4027; x_wconf 87' lang='lat' dir='ltr'>factus</span> <span class='ocrx_word' id='word_1_648' title='bbox 2180 3974 2271 4025; x_wconf 89' lang='lat' dir='ltr'>est</span> <span class='ocrx_word' id='word_1_649' title='bbox 2302 3970 2440 4024; x_wconf 90' lang='lat' dir='ltr'>liber</span> <span class='ocrx_word' id='word_1_650' title='bbox 2453 3969 2714 4040; x_wconf 65' lang='lat' dir='ltr'>justitic&#39;e,</span> <span class='ocrx_word' id='word_1_651' title='bbox 2741 3967 2833 4023; x_wconf 88' lang='lat' dir='ltr'>cui</span> <span class='ocrx_word' id='word_1_652' title='bbox 2867 3968 3081 4024; x_wconf 86' lang='lat' dir='ltr'>servire</span> <span class='ocrx_word' id='word_1_653' title='bbox 3110 3967 3320 4036; x_wconf 91' lang='lat' dir='ltr'>noluit,</span> <span class='ocrx_word' id='word_1_654' title='bbox 3343 3976 3395 4024; x_wconf 89' lang='lat' dir='ltr'>et</span> <span class='ocrx_word' id='word_1_655' title='bbox 3422 3985 3609 4027; x_wconf 85' lang='lat' dir='ltr'>servus</span> 
     </span>
    </p>
   </div>
   <div class='ocr_carea' id='block_1_81' title="bbox 1955 4055 3610 4132">
    <p class='ocr_par' dir='ltr' id='par_1_81' title="bbox 1955 4055 3610 4132">
     <span class='ocr_line' id='line_1_81' title="bbox 1955 4055 3610 4132; baseline -0.001 -17"><span class='ocrx_word' id='word_1_656' title='bbox 1955 4062 2161 4132; x_wconf 86' lang='lat' dir='ltr'>peccati</span> <span class='ocrx_word' id='word_1_657' title='bbox 2183 4061 2241 4114; x_wconf 87' lang='lat' dir='ltr'>in</span> <span class='ocrx_word' id='word_1_658' title='bbox 2263 4065 2510 4124; x_wconf 84' lang='lat' dir='ltr'>mortem,</span> <span class='ocrx_word' id='word_1_659' title='bbox 2526 4056 2664 4129; x_wconf 88' lang='lat' dir='ltr'>quia</span> <span class='ocrx_word' id='word_1_660' title='bbox 2682 4055 2870 4112; x_wconf 88' lang='lat' dir='ltr'>noluit</span> <span class='ocrx_word' id='word_1_661' title='bbox 2889 4074 3018 4113; x_wconf 86' lang='lat' dir='ltr'>esse</span> <span class='ocrx_word' id='word_1_662' title='bbox 3037 4074 3240 4114; x_wconf 87' lang='lat' dir='ltr'>servus</span> <span class='ocrx_word' id='word_1_663' title='bbox 3259 4055 3610 4114; x_wconf 86' lang='lat' dir='ltr'>obeditionis</span> 
     </span>
    </p>
   </div>
   <div class='ocr_carea' id='block_1_82' title="bbox 1961 4145 3608 4221">
    <p class='ocr_par' dir='ltr' id='par_1_82' title="bbox 1961 4145 3608 4221">
     <span class='ocr_line' id='line_1_82' title="bbox 1961 4145 3608 4221; baseline -0.002 -16"><span class='ocrx_word' id='word_1_664' title='bbox 1961 4151 2033 4205; x_wconf 89' lang='lat' dir='ltr'>ad</span> <span class='ocrx_word' id='word_1_665' title='bbox 2058 4148 2383 4221; x_wconf 81' lang='lat' dir='ltr'>justitiam;</span> <span class='ocrx_word' id='word_1_666' title='bbox 2414 4150 2470 4201; x_wconf 86' lang='lat' dir='ltr'>et</span> <span class='ocrx_word' id='word_1_667' title='bbox 2502 4163 2603 4218; x_wconf 88' lang='lat' dir='ltr'>per</span> <span class='ocrx_word' id='word_1_668' title='bbox 2634 4146 2740 4201; x_wconf 90' lang='lat' dir='ltr'>hoc</span> <span class='ocrx_word' id='word_1_669' title='bbox 2771 4145 3057 4218; x_wconf 84' lang='lat' dir='ltr'>incipiens</span> <span class='ocrx_word' id='word_1_670' title='bbox 3089 4145 3300 4201; x_wconf 85' lang='lat' dir='ltr'>habere</span> <span class='ocrx_word' id='word_1_671' title='bbox 3332 4146 3391 4201; x_wconf 90' lang='lat' dir='ltr'>in</span> <span class='ocrx_word' id='word_1_672' title='bbox 3423 4162 3608 4201; x_wconf 78' lang='lat' dir='ltr'>mem-</span> 
     </span>
    </p>
   </div>
   <div class='ocr_carea' id='block_1_83' title="bbox 1964 4234 3621 4309">
    <p class='ocr_par' dir='ltr' id='par_1_83' title="bbox 1964 4234 3621 4309">
     <span class='ocr_line' id='line_1_83' title="bbox 1964 4234 3621 4309; baseline -0.004 -13"><span class='ocrx_word' id='word_1_673' title='bbox 1964 4238 2084 4296; x_wconf 90' lang='lat' dir='ltr'>bris</span> <span class='ocrx_word' id='word_1_674' title='bbox 2115 4237 2238 4294; x_wconf 90' lang='lat' dir='ltr'>suis</span> <span class='ocrx_word' id='word_1_675' title='bbox 2267 4235 2453 4309; x_wconf 84' lang='lat' dir='ltr'>legem</span> <span class='ocrx_word' id='word_1_676' title='bbox 2505 4239 2929 4307; x_wconf 78' lang='lat' dir='ltr'>repugnantem</span> <span class='ocrx_word' id='word_1_677' title='bbox 2979 4234 3093 4307; x_wconf 86' lang='lat' dir='ltr'>legi</span> <span class='ocrx_word' id='word_1_678' title='bbox 3142 4234 3356 4290; x_wconf 88' lang='lat' dir='ltr'>mentis</span> <span class='ocrx_word' id='word_1_679' title='bbox 3389 4252 3528 4301; x_wconf 68' lang='lat' dir='ltr'>suae,</span> <span class='ocrx_word' id='word_1_680' title='bbox 3563 4238 3621 4291; x_wconf 88' lang='lat' dir='ltr'>et</span> 
     </span>
    </p>
   </div>
   <div class='ocr_carea' id='block_1_84' title="bbox 1965 4323 3623 4401">
    <p class='ocr_par' dir='ltr' id='par_1_84' title="bbox 1965 4323 3623 4401">
     <span class='ocr_line' id='line_1_84' title="bbox 1965 4323 3623 4401; baseline -0.004 -16"><span class='ocrx_word' id='word_1_681' title='bbox 1965 4328 2357 4401; x_wconf 86' lang='lat' dir='ltr'>captivantem</span> <span class='ocrx_word' id='word_1_682' title='bbox 2382 4341 2444 4380; x_wconf 91' lang='lat' dir='ltr'>se</span> <span class='ocrx_word' id='word_1_683' title='bbox 2467 4324 2524 4379; x_wconf 90' lang='lat' dir='ltr'>in</span> <span class='ocrx_word' id='word_1_684' title='bbox 2548 4324 2733 4395; x_wconf 85' lang='lat' dir='ltr'>legem</span> <span class='ocrx_word' id='word_1_685' title='bbox 2756 4324 2976 4396; x_wconf 87' lang='lat' dir='ltr'>peccati</span> <span class='ocrx_word' id='word_1_686' title='bbox 3001 4340 3012 4378; x_wconf 77' lang='grc' dir='ltr'>ε</span> <span class='ocrx_word' id='word_1_687' title='bbox 3035 4323 3256 4379; x_wconf 89' lang='lat' dir='ltr'>amissa</span> <span class='ocrx_word' id='word_1_688' title='bbox 3275 4339 3410 4396; x_wconf 88' lang='lat' dir='ltr'>ergo</span> <span class='ocrx_word' id='word_1_689' title='bbox 3433 4323 3623 4398; x_wconf 88' lang='lat' dir='ltr'>gratia</span> 
     </span>
    </p>
   </div>
   <div class='ocr_carea' id='block_1_85' title="bbox 174 4410 3621 4484">
    <p class='ocr_par' dir='ltr' id='par_1_85' title="bbox 174 4410 3621 4484">
     <span class='ocr_line' id='line_1_85' title="bbox 174 4410 3621 4484; baseline -0.001 -10"><span class='ocrx_word' id='word_1_690' title='bbox 174 4416 387 4475; x_wconf 80' lang='lat' dir='ltr'>ctione</span> <span class='ocrx_word' id='word_1_691' title='bbox 413 4419 472 4469; x_wconf 86' lang='lat' dir='ltr'>et</span> <span class='ocrx_word' id='word_1_692' title='bbox 502 4413 562 4468; x_wconf 90' lang='lat' dir='ltr'>in</span> <span class='ocrx_word' id='word_1_693' title='bbox 594 4412 688 4467; x_wconf 90' lang='lat' dir='ltr'>his</span> <span class='ocrx_word' id='word_1_694' title='bbox 714 4410 1002 4483; x_wconf 87' lang='lat' dir='ltr'>reliquiis,</span> <span class='ocrx_word' id='word_1_695' title='bbox 1028 4426 1155 4482; x_wconf 70' lang='lat' dir='ltr'>quae</span> <span class='ocrx_word' id='word_1_696' title='bbox 1184 4426 1284 4481; x_wconf 86' lang='lat' dir='ltr'>per</span> <span class='ocrx_word' id='word_1_697' title='bbox 1310 4411 1624 4465; x_wconf 86' lang='lat' dir='ltr'>electionem</span> <span class='ocrx_word' id='word_1_698' title='bbox 1651 4414 1857 4479; x_wconf 64' lang='lat' dir='ltr'>gratim</span> <span class='ocrx_word' id='word_1_699' title='bbox 1966 4433 2111 4471; x_wconf 78' lang='lat' dir='ltr'>verse</span> <span class='ocrx_word' id='word_1_700' title='bbox 2137 4412 2445 4481; x_wconf 84' lang='lat' dir='ltr'>libertatis,</span> <span class='ocrx_word' id='word_1_701' title='bbox 2463 4429 2581 4484; x_wconf 87' lang='lat' dir='ltr'>qua</span> <span class='ocrx_word' id='word_1_702' title='bbox 2606 4413 2714 4467; x_wconf 89' lang='lat' dir='ltr'>Deo</span> <span class='ocrx_word' id='word_1_703' title='bbox 2739 4416 2967 4483; x_wconf 85' lang='lat' dir='ltr'>poterat</span> <span class='ocrx_word' id='word_1_704' title='bbox 2998 4411 3284 4466; x_wconf 76' lang='lat' dir='ltr'>cohzerere</span> <span class='ocrx_word' id='word_1_705' title='bbox 3308 4416 3365 4467; x_wconf 92' lang='lat' dir='ltr'>et</span> <span class='ocrx_word' id='word_1_706' title='bbox 3386 4412 3578 4468; x_wconf 89' lang='lat' dir='ltr'>dicere</span> <span class='ocrx_word' id='word_1_707' title='bbox 3607 4429 3621 4469; x_wconf 87' lang='lat'>:</span> 
     </span>
    </p>
   </div>
   <div class='ocr_carea' id='block_1_86' title="bbox 176 4498 3624 4574">
    <p class='ocr_par' dir='ltr' id='par_1_86' title="bbox 176 4498 3624 4574">
     <span class='ocr_line' id='line_1_86' title="bbox 176 4498 3624 4574; baseline -0.003 -9"><span class='ocrx_word' id='word_1_708' title='bbox 176 4507 367 4566; x_wconf 69' lang='lat' dir='ltr'>salvae</span> <span class='ocrx_word' id='word_1_709' title='bbox 389 4505 559 4574; x_wconf 52' lang='lat' dir='ltr'>facta</span> <span class='ocrx_word' id='word_1_710' title='bbox 584 4508 731 4566; x_wconf 86' lang='lat' dir='ltr'>sunt,</span> <span class='ocrx_word' id='word_1_711' title='bbox 759 4499 943 4556; x_wconf 78' lang='lat' dir='ltr'>voluit</span> <span class='ocrx_word' id='word_1_712' title='bbox 975 4498 1222 4571; x_wconf 88' lang='lat' dir='ltr'>intelligi</span> <span class='ocrx_word' id='word_1_713' title='bbox 1253 4498 1697 4571; x_wconf 88' lang='lat' dir='ltr'>plebem,quam</span> <span class='ocrx_word' id='word_1_714' title='bbox 1731 4518 1857 4572; x_wconf 90' lang='lat' dir='ltr'>pro-</span> <span class='ocrx_word' id='word_1_715' title='bbox 1973 4506 2112 4563; x_wconf 82' lang='lat' dir='ltr'>Mihi</span> <span class='ocrx_word' id='word_1_716' title='bbox 2140 4511 2323 4558; x_wconf 87' lang='lat' dir='ltr'>autem</span> <span class='ocrx_word' id='word_1_717' title='bbox 2351 4509 2452 4557; x_wconf 87' lang='lat' dir='ltr'>Deo</span> <span class='ocrx_word' id='word_1_718' title='bbox 2504 4500 2785 4557; x_wconf 60' lang='lat' dir='ltr'>(ul/Herem</span> <span class='ocrx_word' id='word_1_719' title='bbox 2835 4500 3034 4555; x_wconf 83' lang='lat' dir='ltr'>bonum</span> <span class='ocrx_word' id='word_1_720' title='bbox 3061 4508 3139 4557; x_wconf 90' lang='lat' dir='ltr'>est</span> <span class='ocrx_word' id='word_1_721' title='bbox 3165 4501 3274 4573; x_wconf 89' lang='lat' dir='ltr'>(Ps.</span> <span class='ocrx_word' id='word_1_722' title='bbox 3310 4517 3478 4567; x_wconf 81' lang='lat' dir='ltr'>Lxxn,</span> <span class='ocrx_word' id='word_1_723' title='bbox 3511 4502 3624 4570; x_wconf 88' lang='lat'>28),</span> 
     </span>
    </p>
   </div>
   <div class='ocr_carea' id='block_1_87' title="bbox 180 4587 3628 4669">
    <p class='ocr_par' dir='ltr' id='par_1_87' title="bbox 180 4587 3628 4669">
     <span class='ocr_line' id='line_1_87' title="bbox 180 4587 3628 4669; baseline -0.002 -17"><span class='ocrx_word' id='word_1_724' title='bbox 180 4600 400 4669; x_wconf 82' lang='lat' dir='ltr'>pterea</span> <span class='ocrx_word' id='word_1_725' title='bbox 420 4591 575 4646; x_wconf 90' lang='lat' dir='ltr'>Deus</span> <span class='ocrx_word' id='word_1_726' title='bbox 596 4606 708 4645; x_wconf 82' lang='lat' dir='ltr'>non</span> <span class='ocrx_word' id='word_1_727' title='bbox 727 4590 950 4661; x_wconf 84' lang='lat' dir='ltr'>repulit,</span> <span class='ocrx_word' id='word_1_728' title='bbox 975 4587 1116 4659; x_wconf 90' lang='lat' dir='ltr'>quia</span> <span class='ocrx_word' id='word_1_729' title='bbox 1132 4589 1431 4659; x_wconf 66' lang='lat' dir='ltr'>prmscivit.</span> <span class='ocrx_word' id='word_1_730' title='bbox 1452 4587 1660 4644; x_wconf 88' lang='lat' dir='ltr'>Nullus</span> <span class='ocrx_word' id='word_1_731' title='bbox 1682 4590 1861 4661; x_wconf 82' lang='lat' dir='ltr'>igitur</span> <span class='ocrx_word' id='word_1_732' title='bbox 1972 4593 2187 4649; x_wconf 82' lang='lat' dir='ltr'>infelici</span> <span class='ocrx_word' id='word_1_733' title='bbox 2219 4592 2487 4646; x_wconf 84' lang='lat' dir='ltr'>libertate</span> <span class='ocrx_word' id='word_1_734' title='bbox 2518 4590 2835 4644; x_wconf 87' lang='lat' dir='ltr'>voluntatis</span> <span class='ocrx_word' id='word_1_735' title='bbox 2866 4607 2984 4644; x_wconf 79' lang='lat' dir='ltr'>suae</span> <span class='ocrx_word' id='word_1_736' title='bbox 3015 4590 3260 4646; x_wconf 65' lang='lat' dir='ltr'>adhaesit</span> <span class='ocrx_word' id='word_1_737' title='bbox 3290 4594 3545 4663; x_wconf 89' lang='lat' dir='ltr'>peccato,</span> <span class='ocrx_word' id='word_1_738' title='bbox 3569 4593 3628 4646; x_wconf 90' lang='lat' dir='ltr'>et</span> 
     </span>
    </p>
   </div>
   <div class='ocr_carea' id='block_1_88' title="bbox 182 4674 3627 4760">
    <p class='ocr_par' dir='ltr' id='par_1_88' title="bbox 182 4674 3627 4760">
     <span class='ocr_line' id='line_1_88' title="bbox 182 4674 3627 4760; baseline -0.002 -20"><span class='ocrx_word' id='word_1_739' title='bbox 182 4684 293 4759; x_wconf 78' lang='lat' dir='ltr'>qui</span> <span class='ocrx_word' id='word_1_740' title='bbox 320 4674 457 4737; x_wconf 43' lang='lat' dir='ltr'>&#39;haac</span> <span class='ocrx_word' id='word_1_741' title='bbox 487 4677 783 4751; x_wconf 85' lang='lat' dir='ltr'>intelligit,</span> <span class='ocrx_word' id='word_1_742' title='bbox 805 4693 1019 4750; x_wconf 87' lang='lat' dir='ltr'>negare</span> <span class='ocrx_word' id='word_1_743' title='bbox 1039 4675 1127 4733; x_wconf 91' lang='lat' dir='ltr'>vel</span> <span class='ocrx_word' id='word_1_744' title='bbox 1160 4677 1430 4732; x_wconf 87' lang='lat' dir='ltr'>dubitare</span> <span class='ocrx_word' id='word_1_745' title='bbox 1457 4677 1818 4749; x_wconf 88' lang='lat' dir='ltr'>permittitur</span> <span class='ocrx_word' id='word_1_746' title='bbox 1844 4697 1857 4735; x_wconf 94' lang='lat'>:</span> <span class='ocrx_word' id='word_1_747' title='bbox 1893 4694 1941 4760; x_wconf 72' lang='grc' dir='ltr'>Β</span> <span class='ocrx_word' id='word_1_748' title='bbox 1976 4685 2166 4739; x_wconf 89' lang='lat' dir='ltr'>factus</span> <span class='ocrx_word' id='word_1_749' title='bbox 2187 4686 2278 4737; x_wconf 86' lang='lat' dir='ltr'>est</span> <span class='ocrx_word' id='word_1_750' title='bbox 2308 4697 2510 4736; x_wconf 87' lang='lat' dir='ltr'>servus</span> <span class='ocrx_word' id='word_1_751' title='bbox 2532 4678 2913 4751; x_wconf 76' lang='lat' dir='ltr'>captivasque</span> <span class='ocrx_word' id='word_1_752' title='bbox 2944 4679 3280 4752; x_wconf 88' lang='lat' dir='ltr'>peccati.De</span> <span class='ocrx_word' id='word_1_753' title='bbox 3302 4696 3419 4753; x_wconf 88' lang='lat' dir='ltr'>qua</span> <span class='ocrx_word' id='word_1_754' title='bbox 3448 4679 3627 4736; x_wconf 86' lang='lat' dir='ltr'>servi-</span> 
     </span>
    </p>
   </div>
   <div class='ocr_carea' id='block_1_89' title="bbox 184 4764 3629 4842">
    <p class='ocr_par' dir='ltr' id='par_1_89' title="bbox 184 4764 3629 4842">
     <span class='ocr_line' id='line_1_89' title="bbox 184 4764 3629 4842; baseline -0.002 -13"><span class='ocrx_word' id='word_1_755' title='bbox 184 4772 295 4830; x_wconf 87' lang='lat' dir='ltr'>ubi</span> <span class='ocrx_word' id='word_1_756' title='bbox 332 4770 421 4827; x_wconf 63' lang='lat' dir='ltr'>ait</span> <span class='ocrx_word' id='word_1_757' title='bbox 450 4767 786 4842; x_wconf 80' lang='lat' dir='ltr'>Apostolus,</span> <span class='ocrx_word' id='word_1_758' title='bbox 811 4782 919 4823; x_wconf 88' lang='lat' dir='ltr'>non</span> <span class='ocrx_word' id='word_1_759' title='bbox 980 4767 1185 4837; x_wconf 87' lang='lat' dir='ltr'>repulit</span> <span class='ocrx_word' id='word_1_760' title='bbox 1237 4770 1376 4821; x_wconf 72' lang='lat' dir='ltr'>Deus</span> <span class='ocrx_word' id='word_1_761' title='bbox 1419 4766 1630 4837; x_wconf 84' lang='lat' dir='ltr'>plebem</span> <span class='ocrx_word' id='word_1_762' title='bbox 1683 4785 1862 4834; x_wconf 81' lang='lat' dir='ltr'>suam,</span> <span class='ocrx_word' id='word_1_763' title='bbox 1976 4776 2099 4827; x_wconf 86' lang='lat' dir='ltr'>tute</span> <span class='ocrx_word' id='word_1_764' title='bbox 2129 4776 2187 4826; x_wconf 85' lang='lat' dir='ltr'>et</span> <span class='ocrx_word' id='word_1_765' title='bbox 2219 4769 2553 4841; x_wconf 77' lang='lat' dir='ltr'>captivitate</span> <span class='ocrx_word' id='word_1_766' title='bbox 2585 4768 2738 4823; x_wconf 78' lang='lat' dir='ltr'>exire</span> <span class='ocrx_word' id='word_1_767' title='bbox 2769 4772 2825 4823; x_wconf 86' lang='lat' dir='ltr'>et</span> <span class='ocrx_word' id='word_1_768' title='bbox 2854 4767 3089 4825; x_wconf 91' lang='lat' dir='ltr'>liberari</span> <span class='ocrx_word' id='word_1_769' title='bbox 3130 4786 3245 4824; x_wconf 91' lang='lat' dir='ltr'>non</span> <span class='ocrx_word' id='word_1_770' title='bbox 3277 4772 3489 4842; x_wconf 89' lang='lat' dir='ltr'>potest,</span> <span class='ocrx_word' id='word_1_771' title='bbox 3514 4764 3629 4824; x_wconf 88' lang='lat' dir='ltr'>nisi</span> 
     </span>
    </p>
   </div>
   <div class='ocr_carea' id='block_1_90' title="bbox 185 4852 3631 4936">
    <p class='ocr_par' dir='ltr' id='par_1_90' title="bbox 185 4852 3631 4936">
     <span class='ocr_line' id='line_1_90' title="bbox 185 4852 3631 4936; baseline -0.002 -18"><span class='ocrx_word' id='word_1_772' title='bbox 185 4877 367 4936; x_wconf 82' lang='lat' dir='ltr'>quam</span> <span class='ocrx_word' id='word_1_773' title='bbox 383 4858 686 4933; x_wconf 56' lang='lat' dir='ltr'>praecinit,</span> <span class='ocrx_word' id='word_1_774' title='bbox 709 4852 1285 4929; x_wconf 65' lang='lat' dir='ltr'>praedestinationem</span> <span class='ocrx_word' id='word_1_775' title='bbox 1309 4854 1641 4927; x_wconf 84' lang='lat' dir='ltr'>signiﬁcare</span> <span class='ocrx_word' id='word_1_776' title='bbox 1657 4856 1868 4914; x_wconf 89' lang='lat' dir='ltr'>voluis-</span> <span class='ocrx_word' id='word_1_777' title='bbox 1980 4878 2082 4935; x_wconf 90' lang='lat' dir='ltr'>per</span> <span class='ocrx_word' id='word_1_778' title='bbox 2112 4877 2246 4916; x_wconf 90' lang='lat' dir='ltr'>eum</span> <span class='ocrx_word' id='word_1_779' title='bbox 2280 4858 2381 4930; x_wconf 91' lang='lat' dir='ltr'>qui</span> <span class='ocrx_word' id='word_1_780' title='bbox 2415 4858 2531 4914; x_wconf 90' lang='lat' dir='ltr'>ait:</span> <span class='ocrx_word' id='word_1_781' title='bbox 2559 4857 2622 4913; x_wconf 88' lang='lat' dir='ltr'>Si</span> <span class='ocrx_word' id='word_1_782' title='bbox 2652 4874 2737 4913; x_wconf 88' lang='lat' dir='ltr'>vos</span> <span class='ocrx_word' id='word_1_783' title='bbox 2776 4858 2952 4913; x_wconf 86' lang='lat' dir='ltr'>Filius</span> <span class='ocrx_word' id='word_1_784' title='bbox 2991 4858 3326 4927; x_wconf 87' lang='lat' dir='ltr'>liberaverit,</span> <span class='ocrx_word' id='word_1_785' title='bbox 3354 4865 3482 4914; x_wconf 86' lang='lat' dir='ltr'>tunc</span> <span class='ocrx_word' id='word_1_786' title='bbox 3508 4873 3631 4912; x_wconf 87' lang='lat' dir='ltr'>vere</span> 
     </span>
    </p>
   </div>
   <div class='ocr_carea' id='block_1_91' title="bbox 188 4942 3635 5022">
    <p class='ocr_par' dir='ltr' id='par_1_91' title="bbox 188 4942 3635 5022">
     <span class='ocr_line' id='line_1_91' title="bbox 188 4942 3635 5022; baseline -0.002 -16"><span class='ocrx_word' id='word_1_787' title='bbox 188 4969 258 5009; x_wconf 84' lang='lat' dir='ltr'>se</span> <span class='ocrx_word' id='word_1_788' title='bbox 286 4946 621 5022; x_wconf 71' lang='lat' dir='ltr'>:praescivit</span> <span class='ocrx_word' id='word_1_789' title='bbox 643 4945 802 5003; x_wconf 89' lang='lat' dir='ltr'>enim</span> <span class='ocrx_word' id='word_1_790' title='bbox 824 4942 1105 5017; x_wconf 84' lang='lat' dir='ltr'>reliquias</span> <span class='ocrx_word' id='word_1_791' title='bbox 1127 4959 1275 5015; x_wconf 84' lang='lat' dir='ltr'>quas</span> <span class='ocrx_word' id='word_1_792' title='bbox 1298 4944 1623 4999; x_wconf 88' lang='lat' dir='ltr'>secundum</span> <span class='ocrx_word' id='word_1_793' title='bbox 1645 4945 1871 5003; x_wconf 86' lang='lat' dir='ltr'>electio-</span> <span class='ocrx_word' id='word_1_794' title='bbox 1981 4952 2143 5006; x_wconf 87' lang='lat' dir='ltr'>liberi</span> <span class='ocrx_word' id='word_1_795' title='bbox 2170 4950 2326 5005; x_wconf 83' lang='lat' dir='ltr'>eritis</span> <span class='ocrx_word' id='word_1_796' title='bbox 2352 4947 2529 5020; x_wconf 88' lang='lat' dir='ltr'>(Joan.</span> <span class='ocrx_word' id='word_1_797' title='bbox 2559 4964 2679 5012; x_wconf 84' lang='lat' dir='ltr'>vm,</span> <span class='ocrx_word' id='word_1_798' title='bbox 2702 4947 2813 5016; x_wconf 84' lang='lat'>36).</span> <span class='ocrx_word' id='word_1_799' title='bbox 2838 4947 2906 5001; x_wconf 90' lang='lat' dir='ltr'>Et</span> <span class='ocrx_word' id='word_1_800' title='bbox 2931 4946 3063 5017; x_wconf 73' lang='lat' dir='ltr'>ideo</span> <span class='ocrx_word' id='word_1_801' title='bbox 3085 4947 3318 5018; x_wconf 91' lang='lat' dir='ltr'>quando</span> <span class='ocrx_word' id='word_1_802' title='bbox 3339 4946 3514 5003; x_wconf 90' lang='lat' dir='ltr'>homo</span> <span class='ocrx_word' id='word_1_803' title='bbox 3536 4945 3635 5001; x_wconf 89' lang='lat' dir='ltr'>de-</span> 
     </span>
    </p>
   </div>
   <div class='ocr_carea' id='block_1_92' title="bbox 191 5032 3631 5111">
    <p class='ocr_par' dir='ltr' id='par_1_92' title="bbox 191 5032 3631 5111">
     <span class='ocr_line' id='line_1_92' title="bbox 191 5032 3631 5111; baseline -0.002 -17"><span class='ocrx_word' id='word_1_804' title='bbox 191 5055 339 5097; x_wconf 77' lang='lat' dir='ltr'>nem</span> <span class='ocrx_word' id='word_1_805' title='bbox 370 5036 577 5111; x_wconf 77' lang='lat' dir='ltr'>gratiae</span> <span class='ocrx_word' id='word_1_806' title='bbox 604 5035 798 5091; x_wconf 87' lang='lat' dir='ltr'>fuerat</span> <span class='ocrx_word' id='word_1_807' title='bbox 826 5033 952 5106; x_wconf 87' lang='lat' dir='ltr'>ipse</span> <span class='ocrx_word' id='word_1_808' title='bbox 982 5033 1284 5088; x_wconf 87' lang='lat' dir='ltr'>facturus:</span> <span class='ocrx_word' id='word_1_809' title='bbox 1310 5032 1420 5088; x_wconf 92' lang='lat' dir='ltr'>hoc</span> <span class='ocrx_word' id='word_1_810' title='bbox 1451 5036 1539 5088; x_wconf 89' lang='lat' dir='ltr'>est</span> <span class='ocrx_word' id='word_1_811' title='bbox 1569 5050 1704 5108; x_wconf 87' lang='lat' dir='ltr'>ergo</span> <span class='ocrx_word' id='word_1_812' title='bbox 1725 5053 1869 5107; x_wconf 82' lang='lat' dir='ltr'>prae-</span> <span class='ocrx_word' id='word_1_813' title='bbox 1983 5037 2390 5103; x_wconf 86' lang='lat' dir='ltr'>seruitDeum,</span> <span class='ocrx_word' id='word_1_814' title='bbox 2419 5034 2724 5091; x_wconf 87' lang='lat' dir='ltr'>manifeste</span> <span class='ocrx_word' id='word_1_815' title='bbox 2747 5039 2885 5090; x_wconf 89' lang='lat' dir='ltr'>tunc</span> <span class='ocrx_word' id='word_1_816' title='bbox 2907 5034 3105 5092; x_wconf 89' lang='lat' dir='ltr'>amisit</span> <span class='ocrx_word' id='word_1_817' title='bbox 3124 5036 3451 5091; x_wconf 88' lang='lat' dir='ltr'>libertatem</span> <span class='ocrx_word' id='word_1_818' title='bbox 3473 5032 3631 5099; x_wconf 90' lang='lat' dir='ltr'>boni,</span> 
     </span>
    </p>
   </div>
   <div class='ocr_carea' id='block_1_93' title="bbox 194 5121 3636 5195">
    <p class='ocr_par' dir='ltr' id='par_1_93' title="bbox 194 5121 3636 5195">
     <span class='ocr_line' id='line_1_93' title="bbox 194 5121 3636 5195; baseline -0.002 -10"><span class='ocrx_word' id='word_1_819' title='bbox 194 5125 555 5193; x_wconf 78' lang='lat' dir='ltr'>destinavit;</span> <span class='ocrx_word' id='word_1_820' title='bbox 594 5123 723 5181; x_wconf 86' lang='lat' dir='ltr'>sine</span> <span class='ocrx_word' id='word_1_821' title='bbox 748 5121 927 5179; x_wconf 91' lang='lat' dir='ltr'>dubio</span> <span class='ocrx_word' id='word_1_822' title='bbox 958 5121 1116 5178; x_wconf 90' lang='lat' dir='ltr'>enim</span> <span class='ocrx_word' id='word_1_823' title='bbox 1147 5121 1460 5194; x_wconf 81' lang='lat' dir='ltr'>praescivit,</span> <span class='ocrx_word' id='word_1_824' title='bbox 1492 5122 1540 5177; x_wconf 91' lang='lat' dir='ltr'>si</span> <span class='ocrx_word' id='word_1_825' title='bbox 1572 5124 1870 5195; x_wconf 66' lang='lat' dir='ltr'>praedesti-</span> <span class='ocrx_word' id='word_1_826' title='bbox 1983 5133 2040 5184; x_wconf 90' lang='lat' dir='ltr'>et</span> <span class='ocrx_word' id='word_1_827' title='bbox 2070 5144 2186 5183; x_wconf 92' lang='lat' dir='ltr'>non</span> <span class='ocrx_word' id='word_1_828' title='bbox 2220 5125 2502 5181; x_wconf 90' lang='lat' dir='ltr'>remansit</span> <span class='ocrx_word' id='word_1_829' title='bbox 2530 5124 2695 5195; x_wconf 90' lang='lat' dir='ltr'>liber,</span> <span class='ocrx_word' id='word_1_830' title='bbox 2722 5123 2835 5179; x_wconf 90' lang='lat' dir='ltr'>nisi</span> <span class='ocrx_word' id='word_1_831' title='bbox 2876 5125 2947 5180; x_wconf 89' lang='lat' dir='ltr'>ad</span> <span class='ocrx_word' id='word_1_832' title='bbox 2981 5125 3222 5180; x_wconf 89' lang='lat' dir='ltr'>malum.</span> <span class='ocrx_word' id='word_1_833' title='bbox 3249 5122 3411 5179; x_wconf 91' lang='lat' dir='ltr'>Unde</span> <span class='ocrx_word' id='word_1_834' title='bbox 3444 5122 3636 5178; x_wconf 90' lang='lat' dir='ltr'>nesci-</span> 
     </span>
    </p>
   </div>
   <div class='ocr_carea' id='block_1_94' title="bbox 197 5211 3637 5286">
    <p class='ocr_par' dir='ltr' id='par_1_94' title="bbox 197 5211 3637 5286">
     <span class='ocr_line' id='line_1_94' title="bbox 197 5211 3637 5286; baseline -0.001 -15"><span class='ocrx_word' id='word_1_835' title='bbox 197 5217 395 5283; x_wconf 72' lang='lat' dir='ltr'>navit;</span> <span class='ocrx_word' id='word_1_836' title='bbox 432 5215 537 5271; x_wconf 81' lang='lat' dir='ltr'>sed</span> <span class='ocrx_word' id='word_1_837' title='bbox 587 5211 1040 5285; x_wconf 81' lang='lat' dir='ltr'>praedestinasse</span> <span class='ocrx_word' id='word_1_838' title='bbox 1100 5215 1158 5267; x_wconf 88' lang='lat' dir='ltr'>et</span> <span class='ocrx_word' id='word_1_839' title='bbox 1203 5211 1315 5266; x_wconf 92' lang='lat' dir='ltr'>hoc</span> <span class='ocrx_word' id='word_1_840' title='bbox 1363 5211 1667 5284; x_wconf 65' lang='lat' dir='ltr'>praescisse</span> <span class='ocrx_word' id='word_1_841' title='bbox 1718 5216 1872 5286; x_wconf 90' lang='lat' dir='ltr'>quod</span> <span class='ocrx_word' id='word_1_842' title='bbox 1986 5235 2120 5274; x_wconf 90' lang='lat' dir='ltr'>mus</span> <span class='ocrx_word' id='word_1_843' title='bbox 2154 5233 2258 5272; x_wconf 89' lang='lat' dir='ltr'>cur</span> <span class='ocrx_word' id='word_1_844' title='bbox 2287 5214 2420 5271; x_wconf 89' lang='lat' dir='ltr'>talis</span> <span class='ocrx_word' id='word_1_845' title='bbox 2464 5215 2523 5269; x_wconf 93' lang='lat' dir='ltr'>in</span> <span class='ocrx_word' id='word_1_846' title='bbox 2572 5232 2636 5270; x_wconf 92' lang='lat' dir='ltr'>eo</span> <span class='ocrx_word' id='word_1_847' title='bbox 2681 5214 2925 5270; x_wconf 87' lang='lat' dir='ltr'>libertas</span> <span class='ocrx_word' id='word_1_848' title='bbox 2974 5213 3179 5268; x_wconf 89' lang='lat' dir='ltr'>debeat</span> <span class='ocrx_word' id='word_1_849' title='bbox 3225 5211 3637 5284; x_wconf 64' lang='lat' dir='ltr'>pradicari,ac</span> 
     </span>
    </p>
   </div>
   <div class='ocr_carea' id='block_1_95' title="bbox 199 5300 2865 5379">
    <p class='ocr_par' dir='ltr' id='par_1_95' title="bbox 199 5300 2865 5379">
     <span class='ocr_line' id='line_1_95' title="bbox 199 5300 2865 5379; baseline -0.003 -15"><span class='ocrx_word' id='word_1_850' title='bbox 199 5309 400 5364; x_wconf 86' lang='lat' dir='ltr'>fuerat</span> <span class='ocrx_word' id='word_1_851' title='bbox 428 5303 558 5377; x_wconf 78' lang='lat' dir='ltr'>ipse</span> <span class='ocrx_word' id='word_1_852' title='bbox 607 5301 917 5371; x_wconf 70' lang='lat' dir='ltr'>facturus.)</span> <span class='ocrx_word' id='word_1_853' title='bbox 950 5301 1097 5357; x_wconf 88' lang='lat' dir='ltr'>Ecce</span> <span class='ocrx_word' id='word_1_854' title='bbox 1128 5300 1268 5373; x_wconf 91' lang='lat' dir='ltr'>quid</span> <span class='ocrx_word' id='word_1_855' title='bbox 1304 5302 1470 5373; x_wconf 90' lang='lat' dir='ltr'>sequi</span> <span class='ocrx_word' id='word_1_856' title='bbox 1524 5302 1754 5362; x_wconf 89' lang='lat' dir='ltr'>debeat.</span> <span class='ocrx_word' id='word_1_857' title='bbox 1776 5304 1877 5377; x_wconf 89' lang='lat' dir='ltr'>qui</span> <span class='ocrx_word' id='word_1_858' title='bbox 1988 5325 2105 5364; x_wconf 90' lang='lat' dir='ltr'>non</span> <span class='ocrx_word' id='word_1_859' title='bbox 2136 5304 2332 5379; x_wconf 90' lang='lat' dir='ltr'>potius</span> <span class='ocrx_word' id='word_1_860' title='bbox 2363 5304 2542 5361; x_wconf 88' lang='lat' dir='ltr'>deleri</span> <span class='ocrx_word' id='word_1_861' title='bbox 2572 5309 2629 5360; x_wconf 89' lang='lat' dir='ltr'>et</span> <span class='ocrx_word' id='word_1_862' title='bbox 2658 5302 2865 5358; x_wconf 89' lang='lat' dir='ltr'>caveri.</span> 
     </span>
    </p>
   </div>
   <div class='ocr_carea' id='block_1_96' title="bbox 191 5387 3639 5468">
    <p class='ocr_par' dir='ltr' id='par_1_96' title="bbox 191 5387 3639 5468">
     <span class='ocr_line' id='line_1_96' title="bbox 191 5387 3639 5468; baseline -0.001 -17"><span class='ocrx_word' id='word_1_863' title='bbox 191 5396 378 5468; x_wconf 77' lang='lat' dir='ltr'>juxta</span> <span class='ocrx_word' id='word_1_864' title='bbox 397 5390 560 5466; x_wconf 87' lang='lat' dir='ltr'>piam</span> <span class='ocrx_word' id='word_1_865' title='bbox 582 5390 772 5448; x_wconf 88' lang='lat' dir='ltr'>sancti</span> <span class='ocrx_word' id='word_1_866' title='bbox 796 5387 985 5446; x_wconf 87' lang='lat' dir='ltr'>Patris</span> <span class='ocrx_word' id='word_1_867' title='bbox 1006 5387 1461 5463; x_wconf 87' lang='lat' dir='ltr'>intelligentiam</span> <span class='ocrx_word' id='word_1_868' title='bbox 1488 5406 1629 5446; x_wconf 87' lang='lat' dir='ltr'>sane</span> <span class='ocrx_word' id='word_1_869' title='bbox 1657 5396 1714 5447; x_wconf 89' lang='lat' dir='ltr'>et</span> <span class='ocrx_word' id='word_1_870' title='bbox 1734 5411 1880 5466; x_wconf 89' lang='lat' dir='ltr'>pure</span> <span class='ocrx_word' id='word_1_871' title='bbox 2063 5396 2137 5468; x_wconf 84' lang='lat' dir='ltr'>(a)</span> <span class='ocrx_word' id='word_1_872' title='bbox 2161 5395 2323 5459; x_wconf 90' lang='lat' dir='ltr'>Quod</span> <span class='ocrx_word' id='word_1_873' title='bbox 2356 5398 2550 5450; x_wconf 87' lang='lat' dir='ltr'>autem</span> <span class='ocrx_word' id='word_1_874' title='bbox 2584 5392 2881 5463; x_wconf 86' lang='lat' dir='ltr'>dicit,sine</span> <span class='ocrx_word' id='word_1_875' title='bbox 2910 5391 3115 5446; x_wconf 86' lang='lat' dir='ltr'>laboris</span> <span class='ocrx_word' id='word_1_876' title='bbox 3143 5391 3343 5460; x_wconf 88' lang='lat' dir='ltr'>studio,</span> <span class='ocrx_word' id='word_1_877' title='bbox 3374 5398 3424 5448; x_wconf 89' lang='lat' dir='ltr'>et</span> <span class='ocrx_word' id='word_1_878' title='bbox 3452 5406 3639 5463; x_wconf 89' lang='lat' dir='ltr'>coope-</span> 
     </span>
    </p>
   </div>
   <div class='ocr_carea' id='block_1_97' title="bbox 1228 5486 2653 5554">
    <p class='ocr_par' dir='ltr' id='par_1_97' title="bbox 1228 5486 2653 5554">
     <span class='ocr_line' id='line_1_97' title="bbox 1228 5486 2653 5554; baseline 0.002 -13"><span class='ocrx_word' id='word_1_879' title='bbox 1228 5486 1442 5542; x_wconf 64' lang='lat' dir='ltr'><strong>NOTZE</strong></span> <span class='ocrx_word' id='word_1_880' title='bbox 1480 5487 1814 5549; x_wconf 86' lang='lat' dir='ltr'><strong>DUVALLII</strong></span> <span class='ocrx_word' id='word_1_881' title='bbox 1853 5493 2216 5554; x_wconf 80' lang='lat' dir='ltr'>DOGTORIS</span> <span class='ocrx_word' id='word_1_882' title='bbox 2255 5489 2653 5548; x_wconf 82' lang='lat' dir='ltr'>SORBONICI.</span> 
     </span>
    </p>
   </div>
   <div class='ocr_carea' id='block_1_98' title="bbox 204 5575 3644 5658">
    <p class='ocr_par' dir='ltr' id='par_1_98' title="bbox 204 5575 3644 5658">
     <span class='ocr_line' id='line_1_98' title="bbox 204 5575 3644 5658; baseline -0.004 -10"><span class='ocrx_word' id='word_1_883' title='bbox 204 5597 325 5638; x_wconf 72' lang='lat' dir='ltr'>nus</span> <span class='ocrx_word' id='word_1_884' title='bbox 354 5579 430 5658; x_wconf 67' lang='grc' dir='ltr'>ἀρ</span> <span class='ocrx_word' id='word_1_885' title='bbox 462 5575 974 5658; x_wconf 54' lang='grc' dir='ltr'>Ρνίθάθξ,ίίηειίῖίζηθ</span> <span class='ocrx_word' id='word_1_886' title='bbox 1000 5576 1073 5631; x_wconf 68' lang='lat' dir='ltr'>ad</span> <span class='ocrx_word' id='word_1_887' title='bbox 1094 5575 1883 5658; x_wconf 43' lang='lat' dir='ltr'>gmliamml‘Oquitur.__-Vas-</span> <span class='ocrx_word' id='word_1_888' title='bbox 2004 5583 2471 5658; x_wconf 61' lang='lat' dir='ltr'>praevenientem,</span> <span class='ocrx_word' id='word_1_889' title='bbox 2501 5583 2556 5634; x_wconf 90' lang='lat' dir='ltr'>et</span> <span class='ocrx_word' id='word_1_890' title='bbox 2586 5576 2772 5658; x_wconf 73' lang='lat' dir='ltr'>solam</span> <span class='ocrx_word' id='word_1_891' title='bbox 2804 5581 3211 5658; x_wconf 69' lang='lat' dir='ltr'>cooperantem</span> <span class='ocrx_word' id='word_1_892' title='bbox 3242 5577 3500 5658; x_wconf 38' lang='lat' dir='ltr'>gratiam.</span> <span class='ocrx_word' id='word_1_893' title='bbox 3524 5579 3644 5633; x_wconf 90' lang='lat' dir='ltr'>sta-</span> 
     </span>
    </p>
   </div>
   <div class='ocr_carea' id='block_1_99' title="bbox 206 5647 3647 5726">
    <p class='ocr_par' dir='ltr' id='par_1_99' title="bbox 206 5647 3647 5726">
     <span class='ocr_line' id='line_1_99' title="bbox 206 5647 3647 5726; baseline -0 -18"><span class='ocrx_word' id='word_1_894' title='bbox 206 5667 360 5726; x_wconf 82' lang='lat' dir='ltr'>qucz</span> <span class='ocrx_word' id='word_1_895' title='bbox 392 5647 814 5726; x_wconf 45' lang='lat' dir='ltr'>iri—quaestione</span> <span class='ocrx_word' id='word_1_896' title='bbox 842 5648 933 5726; x_wconf 63' lang='lat'>23,</span> <span class='ocrx_word' id='word_1_897' title='bbox 978 5652 1194 5726; x_wconf 22' lang='lat' dir='ltr'>|‘_part.</span> <span class='ocrx_word' id='word_1_898' title='bbox 1227 5652 1287 5702; x_wconf 92' lang='lat' dir='ltr'>D.</span> <span class='ocrx_word' id='word_1_899' title='bbox 1321 5647 1587 5717; x_wconf 79' lang='lat' dir='ltr'>Thomas;</span> <span class='ocrx_word' id='word_1_900' title='bbox 1639 5653 1874 5725; x_wconf 88' lang='lat' dir='ltr'>Suarez,</span> <span class='ocrx_word' id='word_1_901' title='bbox 1996 5647 2161 5712; x_wconf 70' lang='lat' dir='ltr'>tuere</span> <span class='ocrx_word' id='word_1_902' title='bbox 2192 5654 2515 5726; x_wconf 77' lang='lat' dir='ltr'>videbatur,</span> <span class='ocrx_word' id='word_1_903' title='bbox 2545 5649 2705 5726; x_wconf 77' lang='lat' dir='ltr'>quod</span> <span class='ocrx_word' id='word_1_904' title='bbox 2732 5647 2973 5726; x_wconf 77' lang='lat' dir='ltr'>_acriter</span> <span class='ocrx_word' id='word_1_905' title='bbox 3003 5649 3210 5726; x_wconf 71' lang='lat' dir='ltr'>refellit</span> <span class='ocrx_word' id='word_1_906' title='bbox 3249 5647 3647 5726; x_wconf 66' lang='lat' dir='ltr'>Augustinus,</span> 
     </span>
    </p>
   </div>
   <div class='ocr_carea' id='block_1_100' title="bbox 209 5718 1836 5799">
    <p class='ocr_par' dir='ltr' id='par_1_100' title="bbox 209 5718 1770 5799">
     <span class='ocr_line' id='line_1_100' title="bbox 209 5718 1770 5799; baseline -0.003 -20"><span class='ocrx_word' id='word_1_907' title='bbox 209 5718 607 5799; x_wconf 54' lang='lat' dir='ltr'>dpusculoﬂe</span> <span class='ocrx_word' id='word_1_908' title='bbox 637 5718 1178 5799; x_wconf 48' lang='lat' dir='ltr'>Praedestinatione,</span> <span class='ocrx_word' id='word_1_909' title='bbox 1247 5794 1255 5799; x_wconf 89' lang='lat'>_</span> <span class='ocrx_word' id='word_1_910' title='bbox 1320 5790 1359 5799; x_wconf 46' lang='grc' dir='ltr'>ῃ</span> <span class='ocrx_word' id='word_1_911' title='bbox 1402 5790 1411 5799; x_wconf 40' lang='grc'>.</span> <span class='ocrx_word' id='word_1_912' title='bbox 1761 5797 1770 5799; x_wconf 20' lang='grc' dir='ltr'><em>Α</em></span> 
     </span>
    </p>
   </div>
   <div class='ocr_carea' id='block_1_101' title="bbox 1947 5718 3457 5799">
    <p class='ocr_par' dir='ltr' id='par_1_101' title="bbox 1992 5718 3457 5791">
     <span class='ocr_line' id='line_1_101' title="bbox 1992 5718 3457 5791; baseline -0.005 -7"><span class='ocrx_word' id='word_1_913' title='bbox 1992 5732 2057 5784; x_wconf 88' lang='lat' dir='ltr'>ut</span> <span class='ocrx_word' id='word_1_914' title='bbox 2090 5729 2257 5783; x_wconf 86' lang='lat' dir='ltr'>docet</span> <span class='ocrx_word' id='word_1_915' title='bbox 2288 5718 2697 5789; x_wconf 81' lang='lat' dir='ltr'>Bellarminus,</span> <span class='ocrx_word' id='word_1_916' title='bbox 2732 5720 2833 5777; x_wconf 90' lang='lat' dir='ltr'>lib.</span> <span class='ocrx_word' id='word_1_917' title='bbox 2866 5740 2943 5789; x_wconf 71' lang='lat' dir='ltr'>vn,</span> <span class='ocrx_word' id='word_1_918' title='bbox 2977 5739 3028 5778; x_wconf 92' lang='lat' dir='ltr'>c.</span> <span class='ocrx_word' id='word_1_919' title='bbox 3064 5722 3150 5791; x_wconf 83' lang='lat'>15,</span> <span class='ocrx_word' id='word_1_920' title='bbox 3186 5718 3374 5778; x_wconf 52' lang='lat' dir='ltr'>concl&#39;.</span> <span class='ocrx_word' id='word_1_921' title='bbox 3406 5723 3457 5778; x_wconf 84' lang='grc'>4.</span> 
     </span>
    </p>
   </div>
   <div class='ocr_carea' id='block_1_102' title="bbox 286 5789 1875 5867">
    <p class='ocr_par' dir='ltr' id='par_1_102' title="bbox 286 5789 1875 5867">
     <span class='ocr_line' id='line_1_102' title="bbox 286 5789 1875 5867; baseline -0.005 -16"><span class='ocrx_word' id='word_1_922' title='bbox 286 5794 364 5865; x_wconf 88' lang='lat' dir='ltr'>(a)</span> <span class='ocrx_word' id='word_1_923' title='bbox 428 5792 577 5849; x_wconf 86' lang='lat' dir='ltr'>Cum</span> <span class='ocrx_word' id='word_1_924' title='bbox 640 5791 966 5864; x_wconf 86' lang='lat' dir='ltr'>Pelagianis</span> <span class='ocrx_word' id='word_1_925' title='bbox 1025 5789 1265 5848; x_wconf 86' lang='lat' dir='ltr'>tollebat</span> <span class='ocrx_word' id='word_1_926' title='bbox 1320 5790 1567 5861; x_wconf 77' lang='lat' dir='ltr'>Erigena</span> <span class='ocrx_word' id='word_1_927' title='bbox 1627 5797 1875 5867; x_wconf 69' lang='lat' dir='ltr'>gratiam</span> 
     </span>
    </p>
   </div>
  </div>
