4082 6438
506 409 630 473 -115

1613 413 1840 478 FLORI
1883 408 2201 475 DIACONI
2244 409 2820 478 LUGDUNENSIS.

3808 410 3941 475 116

513 549 687 605 rantis
715 548 918 618 gratiae
945 546 1085 605 dono
1122 548 1397 606 hominem
1431 547 1501 605 ad
1537 554 1705 606 Deum
1736 549 2024 620 pervenire
2048 561 2157 601 non
2187 542 2243 611 Α
2271 543 2567 618 Scriptura
2595 550 2865 617 testatur,
2890 564 2996 606 nec
3027 545 3178 605 sicut
3205 546 3426 605 donum
3456 545 3580 614 Dei,
3604 562 3736 604 cum
3759 544 3946 604 intel-

511 655 682 711 posse.
716 637 882 693 aliter
927 639 1073 694 fides
1122 637 1407 695 catholica
1456 642 1633 704 tenet,
1660 655 1787 709 qua:
1839 636 2164 691 certissime

514 728 718 793 credit,
734 728 905 799 juxta
928 727 1321 800 evangelicam
1348 730 1405 782 et
1433 725 1814 798 apostolicam
1836 725 2162 793 veritatem,

515 816 678 873 nullo
699 818 852 872 bono
871 816 1234 890 opere.nullo
1252 817 1402 872 bono
1426 817 1633 871 merito
1656 814 2167 887 praecedente,solo

515 907 716 978 gratiae
735 906 941 962 divinae
964 905 1240 960 beneficio
1262 905 1560 960 hominem
1577 903 1787 960 salvari
1805 909 1860 959 et
1875 904 2072 958 venire
2092 903 2164 958 ad

515 996 721 1053 Deum.
744 996 907 1051 Sicut
937 995 1061 1062 ipse
1095 993 1373 1049 Dominus
1395 993 1571 1048 dicit:
1597 995 1760 1049 Nemo
1787 1000 1958 1064 potest
1984 994 2170 1047 venire

518 1086 588 1141 ad
618 1103 719 1152 me,
744 1086 857 1140 nisi
879 1085 1060 1149 Pater,
1086 1084 1181 1155 qui
1199 1084 1355 1137 misit
1376 1099 1482 1143 me,
1509 1084 1743 1137 traxerit
1762 1099 1887 1137 eum
1909 1082 2167 1153 (Joan.v1,

518 1177 629 1243 44).
653 1176 722 1229 Et
767 1170 1081 1244 Apostolus
1112 1170 1566 1245 diligentissime
1613 1169 1868 1225 inculcat
1898 1169 2171 1225 fidelibus

517 1264 752 1319 dicens:
778 1264 845 1317 Ei
872 1269 1056 1316 autem
1097 1262 1195 1332 qui
1237 1276 1347 1315 non
1399 1267 1673 1330 operatur,
1705 1259 1944 1314 credenti
1989 1266 2170 1313 autem

515 1357 572 1411 in
606 1369 730 1409 eum
769 1352 866 1422 qui
896 1350 1167 1420 justi/ient
1197 1351 1448 1421 impium,
1482 1356 1765 1420 reputatur
1793 1349 1910 1419 ejus
1939 1347 2070 1418 ﬁdes
2102 1346 2173 1402 ad

503 1444 783 1517 justitiam
812 1440 987 1509 (Rom.
1017 1456 1093 1502 IV,
1126 1439 1202 1507 5).
1236 1438 1305 1492 Et
1336 1439 1548 1493 iterum
1580 1454 1592 1491 :
1630 1437 1981 1493 Arbitramur
2003 1437 2169 1507 justi-

512 1533 671 1605 ﬁcari
698 1531 975 1586 hominem
1001 1544 1071 1582 ea:
1098 1526 1210 1597 ﬁde
1249 1528 1369 1582 sine
1416 1526 1667 1598 operibus
1714 1527 1849 1595 legis
1878 1526 2054 1592 (Rom.
2088 1542 2171 1587 ιιι,

510 1622 628 1689 28).
650 1622 721 1675 Et
752 1635 823 1673 ne
856 1616 1065 1673 saltem
1098 1615 1287 1687 ipsam
1318 1616 1491 1671 fidem
1532 1613 1645 1670 sibi
1674 1616 2043 1687 deputarent,
2070 1610 2171 1684 qui

2273 633 2476 707 ligitur
2507 636 2736 709 proprie
2758 636 3012 710 Spiritus
3039 641 3300 704 sanctus,
3324 638 3574 694 refertur
3593 638 3663 693 ad
3697 637 3941 693 Patrem

2275 727 2332 779 et
2356 723 2589 791 Filium,
2607 727 2777 797 cujus
2803 730 2891 781 est
2921 727 3161 783 donum.
3184 727 3301 782 Ista
3321 743 3575 799 namque
3598 726 3658 781 in
3678 725 3781 781 illa
3800 742 3947 781 san-

2274 817 2367 868 cta
2388 817 2447 868 et
2467 816 2701 869 summa
2721 814 3009 872 Trinitate
3036 816 3117 871 sic
3140 816 3474 871 referuntur
3495 816 3566 871 ad
3588 815 3950 881 invicem,ut

2276 901 2599 974 singularia
2622 903 2698 958 ibi
2723 904 2861 968 sint,
2882 921 2988 959 nec
3009 904 3259 960 alterum
3276 905 3348 960 de
3366 904 3547 961 altero
3568 904 3682 959 dici
3706 903 3899 977 possit
3925 921 3944 958 :

2278 1007 2433 1045 unus
2454 990 2610 1045 enim
2638 992 2717 1046 ibi
2741 997 2827 1047 est
2846 993 3013 1048 Pater
3031 993 3452 1066 genitor,unus
3470 993 3651 1050 Filius
3673 992 3945 1066 genitus,

2278 1096 2433 1134 unus
2468 1079 2723 1151 Spiritus
2763 1085 3002 1136 sanctus
3045 1082 3399 1154 procedens:
3425 1098 3607 1137 unum
3649 1082 3945 1149 Verbum,

2278 1173 2335 1223 et
2363 1167 2579 1240 imago,
2605 1174 2663 1224 et
2692 1170 2971 1242 splendor
3018 1170 3207 1226 Patris
3249 1172 3401 1243 quod
3456 1175 3545 1226 est
3592 1171 3949 1244 unigenitus

2281 1256 2461 1312 Filius
2490 1274 2501 1312 :
2528 1275 2712 1314 unum
2747 1259 2965 1314 donum
3009 1259 3108 1315 Dei
3156 1258 3337 1315 Patris
3375 1263 3432 1315 et
3476 1259 3628 1328 Filii,
3654 1260 3810 1333 quod
3847 1264 3951 1316 est

2280 1344 2532 1417 Spiritus
2563 1350 2823 1403 sanctus.
2849 1348 2918 1403 Et
2945 1348 3067 1403 haec
3097 1348 3169 1403 de
3197 1347 3450 1421 singulis
3476 1347 3711 1422 singula
3738 1347 3823 1404 ita
3856 1347 3947 1404 ibi

2280 1433 2712 1507 intelliguntur,
2736 1440 2801 1490 ut
2830 1436 3296 1509 uniuscujusque
3318 1453 3577 1508 personae
3607 1437 3948 1509 proprietas

2282 1523 2354 1578 ad
2386 1522 2634 1579 alterum
2656 1526 2908 1580 transire
2938 1542 3055 1582 non
3086 1525 3269 1598 possit
3296 1543 3309 1580 :
3337 1525 3494 1582 verbi
3516 1525 3723 1598 gratia,
3751 1531 3816 1582 ut
3846 1527 3949 1583 vel

2284 1611 2453 1667 Pater
2481 1630 2744 1685 unquam
2770 1612 2950 1670 Filius
2971 1614 3087 1671 dici
3108 1615 3314 1687 possit,
3336 1614 3425 1671 vel
3456 1614 3637 1671 Filius
3660 1614 3953 1671 naturali-

515 1710 762 1768 veniunt
794 1707 863 1762 ad
895 1707 1079 1761 Deum
1113 1709 1286 1777 atque
1318 1704 1400 1760 ita
1425 1703 1583 1759 velut
1615 1703 1705 1759 sui
1739 1703 1934 1775 operis
1967 1701 2175 1757 merito
2285 1705 2374 1757 ter
2398 1702 2561 1757 Pater
2591 1702 3071 1776 intelligatur,vel
3103 1703 3358 1776 Spiritus
3388 1708 3627 1760 sanctus
3651 1704 3819 1760 Pater
3839 1710 3957 1762 aut.

520 1805 577 1857 et
610 1815 726 1854 non
758 1794 1014 1869 gratuita
1043 1793 1144 1848 Dei
1178 1794 1329 1849 dono
1352 1810 1413 1849 se
1444 1796 1717 1865 putarent
1740 1809 1869 1848 esse
1898 1791 2173 1858 salvatos,

2286 1789 2483 1846 Filius.
2504 1791 2879 1847 Manifestum
2906 1796 2996 1848 est
3026 1792 3225 1865 igitur,
3248 1797 3313 1848 ut
3342 1792 3621 1860 diximus,
3652 1793 3791 1866 quia
3822 1811 3954 1851 non

521 1887 777 1945 ostendit
793 1884 905 1939 alio
927 1882 1052 1939 loco
1069 1882 1246 1938 etiam
1268 1881 1459 1954 ipsam
1476 1881 1647 1938 fidem
1667 1881 1765 1936 Dei
1785 1882 2006 1937 donum
2024 1897 2173 1945 esse,
2203 1915 2252 1981 B
2286 1879 2367 1934 ita
2396 1880 3103 1981 refertur‘przedestinatio
3151 1883 3223 1937 ad
3272 1882 3479 1950 Deum,
3507 1881 3661 1981 sicut
3693 1883 3959 1939 refertur

517 1995 652 2035 cum
675 1974 851 2032 dicit:
880 1972 1065 2029 Gratia
1095 1973 1239 2027 salvi
1263 1973 1402 2043 facti
1428 1972 1575 2037 estis,
1597 1987 1696 2041 per
1724 1970 1916 2041 ﬁdem;
1945 1974 2003 2026 et
2032 1986 2166 2025 con-

515 2068 680 2124 tinuo
713 2062 1020 2135 subjungit
1045 2079 1057 2115 :
1082 2063 1148 2116 Et
1176 2061 1275 2116 hoc
1301 2076 1413 2115 non
1432 2076 1501 2116 ea:
1518 2060 1699 2125 vobis;
1724 2061 1827 2115 Dei
1843 2060 2047 2115 donum
2066 2067 2163 2126 est,

514 2174 620 2213 non
651 2172 721 2211 ex
744 2154 1017 2226 operibus,
1040 2167 1110 2206 ne
1138 2152 1262 2222 quis
1290 2150 1558 2218 glorietur
1580 2149 1746 2220 (Eph.
1782 2165 1840 2215 II,
1869 2148 1923 2213 8,
1953 2148 2030 2214 9).
2056 2148 2168 2204 Un-

510 2246 580 2301 de
603 2244 780 2300 etiam
816 2242 990 2307 Deus,
1017 2239 1169 2294 sicut
1198 2238 1325 2311 ipse
1365 2236 1681 2310 Apostolus
1721 2241 2162 2304 commemorat,

507 2352 609 2407 per
639 2330 984 2404 prophetam
1017 2327 1193 2382 dicit:
1225 2330 1482 2383 Inventus
1510 2344 1634 2381 sum
1662 2343 1696 2380 a
1723 2342 1831 2381 non
1865 2328 2163 2397 quaerenti-

506 2423 602 2478 bus
632 2437 718 2476 me
744 2439 761 2474 :
787 2419 977 2490 palam
1007 2418 1244 2487 apparui
1268 2416 1354 2470 his
1383 2417 1481 2487 qui
1500 2432 1587 2471 me
1606 2432 1713 2469 non
1747 2416 2163 2483 interrogabant

505 2512 631 2583 (Isa.
658 2525 783 2563 va.
809 2508 917 2573 11).
940 2504 1042 2559 Vel
1066 2504 1220 2559 sicut
1258 2503 1318 2558 in
1363 2507 1566 2558 nostra
1601 2502 1856 2558 editione
1896 2502 2111 2573 legitur
2142 2520 2155 2558 :

505 2600 854 2669 Quaesierunt
880 2611 966 2649 me
994 2594 1091 2666 qui
1133 2600 1257 2648 ante
1302 2609 1413 2647 non
1458 2593 1890 2661 interrogabant,
1939 2593 2158 2647 invene-

502 2695 633 2743 runt
664 2686 763 2758 qui
798 2699 907 2739 non
952 2683 1293 2754 quaesierunt
1337 2697 1441 2736 me.
1475 2681 1618 2735 Ecce
1674 2678 2159 2735 manifestissima

504 2776 692 2850 gratia
720 2773 847 2829 sine
877 2771 1172 2844 operibus,
1202 2786 1305 2841 per
1334 2786 1510 2841 quam
1546 2768 1815 2824 homines
1848 2786 1961 2824 non
1994 2786 2156 2841 quaa-

504 2869 697 2927 rentes
727 2863 934 2927 Deum,
958 2877 1074 2915 non
1109 2858 1298 2914 solum
1329 2857 1591 2924 veniunt,
1617 2858 1717 2914 sed
1749 2857 1922 2914 etiam
1956 2875 2155 2930 perve-

506 2955 678 3010 niunt
698 2952 769 3007 ad
795 2951 980 3006 Deum
1007 2966 1020 3004 :
1047 2948 1199 3004 sicut
1223 2948 1531 3003 innumera
1552 2945 1926 3019 parvulorum
1949 2946 2152 3014 millia,

506 3042 606 3116 qui
637 3040 840 3111 utique
879 3037 1026 3094 nihil
1074 3036 1210 3092 boni
1241 3036 1465 3108 operari
1518 3040 1852 3108 potuerunt,
1888 3035 2011 3091 sola
2041 3036 2154 3091 fide

505 3129 773 3188 Ecclesiae
796 3131 849 3183 et
872 3124 1327 3199 regenerationis
1361 3124 1567 3197 gratia,
1593 3141 1724 3179 cum
1766 3123 1825 3179 in
1856 3124 1958 3179 tali
1989 3128 2154 3181 astate

505 3238 572 3278 ex
601 3235 755 3292 aqua
783 3221 840 3274 et
870 3214 1091 3288 Spiritu
1126 3214 1330 3281 renati,
1359 3218 1415 3269 et
1445 3212 1748 3286 originalis
1778 3213 1997 3286 peccati
2026 3214 2151 3270 vin-

2282 1968 2452 2025 Pater
2479 1969 2548 2025 ad
2580 1968 2812 2035 Filium,
2837 1970 3017 2026 Filius
3039 1972 3112 2027 ad
3144 1974 3397 2038 Patrem,
3422 1971 3673 2044 Spiritus
3697 1977 3955 2031 sanctus

2277 2058 2348 2112 ad
2375 2058 2605 2113 Patrem
2627 2063 2685 2114 et
2707 2058 2939 2115 Filium.
2965 2060 3164 2132 Neque
3183 2060 3340 2116 enim
3372 2060 3807 2133 prmdestinatio
3839 2061 3956 2118 ali-

2275 2162 2393 2218 qua
2421 2151 2513 2202 est
2543 2148 2772 2220 proprie
2804 2149 2862 2204 in
2885 2149 3172 2206 Trinitate
3201 2166 3482 2222 personae,
3509 2154 3575 2205 ut
3594 2150 3663 2206 ad
3690 2150 3948 2208 alteram

2274 2236 2621 2292 naturaliter
2652 2238 2952 2294 referatur.

2345 2325 2615 2380 Refertur
2644 2330 2842 2382 tamen
2873 2326 3114 2383 omnino
3146 2329 3346 2384 eadem
3395 2327 3826 2400 praedestinatio
3859 2331 3939 2386 ad

2271 2411 2479 2480 Deum,
2506 2413 2563 2468 id
2595 2418 2685 2470 est
2708 2416 2780 2469 ad
2813 2419 2997 2471 totam
3044 2415 3221 2471 simul
3253 2415 3620 2484 Trinitatem,
3647 2434 3775 2489 quae
3807 2421 3945 2475 tota

2269 2506 2358 2557 est
2402 2503 2823 2575 praedestinans
2871 2521 3236 2578 quascunque
3278 2505 3691 2579 praedestinata
3729 2512 3873 2564 sunt
3907 2526 3924 2565 :

2268 2591 2409 2661 quia
2432 2592 2655 2665 absque
2673 2594 2852 2648 dubio
2875 2594 3123 2650 refertur
3142 2595 3576 2668 pradestinatio
3597 2596 3666 2651 ad
3697 2597 3930 2668 praede-

2267 2679 2607 2749 stinantem,
2635 2682 2787 2737 sicut
2819 2688 2876 2738 et
2904 2683 3253 2755 gubernatio
3284 2684 3353 2739 ad
3396 2684 3844 2757 gubernantem,
3868 2690 3935 2742 et

2266 2768 2570 2840 dispositio
2602 2770 2674 2825 ad
2707 2770 3138 2843 disponentem,
3155 2775 3212 2827 et
3234 2772 3527 2827 ordinatio
3550 2773 3622 2827 ad
3646 2772 3934 2830 ordinan-

2264 2860 2401 2912 tem.
2427 2858 2542 2914 Nec
2564 2857 2779 2931 aliquis
2801 2876 3064 2930 unquam
3093 2865 3212 2916 tam
3238 2861 3491 2917 absurde
3512 2865 3569 2916 et
3588 2861 3939 2934 importune

2264 2946 2667 3003 contentiosus
2686 2947 2815 3015 fuit,
2836 2953 2898 3001 ut
2917 2948 3099 3003 Deum
3122 2948 3323 3004 omnia
3342 2949 3751 3021 disponentem
3776 2951 3940 3009 dice.

2263 3038 2350 3090 ret
2370 3050 2498 3090 esse
2520 3034 2998 3108 dispositionem;
3032 3037 3229 3093 omnia
3252 3038 3679 3111 gubernantem
3706 3039 3942 3098 diceret

2262 3139 2391 3178 esse
2412 3124 2928 3196 gubernationem;
2956 3126 3155 3182 omnia
3171 3125 3539 3183 ordinantem
3560 3128 3778 3184 diceret
3797 3146 3939 3188 esse

2262 3212 2725 3282 ordinationem;
2762 3218 3041 3287 putamus
3071 3216 3226 3287 quod
3261 3232 3366 3271 nec
3394 3216 3593 3272 omnia
3622 3218 3933 3289 praedesti-

503 3309 631 3365 culo
655 3286 931 3371 absoluti,
950 3309 1126 3376 atque
1148 3303 1230 3359 ita
1250 3302 1467 3359 fuerint
1488 3302 1769 3370 defuncti,
1794 3304 2017 3375 absque
2040 3303 2160 3359 ulla
2189 3286 2233 3351 C
2273 3302 2466 3357 nanda
2492 3286 3007 3373 praedestinantem
3034 3286 3346 3376 quisquam
3382 3304 3593 3360 dixerit
3620 3286 3747 3361 esse
3779 3323 3933 3378 prae-

500 3396 863 3454 dubitatione
883 3394 953 3449 ad
974 3394 1159 3448 Deum
1186 3393 1548 3465 perveniunt.
1565 3391 1748 3448 Aliter
1762 3409 1897 3465 ergo
1915 3393 2150 3458 sentire,

498 3488 557 3543 id
588 3492 678 3541 est
707 3484 1005 3541 hominem
1036 3483 1256 3553 absque
1286 3480 1503 3536 laboris
1537 3481 1625 3536 sui
1661 3481 1856 3536 studio
1877 3482 1947 3536 ad
1974 3487 2154 3538 Deum

498 3574 795 3648 pervenire
818 3590 934 3627 non
968 3588 1160 3642 posse,
1187 3588 1300 3624 non
1334 3574 1423 3624 est
1452 3569 1831 3635 catholicum,
1857 3571 1956 3625 sed
1993 3571 2154 3626 Pela-

497 3664 760 3737 gianum.
780 3660 1081 3715 Invenitur
1100 3659 1158 3713 in
1178 3658 1373 3713 libello
1392 3660 1563 3730 cujus
1586 3658 1793 3713 titulus
1806 3663 1895 3713 est
1913 3659 2156 3731 Dogma-

498 3758 623 3808 tum
653 3747 1500 3819 Ecclesiasticorum,quaedam
1532 3747 1669 3803 talis
1699 3746 1958 3803 definitio
1980 3749 2153 3817 (Gen-

500 3841 634 3897 nad.
671 3839 735 3894 de
765 3839 905 3893 Eccl.
930 3837 1186 3908 dogmat.,
1213 3853 1339 3908 cap.
1362 3836 1474 3908 2t).
1501 3837 1610 3891 Sed
1643 3836 1903 3900 omnino,
1928 3841 1994 3891 ut
2014 3836 2155 3893 dixi-

503 3947 636 3985 mus
664 3927 836 4001 (sicut
866 3931 922 3981 et
953 3925 1069 3982 alia
1098 3924 1383 3981 nonnulla
1413 3925 1470 3979 in
1505 3926 1706 3981 eodem
1739 3924 1976 3995 libello),
2002 3926 2156 3981 Pela-

501 4015 657 4091 giani
680 4014 893 4071 erroris
914 4018 1020 4069 est.
1042 4014 1109 4067 Et
1130 4011 1257 4067 ideo
1275 4011 1611 4084 quicunque
1628 4029 1761 4067 eum
1786 4015 2022 4084 propter
2040 4011 2155 4068 alia

502 4106 768 4180 quaedam
798 4103 962 4159 utilia
994 4100 1153 4173 legit,
1178 4118 1313 4156 cum
1337 4100 1675 4170 huiusmodi
1708 4100 1789 4155 ibi
1821 4118 2032 4157 sensus
2062 4101 2151 4157 in-

497 4195 737 4260 venerit,
764 4191 1100 4249 meminerit
1140 4189 1383 4246 sollicite
1420 4189 1678 4261 Apostoli
1719 4188 2153 4248 dicentis:0m-

496 4286 594 4349 nia
619 4285 864 4355 probate,
887 4280 1026 4354 quod
1056 4279 1257 4334 bonum
1285 4286 1362 4333 est
1389 4285 1556 4332 tenete
1588 4276 1633 4347 (1
1664 4276 1840 4331 Thess.
1873 4293 1928 4343 ν,
1962 4276 2077 4344 21).

569 4371 747 4426 Addit
773 4374 906 4441 post
952 4369 1073 4423 haec
1121 4366 1217 4421 ille
1246 4369 1302 4421 et
1333 4365 1491 4432 dicit,
1526 4364 2058 4436 prcrdestinationem
2090 4366 2150 4421 in

492 4462 598 4516 Deo
628 4458 925 4514 secundum
969 4457 1332 4513 substantiam
1378 4470 1506 4520 esse,
1541 4455 1764 4510 relative
1810 4463 1994 4510 autem
2018 4453 2150 4526 ﬁeri

490 4566 601 4603 non
627 4564 801 4617 posse.
826 4546 938 4599 Sed
963 4546 1033 4600 de
1065 4544 1172 4599 hoc
1199 4544 1339 4615 quid
1373 4543 1542 4597 nobis
1573 4542 1783 4599 melius
1814 4550 1913 4598 aut
1943 4560 2147 4599 conve-

2264 3391 2715 3447 destinationem
2743 3410 2756 3447 :
2784 3409 2917 3447 cum
2945 3392 3065 3448 haec
3086 3392 3303 3458 omnia,
3322 3392 3614 3465 sicutjam
3639 3394 3929 3466 diximus,

2264 3480 2319 3534 id
2354 3483 2445 3535 est
2475 3480 2801 3552 dispositio.
2818 3481 3186 3553 gubernatio,
3207 3482 3515 3549 ordinatio,
3538 3484 3929 3555 praedestina-

2264 3570 2363 3636 tio,
2388 3569 2577 3639 magis
2599 3570 2669 3624 ad
2694 3570 2980 3641 opera,vel
3007 3572 3078 3626 ad
3107 3570 3501 3643 operationem
3525 3573 3814 3630 Creatoris
3836 3592 3929 3632 re-

2264 3657 2503 3713 ferenda
2524 3658 2944 3731 intelligantur.
2961 3660 3070 3715 Sed
3095 3661 3225 3726 iste,
3253 3660 3483 3718 etiamsi
3510 3679 3659 3717 nova
3678 3667 3926 3720 conten-

2263 3747 2420 3802 tione
2438 3746 2732 3803 afﬁrmare
2747 3752 2991 3804 conetur
3008 3747 3091 3804 ita
3109 3766 3238 3806 esse
3254 3749 3437 3805 Deum
3454 3750 3927 3809 substantialiter

2264 3835 2860 3907 praedestinationem,
2879 3837 3033 3894 sicut
3052 3837 3373 3905 veritatem,
3390 3838 3730 3905 bonitatem,
3742 3840 3926 3912 justi-

2262 3923 2425 3991 tiam,
2443 3929 2508 3979 ut
2527 3941 2630 3996 per
2651 3924 2761 3981 hoc
2776 3926 2934 3982 velut
2954 3926 3239 3999 singulari
3266 3931 3495 3983 tantum
3514 3945 3757 3985 numero
3778 3947 3926 4002 prae-

2262 4013 2575 4067 destinatio
2597 4013 2844 4069 dicenda
2870 4014 3168 4070 videatur:
3200 4015 3352 4071 sicut
3379 4016 3665 4089 singulari
3685 4021 3923 4076 tantum

2263 4118 2505 4156 numero
2535 4100 2750 4156 dicitur
2780 4103 2953 4171 Deus,
2968 4102 3203 4172 veritas,
3224 4103 3479 4170 bonitas,
3501 4104 3737 4175 justitia
3761 4124 3773 4161 :
3799 4124 3922 4164 non

2262 4194 2456 4245 tamen
2481 4191 2592 4245 ista
2617 4191 3121 4264 argumentatione
3142 4194 3371 4249 effleere
3398 4198 3590 4266 potest
3609 4199 3675 4250 ut
3695 4196 3920 4267 praede-

2259 4278 2498 4334 stinatio
2530 4279 2630 4334 Dei
2670 4281 2844 4335 etiam
2879 4281 3347 4337 substantialiter
3374 4281 3529 4339 Deus
3561 4282 3673 4339 dici
3705 4286 3919 4355 possit,

2259 4385 2375 4422 non
2397 4368 2691 4440 duplicem
2715 4369 2927 4425 habeat
2953 4370 3246 4438 effectum,
3264 4376 3321 4426 et
3340 4371 3533 4443 operis
3554 4371 3923 4432 distributio-

2258 4473 2416 4519 nem,
2430 4456 2653 4513 scilicet
2667 4457 2753 4513 vel
2779 4458 2836 4513 in
2862 4459 3285 4531 praeparatione
3293 4461 3595 4531 justorum
3614 4462 3683 4517 ad
3705 4460 3915 4533 vitam,

2254 4544 2341 4600 vel
2364 4544 2421 4600 in
2447 4546 2932 4617 praeordinatione
2959 4548 3276 4620 impiorum
3308 4549 3379 4604 ad
3414 4549 3716 4606 interitum
3738 4552 3917 4623 :quia

491 4636 752 4692 nientius
782 4634 1064 4695 videatur,
1090 4634 1212 4703 jam
1247 4649 1444 4703 supra,
1481 4636 1543 4685 ut
1575 4630 1893 4702 potuimus,
1918 4632 2140 4687 dictum
2178 4652 2221 4717 υ
2255 4638 2312 4689 et
2334 4633 2568 4705 justitia
2611 4635 2914 4691 verissime
2962 4636 3117 4692 Deus
3149 4637 3366 4693 dicitur
3397 4655 3410 4693 :
3446 4656 3551 4695 nec
3599 4656 3731 4696 cum
3783 4640 3919 4712 ipsa

490 4729 597 4780 est.
623 4724 841 4778 Tamen
876 4720 1013 4793 quia
1051 4719 1145 4775 hic
1186 4719 1413 4774 addidit
1461 4718 2032 4790 praedestinationem
2065 4720 2137 4774 ad

489 4814 672 4869 Deum
708 4810 945 4867 relative
974 4810 1087 4864 diei
1121 4826 1233 4863 non
1267 4824 1457 4881 posse,
1484 4808 1793 4863 manifeste
1817 4825 1932 4863 non
1955 4808 2036 4862 ita
2056 4825 2141 4864 re-

488 4903 673 4957 fertur
726 4898 1157 4971 praadestinatio
1208 4898 1277 4952 ad
1333 4897 1540 4961 Deum,
1577 4895 1729 4951 sicut
1777 4897 2026 4951 refertur
2081 4895 2140 4951 in

489 4995 690 5047 sancta
713 4988 1016 5054 Trinitate,
1040 4988 1206 5042 Pater
1223 4986 1293 5041 ad
1317 4985 1547 5045 Filium.
1574 4984 1752 5040 Filius
1782 4985 1853 5040 ad
1888 4985 2138 5055 Patrem,

488 5080 746 5152 Spiritus
773 5082 1011 5133 sanctus
1044 5076 1114 5130 ad
1149 5081 1486 5146 utrumque,
1510 5073 1597 5128 vel
1618 5073 1844 5146 genitor
1873 5073 1946 5129 ad
1977 5075 2139 5147 geni-

489 5173 636 5235 tum,
655 5167 887 5239 genitus
909 5166 977 5221 ad
1006 5165 1349 5238 genitorem,
1368 5164 1687 5235 procedens
1708 5164 1777 5217 ad
1803 5167 2137 5235 utrumque.

487 5258 600 5312 Nec
629 5255 781 5311 sicut
800 5255 1056 5310 Verbum
1082 5254 1181 5309 Dei
1206 5270 1339 5307 cum
1368 5251 1733 5323 intelligitur,
1763 5252 1936 5307 Filius
1959 5254 2134 5308 refer-

483 5349 581 5400 tur
602 5345 673 5400 ad
696 5344 1121 5413 Patrem,cujus
1139 5347 1229 5397 est
1244 5342 1520 5396 Verbum.
1537 5341 1605 5394 Et
1621 5358 1752 5395 cum
1778 5340 1931 5395 idem
1958 5341 2135 5397 Filius

482 5434 697 5489 dicitur
720 5435 917 5502 imago,
934 5434 1184 5486 refertur
1203 5429 1475 5484 similiter
1495 5430 1565 5484 ad
1592 5429 1840 5495 Patrem,
1857 5430 2027 5500 cujus
2048 5435 2138 5487 est.

480 5523 695 5594 imago.
720 5522 788 5577 Et
818 5538 952 5575 eum
986 5520 1197 5574 dicitur
1244 5519 1499 5590 splendor
1542 5519 1758 5587 gloriae,
1786 5519 2031 5573 refertur
2060 5522 2133 5575 ad

482 5616 757 5665 (PlCl'ntlm
788 5610 1003 5677 lucem,
1029 5626 1096 5664 ex
1128 5625 1245 5680 qua
1276 5613 1381 5673 est,
1406 5612 1464 5663 et
1502 5610 1672 5677 cujus
1718 5605 1995 5678 splendor
2023 5614 2130 5665 est.

486 5698 698 5754 Candor
743 5708 820 5755 est
869 5700 1018 5756 enim
1067 5698 1204 5753 lucis
1251 5705 1478 5754 aeterna?
1524 5699 1673 5767 (δίῳ.
1707 5710 1808 5763 vn,
1837 5698 1951 5767 25),
1986 5698 2137 5754 sicut

2252 4727 2401 4778 Deus
2415 4740 2480 4778 su
2490 4722 2879 4779 bstantialiter
2895 4723 3483 4799 intelligitur,plurali
3499 4745 3745 4785 numero
3758 4735 3913 4788 recte

2250 4811 2611 4866 enuntiatur.
2632 4813 2701 4867 Et
2738 4817 2933 4868 tamen
2969 4814 3204 4886 justitia
3230 4815 3501 4889 Dei,qua3
3531 4816 3707 4873 etiam
3756 4818 3915 4877 Deus

2250 4904 2356 4967 est,
2378 4900 2503 4955 sine
2547 4902 2727 4957 dubio
2758 4902 3053 4974 duplicem
3101 4904 3278 4960 habet
3326 4905 3617 4973 effectum,
3642 4905 3917 4965 videlicet

2249 4988 2333 5044 vel
2369 4989 2428 5043 in
2460 4991 2929 5047 remuneratione
2969 4992 3279 5059 bonorum,
3304 4992 3393 5049 vel
3432 4993 3491 5050 in
3534 4995 3916 5054 damnatione

2252 5077 2717 5134 malorum.Cum
2739 5095 2875 5151 ergo
2902 5080 2972 5136 ad
3007 5081 3519 5153 prwdestinantem
3546 5083 3732 5140 Deum
3756 5090 3914 5142 recte

2250 5166 2481 5222 dicatur
2496 5166 2733 5223 relative
2756 5168 3380 5239 praedestinatio,sicut
3402 5172 3471 5227 ad
3497 5172 3909 5245 disponentem

2245 5256 2659 5327 dispositio,ad
2682 5257 3106 5328 gubernantem
3134 5259 3502 5331 gubernatio,
3529 5262 3601 5317 ad
3629 5260 3913 5319 ordinan-

2244 5347 2361 5399 tem
2390 5344 2698 5411 ordinatio,
2721 5345 2794 5400 ad
2829 5351 3169 5417 operantem
3201 5349 3480 5419 operatio,
3505 5350 3577 5405 ad
3610 5355 3909 5410 creantem

2244 5432 2458 5489 creatio
2483 5450 2496 5485 :
2522 5439 2578 5488 et
2618 5433 2851 5489 etiamsi
2901 5433 3120 5505 aliquid
3156 5436 3381 5492 ratione
3429 5438 3659 5493 ostendi
3694 5441 3902 5510 possit,

2245 5521 2841 5577 substantialiterdici
2860 5522 3070 5578 debere
3092 5525 3665 5595 prtedestinationem
3688 5527 3908 5595 Dei,vel

2244 5610 2817 5685 praedestinationem
2859 5611 3043 5667 Deum
3073 5628 3085 5666 :
3113 5612 3325 5685 duplex
3368 5620 3565 5671 tamen
3605 5615 3734 5687 ejus
3763 5617 3907 5674 effe-

2245 5706 2371 5754 ctus
2403 5698 2715 5770 Scriptura-
2767 5705 2979 5755 sanctee
3032 5700 3318 5758 immobili
3369 5704 3613 5761 veritate
3643 5705 3904 5764 declara-
