4082 6446
112 420 225 504 m’

1093 444 1323 510 LIBER
1367 443 1780 511 ADVliItSL'S
1822 441 2192 511 JOANNEM
2238 446 2577 512 SCOTUM.

3427 442 3541 510 ΗΘ

107 581 207 635 tus
243 576 528 636 evacuari
554 576 893 637 nullatenus
925 580 1111 654 possit
1142 597 1155 637 :
1189 580 1327 654 quid
1360 580 1469 637 sibi
1514 579 1640 637 vult
1670 579 1782 636 ista
1810 577 1866 647 Α
1895 582 2288 655 operationem
2322 582 2446 651 Dei,
2471 582 2673 657 utique
2698 580 2757 639 in
2783 580 3065 640 creaturis
3092 598 3238 657 quas
3266 587 3542 656 operatus

104 672 229 724 tam
263 685 659 741 supervacua,
691 669 779 726 vel
811 670 988 727 etiam
1023 671 1273 727 mendax
1311 671 1781 745 argumentatio?

173 758 469 831 Sequitur
498 764 696 815 tamen
721 759 819 815 ille
850 766 907 815 et
924 759 1067 815 dicit
1093 778 1106 816 :
1131 761 1289 817 Sicut
1309 761 1464 816 duas
1485 762 1778 828 essentias,

98 850 458 915 sapientius,
490 849 789 917 scientias,
814 849 1058 905 virtutes
1087 859 1412 922 cazteraque
1438 851 1634 907 omnia
1659 866 1785 922 qua:

98 939 168 994 de
194 941 318 995 Deo
348 939 654 1009 dicantur,
683 939 1007 1012 geminari,
1022 939 1116 994 vel
1147 940 1460 1009 tripticari,
1479 941 1565 995 vel
1585 941 1785 996 multi-

97 1029 323 1101 plicari
346 1030 601 1099 impium
634 1037 722 1084 est
750 1045 762 1082 :
797 1028 883 1083 ita
909 1030 1452 1097 prmdestiuationes
1469 1031 1612 1085 duas
1636 1046 1787 1085 asse-

102 1128 339 1174 rentem
369 1126 547 1173 reatu
578 1118 906 1186 impietatis
940 1118 1145 1188 ligari.
1181 1118 1407 1186 Quibus
1436 1118 1628 1174 verbis
1678 1136 1785 1174 nos

102 1208 576 1280 respondemus,
596 1224 806 1263 verum
839 1207 1073 1280 quidem
1099 1224 1228 1263 esse
1261 1208 1400 1280 quia
1419 1208 1788 1271 essentia,sa—

102 1297 359 1370 pientia,
394 1295 666 1361 scientia,
698 1296 906 1362 virtus,
942 1297 1178 1368 quando
1210 1297 1281 1351 de
1330 1301 1440 1352 Deo
1486 1297 1781 1365 dicuntur,

102 1386 191 1441 vel
222 1386 357 1458 ipse
392 1387 554 1441 Deus
583 1384 665 1440 ita
696 1384 933 1451 dicitur,
967 1390 1032 1440 ut
1061 1385 1186 1457 ipse
1217 1402 1345 1441 esse
1385 1384 1657 1450 essentia,
1693 1402 1785 1441 sa-

101 1475 356 1549 pientia,
395 1474 665 1536 scientia.
696 1473 886 1529 virtus
912 1473 1297 1545 intelligatur,
1332 1491 1448 1530 non
1483 1479 1623 1529 sunt
1673 1474 1786 1530 ista

102 1564 364 1620 dicenda
391 1562 721 1636 pluraliter.
750 1562 895 1628 Quia
924 1563 1054 1635 ipsa
1085 1562 1341 1618 Trinitas
1375 1580 1490 1618 non
1542 1568 1660 1618 tres
1692 1580 1782 1618 es-

104 1653 453 1719 sentize,sed
489 1670 609 1707 una
639 1652 895 1707 essentia
924 1656 1153 1719 est,nec
1188 1658 1304 1706 tres
1337 1651 1657 1724 sapientize,
1680 1653 1776 1708 sed

103 1760 227 1799 una
262 1740 596 1815 sapientia;
636 1756 744 1796 nec
775 1744 893 1796 tres
925 1740 1200 1805 scientiae,
1228 1742 1325 1796 sed
1360 1759 1480 1796 una
1510 1741 1782 1808 scientia;

104 1849 212 1888 nec
239 1837 370 1887 tres
401 1829 790 1896 virtutes,sed
824 1846 940 1884 una
969 1829 1415 1885 virtus.Tamen
1448 1830 1682 1901 quando
1714 1830 1785 1885 ad

106 1922 414 1977 diversam
465 1917 918 1990 dispositionem
970 1917 1056 1973 vel
1109 1918 1505 1991 operationem
1557 1919 1656 1974 Dei
1713 1918 1783 1973 ad
1817 1954 1865 2019 B

106 2014 422 2067 creaturas
443 2006 1117 2075 referuntur,manifeste
1136 2008 1403 2079 quasdam
1425 2024 1491 2063 ex
1512 2008 1561 2063 ei
1571 2007 1784 2063 setiam

104 2097 426 2172 pluraliter
457 2100 517 2153 et
544 2094 951 2168 multipliciter
970 2096 1268 2163 dicuntur,
1304 2096 1455 2151 sicut
1479 2102 1568 2152 est
1589 2095 1734 2152 illud
1768 2112 1781 2152 :

104 2189 409 2249 Ouoniam
446 2191 597 2243 Deus
642 2185 1025 2241 scientiarum
1067 2187 1343 2241 Dominus
1373 2188 1426 2255 (1
1449 2191 1582 2256 Reg.
1616 2203 1673 2251 ιι,
1707 2188 1783 2255 3).

102 2280 175 2334 Et
205 2277 261 2334 si
284 2275 675 2333 scientiarum
704 2273 1007 2341 Dominus,
1026 2275 1227 2347 utique
1251 2292 1363 2329 non
1397 2274 1657 2340 alterius,
1684 2277 1785 2330 sed

106 2383 386 2423 suarum.
402 2365 712 2432 Quomodo
744 2380 881 2435 ergo
905 2363 1015 2419 hoc
1036 2362 1623 2436 intelligendum,nisi
1648 2364 1787 2436 quia

104 2457 241 2530 ipsa
264 2453 677 2526 scientiaque:
711 2453 770 2507 in
802 2452 900 2508 illo
931 2452 1278 2507 naturaliter
1302 2470 1421 2508 una
1446 2457 1534 2508 est
1554 2456 1609 2509 et
1650 2452 1787 2509 sim-

107 2546 263 2618 plex,
286 2543 502 2611 relata,
528 2547 594 2598 ut
625 2542 850 2598 dictum
883 2545 990 2608 est,
1008 2542 1079 2597 ad
1112 2540 1552 2614 dispositionem
1578 2541 1663 2597 vel
1692 2559 1786 2597 or-

107 2634 489 2690 dinationem
521 2629 1009 2693 creaturzemobis
1040 2630 1293 2686 efﬁcitur
1335 2630 1675 2702 multiplex?
1695 2631 1787 2686 Sic

109 2725 272 2780 Deus
301 2739 440 2779 esse
466 2720 656 2776 virtus
677 2718 978 2787 dicitur,et
1000 2723 1197 2775 tamen
1226 2720 1427 2775 eadem
1460 2720 1682 2775 ratione
1704 2720 1787 2774 di-

109 2819 276 2869 ctum
308 2810 577 2883 legimus
601 2825 613 2863 :
641 2813 969 2866 Narrantes
994 2809 1191 2864 laudes
1212 2810 1524 2864 Domini.et
1547 2810 1791 2864 virtutes

108 2904 237 2972 ejus
268 2903 459 2970 (Psal.
496 2914 724 2963 CXLVIII,
756 2900 835 2966 2).
868 2899 938 2953 Et
985 2896 1137 2952 sicut
1185 2902 1339 2952 recte
1369 2898 1525 2953 Deus
1576 2897 1790 2953 dicitur

108 2993 324 3060 virtus,
365 2991 452 3045 ita
484 2992 636 3045 recte
668 2988 884 3044 dicitur
912 2987 1068 3043 idem
1113 2988 1266 3043 Deus
1297 2989 1579 3060 potentia,
1614 2994 1671 3044 et
1702 2993 1787 3045 ta-

111 3100 248 3138 men
279 3081 345 3136 in
380 3076 615 3152 psalmo
660 3077 929 3133 canimus
963 3079 1145 3148 :Quis
1195 3079 1459 3150 loquetur
1505 3080 1788 3147 potentias

110 3170 387 3228 Domini?
422 3166 607 3239 (ΡΑ-αι.
641 3184 727 3234 cv,
746 3170 823 3234 2.)
847 3166 902 3222 Si
931 3183 1067 3238 ergo
1100 3167 1254 3221 Deus
1279 3184 1396 3221 una
1417 3171 1506 3222 est
1524 3166 1786 3238 scientia,

111 3278 235 3316 una
262 3260 485 3319 virtus.
522 3273 639 3311 una
670 3256 962 3326 potentia:
989 3260 1045 3310 et
1076 3260 1269 3310 tamen
1294 3256 1463 3327 juxta
1482 3256 1783 3310 veritatem

1891 677 1998 741 est,
2032 678 2090 728 et
2121 677 2275 729 recte
2306 674 2497 729 dicere
2528 689 2847 746 possumus
2877 673 3272 745 operationem
3303 689 3373 729 ex
3400 672 3541 739 Deo,

1892 760 2350 832 quoniam,sicut
2378 760 2691 834 Apostolus
2722 761 2863 816 dicit
2886 779 2896 817 :
2922 763 3004 817 Ea:
3033 764 3226 834 ipso,et
3244 778 3341 834 per
3360 763 3546 834 ipsum

1891 858 1942 905 et
1970 851 2031 905 in
2060 852 2175 921 ipso
2206 858 2334 905 sunt
2362 851 2687 905 omnia.Sed
2722 850 2988 922 nunquid
3021 855 3176 906 recte
3205 851 3395 906 dicere
3416 867 3545 922 pos-

1893 956 2100 994 sumus
2132 938 2527 1011 operationem
2558 939 2614 993 in
2649 939 2786 1006 Deo,
2819 956 2954 995 cum
3004 940 3158 995 Deus
3206 940 3263 994 in
3304 957 3367 996 se
3398 939 3546 996 nihil

1893 1032 2196 1100 operetur;
2230 1028 2329 1083 sed
2364 1032 2524 1083 extra
2554 1029 2770 1100 ipsum,
2805 1028 2861 1083 id
2894 1033 2983 1084 est
3012 1033 3174 1085 extra
3202 1030 3330 1101 ejus
3370 1033 3546 1085 natu-

1893 1132 2040 1183 ram,
2075 1114 2152 1169 sit
2180 1115 2373 1170 omnis
2421 1121 2708 1182 creatura,
2742 1133 2920 1188 quam
2969 1121 3246 1188 operatus
3279 1120 3367 1173 est
3396 1122 3454 1173 et
3482 1116 3545 1173 in
3598 1172 3611 1183 ,κ

1893 1219 2011 1274 qua
2041 1218 2228 1274 usque
2257 1204 2430 1257 modo
2456 1204 2769 1275 operatur?
2799 1220 2931 1258 cum
2963 1208 3159 1259 tamen
3212 1203 3326 1261 alio
3371 1206 3545 1260 modo

1894 1291 2069 1347 etiam
2101 1291 2160 1346 in
2192 1292 2320 1364 ipso
2352 1292 2463 1346 dici
2500 1292 2679 1364 possit
2712 1309 2839 1348 esse
2871 1294 3312 1366 creatura,quia
3341 1294 3546 1366 utique

1892 1380 1952 1435 in
1984 1383 2113 1453 ejus
2135 1382 2394 1452 potentia
2415 1385 2471 1436 et
2492 1382 2707 1437 virtute
2727 1382 3026 1450 subsistit;
3051 1383 3205 1438 unde
3230 1383 3543 1455 Apostolus

1894 1470 1994 1535 ait,
2028 1471 2182 1542 quod
2205 1471 2332 1542 jam
2365 1470 2588 1526 dictum
2620 1476 2727 1536 est,
2760 1473 2893 1542 quia
2932 1473 2989 1527 in
3018 1474 3132 1543 ipso
3160 1480 3291 1527 sunt
3318 1474 3543 1541 omnia;

1893 1564 1951 1615 et
1980 1559 2037 1612 in
2072 1559 2183 1614 alio
2214 1558 2339 1615 loco
2374 1577 2386 1615 :
2420 1560 2478 1614 In
2510 1562 2627 1631 ipso
2663 1562 2813 1615 enim
2857 1561 3112 1629 vivimus,
3145 1568 3196 1617 et
3242 1578 3541 1631 movemur,

1892 1657 1947 1704 et
1974 1665 2163 1703 sumus
2195 1649 2468 1720 (Act.xvn,
2501 1650 2613 1720 28).
2647 1650 2790 1704 Cum
2825 1665 2961 1721 ergo
3007 1650 3162 1705 Deus
3210 1650 3270 1706 in
3302 1668 3364 1707 se.
3392 1650 3544 1723 ipso,

1894 1737 1949 1792 id
1982 1742 2070 1792 est
2100 1738 2157 1792 in
2185 1738 2519 1793 substantia
2548 1756 2674 1801 sua,
2708 1738 2857 1793 nihil
2887 1743 3176 1811 operetur,
3210 1741 3310 1795 sed
3354 1739 3547 1796 omnis

1893 1828 2023 1898 ejus
2057 1827 2314 1899 operatio
2344 1827 2404 1882 in
2435 1827 2875 1899 creaturis,qum
2900 1846 3011 1883 non
3036 1829 3300 1900 ejusdem
3325 1845 3459 1884 cum
3481 1846 3548 1886 eo

1895 1920 2117 1971 naturas
2146 1917 2233 1971 vel
2273 1917 2616 1972 substantiis
2650 1924 2807 1985 sunt,
2842 1917 3221 1989 intelligatur,
3256 1900 3557 1991 quomodo

1897 2011 2047 2060 recte
2078 2006 2191 2061 dici
2219 2010 2411 2077 potest
2441 2005 2702 2079 operatio
2723 2007 2782 2061 in
2806 2007 2922 2062 Deo
2939 2007 2966 2061 ?
2988 2008 3056 2061 Et
3079 2007 3127 2062 si
3154 2024 3270 2063 non
3293 2012 3446 2063 recte
3468 2006 3552 2062 di-

1896 2096 2049 2149 citur
2079 2094 2335 2166 operatio
2356 2096 2415 2150 in
2438 2095 2804 2167 Ileo,quanto
2827 2096 3025 2151 minus
3047 2101 3201 2151 recte
3223 2096 3337 2151 dici
3359 2100 3553 2169 potest

1895 2183 2020 2256 ipse
2051 2184 2203 2239 Deus
2243 2184 2543 2256 operatio?
2574 2186 2920 2255 Quanquam
2970 2184 3125 2240 idem
3176 2186 3549 2257 omnipotens

1896 2272 2051 2327 Deus
2082 2273 2235 2327 sicut
2268 2274 2420 2345 apud
2444 2290 2504 2328 se
2529 2276 2587 2327 et
2610 2272 2668 2327 in
2693 2290 2755 2328 se
2779 2273 2978 2328 omnia
2998 2273 3367 2345 disponit,sic
3391 2275 3545 2346 apud

1896 2378 1960 2416 se
1992 2366 2047 2415 et
2076 2361 2135 2417 in
2169 2379 2229 2417 se
2260 2362 2457 2417 omnia
2503 2366 2793 2433 operetur,
2825 2362 2965 2434 quia
2994 2366 3060 2417 ut
3090 2362 3211 2417 haec
3242 2366 3396 2436 agat,
3429 2380 3546 2418 non

1896 2455 2057 2506 extra
2079 2468 2139 2506 se
2161 2451 2364 2523 utique
2385 2450 2683 2523 egreditur
2703 2467 2807 2506 nec
2828 2467 2862 2506 a
2884 2467 2945 2506 se
2966 2449 3384 2522 excedit,cujus
3403 2450 3549 2507 velle

1899 2540 2105 2596 fecisse
2135 2543 2223 2596 est
2254 2557 2266 2594 :
2301 2541 2398 2596 sed
2432 2541 2563 2612 ipsa
2594 2539 2789 2612 potius
2819 2557 2950 2611 quae
2981 2544 3446 2612 Operatur,vocat
3475 2541 3548 2596 ad

1897 2633 2059 2696 se,ut
2085 2647 2151 2685 ex
2182 2647 2271 2695 eo,
2304 2630 2403 2701 qui
2437 2646 2668 2685 summe
2699 2634 2805 2696 est,
2839 2628 3128 2701 accipiant
3157 2646 3285 2684 esse
3317 2629 3552 2701 singula

1889 2719 2058 2789 juxta
2092 2720 2332 2773 modum
2365 2736 2575 2784 suum;
2608 2724 2663 2774 et
2698 2719 2798 2773 fiat
2823 2719 2977 2791 quod
3007 2717 3321 2789 Apostolus
3357 2718 3499 2774 dicit
3531 2734 3544 2773 :

1900 2809 2007 2876 Qui
2034 2817 2184 2865 vocat
2213 2826 2277 2864 ea
2308 2800 2437 2880 quae
2461 2825 2570 2863 non
2601 2815 2731 2863 sunt
2772 2815 3035 2879 tanquam
3079 2822 3206 2879 quae
3227 2809 3341 2862 sint
3371 2808 3547 2880 (Rom.

1899 2915 1973 2962 1v,
2014 2896 2119 2969 l7).
2153 2898 2302 2969 Ergo
2329 2913 2520 2968 neque
2549 2896 2770 2968 aliquid
2805 2900 2966 2951 extra
3013 2913 3075 2951 se
3122 2900 3414 2968 operatur,
3449 2895 3550 2968 qui

1899 2985 2025 3041 sola
2053 2990 2110 3041 et
2141 2991 2358 3042 aeterua
2374 2984 2927 3057 voluntate,absque
2948 2984 3068 3040 ullo
3090 2985 3553 3056 conatu,absque

1898 3074 2019 3130 ullo
2051 3075 2269 3141 labore,
2304 3076 2527 3147 absque
2558 3073 2676 3129 ullo
2707 3073 2976 3139 artificio,
3010 3073 3209 3129 omnia
3256 3078 3551 3145 operatur.

1899 3164 2013 3219 Nec
2045 3165 2255 3219 iterum
2285 3162 2503 3235 aliquid
2539 3164 2597 3217 in
2631 3181 2692 3217 se
2721 3167 3014 3235 operatur,
3040 3162 3141 3233 qui
3172 3163 3228 3216 in
3263 3179 3383 3217 sua:
3412 3163 3556 3218 sub-

1899 3253 2126 3308 stantia
2158 3253 2511 3325 perfectione
2536 3257 2594 3308 et
2624 3252 2946 3307 aeternitate
2978 3250 3121 3306 nihil
3171 3251 3370 3319 efficit,
3405 3249 3551 3305 nihil

111 3355 166 3406 et
197 3347 625 3404 auctoritatem
659 3324 970 3417 Scriptura;
990 3344 1179 3415 ipsius
1201 3324 1313 3399 Dei
1330 3349 1480 3400 recte
1512 3344 1784 3413 dicimus,
1819 3324 1862 3390 (ἶ
1901 3347 2091 3414 auget,
2123 3324 2270 3397 nihil
2320 3341 2552 3404 minuit,
2582 3340 2726 3394 nihil
2773 3344 2982 3395 mutat.
3018 3340 3134 3394 Nec
3164 3343 3382 3404 tamen,
3416 3338 3554 3410 quia

114 3452 375 3494 numero
407 3432 624 3506 plurali
655 3436 827 3505 atque
850 3431 1789 3504 multiplici,scientiai-umDomi-

114 3545 248 3593 nus,
283 3530 344 3580 et
376 3522 673 3597 potentias
703 3521 959 3589 Domini,
989 3525 1046 3576 et
1074 3523 1317 3577 virtutes
1359 3524 1501 3593 ejus,
1531 3539 1635 3577 cur
1681 3522 1789 3578 hoc

114 3617 383 3690 impium
406 3629 537 3669 esse
567 3613 676 3667 iste
703 3611 1035 3684 disputator
1061 3611 1221 3675 dicit,
1241 3613 1394 3685 quod
1427 3630 1495 3668 ex
1529 3611 1791 3668 veritatis

116 3713 175 3762 et
210 3702 458 3777 pietatis
485 3701 642 3756 fonte
674 3699 970 3772 procedit?
992 3698 1052 3754 Si
1085 3703 1275 3755 autem
1312 3700 1425 3755 ista
1455 3717 1583 3772 quae
1613 3699 1790 3756 veris-

116 3795 274 3851 sime
307 3787 787 3847 substantialiter
806 3786 865 3842 in
889 3788 1006 3844 Deo
1029 3792 1186 3855 sunt,
1213 3805 1328 3844 non
1350 3788 1654 3861 impie.sed
1678 3789 1790 3860 pie,

114 3881 459 3941 secundum
482 3877 799 3950 quemdam
819 3878 1057 3932 modum
1079 3879 1253 3933 etiam
1276 3878 1578 3949 pluraliter
1594 3879 1664 3934 de
1678 3879 1794 3934 Deo

114 3968 737 4041 dicuntur,quomodo
762 3970 919 4022 reatu
946 3966 1268 4039 impietatis
1292 3967 1506 4040 ligatur
1528 3967 1627 4040 qui
1651 3986 1796 4040 prae-

115 4060 589 4120 destinationem
616 4056 718 4112 Dei
740 4057 943 4112 eadem
967 4056 1214 4124 ratione,
1240 4061 1474 4129 propter
1505 4057 1797 4129 duplicem

113 4155 254 4226 ejus
285 4147 690 4209 efﬁcientiam,
716 4144 1021 4217 pluraliter
1040 4145 1231 4201 dicere
1246 4146 1534 4201 voluerit?
1554 4146 1697 4201 Cum
1720 4150 1800 4202 ta-

119 4258 266 4298 men
300 4239 415 4294 hoc
450 4253 555 4291 nos
586 4252 693 4291 nec
718 4239 952 4307 propter
973 4236 1240 4290 eamdem
1270 4235 1800 4306 przedcstinationis

122 4327 445 4387 verissime
478 4324 774 4397 duplicem
800 4323 1175 4379 efﬁcientiam
1200 4341 1685 4396 respuamus.nec
1708 4342 1803 4380 us-

127 4430 497 4493 quequaque
530 4411 859 4469 necessario
877 4411 988 4467 dici
1019 4412 1427 4467 existimemus
1454 4430 1466 4467 :
1494 4430 1626 4468 eum
1650 4413 1806 4468 sicut

131 4525 259 4564 una
292 4505 397 4560 Dei
432 4502 685 4575 justitia,
716 4502 798 4555 ita
828 4504 884 4555 et
912 4518 1030 4556 una
1058 4501 1157 4556 Dei
1191 4502 1620 4573 prmdestinatio
1654 4501 1804 4556 mul-

132 4597 376 4671 pliciter
404 4592 613 4657 valere,
647 4589 974 4646 certissime
1006 4589 1384 4662 intelligenda
1405 4591 1500 4645 sit.

1898 3433 2027 3503 ejus
2051 3430 2197 3486 velle
2219 3431 2425 3486 fecisse
2447 3435 2569 3485 est:
2597 3430 2724 3484 ideo
2747 3430 2796 3500 ej
2807 3446 2874 3483 ns
2897 3427 3043 3483 velle
3062 3431 3117 3483 et
3139 3428 3344 3483 fecisse
3366 3434 3551 3483 imum

1899 3527 2006 3591 est.
2043 3521 2190 3587 Quia
2218 3520 2277 3574 in
2311 3520 2420 3575 hoc
2450 3535 2564 3574 non
2597 3516 2905 3582 Creatoris,
2929 3522 2985 3572 et
3013 3521 3292 3572 creaturae
3323 3516 3552 3589 signiﬁ-

1901 3614 2066 3666 catur
2096 3608 2421 3678 unitas,sed
2454 3607 2638 3662 solius
2669 3606 2957 3662 Creatoris
2988 3610 3263 3678 potestas.

1974 3699 2273 3762 Quomodo
2323 3698 2499 3767 igitur
2543 3697 2800 3768 operatio
2848 3695 2907 3750 in
2960 3696 3099 3763 Deo,
3132 3694 3218 3750 vel
3250 3695 3374 3768 ipse
3399 3695 3554 3751 Deus

1905 3786 2375 3844 substantialiter
2402 3790 2491 3853 (ut
2522 3787 2632 3841 istc
2663 3785 2892 3857 asserit)
2915 3784 3171 3856 operatio
3193 3783 3439 3858 intelligi
3462 3801 3559 3856 po-

1905 3878 2060 3933 test?
2090 3876 2201 3931 nisi
2238 3876 2380 3931 forte
2411 3892 2476 3929 eo
2510 3875 2681 3929 modo
2714 3874 2943 3928 dicatur
2970 3873 3124 3929 Deus
3154 3871 3557 3945 operatio,non

1907 3967 2061 4039 quod
2095 3965 2289 4036 ipsum
2322 3963 2408 4017 vel
2441 3964 2495 4017 in
2530 3964 2656 4033 ipso
2689 3962 3030 4033 aliquis,sed
3062 3960 3187 4034 ipse
3216 3961 3415 4016 omnia
3436 3978 3565 4032 ope—

1908 4054 2203 4111 retur.Scd
2226 4053 2365 4125 quia
2386 4053 2494 4107 hoc
2516 4051 2695 4106 nimis
2718 4055 2806 4105 est
2824 4049 3309 4116 inusitatum,nec
3331 4048 3567 4106 deScri-

1911 4149 2093 4216 ptume
2125 4148 2339 4197 sanctae
2373 4139 2718 4196 auctoritate
2750 4143 3078 4209 sumptum,
3111 4141 3168 4193 et
3196 4138 3569 4194 vehementer

1914 4232 2046 4289 fidei
2080 4230 2473 4304 periculosum
2509 4246 2523 4283 :
2559 4246 2630 4283 ne
2653 4230 2958 4295 forte,cum
2983 4227 3136 4281 Deus
3159 4226 3418 4298 operatio
3439 4242 3568 4282 esse

1914 4322 2321 4392 diciturjuxta
2350 4318 2598 4389 impium
2626 4316 2974 4371 Arianorum
3016 4330 3294 4378 errorem,
3328 4312 3430 4384 qui
3460 4312 3569 4369 hoc

1917 4412 1987 4466 de
2010 4410 2156 4466 Filio
2179 4414 2236 4463 et
2256 4407 2475 4479 Spiritu
2502 4412 2702 4460 sancto
2725 4404 3137 4459 senserunt.ab
3159 4402 3359 4475 aliquo
3382 4401 3570 4459 factus

1918 4517 2045 4556 esse
2076 4499 2350 4553 credatur
2380 4513 2392 4550 :
2429 4496 2686 4567 profecto
2718 4493 3045 4548 cohibenda
3065 4496 3121 4548 et
3139 4492 3460 4548 coercenda
3480 4496 3571 4548 est

1917 4594 2093 4645 tanta;
2119 4585 2489 4640 verbositatis
2519 4581 2915 4655 praesumptio,
2947 4587 3003 4636 et
3031 4583 3181 4636 inter
3210 4585 3447 4637 caeteras
3476 4598 3570 4638 vo-

213 4682 544 4756 Subjungit
563 4679 660 4736 ille
682 4683 741 4736 et
762 4679 927 4735 dicit:
950 4684 1242 4753 Unumque
1257 4681 1640 4735 essedivinam
1666 4696 1810 4747 praz-
1841 4700 1886 4761 Β
1918 4696 2043 4734 cum
2060 4674 2505 4733 mnu'tatex.sieut
2525 4670 2912 4727 attentissime
2933 4672 3211 4726 admonet
3231 4669 3570 4761 Apostolus,

136 4772 622 4835 destinationem,
637 4770 788 4825 sicut
808 4785 984 4825 unam
1001 4769 1261 4825 divinam
1290 4770 1807 4836 operationem,sa-

136 4861 851 4939 pientiam,substantiam
879 4858 1257 4914 voluntatem.
1285 4859 1347 4913 In
1380 4858 1597 4931 quibus
1618 4859 1811 4913 verbis

138 4956 255 5012 hoc
286 4968 460 5025 agere
486 4953 733 5005 conatur
762 4948 914 5020 quod
949 4952 1003 5003 et
1035 4964 1234 5020 supra,
1258 4947 1525 5003 videlicet
1555 4951 1636 5008 ut,
1662 4946 1814 5002 sicut

143 5038 624 5100 substantialiter
660 5039 817 5093 Deus
867 5041 957 5092 est
1004 5037 1312 5108 sapientia,
1348 5035 1814 5093 substantialiter

143 5132 521 5193 voluntas,et
549 5127 674 5199 ipse
707 5130 795 5181 est
824 5142 1060 5181 summa
1091 5125 1539 5192 substantia,ita
1555 5124 1816 5180 creditur

144 5222 308 5278 idem
340 5219 499 5274 Deus
529 5232 659 5272 esse
690 5214 1122 5288 przedestinatio
1171 5218 1226 5271 ct
1274 5214 1554 5287 operatio.
1580 5215 1689 5269 Sed
1743 5214 1814 5269 de

151 5305 811 5385 praedestinationejam
844 5302 1252 5374 multipliciter
1279 5304 1644 5359 ostendimus
1671 5302 1812 5374 quid

151 5416 261 5456 nos
294 5394 490 5468 magis
520 5392 895 5450 sentiendum
928 5408 1057 5448 esse
1088 5396 1414 5447 teneamus.
1434 5393 1513 5447 De
1534 5408 1653 5447 una
1681 5409 1815 5447 vero

152 5485 498 5561 operatione
520 5482 620 5539 Dei
642 5498 819 5553 quam
842 5481 936 5537 hic
974 5481 1254 5546 addit,ita
1284 5486 1368 5546 ut,
1388 5487 1675 5553 quantum
1710 5498 1817 5552 ap-

156 5580 341 5651 paret,
362 5572 763 5647 operationem
789 5570 1119 5642 Dei,ipsum
1154 5570 1338 5624 Deum
1376 5570 1514 5624 velit
1546 5569 1816 5639 intelligi,

157 5665 477 5739 diligenter
507 5659 1003 5718 considerandum
1035 5663 1126 5715 cst
1147 5659 1288 5731 quid
1323 5660 1393 5715 de
1422 5659 1531 5714 hac
1565 5676 1624 5714 re
1653 5659 1821 5729 juxta

160 5753 426 5829 regulam
462 5750 596 5808 fidei
625 5747 999 5808 sentiendum
1050 5746 1145 5813 sit,
1181 5753 1330 5803 recte
1364 5747 1515 5803 enim
1570 5747 1821 5802 dicimus

1916 4767 2204 4823 (imitanda
2256 4764 2298 4833 (I
2331 4765 2464 4819 Tim.
2497 4779 2573 4830 v1,
2604 4763 2720 4829 20).
2755 4761 2825 4815 Et
2869 4766 3067 4815 tamen
3116 4776 3245 4825 nos,
3278 4759 3380 4832 qui
3429 4760 3573 4815 sim-

1922 4856 2148 4928 pliciter
2176 4854 2434 4910 divinam
2464 4849 2859 4924 Operationem
2894 4849 2952 4903 in
2974 4848 3250 4922 operibus
3272 4854 3330 4905 et
3349 4854 3574 4905 creatu-

1922 4945 2002 5001 ris
2019 4941 2767 5016 ejusintelligimus,ipsam
2792 4939 2918 5006 ejus
2940 4938 3338 5011 operationem
3361 4936 3575 5009 plurali

1925 5050 2168 5088 numero
2202 5033 2260 5086 in
2292 5028 2612 5102 Scripturis
2655 5027 2908 5100 positam
2957 5027 3234 5099 legimus,
3270 5026 3578 5083 manifeste

1922 5120 2196 5191 Apostolo
2229 5121 2456 5175 dicente
2488 5135 2501 5173 :
2534 5119 2842 5174 Di-visiones
2897 5132 3021 5172 vero
3067 5117 3378 5187 gratiarum
3427 5121 3577 5184 sunt,

1926 5212 2066 5267 idem
2100 5227 2224 5266 vero
2247 5210 2509 5280 spiritus,-
2538 5216 2588 5263 et
2618 5207 2914 5262 divisiones
2933 5204 3412 5259 ministrationum
3428 5209 3577 5271 sunt,

1925 5301 2068 5356 idem
2096 5308 2279 5355 autem
2308 5299 2610 5363 Dominus,-
2640 5304 2690 5351 et
2716 5296 3011 5349 divisiones
3032 5291 3411 5362 operationum
3429 5299 3578 5355 sunt,

1927 5391 2069 5446 idem
2119 5405 2243 5445 vero
2302 5392 2463 5452 Deus,
2506 5387 2605 5456 qui
2659 5391 2913 5455 operatur
2967 5382 3156 5436 omnia
3214 5382 3274 5436 in
3329 5382 3582 5436 omnibus

1929 5481 1974 5549 (I
2003 5480 2124 5535 Cor.
2156 5494 2261 5543 xu,
2294 5476 2439 5547 465).
2475 5476 2615 5529 Cum
2650 5488 2787 5543 erga
2833 5471 2961 5541 ipsa
3007 5468 3264 5540 operatio
3314 5468 3413 5523 Dei
3458 5472 3580 5525 tam

1929 5572 2126 5640 aperte
2159 5564 2464 5641 pluraliter
2494 5562 2741 5626 dicatur,
2774 5565 2831 5616 et
2864 5557 3271 5630 multipliciter
3300 5556 3584 5631 intelliga-

1929 5662 2027 5712 tur
2058 5657 2116 5711 in
2149 5653 2431 5712 creaturis
2466 5650 2729 5722 Dei,quid
2756 5648 3025 5705 utilitatis
3047 5646 3224 5703 habet
3245 5644 3582 5703 istiusmodi

1933 5743 2402 5818 argumentatio?
2435 5741 2522 5798 Ad
2550 5741 2693 5796 nihil
2732 5741 2905 5806 utilis,
2939 5738 3093 5796 sicut
3138 5734 3452 5809 Apostolus
3502 5738 3585 5794 ait
