4082 6438
457 415 571 480 123

1554 407 1785 473 FLOR!
1829 407 2148 473 DIACONI
2186 410 2766 481 LUGDUNENSIS.

3752 416 3875 482 124

454 574 556 622 xu,
587 558 676 623 5):
740 550 1102 625 intelligatur
1144 552 1345 625 aperta
1392 547 1706 621 Scriptum
1760 544 1996 606 veritas.
2047 548 2106 601 et
2130 542 2187 612 Α
2216 545 2489 605 dicebant
2510 549 2594 606 :Si
2618 551 2775 623 ejicis
2796 553 3074 619 nos,mitte
3101 569 3195 611 nes
3226 553 3284 610 in
3309 569 3529 626 gregem
3555 568 3870 628 porcorum.

454 649 806 707 conticescet
830 644 1082 702 vanitas.

526 738 690 796 Sicut
721 752 858 809 ergo
890 752 1071 802 mors,
1104 749 1231 805 qua;
1261 735 1352 785 est
1398 728 1601 800 utique
1659 744 1830 799 poena
1860 726 2102 799 peccati,

454 829 537 885 itu
565 827 744 883 etiam
776 824 969 882 omnis
999 821 1236 879 miseria
1266 816 2016 881 laborum,tribulationum
2050 820 2108 871 et

454 916 877 979 calamitatum,
912 931 1040 986 quae
1083 913 1394 967 consecuta
1440 910 1580 963 sunt
1634 906 1935 961 hominem
1974 910 2109 978 post

453 1011 779 1080 peccatum,
814 1004 949 1077 quia
970 1001 1165 1057 divina
1195 998 1577 1070 dispositione
1616 1001 1673 1052 ct
1694 995 1917 1067 judicio
1949 1001 2006 1050 et
2033 995 2104 1050 il-

451 1098 572 1153 lata
601 1098 741 1152 sunt
768 1099 825 1150 et
854 1092 1202 1152 inferuntur,
1236 1090 1391 1143 recte
1423 1084 1724 1157 Scriptura
1752 1084 1895 1139 dicit
1922 1101 2052 1140 esse
2072 1102 2108 1140 a

453 1187 592 1247 Deo.
644 1184 793 1240 sicut
841 1184 1036 1252 aperte
1086 1195 1155 1233 ea
1193 1174 1532 1231 testimonia
1586 1191 1714 1246 qua:
1772 1173 2102 1246 posuimus,

450 1272 862 1331 ostendunt.Et
881 1270 1010 1325 ideo
1042 1267 1196 1324 sicut
1223 1281 1355 1320 vere
1373 1263 1858 1336 peccatum,quod
1882 1267 2106 1318 contra-

452 1364 602 1420 rium
636 1366 725 1419 est
747 1360 991 1430 justitia
1023 1358 1145 1420 Dei,
1181 1373 1294 1410 non
1329 1359 1418 1411 est
1447 1372 1481 1409 a
1511 1354 1646 1418 Deo,
1665 1353 1747 1408 ita
1776 1370 1907 1409 vere
1935 1370 2104 1425 paena

450 1453 692 1529 peccati,
723 1451 781 1506 id
813 1454 902 1506 est
949 1464 1128 1511 mors,
1162 1448 1220 1501 et
1277 1444 1470 1500 omnis
1527 1443 1629 1499 illa
1684 1442 1989 1498 calamitas
2045 1448 2104 1497 et

449 1542 685 1598 miseria
719 1557 845 1612 quae
877 1540 1192 1590 consecuta
1221 1537 1341 1597 est,
1377 1533 1515 1605 quia
1536 1532 1699 1602 justo
1722 1530 1944 1601 judicio
1998 1532 2100 1587 Dei

448 1635 812 1703 competunt,
841 1634 897 1683 et
926 1627 1085 1696 iusta
1109 1626 1236 1696 ejus
1267 1622 1486 1679 ultione
1533 1621 1883 1687 inferuntur,
1919 1639 1954 1677 a
1982 1622 2099 1677 Deo

449 1738 600 1786 esse,
635 1718 938 1789 Scriptura
966 1717 1296 1779 attestante,
1333 1715 1482 1767 recte
1512 1709 1941 1781 intelliguntur.
1964 1711 2096 1778 Ubi,

450 1808 685 1865 etiamsi
717 1805 989 1862 diabolus
1018 1810 1076 1859 et
1105 1802 1298 1858 cazteri
1356 1800 1544 1873 angeli
1598 1799 1841 1872 maligni
1873 1800 2096 1872 aliquid

449 1893 912 1970 agunt,minislri
944 1895 1082 1948 sunt
1109 1888 2095 1986 divinie_ultionis,atquevindictae,
2133 1921 2175 1986 Β

450 2004 566 2042 non
587 1985 840 2058 judices,
870 1982 959 2038 vel
990 1978 1437 2044 auctores,sicut
1465 1977 1773 2032 manifeste
1794 1977 1928 2033 libri
1944 1978 2096 2033 beati

447 2075 557 2131 Job
588 2072 835 2129 historia
864 2070 1136 2138 ostendit,
1160 2068 1220 2123 in
1254 2084 1372 2140 qua
1399 2066 1741 2139 plenissime
1771 2066 2100 2123 ostenditur

448 2166 604 2238 quod
636 2181 751 2220 non
782 2162 973 2219 solum
998 2164 1065 2214 ut
1092 2158 1288 2231 ipsum
1304 2156 1544 2211 vulnere
1557 2155 1812 2229 pessimo
1834 2174 1868 2212 a
1898 2154 2100 2228 planta

447 2253 612 2329 pedis
642 2269 831 2326 usque
863 2251 933 2307 ad
980 2248 1254 2305 verticem
1302 2246 1612 2314 sauciaret,
1640 2245 1732 2300 vel
1791 2244 1943 2300 filios
1969 2247 2097 2317 ejus

447 2359 743 2400 concussae
756 2345 814 2395 et
823 2336 1150 2395 carmentis
1161 2336 1375 2391 domus
1395 2333 1770 2406 oppressione
1786 2332 2094 2401 occideret,

448 2437 505 2489 et
533 2430 829 2503 copiosam
860 2428 989 2499 ejus
1019 2424 1304 2481 familiam
1346 2422 1435 2479 vel
1493 2422 1688 2495 gladio
1746 2421 2095 2478 irruentium

448 2521 813 2594 praedonum,
845 2516 931 2573 vel
966 2516 1036 2571 de
1064 2512 1208 2569 coelo
1235 2511 1502 2569 veniente
1533 2511 1667 2584 igne
1705 2515 2094 2578 consumeret,

448 2610 549 2667 sed
581 2624 687 2664 nec
717 2607 846 2678 ipsa
893 2604 1023 2676 ejus
1051 2618 1260 2675 pecora
1288 2605 1346 2657 et
1400 2599 1724 2656 animantia
1766 2599 2096 2673 contingam

450 2715 632 2754 ausus
662 2699 771 2761 est,
802 2693 913 2751 nisi
940 2692 1123 2765 prius,
1175 2689 1550 2764 permittente
1596 2687 1708 2744 sibi
1739 2688 2005 2756 Domino,
2040 2693 2099 2745 et

447 2787 709 2843 dicente:
743 2786 883 2839 Ecce
911 2783 1168 2838 universa
1195 2795 1321 2851 quae
1348 2780 1591 2844 habet,in
1614 2794 1783 2833 manu
1811 2787 1907 2833 tua
1933 2788 2092 2835 sunt:

445 2883 816 2933 verumtamen
848 2874 910 2928 in
935 2887 1062 2927 eum
1106 2885 1177 2925 ne
1220 2868 1478 2924 extendas
1517 2883 1747 2922 manum
1774 2875 1928 2922 tuam
1958 2867 2093 2939 (Job.

446 2982 485 3031 ι,
520 2964 706 3035 t2).Et
733 2961 944 3017 iterum
971 2976 984 3014 :
1014 2960 1144 3014 Ecce
1193 2959 1255 3012 in
1296 2973 1469 3012 manu
1512 2963 1608 3011 tua
1654 2963 1770 3011 est:
1818 2964 2094 3011 verumta-

445 3070 568 3109 men
600 3054 849 3108 animam
879 3050 1034 3106 illius
1062 3063 1218 3103 serva
1249 3045 1364 3118 (Job
1392 3062 1453 3110 Il,
1478 3047 1556 3113 6).
1577 3044 1739 3100 Unde
1767 3048 1825 3099 et
1855 3044 1981 3115 ipse
2008 3044 2096 3100 vir

447 3145 689 3199 sanctus
718 3144 776 3196 et
796 3139 991 3195 divina
1043 3135 1334 3209 sapientia
1388 3133 1665 3206 repletus,
1698 3149 1831 3188 cum
1864 3132 1945 3187 illi
1972 3132 2093 3189 haec

445 3230 647 3289 omnia
675 3226 1045 3296 accidissent,
1076 3242 1190 3280 non
1225 3240 1293 3280 ea
1317 3223 1620 3295 deputavit
1666 3221 1916 3289 diabolo,
1955 3222 2094 3294 quia

2217 640 2289 694 Et
2317 639 2412 694 ille
2440 640 2586 696 dixit
2612 643 2732 697 eis:
2760 642 2840 699 Ite
2871 643 3072 715 (Matth.
3106 660 3230 710 vnl,
3262 644 3373 710 32).
3409 644 3548 701 Inde
3590 648 3680 701 est
3708 644 3870 717 qnod

2214 728 2390 784 etiam
2421 727 2481 784 in
2512 730 2760 801 psalmo,
2794 732 2894 787 ubi
2925 737 3243 789 narrantur
3281 732 3464 806 plagae
3515 738 3572 789 et
3626 733 3870 789 calami-

2214 821 2364 873 tates
2395 818 2612 890 quibus
2643 821 2923 894 IEgyptus
2953 839 3056 894 pro
3086 839 3194 878 sua
3222 822 3542 895 impietate,
3570 824 3687 878 Deo
3707 825 3873 895 juste

2215 906 2551 972 ulciscente,
2583 912 2641 963 et
2673 908 2867 983 Moyse
2898 910 3117 967 famulo
3142 928 3249 967 suo
3272 911 3567 968 mediante
3597 928 3663 967 ac
3693 911 3873 966 mini-

2214 1000 2434 1051 strante
2455 1013 2734 1068 percussa
2774 1003 2880 1064 est,
2915 1000 3224 1056 manifeste
3276 1000 3598 1073 Scriptura,
3631 1000 3867 1056 etiamsi

2215 1083 2539 1141 ministerio
2578 1086 2919 1159 angelorum
2965 1087 3255 1145 malorum
3309 1089 3509 1162 aliqua
3537 1089 3747 1146 horum
3780 1089 3870 1145 eis

2212 1173 2430 1229 inﬂicta
2460 1176 2825 1241 sunt,omnia
2845 1177 2918 1232 ad
2949 1177 3133 1233 Deum
3155 1178 3412 1234 referens
3443 1178 3587 1234 dicit
3608 1179 3869 1235 :Conver-

2212 1263 2279 1317 tit
2306 1264 2367 1317 in
2385 1266 2710 1332 sanguinem
2738 1267 2974 1335 flumina
3006 1283 3215 1329 eorum,
3246 1275 3300 1323 et
3325 1269 3526 1323 imbres
3555 1283 3762 1336 eorum,
3794 1285 3871 1324 ne

2214 1352 2474 1407 biberent.
2508 1352 2653 1428 Misit
2684 1355 2740 1409 in
2771 1370 2859 1410 eos
2887 1358 3249 1426 carnomyiam
3294 1364 3346 1411 et
3374 1356 3606 1412 comedit
3628 1372 3736 1418 eos,
3769 1373 3870 1412 ra-

2209 1457 2341 1496 nam
2368 1449 2420 1496 et
2447 1440 2778 1513 disperdidit
2801 1460 2909 1499 eos.
2943 1447 3010 1499 Et
3054 1444 3204 1500 dedit
3247 1447 3497 1514 aerugini
3530 1447 3743 1515 fruetus
3775 1461 3869 1501 eo-

2212 1547 2351 1598 rum,
2382 1539 2433 1586 et
2464 1531 2673 1587 labores
2700 1548 2889 1588 eorum
2918 1534 3159 1590 locusta
3186 1534 3249 1588 Et
3285 1534 3480 1590 eecidit
3506 1536 3567 1589 in
3595 1534 3871 1605 grandine

2208 1621 2397 1674 vineas
2425 1636 2631 1685 eorum,
2664 1629 2719 1676 et
2744 1638 2921 1678 moros
2966 1638 3153 1677 eorum
3198 1623 3255 1677 in
3283 1624 3512 1695 pruina.
3545 1624 3612 1678 Et
3639 1622 3876 1680 tradidit

2207 1707 2475 1775 grondini
2487 1708 2743 1778 jumenta
2762 1726 2968 1775 eorum,
3001 1718 3054 1766 et
3087 1714 3482 1782 possessionem
3509 1728 3700 1767 eorum
3720 1713 3865 1781 igni.

2206 1796 2349 1852 Misit
2379 1800 2437 1851 in
2467 1814 2552 1853 eos
2584 1799 2729 1853 iram
2781 1799 3179 1871 indignationis
3217 1815 3369 1867 suae;
3399 1799 3867 1869 indignationem,

2205 1894 2258 1941 et
2287 1889 2448 1952 iram,
2488 1895 2541 1942 et
2587 1888 3014 1953 tribulationem,
3071 1890 3439 1946 immissiones
3486 1907 3585 1962 per
3640 1891 3869 1960 angelos

2204 1976 2378 2031 malos
2424 1976 2593 2048 (Psal.
2649 1993 2855 2031 Lxxvu.
2924 1977 3131 2048 44-49).
3183 1978 3253 2033 Et
3315 1976 3374 2032 in
3436 1976 3550 2035 alio
3609 1978 3865 2048 psalmo,

2206 2080 2339 2119 cum
2372 2064 2658 2136 impetum
2690 2064 2917 2137 ignium
2940 2069 2997 2120 et
3024 2065 3863 2140 grandinum,tempestatum,

2206 2157 2264 2209 et
2294 2152 2679 2225 procellarum
2712 2153 3035 2226 replicaret,
3087 2154 3305 2227 quibus
3354 2160 3441 2211 tot
3470 2156 3778 2229 naufragia
3805 2161 3866 2212 et

2206 2242 2534 2299 eversiones
2562 2246 2619 2298 et
2649 2243 2948 2298 vastitates
2989 2243 3139 2298 fiunt
3194 2242 3254 2297 in
3313 2244 3555 2309 mundo,
3587 2244 3867 2301 similiter

2206 2331 2404 2387 omnia
2461 2331 2717 2388 referens
2772 2332 2846 2388 ad
2900 2333 3106 2403 Deum,
3168 2332 3349 2387 dixit:
3400 2335 3574 2403 Ignis,
3625 2334 3862 2405 grando,

2204 2423 2327 2485 nix,
2359 2418 2819 2492 glacies,spiritus
2845 2422 3235 2493 procellarum,
3250 2437 3374 2493 quae
3401 2422 3619 2496 faciunt
3639 2425 3869 2478 verbum

2203 2510 2320 2581 ejus
2350 2510 2520 2578 (Psal.
2549 2524 2779 2577 CXLVIII,
2811 2510 2888 2580 8).

2858 2598 3088 2655 CAPUT
3125 2599 3220 2653 IV.

2276 2690 2491 2756 Quarto
2521 2686 2775 2759 capitulo
2820 2687 2987 2760 ponit
3032 2688 3402 2744 definitiones
3456 2688 3717 2762 quinque
3748 2689 3865 2745 hoc

2205 2777 2428 2832 ordine.

2274 2867 2328 2922 4.
2364 2868 2484 2922 Tres
2514 2867 2770 2932 hmeses,
2800 2882 2971 2921 unam
3015 2867 3445 2935 Pelagianorum
3489 2867 3656 2922 liberi
3703 2867 3861 2922 arbi-

2203 2956 2302 3010 trii
2326 2957 2445 3011 sine
2468 2957 2665 3025 gratim
2695 2954 3427 3010 cammendatione.Alteram
3441 2958 3643 3025 gratiae
3660 2957 3854 3012 solius.

2204 3045 2438 3100 Tertiam
2454 3044 2528 3107 (a)
2552 3044 3047 3099 Gotteschalcanam
3062 3042 3512 3115 prwdestination
3521 3046 3642 3099 ibus
3665 3061 3853 3101 neres-

2200 3134 2389 3189 sitates
2416 3135 2583 3189 etiam
2614 3134 2956 3204 inferentem.

2271 3225 2324 3277 2.
2359 3223 2734 3278 Substantiam
2753 3224 2993 3278 hominis
3019 3238 3133 3277 esse
3160 3224 3288 3277 tria.
3320 3222 3381 3276 Id
3404 3230 3501 3290 est,
3533 3238 3662 3292 esse,
3694 3224 3855 3291 velle,

443 3323 717 3377 executor
743 3319 932 3373 fuerat
960 3291 1123 3371 iilius
1155 3291 1526 3376 calamitatis,
1579 3310 1677 3366 sed
1729 3311 1798 3365 ad
1823 3291 2006 3366 Deum
2039 3315 2097 3367 et
2125 3291 2170 3358 Ο
2206 3313 2369 3367 scire.
2402 3314 2477 3367 Et
2506 3311 2647 3367 hanc
2671 3310 2942 3383 peccando
2961 3327 3073 3367 non
3100 3312 3372 3368 amisisse.

445 3410 516 3465 ad
530 3409 763 3480 justum
781 3404 1070 3478 judicium
1089 3403 1218 3474 ejus
1235 3400 1437 3457 omnia
1454 3399 1769 3455 fideliteret
1794 3399 2097 3456 humiliter

444 3514 580 3553 cum
614 3496 934 3571 gratiarum
995 3492 1223 3549 actione
1271 3490 1494 3558 retulit,
1542 3489 1782 3545 dicens:
1830 3491 2096 3545 Dominus

440 3586 611 3652 dedit,
656 3585 927 3640 Dominus
963 3582 1208 3645 abstulit,
1239 3582 1381 3635 sicut
1400 3581 1627 3635 Domino
1654 3579 1867 3650 placuit
1896 3580 1973 3634 ita
2001 3580 2095 3649 fa-

440 3682 587 3729 ctum
616 3674 790 3733 est.sit
827 3687 1027 3727 nomen
1072 3670 1293 3725 Domini
1350 3667 1689 3724 benedictum
1740 3667 1855 3739 (Job
1907 3684 1946 3731 ι,
1982 3668 2091 3734 12).

441 3760 725 3818 Similiter
749 3764 805 3815 et
827 3760 885 3815 in
917 3755 1245 3831 Evangelio,
1268 3773 1401 3812 cum
1425 3756 1734 3829 ejiceretur
1753 3756 1827 3810 ab
1857 3754 2094 3811 homine

441 3867 618 3924 quem
649 3849 956 3905 obsederat
986 3849 1126 3917 legio
1153 3847 1580 3909 daemoniorum,
1613 3862 1728 3899 non
1761 3844 2096 3900 habuerunt

441 3942 790 4014 potestatem
814 3935 1167 4002 introeundi,
1202 3938 1260 3991 et
1294 3934 1573 4007 perdendi
1626 3950 1858 4008 gregem
1895 3950 2095 4007 porco-

441 4026 716 4096 rum,nisi
746 4026 819 4081 ab
848 4023 947 4080 illo
964 4022 1233 4097 permissi
1258 4021 1351 4078 cui
1372 4022 1634 4079 dolentes
1656 4026 2092 4095 trementesque

2274 3402 2326 3454 3.
2359 3402 2584 3457 Nullam
2629 3409 2891 3457 naturam
2944 3416 3096 3472 posse
3120 3402 3321 3472 perire,
3350 3418 3449 3457 nec
3504 3402 3734 3458 liberam
3765 3419 3857 3458 vo-

2205 3491 2469 3546 luntatem
2497 3506 2624 3545 eum
2648 3490 2972 3561 perdidisse,
3005 3490 3063 3545 id
3091 3498 3170 3545 est
3198 3499 3459 3546 naturam
3485 3508 3666 3547 suam.

2276 3580 2327 3634 4.
2365 3580 2687 3635 Libertatem
2740 3580 2955 3634 homini
2983 3587 3104 3649 post
3156 3588 3436 3651 peccatum
3489 3584 3858 3637 remansisse:

2202 3669 2444 3737 vigorem
2465 3676 2517 3723 et
2544 3676 2852 3740 potestatem
2880 3669 2998 3738 ejus
3026 3668 3345 3739 perdidisse.

2271 3758 2327 3811 5.
2359 3758 2439 3811 Εα
2466 3772 2676 3828 semper
2702 3764 2965 3811 naturam
3020 3758 3278 3813 inchoare
3313 3773 3488 3830 posse,
3520 3765 3573 3813 et
3597 3760 3859 3831 perﬁcere

2200 3847 2433 3901 nonnisi
2456 3861 2557 3917 per
2584 3847 2840 3914 gratiam.

2272 3934 2352 3990 De
2380 3934 2572 3990 tribus
2600 3934 2923 3991 haeresihus
2962 3951 3112 4008 quas
3159 3935 3319 4001 dicit,
3363 3935 3642 4009 primum,
3676 3938 3735 3993 id
3766 3943 3860 3994 est

2202 4023 2773 4097 Pelagianorum,qui
2791 4022 3040 4079 liberum
3064 4023 3370 4079 arbitrium
3402 4025 3528 4080 sine
3548 4025 3648 4081 Dei
3669 4027 3860 4099 gratia

1432 4128 1647 4185 NOTAE
1683 4127 2026 4184 DUVALLII
2065 4129 2423 4186 DOCTORIS
2463 4128 2861 4185 SORBONICI.

513 4225 587 4295 (a)
621 4222 761 4288 Quis
793 4221 971 4295 fuerit
990 4218 1444 4295 _(}_ottescbalc_iis
1474 4220 1756 4295 accipeex
1787 4217 2008 4295 Pithgno
2031 4219 2090 4295 in

438 4289 785 4358 Annalibus,
816 4298 875 4350 et
904 4290 1230 4348 Trithcmio
1260 4290 1319 4345 in
1351 4289 1642 4362 Chronico
1664 4289 2086 4362 Hirsaugiensi,

439 4374 505 4443 et
528 4366 846 4443 Flodoardo
868 4363 978 4443 _lib_.
1012 4380 1096 4427 In,
1130 4363 1378 4443 cap-1‘3,
1403 4378 1505 4418 seu
1528 4361 1726 4443 potius
1756 4361 2085 4443 Dinomaro,

2201 4218 2403 4294 tulerit
2432 4218 2775 4294 evangelicae
2826 4219 3257 4294 praedicationis
3276 4220 3498 4294 gratia.
3522 4224 3855 4294 etsuarum

2201 4291 2547 4364 concinnum
2579 4290 2882 4364 exordium
2902 4293 3221 4364 sumpserit
3237 4290 3318 4349 ali
3342 4292 3620 4364 inetl‘abili
3641 4294 3860 4363 praede-

2199 4362 2534 4418 stinationis
2564 4360 2861 4433 mysterio.
2893 4360 3141 4420 Coactus
3178 4364 3365 4420 redire
3390 4364 3449 4419 in
3478 4360 3746 4429 Galliam,
3780 4365 3856 4421 ab

441 4437 689 4515 Rhemni
722 4433 1457 4515 archiepiscopo,qu_i.tunc
1487 4433 1796 4515 vivebat,et
1815 4434 2087 4515 eumdem
2198 4433 2489 4515 episcopis
2522 4434 2579 4515 in
2604 4433 2846 4515 concilio
2881 4434 3311 4515 Moguntinensi
3338 4436 3652 4515 damnatus
3682 4442 3859 4515 es_t,et

438 4504 1165 4603 Gotteschalcumgszfpius
1193 4504 1355 4603 vidit'
1382 4510 1451 4603 .et
1497 4504 1719 4603 a‘ud‘ivit
1747 4506 1936 4603 ;cpjus
1970 4504 2089 4603 haec

441 4581 620 4636 verba
658 4583 815 4645 sunt,
869 4578 940 4633 ad
997 4575 1300 4633 Nicolaum
1335 4575 1395 4631 I:
1452 4598 1480 4625 ‹‹
1514 4576 1712 4648 Vobis,
1746 4575 1852 4642 ait,
1907 4592 2094 4648 pauca

442 4651 665 4724 aperire
686 4649 954 4724 desidero
969 4649 1261 4724 quomodo
1274 4651 1589 4724 antequam
1605 4647 1923 4724 episcopus
1938 4647 2096 4702 ordi-

442 4717 619 4778 natus
653 4721 918 4784 fuissem.
940 4717 1051 4776 iste
1074 4717 1534 4783 Gotteschalcus,
1551 4717 1877 4774 monachus
1901 4735 2099 4773 mona-

442 4793 606 4850 sterii
635 4791 891 4850 ecclesiae
913 4791 1373 4863 metropolitanaa
1399 4789 1746 4863 Bhemensis
1768 4789 1906 4845 dicti
1928 4787 2095 4863 Orbei

442 4864 708 4921 diceeesis
739 4859 1199 4929 Suessioaensis,
1219 4866 1284 4917 ut
1316 4861 1495 4933 hujus
1528 4861 1707 4933 abbas
1739 4865 1794 4917 et
1824 4859 2097 4933 monachi

443 4954 577 4992 eum
606 4934 1195 5009 quibus‘versabatur
1227 4931 1535 5000 testantur,
1561 4932 1736 5009 homo
1767 4933 1963 5009 animo
1978 4931 2098 5009 _ela-

441 5014 557 5090 tus,
580 5003 811 5090 quietis
831 5006 1458 5090 impatiensmovorum
1484 5004 1793 5059 verborum
1824 5003 2095 5090 cupidus,

442 5076 766 5136 insatiabili
797 5076 1040 5134 honoris
1061 5076 1383 5147 ambitione
1411 5076 2020 5147 incensus,protervus
2041 5079 2101 5147 et

444 5150 849 5207 tumultuosus
870 5154 958 5205 :ut
974 5149 1134 5205 inani
1148 5146 1330 5205 animi
1342 5146 1729 5203 ostentatione
1747 5148 1966 5203 famam
1979 5146 2100 5203 adi-

448 5223 984 5294 pisceretur,certos
998 5218 1293 5294 articulgs
1315 5217 1875 5294 omniumfalsanum
1890 5217 2101 5294 doctri-

446 5288 589 5350 naru
599 5309 654 5347 m
672 5292 843 5375 elegit
855 5296 911 5348 et
926 5291 1181 5375 collegi
1193 5292 1292 5375 nEt
1305 5295 1569 5375 postea'ig
1580 5288 2103 5375 IdemGottesehal-

445 5383 566 5421 cus.
604 5359 794 5419 ordini
829 5359 1174 5420 sacerdotali
1205 5359 1474 5418 adécano
1498 5359 1810 5417 Rhemensi
1834 5360 2100 5417 initiatus

444 5437 590 5505 (haec
619 5441 815 5491 autem
839 5435 1128 5508 promotio
1151 5433 1670 5508 constitutionibus
1691 5431 2101 5508 ecclesiasticis

446 5504 1902 5576 reluctabatur).contrasuamregulammonasterio
1914 5521 2103 5576 egres-

448 5594 572 5644 sus,
598 5578 1107 5649 disiunctissimas
1141 5575 1675 5649 terrasiperagravit
1701 5579 1763 5649 ut
1793 5575 2100 5649 virus’s‘uze

449 5650 607 5706 falsa:
640 5646 915 5706 doctrina:
948 5652 1255 5707 evomeret.
1299 5646 1513 5703 Narrat
1561 5646 1811 5720 ecclesia
1859 5646 2099 5720 Lugdu-

451 5721 653 5785 nensis
684 5738 800 5794 quo
831 5727 999 5795 pacto
1029 5720 1091 5779 in
1113 5720 1355 5781 ultimos
1378 5720 1526 5777 fines
1543 5718 1864 5777 Germaniae
1888 5718 2103 5776 se‘con-

2123 4542 2170 4606 D

2199 4504 2268 4561 ei
2288 4504 2520 4561 illorum
2543 4506 2774 4577 decreto
2798 4504 3041 4577 flagellis
3065 4506 3341 4561 violenter
3370 4524 3585 4575 cmsus;
3619 4507 3857 4563 tandem

2203 4577 2263 4631 in
2297 4576 2651 4650 monasterio
2682 4575 3325 4650 Rheménsisdiaacesis
3351 4583 3631 4650 tanquam
3654 4577 3713 4632 in
3735 4594 3861 4633 car-

2206 4665 2336 4705 cere
2365 4665 2434 4703 ex
2463 4648 2731 4717 ejusdem
2753 4647 2983 4702 concilii
3018 4649 3246 4705 decreto
3278 4647 3542 4705 reclusus
3573 4655 3682 4705 est.
3720 4671 3748 4699 ι»

2276 4718 2518 4776 Articuli
2545 4718 2607 4774 in
2637 4719 2910 4791 pradicto
2926 4720 3171 4776 concilio
3192 4721 3456 4776 damnati
3481 4725 3861 4777 recensentur

2207 4792 2279 4864 ab
2311 4789 2721 4864 Hincmaroﬁd
2752 4795 2842 4864 est
2867 4792 3021 4863 quod
3057 4792 3210 4848 sicut
3229 4792 3383 4848 Deus
3405 4792 3691 4864 quosdam
3717 4809 3860 4864 prae-

2207 4863 2600 4919 destinaverat
2629 4862 2702 4919 ad
2740 4860 2920 4917 vitam
2970 4867 3269 4932 aeternam,
3306 4864 3388 4920 ita
3417 4860 3563 4919 alios
3595 4865 3665 4919 ad
3701 4860 3860 4919 mor-

2206 4940 2323 5007 teni
2356 4938 2635 4989 mternam
2666 4933 3162 5007 prmdestinaverit
3184 4933 3464 5007 (intellige
3494 4936 3718 5006 absque
3738 4934 3863 5007 ulla

2207 5005 2498 5077 malorum
2528 5004 2773 5077 operum
2807 5005 3164 5077 praevisione)
3192 5004 3371 5073 iquod
3401 5004 3562 5061 Deus
3592 5004 3707 5061 non
3734 5004 3863 5061 vult

2208 5094 2412 5149 omnes
2434 5076 2704 5132 homines
2720 5076 2927 5149 salvos
2964 5077 3117 5149 fﬁeri,
3149 5076 3253 5133 Sed
3284 5094 3397 5149 eos
3441 5078 3728 5133 duntaxat
3756 5077 3860 5149 qui

2208 5148 2510 5204 salvantur
2534 5165 2547 5215 ;
2583 5148 2738 5219 quod
2759 5147 2789 5204 ,Ι
2796 5164 2933 5203 esus
2949 5148 3217 5204 Christus
3238 5148 3524 5205 Dominus
3546 5166 3661 5205 non
3686 5147 3864 5204 fuerit

2209 5220 2522 5294 crucifixus
2542 5218 2735 5294 neque
2775 5223 3044 5294 mortuus
3079 5237 3196 5294 pro
3251 5218 3649 5294 redemptione
3680 5220 3877 5294 totius.

2211 5291 2435 5364 mundi.
2460 5291 2561 5364 sed
2609 5294 2845 5364 tantum
2895 5306 2998 5363 pro
3032 5291 3126 5364 his
3183 5291 3283 5364 qui
3328 5291 3665 5359 salvantur;
3702 5292 3861 5364 quod

2210 5362 2438 5418 nullum
2472 5362 2542 5417 ad
2576 5378 2637 5436 s_e
2658 5362 2926 5436 diabolus
2944 5363 3128 5436 possit
3147 5362 3349 5436 rapere
3360 5380 3465 5436 pro
3479 5380 3594 5436 quo
3615 5362 3863 5435 sangui-

2211 5451 2345 5489 nem
2377 5451 2552 5490 suum
2582 5433 2756 5489 Jesus
2785 5433 3051 5490 Christus
3098 5433 3383 5491 Dominus
3415 5433 3587 5490 fudit.
3625 5436 3689 5489 lli
3721 5433 3865 5490 sunt

2211 5504 2486 5579 praecipui
2515 5504 2668 5579 inter
2687 5504 2906 5579 multos
2919 5505 3114 5579 aliosa
3134 5505 3379 5579 concilio
3400 5506 3864 5579 _Moguntinensi

2211 5576 2562 5651 damnatos._
2579 5576 2884 5651 Legendus
2910 5581 2999 5651 est
3047 5577 3343 5635 Sel-rarius
3399 5577 3499 5634 lib.
3525 5576 3571 5643 ἶ,
3606 5594 3733 5651 cap.
3767 5579 3862 5645 33,

2212 5648 2476 5705 Historiae
2508 5647 2997 5721 Moguntinensis.
