4082 6440
509 378 623 438 13:;
1611 371 1836 432 FLORI
1884 361 2198 431 DIAcom
2247 367 2819 432 LUGDUNENSIS.
3804 351 3934 424 136

505 511 721 585 quibus
742 514 845 566 aut
864 509 1250 575 beatiﬁcetur,
1264 511 1365 564 aut
1385 505 1600 563 misera
1619 504 1928 572 afﬁciatur,
1947 507 2160 560 natura
2186 506 2238 573 Α
2269 503 2475 577 potuit,
2502 502 2614 560 nisi
2637 520 2740 576 per
2760 502 3222 576 redemptionem
3243 500 3434 556 crucis
3457 502 3514 556 et
3541 496 3745 555 mortis
3764 496 3938 552 Chri-

506 603 658 656 esset
688 597 967 666 hominis,
992 597 1145 653 sicut
1189 597 1300 651 iste
1330 594 1490 661 dicit,
1515 597 1617 648 aut
1660 593 1814 648 bona
1841 595 1999 648 esset
2029 596 2159 646 tan-
2269 593 2366 660 sti,
2395 592 2545 649 sicut
2592 591 2905 666 Apostolus
2937 592 3018 648 ait
3049 592 3122 647 ad
3155 590 3462 665 quosdam,
3493 589 3594 661 qui
3643 605 3706 644 se
3752 586 3936 643 aliter

503 689 830 755 tummodo,
855 691 959 743 aut
989 685 1164 757 mala,
1193 689 1250 741 et
1277 700 1346 740 ex
1375 683 1488 739 alio
1520 681 1576 736 in
1611 681 1768 737 aliud
1803 679 2018 736 mutari
2043 695 2157 736 non
2269 683 2558 755 putabant
2597 699 2768 754 posse
2808 681 3121 753 justiﬁcari
3175 698 3188 736 :
3239 681 3387 753 Ergo
3436 679 3685 734 Christus
3739 678 3938 750 gratis

502 782 720 851 posset.
746 778 875 833 Haec
905 776 1086 849 igitur
1104 773 1394 843 voluntas,
1421 771 1480 826 id
1513 776 1600 827 est
1631 769 1765 825 talis
1799 768 2023 826 atl‘ectio
2053 769 2158 824 hu-
2266 779 2513 827 mortuus
2543 779 2618 826 est
2640 771 2783 842 (Gut.
2810 787 2870 838 ιι,
2893 769 3005 838 2|),
3030 777 3080 825 et
3117 770 3236 826 haec
3263 775 3338 824 est
3364 768 3640 839 sapientia
3667 765 3837 833 verbi,
3865 767 3938 821 in

504 883 690 923 mana:
711 865 1030 922 voluntatis
1041 865 1212 936 juxta
1237 861 1539 918 veritatem
1571 859 2010 932 Scripturarum
2031 857 2154 926 Dei,
2267 877 2373 933 qua
2404 868 2696 916 evacuatur
2723 877 2864 915 crux
2893 859 3098 915 Christi
3129 860 3177 929 (I
3208 859 3336 914 Cor.
3374 875 3412 925 I,
3460 858 3568 925 l7).
3591 855 3735 912 Vere
3762 855 3934 911 enim

503 975 538 1012 a
559 957 713 1013 bono
735 957 1004 1012 Creatore
1024 954 1178 1009 bona
1197 955 1253 1007 et
1273 954 1432 1006 recta
1451 954 1540 1007 est
1564 949 1740 1005 insita
1763 947 2156 1012 homini,cum
2267 949 2315 1004 si
2349 955 2480 1022 post
2509 949 2668 1005 aliud
2702 952 3006 1022 peccatum
3037 964 3231 1003 verum
3264 946 3593 1002 libertatem
3623 943 3798 1001 homo
3829 943 3939 999 ha-

503 1051 817 1112 crearetur,
846 1043 966 1098 haec
998 1043 1076 1114 (in
1110 1041 1207 1097 illo
1245 1043 1592 1113 cooperante
1632 1038 1733 1095 Dei
1767 1037 1975 1110 gratia)
2007 1037 2160 1092 bona
2267 1039 2400 1095 bere
2429 1039 2643 1111 potuit,
2668 1056 2782 1094 non
2804 1037 3059 1111 indiguit
3078 1035 3500 1108 redemptione,
3523 1052 3639 1090 non
3666 1033 3938 1106 indiguit

502 1140 560 1190 et
591 1139 748 1190 recta
776 1130 1117 1206 permansit,
1142 1128 1407 1202 quandiu
1447 1126 1703 1184 Creatori
1748 1126 1838 1198 pie
1881 1124 2154 1181 obedivit.
2269 1128 2652 1200 redemptore,
2677 1131 2734 1182 et
2763 1127 3099 1200 superﬂuus
3131 1129 3221 1182 est
3244 1124 3532 1182 adventus
3551 1122 3788 1194 Christi,
3815 1140 3930 1180 su-

502 1224 614 1280 Sed
647 1221 784 1294 quia
814 1225 872 1277 et
904 1221 1033 1292 ipsa
1062 1219 1326 1274 humana
1346 1222 1558 1272 natura
1584 1217 1656 1271 ab
1688 1211 2156 1270 incommutabili
2265 1218 2488 1290 perﬂua
2518 1221 2608 1273 est
2639 1233 2796 1272 mors
2826 1215 3060 1271 Christi.

499 1315 766 1370 Creatore
787 1309 1093 1366 mutabilis
1110 1307 1346 1364 condita
1360 1310 1534 1373 est,et
1551 1304 1683 1361 talis
1701 1305 1925 1361 ati'ectio
1943 1304 2155 1360 mentis
2337 1307 2498 1373 Quod
2523 1311 2718 1363 autem
2742 1305 2883 1362 dicit
2903 1305 3014 1361 iste
3030 1313 3336 1378 peccantem
3355 1305 3628 1361 hominem
3651 1321 3757 1359 non
3783 1305 3934 1358 ami-

498 1402 770 1457 humanaa
790 1397 1061 1455 similiter
1082 1395 1386 1452 mutabilis
1404 1397 1512 1464 est,
1529 1394 1690 1450 stetit
1708 1392 1768 1448 in
1791 1393 1942 1449 bono
1966 1392 2080 1463 (adj
2094 1409 2154 1446 u-
2262 1398 2398 1452 sisse
2426 1397 2732 1452 libertatem
2759 1395 2848 1451 sed
2896 1395 3069 1466 ipsius
3119 1395 3387 1450 libertatis
3437 1394 3675 1462 vigorem
3703 1400 3754 1448 et
3777 1399 3934 1464 pote-

495 1494 668 1546 vante
695 1489 795 1545 Dei
834 1487 1046 1559 gratia)
1077 1490 1134 1540 et
1162 1483 1374 1540 cecidit
1418 1481 1489 1540 ad
1541 1481 1764 1538 malum
1795 1480 2022 1536 occulto
2057 1479 2154 1535 Dei
2261 1493 2473 1553 statem,
2497 1503 2611 1540 non
2652 1488 2804 1540 recte
2849 1483 3170 1556 dicit,quia
3202 1498 3316 1538 non
3367 1487 3517 1538 recte
3563 1480 3758 1538 sentit.
3791 1479 3930 1536 Non

490 1578 736 1650 judicio,
762 1577 966 1632 eadem
1010 1572 1198 1646 gratia
1241 1573 1488 1628 deserta.
1512 1572 1582 1626 Et
1613 1570 1789 1640 (sicut
1833 1569 2154 1642 saepissime
2263 1575 2422 1630 enim
2452 1575 2674 1629 bonum
2706 1573 2996 1629 libertatis
3034 1589 3126 1633 ex.
3146 1575 3308 1644 parte
3355 1569 3543 1627 tenuit
3573 1574 3630 1626 et
3659 1587 3728 1625 ex
3757 1573 3934 1641 parte

498 1667 724 1723 dictum
754 1669 867 1733 est)
897 1681 1024 1736 quas
1055 1667 1181 1719 erat
1209 1661 1393 1718 libera
1430 1661 1502 1716 ad
1533 1659 1776 1727 bonum,
1805 1658 2026 1714 amissa
2053 1656 2155 1713 illa
2263 1663 2491 1732 amisit;
2527 1664 2650 1730 sed,
2679 1662 2833 1718 sicut
2879 1662 3160 1734 vigorem,
3194 1665 3250 1716 et
3289 1662 3634 1733 potestatem
3684 1657 3931 1714 liberta-

501 1755 655 1811 felici
695 1754 983 1819 libertate,
1009 1751 1182 1823 ccepit
1212 1765 1341 1806 esse
1372 1749 1481 1805 sub
1514 1747 1734 1821 peccati
1787 1747 2003 1802 misera
2032 1763 2152 1802 ser-
2263 1751 2360 1820 tis,
2388 1753 2467 1808 ita
2497 1753 2687 1825 ipsum
2720 1751 2974 1824 perdidit
3003 1748 3356 1821 libertatem,
3381 1753 3446 1804 ut
3468 1749 3595 1820 jam
3618 1764 3721 1821 per
3751 1763 3814 1803 se
3848 1748 3927 1802 ad

501 1845 704 1900 vitute.
2185 1881 2233 1948 Β
2264 1859 2464 1898 verum
2497 1842 2739 1909 bonum,
2776 1840 2930 1896 unde
2980 1838 3208 1908 cecidit,
3256 1838 3406 1894 liber
3451 1853 3579 1894 esse
3619 1853 3735 1893 non
3784 1853 3930 1908 pos-

583 1935 595 1948 ο
663 1935 676 1948 Α
714 1932 753 1948 ι·
854 1929 919 1948 μοι
959 1928 1048 1948 EH-
1095 1926 1252 1948 ,ηλΑλξ
1294 1925 1610 1948 ,1,Ω-Ξ-..ΔΑ
1649 1943 1660 1948 -
1714 1927 2026 1948 ΐέιημιηιημ-
2065 1925 2124 1948 Ι.-
2299 1931 2332 1948 ιι
2397 1931 2436 1948 n
2656 1931 2692 1948 P:
2745 1947 2754 1948 η
2781 1934 2865 1948 ηι-
2894 1947 2924 1948 η
2968 1928 3026 1948 1³1
3063 1946 3107 1948 κη
3166 1929 3230 1948 -.1
3286 1927 3500 1948 ____l_____
3529 1946 3538 1948 _
3583 1927 3706 1948 -__3-
3769 1925 3929 1948 ..3---ι

571 1935 624 1989 4.
646 1929 929 2003 Adjungit
958 1928 1055 1986 ille
1086 1926 1256 2000 quasi
1287 1925 1615 1984 definiendo
1649 1943 1660 1980 :
1705 1927 2030 1981 Libertatem
2059 1925 2154 1981 ho-
2185 1925 2233 1948 ”
2265 1931 2359 1988 sit,
2397 1931 2700 1987 Remansit
2737 1934 2934 1985 autem
2967 1928 3114 1985 liber
3163 1929 3233 1984 ad
3285 1927 3539 1996 malum;
3576 1927 3733 2000 quia,
3767 1925 3934 1981 sicut

498 2025 642 2078 mini
665 2029 786 2094 post
817 2027 1097 2092 peccatum
1134 2019 1482 2083 remansisse,
1505 2017 1741 2087 vigorem
1771 2023 1822 2071 et
1843 2023 2156 2088 potestatem
2264 2020 2450 2076 libera
2477 2019 2774 2076 voluntate
2804 2017 3060 2074 deseruit
3099 2017 3340 2083 bonum,
3373 2017 3454 2072 ita
3483 2013 3665 2070 libera
3712 2013 3930 2070 volun—

497 2115 614 2184 ejus
639 2110 960 2184 perdidisse.
992 2109 1056 2163 in
1078 2107 1296 2178 quibus
1317 2107 1510 2162 verbis
1539 2121 1650 2160 non
1675 2109 1765 2160 est
1785 2103 2010 2160 diutius
2031 2120 2153 2158 mO-
2265 2114 2383 2166 tate
2416 2109 2661 2165 adhaesit
2709 2107 2882 2164 malo.
2910 2107 3095 2163 Habet
3126 2107 3320 2180 itaque
3367 2105 3542 2162 homo
3592 2109 3723 2176 post
3753 2102 3927 2158 illam

499 2203 749 2257 randum
774 2217 790 2253 :
815 2197 972 2270 quia,
1000 2196 1152 2252 sicut
1182 2196 1501 2267 suprajam
1533 2195 1746 2266 sacpius
1768 2192 2154 2264 diximUS,qui
2264 2199 2701 2254 damnationem
2724 2197 2976 2252 liberum
2997 2197 3448 2268 arbitrium,quo
3471 2193 3704 2266 propria
3719 2193 3931 2248 volun-

498 2295 631 2346 ante
675 2293 980 2360 peccatum
1039 2290 1166 2342 erat
1223 2285 1416 2340 liberae
1443 2283 1782 2350 voluntatis,
1817 2287 1874 2338 et
1930 2287 2154 2337 natura?
2264 2290 2383 2342 tate
2414 2285 2683 2341 inclinari
2715 2289 2904 2358 potest
2932 2288 2989 2340 et
3015 2283 3331 2339 inclinatur
3359 2283 3430 2338 ad
3464 2282 3706 2350 malum,
3741 2280 3927 2337 habet

497 2381 685 2444 bonas,
707 2383 766 2434 et
787 2379 938 2432 dono
977 2375 1178 2447 gratiae
1201 2375 1272 2429 ad
1308 2390 1610 2429 summum
1651 2378 1707 2428 et
1736 2377 2018 2427 aeternum
2051 2372 2154 2427 bo-
2264 2375 2515 2431 liberum
2539 2374 2868 2442 arbitrium,
2894 2391 3008 2446 quo
3031 2372 3216 2446 possit
3237 2388 3544 2445 assurgere
3566 2372 3638 2427 ad
3662 2372 3921 2439 bonum;

499 2485 664 2535 num,
685 2467 758 2523 ad
786 2467 940 2538 quod
963 2463 1238 2520 conditus
1267 2463 1456 2518 fuerat
1486 2463 1827 2529 amandum,
1856 2465 1913 2516 et
1933 2462 2157 2516 deside—
2263 2470 2327 2520 ut
2358 2469 2554 2520 autem
2586 2467 2856 2535 assurgat
2879 2463 2950 2517 ad
2984 2462 3203 2517 bonum
3235 2479 3350 2516 non
3383 2477 3510 2517 esse
3541 2460 3784 2533 propriae
3809 2461 3926 2515 vir-

499 2558 772 2622 randum,
799 2554 1201 2627 quaerendum,
1230 2552 1645 2607 inveniendum
1673 2555 1730 2605 et
1760 2549 2155 2622 contemplan-
2263 2554 2426 2622 tutis,
2450 2555 2551 2610 sed
2584 2554 2781 2626 gratiae
2815 2551 2914 2607 Dei
2949 2550 3302 2617 miserentis,
3330 2551 3509 2606 liabet
3540 2550 3790 2606 liberum
3822 2565 3927 2605 ar-

498 2647 662 2712 dum,
683 2644 976 2717 peccando
1002 2643 1124 2713 [at.,
1149 2641 1406 2712 peccato]
1430 2639 1640 2695 cecidit
1669 2657 1703 2694 u
1737 2641 1897 2694 tanto
1921 2639 2156 2705 bono,et
2262 2644 2504 2699 bitrium
2536 2648 2600 2697 ut
2632 2642 2817 2715 possit
2848 2643 2993 2696 bene
3023 2639 3187 2708 velle,
3224 2645 3288 2696 ut
3317 2641 3502 2714 possit
3531 2640 3675 2695 bene
3706 2639 3924 2706 vivere,

496 2739 672 2808 factus
701 2741 777 2789 est
803 2749 988 2788 servus
1012 2732 1238 2804 peccati,
1264 2728 1416 2785 sicut
1443 2728 1730 2784 Dominus
1762 2728 1885 2800 ipse
1905 2732 2156 2782 testatur
2259 2739 2328 2808 Aut
2349 2733 2536 2806 possit
2556 2738 2666 2788 Deo
2690 2733 3011 2799 adhaerere;
3034 2733 3132 2787 sed
3162 2735 3223 2786 ut
3244 2731 3390 2786 bene
3411 2729 3567 2796 velit,
3588 2736 3651 2785 ut
3674 2731 3821 2785 bene
3843 2730 3928 2785 vi-

499 2805 700 2880 dicens
724 2840 736 2878 :
762 2822 955 2878 Omnis
995 2821 1092 2892 qui
1119 2819 1255 2890 facit
1278 2826 1559 2889 peccatum
1590 2833 1776 2873 servus
1821 2823 1904 2872 est
1947 2819 2157 2888 peccati
2259 2805 2446 2890 πίω
2468 2826 2582 2877 Deo
2604 2821 2914 2889 adhaereat,
2941 2837 3053 2875 non
3075 2823 3163 2875 est
3185 2837 3301 2875 suae
3323 2820 3577 2884 virtutis,
3594 2819 3692 2874 sed
3717 2821 3926 2891 gratiae

499 2915 676 2988 (Joan.
708 2929 830 2980 vnn,
864 2910 984 2983 34);
1019 2913 1079 2965 et
1127 2910 1332 2964 beatus
1383 2908 1588 2964 Petrus
1633 2906 1933 2980 apostolus
1961 2906 2102 2961 diCit
2136 2922 2148 2960 ε
2262 2911 2362 2968 Dei
2393 2911 2746 2967 miserantis.
2774 2911 2920 2965 Nam
2949 2914 3005 2965 et
3035 2909 3137 2980 qui
3167 2908 3422 2982 graviter
3447 2912 3703 2981 aegrotat,
3729 2914 3929 2980 potest

499 3009 537 3059 A
589 3019 692 3075 quo
736 3003 886 3057 enim
942 3000 1064 3072 quis
1121 3004 1431 3070 διῳεναιιιν,
1463 2997 1578 3068 ejus
1635 3004 1687 3052 οι
1733 3012 1920 3052 servus
1977 3003 2054 3051 est
2084 2995 2158 3066 (Η
2262 3001 2376 3058 dici
2400 3017 2571 3074 posse
2593 3000 2848 3072 recipere
2870 2999 3318 3065 sanitatem,sed
3343 3002 3408 3053 ut
3440 2997 3677 3070 recipiat
3699 2997 3927 3053 sanita-

498 3099 646 3148 Petr.
675 3109 734 3159 ll,
762 3091 854 3160 49)
873 3104 886 3144 τ
907 3089 1008 3154 ita,
1045 3087 1264 3143 amisso
1294 3086 1449 3142 dono
1480 3085 1914 3159 gratiwﬂitiato
1947 3089 2003 3140 et
2026 3101 2150 3140 cor-
2260 3090 2592 3159 tem,habet
2612 3087 3008 3144 necessarium
3027 3087 3746 3158 medicainentum.thui
3767 3104 3926 3143 mor-

500 3186 672 3255 “113i0
693 3184 750 3253 οι
774 3180 1084 3251 depravatio
1116 3178 1268 3233 bono
1301 3179 1544 3242 natura,
1569 3175 1653 3231 8ίο
1684 3173 2096 3229 miserabiliter
2119 3191 2154 3228 οι
2261 3185 2400 3236 tuus
2431 3183 2538 3250 est,
2563 3183 2758 3251 posset
2789 3178 2902 3233 dici
2946 3194 3117 3251 posse
3149 3192 3472 3250 resurgere,
3497 3193 3669 3250 posse
3699 3177 3919 3247 vivere,

498 3274 663 3326 tanta
685 3268 962 3325 felicitate
982 3265 1184 3339 lapsus
1205 3269 1312 3333 est,
1341 3269 1404 3320 ut
1425 3266 1496 3320 ad
1532 3263 1676 3319 illud
1698 3264 1918 3319 bonum
1943 3279 2149 3320 aman-
2181 3255 2224 3321 C
2264 3287 2380 3326 non
2411 3273 2608 3325 tamen
2641 3285 2749 3324 sua
2775 3267 3007 3335 virtute,
3045 3267 3145 3323 sed
3177 3266 3298 3322 Dei.
3336 3267 3419 3322 Ita
3449 3270 3505 3323 et
3539 3265 3790 3322 liberum
3824 3283 3920 3322 ar-

499 3361 735 3426 dum,et
751 3356 1192 3431 perfruendum,
1211 3354 1303 3411 cui
1326 3354 1607 3410 inhaerere
1622 3353 1902 3409 debuerat
1923 3352 2152 3409 nullum
2264 3358 2506 3416 bitrium
2529 3357 2784 3414 hominis
2809 3355 2988 3413 semel
3011 3356 3362 3422 sauciatum,
3387 3354 3566 3412 semel
3590 3359 3917 3422 mortuum,

499 3449 683 3521 possit
714 3448 926 3502 habere
957 3461 1282 3511 recursum,
1317 3443 1433 3499 nisi
1471 3459 1576 3515 per
1615 3441 2153 3498 misericordissimi
2263 3453 2458 3522 potest
2487 3445 2702 3514 sanari,
2727 3462 2843 3502 non
2893 3450 3089 3502 tamen
3139 3462 3248 3501 sua
3301 3445 3535 3514 virtute,
3567 3445 3668 3502 sed
3727 3445 3921 3519 gratia.

498 3536 955 3596 reconciliatoris
983 3539 1041 3589 et
1064 3533 1404 3589 mediatoris
1431 3531 1733 3600 auxilium,
1758 3536 1814 3587 et
1846 3530 2153 3604 sanguinis
2265 3536 2599 3593 miserentis
2647 3533 2768 3592 Dei.
2793 3536 2863 3591 Et
2890 3535 3020 3591 ideo
3051 3543 3202 3592 recte
3251 3551 3454 3591 omnes
3503 3535 3922 3608 admonentur,

499 3629 628 3699 ejus
650 3626 925 3698 pretium,
948 3639 982 3678 a
1001 3639 1117 3694 quo
1150 3622 1498 3677 redimimur
1518 3622 1588 3676 de
1613 3626 1776 3676 tanta
1798 3620 2152 3693 captivitate,
2267 3631 2421 3682 recte
2446 3625 2723 3682 omnibus
2744 3625 2986 3681 verbum
3018 3624 3118 3680 Dei
3151 3625 3522 3697 praedicatur,
3539 3625 3680 3697 quia
3701 3625 3929 3684 habent

501 3722 566 3772 ut
596 3714 851 3786 recipere
899 3712 1200 3785 possimus
1250 3710 1561 3782 pristinam
1605 3710 1955 3776 libertatem,
1989 3714 2046 3764 et
2084 3710 2155 3764 de
2267 3733 2438 3789 posse
2470 3715 2722 3779 credere,
2756 3714 2975 3770 habent
3023 3731 3196 3786 posse
3227 3714 3480 3770 converti
3514 3715 3585 3770 ad
3619 3719 3824 3785 Deum,
3861 3724 3931 3774 ut

500 3803 756 3862 inimicis
796 3801 1125 3858 efﬁciamur
1162 3799 1356 3855 amici.
1391 3799 1470 3854 D6
1501 3815 1616 3871 quo
1658 3798 1974 3854 mediutore
2004 3798 2156 3854 Scri-
2267 3805 2441 3861 verbo
2472 3804 2833 3860 extrinsecus
2883 3803 3252 3873 admonente,
3289 3808 3346 3858 et
3395 3801 3555 3858 intus
3587 3803 3704 3860 Deo
3737 3809 3933 3863 susci-

501 3899 669 3967 ptum
699 3897 788 3948 est
819 3909 832 3948 :
869 3893 1016 3948 Unus
1047 3891 1196 3946 enim
1226 3893 1373 3945 Deus
1402 3897 1453 3944 et
1480 3888 1751 3944 mediator
1772 3890 1875 3945 Dei
1901 3896 1953 3944 et
1980 3889 2156 3945 homi-
2269 3898 2451 3960 tante,
2477 3892 2576 3965 qui
2602 3893 2854 3948 audiunt
2876 3891 3241 3948 reviviscent.
3267 3891 3339 3946 Ut
3362 3896 3513 3947 recte
3535 3892 3605 3947 de
3627 3892 3937 3964 hujusmo-

500 3998 636 4036 num
663 3981 819 4037 homo
853 3980 1099 4035 Christus
1141 3979 1313 4045 Iesus,
1347 3979 1448 4049 qui
1475 3977 1622 4034 dedit
1664 3978 1903 4049 seipsum
1950 3976 2112 4033 reden

2325 3987 2329 4038 ζ
2361 3983 2598 4038 homine
2629 3981 2858 4038 dicatur
2882 3999 2894 4037 :
2925 3982 3067 4050 Quia
3095 3989 3342 4038 mortuus
3378 3982 3586 4053 fuerat,
3615 3991 3664 4039 et
3692 3986 3898 4040 revixit
3915 4007 3937 4054 ,-

497 4073 742 4144 ptionem
761 4085 860 4142 pro
903 4067 1154 4124 omnibus
1183 4071 1234 4137 (ι
1269 4068 1402 4122 Tim.
1438 4083 1496 4134 II,
1521 4068 1606 4136 5);
1640 4071 1699 4122 et
1746 4066 1958 4122 iterum
1985 4083 1998 4121 ε
2027 4068 2161 4122 Cum
2265 4074 2528 4145 perierat,
2553 4079 2605 4126 et
2633 4073 2883 4127 inventus
2923 4078 3020 4127 est.
3045 4070 3125 4127 De
3157 4069 3266 4126 hac
3297 4070 3685 4144 possibilitate
3715 4071 3938 4129 huma—

502 4162 722 4216 inimici
748 4175 1007 4226 essemus,
1037 4158 1379 4213 reconciliati
1422 4173 1610 4212 sumus
1639 4157 1746 4212 Deo
1788 4173 1889 4228 per
1932 4164 2160 4211 mortem
2272 4180 2358 4217 me
2394 4164 2635 4228 naturae,
2670 4177 2798 4232 quae
2829 4163 3025 4216 tamen
3078 4159 3222 4215 nihil
3270 4158 3425 4217 valet
3471 4160 3692 4233 absque
3724 4161 3938 4219 divinae

499 4251 612 4322 ﬁlii
638 4250 951 4322 ejus(30m-
975 4265 1033 4315 ν,
1057 4247 1167 4319 40)ο
1191 4246 1536 4317 Quicunque
1566 4261 1702 4319 ergo
1738 4245 1900 4313 dicit,
1929 4249 2060 4317 post
2088 4244 2158 4300 il-
2272 4249 2469 4324 gratia:
2521 4249 2808 4322 largitate,
2852 4249 2933 4304 ita
2980 4249 3188 4305 beatus
3217 4249 3584 4323 Augustinus
3630 4251 3797 4306 docet
3845 4252 3936 4308 di-

501 4340 621 4395 lam
669 4336 1158 4411 transgressionis
1207 4335 1675 4392 infelicissimam
1730 4335 1984 4402 ruinam,
2021 4352 2158 4406 qua,
2273 4357 2410 4396 cens
2460 4339 2548 4409 (de
2576 4339 2842 4396 Ρνέειιεετ.
2893 4346 3088 4406 sanct.,
3140 4355 3265 4412 cap.
3301 4339 3355 4411 5)
3393 4356 3459 4394 :«
3493 4338 3667 4396 Posse
3717 4340 3936 4399 habere

503 4430 724 4484 amissa
754 4427 1000 4500 pristina
1029 4426 1318 4492 libertate,
1354 4426 1541 4481 factus
1571 4430 1661 4481 est
1691 4441 1894 4481 servus
1917 4425 2156 4497 peccati,
2273 4430 2469 4496 ﬁdem,
2495 4429 2646 4484 sicut
2691 4445 2864 4500 posse
2909 4428 3122 4484 habere
3155 4427 3497 4484 charitatem
3559 4433 3779 4484 natura:
3841 4436 3936 4488 est

503 4519 693 4573 factus
724 4522 813 4572 est
833 4532 1035 4572 servus
1063 4516 1194 4585 ejus
1215 4532 1248 4571 a
1268 4531 1383 4586 quo
1416 4519 1473 4570 et
1503 4519 1816 4587 superatus
1845 4515 2159 4582 est,l‘actus
2273 4519 2581 4575 hominum
2609 4535 2620 4573 :
2646 4518 2859 4574 habere
2881 4521 3074 4574 autem
3103 4519 3299 4586 fidem,
3325 4519 3477 4574 sicut
3503 4517 3716 4574 habere
3744 4518 3933 4574 chari-

503 4605 782 4661 inimicus
803 4604 922 4673 Dei,
947 4608 1003 4660 et
1031 4603 1252 4676 indiget
1275 4621 1390 4660 uno
1413 4605 1728 4660 mediatore
1751 4609 1808 4659 et
1828 4603 2163 4660 reconcilia-
2190 4633 2238 4697 D
2273 4613 2475 4675 tatem,
2501 4607 2690 4681 gratia
2717 4611 2806 4663 est
2838 4605 3120 4662 ﬁdelium.
3150 4629 3177 4656 ››
3201 4607 3313 4663 Sed
3345 4623 3480 4663 cum
3505 4606 3777 4663 voluntas
3807 4625 3932 4665 cre-

504 4701 646 4762 tore,
673 4709 776 4767 per
803 4709 980 4765 quem
1013 4692 1262 4764 accipiat
1304 4692 1763 4764 redemptionem
1796 4709 1829 4747 a
1861 4692 2156 4761 servitute,
2190 4692 2229 4697 —
2271 4697 2447 4753 dendi
2480 4695 2610 4752 aliis
2643 4700 3020 4769 praeparatur,
3045 4694 3177 4752 aliis
3207 4713 3324 4752 non
3355 4701 3718 4770 praparatur
3747 4714 3780 4753 a
3809 4697 3930 4754 Do-

503 4789 563 4840 et
595 4781 1125 4839 reconciliationem
1158 4782 1229 4836 ad
1271 4781 1478 4837 Deum.
1513 4782 1648 4837 Post
1685 4782 1857 4851 hanc,
1893 4780 2156 4853 inquam,
2271 4788 2453 4851 mino,
2479 4785 2934 4841 discernendum
2969 4789 3059 4841 est
3097 4786 3238 4857 quid
3271 4786 3464 4842 veniat
3495 4787 3566 4843 de
3596 4786 3928 4844 misericor-

506 4879 628 4930 tam
660 4887 934 4943 magnam
982 4875 1042 4926 et
1086 4869 1482 4926 miserabilem
1534 4870 1788 4937 ruinam,
1823 4869 2161 4943 quicunque
2272 4876 2368 4931 dia
2396 4876 2545 4947 ejus,
2571 4874 2711 4946 quid
2733 4875 2804 4930 de
2826 4874 3074 4945 judicio.
3103 4876 3382 4932 Universae
3403 4877 3552 4931 enim
3579 4876 3690 4932 vix
3708 4877 3934 4932 Domini

505 4962 646 5018 dicit
674 4978 809 5017 eum
842 4959 1119 5016 habuisse
1143 4958 1228 5015 vel
1255 4959 1469 5016 habere
1495 4959 1824 5016 libertatem
1857 4960 1930 5016 ad
1960 4977 2117 5016 veru]

2319 4965 2647 5021 :isericordia
2677 4971 2730 5021 et
2754 4965 2956 5020 veritas
3003 4966 3116 5033 (Ps.
3162 4982 3312 5020 xxxv.
3364 4966 3474 5034 10).
3525 4965 3931 5037 Investigabiles

505 5053 726 5108 bonum
770 5051 1191 5124 appetendum,
1224 5050 1546 5105 amandum
1585 5053 1643 5107 et
1683 5050 2158 5123 promerendum,
2273 5060 2470 5111 autem
2503 5059 2643 5111 sunt
2689 5055 2799 5112 vim
2847 5055 3020 5126 ipsius
3053 5055 3223 5122 (Rom.
3259 5071 3319 5123 ΙΙ,
3349 5055 3462 5127 33).
3489 5054 3931 5130 Investigabiles

508 5141 622 5199 nisi
655 5159 758 5215 per
787 5139 1034 5214 gratiam
1061 5139 1180 5195 veri
1215 5138 1554 5196 mediatoris
1584 5138 1926 5208 redimatur,
1948 5137 2164 5211 justiti-
2273 5143 2454 5217 igitur
2484 5147 2639 5211 sunt,
2671 5146 2730 5198 et
2771 5140 3176 5198 misericordia
3222 5159 3338 5213 qua
3384 5141 3568 5214 gratis
3613 5141 3841 5211 liberat,
3875 5146 3934 5200 et

507 5237 690 5300 catur,
717 5229 1124 5286 reconcilietur
1171 5233 1229 5285 et
1272 5228 1638 5297 reformetur,
1671 5229 1913 5285 omnino
1963 5233 2166 5286 contra
2273 5234 2486 5291 veritas
2518 5250 2636 5306 qua
2655 5233 2819 5305 justo
2839 5231 3089 5304 judicat.

507 5322 682 5377 fidem
729 5318 993 5376 Ecclesiae
1051 5318 1249 5386 sentit,
1271 5321 1474 5374 contra
1520 5317 1821 5374 veritatem
1871 5318 2168 5391 Evangeli-
2343 5325 2396 5380 5.
2434 5324 2548 5379 iste
2577 5325 2890 5398 postquam
2924 5319 3179 5377 inaniter
3215 5324 3271 5377 et
3309 5319 3593 5378 fallaciter
3623 5319 3769 5379 dixit
3799 5325 3932 5395 post

508 5428 636 5468 cam
668 5414 725 5467 et
755 5408 1136 5482 apostolicam
1177 5409 1366 5480 docet,
1391 5411 1448 5464 et
1487 5407 1728 5464 omnino
1765 5408 2074 5480 (quantum
2105 5406 2165 5464 in
2276 5417 2580 5486 peccatum
2628 5411 2856 5469 homini
2899 5409 3227 5466 libertatem
3271 5410 3646 5483 remansisse,
3679 5410 3930 5483 subjecit

509 5517 570 5557 se
599 5503 710 5570 est)
748 5504 1058 5556 evacuator
1105 5502 1195 5554 est
1243 5497 1434 5554 crucis
1463 5496 1699 5566 Christi,
1725 5501 2032 5554 evacuator
2076 5502 2168 5555 est
2277 5501 2450 5558 aliam
2475 5501 3002 5572 conclusionem,et
3021 5500 3102 5556 ait
3120 5517 3132 5556 :
3152 5501 3375 5574 Semper
3392 5509 3652 5558 naturam
3673 5502 3931 5559 inchoare

510 5588 718 5646 mortis
738 5587 1136 5655 Christi.Quia
1167 5587 1215 5643 si
1239 5585 1405 5642 aliter
1425 5587 1599 5644 homo
1632 5590 1764 5659 post
1793 5585 1941 5642 illud
1971 5603 2168 5661 pecca-
2270 5607 2428 5666 posse
2467 5599 2521 5648 et
2557 5591 2816 5665 perﬁcere
2853 5591 3084 5646 nonnisi
3132 5606 3234 5663 per
3277 5593 3541 5664 gratiam.
3569 5592 3733 5659 Quod
3764 5591 3814 5646 si
3847 5592 3928 5648 ita

509 5681 640 5740 tum
659 5694 854 5739 veram
876 5678 1091 5740 mentis
1114 5675 1445 5736 libertatem
1467 5676 1680 5736 habere
1702 5680 1803 5736 aut
1825 5691 2166 5756 recuperare
2275 5681 2437 5756 dicit,
2462 5681 2632 5760 quasi
2664 5686 2876 5743 natura
2903 5677 3164 5740 hominis
3194 5696 3300 5760 per
3333 5679 3588 5742 liberum
3616 5681 3925 5745 arbitrium
