4082 6436
123 411 236 473 HI

1103 410 1334 472 LIBER
1378 411 1793 474 ADVERSUS
1835 412 2204 476 JOANNEM
2251 413 2589 476 SCOTUM.

3443 419 3554 479 142

122 561 292 602 mum
324 544 517 601 distat
546 544 698 599 inter
727 547 1030 617 peccatum
1053 547 1108 599 et
1129 560 1361 617 poenam
1386 545 1788 618 peccati,quod
1819 548 1873 616 Α
1903 544 2109 602 vitium
2132 548 2482 614 naturae,sed
2500 548 2687 604 virtus
2707 565 2775 605 ex
2792 548 2999 605 divina:
3015 550 3214 623 gratias
3237 551 3554 621 inlusione,

120 638 441 708 peccatum
473 631 622 689 illud
653 631 818 689 solus
856 632 1031 689 homo
1061 632 1222 702 fecit;
1258 633 1479 705 peccati
1510 651 1642 690 vero
1672 652 1798 707 poe-

121 740 261 780 nam
284 727 347 780 et
378 722 510 796 ipse
530 721 769 790 meruit,
784 726 841 778 et
864 722 1019 778 Deus
1039 723 1200 794 juste
1214 720 1538 795 judicando
1561 722 1792 779 inﬂixit.

119 814 190 870 Et
219 812 357 869 ideo
399 810 509 868 tali
541 811 1052 885 argumentatione
1094 828 1468 884 nequaquam
1501 811 1798 869 concludit

118 902 205 958 vel
236 902 510 959 ostendit
540 901 651 957 iste
674 901 831 974 quod
852 899 996 967 vult,
1018 899 1290 957 videlicet
1308 901 1478 974 quasi
1499 900 1662 958 nulla
1682 918 1798 974 pm-

120 1008 195 1047 na
224 990 482 1065 peccati,
510 989 678 1047 nulla
705 989 965 1059 miseria,
996 988 1225 1046 nullum
1264 990 1640 1063 supplicium,
1666 1007 1794 1063 quae

119 1079 517 1154 peccantibus
546 1080 909 1153 irrogantur,
934 1096 969 1134 a
998 1079 1114 1136 Deo
1141 1079 1278 1136 sint.
1303 1080 1373 1135 Et
1392 1078 1522 1136 ideo
1545 1096 1659 1136 non
1690 1096 1795 1153 po-

119 1169 305 1226 tuisse
326 1187 364 1226 a
389 1173 507 1225 Deo
528 1167 939 1242 pradestinari
961 1168 1300 1241 iniquorum
1322 1171 1536 1224 aeterna
1566 1168 1792 1242 suppli-

118 1258 209 1314 cia
231 1276 246 1315 :
269 1258 420 1331 quia
451 1258 529 1314 ab
560 1257 692 1331 ipso
722 1274 838 1314 non
863 1262 1024 1328 sunt,
1046 1258 1198 1314 sicut
1226 1262 1555 1331 peccatum,
1578 1256 1659 1313 ita
1686 1274 1793 1315 nec

118 1347 692 1421 supplicium.Cum,
708 1347 861 1403 sicut
872 1348 1000 1419 jam
1023 1363 1205 1420 supra
1224 1347 1612 1415 ostendimus,
1631 1364 1793 1420 aper-

117 1437 353 1494 tissime
399 1441 614 1493 contra
660 1436 819 1493 hunc
865 1453 1123 1493 errorem
1172 1436 1477 1509 Scriptura
1531 1435 1789 1493 clamet:

114 1527 270 1584 Bona
297 1535 354 1584 et
382 1526 583 1594 mala,-
613 1528 728 1583 vita
757 1533 809 1582 et
836 1542 1017 1594 mors;
1040 1534 1342 1599 paupertas
1387 1533 1438 1582 et
1482 1527 1730 1582 honestas
1757 1542 1794 1581 a

115 1618 218 1674 Deo
246 1624 387 1673 sunt
405 1616 607 1686 (Eccli.
631 1632 712 1686 x1,
748 1614 858 1684 Ui).
884 1615 1011 1672 Non
1041 1615 1243 1688 utique
1274 1613 1374 1671 illa
1401 1614 1579 1682 mala,
1609 1614 1794 1670 homi-

118 1722 219 1763 nes
249 1705 586 1779 peccando,
610 1708 669 1761 et
709 1704 911 1777 inique
952 1704 1198 1777 agendo,
1221 1704 1617 1773 committunt,
1642 1720 1791 1776 quo-

117 1812 248 1851 rum
279 1794 538 1852 omnino
598 1798 805 1850 auctor
834 1794 991 1851 Deus
1039 1811 1153 1849 non
1202 1798 1318 1863 est;
1351 1795 1453 1851 sed
1509 1792 1629 1862 illa,
1662 1810 1790 1866 quae

116 1890 359 1959 propter
390 1888 643 1957 peccata
681 1883 1024 1940 hominibus
1059 1885 1225 1955 justo
1259 1883 1358 1939 Dei
1384 1882 1608 1955 judicio
1640 1883 1790 1939 irro-

115 1979 354 2048 gantur,
376 1974 539 2030 sicut
571 1974 777 2042 fames,
794 1974 1000 2040 caedes,
1019 1972 1394 2040 hostilitates,
1409 1973 1784 2041 vastationes,

116 2069 170 2120 et
197 2069 331 2120 cazti
347 2081 429 2119 rae
461 2080 761 2132 terumme,
795 2068 853 2119 et
882 2061 1079 2119 clades
1120 2081 1133 2119 :
1177 2063 1248 2118 de
1278 2061 1497 2135 quibus
1526 2066 1583 2118 et
1610 2063 1787 2118 Amos

117 2153 413 2227 propheta
446 2152 720 2209 dicit:Si
758 2154 865 2209 erit
908 2154 1121 2208 malum
1167 2154 1227 2208 in
1274 2154 1493 2209 civitate
1521 2152 1662 2225 quod
1691 2153 1789 2209 Do-

116 2245 303 2299 minus
354 2257 475 2299 non
519 2243 652 2315 fecit
676 2242 856 2315 (Amos
884 2259 968 2310 ιιι,
1001 2241 1076 2315 6).
1101 2242 1172 2297 Et
1200 2242 1325 2314 ipse
1370 2241 1657 2298 Dominus
1687 2256 1790 2313 per

116 2332 333 2389 Isaiam
387 2331 743 2405 prophetam
792 2331 920 2387 ait:
965 2332 1076 2401 Ego
1127 2332 1389 2387 Dominus
1440 2332 1648 2396 faciens
1692 2347 1789 2403 pa-

114 2439 246 2488 cem,
300 2430 359 2478 et
416 2437 616 2477 creans
669 2420 882 2476 malum
930 2420 1057 2493 (lsa.
1109 2437 1236 2487 xcv,
1268 2421 1348 2492 7).
1386 2419 1548 2475 Unde
1604 2423 1660 2475 et
1716 2419 1788 2474 de

115 2511 341 2568 talibus
377 2509 557 2566 malis
596 2508 952 2582 quibusdam
1003 2510 1400 2566 comminatur
1445 2509 1647 2565 dicens
1678 2525 1692 2563 :
1726 2509 1793 2564 Et

115 2600 395 2657 adducam
432 2615 603 2673 super
642 2615 729 2655 eos
769 2599 938 2668 mala,
971 2615 1183 2655 annum
1228 2600 1556 2655 uisitationis
1601 2614 1791 2655 eorum

116 2690 245 2762 (Jer.
277 2707 365 2757 xl,
385 2689 505 2761 23).
538 2689 609 2744 Et
637 2688 851 2744 iterum
881 2704 894 2743 :
930 2688 1279 2759 Congregabv
1308 2705 1475 2759 super
1500 2704 1588 2744 eos
1615 2687 1786 2754 mala,

111 2785 164 2836 et
200 2780 448 2849 sagittas
500 2793 652 2834 meas
700 2763 971 2849 complebo
1019 2779 1079 2833 in
1129 2779 1211 2833 eis
1262 2777 1430 2850 (Deut.
1464 2794 1638 2846 xxxn,
1670 2777 1786 2846 23).

114 2872 250 2935 Quae
272 2867 491 2923 omnia
520 2867 676 2923 Deus
702 2883 899 2923 creare
922 2866 1158 2934 dicitur,
1186 2884 1299 2922 non
1333 2866 1499 2938 quasi
1531 2865 1790 2938 aliquam

115 2964 401 3014 naturam
423 2956 766 3023 condendo;
790 2956 893 3011 sed
926 2972 993 3011 ea
1015 2957 1182 3028 justo
1212 2972 1321 3011 suo
1343 2955 1569 3026 judicio
1600 2955 1793 3011 decer-

117 3049 337 3116 nendo,
375 3046 767 3115 instituendo,
793 3049 850 3102 et
896 3045 1219 3101 inferendo.
1245 3045 1546 3111 Quomodo
1596 3050 1792 3101 autem

116 3142 275 3195 recte
302 3135 680 3210 distinguere
701 3139 760 3191 et
779 3134 1101 3209 intelligere
1124 3134 1445 3191 debeamus
1465 3136 1790 3190 secundum

118 3226 281 3283 hunc
316 3241 594 3294 sensum,
616 3225 773 3297 quod
823 3226 960 3281 Deus
994 3232 1224 3281 mortem
1252 3240 1363 3280 non
1406 3226 1537 3297 fecit
1564 3223 1713 3296 (Sap.
1749 3241 1788 3292 ι,

1904 634 2114 691 vitium
2132 652 2201 692 ex
2221 637 2467 709 propriae
2482 638 2799 694 voluntatis
2816 637 3242 711 depravatione.
3260 640 3326 696 Et
3344 640 3451 698 hoc
3468 644 3560 697 est

1907 722 2157 780 liberum
2189 724 2460 782 humanae
2484 726 2700 783 mentis
2719 726 3047 793 arbitrium,
3064 745 3199 784 cum
3222 730 3293 785 ad
3325 728 3443 798 illa,
3467 728 3557 786 vel

1904 811 2004 868 illa
2033 815 2359 888 appetenda
2377 816 2618 872 affectus
2647 815 2907 873 hominis
2929 816 3264 873 inclinatur.
3288 818 3395 883 Qui
3428 819 3560 875 affe-

1906 906 2035 959 ctus
2067 920 2171 959 nec
2202 906 2363 959 extra
2392 908 2666 961 naturam
2688 906 2951 978 est,quia
2983 906 3041 962 in
3075 911 3386 980 utramque
3418 924 3556 980 par-

1906 995 2026 1047 tem
2048 997 2371 1065 spontanea
2389 993 2684 1056 voluntate
2715 1000 2998 1064 movetur,
3024 1012 3129 1052 nec
3154 1000 3351 1052 tamen
3374 996 3559 1054 solius

1904 1084 2125 1137 natura;
2146 1085 2263 1152 est;
2288 1083 2389 1138 sed
2414 1087 2479 1138 ut
2505 1083 2577 1139 ad
2606 1084 2757 1139 bona
2788 1088 3106 1154 moveatur,
3123 1085 3323 1141 divina
3342 1085 3558 1142 excita-

1900 1173 2019 1236 tur,
2044 1174 2102 1227 et
2122 1170 2316 1245 agitur
2339 1171 2555 1245 gratia;
2580 1176 2645 1228 ut
2665 1189 2795 1229 vero
2827 1173 2901 1229 ad
2932 1173 3108 1241 mala,
3133 1174 3371 1247 propria
3391 1174 3555 1248 cupi-

1901 1258 2081 1315 ditate
2102 1261 2650 1333 depravatur.Quod
2682 1261 2812 1319 ideo
2838 1262 2897 1318 in
2930 1262 3039 1319 hoc
3067 1262 3193 1319 loco
3223 1263 3479 1319 breviter
3497 1268 3556 1320 et

1901 1346 2230 1421 diligenter,
2255 1354 2429 1422 prout
2449 1351 2769 1423 potuimus,
2784 1351 3309 1408 demonstrandum
3329 1352 3553 1425 putavi-

1900 1452 2056 1504 mus,
2069 1442 2134 1493 ut
2150 1438 2399 1495 scienter
2414 1439 2780 1495 discernatur
2799 1444 2855 1495 et
2875 1439 3237 1514 intelligatur
3253 1458 3431 1514 quam
3453 1442 3552 1497 ab-

1900 1526 2076 1582 surde
2105 1530 2161 1582 et
2192 1526 2476 1583 fallaciter
2515 1527 2845 1584 naturalem
2878 1529 3290 1586 tantummodo
3321 1528 3551 1586 arbitrii

1898 1613 2230 1671 libertatem
2262 1614 2371 1672 iste
2399 1615 2618 1688 ubique
2647 1633 2906 1673 asserere
2935 1621 3196 1687 conetur,
3222 1622 3459 1691 propter
3486 1616 3551 1672 il-

1898 1701 2016 1759 lam
2048 1702 2270 1760 scilicet
2297 1703 2569 1761 humanae
2600 1705 2814 1761 mentis
2838 1706 3216 1776 voluntatem,
3233 1723 3351 1779 qua
3378 1710 3549 1763 natu-

1899 1789 2101 1847 raliter
2121 1792 2314 1866 diligit
2345 1792 2618 1867 seipsam.
2642 1794 2755 1850 Nec
2786 1796 3054 1863 attendit,
3076 1799 3179 1851 aut
3200 1799 3355 1852 certe
3384 1795 3553 1851 dissi-

1898 1879 2259 1950 mulat,nihil
2277 1883 2348 1938 ad
2368 1882 3080 1955 hujusmodivoluntatem
3097 1886 3552 1958 pertinere,cum

1899 1970 1969 2026 de
1989 1970 2173 2027 libero
2189 1972 2427 2028 arbitrio
2445 1974 2667 2045 agitur;
2687 1974 2786 2029 sed
2804 1975 2876 2029 ad
2897 1973 3059 2031 illam
3077 1992 3205 2047 quae
3223 1974 3337 2030 alio
3354 1975 3548 2043 modo,

1897 2060 2013 2116 alia
2032 2061 2354 2129 affectione,
2370 2061 2457 2117 vel
2479 2063 2552 2117 ad
2575 2063 2729 2118 bona
2749 2063 3043 2137 diligenda
3063 2064 3151 2120 vel
3174 2064 3246 2120 ad
3273 2063 3430 2120 mala
3458 2080 3552 2136 pe-

1897 2150 2091 2218 tenda,
2116 2154 2218 2205 aut
2247 2149 2442 2205 divina
2470 2150 2658 2223 gratia
2686 2152 2780 2223 adj
2793 2157 2891 2208 uta
2919 2156 3021 2207 aut
3052 2169 3157 2209 suo
3179 2152 3320 2207 vitio
3341 2152 3548 2225 depra-

1895 2242 2029 2294 vata
2057 2242 2339 2295 movetur.
2362 2240 2441 2295 Ac
2462 2256 2565 2312 per
2587 2239 2695 2295 hoc
2730 2240 3107 2297 manifestum
3129 2246 3217 2297 est
3239 2240 3395 2314 quod
3419 2242 3547 2312 ejus

1898 2331 2019 2384 tam
2049 2328 2412 2384 contentiosa
2441 2333 2497 2383 et
2546 2328 2814 2401 pervicax
2841 2328 3107 2399 intentio,
3132 2347 3250 2402 qua
3296 2328 3547 2385 liberum

1898 2417 2206 2472 arbitrium
2238 2417 2584 2473 naturaliter
2608 2418 2916 2474 defendere
2947 2423 3215 2489 conatur,
3239 2417 3549 2475 manifeste

1899 2524 2067 2564 cassa
2094 2512 2153 2563 et
2182 2507 2346 2564 irrita
2387 2512 2495 2564 est.
2520 2509 2687 2574 Quia,
2711 2508 2847 2564 licet
2878 2508 2935 2564 in
2970 2512 3181 2566 natura
3207 2507 3465 2565 hominis
3494 2511 3552 2564 et

1897 2597 2194 2654 voluntate
2224 2597 2496 2653 humana:
2529 2598 2742 2654 mentis
2788 2597 3038 2655 liberum
3084 2597 3368 2655 consistat
3396 2596 3549 2654 arbi-

1898 2686 2165 2755 trium,et
2188 2685 2532 2743 naturaliter
2546 2686 2760 2743 habeat
2774 2704 2947 2761 posse
2962 2689 3185 2745 bonum
3200 2687 3367 2757 velle,
3382 2703 3553 2760 posse

1902 2779 2054 2831 recte
2077 2775 2288 2843 vivere,
2319 2793 2491 2849 posse
2516 2777 2682 2832 beate
2705 2794 2862 2849 esse;
2887 2781 3104 2846 tamen,
3130 2782 3194 2832 ut
3222 2778 3415 2850 ipsum
3449 2778 3551 2832 bo-

1900 2882 2044 2920 num
2068 2865 2306 2934 velit,ut
2335 2870 2487 2922 recte
2514 2866 2683 2937 vivat,
2700 2870 2764 2922 ut
2795 2868 2964 2923 beata
2990 2867 3110 2935 ﬁat,
3135 2883 3248 2922 non
3283 2866 3457 2921 habet
3485 2882 3556 2921 ex

1902 2972 2011 3011 sua
2039 2955 2271 3024 virtute,
2302 2956 2403 3011 sed
2436 2973 2504 3011 ex
2535 2955 2661 3011 sola
2692 2955 2897 3011 divinae
2928 2956 3127 3029 gratiae
3157 2955 3443 3028 largitate.

1974 3044 2085 3100 Sed
2118 3044 2258 3117 quia
2288 3045 2397 3101 iste
2427 3044 2529 3101 tali
2562 3045 3066 3119 argumentatione
3105 3062 3213 3102 nos
3261 3048 3556 3101 coarctare

1898 3133 2044 3201 vult,
2074 3138 2139 3189 ut
2169 3139 2272 3190 aut
2311 3133 2569 3190 divinam
2607 3134 3178 3208 praedestinationem
3210 3151 3279 3190 ex
3309 3134 3556 3191 dimidia

1901 3227 2065 3296 parte
2095 3239 2399 3296 negemus,
2424 3228 2525 3278 aut
2547 3225 2811 3280 eamdem
2833 3224 3402 3297 praedestinationem
3429 3240 3556 3296 per-

118 3316 233 3387 l3).
258 3317 334 3372 Et
366 3320 570 3371 tamen
600 3295 747 3370 mors
774 3330 808 3369 a
835 3316 938 3371 Deo
969 3319 1058 3369 est
1086 3314 1250 3387 (Eccl.
1282 3330 1362 3382 x1,
1398 3295 1508 3385 ili).
1532 3295 1793 3369 Clarissi-
1823 3295 1866 3363 Ο
1900 3295 2046 3367 fecte
2068 3295 2380 3367 asserendo
2403 3311 2652 3367 liberum
2672 3295 2974 3367 videamur
2992 3311 3194 3367 tollere
3215 3295 3549 3381 arbitrium,

119 3422 216 3461 me
246 3406 471 3461 beatus
497 3404 863 3477 Augustinus
901 3403 1139 3476 exponit
1173 3408 1231 3460 et
1260 3402 1516 3459 ostendit
1544 3401 1745 3457 dicens
1773 3419 1785 3457 :

123 3496 170 3563 [J
178 3500 394 3551 ustum
421 3494 520 3550 Dei
532 3493 829 3566 judicium
851 3499 941 3550 est
960 3497 1025 3548 ut
1044 3497 1282 3566 peccato
1304 3509 1410 3549 suo
1428 3490 1677 3564 quisque
1698 3507 1790 3564 pe-

119 3588 269 3652 reat,
299 3600 442 3639 cum
470 3585 778 3655 peccatum
810 3582 966 3639 Deus
999 3600 1112 3638 non
1147 3582 1342 3649 faciat,
1368 3581 1521 3637 sicut
1548 3586 1605 3636 et
1636 3598 1789 3636 mor-

118 3679 241 3731 tem
268 3690 390 3729 non
416 3672 572 3728 fecit.
593 3671 662 3728 Et
682 3675 879 3729 tamen
897 3689 1072 3745 quem
1097 3676 1280 3728 morte
1303 3671 1547 3745 dignum
1571 3675 1787 3740 censet,

116 3763 363 3821 occidit.
387 3761 555 3818 Unde
583 3759 798 3835 legitur
818 3765 956 3818 Deus
987 3768 1211 3818 mortem
1236 3778 1349 3818 non
1374 3762 1522 3833 fecit.
1554 3761 1623 3816 Et
1652 3760 1792 3834 legi-

114 3856 255 3908 tur:
279 3850 429 3908 lor:
457 3858 509 3907 et
536 3852 652 3906 vita
681 3866 716 3906 a
743 3851 846 3907 Deo
883 3858 981 3907 est.
1008 3852 1142 3917 Qua:
1188 3851 1304 3905 duo
1337 3866 1450 3905 non
1482 3866 1611 3906 esse
1640 3849 1793 3905 inter

114 3958 180 3999 se
222 3958 336 3998 con
347 3939 530 3997 traria
558 3939 815 4013 profecto
835 3940 995 3996 videt
1017 3939 1288 4013 quisquis
1310 3939 1382 3995 ab
1405 3938 1679 4011 operibus
1710 3938 1792 3994 di-

116 4031 277 4087 vinis
290 4028 527 4102 judicia
545 4028 743 4085 divina
763 4029 1064 4085 discernit.
1083 4029 1230 4093 Quia
1250 4028 1410 4085 aliud
1432 4032 1521 4084 est
1540 4028 1790 4085 creando

115 4136 239 4177 non
270 4116 610 4175 instituisse
641 4118 972 4188 mortalem,
1000 4118 1158 4175 aliud
1190 4118 1514 4191 judicando
1542 4117 1792 4191 plectere

115 4211 542 4282 peccatorem.]

193 4297 365 4364 Quod
390 4300 590 4353 autem
621 4297 931 4372 subjungit
960 4298 1089 4367 iste,
1115 4302 1174 4355 et
1193 4297 1336 4355 dicit
1358 4315 1371 4354 :
1393 4298 1792 4355 Stultissimum

115 4405 238 4446 esse
287 4387 547 4445 dubitare
590 4388 898 4445 humanum
948 4389 1282 4446 voluntatem
1333 4405 1448 4445 esse
1497 4390 1793 4446 secundum

117 4486 412 4535 naturam.
452 4478 663 4533 Verum
695 4482 785 4534 est
823 4478 1061 4551 quidem
1094 4479 1250 4551 quod
1279 4478 1551 4536 voluntas
1581 4478 1790 4535 animae

121 4565 442 4624 rationalis
472 4567 797 4623 secundum
820 4571 1096 4624 naturam
1127 4572 1184 4625 et
1211 4567 1271 4623 in
1304 4574 1513 4625 natura
1532 4573 1620 4625 est
1642 4570 1794 4642 ejus-

120 4657 257 4713 dem
290 4654 509 4711 animae
539 4654 871 4724 rationalis;
903 4656 1025 4725 sed,
1050 4655 1203 4713 sicut
1233 4673 1385 4729 saepe
1405 4658 1533 4729 jam
1560 4657 1784 4713 dictum
1813 4675 1862 4742 D
1904 4655 2102 4711 divina
2121 4654 2653 4728 praedestinatio,et
2672 4654 2924 4712 liberum
2942 4656 3202 4714 hominis
3223 4658 3561 4742 arbitrium;

120 4750 230 4815 est,
246 4744 461 4801 eadem
483 4743 614 4817 ipsa
635 4744 919 4802 naturalis
936 4744 1208 4802 voluntas
1226 4745 1393 4802 aliter
1413 4746 1791 4821 intelligenda

121 4838 208 4891 est
239 4849 387 4890 cum
424 4848 487 4889 se
514 4832 645 4891 vult
673 4838 732 4890 et
760 4834 973 4909 diligit,
996 4838 1053 4891 et
1083 4836 1154 4891 ad
1208 4852 1272 4892 se
1320 4836 1586 4907 refertur,
1621 4853 1800 4908 quam

122 4940 299 4980 nemo
326 4920 563 4978 dubitat
584 4938 821 4995 semper
840 4922 1183 4980 naturaliter
1202 4923 1417 4979 bonam
1441 4941 1599 4994 esse;
1633 4924 1803 4981 aliter

120 5030 254 5070 vero
279 5028 424 5069 cum
441 5010 531 5067 vel
553 5011 873 5071 Dominum
898 5012 993 5086 pie
1010 5011 1223 5086 diligit,
1238 5012 1324 5070 vel
1346 5030 1614 5085 perverse
1634 5031 1804 5071 mun-

123 5103 290 5165 dum,
309 5106 370 5157 et
397 5101 472 5156 ad
499 5117 568 5158 ea
596 5101 847 5158 refertur
867 5119 995 5175 que
1021 5101 1105 5158 vel
1130 5119 1310 5175 supra
1341 5119 1425 5171 se,
1448 5102 1538 5159 vel
1566 5102 1720 5159 infra
1741 5121 1803 5161 se

125 5190 343 5264 diligit.
368 5189 443 5245 Et
472 5188 603 5246 ideo
625 5190 756 5262 jam
801 5190 937 5248 talis
970 5190 1263 5258 voluntas,
1290 5208 1405 5248 non
1438 5193 1511 5248 ad
1545 5196 1802 5250 mentem

126 5298 302 5337 suam
335 5295 475 5336 cum
508 5278 857 5337 naturaliter
876 5280 1057 5350 inest;
1084 5281 1186 5337 sed
1217 5282 1287 5338 ad
1317 5280 1476 5339 aliud
1497 5281 1790 5354 vel-aliud,

128 5370 288 5443 quod
312 5372 481 5426 extra
499 5368 896 5427 substantiam
919 5374 1009 5426 est
1035 5371 1234 5437 relata,
1258 5374 1451 5443 potest
1471 5388 1599 5429 esse
1623 5376 1680 5429 et
1700 5373 1795 5429 bo-

128 5476 203 5517 na
220 5464 284 5517 et
306 5456 487 5528 mala,
513 5475 629 5517 non
652 5462 887 5528 natura,
912 5459 1015 5516 sed
1036 5459 1338 5517 atl'ectione
1362 5477 1375 5516 :
1401 5460 1667 5519 videlicet
1693 5468 1794 5519 aut

128 5554 284 5606 recte
314 5546 624 5621 superiora
652 5548 973 5623 diligendo,
1001 5550 1218 5623 quibus
1262 5549 1657 5622 beatiﬁcatur;
1692 5558 1794 5609 aut

131 5655 306 5712 prave
334 5639 666 5712 appetendo
701 5639 999 5707 inferiora,
1024 5638 1239 5714 quibus
1277 5641 1693 5714 corrumpitur.
1727 5644 1791 5700 In

133 5744 250 5811 qua
280 5745 344 5789 re
372 5745 493 5788 non
516 5728 646 5807 jam
667 5733 758 5790 est
783 5728 910 5791 sola
939 5734 1177 5804 natura;
1210 5729 1312 5791 sed
1338 5733 1439 5790 aut
1459 5730 1664 5805 virtus,
1691 5737 1793 5793 aut

1900 3401 2055 3457 sicut
2069 3400 2244 3455 etiam
2262 3401 2459 3457 Cicero
2478 3401 3099 3473 disputabat,divinam
3121 3400 3549 3473 praescientiam

1902 3490 2305 3563 impugnando
2326 3495 2380 3546 et
2405 3491 2692 3564 negando,
2709 3506 2978 3547 asserens
2995 3490 3148 3563 quod
3174 3489 3229 3545 si
3243 3505 3374 3546 vere
3394 3494 3551 3547 esset

1900 3579 2002 3635 Dei
2031 3579 2416 3652 praescientia,
2441 3597 2556 3635 non
2584 3583 2783 3654 posset
2802 3596 2930 3637 esse
2959 3579 3019 3635 in
3042 3578 3382 3637 hominibus
3413 3577 3551 3636 libe-

1901 3685 2034 3725 rum
2065 3668 2373 3725 arbitrium
2399 3686 2412 3724 ε
2436 3674 2539 3725 aut
2568 3670 2617 3725 si
2649 3673 2803 3725 esset
2832 3669 2892 3724 in
2924 3668 3266 3726 hominibus
3295 3668 3547 3726 liberum

1901 3758 2232 3826 arbitrium,
2264 3759 2485 3815 nullam
2518 3776 2646 3816 esse
2686 3759 2787 3815 Dei
2826 3758 3278 3831 praescientiam.
3300 3758 3465 3815 Unde
3495 3761 3552 3815 et

1901 3849 2078 3922 elegit
2102 3848 2201 3905 ille
2230 3847 2624 3922 impiissimus
2651 3853 2707 3904 et
2730 3846 3092 3905 detestabilis
3114 3847 3555 3921 blasphemator

1903 3938 2023 4007 Dei,
2038 3942 2104 3994 ut
2123 3938 2373 3995 liberum
2401 3939 2657 3995 hominis
2678 3938 2989 3995 arbitrium
3010 3938 3428 4007 defenderet,et
3446 3937 3550 3994 Dei

1899 4027 2325 4101 praescientiam
2343 4029 3230 4103 omnimodisdenegaret.Quem
3246 4026 3358 4085 istc
3368 4045 3549 4100 quam

1902 4133 2118 4191 magna
2145 4135 2214 4174 ex
2244 4123 2406 4191 parte
2437 4119 2496 4174 in
2536 4119 2645 4175 hac
2675 4120 3073 4192 disputatione
3118 4136 3227 4175 sua.
3272 4118 3459 4192 sequi,
3495 4126 3555 4177 et

1903 4206 2123 4264 imitari
2142 4208 2412 4264 videatur
2432 4208 2597 4265 facile
2617 4208 3016 4283 intelligit,qui
3033 4208 3344 4282 diligenter
3362 4210 3559 4265 adver-

1903 4297 1994 4353 tit.
2022 4297 2170 4362 Quia
2198 4297 2298 4369 qui
2347 4303 2521 4371 negat
2549 4298 2651 4354 Dei
2681 4298 3132 4372 praescientiam,
3166 4301 3340 4373 negat
3381 4298 3559 4356 etiam

1905 4386 2008 4442 Dei
2040 4386 2635 4457 praedestinationem,
2669 4402 2796 4457 quae
2830 4386 2954 4441 sine
3002 4385 3369 4458 priescientia
3398 4385 3563 4444 nulla

1906 4480 2013 4532 est.
2039 4476 2111 4531 Ut
2141 4492 2277 4548 ergo
2323 4475 2695 4531 manifestius
2743 4480 2800 4531 et
2844 4475 3127 4532 lucidius.
3157 4475 3560 4550 intelligamus

1907 4565 2199 4638 quomodo
2249 4569 2568 4637 utrumque
2598 4565 2902 4623 verissime
2943 4566 3475 4637 constet,videlicet
3503 4570 3561 4623 et

1902 4763 2012 4804 nec
2041 4745 2281 4802 omnino
2303 4744 2551 4801 alterum
2573 4745 2755 4803 altero
2780 4748 3135 4816 destruatur,
3160 4711 3561 4809 necessariurrl

1910 4835 2150 4893 omnino
2172 4839 2229 4892 et
2250 4835 2482 4892 salubre
2507 4835 2915 4895 existimamus
2935 4839 2996 4894 in
3017 4840 3126 4897 hoc
3146 4840 3273 4898 loco
3293 4841 3422 4915 ipsa
3439 4860 3561 4899 ver-

1911 4926 1986 4982 ba
2008 4926 2198 4982 sancti
2213 4926 2524 4999 Augustini
2542 4927 3141 5002 subjungere,quibus
3158 4932 3435 4988 adversus
3458 4933 3564 4987 im-

1912 5015 2071 5089 piam
2102 5015 2396 5072 Ciceronis
2427 5016 2904 5089 disputationem,
2934 5024 3251 5093 utrumque
3280 5020 3559 5089 defendit,

1916 5109 2237 5178 utrumque
2290 5106 2611 5164 tenendum
2672 5108 3019 5166 suavissime
3069 5111 3236 5168 docet
3284 5109 3564 5183 (Aug.,de

1914 5194 2075 5251 Civil.
2108 5196 2230 5267 Dei,
2264 5194 2365 5251 lib.
2389 5214 2443 5266 v,
2477 5213 2526 5252 c.
2558 5197 2637 5269 9).

1982 5285 2063 5353 [In
2086 5285 2214 5351 has,
2236 5285 2763 5360 inquit,angustias
2781 5291 3036 5344 coarctat
3052 5288 3317 5345 animum
3340 5289 3565 5363 religio-

1911 5392 2068 5443 sum,
2103 5379 2168 5433 ut
2197 5392 2382 5432 unum
2416 5375 2594 5449 eligat
2624 5393 2654 5432 e
2685 5377 2935 5445 duobus,
2960 5381 3064 5434 aut
3094 5394 3223 5436 esse
3252 5377 3471 5452 aliquid
3503 5379 3565 5436 in

1911 5469 2115 5522 nostra
2135 5465 2456 5534 voluntate,
2482 5469 2584 5521 aut
2613 5482 2730 5521 non
2753 5482 2881 5523 esse
2902 5467 3326 5540 prescientiam
3350 5469 3571 5526 futuro-

1906 5555 2358 5623 rum.Quoniam
2383 5560 2703 5627 utrumque
2725 5556 3047 5614 arbitratur
3065 5574 3193 5615 esse
3216 5575 3328 5614 non
3356 5574 3570 5636 posse;

1913 5646 2015 5705 sed
2040 5645 2089 5703 si
2107 5644 2357 5702 alterum
2382 5644 2846 5716 conﬁrmabitur,
2863 5646 3113 5703 alterum
3136 5647 3294 5704 tolli:
3316 5647 3365 5705 si
3390 5648 3573 5724 elege'

1918 5736 2107 5798 rimus
2129 5734 2557 5814 praescientiam
2576 5734 2932 5808 futurorum,
2946 5735 3071 5796 tolli
3086 5736 3405 5797 voluntatis
3423 5738 3573 5800 arbi-
