4082 6442
513 415 631 475 143

1614 414 1843 475 FLORI
1888 413 2205 475 DIACONl
2253 414 2403 476 LUG
2417 415 2826 477 DUNENSIS.

3820 408 3943 469 144

509 547 720 615 trium;
746 547 792 603 si
816 545 1168 620 elegerimus
1186 546 1507 604 voluntatis
1527 546 1860 615 arbitrium,
1879 545 2006 602 tolli
2029 562 2167 619 prae-
2192 545 2251 614 Α
2280 562 2413 602 men
2446 546 2595 604 mori
2626 551 2682 603 et
2711 546 2835 603 falli
2867 563 2984 604 non
3011 548 3221 619 potest.
3244 544 3468 602 Dicitur
3486 542 3643 600 enim
3674 540 3947 616 omnipo-

512 636 818 694 scientiam
851 636 1208 692 futurorum.
1236 638 1366 708 Ipse
1410 635 1606 708 itaque
1636 653 1705 692 ex
1734 636 1964 692 duobus
1995 633 2170 708 elegit

509 725 762 782 liberum
792 724 1115 782 voluntatis
1146 725 1478 791 arbitrium,
1507 726 1663 797 quod
1695 728 1763 780 ut
1792 726 2168 780 confirmare-

508 818 627 883 tur,
674 814 910 886 negavit
961 813 1387 887 prazscientiam
1446 814 1473 868 f
1514 816 1781 870 turorum
1817 830 1829 869 :
1868 818 2043 885 atque
2090 812 2172 867 ita

509 903 653 959 dum
683 901 811 959 vult
840 904 1027 959 facere
1052 902 1287 970 liberos,
1313 902 1452 958 facit
1480 902 1814 975 sacrilegos.
1841 902 2171 975 Religiosus

510 996 709 1052 autem
740 992 974 1048 animus
1018 996 1337 1063 utrumque
1367 991 1553 1064 eligit,
1589 995 1907 1064 utrumque
1937 991 2174 1047 conﬁte-

513 1085 631 1150 tur,
658 1085 715 1136 et
745 1082 860 1137 ﬁde
888 1080 1123 1153 pietatis
1145 1088 1466 1153 utrumque
1498 1081 1852 1147 conﬁrmat.]
1878 1081 2019 1136 Item
2042 1084 2175 1152 post

516 1170 853 1243 aliquanta:
882 1169 1155 1241 [Spiritus
1187 1186 1325 1243 ergo
1360 1170 1492 1227 vitae
1526 1168 1628 1242 qui
1671 1169 1922 1225 viviﬁcat
1952 1169 2170 1237 omnia,

517 1263 858 1330 creatorque
883 1262 973 1315 est
1002 1258 1198 1315 omnis
1221 1258 1485 1331 corporis
1507 1264 1564 1314 et
1584 1258 1779 1315 omnis
1800 1258 1977 1314 creati
2001 1257 2172 1330 spiri-

515 1350 633 1414 tus,
671 1348 798 1420 ipse
829 1351 920 1402 est
949 1347 1124 1413 Deus,
1159 1347 1407 1419 spiritus
1441 1347 1643 1420 utique
1674 1365 1789 1402 non
1821 1353 2081 1414 creatus;
2115 1347 2173 1401 in

514 1437 642 1509 ejus
672 1435 970 1492 voluntate
1002 1454 1239 1492 summa
1270 1440 1530 1509 potestas
1560 1440 1668 1505 est,
1697 1454 1817 1508 qua
1845 1440 2175 1492 creatorum

514 1524 833 1598 spirituum
863 1524 1050 1582 bonas
1073 1524 1404 1581 voluntates
1426 1526 1685 1597 adjuvat,
1710 1525 1900 1581 malas
1921 1525 2173 1597 judicat,

517 1632 725 1671 omnes
742 1615 1008 1681 ordinat;
1028 1619 1085 1669 et
1103 1614 1461 1685 quibusdam
1481 1614 1686 1670 tribuit
1707 1613 2178 1687 potestates,qui-

522 1704 779 1760 busdam
802 1721 918 1759 non
942 1702 1162 1759 tribuit.
1186 1704 1348 1760 Sicut
1364 1705 1521 1758 enim
1543 1703 1809 1759 omnium
1833 1708 2177 1759 naturarum

522 1795 750 1849 creator
779 1794 887 1859 est,
920 1792 1001 1848 ita
1032 1792 1299 1848 omnium
1331 1798 1689 1865 potestatum
1722 1794 1908 1862 dator,
1938 1811 2050 1848 non
2082 1809 2177 1848 vo-

2277 639 2408 691 tens
2438 635 2702 692 faciendo
2735 637 2890 709 quod
2923 636 3064 705 vult,
3099 653 3218 691 non
3275 634 3549 707 patiendo
3611 633 3763 706 quod
3815 648 3946 688 non

2278 724 2423 780 vult.
2451 726 2613 791 Quod
2646 726 2698 781 ei
2731 726 2779 782 si
2822 725 3130 793 accideret,
3156 740 3530 798 nequaquam
3562 714 3949 795 omnipotens

2278 818 2453 870 esset.
2487 814 2651 871 Unde
2699 818 3009 887 propterea
3048 814 3318 886 quaedam
3379 830 3496 870 non
3553 816 3763 885 potest,
3796 804 3953 883 quia.

2279 902 2654 975 omnipotens
2692 909 2802 959 est.
2837 902 2932 959 Sic
2976 902 3155 959 etiam
3203 920 3340 959 cum
3390 902 3666 969 dicimus,
3700 915 3953 956 necesse

2280 1008 2410 1047 esse
2440 995 2524 1059 ut,
2567 1008 2701 1047 cum
2731 992 3028 1059 volumus,
3068 991 3251 1049 libero
3286 991 3534 1048 velimus
3588 989 3852 1055 arbitrio,
3884 993 3957 1045 et

2279 1096 2483 1136 verum
2509 1080 2713 1153 procul
2744 1082 2923 1137 dubio
2956 1081 3250 1151 decimus;
3279 1085 3336 1138 et
3356 1098 3472 1138 non
3503 1081 3631 1136 ideo
3654 1078 3853 1153 ipsum
3873 1078 3950 1134 li-

2282 1169 2490 1225 berum
2521 1170 2830 1227 arbitrium
2873 1170 3206 1228 necessitati
3255 1170 3627 1244 subjicimus,
3652 1186 3779 1242 qua:
3812 1169 3950 1224 adi-

2282 1257 2394 1313 mit
2420 1256 2769 1314 libertatem.
2794 1260 2945 1314 Sunt
2974 1258 3158 1333 igitur
3194 1264 3406 1316 nostra:
3435 1258 3784 1327 voluntates,
3809 1274 3951 1330 quas

2283 1352 2342 1402 et
2362 1347 2501 1419 ipsa:
2524 1346 2747 1403 faciunt
2766 1348 3053 1421 quidquid
3075 1348 3320 1405 volendo
3340 1348 3612 1416 facimus,
3637 1348 3793 1421 quod
3822 1363 3952 1404 non

2284 1436 2448 1492 fieret
2477 1436 2527 1492 si
2560 1435 2875 1493 nollemus.
2906 1438 3033 1494 Non
3072 1455 3208 1511 ergo
3252 1441 3558 1511 propterea
3585 1436 3730 1493 nihil
3761 1440 3852 1493 est
3881 1436 3951 1492 in

2284 1528 2485 1582 nostra
2509 1524 2977 1599 voluntate,quia
3004 1527 3158 1587 Deus
3188 1526 3479 1600 praescivit
3499 1527 3639 1599 quid
3672 1527 3952 1582 futurum

2285 1619 2440 1671 esset
2466 1613 2526 1669 in
2558 1619 2758 1671 nostra
2804 1616 3132 1684 voluntate;
3168 1633 3279 1672 non
3314 1615 3471 1671 enim
3503 1616 3605 1688 qui
3653 1614 3764 1672 hoc
3793 1614 3953 1689 prae-

2287 1703 2475 1770 scivit,
2507 1703 2654 1759 nihil
2704 1705 3009 1776 praescivit.
3046 1704 3220 1761 Porro
3272 1705 3322 1761 si
3373 1702 3470 1761 ille
3501 1703 3604 1777 qui
3652 1704 3958 1776 praescivit

2287 1792 2427 1865 quid
2461 1793 2724 1848 futurum
2747 1798 2901 1850 esset
2932 1794 2990 1849 in
3025 1798 3227 1851 nostra
3247 1794 3566 1862 voluntate,
3590 1810 3705 1849 non
3738 1794 3957 1866 utique

519 1881 837 1939 luntatum.
859 1880 1021 1936 Malae
1048 1881 1263 1953 quippe
1288 1881 1621 1938 voluntates
1647 1883 1720 1937 ab
1746 1881 1844 1937 illo
1871 1899 1985 1938 non
2018 1885 2175 1952 sunt,
2206 1925 2254 1991 Β
2288 1881 2458 1950 nihil,
2484 1883 2584 1939 sed
2637 1881 2857 1955 aliquid
2885 1883 3203 1956 praescivit;
3237 1884 3496 1956 profecto
3544 1887 3602 1940 et
3649 1881 3747 1941 illo
3796 1899 3955 1956 prae-

520 1970 800 2044 quoniam
831 1974 1035 2025 contra
1065 1976 1339 2026 naturam
1373 1976 1537 2037 sunt,
1561 1987 1688 2043 qua
1721 1971 1792 2026 ab
1825 1970 1924 2026 illo
1956 1974 2084 2039 est.]
2110 1972 2180 2027 Et
2208 1970 2254 1991 ”
2290 1971 2477 2027 ciente
2537 1976 2626 2027 est
2682 1971 2905 2044 aliquid
2938 1972 2996 2027 in
3057 1976 3259 2029 nostra
3314 1971 3630 2030 voluntate.
3664 1971 3961 2038 Quocirca

519 2064 655 2132 post
686 2058 919 2131 aliqua:
950 2058 1177 2128 [Causa,
1222 2060 1434 2131 inquit,
1474 2077 1692 2129 rerum,
1722 2077 1850 2132 quae
1882 2060 2040 2127 facit,
2075 2076 2177 2115 nec

519 2148 605 2218 ﬁt,
631 2149 785 2204 Deus
816 2152 932 2216 est;
981 2147 1106 2204 aliae
1162 2165 1292 2204 vero
1350 2166 1540 2204 causae
1599 2149 1840 2220 faciunt,
1865 2154 1922 2205 et
1980 2150 2174 2204 ﬁunt:

519 2238 813 2311 quomodo
838 2236 1181 2310 igiturordo
1206 2238 1661 2310 causarum,qui
1692 2238 2017 2310 praescienti
2049 2256 2176 2293 cer-

516 2331 616 2384 tus
644 2332 735 2383 est
766 2332 901 2394 Deo,
936 2326 996 2381 id
1027 2331 1115 2382 est
1145 2331 1211 2381 ut
1239 2327 1385 2382 nihil
1416 2327 1495 2383 sit
1524 2327 1585 2382 in
1620 2333 1819 2383 nostra
1846 2326 2181 2383 voluntate?

517 2433 654 2472 cum
685 2415 745 2470 in
781 2415 910 2488 ipso
941 2432 1255 2471 causarum
1277 2415 1479 2472 ordine
1505 2433 1785 2490 magnum
1818 2416 2073 2473 habeant
2102 2416 2183 2473 lo-

522 2522 660 2563 cum
689 2509 903 2561 nostraa
934 2504 1308 2574 voluntates]

595 2594 738 2651 Item
773 2597 905 2666 post
933 2610 1120 2665 pauca
1148 2610 1160 2648 :
1191 2593 1373 2660 [Quod
1403 2610 1538 2650 vero
1570 2598 1764 2667 negat,
1795 2595 2008 2667 inquit,
2033 2596 2184 2652 ordi-

524 2685 658 2741 dem
690 2683 955 2739 omnium
997 2699 1313 2739 causarum
1358 2700 1487 2739 esse
1536 2684 1960 2752 certissimum,
1993 2689 2049 2740 et
2078 2684 2181 2740 Dei

432 2842 436 2846 .
525 2771 901 2846 praescientiae
933 2772 1332 2839 notissimum,
1352 2770 1488 2844 plus
1510 2789 1645 2828 eum
1668 2790 1845 2845 quam
1877 2773 2053 2830 Stoici
2083 2774 2182 2830 de-

524 2866 814 2921 testamur
846 2877 859 2915 :
895 2865 998 2916 aut
1027 2860 1184 2917 enim
1217 2878 1345 2917 esse
1388 2861 1572 2917 Deum
1626 2867 1823 2936 negat,
1847 2867 1948 2919 aut
1977 2863 2023 2920 si
2057 2880 2185 2922 esse

529 2952 842 3008 conﬁtetur
862 2944 1068 3018 Deum,
1088 2967 1264 3022 quem
1288 2954 1461 3023 negat
1490 2952 1798 3023 prazscium
1821 2952 2184 3022 futurorum;

530 3041 708 3098 etiam
741 3039 825 3096 sic
857 3039 1005 3096 nihil
1034 3039 1177 3096 dicit
1205 3039 1365 3096 aliud
1390 3056 1568 3112 quam
1592 3042 1746 3113 quod
1769 3041 1865 3097 ille
1885 3043 2023 3099 divit
2055 3044 2189 3098 insi-

2286 2059 2447 2116 nullo
2474 2063 2646 2117 modo
2668 2061 2914 2133 cogitur,
2940 2067 3043 2118 aut
3073 2067 3295 2118 retenta
3316 2061 3683 2135 priescientia
3705 2060 3801 2117 Dei
3834 2059 3955 2117 tol-

2285 2149 2402 2206 lere
2422 2149 2736 2207 voluntatis
2762 2150 3070 2206 arbitrium
3098 2169 3111 2206 :
3136 2156 3238 2207 aut
3266 2156 3489 2208 retento
3514 2149 3832 2207 voluntatis
3853 2167 3960 2206 ar-

2288 2239 2485 2307 bitrio,
2504 2240 2685 2295 Deum
2702 2241 2882 2312 (quod
2906 2242 3068 2297 nefas
3094 2243 3204 2311 cst)
3222 2257 3434 2314 negare
3455 2239 3763 2313 praescium
3786 2233 3960 2295 futu-

2289 2346 2519 2399 rorum;
2543 2330 2643 2386 sed
2672 2335 2991 2402 utrumque
3012 2330 3442 2403 amplectimur,
3458 2334 3778 2403 utrumque
3808 2330 3962 2385 fide-

2288 2418 2422 2475 liter
2450 2424 2508 2474 et
2536 2420 2814 2475 veraciter
2854 2418 3207 2475 conﬁtemur
3237 2437 3251 2476 :
3284 2418 3431 2476 illud
3465 2424 3530 2476 ut
3566 2419 3713 2476 bene
3743 2420 3959 2475 creda-

2291 2525 2444 2578 mus,
2470 2508 2577 2564 hoc
2603 2512 2666 2563 ut
2690 2508 2835 2564 bene
2852 2509 3138 2565 vivamus.
3159 2508 3310 2566 Male
3337 2512 3533 2566 autem
3557 2507 3788 2576 vivitur,
3803 2508 3854 2565 si
3878 2509 3961 2565 de

2290 2598 2408 2654 Deo
2439 2615 2554 2654 non
2588 2599 2735 2654 bene
2765 2598 3039 2654 creditur.
3065 2598 3228 2655 Unde
3249 2597 3405 2655 absit
3434 2616 3468 2654 a
3496 2597 3666 2662 nobis
3690 2600 3819 2670 ejus
3853 2614 3963 2654 ne-

2292 2702 2430 2760 gare
2486 2687 2934 2759 praescientiam,
2969 2690 3035 2743 ut
3090 2687 3272 2744 libere
3302 2687 3573 2757 velimus,
3599 2704 3714 2760 quo
3774 2687 3963 2758 adju-

2293 2781 2464 2833 vante
2494 2793 2702 2832 sumus
2754 2774 2922 2832 liberi
2952 2776 3039 2833 vel
3080 2778 3321 2834 erimus.
3355 2777 3524 2834 Juste
3572 2778 3770 2849 itaque
3800 2774 3965 2849 prai-

2295 2866 2416 2921 mia
2454 2866 2625 2921 bonis
2670 2865 2862 2935 factis,
2886 2870 2944 2923 et
3001 2866 3255 2939 peccatis
3307 2865 3599 2939 supplicia
3628 2866 3966 2922 constituta

2296 2958 2437 3010 sunt
2471 2973 2484 3011 :
2519 2971 2711 3026 neque
2753 2955 2911 3011 enim
2960 2955 3088 3012 ideo
3151 2960 3351 3029 peccat
3406 2955 3601 3022 homo,
3627 2954 3764 3028 quia
3795 2954 3965 3012 Deus

2293 3043 2464 3099 illum
2487 3047 2863 3116 peccaturum
2892 3060 3020 3101 esse
3050 3044 3369 3116 praescivit;
3403 3044 3521 3101 imo
3542 3043 3671 3100 ideo
3702 3035 3817 3100 non
3850 3044 3967 3099 du-

523 3132 686 3204 piens
717 3132 776 3187 in
807 3129 965 3186 corde
992 3146 1091 3185 suo
1114 3146 1128 3185 :
1152 3134 1274 3187 Non
1321 3137 1399 3185 est
1445 3134 1589 3186 Deus
1610 3132 1780 3203 (Psal.
1805 3149 1927 3202 xm,
1958 3132 2011 3203 4)
2040 3149 2052 3188 ;
2087 3131 2187 3204 qui
2296 3132 2516 3189 bitatur
2545 3132 2742 3204 ipsum
2790 3150 3048 3206 peccare,
3072 3150 3208 3190 cum
3237 3137 3459 3206 peccat,
3485 3134 3624 3205 quia
3651 3131 3748 3188 ille
3778 3133 3966 3204 cujus

530 3220 688 3275 enim
711 3237 827 3276 non
848 3223 937 3275 est
958 3217 1271 3291 praesciens
1294 3218 1560 3275 omnium
1584 3220 1940 3288 futurorum,
1958 3238 2076 3277 non
2100 3224 2190 3278 est
2299 3222 2666 3295 praescientia
2695 3221 2814 3278 falli
2845 3240 2960 3279 non
2992 3228 3202 3296 potest,
3236 3240 3352 3279 non
3383 3222 3590 3293 fatum,
3618 3238 3735 3278 non
3769 3222 3964 3279 fortu-

529 3308 734 3381 utique
766 3309 940 3365 Deus.
966 3308 1332 3381 Quapropter
1362 3314 1420 3364 et
1457 3307 1783 3365 voluntates
1814 3314 2024 3366 nostra;
2055 3316 2183 3367 tan-
2214 3298 2258 3364 C
2294 3329 2451 3381 nam,
2476 3328 2591 3367 non
2624 3310 2844 3384 aliquid
2869 3311 3048 3377 aliud,
3076 3312 3178 3368 sed
3198 3311 3394 3385 ipsum
3419 3315 3799 3384 peccaturum
3822 3328 3965 3369 esse

526 3402 653 3454 tum
684 3397 879 3455 valent
915 3402 1203 3470 quantum
1253 3399 1404 3455 Deus
1428 3414 1527 3455 eas
1557 3398 1746 3455 valere
1775 3398 1958 3456 voluit
2008 3404 2183 3473 atque

526 3487 843 3558 praescivit;
860 3491 918 3544 et
936 3487 1065 3543 ideo
1085 3486 1372 3558 quidquid
1392 3486 1939 3557 valent,certissime
1954 3489 2179 3548 valent:

527 3576 667 3647 (cap.
694 3577 783 3644 10)
812 3579 869 3632 et
898 3575 1050 3647 quod
1088 3575 1323 3632 facturae
1365 3580 1524 3645 sunt,
1554 3575 1693 3648 ipsae
1724 3578 1965 3633 omnino
1997 3577 2181 3634 factu-

527 3680 604 3719 rte
634 3668 794 3730 sunt,
822 3664 964 3736 quia
992 3663 1272 3721 valituras
1315 3669 1492 3736 atque
1533 3664 1790 3723 facturas
1822 3666 1919 3723 ille
1952 3667 2183 3739 praesci-

525 3752 610 3808 vit
635 3752 734 3825 (α),
757 3754 931 3825 cujus
975 3754 1340 3825 prazscientia
1383 3754 1509 3810 falli
1541 3772 1655 3811 non
1688 3760 1898 3828 potest.
1934 3757 1994 3813 Si
2024 3757 2182 3814 enim

529 3842 851 3900 necessitas
881 3849 1082 3900 nostra
1122 3843 1221 3899 illa
1248 3843 1498 3900 dicenda
1528 3848 1635 3914 est,
1661 3862 1788 3917 quae
1839 3863 1955 3903 non
2004 3851 2093 3903 est
2121 3846 2181 3904 in

527 3936 729 3988 nostra
758 3935 1062 4004 potestate,
1089 3933 1209 4001 sed,
1237 3930 1466 3989 etiamsi
1499 3932 1797 4006 nolumus,
1821 3936 2000 3992 efﬁcit
2026 3937 2182 4009 quod

526 4024 739 4094 potest,
756 4022 913 4095 sicut
940 4024 1029 4077 est
1057 4021 1377 4078 necessitas
1407 4023 1645 4092 mortis;
1678 4025 2059 4082 manifestum
2092 4031 2183 4082 est

522 4110 855 4167 voluntates
886 4115 1135 4177 nostras,
1154 4111 1371 4182 quibus
1406 4116 1556 4168 recte
1576 4112 1666 4168 vel
1698 4129 2003 4186 perperam
2034 4115 2182 4171 vivi-

526 4203 642 4270 tur,
667 4201 777 4256 sub
809 4198 909 4255 tali
944 4200 1290 4256 necessitate
1322 4218 1438 4256 non
1470 4217 1617 4257 esse.
1646 4202 1829 4259 Multa
1858 4203 2017 4260 enim
2039 4203 2179 4260 faci-

525 4306 659 4346 mus
691 4307 839 4363 quae,
864 4288 915 4346 si
944 4288 1258 4360 nollemus,
1293 4306 1408 4345 non
1449 4291 1653 4362 utique
1683 4292 2028 4361 faceremus,
2064 4310 2180 4366 quo

524 4379 801 4451 primitus
824 4378 1069 4451 pertinet
1090 4378 1286 4451 ipsum
1306 4378 1451 4435 velle
1475 4397 1488 4435 :
1517 4397 1654 4436 nam
1678 4380 1727 4436 si
1749 4381 2039 4451 volumus,
2055 4388 2177 4453 est;

524 4467 577 4525 si
598 4467 895 4537 nolumus,
916 4485 1031 4524 non
1052 4472 1159 4525 est.
1175 4468 1300 4523 Non
1322 4467 1479 4524 enim
1494 4468 1779 4527 vellemus
1796 4470 1845 4527 si
1864 4471 2174 4529 nollemus.

525 4556 586 4613 Si
614 4561 810 4612 autem
852 4557 950 4612 illa
982 4557 1261 4612 deﬁnitur
1309 4574 1435 4616 esse
1487 4559 1828 4626 necessitas,
1852 4561 2178 4618 secundum

524 4662 703 4718 quam
734 4646 986 4702 dicimus
1014 4663 1249 4703 necesse
1270 4663 1399 4704 esse
1422 4652 1487 4703 ut
1515 4649 1595 4704 ita
1626 4649 1703 4705 sit
1728 4648 1950 4721 aliquid
1979 4650 2066 4707 vel
2100 4651 2181 4708 ita

2291 3400 2600 3474 praescivit,
2625 3402 2726 3473 qui
2767 3401 2817 3457 si
2867 3401 3032 3471 nolit,
3068 3401 3271 3473 utique
3319 3418 3436 3458 non
3484 3407 3712 3474 peccat;
3747 3402 3851 3458 sed
3901 3402 3961 3458 si

2292 3508 2531 3565 peccare
2562 3491 2835 3562 noluerit,
2863 3493 3039 3549 etiam
3070 3491 3180 3548 hoc
3209 3491 3306 3549 ille
3332 3492 3659 3565 praescivit.]

2364 3581 2495 3637 Haec
2517 3581 2589 3636 ad
2611 3581 3065 3638 instructionem
3082 3584 3138 3637 et
3155 3581 3659 3638 confirmationem
3685 3585 3962 3639 nostram

2293 3674 2495 3727 contra
2522 3668 2795 3726 humanae
2826 3669 3302 3744 praesumptionis
3333 3675 3390 3727 et
3418 3670 3962 3745 argumentationis

2291 3776 2517 3816 errores
2538 3760 2920 3819 beatissimus
2936 3762 3140 3818 doctor
3160 3760 3523 3817 lucidissime
3539 3760 3958 3834 disseruit,qui

2290 3849 2467 3904 etiam
2500 3848 2614 3905 alio
2645 3846 2771 3906 loco
2802 3851 2874 3905 de
2903 3850 3013 3906 hac
3044 3850 3250 3907 eadem
3274 3868 3334 3906 re
3364 3851 3447 3907 ita
3467 3849 3579 3906 ait:
3608 3842 3953 3917 [Neminem

2291 3943 2444 3994 Deus
2475 3938 2547 3994 ad
2581 3939 2943 4012 peccandum
2975 3939 3149 4013 cogit,
3174 3939 3450 4012 praevidet
3486 3944 3682 3999 tamen
3712 3955 3811 3995 eos
3843 3939 3954 4012 qui

2292 4027 2527 4100 propria
2542 4025 2837 4084 voluntate
2856 4029 3322 4100 peccabunt.Cur
3337 4045 3473 4103 ergo
3491 4045 3603 4085 non
3618 4028 3643 4099 j
3654 4027 3965 4100 udicetju-

2292 4121 2442 4186 stus,
2457 4134 2585 4189 quae
2602 4117 2727 4173 fieri
2748 4135 2862 4173 non
2888 4118 3042 4190 cogit
3058 4118 3337 4190 praescius
3359 4135 3372 4173 :
3395 4118 3547 4174 sicut
3562 4116 3717 4174 enim
3735 4134 3970 4175 memo-

2292 4206 2379 4262 ria
2401 4223 2509 4262 sua
2539 4224 2710 4261 nemo
2734 4207 2888 4279 cogit
2915 4208 3067 4262 facta
3097 4224 3225 4265 esse
3256 4225 3383 4280 quae
3415 4206 3842 4281 praeterierunt,
3868 4208 3965 4265 sic

2290 4295 2446 4352 Deus
2468 4312 2583 4351 non
2606 4295 2763 4369 cogit
2783 4296 3154 4369 praescientia
3179 4314 3288 4354 sua
3311 4297 3730 4371 facienda,qua3
3755 4297 3968 4355 futura

2290 4389 2448 4441 sunt.
2466 4386 2539 4441 Et
2555 4384 2708 4441 sicut
2728 4385 2905 4442 homo
2924 4387 3193 4459 quaedam
3213 4404 3343 4459 quae
3373 4386 3507 4442 fecit
3538 4385 3826 4455 meminit,
3847 4403 3965 4444 nec

2290 4478 2486 4530 tamen
2506 4473 2705 4530 omnia
2717 4492 2845 4547 quae
2866 4475 3137 4532 meminit
3152 4476 3289 4532 fecit
3306 4494 3319 4545 ;
3339 4475 3421 4532 ita
3438 4481 3590 4533 Deus
3602 4475 3798 4532 omnia
3814 4491 3966 4548 quo-

2290 4581 2422 4619 rum
2442 4563 2564 4636 ipsc
2578 4568 2782 4621 auctor
2797 4566 2906 4633 est,
2923 4564 3230 4638 praescivit;
3248 4582 3500 4638 quorum
3516 4570 3712 4622 autem
3732 4582 3846 4621 non
3865 4570 3964 4622 est

2211 4677 2258 4741 D
2292 4652 2484 4709 malus
2510 4658 2732 4720 auctor,
2751 4655 2955 4725 justus
2986 4659 3077 4711 est
3107 4653 3304 4722 ultor.]
3328 4656 3470 4711 Item
3494 4656 3564 4711 de
3593 4654 3959 4710 immutabili

523 4721 647 4802 flat,
674 4735 872 4791 nescia
892 4752 996 4790 cur
1019 4735 1196 4791 etiam
1219 4736 1537 4792 timeamus
1559 4754 1631 4794 ne
1654 4738 1823 4795 nobis
1846 4738 2180 4796 libertatem
2211 4721 2257 4741 υ
2292 4742 2516 4799 ratione
2539 4760 2736 4799 rerum
2753 4721 3138 4800 mutabilium
3168 4744 3228 4798 in
3257 4721 3396 4811 Deo,
3420 4748 3475 4801 et
3496 4744 3568 4801 de
3588 4750 3801 4801 aeterna
3820 4745 3959 4816 ejus

523 4824 752 4880 auferat
808 4825 1143 4881 voluntatis.
1177 4825 1375 4898 Neque
1433 4825 1588 4882 enim
1640 4832 1698 4882 et
1726 4828 1907 4884 vitam
1965 4828 2089 4898 Dei,
2123 4834 2181 4887 et
2292 4849 2357 4888 ac
2379 4831 2636 4905 generali
2666 4833 3198 4905 praedestinatione,
3216 4836 3276 4889 et
3296 4833 3664 4907 praescientia
3682 4832 3794 4889 alio
3822 4832 3983 4903 loco~

522 4913 948 4985 praescientiam
980 4914 1083 4970 Dei
1106 4915 1219 4970 sub
1248 4916 1595 4973 necessitate
1626 4917 1925 4988 ponimus,
1950 4918 1999 4974 si
2031 4918 2183 4977 dica-
2289 4920 2372 4976 ita
2392 4920 2565 4977 dicit:
2590 4921 2701 4989 [Ira
2721 4922 2820 4980 Dei
2844 4940 2960 4979 non
2983 4922 3348 4996 perturbatio
3368 4922 3551 4978 animi
3573 4924 3702 4996 ejus
3723 4925 3832 4995 est,
3848 4925 3960 4980 sed

522 5019 657 5059 mus
688 5020 922 5059 necesse
953 5021 1081 5060 esse
1131 5010 1309 5061 Deum
1359 5022 1594 5079 semper
1622 5006 1831 5075 vivere,
1867 5011 1922 5063 et
1970 5013 2183 5067 cuncta
2282 5009 2578 5082 judicium
2596 5028 2713 5083 quo
2744 5011 3037 5084 irrogatur
3057 5029 3231 5084 poena
3251 5010 3799 5085 peccato.Cogitatio
3819 5028 3959 5070 vero

521 5092 810 5165 praescire,
831 5092 983 5148 sicut
1012 5110 1115 5149 nec
1145 5100 1406 5165 potestas
1438 5096 1566 5167 ejus
1600 5096 1910 5164 minuitur,
1934 5114 2069 5154 cum
2101 5099 2184 5156 di-
2292 5101 2490 5172 ejuset
2504 5100 2843 5174 recogitatio
2859 5103 3279 5157 mutandarum
3303 5100 3965 5158 rerumestimmutabi-

522 5182 675 5236 citur
704 5182 873 5248 mori,
904 5182 1143 5255 fallique
1197 5202 1314 5239 non
1347 5202 1546 5256 posse;
1582 5184 1663 5240 sic
1698 5187 1853 5241 enim
1906 5186 2013 5244 hoc
2064 5206 2180 5245 non
2292 5188 2365 5246 lis
2387 5189 2555 5246 ratio.
2581 5190 2708 5245 Non
2729 5191 2887 5246 enim
2910 5190 3065 5247 sicut
3086 5190 3411 5257 hominem,
3436 5190 3519 5246 ita
3539 5190 3724 5247 Deum
3753 5190 3963 5263 cujus-

520 5274 733 5343 potest,
759 5276 826 5327 ut
847 5272 1064 5344 potius,
1088 5273 1135 5329 si
1152 5279 1388 5357 posset,
1414 5273 1659 5329 minoris
1681 5280 1836 5331 esset
1858 5277 2060 5349 utique
2080 5296 2182 5352 po-

518 5359 770 5416 testatis.
797 5360 969 5417 Recte
1014 5361 1233 5435 quippe
1267 5361 1650 5433 Omnipotens
1696 5362 1929 5431 dicitur,
1958 5366 2060 5437 qui
2090 5371 2183 5424 ta—

2292 5297 2472 5354 quam
2492 5280 2629 5336 facti
2648 5278 2741 5336 sui
2763 5280 3202 5352 poenitet,cujus
3220 5283 3312 5336 est
3330 5279 3401 5336 de
3417 5279 3694 5336 omnibus
3715 5279 3961 5339 omnino

2291 5370 2469 5426 rebus
2500 5372 2623 5425 tam
2653 5369 2768 5425 fixa
2797 5369 3107 5439 sententia,
3142 5385 3322 5442 quam
3353 5375 3505 5427 certa
3537 5368 3912 5443 praecientiaJ

1524 5468 1739 5525 NOT/E
1778 5470 2119 5530 DUVALLII
2157 5476 2513 5535 DOCTORIS
2554 5475 2956 5533 SORBONICI.

540 5589 550 5634 ί
587 5556 663 5628 (α)
694 5556 839 5613 Cum
869 5558 951 5634 ait
968 5557 1329 5634 voluntatem
1356 5557 1526 5634 illiud
1549 5575 1678 5634 esse
1702 5559 1989 5634 facturam
2013 5565 2170 5634 quod

566 5644 671 5683 eus
697 5629 1003 5704 prmscivit,
1026 5647 1142 5686 non
1164 5629 1287 5685 vult
1308 5629 1733 5704 praescientiam
1748 5629 2058 5704 imponere
2079 5653 2173 5691 vo-

512 5700 731 5791 luntati
771 5702 1200 5777 necessitatem,
1222 5700 1358 5761 cufn
1406 5700 1515 5762 hoc
1563 5700 1903 5763 haereticuin
1933 5705 2029 5785 sit,
2065 5709 2168 5771 sed

2279 5569 2512 5622 tantum
2544 5564 2934 5622 infallibiliter
2970 5582 3099 5623 esse
3143 5565 3428 5625 facturam
3460 5571 3518 5625 et
3548 5567 3955 5627 indubitanter

2283 5642 2646 5716 eventuram,
2672 5637 2862 5716 posito
2904 5639 3058 5716 quod
3107 5642 3264 5716 Deus
3310 5640 3392 5698 ita
3437 5639 3777 5716 praescierit,
3811 5646 3951 5701 cum

2281 5710 2409 5786 ejus
2439 5709 2810 5788 praescientia
2840 5709 3086 5773 minime
3115 5711 3375 5776 fallatur.
