4082 6444
511 382 541 444 1
551 383 628 444 4⁵1

1616 372 1849 438 FLORI
1893 372 2211 436 DIAGONI
2254 372 2827 437 LUGDUNENSIS.
2888 388 2897 391 '
2936 390 2945 395 ‘

3817 368 3941 434 148

515 520 663 587 bera,
711 514 887 572 adhuc
930 511 1197 569 ani-malis
1241 512 1456 577 merito,
1505 510 1640 582 quia
1680 507 1951 575 mortalis,
1992 507 2171 579 potuit
2194 510 2243 576 Α
2277 506 2690 577 sonis,unitam
2722 503 3366 579 substantia,zequalem
3398 506 3610 562 natura
3637 507 3817 580 atque
3836 522 3941 581 po-

510 624 750 682 peccare,
783 605 1044 677 quoniam
1072 602 1250 658 adhuc
1275 616 1385 656 non
1412 607 1531 655 erat
1554 599 1953 671 perfectaque?
1980 598 2172 669 utique
2204 662 2207 663 ν

508 697 767 772 perfectio
820 694 1085 749 libertatis
1126 699 1246 763 post
1304 688 1556 745 mandati
1610 687 1913 742 custodiam
1970 686 2171 758 imple-

513 796 688 857 retur,
745 784 877 841 dum
931 784 984 839 ei
1032 779 1295 854 peccandi
1339 779 1588 835 voluntas
1639 777 1862 849 penitus
1921 777 2171 847 auferre-

513 886 827 1026 retsufllunc
854 971 1059 1020 motum
1108 959 1256 1015 nulli
1302 957 1638 1013 animalium
1665 963 1871 1027 praeter
1898 955 2173 1011 hominem

516 1073 846 1117 concessum.

587 1151 642 1206 6.
666 1149 854 1218 Sitque
880 1142 1007 1199 talis
1036 1138 1347 1212 differentia
1378 1138 1523 1192 inter
1551 1136 1789 1191 liberum
1816 1132 2057 1189 hominis
2085 1149 2174 1187 ar-

520 1240 764 1303 bitrium,
797 1241 848 1290 et
868 1233 983 1305 ejus
1002 1227 1393 1292 substantiam,
1432 1232 1497 1281 ut
1540 1231 1743 1280 natura
1789 1224 1851 1277 in
1896 1223 2174 1278 voluntate

514 1322 1053 1391 rationali,liberum
1078 1334 1205 1374 vero
1233 1318 1533 1372 arbitrium
1562 1315 1679 1386 ejus
1704 1312 2093 1379 libertate,sive
2113 1313 2171 1367 in

514 1427 665 1476 motu
695 1414 886 1471 liberae
911 1409 1245 1466 naturaliter
1276 1405 1590 1471 voluntatis,
1613 1403 1726 1458 sive
1750 1404 1809 1457 in
1837 1416 2065 1458 munere
2094 1402 2175 1456 in-

516 1504 864 1576 telligentiw.

585 1598 641 1651 7.
705 1593 839 1662 Quae
890 1590 1019 1657 tria,
1081 1586 1139 1642 id
1193 1592 1271 1640 cst
1329 1584 1487 1651 liber,
1546 1588 1721 1638 motus
1779 1580 2171 1649 intelligentia,

520 1687 757 1743 liberum
785 1679 1085 1737 arbitrium
1109 1677 1252 1731 inter
1272 1689 1330 1729 se
1357 1678 1685 1743 componunt
1715 1690 1733 1725 :
1764 1678 1844 1737 ut,
1877 1671 2021 1724 sicut
2043 1667 2174 1723 sub-

515 1774 721 1832 stantia
768 1772 830 1826 in
879 1783 986 1840 qua
1030 1772 1125 1833 est,
1177 1765 1327 1819 trina
1363 1763 1438 1817 sit
1487 1778 1499 1816 :
1551 1768 1627 1816 est
1675 1761 1844 1824 cnim,
1875 1766 1925 1813 et
1960 1759 2094 1825 vult,
2127 1765 2180 1814 et

518 1864 625 1921 scit
671 1880 689 1916 :
734 1861 813 1916 ita
853 1865 905 1914 et
951 1853 1094 1912 illud
1136 1853 1348 1909 trinum
1380 1851 1507 1921 ﬁat;
1538 1849 1698 1916 liber,
1730 1856 1928 1915 motus,
1961 1847 2174 1903 intelli—
2208 1882 2252 1947 Β

525 1969 753 2107 ῼωὸῖοά
785 2052 921 2110 ergo
961 2033 1121 2100 dicit,
1156 2031 1437 2087 interioris
1479 2008 1717 2084 hoininis
1759 2027 2178 2083 substantialem

519 2131 767 2188 trinitem
796 2128 858 2182 in
884 2124 1119 2181 essen-tia
1145 2129 1195 2178 et
1226 2121 1499 2176 voluntate
1526 2125 1577 2173 et
1606 2117 1837 2172 scientia
1881 2117 2172 2179 contineri,

518 2237 587 2277 ex
616 2208 1370 2291 parteexdisputationibus
1387 2207 1573 2263 sancti
1604 2205 1911 2280 Augustini
1930 2204 2176 2260 inlibris

518 2309 589 2364 de
618 2304 904 2363 Trinitate
933 2300 1215 2372 sumpsit;
1250 2315 1319 2353 ex
1349 2300 1513 2369 parte
1544 2295 1615 2350 de
1653 2312 1760 2350 suo
1808 2293 2172 2368 excogitavit.

517 2397 671 2454 Dicit
698 2393 856 2450 enim
887 2393 1092 2447 beatus
1122 2387 1488 2461 Augustinus
1523 2386 1594 2440 de
1625 2388 1828 2441 sancta
1856 2388 1914 2439 et
1944 2400 2178 2440 summa

519 2485 805 2543 Trinitate
826 2477 1260 2553 disputans(lib.
1286 2494 1363 2543 IX,
1395 2478 1574 2546 cap.2,
1605 2483 1655 2529 et
1687 2475 1784 2528 lib.
1819 2491 1911 2541 xv,
1944 2490 2063 2545 cap.
2092 2476 2172 2542 7),

519 2578 577 2630 et
607 2574 678 2628 de
706 2574 900 2627 mente
929 2566 1189 2624 hominis
1208 2563 1309 2620 ubi
1330 2565 1399 2619 ad
1420 2562 1738 2634 imaginem
1765 2567 1823 2618 et
1843 2562 2176 2618 similitudi-

518 2680 655 2720 nem
684 2660 786 2717 Dei
816 2657 1089 2715 conditur
1117 2658 1224 2721 est,
1261 2650 1709 2708 similitudinem
1741 2651 1812 2707 ad
1844 2652 2027 2707 Deum
2056 2656 2173 2707 tra-

518 2752 691 2819 hens,
723 2753 788 2805 ut
817 2764 920 2820 per
949 2745 1111 2801 illam
1142 2742 1460 2816 imaginem
1492 2739 1773 2796 trinitatis
1807 2758 1934 2813 qua:
1973 2745 2064 2798 est
2112 2740 2172 2796 in

517 2844 715 2900 mente
742 2835 1002 2894 hominis
1034 2832 1363 2890 sublevaret
1389 2846 1494 2886 nos
1541 2831 1611 2885 ad
1657 2828 2173 2903 contemplandum

517 2936 843 3000 utcumque
873 2924 1220 2981 Trinitatem
1254 2938 1381 2993 quae
1413 2920 1566 2975 Deus
1598 2919 1880 2987 est.Dicit,
1905 2920 2169 2992 inquam.

519 3020 643 3075 hazc
672 3016 805 3085 tria,
838 3015 897 3071 id
929 3018 1017 3070 est
1045 3028 1193 3077 esse,
1230 3026 1423 3076 nosse,
1455 3014 1512 3065 et
1538 3008 1704 3076 velle,
1739 3008 1821 3064 ita
1868 3010 1925 3064 in
1977 3013 2173 3066 mente

520 3105 779 3165 hominis
800 3103 1138 3169 inveniri,ut
1169 3104 1226 3155 et
1257 3099 1531 3155 distincte
1552 3099 1664 3152 tria
1685 3097 1885 3166 sint,et
1906 3098 2173 3154 substan-

520 3198 604 3254 tia
624 3211 808 3252 unum
835 3193 983 3257 sint;
1016 3190 1279 3246 videlicet
1299 3188 1535 3261 quando
1554 3203 1875 3260 mens,quze
1898 3187 2174 3243 naturali-

2278 598 2507 664 tentia.J

2351 688 2468 744 lste
2495 703 2628 743 vero
2659 703 2793 743 cum
2825 686 2947 742 haec
2976 684 3232 759 legisset,
3266 689 3387 741 tam
3417 684 3639 742 utiliter
3667 689 3726 742 et
3772 684 3940 743 salu-

2278 777 2459 833 briter
2489 776 2561 832 ad
2591 774 3083 831 illuminationem
3115 778 3326 832 nostra:
3358 775 3495 830 ﬁdei
3526 775 3827 844 dicta,non
3847 780 3948 832 est

2280 869 2589 923 contentus
2621 863 3019 921 moderamine
3048 868 3106 921 et
3134 864 3349 938 pietate
3369 863 3556 920 sancti
3577 864 3946 934 doctoris,ne

2279 955 2561 1013 terminos
2572 955 2645 1010 ab
2657 971 2724 1010 eo
2741 955 3007 1027 praefixos
3019 954 3319 1010 excederet
3339 970 3351 1008 :
3373 953 3475 1011 sed
3496 953 3720 1009 addidit
3739 954 3812 1010 de
3828 972 3946 1011 suo

2280 1046 2436 1117 quod
2451 1044 2573 1100 haec
2586 1044 2698 1099 tria
2711 1061 2839 1116 quae
2853 1044 2912 1098 in
2927 1048 3121 1100 mente
3152 1042 3410 1099 hominis
3440 1043 3944 1116 contemplantur,

2281 1133 2537 1190 Trinitas
2558 1134 2637 1189 sit
2656 1132 3096 1190 substantialis:
3116 1150 3252 1189 cum
3285 1131 3542 1189 Trinitas
3564 1133 3947 1190 substantilis

2280 1227 2337 1281 et
2368 1222 2756 1291 substantive,
2790 1222 2847 1276 id
2870 1226 2959 1277 est
2996 1240 3124 1295 qua:
3146 1220 3615 1277 substantialiter
3642 1221 3702 1277 in
3740 1239 3947 1294 perso-

2281 1314 2375 1371 nis
2404 1313 2710 1380 consistat,
2742 1311 3080 1368 nullatenus
3109 1310 3354 1367 inveniri
3383 1311 3591 1384 possit,
3615 1310 3728 1367 nisi
3755 1313 3946 1370 unius

2281 1402 2403 1460 Dei.
2437 1403 2599 1459 Unde
2629 1407 2687 1458 et
2716 1402 2870 1457 idem
2905 1401 3128 1467 doctor,
3162 1417 3234 1457 ne
3265 1400 3400 1473 quis
3430 1404 3582 1457 erret
3611 1399 3670 1455 in
3714 1400 3946 1459 talibus

2282 1492 2529 1550 sollicite
2559 1494 2855 1557 admonet,
2888 1494 2946 1547 et
2974 1491 3143 1546 docet
3192 1489 3254 1546 in
3303 1489 3526 1546 eisdem
3555 1489 3746 1557 libris,
3778 1493 3944 1564 quod

2282 1600 2399 1639 non
2428 1582 2605 1639 homo
2637 1582 2713 1637 sit
2744 1581 2867 1637 haec
2896 1580 3027 1650 tria,
3061 1580 3162 1636 sed
3194 1578 3452 1636 hominis
3480 1578 3569 1635 vel
3600 1578 3658 1635 in
3698 1580 3949 1638 homine

2282 1672 2403 1729 sint
2430 1671 2550 1727 haec
2571 1669 2704 1726 tria.
2737 1669 2882 1726 Cum
2915 1684 2945 1725 e
2977 1668 3267 1725 contrario
3320 1668 3380 1724 in
3421 1673 3624 1725 sancta
3652 1668 3951 1728 Trinitate

2283 1760 2384 1817 illa
2408 1761 2521 1817 tria
2550 1776 2679 1832 qum
2713 1758 2985 1815 distincte
3015 1758 3095 1814 ibi
3145 1763 3567 1832 agnoscuntur,
3599 1758 3949 1817 nullatenus

2284 1851 2394 1906 dici
2429 1850 2680 1906 debeant
2709 1852 2811 1904 aut
2840 1846 3067 1921 possint
3098 1848 3156 1903 in
3193 1864 3308 1904 uno
3340 1848 3457 1904 Deo
3488 1864 3638 1917 esse,
3671 1849 3774 1905 sed
3805 1866 3950 1907 vere

2285 1957 2439 1995 unus
2470 1939 2624 1995 Deus
2653 1954 2801 1994 esse.
2853 1938 3051 2017 Neque
3093 1938 3251 1993 enim
3292 1937 3639 1994 'lrinitatem
3682 1938 3915 1996 dicimu

2283 2046 2412 2086 esse
2441 2028 2499 2084 in
2534 2029 2666 2096 Deo,
2701 2028 2801 2083 sed
2834 2026 3022 2100 ipsam
3052 2026 3394 2084 Trinitatem
3428 2027 3613 2084 Deum
3636 2027 3748 2085 :sic
3777 2029 3950 2087 enim

2284 2118 2409 2190 ipse
2439 2120 2679 2174 sanctus
2709 2116 2910 2172 doctor
2938 2116 3082 2172 dicit
3109 2115 3231 2189 (lib.
3267 2134 3341 2171 xv
3368 2116 3435 2173 de
3462 2118 3891 2191 Trinit.,cap.6)
3930 2137 3947 2176 :

2284 2205 2640 2279 [Invenimus
2670 2205 2729 2260 in
2761 2205 2997 2261 homine
3025 2204 3368 2274 trinitatem,
3404 2204 3461 2261 id
3490 2211 3579 2262 est
3599 2210 3857 2263 mentem
3884 2214 3953 2265 et

2285 2295 2552 2352 notitiam
2585 2312 2700 2367 qua
2731 2312 2793 2351 se
2824 2294 3066 2362 novit,et
3094 2294 3462 2351 dilectionem
3495 2313 3614 2368 qua
3643 2312 3704 2351 se
3725 2295 3947 2370 diligit;

2285 2388 2384 2443 sed
2417 2387 2540 2442 haec
2570 2387 2683 2442 tria
2710 2385 2793 2442 ita
2818 2391 2959 2442 sunt
2999 2386 3056 2441 in
3107 2385 3365 2453 homine,
3400 2393 3463 2442 ut
3508 2403 3624 2443 non
3664 2387 3792 2461 ipsa
3821 2388 3953 2445 sint

2283 2475 2460 2531 homo
2496 2492 2508 2530 :
2544 2476 2719 2531 homo
2751 2475 2907 2531 enim
2938 2475 3208 2540 est,eicut
3231 2480 3290 2532 et
3308 2479 3531 2532 veteres
3561 2476 3947 2546 definierunt,

2284 2564 2501 2621 animal
2535 2564 2816 2621 rationale
2841 2564 3107 2621 mortale.
3145 2564 3249 2621 Illa
3277 2582 3413 2639 ergo
3445 2565 3738 2622 excellunt
3759 2568 3821 2623 in
3843 2567 3954 2623 ho-

2283 2654 2460 2723 mine,
2492 2670 2606 2709 non
2640 2652 2767 2726 ipsa
2796 2658 2935 2709 sunt
2961 2653 3155 2720 homo,
3189 2658 3247 2709 et
3295 2671 3411 2711 una
3458 2672 3727 2727 persona,
3762 2655 3820 2712 id
3851 2662 3954 2713 est

2282 2742 2554 2817 singulus
2584 2743 2835 2816 quisque
2865 2742 3084 2810 homo.]
3116 2742 3301 2799 Habet
3329 2742 3431 2799 illa
3458 2745 3572 2800 tria
3612 2745 3671 2800 in
3721 2750 3950 2813 mente,

2279 2832 2366 2889 vel
2392 2836 2648 2888 mentem
2682 2849 2695 2887 :
2731 2848 2794 2887 ac
2825 2848 2927 2904 per
2957 2832 3066 2887 hoc
3112 2830 3214 2888 illa
3262 2849 3377 2889 non
3422 2832 3598 2889 homo
3642 2838 3803 2900 sunt,
3838 2836 3951 2891 sed

2280 2921 2539 2978 hominis
2570 2925 2727 2988 sunt,
2760 2920 2847 2976 vel
2888 2920 2946 2975 in
2996 2920 3233 2976 homine
3266 2925 3425 2977 sunt.
3457 2922 3727 2978 Detracto
3756 2922 3945 2980 etiam

2281 3026 2541 3083 corpore,
2574 3010 2623 3066 si
2656 3009 2781 3066 sola
2811 3008 3010 3065 anima
3039 3009 3328 3082 cogitetur
3355 3009 3599 3083 aliquid,
3619 3012 3748 3084 ejus
3772 3029 3953 3070 mens

2280 3104 2371 3155 est
2400 3103 2680 3171 tanquam
2715 3102 2892 3170 caput
2920 3099 3069 3170 ejus,
3102 3099 3190 3154 vel
3222 3098 3447 3165 oculus,
3483 3099 3569 3155 vel
3603 3099 3800 3169 facies,
3838 3103 3947 3158 sed

2285 3206 2399 3245 non
2433 3188 2556 3244 haec
2580 3192 2645 3244 ut
2673 3204 2916 3260 corpora
2946 3186 3257 3260 cogitanda
3287 3188 3578 3245 sunt.Non
3609 3188 3793 3261 igitur
3814 3191 3947 3247 ani-

519 3252 611 3342 ter
640 3252 1104 3353 est,naturaliter
1135 3252 1375 3334 novitse
1397 3282 1455 3334 et
1486 3252 1827 3332 naturaliter
1855 3277 2065 3342 vult,id
2087 3282 2177 3333 est
2206 3252 2249 3320 α
2289 3295 2405 3346 ma,
2454 3278 2556 3335 sed
2602 3252 3047 3350 quod-sacelli;
3083 3278 3139 3332 in
3189 3278 3406 3344 anima,
3441 3295 3607 3335 mens
3631 3252 3899 3337 “vocatur
3929 3299 3943 3337 :

522 3373 714 3448 diligit
743 3388 935 3441 se,nec
968 3371 1038 3425 ad
1074 3368 1229 3425 aliud
1262 3371 1401 3422 tunc
1434 3367 1682 3422 refertur
1709 3366 1838 3435 ejus
1869 3366 2076 3422 notitia
2118 3371 2176 3423 et

517 3463 791 3521 voluntas
822 3460 936 3517 nisi
968 3460 1039 3515 ad
1069 3457 1525 3530 seipsam.Tunc
1550 3454 1708 3510 enim
1739 3453 1874 3510 licet
1901 3454 2174 3511 distincte

520 3552 927 3624 intelligantur
974 3549 1098 3604 hmo
1148 3546 1259 3602 tria
1306 3562 1432 3601 esse
1477 3544 1537 3599 in
1588 3547 1802 3609 mente,
1835 3544 1892 3599 id
1927 3548 2175 3601 estesse

519 3645 578 3698 et
625 3656 800 3696 nosse
848 3655 931 3704 se,
981 3640 1038 3692 et
1084 3635 1228 3691 velle
1276 3652 1359 3701 se,
1424 3637 1618 3688 tamen
1678 3636 1735 3688 et
1793 3632 1987 3705 ipsum
2045 3651 2174 3691 esse

520 3733 754 3796 natura,
819 3728 876 3782 id
937 3728 1026 3780 est
1077 3722 1330 3780 essentia
1385 3721 1598 3777 mentis
1655 3727 1762 3789 est,
1821 3725 1877 3777 et
1933 3722 2171 3779 omnino

519 3817 866 3875 naturaliter
913 3814 1070 3871 novit
1108 3831 1189 3880 se,
1224 3817 1281 3868 et
1312 3811 1656 3867 naturaliter
1683 3810 1807 3866 vult
1836 3827 1932 3879 se;
1966 3815 2021 3868 et
2053 3816 2173 3869 tota

518 3910 692 3975 est,et
720 3905 873 3961 sicut
902 3908 1024 3960 tota
1053 3902 1227 3957 habet
1255 3917 1403 3967 esse,
1439 3900 1523 3956 sic
1548 3899 1723 3955 etiam
1754 3904 1969 3956 tota'se
1991 3902 2170 3968 novit,

518 3996 604 4053 sic
634 3998 756 4051 tota
784 4010 846 4050 se
873 3992 999 4048 vult
1028 3995 1085 4047 et
1115 3990 1327 4065 diligit.
1361 3991 1432 4045 Et
1461 3989 1589 4045 ideo
1619 3993 1760 4044 tunc
1815 3994 2037 4062 quanta
2083 3995 2172 4047 est

516 4085 771 4144 essentia
802 4085 951 4156 ejus,
987 4086 1153 4137 tanta
1180 4085 1269 4136 est
1295 4083 1353 4134 et
1381 4078 1589 4134 notitia
1617 4079 1745 4150 ejus
1798 4082 1856 4134 et
1898 4078 2168 4136 voluntas

515 4176 665 4249 ejus.
699 4175 770 4230 Et
800 4189 868 4229 ex
897 4172 1006 4227 hac
1040 4167 1477 4241 comparatione
1508 4167 1783 4222 admonet
1820 4168 2028 4224 beatus
2059 4169 2165 4225 do-

514 4269 658 4333 ctor,
685 4266 752 4319 ut
780 4279 848 4318 ex
876 4258 1264 4317 similitudine
1296 4256 1509 4312 mentis
1541 4259 1749 4312 nostrae
1782 4272 2168 4330 exsurgamus

516 4354 587 4410 ad
620 4356 847 4408 contem
855 4349 1131 4423 plandam
1150 4362 1344 4403 veram
1361 4344 1709 4401 Trinitatem
1729 4361 1856 4417 qum
1872 4344 2026 4402 Deus
2047 4350 2163 4404 est:

515 4447 584 4499 ut
612 4441 765 4499 sicut
794 4440 913 4494 haec
944 4438 1078 4504 tria,
1112 4436 1170 4491 id
1203 4440 1293 4491 est
1323 4452 1470 4496 esse.
1506 4451 1677 4490 nosse
1705 4451 1786 4503 se,
1821 4439 1877 4490 et
1906 4435 2049 4492 velle
2081 4454 2164 4503 se,

512 4531 597 4587 ita
626 4529 1007 4585 inveniuntur
1036 4526 1093 4580 in
1129 4530 1323 4580 mente
1355 4523 1705 4590 hominis,ut
1724 4529 1779 4579 et
1801 4525 2028 4596 proprie
2050 4525 2167 4580 sin-

2283 3368 2550 3441 nunquid
2603 3371 2796 3422 autem
2848 3383 3166 3438 possumus
3215 3367 3409 3423 dicere
3464 3367 3812 3425 Trinitatem
3853 3370 3947 3428 sic

2282 3474 2411 3514 esse
2444 3458 2503 3513 in
2534 3457 2671 3522 Deo,
2706 3459 2772 3511 ut
2801 3455 3023 3528 aliquid
3058 3456 3155 3511 Dei
3189 3456 3286 3522 sit,
3319 3473 3425 3513 nec
3454 3456 3584 3530 ipsa
3612 3456 3690 3513 sit
3735 3458 3949 3517 Deus?

2356 3548 2472 3601 Iste
2500 3562 2633 3601 vero
2665 3548 2976 3617 postquam
3010 3560 3124 3600 non
3157 3549 3311 3602 recte
3342 3545 3793 3603 substantialem
3817 3549 3949 3605 Tri-

2282 3635 2525 3690 nitatem
2557 3634 2616 3689 in
2646 3634 2863 3690 mentis
2894 3634 3152 3690 essentia
3181 3637 3239 3690 et
3284 3635 3581 3691 voluntate
3606 3640 3665 3692 et
3692 3635 3951 3694 scientia

2283 3722 2568 3780 contineri
2597 3723 2759 3790 dixit,
2793 3723 2955 3779 addit
2983 3722 3175 3779 adhuc
3207 3723 3366 3779 aliud
3412 3725 3602 3797 pejus,
3636 3724 3838 3782 dicens
3869 3727 3951 3784 de

2281 3813 2411 3886 ipsa
2439 3812 2696 3869 hominis
2727 3816 2922 3869 mente
2955 3829 2969 3867 :
3003 3813 3109 3869 Nec
3136 3813 3295 3869 aliud
3338 3816 3393 3870 ei
3436 3831 3551 3871 esse
3579 3818 3634 3871 et
3661 3816 3819 3881 velle,
3842 3800 3950 3873 nec

2280 3903 2438 3959 aliud
2466 3903 2602 3958 velle
2619 3910 2671 3958 et
2688 3904 2859 3970 scire;
2892 3910 3166 3975 totamque
3186 3904 3395 3961 anim
3412 3912 3675 3959 naturam
3696 3905 3955 3962 volunta-

2280 4000 2389 4048 tem
2415 4006 2563 4057 esse;
2592 3990 2685 4045 sed
2714 3989 2832 4046 hsce
2861 3992 2970 4045 tria
2990 4006 3161 4045 unam
3188 3990 3619 4047 naturam.Cum
3650 4008 3682 4046 e
3712 3996 3950 4048 contra-

2280 4081 2365 4136 rio
2399 4078 2736 4136 firmissime
2768 4079 2912 4135 fides
2944 4083 3138 4135 teneat
3167 4079 3392 4135 nullam
3423 4083 3752 4136 creaturam
3785 4097 3949 4145 esse,

2280 4169 2336 4224 id
2372 4174 2595 4225 estnec
2627 4166 2975 4241 angelicam,
3015 4184 3119 4224 nec
3173 4168 3519 4235 humanam,
3552 4187 3681 4242 quae
3734 4168 3819 4225 ita
3865 4171 3955 4227 sit

2279 4257 2566 4331 simplicis
2598 4262 2840 4326 naturai,
2872 4257 2960 4313 vel
2993 4256 3280 4327 essentia,
3308 4262 3373 4314 ut
3401 4258 3555 4331 quod
3584 4261 3675 4315 est
3702 4258 3753 4315 ei
3786 4275 3947 4328 esse,

2278 4346 2385 4403 hoc
2416 4347 2494 4402 sit
2524 4345 2869 4419 intelligere,
2904 4346 3042 4418 quia
3070 4345 3337 4402 videlicet
3367 4350 3559 4419 potest
3585 4363 3714 4404 esse
3734 4351 3792 4403 et
3818 4364 3946 4405 non

2277 4435 2621 4508 intelligere.
2656 4436 2771 4490 Nec
2803 4435 2958 4508 quod
2990 4440 3080 4491 est
3110 4435 3161 4492 ei
3192 4451 3344 4503 esse,
3369 4435 3479 4493 hoc
3509 4441 3600 4493 est
3626 4434 3947 4509 velle,quia

2276 4529 2470 4596 potest
2500 4540 2628 4579 esse
2659 4527 2716 4579 et
2754 4540 2869 4579 non
2901 4522 3065 4579 velle.
3101 4524 3216 4580 Nec
3247 4524 3354 4580 hoc
3385 4523 3466 4580 illi
3500 4528 3589 4581 est
3618 4541 3746 4581 esse
3777 4527 3941 4597 quod

513 4619 654 4693 gula
683 4618 1115 4682 discernantur,
1149 4618 1207 4669 et
1238 4618 1432 4668 tamen
1484 4611 1949 4669 substantialiter
1978 4617 2035 4669 et
2063 4630 2165 4670 na-
2196 4630 2245 4693 ι)
2276 4613 2619 4685 nosse,quia
2644 4616 2834 4685 potest
2863 4630 2991 4668 esse
3020 4618 3075 4669 et
3107 4630 3221 4669 non
3256 4614 3579 4671 nosse.Nec
3608 4613 3718 4669 hoc
3740 4613 3822 4669 illi
3845 4621 3944 4671 est

510 4706 782 4763 turaliter
812 4721 995 4761 unum
1031 4704 1166 4760 sint.
1204 4703 1270 4758 Et
1294 4702 1499 4774 quinta
1529 4705 1617 4757 est
1646 4701 1777 4773 ipsa
1806 4706 2165 4766 mens,tanta

510 4800 652 4853 tunc
684 4796 762 4852 sit
790 4798 847 4850 et
876 4793 1085 4849 notitia
1105 4791 1194 4849 sui
1215 4795 1272 4847 et
1290 4790 1521 4846 dilectio
1553 4789 1812 4862 sui,quia
1835 4793 1956 4845 tota
1983 4807 2044 4846 se
2065 4808 2165 4847 no-

506 4885 609 4954 vit,
638 4888 758 4941 tota
788 4900 850 4939 se
882 4882 1044 4955 diligi
1080 4898 1092 4937 :
1128 4881 1209 4937 ita
1239 4897 1308 4936 ex
1339 4879 1447 4934 hac
1478 4877 1733 4950 imagine
1781 4882 1838 4933 et
1885 4877 2162 4935 similitu-

508 4974 645 5031 dine
679 4973 775 5029 Dei
804 4970 1174 5028 sublevemus
1208 4967 1569 5024 intellectum
1592 4967 1663 5021 ad
1697 4965 1886 5038 ipsam
1916 4967 2166 5023 Trinita-

505 5067 626 5121 tem
658 5060 977 5128 Domini,et
1007 5074 1396 5132 agnoscamus
1416 5056 1476 5111 in
1498 5056 1629 5127 ipsa
1651 5055 1821 5110 beata
1850 5058 1906 5110 et
1928 5073 2165 5113 summa

506 5152 813 5219 Trinitate,
848 5150 1125 5205 distincte
1154 5152 1210 5202 et
1242 5145 1474 5219 preprie
1506 5144 1619 5199 tria
1647 5160 1796 5210 esse,
1823 5144 1880 5199 id
1933 5149 2021 5201 est
2052 5150 2159 5201 Pa-

505 5243 678 5308 trem,
710 5244 766 5295 ct
798 5238 1029 5304 Filium,
1064 5241 1119 5293 et
1150 5236 1431 5308 Spiritum
1482 5237 1774 5298 sanctum,
1808 5238 1865 5289 et
1898 5232 2019 5288 haec
2049 5234 2164 5290 tria

505 5327 897 5387 essentialiter
925 5331 984 5383 et
1015 5324 1359 5382 naturaliter
1404 5339 1589 5378 unum
1637 5338 1783 5390 esse,
1817 5325 1878 5382 et
1912 5322 2163 5394 (equalia

506 5422 729 5487 esse,ut
757 5421 1016 5489 quantus
1038 5420 1125 5471 est
1145 5416 1223 5469 ibi
1249 5415 1643 5481 Pater,tantns
1672 5417 2161 5482 agnoscatur-esse

505 5511 563 5563 et
594 5506 798 5577 Filius,
832 5510 1032 5561 tantus
1064 5508 1120 5559 et
1150 5502 1404 5574 Spiritus
1446 5505 1705 5556 sanctus.
1738 5500 1968 5572 Sicque,
2001 5500 2162 5557 velut

503 5610 608 5666 per
637 5594 941 5667 speculum
976 5598 1032 5649 et
1061 5592 1119 5647 in
1151 5592 1458 5663 aenigmate
1490 5590 1704 5645 mentis
1736 5594 1945 5645 nostra:
1978 5590 2163 5647 disca-

504 5698 640 5740 mus
666 5683 989 5756 intelligere
1010 5685 1276 5739 sanctam
1296 5678 2006 5748 'Ih'initatem,distinctam
2030 5696 2161 5751 per-

2273 4721 2401 4759 esse
2434 4702 2589 4775 quod
2625 4701 3032 4774 diligere,quia
3057 4706 3247 4775 potest
3277 4719 3406 4759 esse
3438 4707 3494 4758 et
3523 4719 3638 4759 non
3661 4701 3938 4776 diligere.

2273 4792 2467 4849 Solius
2499 4795 2692 4847 autem
2724 4791 2929 4846 divina
2958 4796 3181 4847 natura:
3212 4796 3301 4848 est
3330 4808 3568 4848 summa
3586 4790 3689 4848 illa
3707 4796 3765 4848 et
3784 4791 3940 4849 inef-

2272 4879 2468 4936 fabilis
2498 4878 2865 4952 simplicitas,
2901 4884 2967 4935 ut
3014 4881 3167 4953 quod
3218 4884 3307 4936 est
3354 4881 3406 4937 ei
3450 4897 3601 4951 esse,
3633 4880 3742 4936 hoc
3771 4880 3824 4937 ei
3855 4882 3944 4939 sit

2273 4968 2554 5042 quidquid
2589 4968 2870 5024 veraciter
2899 4969 3115 5024 dicitur
3140 4984 3287 5026 esse.
3320 4969 3493 5026 Verbi
3524 4969 3734 5043 gratia,
3769 4973 3934 5043 quod

2272 5062 2361 5115 est
2388 5058 2438 5113 ei
2469 5073 2617 5124 esse,
2651 5058 2760 5113 hoc
2790 5062 2879 5113 est
2908 5057 3253 5132 intelligere,
3290 5059 3430 5131 quia
3471 5076 3586 5115 non
3620 5064 3709 5115 est
3733 5058 3795 5114 in
3828 5058 3937 5118 illo

2271 5146 2428 5203 aliud
2460 5145 2717 5202 essentia
2746 5151 2803 5202 et
2830 5145 2989 5202 aliud
3021 5146 3405 5220 intelligentia
3439 5164 3452 5203 :
3487 5148 3588 5203 sed
3637 5148 3793 5219 quod
3839 5155 3939 5205 est

2270 5234 2543 5301 essentia,
2586 5233 2695 5289 hoc
2744 5232 3157 5307 intelligentia;
3211 5239 3268 5290 et
3318 5234 3471 5307 quod
3517 5234 3936 5309 intelligentia,

2270 5324 2378 5380 hoc
2416 5320 2689 5379 essentia.
2723 5322 3004 5379 Similiter
3048 5340 3166 5378 non
3214 5328 3303 5379 est
3346 5322 3431 5378 illi
3481 5323 3641 5380 aliud
3690 5341 3820 5381 esse
3867 5333 3937 5382 et

2270 5412 2427 5467 aliud
2459 5410 2783 5483 sapientem
2816 5411 3112 5483 esse,quia
3141 5427 3257 5467 non
3279 5413 3451 5467 estin
3481 5411 3613 5469 illos
3643 5411 3802 5468 aliud
3837 5429 3937 5470 es-

2271 5500 2461 5557 sentia
2506 5504 2561 5555 et
2606 5499 2766 5554 aliud
2818 5500 3105 5573 sapientia
3136 5516 3150 5555 :
3186 5501 3286 5556 sed
3319 5502 3473 5574 quod
3506 5502 3781 5567 essentia,
3814 5502 3935 5561 hoc

2270 5588 2579 5663 sapientia,
2611 5593 2669 5644 et
2699 5589 2854 5662 quod
2886 5588 3192 5662 sapientia,
3227 5589 3337 5646 hoc
3390 5591 3666 5648 essentia.
3702 5596 3778 5648 De
3809 5608 3936 5665 qua

2271 5695 2331 5736 re
2362 5679 2518 5734 idem
2550 5677 2755 5733 beatus
2786 5677 2989 5733 doctor
3018 5678 3103 5734 ita
3129 5677 3412 5750 loquitur,
3442 5679 3644 5737 dicens
3677 5694 3691 5736 :
