4100 6478
152 459 279 525 183

1129 462 1364 525 LIBER
1402 462 1816 527 ADVERSUS
1859 463 2225 527 JOANNEM
2269 462 2609 533 SCOTUM.

3460 464 3578 537 illi

148 601 211 653 ut
239 593 440 671 possit
466 590 637 665 velle,
659 599 727 652 ut
756 593 945 669 possit
984 595 1162 653 etiam
1201 613 1374 670 posse
1405 597 1559 669 quod
1592 597 1812 653 bonum
1844 600 1897 665 Α
1924 598 2016 664 cit,
2047 615 2222 655 sermo
2252 616 2348 673 qui
2388 604 2624 675 scriptus
2667 612 2747 661 est
2775 623 2793 662 :
2823 604 3085 682 Absorpta
3130 618 3209 667 est
3250 629 3397 670 mors
3424 632 3459 672 a
3488 616 3548 671 vi
3560 641 3577 652 -
3604 620 3605 623 “

147 690 265 753 est;
292 690 360 741 ut
391 689 594 741 autem
627 684 738 741 hoc
763 685 918 756 velit,
945 688 1009 741 ut
1037 685 1147 741 hoc
1178 686 1365 759 possit
1397 703 1511 741 non
1542 685 1720 741 habet
1750 703 1817 740 ex

147 791 227 844 se,
252 775 360 830 sed
395 791 469 830 ex
508 772 609 830 illo
640 778 875 830 tantum
922 776 1019 848 qui
1062 783 1318 846 operatur
1347 774 1406 829 in
1440 774 1714 830 cordibus
1745 774 1819 828 ﬁ-

146 863 293 920 lium
325 872 380 920 et
411 864 555 920 velle
579 872 632 920 et
657 865 918 937 perﬁcere
936 880 1037 936 pro
1066 864 1203 920 bona
1227 864 1526 920 voluntate.
1561 863 1700 919 Inde
1730 867 1820 919 est

145 952 245 1009 illa
275 952 688 1010 ecclesiastica
716 958 773 1007 et
794 951 1141 1009 ﬁdelissima
1170 952 1451 1021 deﬁnitio,
1477 969 1654 1025 quam
1688 952 1819 1007 bea-

145 1047 240 1099 tus
271 1058 433 1116 papa
462 1041 812 1098 Gmlestinus
844 1042 1010 1115 ponit
1047 1041 1107 1097 in
1157 1042 1412 1099 Decretis
1461 1041 1586 1097 suis
1618 1042 1819 1097 dicens

146 1133 409 1204 (Caelest.,
442 1134 620 1204 Epist.
676 1131 747 1187 ad
796 1131 936 1187 Gall.
989 1130 1165 1203 epise.
1198 1131 1363 1200 819):
1394 1132 1521 1197 [Ita
1573 1135 1726 1187 Deus
1757 1130 1817 1185 in

145 1221 429 1279 cordibus
463 1220 779 1276 hominum
825 1225 1003 1293 atque
1034 1220 1094 1274 in
1133 1220 1260 1293 ipso
1312 1220 1493 1276 libero
1544 1225 1821 1294 operatur

145 1308 412 1375 arbitrio,
446 1312 519 1365 ut
558 1313 765 1365 sancta
804 1307 1102 1381 cogitatio,
1134 1308 1296 1381 pium
1327 1309 1660 1376 consilium,
1694 1325 1817 1365 om-

144 1399 354 1471 nisque
390 1401 597 1454 motus
627 1398 792 1453 bonae
819 1397 1139 1454 voluntatis
1161 1414 1229 1454 ex
1259 1397 1375 1453 Deo
1408 1398 1519 1454 sit:
1552 1397 1689 1471 quia
1719 1415 1821 1471 per

144 1487 311 1544 illum
344 1486 581 1560 aliquid
616 1486 753 1542 boni
785 1502 1124 1559 possumus,
1148 1485 1274 1542 sine
1296 1504 1411 1560 quo
1438 1486 1585 1542 nihil
1618 1504 1822 1559 possu-

145 1582 320 1645 mus.]
366 1577 442 1632 Et
493 1575 713 1632 iterum
745 1576 931 1645 (Ibid.,
958 1578 1013 1645 8)
1044 1593 1057 1631 :
1091 1575 1321 1643 [Omnia
1359 1574 1573 1645 studia,
1622 1576 1821 1632 omnia

144 1683 319 1740 opera
341 1683 414 1722 ac
442 1665 659 1722 merita
690 1664 1032 1722 sanctorum
1057 1664 1128 1721 ad
1156 1664 1257 1720 Dei
1284 1664 1530 1738 gloriam
1554 1664 1819 1721 laudem-

144 1772 255 1827 que
285 1753 603 1811 ret‘erenda
654 1758 812 1810 sunt.
837 1753 983 1819 Quia
1038 1770 1210 1809 nemo
1256 1751 1494 1810 aliunde
1525 1754 1574 1810 ei
1609 1754 1819 1826 placet,

145 1844 254 1900 nisi
274 1861 348 1900 ex
371 1861 442 1900 eo
469 1844 631 1915 quod
661 1843 789 1917 ipse
814 1843 1155 1910 donaverit.]
1183 1843 1263 1898 Ex
1285 1859 1403 1915 qua
1425 1843 1745 1916 apostolica
1765 1848 1822 1899 et

144 1932 555 1990 ecclesiastica
585 1931 926 1988 deﬁnitione
956 1931 1285 1988 certissime
1315 1931 1644 1988 ostenditur
1673 1931 1821 1988 nihil

144 2039 316 2094 posse
348 2022 415 2077 in
440 2021 689 2077 homine
718 2020 971 2077 liberum
996 2020 1305 2076 arbitrium
1331 2021 1401 2076 ad
1426 2022 1817 2093 appetendum

142 2111 225 2168 vel
260 2111 679 2184 peragendum
730 2110 972 2176 bonum,
1016 2108 1129 2165 nisi
1182 2110 1356 2165 fuerit
1386 2109 1598 2165 Christi
1631 2110 1821 2183 gratia

143 2199 494 2256 liberatum.
520 2200 623 2255 Est
650 2202 848 2255 tamen
879 2198 1129 2254 liberum
1153 2197 1225 2254 ad
1251 2197 1658 2271 malum,quia,
1685 2216 1819 2254 cum

143 2294 369 2362 peccat,
394 2305 517 2345 non
542 2287 744 2367 aliqua
770 2287 1116 2343 necessitate
1138 2286 1383 2360 cogitur,
1400 2288 1501 2343 sed
1522 2286 1820 2344 voluntate

144 2378 384 2452 propria
416 2379 795 2450 depravatur.

209 2468 398 2524 Addit
430 2465 646 2522 deinde
694 2466 807 2522 iste
838 2470 894 2521 et
924 2464 1067 2521 dicit
1100 2482 1113 2520 ε
1146 2465 1301 2521 Sicut
1338 2466 1579 2521 animale
1625 2483 1820 2537 corpus

139 2559 320 2629 potuit
358 2558 532 2623 mori,
567 2557 700 2627 quia
751 2554 928 2610 adhuc
972 2571 1085 2611 non
1132 2563 1250 2610 erat
1294 2559 1615 2627 perfectum,
1658 2556 1713 2610 id
1742 2563 1821 2611 est

141 2647 469 2719 spirituale,
496 2646 575 2701 ita
604 2647 878 2710 voluntas,
901 2646 1077 2700 libera
1106 2644 1282 2700 adhuc
1311 2646 1574 2699 animalis
1602 2647 1816 2713 merito,

143 2738 282 2808 quia
307 2736 571 2792 mortalis
597 2736 780 2806 potuit
804 2750 1042 2805 peccare,
1069 2736 1331 2805 quoniam
1361 2733 1540 2789 adhuc
1566 2750 1674 2790 non
1705 2741 1825 2790 erat

139 2829 414 2899 perfecta,
438 2840 572 2897 quae
612 2826 803 2895 utique
828 2825 1088 2895 perfectio
1119 2824 1391 2879 libertatis
1421 2833 1543 2896 post
1571 2825 1824 2880 mandati

142 2916 462 2972 custodiam
496 2915 841 2985 impleretur,
862 2913 994 2969 dum
1013 2915 1067 2970 ei
1081 2913 1348 2985 peccandi
1368 2915 1620 2969 voluntas
1639 2914 1824 2989 aufer-

146 3013 342 3071 retur;
378 3002 483 3057 ubi
515 3000 656 3074 quid
684 3000 845 3058 aliud
869 3002 1181 3058 dicendum
1212 3002 1282 3057 de
1309 3018 1547 3075 corpore
1577 3001 1820 3058 animali

143 3099 203 3150 et
234 3091 564 3167 spirituali,
597 3091 709 3146 nisi
750 3091 909 3163 quod
940 3091 1249 3163 Apostolus
1282 3091 1449 3147 docet
1480 3093 1680 3147 dicens
1714 3110 1726 3146 :
1762 3093 1824 3148 Si

142 3192 221 3238 est
255 3198 466 3253 corpus
510 3181 772 3244 animale,
810 3188 861 3235 et
906 3188 984 3235 est
1027 3181 1339 3252 spirituale,
1372 3182 1515 3236 sicut
1557 3182 1824 3252 scriptum

142 3281 221 3329 est
249 3291 269 3328 :
300 3274 492 3342 factus
520 3279 598 3327 est
624 3272 841 3342 primus
868 3272 1024 3326 homo
1056 3270 1227 3326 Adam
1263 3272 1323 3326 in
1360 3273 1608 3326 animum
1635 3273 1821 3328 viven-

1927 689 2070 744 toria
2102 690 2291 761 (lbid.,
2320 691 2411 760 53,
2443 694 2565 761 54);
2599 702 2660 749 ut
2700 712 2894 768 corpus
2945 701 3096 770 quod
3142 718 3287 759 nunc
3336 704 3578 761 animale

1925 779 2231 834 seminatur
2260 779 2318 833 in
2351 787 2556 846 morte,
2590 792 2720 839 tunc
2761 796 3013 858 resurgat
3058 791 3346 862 spirituale
3374 792 3570 865 (Ibid,

1927 867 2043 938 44),
2068 866 2229 923 nullo
2252 870 2377 940 jam
2410 871 2686 929 alimento
2713 879 3188 948 sustentandum,
3211 880 3373 938 nulla
3400 882 3577 939 mole-

1928 956 2039 1011 stia
2067 961 2583 1031 corrumpendum,
2608 963 2770 1019 nulla
2800 970 2986 1023 morte
3007 968 3575 1039 dissolvendum,sed

1928 1045 2050 1101 solo
2104 1046 2313 1119 spiritu
2372 1054 2585 1106 aeterna
2641 1053 3081 1114 immortalitate
3136 1060 3573 1121 viviﬁcandum.

1928 1135 2105 1199 Quale
2135 1140 2260 1193 erat
2286 1137 2462 1194 etiam
2508 1140 2770 1199 futurum
2803 1160 3015 1218 corpus
3043 1149 3176 1204 Adae
3207 1152 3371 1208 nulla
3399 1154 3577 1211 inter-

1928 1226 2165 1282 cedente
2198 1230 2402 1295 morte,
2428 1229 2544 1285 Deo
2572 1232 2699 1303 ejus
2721 1234 3112 1293 obedientiam
3144 1249 3573 1315 remunerante,

1928 1315 1976 1370 si
2010 1332 2127 1370 non
2158 1322 2471 1387 peccasset.

2000 1469 2203 1540 Itaque
2229 1486 2429 1526 verum
2454 1473 2692 1545 quidem
2717 1481 2805 1532 est
2824 1480 2979 1551 quod
3006 1478 3196 1540 adhuc
3218 1486 3471 1546 animale
3492 1508 3579 1549 es-

1929 1561 2017 1613 set
2038 1574 2250 1630 corpus
2279 1561 2431 1627 Adae,
2460 1579 2565 1618 nec
2594 1562 2653 1620 in
2688 1564 2850 1622 illam
2882 1568 3388 1632 immortalitatem
3419 1596 3579 1636 com-

1930 1644 2389 1722 mutatum,quze
2417 1651 2467 1705 ei
2492 1652 2681 1709 fuerat
2709 1655 2926 1726 danda,
2950 1660 3000 1715 si
3032 1661 3124 1733 pie
3155 1664 3433 1724 obediens
3463 1668 3579 1726 Deo

1930 1739 2389 1827 permansisset:
2414 1739 2495 1796 ita
2516 1746 2582 1798 ut
2605 1747 2661 1799 et
2686 1745 2735 1801 si
2758 1762 2872 1802 non
2896 1756 3214 1821 peccasset,
3239 1762 3438 1827 posset
3466 1777 3580 1815 non

1932 1826 2172 1894 mori,et
2203 1828 2252 1883 si
2288 1836 2603 1901 peccasset,
2630 1839 2828 1905 posset
2870 1840 3046 1909 mori;
3084 1826 3464 1903 manii‘estum
3496 1853 3585 1906 est

1932 1914 2065 1971 eum
2085 1917 2214 1973 ideo
2242 1914 2387 1974 mori
2411 1922 2845 1996 potuisse,quia
2864 1928 3114 1985 necdum
3139 1931 3329 1990 fuerat
3348 1936 3586 1994 immor-

1930 2004 2156 2062 talitate
2176 2008 2448 2065 donatus.
2478 2012 2641 2076 Quod
2670 2018 2866 2070 autem
2906 2015 2965 2072 in
2997 2018 3094 2076 illo
3124 2020 3362 2081 homine
3392 2027 3585 2084 adhuc

1930 2094 2202 2152 animalis
2246 2100 2400 2153 esset
2452 2099 2743 2171 voluntas,
2770 2103 2829 2158 id
2859 2111 2948 2162 est
2991 2111 3316 2169 secundum
3370 2117 3582 2171 animae

1928 2183 2201 2240 humanae
2231 2186 2575 2258 appetitum,
2595 2192 2651 2244 et
2680 2207 2796 2247 non
2825 2197 3150 2253 secundum
3181 2199 3452 2272 spiritum
3480 2204 3583 2261 Dei

1927 2273 2125 2329 vivens
2152 2274 2271 2330 sive
2294 2275 2645 2349 intelligens,
2671 2284 2735 2334 ut
2760 2283 3021 2339 nondum
3044 2292 3199 2343 esset
3228 2288 3286 2344 in
3322 2290 3582 2350 interiori

1928 2362 2185 2431 homine,
2215 2363 2272 2419 id
2305 2370 2396 2421 est
2422 2366 2482 2421 in
2516 2368 2722 2439 spiritu
2748 2373 2960 2429 mentis
2992 2392 3111 2430 suze
3145 2377 3446 2450 spiritalis,
3481 2383 3582 2438 sed

1929 2451 2121 2507 adhuc
2153 2453 2447 2523 animalis,
2478 2456 2535 2511 id
2567 2463 2655 2513 est
2675 2459 3026 2531 animaliter,
3053 2482 3166 2520 non
3200 2464 3586 2540 spiritualiter

1930 2543 2227 2610 sentiens;
2279 2545 2352 2598 de
2391 2546 2665 2618 qualibus
2726 2549 2866 2605 dicit
2915 2554 3266 2624 Apostolus:
3304 2560 3587 2617 .4nimalis

1929 2642 2111 2689 autem
2140 2635 2295 2690 homo
2324 2652 2434 2690 non
2460 2640 2694 2710 percipit
2748 2657 2813 2695 ea
2869 2658 2996 2714 quae
3049 2653 3182 2701 sunt
3228 2649 3460 2719 spiritus
3489 2651 3590 2707 Dei

1931 2725 1980 2790 (Ι
2009 2724 2136 2778 Cor.
2172 2740 2232 2790 II,
2266 2725 2353 2796 14)
2380 2743 2392 2779 :
2423 2726 2548 2780 Non
2590 2726 2670 2783 ita
2708 2731 2964 2787 ostendit
3002 2734 3340 2806 Apostolus,
3368 2737 3467 2810 qui
3498 2756 3587 2795 δα-

1928 2820 2267 2868 crumentum
2288 2813 2432 2869 illud
2454 2833 2720 2885 magnum
2746 2820 2899 2891 quod
2926 2821 3187 2879 futurum
3213 2830 3336 2881 erat
3358 2828 3417 2882 in
3435 2820 3591 2884 Chri-

1929 2910 2010 2958 sto
2040 2909 2093 2957 et
2120 2905 2179 2958 in
2208 2904 2469 2973 Ecclesia,
2503 2906 2574 2961 ab
2624 2906 2751 2979 ipso
2796 2908 2941 2966 dicit
2971 2906 3115 2968 esse
3147 2914 3586 2987 prophetatum,

1933 2993 2167 3064 quando
2199 2993 2392 3049 divino
2425 2995 2626 3068 utique
2658 2997 2916 3070 repletus
2948 3000 3168 3074 Spiritu
3202 3004 3283 3059 ait
3315 3022 3328 3060 :
3362 3008 3592 3079 Propter

1930 3084 2028 3138 hoc
2054 3084 2331 3155 relinquet
2357 3085 2512 3141 homo
2549 3095 2765 3158 patrem
2807 3106 2971 3146 suum
2999 3099 3051 3146 et
3076 3100 3307 3149 matrem
3334 3110 3511 3165 suam,
3541 3103 3596 3153 et

1933 3173 2234 3229 adhc'erebit
2272 3191 2441 3230 uxori
2486 3192 2624 3241 suae,
2657 3185 2712 3232 et
2760 3188 2926 3235 erunt
2979 3180 3084 3235 duo
3144 3184 3205 3237 in
3259 3200 3426 3241 carne
3476 3202 3591 3241 una

1931 3264 2143 3333 (Ephes.
2178 3281 2233 3329 v,
2267 3265 2378 3334 31).
2414 3265 2637 3330 Quibus
2678 3266 2870 3324 verbis
2905 3269 3217 3341 Apostolus
3249 3275 3587 3345 exponendo

146 3370 259 3417 tem
292 3378 312 3415 :
346 3361 681 3416 novissimus
725 3369 911 3414 autem
960 3361 1018 3414 in
1065 3361 1327 3431 spiritum
1372 3361 1739 3431 viviﬁcantem
1771 3361 1825 3434 (Ι
1851 3349 1896 3416 C
1934 3351 2265 3423 subjunXit;
2296 3354 2714 3410 Sacramenlum
2755 3357 2854 3412 hoc
2878 3374 3144 3427 magnum
3190 3368 3271 3416 est
3298 3379 3317 3416 :
3344 3362 3456 3431 Ego
3487 3379 3588 3418 au-

148 3452 274 3507 Cor.
308 3466 408 3516 xv,
452 3449 541 3515 44,
589 3447 699 3520 45).
733 3449 803 3503 Et
847 3465 1048 3521 supra,
1082 3465 1216 3504 cum
1271 3449 1341 3505 de
1398 3450 1822 3506 resurrectione

147 3543 533 3595 mortuorum
573 3536 927 3609 loqaeretur,
957 3538 1040 3593 ait
1073 3554 1086 3591 :
1120 3537 1441 3594 Seminatur
1464 3555 1658 3610 corpus
1697 3541 1822 3595 ani-

147 3629 320 3695 male,
357 3633 548 3695 surget
591 3641 787 3698 corpus
834 3626 1126 3699 spirituale
1155 3626 1339 3698 (lbid.,
1368 3626 1478 3701 44).
1512 3628 1575 3683 In
1608 3627 1823 3700 quibus

144 3715 350 3773 verbis
376 3714 669 3788 quomodo
692 3714 1177 3788 distinguendum
1195 3720 1283 3771 est
1302 3733 1495 3788 corpus
1510 3719 1752 3773 animale
1771 3726 1824 3773 et

143 3822 355 3879 corpus
384 3804 698 3877 spirituale,
723 3804 836 3860 nisi
870 3805 1024 3877 quod
1054 3821 1247 3877 corpus
1290 3806 1532 3862 animale
1565 3823 1667 3879 per
1697 3807 1820 3862 ani-

145 3902 314 3951 mam
342 3893 758 3950 tantummodo
778 3893 1106 3950 mortaliter
1128 3898 1185 3950 et
1206 3894 1822 3966 corruptibilitervivi-

144 3982 364 4041 catur?
384 3981 567 4049 Quale
593 3986 721 4038 erat
741 3998 952 4055 corpus
975 3983 1104 4038 Adaa
1126 3982 1304 4038 etiam
1328 3988 1461 4038 ante
1484 3986 1818 4055 peccatum;

143 4073 317 4146 quia,
354 4070 467 4126 etsi
499 4071 753 4126 necdum
784 4074 910 4126 erat
939 4070 1112 4126 morti
1154 4074 1211 4127 et
1251 4071 1612 4144 corruptioni
1643 4072 1819 4128 desti-

143 4160 387 4228 natum,
411 4161 642 4231 poterat
681 4163 879 4215 tamen
924 4159 1145 4232 peccati
1180 4159 1386 4216 merito
1437 4160 1732 4234 corrumpi
1764 4163 1822 4217 et

143 4249 301 4308 mori
340 4265 357 4304 :
390 4248 548 4305 sicut
573 4247 781 4319 utique
813 4250 869 4305 et
905 4247 965 4303 in
997 4247 1096 4304 illo
1142 4248 1361 4304 factum
1392 4254 1483 4304 est
1511 4251 1568 4304 et
1596 4248 1657 4304 in
1688 4248 1819 4305 uni-

141 4355 323 4396 versa
339 4337 472 4409 ejus
491 4335 769 4410 progenie
791 4336 876 4403 ﬁt,
892 4337 1056 4408 justo
1077 4335 1238 4393 illius
1257 4336 1481 4407 judicio
1505 4341 1679 4410 atque
1698 4338 1820 4394 vin-

143 4428 309 4484 dicta
342 4424 447 4498 qui
479 4425 597 4481 ait:
623 4429 811 4482 Donec
846 4427 1140 4482 revertaris
1170 4427 1231 4481 iu
1263 4434 1468 4482 terram
1497 4427 1641 4483 unde
1667 4445 1820 4483 sum-

137 4526 297 4590 ptus,
322 4532 402 4584 es,
426 4516 562 4587 quia
585 4514 772 4587 pulvis
792 4531 868 4580 es,
897 4524 947 4571 et
974 4517 1035 4570 in
1058 4516 1343 4587 pulverem
1367 4519 1678 4573 reverteris.
1699 4519 1819 4588 Spi-

143 4607 363 4663 rituale
387 4621 527 4660 vera
555 4619 751 4677 corpus
790 4604 1026 4673 dicitur,
1058 4621 1171 4661 non
1222 4605 1378 4676 quod
1433 4622 1644 4677 corpus
1691 4622 1818 4662 esse

143 4697 422 4761 desistat,
445 4699 501 4749 et
531 4693 776 4784 spiritus
805 4694 908 4749 ﬁat
927 4710 943 4784 _:
970 4693 1111 4766 quia
1328 4694 1654 4766 spirituale,
1687 4712 1816 4752 vere
1845 4718 1894 4784 D

143 4792 352 4843 tamen
374 4799 590 4855 corpus
613 4783 685 4839 ab
711 4782 980 4855 Apostolo
1009 4780 1367 4857 appellatur;
1403 4784 1504 4839 sed
1536 4788 1676 4839 tunc
1698 4801 1819 4842 cor-

144 4893 258 4949 pus
286 4871 602 4947 spirituale
633 4871 743 4928 erit
767 4870 1001 4944 quando
1034 4865 1136 4944 per
1160 4866 1434 4945 spiritum
1465 4873 1815 4929 immortali-

147 4969 257 5030 ter,
280 4967 344 5019 et
373 4960 903 5033 incorruptibiliter
920 4960 1338 5029 viviﬁcabitur;
1369 4959 1548 5025 Quale
1578 4967 1636 5017 et
1661 4962 1720 5017 in
1753 4979 1816 5019 se

145 5051 427 5110 exhibuit
454 5050 814 5107 novissimus
842 5051 1049 5119 Adam,
1082 5049 1141 5105 id
1174 5052 1262 5106 est
1310 5049 1594 5107 Dominus
1641 5051 1815 5108 Jesus

145 5140 424 5198 Christus
447 5136 507 5195 in
528 5130 972 5206 resurrectione,
997 5154 1100 5212 per
1127 5154 1305 5211 quam
1337 5139 1539 5211 utique
1571 5140 1814 5197 mortale

146 5228 365 5305 corpus
398 5227 557 5303 quod
597 5224 956 5313 susceperat,
988 5228 1049 5283 in
1089 5228 1589 5299 immortalitatem
1629 5232 1686 5285 et
1723 5229 1812 5285 in-

146 5317 590 5392 corruptionem
610 5310 936 5397 transtulit,
958 5322 1017 5374 et
1046 5316 1119 5371 in“
1140 5317 1360 5373 sanctis
1383 5317 1507 5374 suis
1532 5333 1635 5390 per
1659 5334 1812 5375 eam-

146 5410 281 5465 dem
316 5398 780 5482 incorruptionis'
809 5406 1057 5480 gratiam
1088 5406 1149 5462 in
1176 5402 1494 5462 novissimo
1524 5406 1616 5463 die
1646 5408 1813 5464 exhi-

146 5497 330 5553 bebit.
366 5496 517 5552 Cum
564 5495 741 5552 etiam
766 5495 832 5559 in
862 5494 1029 5569 ipsis,
1056 5495 1227 5565 juxta
1253 5495 1523 5552 eumdem
1571 5497 1813 5568 Aposto-

145 5584 272 5643 lum
329 5604 341 5641 :
394 5574 789 5659 Corruptibile',
829 5586 927 5641 hoc
984 5573 1229 5661 induerit
1281 5586 1730 5657 incorruptelam,
1761 5594 1815 5643 et

1936 3448 2041 3497 tem
2070 3441 2189 3497 dico
2220 3443 2278 3496 in
2312 3442 2524 3499 Christo
2554 3451 2605 3499 et
2631 3446 2692 3499 in
2720 3445 2961 3502 Ecclesia
2981 3448 3162 3517 (Ibid,
3188 3449 3279 3521 32)
3306 3466 3318 3505 :
3345 3450 3591 3514 Quomo-

1931 3531 2005 3586 do
2036 3546 2177 3585 orno
2208 3548 2323 3586 non
2370 3530 2653 3604 spiritalis
2684 3539 2807 3589 erat
2838 3535 3105 3592 voluntas
3136 3538 3264 3610 ejus
3316 3538 3388 3595 ad
3437 3545 3592 3597 recte

1930 3619 2263 3690 vivendum,
2298 3623 2508 3695 spiritu
2554 3623 2776 3695 adjuta,
2812 3629 2869 3679 et
2898 3625 3254 3697 illuminata,
3290 3645 3417 3702 quae
3465 3634 3592 3687 erat

1933 3708 2104 3765 etiam
2139 3710 2466 3782 prophetali
2514 3710 2704 3783 gratia
2752 3713 3100 3783 sublimata;
3155 3718 3346 3790 potuit
3393 3721 3590 3775 tamen

1930 3817 2168 3872 peccare
2189 3799 2366 3855 etiam
2391 3800 2718 3873 spiritualis
2738 3802 3008 3859 voluntas
3024 3804 3084 3860 in
3107 3805 3362 3863 deterius
3387 3806 3587 3881 lapsa;

1930 3889 2085 3944 sicut
2107 3889 2364 3945 ostendit
2388 3890 2543 3945 idem
2563 3891 2876 3963 Apostolus
2898 3893 3077 3949 etiam
3101 3893 3395 3967 spiritales
3420 3912 3592 3970 posse

1929 3979 2165 4045 tentari,
2190 3978 2247 4034 id
2272 3982 2359 4035 est
2383 3980 2705 4036 tentatione
2725 3983 2945 4053 peccati
2977 3981 3177 4056 aliqua
3198 4002 3264 4041 su
3272 3985 3589 4059 perari,ubi

1932 4067 2013 4123 ait
2044 4084 2057 4122 :
2090 4072 2332 4135 Fratres,
2367 4076 2417 4124 et
2443 4070 2496 4124 si
2527 4078 2940 4141 prwoccupatus
2982 4073 3157 4144 fuerit
3202 4074 3358 4131 homo
3390 4076 3451 4130 in
3478 4077 3589 4131 ali-

1928 4172 2032 4228 quo
2062 4157 2272 4225 delicto,
2304 4174 2396 4213 vos
2438 4160 2534 4230 qui
2572 4161 2890 4231 spirituales
2942 4164 3089 4229 estis,
3136 4162 3451 4234 hujusmodi
3498 4166 3589 4221 in-

1926 4247 2120 4302 struite
2150 4247 2212 4302 in
2238 4248 2443 4318 spiritu
2475 4248 2745 4316 lenitatis,
2777 4250 3129 4307 considerans
3160 4253 3413 4323 teipsum,
3436 4269 3507 4309 ne
3535 4263 3588 4309 et

1928 4343 1989 4391 tu
2020 4338 2240 4391 tenteris
2267 4335 2413 4404 (Gal.
2446 4354 2523 4403 v1,
2561 4338 2633 4405 1).
2667 4338 2759 4393 Sic
2791 4355 2927 4411 ergo
2966 4338 3236 4396 voluntas
3275 4339 3437 4397 illius
3483 4342 3589 4399 ho-

1927 4424 2107 4480 minis
2136 4424 2315 4480 etiam
2347 4425 2674 4497 spiritualis
2695 4432 2923 4499 poterat
2945 4428 3184 4499 tentari,
3210 4433 3439 4503 poterat
3466 4434 3590 4488 ten-

1926 4514 2145 4569 tatione
2187 4514 2481 4585 superari;
2535 4520 2614 4581 et,
2648 4513 2697 4571 si
2744 4517 3109 4588 pervenisset
3158 4519 3483 4577 obediendo
3514 4522 3589 4577 ad

1926 4603 2088 4659 illam
2121 4603 2544 4675 plenitudinem
2587 4604 2971 4662 beatitudinis
3018 4607 3117 4664 ubi
3166 4609 3294 4680 jam
3349 4625 3590 4683 peccare

1927 4709 2044 4749 non
2074 4696 2289 4765 posset,
2323 4710 2437 4749 non
2485 4693 2557 4748 ab
2589 4709 2654 4750 eo
2708 4695 2990 4767 peccandi
3021 4696 3293 4755 voluntas
3323 4699 3588 4757 auferre—

1926 4786 2042 4851 tur,
2076 4785 2140 4836 ut
2170 4782 2279 4838 iste
2309 4781 2468 4851 dicit,
2495 4801 2623 4856 quae
2654 4783 2714 4840 in
2746 4801 2812 4841 eo
2844 4785 3007 4843 nulla
3037 4790 3180 4855 erat,
3210 4788 3311 4844 sed
3341 4787 3472 4861 ipsa
3490 4790 3589 4846 bo-

1926 4890 2002 4927 na
2033 4870 2467 4944 voluntas,quee
2499 4870 2583 4927 illi
2611 4871 2819 4942 inerat,
2846 4878 3013 4931 tanta
3043 4875 3319 4933 felicitate
3354 4878 3587 4949 perﬁce-

1925 4966 2105 5027 retur,
2129 4965 2195 5016 ut
2245 4962 2317 5016 ad
2366 4961 2589 5017 malum
2646 4964 2863 5018 mutari
2923 4981 3039 5020 non
3098 4968 3316 5037 posset.
3350 4965 3585 5039 Triplex

1925 5049 2081 5105 enim
2104 5051 2293 5105 status
2314 5049 2586 5105 humana:
2602 5050 2924 5108 voluntatis
2946 5052 3196 5109 ﬁdeliter
3217 5052 3461 5127 intelligi
3485 5072 3583 5128 po-

1925 5141 2057 5205 test,
2078 5136 2345 5195 videlicet
2384 5141 2537 5211 quod
2572 5140 2798 5212 primus
2840 5140 2938 5197 ille
2969 5141 3144 5198 homo
3176 5141 3259 5198 ita
3286 5142 3451 5198 bona:
3482 5160 3580 5200 vo-

1922 5225 2167 5283 luntatis
2196 5227 2467 5285 conditus
2488 5234 2597 5299 est,
2622 5234 2707 5295 ut,
2733 5227 2782 5287 si
2808 5230 3002 5297 vellet,
3024 5234 3225 5302 posset
3246 5246 3362 5286 non
3384 5248 3583 5304 pecea-

1923 5334 2004 5372 re.
2020 5317 2187 5371 Nunc
2211 5321 2407 5372 autem
2431 5317 2606 5373 etiam
2624 5316 2810 5374 sancti
2833 5316 3122 5383 homines,
3139 5317 3281 5389 quia
3295 5335 3365 5375 ex
3377 5320 3579 5377 vitiata

1922 5405 2082 5462 illius
2116 5406 2535 5479 propagatione
2567 5410 2910 5475 nascuntur,
2938 5406 3208 5479 quamvis
3237 5407 3436 5476 velint,
3460 5426 3577 5465 non

1922 5494 2150 5569 possint
2178 5510 2294 5550 non
2328 5511 2583 5568 peccare.
2600 5494 2761 5551 Unde
2784 5498 2840 5551 et
2861 5495 3119 5568 quotidie
3148 5495 3437 5552 veracitur
3458 5498 3574 5555 Deo

1921 5585 2157 5640 dicunt:
2186 5584 2373 5640 Debita
2402 5585 2557 5640 nobis
2601 5583 2785 5639 debita
2812 5593 2995 5641 nostra
3018 5584 3225 5657 (Matth.
3258 5602 3333 5653 v1,
3364 5586 3476 5656 l2).
3512 5587 3575 5644 In

143 5676 378 5734 marmle
406 5674 510 5732 hoc
546 5656 792 5732 induerit
819 5656 1313 5757 immortalitatem,
1344 5682 1403 5729 ut
1452 5656 1811 5732 absorbeatur
1918 5673 2019 5730 illa
2049 5677 2245 5730 autem
2277 5671 2635 5729 beatitudine
2665 5689 2794 5757 quae
2838 5674 2921 5731 eis
2966 5656 3240 5730 denanda
3269 5678 3378 5742 est,
3410 5682 3578 5735 tanta

146 5765 287 5835 quod
315 5773 396 5823 est
443 5765 674 5823 mortale
706 5780 739 5820 a
770 5766 915 5834 vita;
944 5772 997 5821 et
1027 5763 1342 5837 impleatur,
1375 5765 1519 5821 sicut
1565 5765 1676 5836 ipse
1720 5764 1808 5821 ἀι·
1918 5764 2129 5821 virtute
2162 5762 2450 5820 solidandi
2483 5767 2644 5833 sunt,
2670 5767 2738 5821 ut
2760 5765 2889 5837 jam
2916 5782 3030 5823 non
3052 5763 3281 5838 possint
3311 5781 3574 5850 peccare,
