4100 6448
524 396 641 459 153

1620 397 1853 459 FLORI
1896 395 2214 458 DIACONI
2259 363 2838 461 LUGDUNENSIS.

3818 395 3944 460 156

523 539 675 597 sicut
704 541 864 594 tanta
895 533 1350 608 incorruptionis
1378 532 1566 608 gratia
1596 533 1897 602 induendi,
1923 537 1987 588 ut
2019 550 2170 589 nun-
2200 532 2254 599 Α
2285 529 2446 588 illius
2475 531 2665 604 gratia
2683 530 2858 588 fuerit
2878 529 3407 604 instauratum,qui
3431 529 3512 588 ait
3537 549 3548 588 :
3573 532 3637 588 Si
3655 550 3742 591 vos
3761 533 3946 591 Filius

523 645 701 702 quam
731 627 961 701 possint
992 627 1160 683 mori.

594 719 809 774 Mirum
840 721 930 774 est
959 721 1153 773 autem
1185 734 1291 772 cur
1320 716 1428 771 iste
1459 715 1813 788 subjungere
1844 713 2092 770 voluerit
2122 717 2179 770 et

522 808 712 864 dicere
749 825 761 863 :
796 810 951 863 Hunc
979 815 1203 873 motum,
1231 805 1286 861 id
1315 814 1391 861 est
1423 806 1590 860 liberi
1619 805 1861 872 arbitrii,
1889 805 2040 860 nulli
2061 806 2179 860 ani-

521 898 777 968 malium,
803 904 1006 969 praeter
1049 896 1338 962 hominem,
1372 910 1683 950 concessum
1711 910 1845 948 eum
1899 893 2176 950 omnibus

523 987 901 1043 manifestum
920 986 1014 1051 sit,
1033 986 1183 1057 quod
1209 984 1305 1039 ubi
1333 982 1496 1038 nulla
1517 983 1818 1039 rationalis
1838 987 2048 1038 natura
2067 987 2176 1054 est,

524 1077 677 1132 sicut
705 1076 762 1131 in
797 1075 1070 1132 omnibus
1097 1073 1306 1138 brutis,
1330 1077 1386 1129 et
1412 1071 2174 1144 irrationalibusjumentis,

523 1165 686 1222 nulla
714 1164 1014 1221 rationalis
1052 1164 1324 1219 voluntas
1356 1179 1484 1219 csse
1518 1162 1702 1234 possit
1732 1163 1804 1217 ad
1853 1162 2179 1234 appetenda

523 1255 678 1310 bona
706 1254 792 1310 vel
825 1254 1018 1309 mala:
1051 1254 1152 1309 sed
1185 1253 1257 1308 ad
1289 1253 1488 1308 omnia
1519 1270 1646 1324 quae
1693 1256 1876 1324 agunt
1915 1251 2040 1308 sola
2078 1268 2177 1307 na-

522 1343 696 1399 turali
726 1345 897 1400 bruto
941 1347 998 1399 et
1041 1343 1342 1398 insensato
1375 1342 1636 1415 appetitu
1672 1342 1978 1396 ducantur.
2013 1340 2176 1396 Unde

521 1438 578 1488 et
606 1450 971 1505 quazcunque
999 1433 1070 1488 ab
1104 1431 1186 1486 eis
1228 1431 1397 1497 ﬁunt,
1423 1435 1712 1503 quantum
1761 1431 1832 1486 ad
1877 1447 1946 1486 ea
1994 1429 2176 1501 perti—

521 1527 640 1590 net,
676 1539 781 1578 nec
813 1523 968 1577 bona
997 1522 1109 1576 dici
1147 1525 1393 1593 possunt
1424 1537 1529 1576 nec
1561 1519 1735 1587 mala,
1771 1536 1873 1575 nec
1902 1519 2042 1574 vitia
2071 1536 2177 1574 nec

518 1613 787 1679 virtutes,
822 1611 934 1666 nisi
970 1612 1114 1666 forte
1144 1611 1272 1666 ideo
1305 1610 1415 1666 sibi
1447 1611 1701 1682 quodam
1738 1610 1909 1664 modo
1940 1625 2176 1680 compa-

522 1702 673 1758 ravit
702 1701 949 1756 humani
981 1699 1204 1756 arbitrii
1232 1703 1456 1765 notum,
1482 1703 1539 1754 et
1567 1699 1874 1754 brutorum
1906 1698 2176 1753 animan-

522 1789 673 1846 tium
706 1789 1050 1862 appetitum,
1075 1789 1252 1861 quod,
1283 1788 1434 1844 sicut
1481 1787 1580 1844 ille
1621 1786 1975 1843 irrationalis
2005 1803 2179 1859 appe-

521 1879 666 1935 titus
695 1877 819 1934 solo
846 1882 1067 1933 natura;
1101 1877 1477 1974 incitamento
1509 1877 1720 1949 agitur,
1745 1875 1828 1932 ita
1847 1881 1904 1931 et
1934 1876 2041 1932 iste
2073 1876 2179 1932 h‘u-
2207 1909 2255 1974 B

521 1968 680 2024 mani
714 1967 941 2022 arbitrii
971 1970 1166 2022 motus
1197 1965 1320 2022 solo
1367 1970 1586 2020 natura:
1620 1983 1738 2021 suae
1788 1965 2069 2021 instinctu
2103 1966 2174 2020 ad

521 2057 676 2128 quod
709 2055 958 2112 voluerit
989 2056 1257 2110 ducatur.
1293 2055 1455 2121 Quod
1496 2071 1676 2126 quam
1709 2055 1786 2110 sit
1817 2054 2173 2110 contrarium

516 2145 746 2203 veritati
776 2162 958 2218 supra
979 2145 1108 2216 jam
1140 2144 1354 2217 saepius
1383 2145 1852 2200 demonstratum
1884 2147 1990 2199 est.

589 2236 658 2291 Et
686 2235 747 2290 in
777 2238 1008 2290 tantum
1030 2234 1362 2306 disputator
1391 2233 1502 2288 iste
1533 2232 1866 2288 auditorum
1900 2233 2173 2289 sensibus

517 2327 574 2380 et
604 2324 848 2380 auribus
879 2322 1040 2379 abuti
1072 2323 1468 2396 praasumpsit,
1493 2327 1558 2378 ut
1587 2323 1848 2388 auderet,
1871 2320 2029 2378 velut
2050 2321 2174 2394 qui-

519 2414 654 2470 dam
683 2411 995 2468 fabricator
1027 2415 1084 2468 et
1117 2411 1335 2484 ﬁgulus
1375 2411 1838 2478 mendaciorum,
1863 2428 2072 2467 novam
2102 2409 2172 2465 1i-

518 2501 640 2558 heri
661 2500 884 2558 arbitrii
908 2500 1308 2557 deﬁnitionem
1329 2500 1490 2556 velut
1508 2500 1726 2556 luteam
1744 2506 1799 2556 et
1819 2498 2171 2556 lutulentam

519 2592 830 2663 ﬁngere,et
851 2589 1020 2662 quasi
1052 2606 1336 2662 magnum
1359 2588 1580 2661 aliquid
1617 2588 1961 2644 intuentiam
1985 2587 2172 2644 oculis

518 2696 862 2752 proponere.
891 2678 1209 2749 Subjunxit
1246 2678 1403 2735 enim
1453 2677 1707 2750 posthaec
1739 2682 1796 2733 et
1826 2678 1908 2733 ait
1941 2694 1954 2732 :
1987 2676 2172 2749 Sitque

518 2767 648 2848 talis
688 2767 1000 2840 differentia
1048 2769 1191 2823 inter
1237 2768 1471 2822 liberum
1516 2768 1754 2823 hominis
1801 2767 2098 2822 arbitrium
2123 2773 2176 2822 et

517 2858 632 2928 ejus
663 2858 1050 2925 substantiam,
1077 2865 1136 2912 ut
1162 2865 1365 2912 natura
1387 2857 1504 2929 ejus
1523 2858 1594 2912 sit
1623 2859 1681 2911 in
1705 2856 1976 2912 voluntate
2006 2857 2170 2911 ratio-

515 2948 677 3002 nali:
709 2947 948 3003 liberum
975 2963 1099 3003 vero
1131 2945 1427 3001 arbitrium
1458 2947 1517 3000 in
1545 2947 1662 3017 ejus
1693 2945 1940 3000 libertate
1968 2947 2081 3000 sive
2111 2947 2173 2999 in

519 3043 669 3091 motu
700 3036 891 3092 libera?
909 3036 1247 3091 naturalittr
1270 3035 1586 3102 voluntatis,
1616 3037 1731 3090 sive
1751 3036 1813 3090 in
1829 3050 2058 3089 munere
2089 3035 2172 3089 in-

519 3125 844 3193 telligentim
864 3126 959 3197 (a).
991 3125 1136 3180 Ecce
1159 3123 1329 3196 quale
1358 3123 1610 3179 liberum
1633 3121 1939 3178 arbitrium
1963 3123 2129 3179 docet
2155 3141 2168 3178 :

519 3212 722 3286 utique
744 3211 1140 3287 Pelagianum,
1166 3231 1281 3269 non
1299 3212 1728 3269 Christianum!
1754 3214 1926 3285 cujus
1949 3211 2172 3269 scilicet

519 3307 733 3358 natura
763 3301 839 3358 sit
883 3301 1183 3358 rationalis
1221 3301 1513 3370 voluntas,
1537 3302 1777 3359 effectus
1805 3319 1938 3358 vero
1971 3301 2029 3357 in
2061 3319 2171 3358 sua
2200 3283 2242 3350 (αἶ

520 3390 772 3447 naturali
793 3392 869 3460 (b)
891 3390 1207 3448 voluntatis
1239 3391 1508 3448 libertate
1529 3393 1838 3461 consistat;
1859 3397 1915 3447 ct
1934 3409 2002 3447 ex
2023 3391 2166 3460 sola,

517 3479 605 3537 vel
637 3481 697 3536 in
730 3480 855 3537 sola
885 3482 1138 3537 naturali
1167 3481 1463 3537 voluntate
1494 3481 1706 3537 habeat
1734 3481 2081 3550 libertatem,
2114 3487 2172 3537 et

522 3573 771 3636 motum,
795 3575 852 3625 et
881 3569 1278 3643 intelligentia
1311 3588 1549 3627 munus.
1578 3571 1693 3626 Nos
1719 3575 1938 3640 autem,
1963 3587 2168 3625 secun-

523 3658 665 3713 dum
687 3657 988 3713 veritatem
1010 3658 1165 3726 ﬁdei,
1191 3658 1274 3712 ita
1295 3663 1364 3727 (ο)
1386 3658 1635 3715 liberum
1656 3658 1967 3714 arbitrium
1989 3659 2046 3712 in
2073 3659 2172 3713 ho-

523 3746 682 3802 mine
703 3746 1097 3819 agnoscimus,
1125 3751 1207 3813 ut,
1230 3747 1367 3803 licet
1396 3747 1576 3804 menti
1602 3747 1872 3804 rationali
1893 3747 2171 3802 naturali-

523 3839 610 3892 ter
639 3837 715 3892 sit
744 3853 778 3891 a
807 3841 920 3892 Deo
963 3836 1228 3903 insitum,
1253 3841 1310 3892 et
1339 3838 1581 3908 bonum,
1605 3854 1669 3892 ac
1710 3842 1933 3892 rectum
1983 3837 2174 3909 prima

523 3926 857 3982 conditione
879 3925 1185 3994 collatum;
1209 3931 1406 3984 tamen
1429 3927 1650 3999 peccati
1672 3926 1880 3982 merito
1900 3927 2173 3999 deprava-

521 4019 674 4083 tum,
702 4019 757 4070 et
786 4014 1042 4070 naturali
1087 4014 1300 4071 virtute
1346 4015 1684 4087 spoliatum,
1718 4015 1940 4070 nullam
1989 4014 2176 4087 possit

522 4103 739 4161 habere
770 4105 840 4160 ad
873 4121 1073 4160 verum
1104 4105 1325 4161 bonum
1363 4104 1714 4170 libertatem,
1749 4103 1977 4159 nullum
2009 4104 2171 4160 bona:

519 4193 837 4251 voluntatis
867 4199 1116 4261 motum,
1139 4193 1368 4250 nullum
1393 4193 1788 4266 intelligentia
1816 4193 2036 4260 lumen,
2061 4193 2171 4248 nisi

2289 623 2626 686 liberaverit,
2647 630 2776 677 tunc
2816 638 2936 677 vere
2990 620 3152 677 liberi
3197 621 3354 676 eritis
3383 622 3559 691 (Joan.
3585 640 3705 690 VIII,
3729 625 3851 692 36);
3888 628 3951 679 et

2289 712 2388 783 qui
2419 729 2528 767 sua
2558 711 2942 783 inspiratione
2965 715 3183 778 monet,
3209 727 3462 782 quorum
3488 710 3735 768 voluerit
3763 714 3951 769 corda

2289 801 2361 856 ad
2388 801 2585 867 ﬁdem,
2613 800 2763 856 sicut
2784 799 3068 872 propheta
3089 799 3260 855 dicit:
3284 803 3349 856 Et
3370 801 3585 858 movebo
3607 818 3789 859 omnes
3807 820 3952 873 gen-

2288 900 2362 949 tes
2389 901 2440 949 et
2470 895 2647 948 veniet
2678 899 2731 948 et
2766 891 3114 947 Desideratus
3156 893 3364 947 cunctis
3393 892 3648 960 gentibus
3678 892 3846 963 (Agg.
3886 910 3951 958 ιι,

2286 985 2342 1050 8)
2370 998 2381 1037 :
2406 983 2475 1037 Et
2502 981 2594 1037 cui
2627 979 2886 1054 quotidie
2932 979 3334 1052 supplicantes
3379 981 3633 1036 dicimus
3658 999 3670 1037 :
3698 987 3775 1043 Da
3801 984 3957 1040 mihi

2287 1072 2642 1136 intellectum,
2677 1079 2728 1126 et
2766 1070 2973 1125 discam
3019 1069 3287 1124 mandata
3333 1078 3428 1125 tua
3461 1072 3570 1143 (Ps.
3604 1088 3795 1141 cxvm,
3824 1073 3955 1144 73).

2286 1160 2357 1215 Et
2386 1160 2598 1215 iterum
2634 1177 2646 1214 :
2680 1159 3015 1214 Intellectum
3043 1159 3114 1214 da
3154 1160 3315 1225 mihi,
3344 1167 3395 1215 et
3425 1161 3603 1216 vivam
3631 1163 3760 1232 (1b.,
3794 1162 3952 1231 444).

2287 1253 2366 1305 De
2396 1266 2509 1320 quo
2537 1249 2713 1303 etiam
2746 1246 3042 1304 intellectu
3068 1247 3330 1321 largitori
3353 1250 3573 1321 gratias
3599 1255 3836 1323 agentes
3867 1253 3955 1308 di-

2286 1338 2475 1394 cimus
2501 1354 2514 1394 :
2543 1337 2892 1393 Benedictum
2923 1337 3280 1409 Domino,qui
3307 1338 3502 1394 tribuit
3532 1340 3672 1395 mihi
3700 1342 3953 1398 intellec-

2287 1436 2400 1483 tum
2429 1428 2544 1495 (Ps.
2568 1444 2660 1494 xv,
2682 1427 2757 1499 7).
2791 1426 2908 1482 Hoc
2941 1443 3194 1498 namque
3225 1430 3315 1482 est
3344 1443 3472 1484 vero
3501 1427 3751 1484 liberum
3783 1430 3951 1486 arbi-

2286 1517 2468 1573 trium
2495 1533 2506 1571 :
2535 1517 2858 1588 non,juxta
2888 1517 3069 1571 istum
3113 1515 3405 1590 Pelagiani
3438 1518 3652 1574 erroris
3683 1525 3950 1577 asserto-

2287 1623 2430 1676 rem,
2457 1623 2675 1662 munus
2699 1610 2944 1673 naturae,
2968 1606 3068 1661 sed
3093 1622 3311 1662 munus
3341 1606 3570 1679 gratiae;
3593 1611 3648 1664 et
3668 1608 3950 1678 liberum,

2287 1695 2428 1768 quia
2457 1695 2667 1751 Christi
2697 1694 2888 1768 gratia
2917 1693 3250 1750 liberatum.

2360 1786 2474 1841 Iste
2504 1801 2638 1842 vero
2670 1801 2804 1840 cum
2832 1785 3197 1840 nominasset
3225 1784 3327 1841 illa
3353 1785 3484 1852 tria,
3511 1785 3569 1841 id
3601 1791 3692 1843 est
3719 1789 3956 1847 arbitrii

2287 1874 2640 1943 libertatem,
2661 1877 2912 1940 motum,
2933 1871 3402 1946 intelligentiam,
3420 1892 3545 1947 qua:
3564 1876 3762 1932 omnia
3779 1878 3839 1934 in
3864 1897 3960 1936 so-

2286 1966 2344 2020 la
2373 1970 2593 2020 natura;
2617 1963 2670 2019 vi
2702 1968 2969 2018 constare
3000 1962 3276 2030 afﬁrmat,
3299 1965 3570 2036 producit
3597 1967 3791 2023 adhuc
3821 1971 3955 2040 eju-

2286 2056 2448 2110 sdem
2473 2053 2640 2108 liberi
2662 2051 3073 2124 arbitrii,quod
3101 2051 3226 2125 ipse
3249 2054 3716 2127 conﬁngit,velut
3737 2075 3954 2115 novam

2283 2144 2604 2216 quamdam
2627 2141 2881 2215 efﬁgiem
2903 2157 2972 2196 ex
3001 2140 3192 2198 tribus
3215 2141 3482 2214 partibus
3513 2144 3632 2201 sive
3661 2149 3952 2206 membris

2283 2237 2669 2305 compactam,
2703 2235 2760 2287 et
2788 2229 2930 2286 dicit
2963 2248 2976 2286 :
3012 2231 3148 2299 Quae
3185 2233 3316 2299 tria,
3351 2231 3408 2288 id
3445 2241 3523 2289 est
3553 2235 3712 2306 liber,
3740 2245 3947 2305 motus,

2283 2322 2668 2392 intelligentia,
2705 2319 2940 2375 liberum
2968 2318 3264 2375 arbitrium
3303 2321 3450 2376 inter
3475 2338 3533 2378 se
3558 2335 3894 2392 componunt
3927 2346 3948 2382 :

2281 2419 2360 2477 ut,
2391 2413 2537 2466 sicut
2561 2410 2869 2465 substantia
2900 2410 2961 2464 in
3004 2424 3114 2481 qua
3157 2418 3253 2476 est,
3284 2412 3433 2465 trina
3456 2414 3571 2467 sit:
3591 2414 3685 2468 Est
3713 2417 3864 2470 enim
3895 2425 3952 2473 et

2279 2501 2414 2566 vult,
2447 2508 2497 2555 et
2526 2500 2661 2562 scit;
2695 2499 2774 2552 ita
2801 2505 2852 2552 et
2881 2497 3024 2553 illud
3051 2499 3261 2553 trinum
3287 2500 3404 2569 ﬁat,
3438 2499 3496 2555 id
3522 2508 3600 2556 est
3624 2502 3784 2574 liber,
3816 2522 3939 2561 mo-

2281 2597 2388 2656 tus,
2414 2589 2746 2657 intelligens.
2762 2588 2896 2652 Quae
2919 2586 3118 2643 omnia
3139 2587 3341 2657 utique
3361 2587 3577 2646 idcirco
3601 2590 3763 2660 dicit,
3788 2596 3855 2648 ut
3877 2594 3941 2651 in

2279 2678 2374 2734 his
2407 2676 2568 2744 solis,
2605 2676 2661 2732 id
2693 2680 2781 2732 est
2810 2674 2869 2730 in
2920 2675 3050 2748 ipsa
3088 2679 3317 2743 natura,
3350 2681 3407 2733 et
3436 2676 3527 2733 his
3558 2695 3684 2751 quae
3729 2680 3945 2739 insunt

2279 2767 2392 2839 ipsi
2425 2771 2667 2834 naturae,
2692 2765 2940 2821 liberum
2963 2763 3270 2821 arbitrium
3302 2770 3567 2823 constare
3598 2771 3940 2842 contendat,

2278 2856 2547 2912 videlicet
2580 2859 2660 2923 ut,
2696 2853 2847 2910 sicut
2895 2854 3077 2909 menti
3127 2854 3400 2910 humanae
3450 2858 3796 2915 naturaliter
3823 2861 3946 2918 tria

2280 2944 2549 3018 quendam
2598 2944 2819 3008 insunt,
2856 2943 2913 2999 id
2942 2947 3031 2999 est
3073 2960 3221 3011 esse,
3244 2943 3410 3011 velle,
3436 2944 3604 3016 scire,
3629 2964 3762 3004 cum
3815 2949 3944 3006 hinc

2279 3035 2419 3100 duo,
2443 3033 2501 3090 id
2523 3038 2613 3089 est
2635 3032 2926 3100 voluntas,
2950 3036 3008 3088 et
3029 3032 3272 3090 scientia
3298 3036 3708 3092 tantummodo
3737 3037 3851 3105 sui,
3883 3045 3946 3096 et

2281 3141 2396 3180 non
2427 3123 2668 3179 alterius
2699 3122 2780 3178 rei
2813 3121 3176 3195 intelligitur,
3201 3122 3282 3178 ita
3303 3123 3478 3179 etiam
3509 3123 3760 3182 liberum
3783 3128 3944 3184 arbi-

2279 3213 2461 3268 trium
2479 3230 2546 3268 ex
2566 3212 2696 3285 ipsa
2713 3215 2905 3267 mente
2924 3212 3264 3284 procedens,
3279 3216 3337 3268 et
3356 3211 3415 3268 in
3436 3212 3565 3286 ipsa
3582 3216 3940 3287 consistens,

2281 3321 2399 3359 non
2430 3302 2668 3358 aliunde
2699 3302 2800 3358 sed
2831 3318 2900 3356 ex
2929 3299 3032 3356 illa
3061 3300 3274 3358 habeat
3301 3300 3652 3373 libertatem,
3683 3309 3940 3377 motum,

2282 3390 2760 3466 intelligentiam;
2796 3395 2857 3446 ut
2891 3389 2967 3446 sit
2995 3390 3221 3446 homini
3252 3392 3598 3450 naturaliter
3627 3411 3731 3467 per
3761 3394 3944 3468 huju-

2280 3480 2539 3538 scemodi
2587 3479 2919 3547 arbitrium,
2971 3479 3140 3548 liber,
3171 3485 3389 3550 motus,
3430 3481 3782 3556 intelligens.
3817 3485 3942 3543 Nec

2279 3571 2422 3626 dicit
2449 3574 2704 3626 mentem
2737 3569 3059 3625 humanam
3089 3569 3200 3624 tria
3249 3569 3348 3625 illa
3376 3569 3436 3626 in
3470 3587 3531 3628 se
3562 3572 3796 3640 habere,
3829 3577 3940 3632 sed

2280 3663 2502 3715 naturae
2525 3657 2811 3731 simplicis
2832 3658 3048 3715 trinam
3071 3676 3218 3715 esse.
3244 3659 3313 3714 Et
3333 3661 3537 3717 eodem
3559 3661 3732 3718 modo
3752 3662 3941 3721 etiam

2278 3748 2531 3804 liberum
2554 3747 2864 3803 arbitrium
2887 3765 3014 3803 esse
3032 3748 3416 3820 trinum,quis
3433 3767 3694 3822 unquam
3712 3752 3946 3809 audivit

2279 3841 2402 3893 tam
2433 3837 2858 3893 contentiosam
2883 3838 3094 3893 erroris
3116 3837 3516 3910 impietatem?
3535 3839 3657 3903 Qua
3678 3839 3762 3896 ita
3780 3840 3944 3899 labo-

2281 3931 2372 3982 rat
2401 3925 2721 3994 includere,
2740 3930 2797 3981 et
2824 3925 2982 3982 velut
3001 3925 3359 3998 quibusdam
3389 3927 3656 3984 terminis
3677 3945 3945 3987 commu-

2281 4015 2406 4071 nire
2435 4014 2685 4070 liberum
2709 4014 3042 4081 arbitrium,
3072 4019 3136 4070 ut
3155 4016 3394 4073 omnino
3424 4016 3569 4072 illud
3593 4017 3652 4072 in
3675 4017 3800 4074 sola
3828 4018 3943 4076 hu-

2283 4121 2469 4160 mana:
2501 4108 2721 4160 naturae
2754 4103 2966 4159 virtute
3019 4103 3348 4189 concludat,
3381 4109 3440 4160 et
3467 4106 3540 4161 ab
3587 4123 3652 4162 eo
3697 4108 3942 4179 penitus

2280 4191 2380 4249 Dei
2409 4193 2659 4264 gratiam
2692 4193 2978 4249 excludat.
3004 4192 3150 4259 Quid
3197 4209 3332 4265 ergo
3365 4193 3416 4249 ei
3456 4196 3938 4267 respondendum

1517 4319 1727 4376 NOTE
1765 4318 2105 4375 DUVALLII
2145 4317 2502 4375 DOCTORIS
2543 4317 2941 4375 SORBONICI.

593 4427 818 4501 (a)_No_n
839 4432 929 4501 est
952 4429 1123 4501 quod
1147 4428 1206 4482 in
1233 4429 1342 4484 hac
1364 4445 1424 4484 re
1444 4426 1694 4501 Erigena
1713 4430 2013 4499 arguatur,
2036 4443 2169 4501 cum

2280 4423 2398 4480 illis
2429 4425 2584 4480 Deus
2608 4424 2732 4480 vult
2752 4424 2944 4480 adhuc
2961 4441 3306 4482 concurrere
3326 4430 3383 4481 et
3412 4426 3542 4483 illos
3565 4427 3798 4484 auxiliis
3819 4431 3944 4487 suf-

523 4497 783 4572 praaclari
812 4497 1066 4571 theologi
1091 4499 1420 4572 libertatem
1453 4501 1510 4572 in
1537 4497 1834 4572 voluntate
1863 4503 1919 4552 et
1948 4499 2171 4572 ratione
2207 4547 2248 4572 η
2281 4497 2617 4572 ﬁnientibus
2641 4497 2866 4572 juvare.

525 4547 2169 4643 ᾗὸέιῖἑεῖοἶήίξῖῦιῗιῖεὶἰιῖιῗῖτῖέῖὶιἱέιξΞᾎῩιίῐξῖίὲὀιὶιῖἐιὶέἶιὶ
2204 4547 2249 4610 D
2281 4547 3058 4643 "'(a)"i;a;;a;_1;5amm.
3081 4567 3226 4623 Cum
3255 4569 3396 4624 dicit
3425 4569 3782 4643 voluntatem
3816 4589 3939 4629 non

520 4641 838 4714 voluntatis
870 4646 926 4697 et
970 4643 1212 4698 rationis
1244 4659 1372 4698 esse
1403 4643 1588 4709 docet,
1622 4641 1810 4714 magis
1850 4647 2046 4696 tamen
2080 4657 2170 4695 ra-

523 4712 720 4770 tionis.

596 4785 667 4855 (b)
703 4785 828 4838 Haec
858 4784 1182 4839 secundum
1223 4783 1540 4856 potentiam
1572 4783 1928 4840 ordinariam
1959 4780 2170 4856 intelli-

522 4853 714 4929 genda
743 4861 898 4911 sunt.
924 4856 1018 4911 Sic
1049 4857 1202 4911 enim
1223 4853 1389 4929 Deus
1420 4856 1476 4909 in
1509 4873 1740 4928 pmnam
1774 4853 1992 4929 peccati
2022 4853 2174 4929 ipso-

523 4923 653 4984 rum
679 4929 1091 4983 damnatorum
1125 4928 1335 4983 statuit
1379 4943 1441 4983 se
1489 4923 1604 4982 non
1655 4923 2067 4998 ampliuscum
2101 4923 2173 4980 iis

523 4999 760 5072 speciali
793 4998 1007 5055 auxilio
1034 5016 1458 5072 concursurum
1485 5017 1498 5054 :
1526 4995 2171 5072 periextraordinarium

522 5067 717 5152 autem
749 5076 976 5152 certum
1007 5076 1096 5126 est
1125 5071 1224 5126 illa
1253 5089 1367 5152 non
1401 5067 1543 5152 esse:
1561 5071 1846 5152 privatos;
1882 5084 2020 5152 nec"
2015 5067 2171 5149 enim

523 5142 786 5215 implicat
817 5143 1000 5215 Deum
1023 5159 1122 5200 eos
1143 5142 1377 5215 auxiliis
1400 5137 1831 5215 sufﬁcientibus
1853 5143 1910 5194 et
1930 5137 2174 5194 efﬁcaci-

524 5213 637 5286 bus
667 5232 766 5285 per
794 5232 921 5286 qua:
951 5214 1338 5270 infallibiliter
1373 5233 1408 5270 a
1446 5213 1820 5286 damnatione
1851 5216 1907 5266 et
1937 5216 2172 5282 peccato

523 5283 910 5359 liberarentur
929 5287 1281 5358 przemunire
1301 5302 1492 5359 posse.
1518 5287 1603 5359 ita
1624 5285 1690 5339 D.
1722 5283 1979 5359 Thomas
2001 5286 2066 5336 ut
2091 5297 2174 5359 ref

523 5357 669 5428 liqui
689 5354 976 5430 doctores.
1004 5360 1073 5430 Et
1101 5376 1167 5414 eo
1197 5354 1373 5414 sensu
1407 5357 1623 5430 pariter
1647 5354 2053 5430 exponendum
2087 5357 2176 5408 est

525 5424 679 5500 quod
730 5428 975 5484 inferius
1027 5429 1227 5498 habet,
1280 5424 1490 5500 nem—pe
1538 5424 1832 5500 daemones
1880 5424 2173 5500 simulque

525 5495 834 5555 damnatos
865 5517 1070 5555 omnes
1101 5495 1532 5572 per‘peccat'um
1565 5497 1888 5572 perdidisse
1907 5495 2173 5572 vellebo-

527 5589 690 5625 num.
720 5572 881 5634 Quod
908 5567 1182 5644 quamvis
1214 5567 1284 5626 ad
1335 5588 1538 5627 omnes
1566 5567 1924 5644 'peccatores
1965 5567 2175 5644 adhuc

528 5643 871 5712 superstites
902 5639 960 5698 in
995 5644 1101 5700 hac
1131 5643 1247 5698 vita
1286 5639 1611 5699 extendere
1639 5643 1923 5708 videatur,
1943 5639 2178 5712 diversa

528 5711 724 5771 tamen
755 5717 844 5771 est
875 5715 1018 5771 ratio
1067 5730 1266 5772 eorum
1313 5719 1369 5772 et
1399 5715 1832 5779 damnatorum,
1858 5711 1995 5784 quia
2040 5727 2172 5766 cum

2283 4638 2915 4726 rem'ansis‘se‘iiberam
2955 4644 3090 4711 post
3127 4645 3452 4726 peccatum“,
3484 4641 3940 4726 intelligendum

2282 4726 2398 4786 non
2429 4714 2516 4766 est
2545 4711 2616 4766 de
2647 4709 2912 4786 libertate
2941 4709 3068 4783 quae
3109 4709 3442 4786 necessitati
3483 4709 3816 4786 opponitur,
3843 4717 3939 4772 vel

2281 4781 2352 4857 de
2384 4786 2620 4857 potente
2642 4782 2777 4857 ipsa
2807 4781 2990 4857 libera
3023 4798 3036 4838 :
3071 4799 3312 4857 semper
3352 4781 3669 4857 enim-eam
3704 4787 3938 4857 retinet,

2281 4856 2347 4908 ut
2375 4852 2596 4929 passim
2625 4852 3108 4929 docet__August.,
3143 4852 3246 4908 lib.
3277 4854 3343 4909 de
3369 4855 3583 4929 Spiritu
3629 4865 3680 4912 et
3729 4852 3938 4929 littera,

2281 4926 2531 5002 cap._33,
2563 4926 2665 5002 sed
2697 4926 2767 4981 de
2793 4925 3079 5002 libertate,
3114 4925 3546 5002 quaeservituti
3579 4929 3799 5000 peccati
3829 4925 3938 5002 op;

2281 4995 2518 5067 ponitur
2544 5013 2556 5050 :
2577 4996 2734 5071 hanc
2755 4996 2910 5071 enim
2934 4995 3159 5071 certum
3183 5001 3396 5071 estiper
3416 4995 3721 5071 peccatum
3742 4995 3940 5057 amitti

2281 5083 2414 5144 cum
2443 5067 2588 5123 servi
2614 5067 3042 5144 ﬁamusipsius
3073 5067 3316 5144 peccati,
3340 5067 3434 5124 ita'
3452 5074 3514 5125 ut
3540 5071 3612 5128 ab
3641 5088 3707 5128 eo
3738 5089 3842 5144 per
3871 5089 3941 5129 se

2281 5142 2339 5193 et
2367 5155 2436 5194 ex
2467 5138 2719 5223 propriis
2745 5138 2969 5195 viribus
3000 5138 3128 5223 non
3161 5140 3458 5223 possimus
3484 5138 3941 5223 resurgere,_aut

2281 5225 2457 5281 opera
2475 5210 2711 5292 pietatis
2731 5227 3014 5293 exercere,
3031 5211 3130 5265 sed
3162 5210 3533 5286 indigeamus
3553 5210 3744 5286 gratia
3772 5213 3939 5271 illius

2281 5281 2352 5336 de
2383 5299 2496 5354 quo
2526 5282 2753 5354 dictum
2777 5285 2901 5354 est:
2925 5281 2986 5337 Si
3015 5283 3195 5338 Filius
3224 5300 3313 5340 vos
3339 5286 3674 5353 liberaverit,
3707 5302 3828 5342 vere
3861 5287 3938 5342 li-

2284 5329 2417 5429 ber?
2425 5355 2582 5429 eritis
2609 5371 2628 5407 :
2661 5358 2718 5429 et
2743 5353 2803 5409 in
2835 5353 3013 5429 hunc_
3032 5371 3271 5429 _se_nsum
3297 5355 3600 5429 vulgatum
3631 5329 3939 5429 illudali-

2281 5424 2502 5501 gustini
2536 5424 2819 5501 elogium,
2836 5442 2962 5496 cap.
2987 5426 3058 5501 3(_)
3076 5424 3619 5501 Enchiridiigdebet
3643 5427 3889 5501 intelligi
3923 5446 3935 5484 :

2280 5495 2542 5572 Abuteris
2565 5495 2740 5551 ho'mo
2761 5495 2942 5572 libero
2965 5495 3201 5572 arbitrio
3229 5498 3480 5570 perdidit
3500 5504 3558 5554 et
3577 5500 3797 5572 ipsum,
3816 5495 3936 5556 non

2283 5567 2607 5644 secundum
2631 5567 2968 5644 essentiam,
2997 5568 3094 5644 sed
3112 5567 3282 5644 juxta
3301 5586 3428 5644 eam
3453 5567 3630 5644 quam
3654 5575 3786 5627 aute
3807 5588 3938 5644 pec-

2283 5641 2488 5713 cat_um_
2521 5638 2874 5713 sortiebatur
2913 5639 3348 5713 perfectionem.
3385 5638 3934 5711 Ita—Bellarm.,-lib.

2282 5727 2318 5764 v
2347 5709 2417 5765 de
2452 5709 2636 5768 Gratia
2661 5719 2714 5768 et
2742 5709 3182 5770 libero—Arbitrio
3212 5729 3314 5785 per
3342 5717 3554 5771 totum.
