4100 6466
174 415 291 480 157

1148 417 1383 483 LIBER
1425 415 1845 482 ADVERSUS
1886 414 2257 482 JOANNEM
2298 417 2641 484 SCORUM.

3484 425 3602 491 158

171 554 283 619 est,
297 549 397 609 cui
420 550 555 625 jam
570 549 644 607 de
671 546 780 608 hac
804 568 868 607 re
892 549 1165 625 superius
1193 554 1315 609 tam
1345 551 1535 609 multa
1554 567 1839 625 responsa
1864 549 1920 618 Α
1951 551 2248 621 rebus,vel
2281 552 2351 610 de
2376 554 2553 611 rebus
2584 553 2798 612 futuris
2821 572 3001 630 quam
3021 556 3601 630 praesclentia,mani-

173 641 355 698 sunt?
373 640 503 698 Nisi
527 645 592 697 ut
614 640 663 696 si
683 640 1053 697 Christianus
1077 640 1165 698 vel
1186 658 1313 698 esse
1333 641 1421 698 vel
1444 640 1624 698 videri
1654 640 1837 713 cupit,

1948 640 2266 698 festissima
2296 642 2512 700 falsum
2537 648 2629 700 est
2653 662 2666 701 :
2691 644 2838 711 Quia
2859 646 3225 719 prmscientia
3244 649 3383 722 ipse
3406 666 3500 706 res
3519 650 3607 706 fu-

173 728 420 804 abjiciat
447 730 611 786 hunc
639 731 940 797 insanum,
975 731 1341 787 mortiferum
1362 747 1639 799 errorem,
1664 745 1839 804 quem
1947 733 2091 785 tura:
2106 733 2513 788 tantummodo
2526 733 2936 806 praesciuntur;
2951 736 3460 808 praedestinatione
3471 756 3606 796 vero

174 824 400 893 quanto
434 819 718 876 subtilius
745 819 857 876 sibi
875 820 1129 893 sequi,et
1147 836 1407 877 asserere
1422 819 1840 888 videtur,tanto
1949 820 2128 875 etiam
2161 824 2521 890 statuuntur,
2555 823 2964 895 praeﬁniuntur
3006 829 3063 881 et
3092 826 3504 884 decernuntur.
3537 829 3609 884 Et

171 909 479 966 infelicius
509 926 546 966 a
577 908 810 966 diabolo
840 909 1161 965 includitur
1186 913 1243 965 et
1268 914 1617 977 excecatur;
1649 912 1725 975 et,
1746 908 1843 964 ab-

164 998 345 1073 jectis
375 1000 783 1056 humanarum
805 998 1289 1055 adinventionum
1330 997 1494 1055 falsis
1528 1002 1583 1053 et
1627 996 1844 1053 fallaci-

171 1089 285 1145 bus
317 1087 912 1163 argumentis,totum
934 1104 995 1144 se
1010 1086 1325 1161 Scriptum
1355 1091 1569 1143 sanctae
1590 1085 1839 1155 veritati,

171 1182 226 1234 et
256 1176 817 1233 Ecclesiasticorum
849 1177 1087 1233 Patrum
1108 1174 1524 1244 auctoritati,et
1549 1175 1681 1231 ﬁdei
1705 1174 1845 1230 sim-

171 1265 427 1339 plicitati
474 1264 786 1321 humiliter
831 1265 1166 1333 submittat;
1201 1282 1296 1331 ne,
1329 1265 1472 1320 dum
1514 1264 1841 1321 libertatem

170 1371 345 1414 suam
399 1354 518 1411 sibi
572 1352 906 1421 committit,
931 1358 990 1409 et
1032 1371 1068 1409 a
1110 1353 1339 1410 Christo
1381 1352 1618 1421 alienat,
1650 1368 1781 1408 vere
1811 1369 1846 1408 a

169 1444 409 1501 Christo
442 1443 690 1500 alienari
722 1447 1033 1499 mereatur.
1053 1442 1367 1499 Maledictus
1388 1442 1546 1499 enim
1568 1443 1728 1499 homo
1748 1443 1847 1514 qui

169 1534 401 1607 conﬁdit
430 1535 495 1589 in
525 1534 768 1598 homine,
798 1540 851 1589 et
874 1534 1031 1605 ponit
1061 1549 1285 1589 carnem
1328 1531 1615 1588 brachium
1660 1548 1843 1598 suum,

170 1633 221 1681 et
246 1642 283 1680 α
320 1624 566 1680 Domino
592 1620 796 1678 recedit
822 1638 915 1678 cor
941 1623 1058 1695 ejus
1079 1622 1209 1694 (Jer.
1255 1638 1393 1688 xvu,
1424 1621 1502 1689 5).
1529 1620 1846 1678 Benedictus

168 1720 361 1768 autem
408 1712 505 1767 vir
549 1711 650 1781 qui
693 1708 917 1781 conﬁdit
964 1710 1027 1765 in
1070 1711 1320 1778 Domino,
1353 1716 1405 1764 et
1435 1709 1541 1765 erit
1584 1709 1848 1765 Dominus

166 1802 381 1873 ﬁducia
412 1801 539 1874 ejus
572 1799 757 1870 (Ibid.,
789 1801 868 1867 7).

839 1949 1075 2006 CAPUT
1115 1949 1208 2006 IX.

242 2073 323 2145 (α)
357 2072 533 2127 Nono
564 2066 820 2141 capitulo
848 2066 957 2123 has
988 2065 1358 2122 deﬁnitiones
1386 2065 1549 2139 ponit
1582 2083 1595 2120 :

236 2164 297 2220 4.
334 2160 770 2219 Praescientiam
807 2166 858 2214 et
899 2156 1440 2229 prwdestinationem
1483 2156 1851 2214 similitudine

169 2269 367 2310 rerum
387 2249 783 2322 temporalium
808 2247 879 2302 ad
906 2251 1078 2303 Deum
1107 2248 1418 2318 transferri.

237 2346 298 2398 2.
333 2342 405 2397 Et
436 2354 658 2397 omnem
698 2335 1241 2410 prwdestinationem
1275 2336 1685 2408 praescientiam
1713 2352 1845 2392 esse.

240 2431 308 2488 Si
339 2446 489 2503 ergo
521 2445 592 2483 ex
634 2443 747 2482 usu
794 2441 993 2481 rerum
1027 2423 1458 2497 lemporalium,
1493 2442 1621 2497 quae
1669 2424 1848 2481 trium

171 2526 523 2593 temporum
575 2514 911 2571 diversitate
954 2512 1273 2580 variantur,
1308 2513 1366 2568 id
1415 2517 1502 2569 est
1551 2513 1846 2586 praeteriti,

171 2607 496 2684 praesentis
528 2610 588 2661 et
618 2601 1023 2675 futuri,magis
1053 2602 1123 2658 ad
1157 2602 1503 2675 temporalia
1533 2603 1846 2675 pertinent,

172 2700 274 2757 ubi
311 2703 441 2753 tam
474 2693 670 2751 multa
699 2693 903 2748 futura
929 2695 1379 2764 exspectantur:
1405 2690 1545 2764 quia
1581 2691 1851 2748 videlicet

172 2784 562 2862 praescientia
580 2786 638 2837 et
658 2779 1095 2854 praedestinatio
1116 2780 1349 2853 prOprie
1370 2798 1565 2836 rerum
1586 2786 1676 2837 est
1695 2781 1851 2837 futu-

175 2894 385 2935 rarum
417 2893 432 2931 :
459 2872 623 2947 apud
642 2872 828 2927 Deum
849 2886 983 2925 vero
1005 2869 1160 2926 sicut
1181 2867 1327 2924 nihil
1358 2874 1448 2926 est
1467 2870 1849 2942 praeteritum,

172 2969 257 3024 ita
289 2966 480 3023 etiam
513 2959 665 3016 nihil
699 2959 990 3024 futurum,
1024 2957 1081 3012 in
1131 2958 1302 3030 cujus
1355 2961 1572 3014 aeterna
1608 2959 1854 3015 scientia

172 3053 545 3117 eternaliter
591 3048 793 3106 omnia
840 3046 1149 3120 praesentia
1179 3052 1337 3102 sunt.
1371 3048 1442 3104 Et
1485 3047 1701 3104 idcirco
1731 3048 1853 3105 haec

172 3148 293 3203 duo
317 3147 526 3216 magis
550 3136 1095 3209 translative,quam
1119 3136 1351 3209 proprie
1372 3137 1443 3192 ad
1457 3137 1639 3193 Deum
1655 3138 1855 3194 dicun-

171 3240 301 3305 tur;
321 3229 637 3308 quomodo
657 3227 769 3284 iste
785 3225 1059 3297 superius
1081 3229 1201 3281 tam
1227 3225 1556 3299 frequenter
1593 3226 1853 3283 deﬁnivit

1952 909 2081 965 ideo
2092 910 2523 982 praedestinatio
2537 911 2852 984 impiorum
2867 914 2940 970 ad
2953 913 3311 987 supplicium
3325 920 3605 973 aeternum

1953 1015 2068 1053 non
2100 1000 2514 1056 tantummodo
2530 1000 2805 1073 praecivit,
2820 1002 2921 1058 sed
2949 1003 3128 1058 etiam
3152 1003 3318 1075 justo
3348 1009 3408 1061 et
3441 1009 3609 1062 aeter-

1952 1104 2027 1143 no
2049 1087 2277 1160 judicio
2302 1088 2511 1145 statuit
2540 1106 2606 1145 ac
2636 1089 2946 1162 praeﬁnivit
2971 1090 3114 1164 quid
3136 1097 3333 1149 essent
3353 1094 3607 1167 passuri.

2613 1240 2843 1297 CAPUT
2881 1240 2947 1297 Χ.

2025 1354 2259 1412 Decimo
2290 1355 2545 1428 capitulo
2577 1360 2830 1429 quatuor
2871 1355 3241 1415 deﬁnitiones
3291 1359 3458 1432 ponit
3502 1360 3612 1417 hoc

1955 1446 2129 1501 modo
2164 1461 2178 1500 :

2028 1535 2078 1590 1.
2111 1536 2282 1591 Deum
2327 1536 2589 1606 praescire
2653 1541 2752 1590 aut
2794 1534 3189 1606 przdestinare
3239 1545 3476 1610 peccata,
3528 1540 3614 1596 vel

1952 1632 2186 1680 mortem
2212 1624 2296 1680 vel
2318 1641 2509 1696 poenas
2538 1625 2828 1681 hominum
2856 1624 2938 1680 vel
2970 1626 3296 1695 angelorum
3322 1644 3358 1683 a
3386 1635 3611 1684 contra-

1954 1715 2041 1770 rio
2072 1714 2489 1784 intelligendum
2515 1715 2606 1770 sit.

2027 1806 2080 1858 2.
2115 1804 2309 1861 Omnes
2332 1804 2546 1859 malum
2569 1812 2870 1876 peccatum,
2896 1812 2947 1861 et
2975 1820 3195 1877 poenam
3232 1805 3351 1878 ejus
3378 1822 3489 1864 esse
3519 1825 3536 1862 :
3566 1814 3620 1864 et

1878 1921 1927 1987 Β
1959 1892 2078 1987 haec
2106 1894 2251 1987 nihil
2270 1909 2382 1950 esse
2403 1892 2507 1987 (ὁ).

2028 1984 2082 2039 3.
2114 1983 2425 2049 Peccatum,
2455 1983 2679 2054 ejusque
2700 1984 3111 2056 consequentias
3139 1986 3203 2040 in
3246 1993 3422 2041 morte
3456 1992 3619 2057 atque

1955 2073 2185 2128 miseria
2213 2075 2550 2137 constitutas,
2574 2088 2686 2128 non
2713 2072 2872 2128 aliud
2900 2088 3013 2129 esse
3041 2089 3208 2145 quam
3236 2075 3471 2143 integra:
3488 2075 3620 2132 vitae

1958 2163 2237 2233 beataeque
2259 2163 2655 2232 corruptiones,
2689 2164 2770 2217 ita
2798 2169 2861 2217 ut
2895 2162 3124 2231 singula
3169 2163 3409 2231 singulis
3453 2179 3618 2236 oppo-

1954 2259 2181 2307 nantur.
2208 2251 2521 2320 Integritati
2550 2250 2771 2322 quidem
2796 2258 3098 2322 peccatum,
3131 2252 3264 2308 υἱιίε
3290 2268 3455 2317 mors,
3491 2254 3618 2309 bea-

1957 2339 2187 2397 titudini
2207 2340 2456 2395 miseria.
2489 2339 2601 2395 Illa
2627 2347 2775 2405 sunt,
2808 2338 2929 2396 haec
2954 2341 3174 2411 penitus
3203 2356 3311 2396 non
3341 2348 3488 2396 sunt.

2029 2430 2080 2484 4.
2115 2428 2339 2485 Omnem
2363 2443 2638 2500 perversae
2664 2429 2962 2484 voluntatis
2991 2427 3260 2500 defectum
3303 2429 3388 2485 vel
3428 2431 3616 2500 priva-

1957 2520 2158 2574 tionem
2188 2519 2272 2573 vel
2302 2525 2597 2589 peccatum,
2630 2518 2863 2589 ﬁnisque
2893 2518 3069 2589 ipsius
3097 2534 3261 2573 mors.
3287 2519 3620 2591 miseriaque

1957 2608 2355 2680 suppliciorum
2381 2615 2720 2665 aeternorum
2740 2608 2965 2663 omnino
2984 2606 3131 2663 nihil
3153 2622 3293 2676 esse;
3318 2624 3382 2664 ac
3400 2625 3503 2680 per
3522 2610 3621 2665 hoc

1957 2714 2057 2753 nec
2084 2698 2355 2768 praesciri,
2387 2713 2485 2752 nec
2510 2695 2924 2769 praedestinari.

2029 2786 2172 2842 Ecce
2202 2785 2274 2840 ad
2307 2784 2449 2857 quid
2484 2785 2767 2857 perducta
2795 2788 2885 2842 est
2914 2784 3033 2841 ista
3050 2785 3342 2842 diabolica
3361 2785 3621 2858 disputa~

1960 2875 2064 2943 tio,
2099 2878 2165 2930 ut
2193 2874 2369 2930 homo
2398 2873 2499 2946 qui
2530 2873 2656 2929 vult
2675 2873 2856 2929 videri
2890 2874 3283 2942 Christianus,
3298 2876 3546 2949 paganis
3564 2880 3622 2932 et

1960 2963 2268 3021 diabolicis
2298 2962 2912 3036 argumentationibus
2943 2981 3180 3020 omnem
3230 2964 3405 3021 fidem
3441 2982 3618 3037 praes-

1962 3052 2187 3109 cientiae
2219 3056 2274 3108 et
2303 3051 2835 3123 praedestinationis
2859 3051 3226 3125 divinaque
3248 3052 3461 3126 impios
3480 3071 3621 3126 prm-

1962 3141 2130 3199 scivit
2158 3146 2216 3198 et
2235 3140 2670 3213 praedestinavit
2690 3158 2819 3198 esse
2840 3142 3531 3215 damnandos,quantum
3557 3141 3618 3197 in

1962 3248 2024 3287 se
2051 3234 2160 3296 est,
2176 3231 2476 3286 subvertet
2505 3234 2561 3285 et
2590 3229 3000 3296 destruat,non
3032 3230 3225 3287 solum
3247 3232 3484 3303 justum
3515 3231 3618 3287 Dei

178 3288 260 3293 -__
285 3288 301 3305 ,
330 3288 363 3308 Ἰ
863 3288 879 3297 ,
1327 3288 1347 3299 .
2149 3288 2159 3296 ,
2858 3288 2873 3296 ,
3247 3288 3272 3303 .,

171 3320 623 3399 przescientiam
656 3320 715 3374 et
747 3314 1324 3389 praedestinationem
1352 3333 1469 3371 non
1500 3315 1692 3372 solum
1724 3317 1847 3386 Dei,
1880 3288 1926 3359 α
1954 3320 2336 3393 judicium,et
2356 3323 2641 3375 aeternum
2656 3322 2830 3391 atque
2850 3318 3329 3376 incommutabile
3342 3321 3470 3392 ejus
3488 3337 3622 3376 con-

171 3419 230 3471 et
259 3414 323 3469 in
352 3411 482 3468 Deo
515 3422 649 3463 esse
668 3405 846 3478 (quod
877 3403 1052 3460 etiam
1089 3420 1193 3460 nos
1226 3404 1518 3477 fatemur),
1543 3405 1645 3461 sed
1676 3405 1852 3461 etiam

169 3504 373 3577 ipsam
402 3494 805 3555 substantiam
837 3496 895 3549 et
913 3492 1229 3549 essentiam
1268 3492 1369 3548 Dei
1399 3494 1565 3551 esse?
1594 3496 1855 3567 Quapro-

170 3597 305 3667 pter
336 3589 393 3646 si
432 3588 563 3660 ipse
594 3585 657 3640 in
688 3600 798 3640 sua
826 3581 1224 3654 disputatione
1244 3586 1366 3638 tam
1388 3583 1717 3639 contrarius
1739 3584 1852 3641 sibi

170 3687 283 3749 est,
318 3683 394 3736 ut
426 3675 589 3750 quod
622 3672 789 3746 prius
838 3672 1113 3739 afﬁrmat,
1147 3675 1350 3744 postea
1391 3672 1675 3740 destruat,
1710 3675 1851 3746 quid

171 3784 430 3830 necesse
460 3768 578 3833 est,
611 3767 679 3819 ut
706 3779 816 3818 nos
845 3761 973 3833 ejus
1000 3761 1316 3817 vanitatem
1346 3778 1716 3831 evacuemus,
1751 3763 1852 3835 qui

172 3866 301 3918 tam
335 3859 482 3930 apte
509 3870 574 3910 se
604 3852 803 3925 ipsum
837 3850 1115 3906 evacuat?
1130 3849 1186 3904 Si
1210 3853 1408 3906 autem
1428 3850 1631 3922 aliqua
1652 3852 1855 3926 regula

172 3945 528 4022 sophistica
559 3939 1189 4013 disputationis,quam
1211 3939 1334 4011 ipse
1355 3939 1538 3995 solam
1561 3941 1851 4012 sequitur,

170 4037 313 4096 talis
345 4034 554 4102 est,ut
583 4029 743 4087 licite
775 4027 930 4100 apud
962 4026 1299 4084 seacularem
1323 4029 1670 4101 sapientiam
1695 4031 1850 4103 quod

171 4145 293 4185 uno
356 4125 496 4181 loco
547 4120 901 4183 afﬁrmatur,
932 4116 1117 4173 altero
1161 4117 1553 4186 subvertatur,
1587 4118 1687 4191 qui
1735 4136 1851 4175 non

166 4218 374 4274 videat
406 4226 595 4285 quam
617 4209 698 4266 sit
725 4207 1156 4264 contemnenda
1172 4210 1228 4262 ct
1248 4205 1481 4279 penitus
1501 4207 1849 4279 abjicienda,

171 4306 278 4363 ubi
310 4301 489 4362 nulla
519 4302 611 4355 est
642 4296 893 4353 ﬁrmitas
943 4295 1224 4363 veritatis,
1257 4299 1314 4352 et
1361 4300 1484 4352 tam
1516 4297 1850 4370 impudens,

169 4400 299 4453 tam
328 4405 582 4466 procax,
612 4391 735 4443 tam
766 4383 1038 4458 petulans
1068 4383 1309 4441 libertas
1337 4389 1429 4442 est
1460 4384 1752 4444 falsitatis.

242 4481 421 4552 Quod
453 4493 595 4535 vero
629 4475 710 4533 ait
732 4493 746 4531 :
769 4476 995 4533 Omnem
1008 4474 1549 4547 prmdestinationem
1563 4478 1857 4549 prwscien-

171 4577 317 4631 tiam
343 4585 485 4636 esse,
520 4583 591 4622 ex
619 4568 782 4638 parte
810 4580 1012 4620 verum
1043 4566 1132 4619 est
1164 4563 1400 4636 quidem
1426 4581 1438 4619 :
1464 4565 1611 4630 Quia
1658 4567 1855 4623 omnis

1962 3409 2162 3467 silium
2196 3408 2254 3463 in
2301 3425 2504 3464 eorum
2551 3408 2928 3464 damnatione
2957 3424 3276 3478 evacuans;
3310 3409 3411 3465 sed
3440 3409 3615 3465 etiam

1963 3502 2288 3573 peccatum,
2312 3502 2370 3554 et
2391 3513 2625 3553 omnem
2656 3513 2888 3569 poenam
2921 3513 2987 3553 ac
3016 3497 3455 3554 damnationem
3488 3515 3617 3571 quas

1963 3592 2268 3662 peccatum
2299 3589 2614 3644 consecuta
2642 3586 2958 3654 sunt,nihil
2990 3603 3119 3643 esse
3148 3588 3618 3644 contendens.Ac

1963 3694 2068 3750 per
2095 3676 2225 3744 hoc,
2241 3675 2382 3748 quia
2411 3672 2557 3730 nihil
2591 3673 2729 3741 sint,
2745 3690 2853 3730 nec
2877 3673 3131 3747 prmsciri
3155 3692 3189 3731 a
3212 3674 3463 3742 Deo,nec
3481 3691 3621 3748 prse-

1962 3764 2248 3822 destinari
2297 3761 2576 3836 potuisse.
2611 3764 2700 3819 Ita
2743 3766 2809 3819 ut
2840 3762 3179 3836 ubicunque
3208 3762 3270 3818 in
3301 3764 3620 3836 Scripturis

1962 3852 2205 3920 sanctis,
2239 3851 2360 3907 sive
2387 3851 2445 3905 in
2477 3849 2854 3923 dogmatibus
2884 3849 3122 3905 Patrum
3152 3849 3294 3906 talia
3317 3850 3620 3923 praescisse

1960 3946 2018 3999 et
2046 3918 2495 4015 przedestinasse
2525 3918 2763 4011 legitur,
2796 3956 2831 3995 a
2860 3938 3153 3995 contrario
3182 3918 3368 4012 accipi
3389 3918 3616 4008 debeat,

1958 4031 2019 4087 id
2040 4034 2129 4087 est
2154 4033 2219 4085 ut
2238 4029 2479 4086 omnino
2498 4045 2566 4084 ea
2587 4044 2693 4084 nec
2715 4028 3022 4100 prasscisse
3044 4045 3149 4084 nec
3170 4027 3621 4101 praedestinasse

1959 4118 2341 4193 intelligatur.
2357 4118 2519 4184 Quod
2543 4116 2677 4190 quis
2698 4121 2787 4173 est
2805 4116 2966 4172 aliud
2991 4117 3204 4186 dicere,
3220 4133 3399 4188 quam
3420 4121 3620 4189 aperte

1961 4208 2256 4266 insanire?
2272 4207 2415 4275 Quis
2435 4206 2594 4263 enim
2616 4223 2880 4279 unquam
2906 4206 3170 4263 ﬁdelium
3186 4204 3274 4261 vel
3298 4205 3516 4262 sentire
3529 4204 3619 4261 vel

1964 4299 2156 4355 dicere
2180 4295 2557 4371 praesumpsit
2583 4296 2724 4367 quia
2754 4295 2910 4368 quod
2943 4294 3093 4351 dixit
3120 4293 3357 4360 veritas,
3382 4310 3497 4350 non
3528 4297 3620 4349 est

1959 4391 2205 4455 veritas;
2239 4386 2395 4460 quod
2426 4385 2629 4441 docuit
2660 4385 2825 4452 fides,
2851 4384 3067 4440 falsum
3091 4387 3211 4452 est;
3235 4383 3393 4456 quod
3413 4398 3619 4439 omnes

1963 4479 2208 4536 credunt
2238 4474 2461 4543 ﬁdeles,
2486 4472 2634 4528 nihil
2665 4477 2773 4528 est.
2798 4473 2964 4528 Certe
2985 4473 3097 4529 iste
3122 4477 3432 4546 propterea
3473 4472 3618 4539 haec,

1963 4569 2023 4625 id
2055 4571 2144 4623 est
2173 4566 2477 4637 peccatum
2510 4565 2568 4617 et
2596 4576 2831 4617 omnem
2861 4576 3116 4633 pmnam,
3141 4576 3208 4615 ac
3238 4559 3623 4627 miseriam,et

170 4654 631 4737 praedestinatio
648 4654 981 4710 futurorum
995 4669 1112 4708 non
1125 4652 1251 4709 sine
1272 4652 1856 4729 praiseientiasit,per
1884 4663 1933 4729 Ι)
1964 4649 2476 4718 calamitatem,vel
2500 4648 2883 4722 temporalem
2905 4649 2994 4705 vel
3023 4654 3303 4706 aeternam
3326 4648 3470 4705 nihil
3494 4665 3624 4705 esse

170 4768 361 4826 quam
396 4748 536 4820 ipsa
562 4744 763 4800 futura
792 4741 1202 4815 praesciuntur.
1220 4742 1331 4799 Sed
1364 4742 1414 4798 si
1445 4742 1556 4799 hoc
1587 4743 1715 4800 ideo
1762 4746 1849 4801 di-

168 4846 339 4899 ctum
371 4832 641 4907 est,quia
660 4832 709 4889 si
731 4830 879 4888 nihil
898 4831 1157 4905 amplius
1176 4835 1313 4906 agat
1332 4832 1767 4904 pradestinatio
1792 4835 1849 4892 in

1959 4741 2279 4809 contendit,
2295 4740 2435 4814 quia
2463 4757 2576 4796 non
2602 4739 2823 4795 habent
2843 4738 3160 4795 essentiam
3198 4737 3259 4794 in
3287 4738 3622 4812 semetipsis

1959 4831 2246 4894 existendi
2267 4829 2356 4887 vel
2372 4828 2754 4897 subsistendi,
2772 4827 2925 4884 sicut
2956 4827 3220 4885 videmus
3243 4827 3459 4885 habere
3488 4828 3598 4883 sub

1195 4973 1411 5031 NOTjE
1449 4972 1796 5034 DUVALLII
1832 4977 2186 5037 DOCTORIS
2225 4934 2666 5031 SORBONICIO

266 5088 324 5157 α)
350 5086 592 5165 integro
614 5080 714 5137 illo
735 5080 926 5154 capite
945 5080 1224 5165 suggiliat
1243 5081 1552 5165 Erigenanrn
1575 5084 1731 5165 quod
1754 5101 1849 5157 pe-

171 5152 669 5226 stilentissfmum
690 5152 946 5226 errorem
961 5152 1421 5226 introducat,q_ui
1437 5152 1655 5226 effrena
1674 5152 1851 5212 licen-

174 5230 256 5286 tia
287 5227 583 5285 omnibus
599 5224 760 5281 vitiis
776 5229 835 5281 et
862 5224 1183 5282 sceleribus
1198 5223 1460 5281 habenas
1481 5223 1650 5280 laxet.
1666 5228 1851 5293 Quem

171 5300 365 5358 latius
401 5296 592 5354 multo
623 5295 803 5353 hocce
834 5295 1166 5353 miserrimo
1209 5295 1421 5352 saeculo
1470 5296 1854 5354 introducunt

172 5369 420 5429 sectarii
452 5367 663 5441 nostri,
684 5368 797 5441 qui
830 5366 1157 5440 quamlibet
1183 5367 1330 5441 legis
1369 5366 1784 5441 obligationem
1820 5388 1854 5426 a

172 5443 454 5500 ﬁdelium
486 5437 812 5495 cervicibus
843 5437 1042 5495 arcent
1076 5457 1088 5494 :
1123 5437 1521 5500 quaa'libertas'
1534 5443 1624 5495 est
1653 5441 1851 5498 carnis

173 5531 298 5571 non
344 5511 619 5585 spiritus,
654 5510 911 5585 ﬁliorum
957 5509 1174 5585 diaboli
1224 5527 1341 5566 non
1388 5509 1518 5580 Dei;
1550 5510 1719 5572 ἀθαξία
1751 5514 1850 5570 de-

170 5581 403 5655 nique:
423 5582 633 5655 quavis
664 5582 944 5655 servitute
974 5581 1263 5638 miserior.

270 5653 330 5727 ὖ)
353 5653 526 5727 Hanc
547 5653 815 5727 haeresim
832 5653 946 5727 isto
970 5657 1169 5727 nostro
1191 5653 1735 5727 steculo‘abiinferis
1752 5657 1849 5712 de-

173 5725 690 5787 nn'oisuscitarunt
710 5725 1026 5794 Quintinus
1047 5725 1378 5799 etrCopinus
1401 5725 1656 5784 Sudores
1680 5726 1848 5785 Flan-

1959 5085 2072 5154 dri,
2102 5102 2140 5161 ρ,
2182 5078 2483 5161 catholicis
2534 5076 3175 5161 proptereaHLiherltini
3235 5074 3406 5161 dicti;
3440 5075 3497 5131 id
3530 5081 3619 5132 est

1963 5146 2121 5230 quod
2152 5156 2456 5230 peccatum
2491 5146 2799 5230 nihil—esse
2828 5148 3089 5230 dicerent
3114 5152 3346 5230 ‘praiter
3382 5146 3616 5230 in‘aneni

1962 5216 2019 5285 et
2047 5216 2256 5306 falsam
2275 5222 2614 5306 opinionom
2641 5238 2656 5274 :
2676 5220 2887 5306 deinde
2903 5237 3019 5306 non
3039 5216 3617 5306 debere‘reprehte‘ndi

1960 5316 2060 5357 cos
2084 5297 2184 5372 qui
2198 5369 2207 5372 _
2216 5289 2509 5372 occidunt,
2527 5293 2860 5372 mmchantu
2871 5308 2915 5358 r,
2933 5291 3231 5372 furantur:
3257 5289 3618 5372 tertio,Ch.ri-

1962 5359 2120 5426 stum
2152 5365 2296 5424 nihil
2328 5382 2457 5423 esse
2489 5359 2604 5420 nisi
2636 5361 2856 5434 aliquid
2881 5360 3274 5434 compositum
3307 5377 3374 5416 ex
3394 5359 3615 5434 Spiritu

1960 5443 2057 5498 Dei
2092 5445 2148 5498 et
2170 5439 2472 5512 opinione;
2499 5439 2712 5512 quarto
2727 5432 3288 5512 angelos,daamo_nes
3309 5438 3366 5512 et
3387 5432 3616 5512 animas

1961 5513 2106 5569 nihil
2138 5502 2467 5575 esse.Quos
2486 5502 2716 5562 etiamsi
2748 5502 3026 5559 detestari
3050 5521 3111 5560 se
3141 5503 3298 5559 dicat
3317 5502 3610 5575 Calvinus,

1960 5585 2133 5641 editis
2165 5574 2381 5638 libellis
2412 5579 2691 5634 adversus
2721 5593 2841 5645 eos,
2875 5591 2944 5631 ex
2995 5577 3123 5647 ejus
3172 5580 3369 5647 tamen
3390 5574 3616 5647 schola

1958 5661 2241 5729 tanquam
2274 5669 2346 5729 ea
2374 5666 2528 5729 equo
2552 5648 2810 5729 Trojano
2837 5645 3184 5729 certumnest
3213 5645 3523 5729 prodiisse.
3548 5680 3615 5691 —

1959 5716 2255 5795 Bellarm.,
2290 5722 2391 5779 lib.
2423 5716 2463 5778 i1
2496 5720 2567 5776 de
2599 5716 2928 5778 amissione
2956 5716 3174 5792 gratiae,
3208 5716 3336 5792 cap.
3371 5719 3423 5776 l.
