4100 6442
467 399 584 462 155

1563 401 1795 463 FLORI
1839 399 2157 462 DIACONI
2203 369 2782 466 LUGDUNENSIS.

3763 401 3887 466 156

466 542 619 599 sicut
647 543 807 597 tanta
836 536 1293 612 incorruptionis
1321 536 1509 612 gratia
1540 537 1840 606 induendi,
1866 541 1930 592 ut
1962 554 2112 593 nun-
2143 536 2198 604 Α
2228 533 2390 592 illius
2419 535 2607 609 gratia
2627 535 2801 592 fuerit
2821 535 3350 610 instauratum,qui
3375 534 3455 593 ait
3479 554 3492 593 :
3515 537 3580 594 Si
3598 555 3686 596 vos
3705 538 3888 597 Filius

465 647 643 705 quam
673 631 904 704 possint
936 631 1103 686 mori.

537 721 753 777 Mirum
783 724 873 776 est
902 724 1096 776 autem
1128 737 1234 776 cur
1264 719 1371 774 iste
1402 719 1756 791 subjungere
1787 717 2036 774 voluerit
2065 721 2122 773 et

465 810 655 867 dicere
691 828 703 865 :
739 813 894 866 Hunc
923 819 1146 876 motum,
1173 809 1229 864 id
1257 818 1334 864 est
1365 809 1532 863 liberi
1561 809 1804 877 arbitrii,
1833 809 1982 864 nulli
2003 810 2122 864 ani-

464 902 720 971 malium,
745 907 949 972 praeter
991 899 1281 966 hominem,
1315 914 1626 953 concessum
1653 914 1788 952 cum
1842 898 2120 953 omnibus

467 989 843 1046 manifestum
863 989 957 1054 sit,
976 989 1126 1060 quod
1151 987 1248 1042 ubi
1276 985 1438 1042 nulla
1459 987 1760 1042 rationalis
1781 992 1991 1042 natura
2010 990 2119 1058 est,

466 1079 620 1134 sicut
649 1079 704 1134 in
740 1077 1012 1134 omnibus
1039 1077 1248 1141 brutis,
1273 1081 1330 1132 et
1354 1075 2116 1148 irrationalibusjumentis,

466 1168 629 1225 nulla
657 1167 956 1224 rationalis
995 1167 1266 1222 voluntas
1299 1182 1426 1222 esse
1459 1166 1644 1237 possit
1675 1166 1746 1221 ad
1795 1166 2121 1238 appetenda

465 1257 619 1313 bona
648 1257 734 1313 vel
767 1257 960 1312 mala:
993 1258 1093 1312 sed
1127 1257 1200 1312 ad
1231 1256 1430 1311 omnia
1461 1273 1589 1327 quae
1635 1260 1819 1327 agunt
1857 1255 1982 1312 sola
2021 1272 2120 1311 na-

463 1345 637 1402 turali
669 1347 840 1402 bruto
882 1349 939 1402 et
984 1345 1284 1402 insensato
1318 1345 1577 1418 appetitu
1613 1346 1920 1400 ducantur.
1956 1344 2118 1400 Unde

464 1440 520 1492 et
549 1452 912 1508 quaecunque
941 1436 1012 1491 ab
1045 1435 1128 1490 eis
1169 1435 1339 1500 ﬁunt,
1365 1438 1654 1506 quantum
1703 1435 1774 1490 ad
1819 1451 1887 1490 ea
1937 1434 2119 1506 perti-

464 1529 582 1592 net,
617 1542 724 1581 nec
755 1526 910 1580 bona
939 1525 1050 1579 dici
1089 1529 1334 1596 possunt
1366 1540 1471 1580 nec
1503 1523 1676 1591 mala,
1713 1540 1815 1578 nec
1845 1523 1983 1578 vitia
2014 1540 2119 1578 nec

460 1615 729 1683 virtutes,
764 1614 877 1669 nisi
912 1615 1056 1670 forte
1085 1614 1214 1669 ideo
1247 1613 1357 1670 sibi
1390 1614 1644 1685 quodam
1679 1613 1852 1668 modo
1882 1629 2119 1684 compa-

464 1704 615 1760 ravit
645 1703 890 1759 humani
923 1703 1145 1759 arbitrii
1174 1707 1398 1768 notum,
1424 1707 1480 1757 et
1509 1703 1816 1758 brutorum
1848 1702 2118 1758 animan-

463 1792 614 1850 tium
647 1792 991 1865 appetitum,
1016 1792 1194 1864 quod,
1225 1792 1376 1847 sicut
1423 1791 1521 1848 ille
1563 1790 1917 1847 irrationalis
1947 1807 2122 1863 appe-

462 1883 608 1938 titus
637 1881 761 1938 solo
787 1885 1009 1979 natura:
1040 1880 1419 1979 incitamento
1450 1880 1662 1952 agitur,
1687 1880 1769 1978 ita
1789 1880 1983 1979 et'iste
2015 1881 2121 1936 hu-
2149 1913 2197 1979 B

463 1971 621 2027 mani
656 1969 881 2026 arbitrii
913 1973 1107 2026 motus
1138 1968 1262 2026 solo
1308 1974 1528 2024 natura:
1562 1987 1679 2025 suae
1730 1969 2011 2025 instinctu
2046 1970 2116 2024 ad

463 2060 617 2131 quod
650 2058 900 2115 voluerit
931 2059 1198 2114 ducatur.
1235 2059 1396 2124 Quod
1438 2075 1617 2130 quam
1650 2059 1726 2113 sit
1758 2059 2115 2113 contrarium

457 2147 686 2205 veritati
717 2165 899 2221 supra
921 2149 1048 2220 jam
1081 2147 1296 2220 sepius
1325 2149 1794 2203 demonstratum
1826 2151 1933 2203 est.

529 2239 599 2294 Et
628 2238 688 2293 in
717 2241 949 2293 tantum
971 2237 1303 2309 disputator
1332 2236 1443 2292 iste
1473 2236 1808 2292 auditorum
1841 2236 2115 2293 sensibus

458 2331 514 2383 et
545 2327 789 2383 auribus
821 2325 981 2382 abuti
1013 2326 1409 2399 praesumpsit,
1433 2331 1498 2381 ut
1529 2326 1788 2392 auderet,
1812 2325 1970 2382 velut
1991 2326 2116 2398 qui-

459 2417 594 2472 dam
623 2414 936 2471 fabricator
967 2419 1025 2471 et
1059 2414 1276 2488 ﬁgulus
1316 2415 1779 2481 mendaciorum,
1804 2433 2011 2471 novam
2043 2414 2114 2469 li-

459 2504 581 2560 beri
601 2503 824 2560 arbitrii
849 2503 1250 2560 deﬁnitionem
1272 2504 1430 2560 velut
1448 2504 1667 2560 luteam
1685 2510 1740 2559 et
1760 2502 2112 2560 lutulentam

460 2594 700 2665 ﬁngere,
717 2597 772 2649 et
792 2592 961 2664 quasi
993 2609 1277 2666 magnum
1300 2592 1521 2665 aliquid
1556 2592 1902 2648 intuentiam
1926 2591 2113 2648 oculis

459 2699 802 2755 proponere.
831 2681 1150 2752 Subjunxit
1186 2682 1342 2738 enim
1394 2681 1648 2753 posthaec
1680 2687 1737 2737 et
1766 2682 1848 2737 ait
1883 2698 1895 2737 :
1928 2681 2114 2754 Sitque

459 2770 588 2850 talis
628 2771 941 2842 differentia
989 2772 1132 2826 inter
1178 2771 1411 2826 liberum
1457 2772 1694 2827 hominis
1743 2771 2038 2826 arbitrium
2064 2777 2117 2826 et

457 2861 573 2932 ejus
603 2861 990 2927 substantiam,
1017 2869 1078 2915 ut
1102 2868 1305 2915 natura
1327 2862 1444 2933 ejus
1463 2862 1535 2916 sit
1564 2863 1622 2915 in
1645 2861 1916 2916 voluntate
1947 2862 2111 2916 ratio-

457 2951 618 3005 nali:
649 2950 888 3005 liberum
917 2965 1040 3006 vero
1071 2949 1367 3005 arbitrium
1398 2951 1457 3004 in
1485 2951 1603 3022 ejus
1633 2949 1881 3005 libertate
1908 2951 2022 3005 sive
2051 2951 2114 3004 in

459 3046 609 3093 motu
640 3039 832 3096 liberae
850 3039 1188 3094 naturalittr
1211 3039 1526 3106 voluntatis,
1557 3041 1671 3094 sive
1691 3040 1753 3094 in
1770 3055 1998 3094 munere
2029 3041 2113 3093 in-

460 3127 785 3196 telligentia:
805 3128 898 3199 (α).
933 3128 1076 3184 Ecce
1099 3127 1269 3200 quale
1299 3127 1550 3183 liberum
1573 3127 1879 3183 arbitrium
1903 3128 2070 3184 docet
2096 3145 2108 3182 :

459 3215 662 3289 utique
684 3215 1081 3289 Pelagianum,
1106 3234 1220 3272 non
1239 3216 1668 3274 Christianum!
1694 3218 1866 3290 cujus
1889 3216 2112 3274 scilicet

460 3309 673 3361 natura
703 3305 779 3360 sit
822 3305 1123 3362 rationalis
1161 3305 1453 3374 voluntas,
1477 3307 1717 3363 effectus
1745 3324 1878 3362 vero
1910 3306 1969 3362 in
2001 3324 2111 3363 sua
2140 3287 2182 3354 (ἶ

461 3394 712 3450 naturali
733 3395 809 3464 (b)
831 3393 1147 3452 voluntatis
1179 3395 1448 3452 libertate
1469 3397 1778 3465 consistat;
1799 3401 1855 3452 et
1874 3413 1942 3452 ex
1963 3396 2106 3464 sola,

457 3483 546 3539 vel
577 3484 636 3538 in
669 3483 795 3540 sola
826 3485 1078 3540 naturali
1107 3484 1403 3540 voluntate
1434 3485 1646 3541 habeat
1674 3485 2020 3554 libertatem,
2053 3491 2112 3542 et

462 3576 710 3640 motum,
734 3578 792 3628 et
820 3573 1218 3646 intelligentia
1251 3591 1489 3630 munus.
1517 3576 1633 3630 Nos
1659 3579 1877 3645 autem,
1903 3591 2109 3630 secun-

462 3661 604 3716 dum
628 3661 927 3717 veritatem
950 3662 1105 3729 ﬁdei,
1131 3661 1213 3716 ita
1235 3666 1304 3730 (ε)
1326 3662 1574 3719 liberum
1596 3663 1907 3718 arbitrium
1929 3663 1986 3717 in
2013 3663 2112 3718 ho-

463 3749 622 3806 mine
642 3749 1036 3822 agnoscimus,
1065 3755 1147 3818 ut,
1170 3750 1306 3806 licet
1336 3751 1515 3808 menti
1541 3751 1811 3807 rationali
1832 3751 2111 3807 naturali-

462 3842 550 3895 ter
579 3840 654 3896 sit
684 3857 717 3895 a
745 3845 860 3895 Deo
902 3839 1168 3907 insitum,
1191 3845 1250 3896 et
1279 3842 1520 3912 bonum,
1544 3858 1608 3897 ac
1649 3846 1872 3897 rectum
1921 3842 2114 3914 prima

462 3929 797 3985 conditione
818 3928 1124 3998 collatum;
1149 3934 1345 3987 tamen
1368 3931 1588 4003 peccati
1611 3931 1819 3987 merito
1840 3932 2114 4004 deprava-

460 4021 613 4086 tum,
641 4023 696 4073 et
726 4018 980 4074 naturali
1026 4018 1238 4075 virtute
1285 4018 1622 4091 spoliatum,
1657 4019 1878 4075 nullam
1927 4019 2115 4092 possit

461 4106 678 4164 habere
709 4109 780 4164 ad
812 4125 1012 4164 verum
1043 4109 1264 4164 bonum
1303 4109 1653 4174 libertatem,
1688 4108 1916 4164 nullum
1948 4109 2112 4164 bona:

458 4196 776 4254 voluntatis
806 4201 1054 4264 motum,
1079 4197 1307 4254 nullum
1333 4197 1727 4271 intelligentia:
1755 4197 1975 4266 lumen,
1999 4197 2110 4254 nisi

2233 626 2569 691 liberaverit,
2591 634 2719 681 tunc
2758 642 2880 682 vere
2933 625 3096 681 liberi
3140 627 3297 682 eritis
3327 628 3503 697 (Joan.
3527 645 3648 696 VIII,
3673 631 3794 698 36);
3829 634 3890 685 et

2232 715 2332 787 qui
2363 733 2471 771 sua
2501 715 2886 788 inspiratione
2909 720 3126 783 monet,
3152 732 3405 787 quorum
3432 716 3678 774 voluerit
3707 719 3891 775 corda

2232 805 2304 860 ad
2332 805 2528 872 ﬁdem,
2555 805 2706 861 sicut
2727 805 3012 877 propheta
3031 804 3202 860 dicit:
3226 807 3292 861 Et
3313 807 3528 863 movebo
3549 824 3733 865 omnes
3751 826 3891 878 gen-

2230 905 2306 953 tes
2332 905 2382 954 et
2413 899 2588 952 veniet
2621 904 2673 952 et
2709 896 3058 952 Desideratus
3099 898 3306 952 cunctis
3336 898 3590 966 gentibus
3621 901 3788 969 (.lgg.
3827 916 3891 964 ιι,

2229 989 2285 1054 8)
2313 1003 2324 1041 :
2349 987 2418 1042 Et
2445 986 2537 1041 cui
2569 984 2829 1058 quotidie
2875 984 3277 1057 supplicantes
3322 986 3613 1042 dicimus:
3641 993 3718 1048 Da
3745 990 3897 1045 mihi

2230 1076 2584 1141 intellectum,
2619 1083 2670 1131 et
2709 1075 2917 1130 discam
2962 1074 3229 1130 mandata
3275 1083 3371 1131 tua
3404 1076 3513 1148 (Ps.
3547 1094 3738 1146 cxvm,
3769 1079 3895 1148 73).

2229 1164 2299 1220 Et
2330 1165 2540 1220 iterum
2577 1182 2588 1219 :
2623 1164 2957 1220 Intellectum
2985 1163 3055 1218 da
3097 1165 3257 1231 mihi,
3286 1173 3338 1220 et
3367 1167 3546 1222 vivam
3574 1168 3702 1238 (1b.,
3738 1168 3892 1236 144).

2230 1257 2308 1310 De
2339 1271 2452 1325 quo
2479 1253 2655 1308 etiam
2688 1251 2983 1308 intellectu
3011 1252 3272 1326 largitori
3295 1255 3515 1326 gratias
3541 1260 3780 1328 agentes
3807 1259 3895 1313 di-

2229 1343 2418 1399 cimus
2444 1359 2457 1398 :
2487 1341 2835 1398 Benedictum
2864 1342 3222 1414 Domino,qui
3250 1343 3444 1399 tribuit
3474 1346 3615 1401 mihi
3642 1347 3892 1404 intellec-

2230 1440 2342 1488 tum
2371 1433 2486 1500 (Ps.
2510 1449 2602 1500 xv,
2625 1432 2699 1503 7).
2733 1431 2850 1487 Hoc
2882 1448 3136 1503 namque
3167 1435 3257 1488 est
3286 1449 3415 1490 vero
3444 1433 3693 1490 liberum
3725 1436 3892 1491 arbi-

2229 1521 2410 1578 trium
2437 1538 2449 1576 :
2477 1538 2614 1588 non,
2629 1521 2800 1592 juxta
2830 1522 3011 1576 istum
3056 1521 3348 1595 Pelagiani
3380 1523 3594 1580 erroris
3625 1530 3892 1583 asserto-

2230 1628 2372 1680 rem,
2399 1627 2618 1666 munus
2641 1615 2886 1678 natura,
2909 1611 3010 1666 sed
3035 1627 3252 1667 munus
3283 1612 3512 1684 gratiae;
3534 1618 3591 1670 et
3610 1613 3891 1684 liberum,

2229 1699 2370 1772 quia
2399 1699 2608 1756 Christi
2639 1699 2830 1772 gratia
2859 1698 3192 1755 liberatum.

2303 1791 2416 1846 Iste
2445 1807 2579 1846 vero
2611 1806 2746 1845 cum
2774 1789 3138 1844 nominasset
3167 1789 3269 1846 illa
3295 1790 3426 1858 tria,
3453 1790 3510 1847 id
3543 1797 3633 1849 est
3661 1795 3897 1852 arbitrii

2230 1879 2582 1947 libertatem,
2603 1882 2853 1945 motum,
2875 1877 3344 1952 intelligentiam,
3361 1897 3487 1953 quae
3505 1882 3703 1938 omnia
3721 1884 3781 1940 in
3805 1903 3900 1942 so-

2229 1970 2285 2025 la
2315 1974 2535 2024 naturae
2559 1969 2612 2023 vi
2643 1972 2910 2023 constare
2941 1967 3218 2036 afﬁrmat,
3240 1970 3512 2042 producit
3539 1972 3732 2029 adhuc
3763 1977 3895 2046 eju-

2227 2059 2390 2115 sdem
2415 2058 2582 2113 liberi
2605 2056 3015 2128 arbitrii,quod
3043 2056 3168 2130 ipse
3191 2059 3657 2132 conﬁngit,velut
3679 2081 3892 2121 novam

2225 2148 2545 2221 quamdam
2569 2145 2823 2220 efﬁgiem
2845 2162 2913 2201 ex
2942 2145 3134 2202 tribus
3157 2147 3423 2219 partibus
3454 2149 3572 2206 sive
3602 2155 3891 2212 membris

2225 2241 2611 2310 compactam,
2644 2240 2702 2292 et
2730 2235 2872 2292 dicit
2904 2252 2917 2290 :
2953 2236 3088 2304 Quae
3126 2239 3258 2305 tria,
3292 2237 3350 2293 id
3385 2247 3464 2294 est
3493 2239 3653 2312 liber,
3683 2251 3885 2311 motus,

2225 2327 2610 2398 intelligentia,
2646 2324 2881 2380 liberum
2909 2323 3205 2380 arbitrium
3244 2327 3391 2382 inter
3417 2343 3474 2384 se
3499 2340 3834 2398 componunt
3866 2352 3886 2388 :

2223 2424 2302 2481 ut,
2333 2417 2479 2471 sicut
2502 2415 2810 2470 substantia
2841 2415 2902 2469 in
2945 2429 3055 2486 qua
3098 2423 3194 2482 est,
3225 2417 3374 2471 trina
3397 2420 3512 2473 sit:
3533 2420 3625 2474 Est
3654 2422 3804 2476 enim
3834 2431 3890 2479 et

2222 2506 2356 2570 vult,
2387 2513 2438 2560 et
2467 2506 2603 2567 scit,-
2636 2504 2714 2558 ita
2743 2511 2793 2558 et
2822 2502 2964 2558 illud
2992 2505 3202 2559 trinum
3228 2505 3345 2575 ﬁat,
3379 2505 3437 2560 id
3463 2514 3542 2562 est
3565 2507 3725 2580 liber,
3756 2528 3877 2567 mo-

2222 2602 2328 2660 lus,
2356 2593 2687 2662 intelligens.
2703 2593 2837 2657 Qua:
2860 2591 3059 2648 omnia
3081 2593 3282 2662 utique
3303 2593 3518 2652 idcirco
3542 2596 3704 2667 dicit,
3729 2604 3795 2654 ut
3817 2600 3879 2656 in

2220 2683 2316 2739 his
2347 2681 2508 2748 solis,
2545 2680 2602 2737 id
2633 2685 2721 2736 est
2750 2679 2810 2735 in
2861 2680 2990 2753 ipsa
3028 2685 3258 2749 natura,
3291 2687 3348 2738 et
3377 2681 3467 2739 his
3499 2701 3624 2757 quae
3671 2687 3883 2745 insunt

2220 2771 2333 2844 ipsi
2365 2775 2608 2839 naturae,
2632 2770 2881 2826 liberum
2904 2769 3212 2826 arbitrium
3242 2776 3508 2829 constare
3539 2777 3878 2847 contendat,

2219 2861 2487 2917 videlicet
2521 2864 2600 2927 ut,
2636 2859 2787 2916 sicut
2836 2860 3017 2915 menti
3068 2859 3340 2916 humanae
3389 2864 3737 2921 naturaliter
3765 2867 3884 2924 tria

2221 2949 2489 3022 quaedam
2539 2949 2760 3013 insunt,
2797 2948 2854 3004 id
2882 2953 2971 3004 est
3013 2965 3161 3016 esse,
3185 2949 3350 3017 velle,
3377 2950 3544 3022 scire,
3569 2970 3702 3010 cum
3755 2955 3882 3012 haec

2220 3039 2359 3105 duo,
2383 3038 2440 3094 id
2463 3043 2554 3094 est
2577 3037 2866 3106 voluntas,
2890 3042 2948 3093 et
2969 3037 3212 3095 scientia
3240 3042 3648 3098 tantummodo
3677 3043 3791 3111 sui,
3823 3051 3884 3101 et

2220 3145 2336 3186 non
2367 3127 2608 3184 alterius
2639 3127 2720 3183 rei
2753 3126 3116 3200 intelligitur,
3142 3128 3222 3184 ita
3244 3129 3418 3185 etiam
3449 3129 3700 3188 liberum
3723 3134 3882 3190 arbi-

2219 3217 2401 3273 trium
2419 3235 2486 3272 ex
2507 3216 2636 3290 ipsa
2653 3221 2845 3272 mente
2865 3217 3204 3289 procedens,
3219 3221 3278 3274 et
3297 3217 3356 3273 in
3377 3218 3505 3292 ipsa
3522 3221 3876 3293 consistens,

2221 3325 2338 3364 non
2370 3307 2608 3363 aliunde
2638 3307 2739 3362 sed
2771 3323 2840 3362 ex
2871 3305 2971 3362 illa
3001 3306 3214 3363 habeat
3242 3307 3592 3378 libertatem,
3623 3317 3877 3382 motum,

2221 3396 2700 3471 intelligentiam;
2736 3400 2798 3451 ut
2830 3394 2906 3452 sit
2935 3395 3160 3452 homini
3193 3398 3538 3456 naturaliter
3568 3417 3671 3474 per
3701 3401 3881 3474 huju-

2220 3485 2479 3543 scemodi
2527 3485 2859 3552 arbitrium,
2910 3485 3079 3554 liber,
3111 3491 3330 3556 motus,
3370 3486 3723 3562 intelligens.
3758 3491 3879 3549 Nec

2219 3575 2362 3631 dicit
2389 3579 2644 3631 mentem
2677 3575 2999 3631 humanam
3029 3575 3141 3630 tria
3189 3575 3289 3631 illa
3316 3576 3375 3632 in
3410 3593 3470 3633 se
3501 3578 3736 3647 habere,
3769 3583 3877 3639 sed

2220 3669 2442 3720 naturae
2465 3663 2750 3736 simplicis
2771 3664 2987 3721 trinam
3010 3682 3157 3721 esse.
3183 3665 3252 3720 Et
3273 3667 3476 3722 eodem
3499 3667 3672 3724 modo
3692 3669 3877 3728 etiam

2218 3753 2470 3809 liberum
2493 3753 2804 3808 arbitrium
2826 3771 2953 3810 esse
2970 3753 3355 3826 trinum,quis
3373 3773 3634 3828 unquam
3652 3759 3881 3815 audivit

2219 3846 2342 3898 tam
2373 3843 2798 3899 contentiosam
2822 3843 3033 3898 erroris
3056 3843 3455 3915 impietatem?
3475 3846 3596 3910 Qua
3618 3846 3702 3902 ita
3719 3847 3880 3905 labo-

2221 3936 2312 3988 rat
2341 3929 2660 4000 includere,
2679 3936 2736 3987 et
2763 3931 2922 3987 velut
2941 3930 3298 4004 quibusdam
3328 3933 3596 3991 terminis
3616 3952 3880 3993 commu-

2221 4020 2345 4076 nire
2375 4019 2625 4075 liberum
2648 4019 2980 4088 arbitrium,
3011 4024 3074 4076 ut
3095 4022 3334 4078 omnino
3364 4021 3508 4080 illud
3533 4023 3591 4078 in
3614 4023 3740 4082 sola
3768 4025 3878 4083 hu-

2223 4126 2408 4165 mana:
2441 4113 2660 4164 naturae
2693 4108 2906 4164 virtute
2958 4109 3287 4194 concludat,
3320 4115 3378 4166 et
3406 4112 3478 4167 ab
3526 4129 3592 4169 eo
3635 4114 3878 4186 penitus

2220 4197 2320 4254 Dei
2349 4198 2599 4270 gratiam
2631 4197 2918 4254 excludat.
2943 4198 3089 4264 Quid
3135 4215 3272 4271 ergo
3303 4199 3356 4255 ei
3394 4203 3874 4274 respondendum

1456 4324 1666 4380 NOTAE
1703 4323 2045 4380 DUVALLII
2085 4322 2441 4380 DOCTORIS
2481 4323 2880 4380 SORBONICI.

531 4431 758 4505 (a)_Non
777 4435 868 4505 est
891 4431 1144 4505 quodin
1172 4433 1280 4488 hac
1303 4450 1362 4488 re
1384 4431 1632 4505 Erigena
1653 4435 1952 4504 arguatur,
1975 4448 2108 4505 cum

2219 4428 2337 4484 illis
2368 4430 2522 4485 Deus
2548 4429 2671 4485 vult
2691 4430 2882 4486 adhuc
2901 4446 3245 4488 concurrere
3265 4436 3321 4487 et
3350 4432 3481 4490 illos
3503 4433 3737 4491 auxiliis
3757 4437 3879 4493 suf-

461 4501 722 4576 prtnclari
750 4501 1004 4574 theologi
1030 4503 1358 4576 libertatem
1391 4505 1449 4558 in
1475 4501 1773 4576 voluntate
1801 4508 1858 4558 et
1887 4502 2110 4576 ratione
2146 4551 2186 4576 η
2220 4501 2555 4576 ﬁcientibus
2579 4502 2804 4576 juvare.

463 4551 2108 4646 Bbgdéi'iittf—T6395375531ié'tfétT'dBi'féédliEteiﬁ
2142 4551 2188 4615 Ι)
2221 4551 2996 4646 "'(£)"i&;2}tirit]}5£trium.
3021 4573 3166 4630 Cum
3194 4575 3334 4630 dicit
3364 4575 3722 4633 voluntatem
3755 4595 3874 4635 non

459 4644 777 4719 voluntatis
809 4650 865 4700 et
909 4646 1152 4702 rationis
1182 4664 1310 4702 esse
1342 4647 1527 4713 docet,
1560 4646 1748 4719 magis
1789 4652 1985 4701 tamen
2019 4662 2108 4700 ra-

461 4716 658 4772 tionis.

534 4788 606 4858 (b)
641 4789 766 4842 Flch
795 4788 1120 4860 secundum
1161 4787 1478 4860 potentiam
1510 4787 1865 4844 ordinariam
1898 4785 2109 4860 intelli-

460 4857 652 4932 genda
681 4864 836 4914 sunt.
863 4859 957 4914 Sic
986 4860 1141 4915 enim
1161 4857 1327 4915 Deus
1359 4860 1413 4914 in
1446 4877 1678 4932 pmnam
1712 4857 1930 4932 peccati
1960 4857 2112 4932 ipso-

461 4927 592 4987 rum
617 4931 1030 5003 damnatorum
1064 4932 1272 4987 statuit
1316 4948 1378 4987 se
1428 4927 1544 4987 rion
1594 4927 2004 5003 ampliuscum
2038 4927 2111 4984 iis

461 5002 698 5074 speciali
732 5001 946 5058 auxilio
972 5019 1396 5059 concursurum
1423 5021 1436 5057 :
1463 4999 2108 5075 perrextraordinarium

460 5072 655 5156 autem
687 5079 914 5156 cer‘tum
945 5079 1033 5130 est
1065 5075 1162 5129 illa
1191 5092 1306 5156 non
1339 5072 1481 5156 esse:
1499 5074 1784 5156 privatos;
1819 5089 1958 5156 nec“
1953 5072 2109 5154 enim

460 5145 725 5218 implicat
755 5145 937 5218 Deum
961 5163 1060 5202 eos
1081 5145 1315 5218 auxiliis
1338 5143 1769 5218 sufﬁcientibus
1791 5148 1848 5198 et
1869 5143 2112 5198 efﬁcaci-

462 5216 574 5289 bus
605 5235 704 5288 per
732 5234 859 5289 quae
888 5217 1275 5273 infallibiliter
1311 5235 1346 5273 a
1383 5216 1758 5289 damnatione
1789 5220 1845 5270 et
1875 5221 2108 5287 peccato

460 5287 848 5362 liberarentur
867 5290 1218 5361 praemunire
1239 5305 1430 5362 posse.
1456 5290 1540 5362 _Ita
1562 5289 1628 5343 D.
1660 5287 1916 5362 Thomas
1937 5291 2003 5340 ut
2029 5302 2112 5362 re-

459 5359 606 5431 liqui
626 5359 913 5433 doctores.
943 5363 1010 5433 Et
1039 5379 1105 5417 eo
1135 5359 1311 5418 sensu
1344 5360 1561 5433 pariter
1586 5359 1990 5433 exponendum
2024 5361 2113 5412 est

503 5428 617 5486 uod
669 5431 912 5487 inferius
964 5432 1165 5502 habet,
1219 5428 1428 5504 nem'pe
1476 5428 1769 5486 daemones
1817 5428 1992 5483 simul
2041 5445 2110 5483 ue

461 5449 771 5558 damnatos
802 5520 1007 5558 omnes
1039 5520 1140 5558 ner
1169 5508 1469 5558 peccatum
1503 5501 1825 5558 perdidisse
1846 5446 2110 5555 velle%o-

503 5508 771 5576 amnatos
802 5520 1007 5558 omnes
1039 5499 1469 5576 per'peccat'um
1503 5501 1825 5575 perdidisse
1846 5499 2110 5576 vellebo-

464 5591 628 5628 num.
657 5575 818 5647 Quod
851 5571 1120 5647 quamvis
1151 5571 1221 5629 ad
1273 5592 1476 5630 omnes
1504 5571 1862 5647 peccatores
1902 5571 2111 5647 adhuc

465 5646 808 5716 superstites
839 5643 897 5702 in
932 5647 1038 5703 hac
1069 5646 1185 5701 vita
1224 5643 1549 5702 extendere
1576 5646 1860 5712 videatur,
1881 5643 2114 5716 diversa

464 5715 661 5773 tamen
693 5721 781 5774 est
811 5717 956 5775 ratio
1003 5735 1204 5776 eorum
1251 5723 1306 5776 et
1336 5720 1770 5784 damnatorum,
1796 5715 1931 5788 quia
1977 5732 2109 5770 cum

2222 4643 2853 4732 rem'ansis‘se‘iiberam
2894 4649 3028 4716 post
3065 4651 3390 4732 peccatum,
3423 4647 3876 4732 intelligendum

2221 4731 2337 4792 non
2367 4719 2455 4792 est
2485 4715 2555 4792 de
2585 4714 2851 4792 libertate
2880 4714 3006 4788 quea
3048 4714 3381 4792 necessitati
3422 4714 3754 4792 opponitur,
3782 4723 3874 4779 vel

2220 4785 2290 4862 de
2322 4791 2558 4862 potente
2581 4787 2716 4862 ipsa
2746 4785 2928 4862 libera
2962 4803 2974 4843 :
3010 4805 3250 4862 semper
3291 4785 3608 4862 enim-eam
3643 4785 3874 4862 retinet,

2220 4861 2286 4912 ut
2314 4857 2534 4936 passim
2564 4857 3047 4936 docet-August,
3082 4857 3184 4914 lib.
3216 4860 3281 4915 de
3308 4861 3522 4936 Spiritu
3568 4871 3618 4918 et
3668 4857 3874 4936 littera,

2219 4931 2470 5008 σερε-33,
2503 4930 2603 5008 sed
2635 4931 2706 4986 de
2731 4929 3017 5008 libertate,
3052 4947 3199 5008 quae
3219 4929 3484 4989 servituti
3517 4936 3738 5006 peccati
3768 4929 3873 5008 op;

2220 4999 2456 5072 ponitur
2483 5017 2494 5054 :
2516 5000 2672 5077 hanc
2693 5001 2850 5077 enim
2872 4999 3097 5077 certum
3122 5007 3334 5077 estper
3354 4999 3658 5077 peccatum
3681 4999 3875 5063 amitti

2220 5088 2353 5150 cum
2381 5072 2528 5127 servi
2552 5072 2981 5150 ﬁamusipsius
3011 5072 3255 5150 peccati,
3278 5072 3374 5131 ita'
3390 5080 3452 5132 ut
3477 5077 3550 5133 ab
3579 5093 3646 5134 eo
3677 5095 3780 5150 per
3811 5095 3876 5135 se

2219 5146 2277 5198 et
2305 5159 2374 5198 ex
2406 5144 2658 5229 propriis
2684 5143 2907 5200 viribus
2938 5143 3065 5229 non.
3098 5146 3397 5229 possimus
3422 5143 3877 5229 resurgere,_aut

2219 5192 2395 5286 ὀρεἔὲὶι
2407 5192 2656 5287 pietatis
2669 5192 3068 5282 e'ié'rEéFefs'eﬁ
3098 5192 3683 5292 ἵᾱεῑῖέὲὲὲιὶξέῑὲῗῖἑ
3697 5192 3875 5276 illiti;

2219 5285 2290 5340 de
2321 5303 2434 5348 quo
2465 5287 2689 5342 dictum
2715 5291 2838 5343 est:
2863 5288 2926 5342 Si
2953 5289 3133 5344 Filius
3162 5305 3250 5345 vos
3276 5291 3613 5348 liberaverit.
3645 5308 3766 5348 vere
3800 5293 3874 5348 li-

2222 5303 2290 5340 ae
2321 5303 2434 5359 quo
2465 5303 2689 5342 dictum
2715 5303 2838 5343 est:
2863 5303 2923 5342 δι
2953 5303 3133 5344 mnus
3162 5305 3250 5345 vos
3276 5303 3613 5360 liberaverit,
3645 5308 3766 5348 vere
3800 5303 3874 5348 ti-

2222 5359 2347 5435 beri
2362 5359 2520 5435 eritis
2547 5376 2566 5412 :
2599 5363 2656 5435 et
2681 5359 2741 5414 in
2773 5359 2950 5435 hunc;
2970 5377 3208 5435 sgisum
3235 5360 3539 5435 vulgatum
3570 5362 3875 5435 illuduAu-

2219 5429 2440 5507 gustini
2475 5429 2757 5507 elogium,
2774 5448 2900 5502 cap.
2925 5431 2995 5507 3C)
3014 5429 3558 5507 Enchiridiigdebet
3582 5433 3827 5507 intelligi
3860 5453 3872 5491 :

2217 5499 2480 5579 Abutens
2502 5499 2677 5557 hoino
2699 5499 2880 5579 libero
2902 5501 3139 5579 arbitrio
3166 5499 3418 5575 perdidit
3437 5510 3495 5560 et
3516 5506 3736 5579 ipsum,
3755 5499 3874 5562 n'on

2221 5571 2545 5648 secundum
2568 5573 2905 5648 essentiam,
2934 5573 3031 5648 sed
3049 5571 3219 5648 juxta
3239 5591 3366 5648 eam
3391 5571 3568 5648 quam
3593 5582 3725 5633 aute
3747 5594 3876 5648 pec-

2221 5647 2424 5718 catum
2458 5643 2812 5718 sortiebatur
2851 5644 3286 5718 perfectionem.
3323 5643 3872 5718 Ita—Bellarm.,'lib.

2219 5731 2256 5770 v
2285 5715 2354 5771 de
2389 5715 2574 5773 Gratia
2599 5724 2651 5773 et
2679 5715 3120 5776 libero—Arbitrio
3150 5735 3252 5791 per
3280 5722 3493 5777 totum.
