4100 6442
465 401 582 462 155

1561 401 1793 463 FLORI
1837 399 2155 463 DIACONI
2201 368 2780 466 LUGDUNENSIS.

3761 401 3886 466 156

464 543 617 601 sicut
645 544 804 598 tanta
835 537 1291 612 incorruptionis
1319 537 1507 612 gratia
1537 537 1838 606 induendi,
1864 541 1928 593 ut
1960 554 2111 593 nun-
2141 536 2196 604 Α
2226 533 2388 592 illius
2417 536 2605 609 gratia
2625 534 2799 592 fuerit
2820 535 3348 610 instauratum,qui
3373 535 3454 593 ait
3477 554 3490 593 :
3514 537 3578 594 Si
3596 555 3684 596 vos
3704 538 3886 597 Filius

464 648 642 705 quam
671 631 902 705 possint
933 631 1101 687 mori.

536 722 750 778 Mirum
781 725 872 777 est
900 725 1094 776 autem
1126 738 1232 776 cur
1261 720 1369 775 iste
1401 719 1754 792 subjungere
1785 717 2034 774 voluerit
2063 721 2120 774 et

463 811 653 868 dicere
689 829 702 866 :
737 813 892 867 Hunc
921 819 1144 877 motum,
1171 809 1228 864 id
1255 818 1332 865 est
1363 810 1530 864 liberi
1560 809 1802 877 arbitrii,
1831 809 1980 864 nulli
2001 810 2120 864 ani-

463 902 718 972 malium,
743 908 946 972 prwter
989 899 1279 966 hominem,
1313 914 1624 954 concessum
1652 915 1786 953 cum
1840 898 2118 954 omnibus

465 990 842 1046 manifestum
861 989 955 1054 sit,
974 990 1124 1061 quod
1149 988 1246 1043 ubi
1274 986 1436 1042 nulla
1457 987 1759 1043 rationalis
1778 992 1989 1042 natura
2008 991 2117 1058 est,

465 1079 618 1135 sicut
647 1079 702 1134 in
739 1078 1010 1135 omnibus
1037 1077 1246 1142 brutis,
1271 1081 1327 1132 et
1353 1076 2115 1148 irrationalibusjumentis,

464 1169 627 1226 nulla
656 1168 955 1224 rationalis
993 1167 1264 1222 voluntas
1297 1183 1424 1222 csse
1458 1167 1643 1238 possit
1672 1167 1744 1222 ad
1793 1166 2120 1239 appetenda

463 1257 618 1314 bona
646 1257 732 1313 vel
765 1257 958 1313 mala:
991 1258 1092 1313 sed
1125 1257 1198 1312 ad
1229 1257 1427 1312 omnia
1459 1274 1586 1328 qua:
1633 1260 1817 1328 agunt
1855 1255 1980 1312 sola
2019 1273 2118 1311 na-

461 1346 636 1402 turali
667 1348 838 1402 bruto
881 1350 937 1402 et
982 1346 1282 1402 insensato
1315 1347 1576 1419 appetitu
1611 1346 1919 1401 ducantur.
1954 1345 2117 1400 Unde

462 1441 519 1492 et
547 1453 910 1509 quacunque
939 1437 1010 1492 ab
1044 1435 1127 1491 eis
1168 1436 1337 1501 ﬁunt,
1364 1438 1652 1507 quantum
1701 1436 1772 1490 ad
1817 1451 1886 1490 ea
1934 1434 2117 1506 perti-

462 1529 580 1593 net,
616 1543 722 1582 nec
753 1527 908 1581 bona
937 1525 1050 1580 dici
1087 1529 1333 1597 possunt
1365 1541 1469 1580 nec
1501 1523 1674 1591 mala,
1711 1541 1813 1579 nec
1843 1523 1982 1578 vitia
2012 1540 2117 1579 nec

459 1615 728 1683 virtutes,
763 1615 875 1670 nisi
910 1616 1055 1670 forte
1085 1615 1213 1670 ideo
1245 1614 1355 1671 sibi
1388 1615 1642 1686 quodam
1679 1614 1850 1669 modo
1881 1629 2117 1684 compa-

463 1705 614 1761 ravit
643 1704 889 1760 humani
921 1703 1143 1760 arbitrii
1173 1707 1396 1769 notum,
1422 1708 1478 1758 et
1507 1703 1814 1758 brutorum
1845 1703 2117 1758 animan—

462 1793 614 1850 tium
646 1793 990 1866 appetitum,
1015 1793 1192 1864 quod,
1223 1793 1374 1848 sicut
1422 1791 1520 1848 ille
1561 1791 1915 1847 irrationalis
1945 1807 2120 1863 appe-

461 1883 606 1938 titus
635 1881 760 1938 solo
786 1885 1007 1937 natura:
1039 1881 1417 1936 incitamento
1449 1880 1660 1953 agitur,
1686 1880 1767 1936 ita
1788 1885 1843 1936 et
1874 1880 1981 1936 iste
2013 1881 2120 1936 hu-

462 1972 620 2028 mani
655 1971 880 2026 arbitrii
911 1974 1106 2026 motus
1137 1969 1260 2026 solo
1307 1975 1527 2025 naturae
1560 1987 1677 2025 suae
1728 1969 2010 2025 instinctu
2044 1970 2115 2025 ad

461 2060 616 2132 quod
649 2059 898 2115 voluerit
929 2060 1196 2114 ducatur.
1233 2059 1394 2124 Quod
1436 2076 1615 2130 quam
1649 2059 1725 2114 sit
1757 2059 2114 2114 contrarium

457 2148 685 2206 veritati
715 2165 898 2221 supra
919 2149 1046 2220 jam
1081 2147 1294 2220 saepius
1323 2149 1792 2204 demonstratum
1824 2151 1931 2203 est.

528 2239 597 2294 Et
626 2238 686 2294 in
716 2241 948 2294 tantum
970 2238 1302 2309 disputator
1331 2237 1441 2292 iste
1472 2236 1806 2293 auditorum
1840 2237 2114 2294 sensibus

456 2331 514 2384 et
544 2327 788 2384 auribus
819 2326 979 2383 abuti
1012 2327 1408 2400 prasumpsit,
1432 2332 1497 2381 ut
1527 2326 1787 2393 auderet,
1811 2325 1969 2382 velut
1989 2326 2115 2398 qui-

458 2417 594 2472 dam
621 2415 935 2472 fabricator
967 2419 1024 2471 et
1057 2415 1275 2488 ﬁgulus
1315 2415 1778 2482 mendaciorum,
1803 2433 2010 2472 novam
2041 2414 2112 2470 1i-

458 2505 580 2561 beri
600 2504 824 2560 arbitrii
848 2504 1248 2560 deﬁnitionem
1271 2504 1428 2560 velut
1447 2505 1666 2561 luteam
1684 2510 1739 2560 et
1759 2503 2112 2560 lutulentam

460 2595 698 2666 ﬁngere,
715 2597 770 2650 et
791 2593 960 2666 quasi
991 2610 1276 2666 magnum
1299 2593 1520 2665 aliquid
1555 2593 1901 2648 intuentiam
1925 2592 2112 2648 oculis

458 2699 801 2756 proponere.
830 2682 1148 2753 Subjunxit
1185 2682 1341 2739 enim
1392 2682 1646 2754 posthaec
1679 2687 1736 2738 et
1765 2683 1847 2737 ait
1882 2699 1894 2738 :
1927 2681 2112 2754 Sitque

458 2771 587 2850 talis
627 2771 939 2844 differentia
987 2773 1131 2827 inter
1177 2772 1410 2827 liberum
1455 2773 1694 2827 hominis
1741 2772 2037 2826 arbitrium
2063 2778 2116 2826 et

457 2861 572 2932 ejus
602 2862 989 2928 substantiam,
1017 2869 1076 2916 ut
1101 2869 1304 2916 natura
1327 2862 1443 2933 ejus
1462 2863 1534 2916 sit
1563 2863 1621 2916 in
1644 2862 1916 2917 voluntate
1946 2862 2110 2916 ratio-

455 2951 616 3006 nali:
649 2950 887 3006 liberum
917 2967 1038 3006 vero
1070 2950 1366 3006 arbitrium
1397 2951 1456 3004 in
1484 2951 1602 3022 ejus
1633 2950 1880 3006 libertate
1907 2952 2021 3005 sive
2051 2951 2113 3004 in

458 3047 608 3094 motu
639 3039 830 3096 liberae
849 3040 1187 3095 naturalittr
1210 3040 1525 3107 voluntatis,
1556 3041 1670 3095 sive
1690 3041 1752 3094 in
1769 3055 1997 3094 munere
2029 3041 2112 3094 in-

459 3128 784 3196 telligentia:
804 3130 898 3200 (ιι).
931 3129 1075 3184 Ecce
1098 3127 1268 3200 quale
1298 3127 1549 3184 liberum
1572 3127 1878 3183 arbitrium
1902 3128 2069 3184 docet
2095 3145 2107 3183 :

459 3215 661 3290 utique
683 3215 1080 3290 Pelagianum,
1105 3235 1220 3273 non
1238 3217 1666 3274 Christianum!
1693 3218 1864 3290 cujus
1888 3216 2111 3274 scilicet

2231 627 2568 691 liberaverit,
2589 633 2718 682 tunc
2756 642 2878 682 vere
2931 626 3094 682 liberi
3137 627 3295 682 eritis
3325 628 3501 697 (Joan.
3525 646 3646 696 vm,
3671 631 3793 698 36);
3829 633 3889 685 et

2230 716 2329 787 qui
2361 733 2469 771 sua
2500 715 2884 788 inspiratione
2907 720 3124 783 monet,
3151 733 3403 787 quorum
3430 716 3677 774 voluerit
3705 719 3890 775 corda

2230 805 2302 860 ad
2330 805 2527 872 ﬁdem,
2553 805 2704 862 sicut
2725 805 3010 877 propheta
3030 805 3201 860 dicit:
3225 808 3291 861 Et
3311 807 3526 864 movebo
3548 824 3732 865 omnes
3751 826 3890 878 gen-

2229 905 2303 954 tes
2330 906 2381 954 et
2411 899 2587 953 veniet
2619 905 2672 952 et
2707 896 3056 952 Desideratus
3098 899 3304 953 cunctis
3334 898 3589 966 gentibus
3619 900 3788 969 (Agg.
3826 916 3890 964 ιι,

2227 989 2284 1054 8)
2311 1003 2322 1042 :
2347 988 2416 1042 Et
2443 987 2534 1042 cui
2568 984 2827 1058 quotidie
2873 984 3275 1057 supplicantes
3321 987 3574 1043 dicimus
3599 1005 3611 1042 :
3639 993 3717 1048 Da
3744 990 3896 1045 mihi

2228 1077 2583 1141 intellectum,
2617 1083 2668 1131 et
2707 1075 2915 1130 discam
2960 1075 3228 1130 mandata
3273 1083 3369 1131 tua
3402 1077 3512 1148 (Ps.
3545 1094 3737 1146 cxvm,
3769 1079 3894 1147 73).

2227 1165 2297 1220 Et
2327 1165 2538 1220 iterum
2575 1182 2586 1220 :
2621 1165 2956 1220 Intellectum
2983 1164 3054 1219 da
3095 1165 3256 1232 mihi,
3284 1172 3337 1220 et
3365 1167 3544 1222 vivam
3572 1169 3702 1238 (1b.,
3736 1168 3892 1236 444).

2227 1258 2307 1310 De
2337 1271 2450 1326 quo
2477 1253 2654 1308 etiam
2686 1252 2982 1309 intellectu
3010 1252 3272 1326 largitori
3294 1255 3514 1326 gratias
3539 1260 3778 1329 agentes
3806 1259 3894 1314 di-

2227 1343 2416 1400 cimus
2443 1359 2455 1398 :
2485 1342 2834 1398 Benedictum
2863 1343 3221 1414 Domino,qui
3249 1343 3442 1399 tribuit
3473 1346 3613 1401 mihi
3641 1347 3892 1404 intellec-

2228 1441 2341 1488 tum
2370 1433 2484 1500 (Ps.
2508 1450 2601 1500 xv,
2623 1431 2697 1503 7).
2731 1431 2849 1487 Hoc
2881 1448 3135 1503 namque
3166 1435 3256 1488 est
3285 1449 3413 1490 vero
3442 1432 3691 1491 liberum
3725 1436 3890 1492 arbi-

2227 1521 2408 1578 trium
2435 1539 2448 1576 :
2476 1539 2612 1589 non,
2628 1522 2798 1593 juxta
2828 1522 3009 1577 istum
3055 1521 3346 1595 Pelagiani
3379 1523 3592 1580 erroris
3623 1530 3890 1583 asserto-

2229 1628 2371 1680 rem,
2397 1628 2616 1667 munus
2640 1615 2885 1678 naturae,
2908 1611 3009 1666 sed
3034 1627 3251 1668 munus
3281 1612 3510 1685 gratiae;
3533 1618 3589 1670 et
3608 1613 3889 1684 liberum,

2227 1699 2368 1773 quia
2397 1699 2607 1756 Christi
2637 1699 2828 1772 gratia
2858 1699 3190 1755 liberatum.

2301 1791 2415 1846 Iste
2444 1807 2578 1846 vero
2610 1806 2744 1845 cum
2773 1789 3137 1845 nominasset
3165 1789 3268 1847 illa
3293 1790 3425 1857 tria,
3452 1790 3509 1847 id
3541 1797 3632 1849 est
3660 1795 3895 1852 arbitrii

2229 1879 2580 1947 libertatem,
2602 1883 2852 1946 motum,
2875 1877 3342 1952 intelligentiam,
3360 1897 3485 1953 qua
3504 1881 3702 1938 omnia
3720 1884 3779 1940 in
3803 1903 3898 1942 so-

2227 1970 2283 2025 la
2314 1975 2534 2024 naturae
2558 1969 2611 2024 vi
2642 1973 2909 2024 constare
2940 1967 3216 2035 afﬁrmat,
3238 1971 3510 2042 producit
3538 1972 3732 2029 adhuc
3763 1977 3893 2046 eju-

2227 2060 2390 2115 sdem
2413 2058 2581 2113 liberi
2603 2057 3013 2128 arbitrii,quod
3041 2056 3166 2130 ipse
3189 2059 3656 2132 conﬁngit,velut
3677 2081 3891 2121 novam

2224 2149 2544 2221 quamdam
2568 2146 2821 2220 efﬁgiem
2843 2162 2912 2201 ex
2941 2146 3132 2202 tribus
3155 2147 3422 2219 partibus
3453 2149 3571 2207 sive
3601 2154 3890 2212 membris

2224 2242 2610 2310 compactam,
2633 2225 2701 2292 et
2729 2235 2870 2292 dicit
2903 2253 2916 2291 :
2952 2236 3087 2304 Quae
3125 2239 3256 2306 tria,
3291 2238 3348 2293 id
3384 2247 3462 2295 est
3492 2240 3651 2312 liber,
3681 2251 3884 2311 motus,

2223 2327 2608 2398 intelligentia,
2645 2324 2880 2380 liberum
2908 2323 3204 2380 arbitrium
3243 2327 3389 2382 inter
3415 2343 3472 2384 se
3498 2341 3832 2398 componunt
3865 2351 3885 2388 :

2222 2425 2300 2481 ut,
2332 2417 2478 2471 sicut
2501 2415 2809 2470 substantia
2840 2415 2901 2469 in
2943 2429 3053 2486 qua
3097 2423 3193 2482 est,
3223 2417 3372 2470 trina
3395 2420 3470 2472 sit
3491 2436 3510 2472 :
3531 2420 3624 2474 Est
3653 2422 3804 2476 enim
3832 2431 3888 2479 et

2220 2506 2354 2570 vult,
2386 2513 2437 2560 et
2465 2506 2602 2568 scit,-
2636 2505 2714 2558 ita
2741 2511 2792 2558 et
2820 2502 2963 2558 illud
2991 2505 3200 2559 trinum
3226 2505 3344 2576 ﬁat,
3378 2505 3436 2561 id
3462 2514 3541 2562 est
3563 2507 3724 2579 liber,
3755 2528 3875 2567 mo-

2221 2602 2327 2661 tus,
2355 2593 2836 2662 intelligens.Quze
2859 2592 3058 2648 omnia
3079 2593 3280 2663 utique
3301 2593 3517 2651 idcirco
3540 2596 3702 2667 dicit,
3728 2603 3793 2654 ut
3815 2600 3877 2656 in

2219 2683 2314 2739 his
2347 2681 2507 2748 solis,
2544 2681 2601 2737 id
2631 2685 2720 2736 est
2749 2680 2808 2735 in
2860 2680 2989 2753 ipsa
3027 2686 3257 2749 natura,
3289 2687 3346 2738 et
3375 2681 3466 2739 his
3497 2701 3623 2757 quae
3668 2687 3880 2745 insunt

2219 2772 2332 2844 ipsi
2365 2777 2607 2839 naturae,
2631 2770 2880 2826 liberum
2903 2769 3210 2827 arbitrium
3241 2775 3507 2829 constare
3538 2777 3876 2847 contendat,

2217 2861 2486 2918 videlicet
2519 2864 2599 2927 ut,
2635 2859 2786 2916 sicut
2835 2860 3016 2915 menti
3066 2859 3339 2916 humanae
3389 2864 3736 2921 naturaliter
3763 2867 3882 2924 tria

2219 2949 2488 3023 quaedam
2537 2949 2758 3013 insunt,
2795 2948 2852 3004 id
2881 2953 2970 3004 est
3012 2965 3160 3016 esse,
3183 2949 3350 3016 velle,
3375 2950 3543 3022 scire,
3568 2970 3702 3010 cum
3753 2955 3881 3012 hanc

2219 3039 2358 3105 duo,
2382 3039 2439 3094 id
2461 3042 2552 3094 est
2575 3037 2864 3106 voluntas,
2889 3041 2948 3093 et
2967 3037 3211 3095 scientia
3239 3042 3646 3098 tantummodo
3676 3043 3790 3111 sui,
3821 3051 3882 3101 et

2219 3145 2335 3185 non
2366 3127 2608 3184 alterius
2639 3127 2718 3183 rei
2752 3126 3114 3200 intelligitur,
3140 3128 3221 3184 ita
3243 3128 3417 3185 etiam
3447 3128 3698 3188 liberum
3721 3134 3881 3190 arbi-

2217 3218 2400 3273 trium
2418 3235 2486 3273 ex
2506 3217 2634 3290 ipsa
2652 3221 2844 3273 mente
2864 3217 3204 3289 procedens,
3218 3221 3276 3274 et
3295 3217 3354 3273 in
3375 3218 3503 3291 ipsa
3521 3221 3876 3293 consistens,

459 3287 672 3362 natura
702 3305 778 3361 sit
821 3287 1122 3362 rationalis
1161 3306 1452 3374 voluntas,
1477 3307 1716 3363 effectus
1744 3287 1877 3363 vero
1909 3306 1968 3362 in
2000 3324 2110 3363 sua
2139 3287 2181 3354 (Σ
2220 3325 2338 3364 non
2369 3287 2607 3363 aliunde
2637 3307 2738 3362 sed
2769 3323 2839 3362 ex
2865 3287 2970 3362 illa
2999 3306 3212 3363 habeat
3241 3287 3592 3378 libertatem,
3622 3287 3877 3381 motum,

460 3394 712 3450 naturali
732 3396 808 3465 (b)
830 3394 1146 3452 voluntatis
1178 3396 1447 3452 libertate
1467 3397 1776 3465 consistat;
1798 3401 1854 3452 ct
1873 3413 1941 3452 ex
1962 3396 2106 3464 sola,

456 3483 544 3540 vel
576 3485 635 3539 in
669 3484 794 3541 sola
825 3485 1077 3541 naturali
1106 3485 1402 3541 voluntate
1433 3486 1645 3541 habeat
1673 3485 2019 3554 libertatem,
2052 3491 2111 3541 et

462 3577 710 3640 motum,
733 3579 792 3629 et
820 3573 1218 3647 intelligentia
1251 3591 1488 3631 munus.
1517 3576 1632 3630 Nos
1658 3579 1876 3645 autem,
1901 3591 2108 3630 secun-

461 3661 603 3716 dum
627 3661 926 3717 veritatem
949 3662 1104 3730 ﬁdei,
1130 3662 1212 3716 ita
1234 3667 1303 3731 (ο)
1325 3663 1572 3719 liberum
1595 3663 1905 3719 arbitrium
1928 3663 1985 3717 in
2012 3663 2111 3718 ho-

462 3750 621 3806 mine
641 3750 1036 3822 agnoscimus,
1064 3755 1146 3818 ut,
1169 3751 1305 3806 licet
1335 3751 1513 3808 menti
1540 3751 1809 3808 rationali
1831 3751 2110 3807 naturali-

462 3843 550 3896 ter
578 3840 653 3896 sit
683 3857 716 3895 a
745 3845 860 3896 Deo
902 3839 1168 3908 insitum,
1191 3846 1248 3896 et
1278 3842 1519 3912 bonum,
1543 3858 1607 3897 ac
1647 3846 1871 3897 rectum
1921 3843 2113 3914 prima

461 3929 796 3985 conditione
817 3929 1124 3998 collatum;
1148 3934 1344 3987 tamen
1367 3931 1586 4004 peccati
1610 3931 1818 3987 merito
1839 3932 2112 4004 deprava-

460 4022 612 4086 tum,
641 4023 696 4074 et
725 4018 980 4074 naturali
1026 4018 1237 4075 virtute
1285 4019 1621 4091 spoliatum,
1656 4019 1877 4075 nullam
1927 4019 2114 4092 possit

461 4106 677 4164 habere
708 4109 780 4164 ad
811 4125 1012 4164 verum
1043 4109 1263 4165 bonum
1302 4108 1652 4175 libertatem,
1687 4108 1914 4164 nullum
1947 4109 2110 4165 bonae

458 4196 776 4254 voluntatis
806 4202 1054 4264 motum,
1078 4197 1306 4254 nullum
1332 4197 1726 4271 intelligentiae
1753 4197 1974 4265 lumen,
1998 4197 2110 4254 nisi

2220 3396 2699 3471 intelligentiam;
2735 3400 2796 3451 ut
2829 3394 2905 3452 sit
2934 3395 3159 3452 homini
3191 3398 3537 3455 naturaliter
3566 3417 3670 3473 per
3700 3400 3880 3474 huju-

2219 3485 2478 3543 scemodi
2527 3485 2858 3552 arbitrium,
2909 3485 3078 3554 liber,
3110 3490 3328 3556 motus,
3369 3486 3722 3562 intelligens.
3757 3491 3878 3548 Nec

2217 3575 2360 3631 dicit
2388 3579 2643 3631 mentem
2677 3575 2999 3631 humanam
3028 3575 3140 3630 tria
3187 3575 3288 3631 illa
3315 3575 3374 3632 in
3409 3593 3469 3633 se
3501 3578 3734 3646 habere,
3768 3583 3876 3638 sed

2219 3669 2440 3720 naturae
2463 3663 2749 3736 simplicis
2771 3663 2985 3720 trinam
3008 3681 3156 3720 esse.
3183 3665 3252 3720 Et
3272 3666 3474 3722 eodem
3498 3667 3671 3724 modo
3691 3669 3877 3727 etiam

2217 3753 2469 3809 liberum
2493 3753 2802 3808 arbitrium
2825 3770 2952 3808 esse
2969 3753 3354 3826 trinum,quis
3372 3772 3634 3828 unquam
3651 3758 3880 3814 audivit

2218 3846 2341 3898 tam
2372 3842 2798 3898 contentiosam
2821 3843 3032 3898 erroris
3055 3843 3454 3915 impietatem?
3473 3845 3595 3909 Qua
3617 3846 3701 3902 ita
3718 3846 3879 3905 labo-

2220 3935 2311 3987 rat
2340 3929 2660 3999 includere,
2678 3935 2735 3986 et
2762 3931 2921 3987 velut
2940 3930 3297 4003 quibusdam
3327 3933 3595 3991 terminis
3615 3951 3880 3993 commu-

2220 4019 2344 4075 nire
2373 4019 2624 4075 liberum
2647 4019 2980 4086 arbitrium,
3011 4024 3074 4076 ut
3093 4021 3333 4078 omnino
3363 4021 3506 4079 illud
3532 4023 3591 4078 in
3613 4023 3739 4081 sola
3767 4025 3877 4083 hu-

2221 4126 2407 4165 manae
2440 4113 2659 4164 natura:
2692 4108 2905 4164 virtute
2957 4108 3286 4194 concludat,
3319 4114 3378 4166 et
3405 4111 3478 4166 ab
3525 4129 3590 4168 eo
3635 4114 3878 4185 penitus

2219 4197 2319 4254 Dei
2348 4198 2598 4270 gratiam
2631 4197 2917 4254 excludat.
2942 4198 3088 4264 Quid
3134 4215 3271 4270 ergo
3303 4198 3354 4254 ei
3393 4202 3873 4273 respondendum

1455 4324 1664 4380 NOTE
1702 4323 2044 4380 DUVALLlI
2083 4322 2440 4379 DOCTORIS
2481 4323 2880 4380 SORBONICI.

531 4431 758 4505 (a)_No_n
777 4436 867 4505 est
890 4431 1144 4505 quodin
1171 4433 1279 4488 hac
1302 4450 1362 4488 re
1383 4431 1631 4505 Erigena
1651 4435 1950 4504 arguatur,
1973 4447 2107 4505 cum

2218 4428 2336 4484 illis
2368 4430 2522 4485 Deus
2547 4429 2670 4485 vult
2690 4430 2882 4486 adhuc
2900 4446 3244 4488 concurrere
3264 4436 3320 4487 et
3349 4431 3480 4489 illos
3503 4433 3737 4491 auxiliis
3757 4437 3879 4492 suf-

461 4501 722 4576 prieclari
749 4501 1004 4574 theologi
1029 4503 1358 4576 libertatem
1391 4505 1447 4558 in
1475 4501 1771 4576 voluntate
1800 4508 1857 4557 et
1885 4502 2109 4576 ratione
2145 4551 2186 4576 η
2219 4501 2555 4576 ﬁcientibus
2579 4503 2804 4576 juvare.

462 4551 2108 4646 Ebgﬁéﬁuti:nﬁéanﬁi'i'ﬁ'éfhistfEtTﬁBi'tiédliEt'éEﬁ
2141 4551 2187 4615 Ι)
2220 4551 2996 4646 “’ξιὲ)”ῐὲξ›ἓπῖιῖτῇξλὲὃέινίαπι.
3020 4573 3165 4629 Cum
3193 4574 3334 4630 dicit
3363 4574 3721 4633 voluntatem
3755 4595 3874 4634 non

459 4644 776 4719 voluntatis
809 4650 864 4700 et
909 4647 1151 4702 rationis
1181 4663 1310 4702 esse
1341 4647 1526 4713 docet,
1559 4646 1748 4719 magis
1788 4652 1984 4701 tamen
2019 4662 2107 4700 ra-

461 4716 658 4773 tionis.

533 4788 606 4858 (b)
641 4789 766 4842 Haec
795 4788 1120 4860 secundum
1161 4787 1477 4860 potentiam
1510 4787 1865 4844 ordinariam
1897 4785 2108 4860 intelli-

459 4857 651 4933 genda
680 4864 836 4915 sunt.
862 4859 956 4914 Sic
985 4860 1140 4915 enim
1161 4857 1326 4933 Deus
1359 4860 1413 4914 in
1446 4877 1677 4932 pcenam
1711 4857 1928 4933 peccati
1959 4857 2111 4933 ipso-

460 4928 591 4987 rum
617 4932 1030 4986 damnatorum
1063 4932 1272 4988 statuit
1315 4948 1378 4987 se
1427 4928 1543 4987 rion
1593 4928 1848 5002 amplius
1870 4928 2004 5002 cum
2038 4928 2110 4984 iis

461 5003 697 5075 speciali
731 5002 945 5058 auxilio
971 5020 1396 5059 concursurum
1423 5021 1436 5058 :
1463 4999 2108 5075 perextraordinarium

459 5072 654 5156 autem
687 5079 913 5156 certum
945 5079 1033 5130 est
1064 5075 1162 5129 illa
1191 5093 1305 5156 non
1338 5072 1480 5156 esse:
1498 5074 1783 5156 privatos;
1819 5089 1958 5156 nec"
1952 5072 2108 5154 enim

460 5145 724 5218 implicat
755 5146 936 5218 Deum
961 5163 1060 5203 eos
1081 5147 1314 5202 auxiliis
1337 5164 1403 5202 su
1415 5143 1769 5218 fﬁcientibus
1789 5148 1847 5198 et
1868 5143 2112 5199 efﬁcaci-

461 5216 573 5273 bus
605 5235 704 5288 per
732 5235 858 5289 quae
888 5217 1275 5274 infallibiliter
1310 5236 1345 5274 a
1383 5216 1757 5289 damnatione
1788 5220 1844 5270 ot
1874 5221 2108 5287 peccato

460 5288 848 5362 liberarentur
867 5290 1218 5362 praemunire
1238 5305 1430 5362 posse.
1455 5291 1540 5362 ita
1561 5289 1627 5343 D.
1659 5288 1916 5362 Thomas
1937 5291 2002 5340 ut
2028 5302 2111 5362 re-

459 5359 606 5432 liqui
626 5359 913 5433 doctores.
942 5363 1010 5417 Et
1038 5379 1104 5418 eo
1135 5359 1310 5418 sensu
1344 5360 1561 5433 pariter
1585 5359 1990 5433 exponendum
2023 5361 2113 5412 est

503 5428 617 5487 uod
669 5432 912 5488 inferius
964 5433 1165 5501 habet,
1219 5428 1427 5504 nem—pe
1475 5428 1768 5486 deamo—nes
1817 5428 1991 5483 simul
2041 5445 2110 5484 ue

461 5449 771 5558 damnatos
802 5521 1006 5558 omnes
1039 5521 1140 5558 ner
1169 5509 1468 5558 neccatum
1502 5502 1825 5558 perdidisse
1845 5447 2109 5556 vellelm-

503 5508 771 5576 amnatos
802 5521 1006 5559 omnes
1038 5500 1468 5576 perpeccat—um
1502 5502 1825 5575 perdidisse
1845 5500 2109 5576 vellebo-

464 5592 628 5628 num.
657 5575 818 5637 Quod
852 5571 1119 5647 quamvis
1151 5571 1220 5630 ad
1273 5592 1475 5631 omnes
1503 5571 1861 5647 peccatores
1901 5571 2110 5647 adhuc

465 5647 808 5716 superstites
839 5643 897 5702 in
932 5648 1037 5704 hac
1068 5646 1184 5701 vita
1223 5643 1548 5703 extendere'
1575 5647 1860 5712 videatur,
1881 5643 2114 5716 diversa

465 5715 662 5773 tamen
693 5722 780 5774 est
811 5717 955 5775 ratio
1003 5735 1203 5776 eorum
1250 5723 1306 5777 et
1336 5720 1769 5784 damnatorum,
1795 5715 1930 5788 quia
1977 5731 2108 5770 cum

2222 4643 2852 4731 rem'ansis‘seil‘iberam
2893 4649 3028 4716 post
3065 4651 3390 4731 peccatum“,
3423 4647 3876 4731 intelligendum

2220 4731 2336 4792 non
2367 4719 2454 4771 est
2484 4715 2554 4792 de
2584 4714 2851 4792 libertate
2879 4714 3005 4788 quin
3047 4714 3380 4792 necessitati
3421 4714 3754 4792 opponitur,
3782 4722 3874 4778 vel

2219 4786 2289 4862 de
2321 4791 2558 4862 potenta
2580 4786 2716 4862 ipsa
2746 4786 2928 4862 libera
2961 4803 3249 4862 :rsemper
3289 4786 3608 4862 enim‘c'am
3643 4786 3873 4862 retinet,

2220 4861 2285 4912 ut
2313 4857 2533 4935 passim
2563 4857 3046 4935 docet__August.,
3081 4857 3183 4914 lib.
3215 4860 3280 4915 de
3307 4861 3520 4935 Spiritu
3567 4871 3618 4918 et
3667 4857 3874 4935 littera,

2219 4945 2351 5006 cap.
2365 4931 2469 5006 A33,
2502 4931 2602 5006 sed
2635 4931 2705 4986 de
2730 4929 3016 5006 libertate,
3051 4947 3179 5002 quae
3218 4929 3483 4988 servituti
3516 4935 3737 5006 peccati
3768 4929 3873 5006 op;

2220 4953 2345 5000 cap.
2379 4953 2469 4996 ὖῡ,
2502 4953 2602 4985 seu
2635 4953 2705 4986 αθ
2731 4953 3016 4995 ιιυεηδιιϐ,
3051 4953 3179 5002 qua:
3218 4953 3483 4988 ΒθΠΠρΠῐΙ
3516 4953 3737 5006 peccati
3768 4953 3801 4991 Ο
3851 4968 3873 4978 ’

2220 4999 2456 5072 ponitur
2482 5017 2494 5054 :
2515 5001 2671 5083 hanc
2692 5001 2849 5083 enim
2871 5006 3096 5083 certum
3121 5006 3333 5083 est-per
3354 5009 3658 5083 peccatum
3679 4953 3875 5063 amiai

2219 5087 2352 5150 cum
2381 5072 2528 5127 servi
2551 5072 2980 5150 ﬁamusjpsius
3011 5072 3254 5150 peccati,
3277 5072 3373 5130 ita'
3389 5080 3451 5131 ut
3477 5077 3550 5133 ab
3579 5093 3645 5134 eo
3676 5094 3780 5150 per
3811 5095 3876 5135 se

2219 5146 2276 5198 et
2305 5159 2373 5198 ex
2405 5143 2657 5229 propriis
2683 5143 2906 5200 viribus
2937 5143 3064 5229 non.
3098 5146 3396 5229 possimus
3421 5143 3876 5229 resurgere,_aut

2218 5230 2394 5286 opera
2418 5215 2648 5287 pietatis
2669 5231 2951 5282 exercere,
2967 5216 3067 5271 sed
3099 5215 3470 5290 indigeamus
3491 5215 3681 5292 gratia
3711 5215 3874 5276 illius

2218 5285 2289 5340 de
2319 5303 2433 5358 quo
2464 5287 2688 5342 dictum
2714 5291 2838 5342 est:
2863 5287 2925 5342 Si
2952 5289 3132 5344 Filius
3161 5305 3250 5345 vos
3276 5291 3612 5358 liberaverit,
3644 5307 3766 5347 vere
3799 5293 3874 5348 li-

2221 5335 2355 5435 beri1
2362 5359 2520 5435 eritis
2546 5376 2565 5413 :
2598 5363 2655 5435 et
2681 5358 2740 5414 in
2773 5358 2950 5435 hunc_
2969 5376 3208 5435 se_nsu_n_1
3235 5360 3538 5435 vulgatum
3569 5335 3874 5435 illudsi;-

2219 5428 2440 5506 gustini
2473 5429 2756 5506 elogium,
2773 5447 2899 5502 cap.
2924 5431 2995 5506 3t)
3013 5428 3557 5506 EnchiridiiIdebet
3581 5433 3826 5506 intelligi
3859 5452 3872 5490 :

2216 5499 2479 5578 Abuteris
2501 5499 2676 5557 ho'mo
2698 5499 2879 5578 libero
2902 5501 3138 5578 arbitrio
3166 5499 3418 5576 perdidit
3437 5510 3495 5560 et
3515 5506 3734 5578 ipsum,
3754 5499 3874 5562 non

2220 5572 2544 5648 secundum
2567 5573 2905 5648 essentiam,
2933 5573 3031 5648 sed
3049 5572 3218 5648 juxta
3239 5592 3366 5631 eam
3390 5572 3568 5648 quam
3592 5581 3724 5633 aute
3746 5593 3875 5648 pec-

2221 5647 2422 5718 catum
2457 5643 2811 5718 sortiebatur
2851 5644 3285 5718 perfectionem.
3323 5643 3872 5717 Ita-Bellarm.,'lib.

2219 5731 2255 5770 v
2284 5715 2353 5770 de
2388 5715 2573 5773 Gratia
2597 5723 2650 5773 et
2678 5715 3120 5776 libero—Arbitrio
3150 5735 3252 5791 per
3280 5723 3492 5777 totum.
