4100 6438
184 418 291 480 46!

1168 422 1403 484 LIBER
1447 410 1858 488 onunsus
1902 425 2274 489 JOANNEM
2317 429 2662 493 scoaUM.

3513 438 3630 501 162

181 550 567 643 omnipotens
593 549 751 609 Deus
800 567 904 643 per
945 553 1260 637 prophetas
1291 558 1349 611 et
1397 557 1690 630 apostolos
1722 575 1862 616 suos
1891 559 1943 628 Α
1977 563 2040 615 ut
2072 577 2204 616 cum
2233 559 2481 634 ﬂagellis
2512 562 2777 630 caeditur,
2802 562 3016 637 gladiis
3038 564 3491 635 vulneratur,vel
3515 570 3639 643 qui-

183 640 388 714 impiis
440 646 503 697 et
551 641 969 714 peccatoribus
1037 636 1450 715 comminatur,
1515 646 1659 703 dicit
1700 645 1810 704 iste
1853 665 1864 704 :

183 730 350 788 (inme
379 718 628 798 malum,
648 738 935 802 peccatum
978 740 1030 787 et
1076 732 1194 804 ejus
1231 749 1450 805 pinnam
1495 726 1766 792 non'csse.
1799 734 1870 793 Et

181 817 401 875 iterum
435 818 655 875 asserit
682 835 695 874 :
728 818 963 878 Natura
992 822 1377 893 integritatem,
1408 824 1597 890 vitam,
1633 826 1865 880 beatitu-

179 907 367 965 dinem
405 907 595 965 esse.E
628 907 924 964 contrario
955 913 1150 965 autem
1175 920 1730 982 peccatum,mortem,
1752 914 1865 968 mi-

177 999 391 1054 seriam
416 999 643 1070 penitus
674 1014 786 1053 non
817 1014 949 1054 esse.
981 998 1221 1055 Addidit
1251 1000 1444 1057 adhuc
1469 1018 1480 1057 :
1506 1018 1720 1058 omnem
1735 1019 1867 1075 per-

175 1103 350 1144 versae
379 1088 689 1145 voluntatis
715 1088 982 1160 defectam
1025 1090 1108 1145 vel
1147 1082 1537 1162 privationem,
1568 1094 1652 1149 vel
1674 1109 1866 1165 pecca-

176 1184 316 1245 tum,
329 1177 616 1250 finemque
643 1179 823 1249 ipsius
850 1186 1075 1235 mortem
1103 1182 1452 1238 etmiscrium
1470 1183 1867 1255 suppliciorum

174 1265 549 1323 mter-natium
576 1268 806 1323 omnino
833 1267 982 1323 nihil
1006 1284 1158 1325 esse:
1209 1287 1274 1325 ac
1296 1287 1399 1342 per
1444 1271 1543 1327 hoc
1590 1288 1689 1328 nec
1714 1286 1863 1344 prae-

174 1358 317 1411 sciri
344 1374 386 1412 a
418 1357 551 1424 Deo,
578 1373 680 1414 nec
704 1355 1117 1429 pra’dcstinari.
1151 1358 1233 1415 De
1272 1359 1487 1431 quibus
1507 1361 1782 1416 omnibus
1813 1360 1862 1418 si

174 1445 416 1518 aliquid
447 1444 801 1518 singillatim
852 1446 1164 1503 dicendum
1213 1452 1323 1517 est,
1357 1449 1664 1506 manifeste
1708 1450 1865 1506 novit

174 1534 329 1591 ﬁdes
363 1534 517 1607 quia
544 1533 770 1592 malum
804 1536 961 1607 quod
993 1540 1082 1593 est
1110 1536 1472 1594 contrarium
1505 1539 1679 1605 bono,
1712 1539 1865 1596 sicut

170 1616 397 1679 vitium
428 1623 652 1691 virtuti,
682 1616 939 1680 tenebrae
963 1623 1422 1693 luci,inﬁrmitas
1453 1628 1860 1695 sanitati,sub-

172 1712 551 1771 stantialiter
580 1706 697 1772 non
730 1702 841 1770 est.
876 1713 1040 1783 Quia,
1075 1715 1233 1772 sicut
1266 1717 1392 1789 jam
1426 1734 1606 1790 supra
1626 1706 1858 1773 dictum

169 1809 287 1869 est,
323 1802 734 1859 substantiam
768 1820 873 1876 per
891 1820 952 1860 se
981 1805 1265 1861 existcndi
1288 1809 1344 1862 et
1359 1806 1719 1864 subsistendi
1745 1825 1858 1864 non

170 1893 387 1960 habet,
423 1892 583 1949 sicut
612 1892 850 1993 caelum,
880 1897 1054 1995 terra,
1080 1912 1263 2002 .aq‘ua,
1292 1913 1411 1968 aer,
1439 1895 1612 1979 ignis,
1647 1901 1703 1953 et
1725 1895 1855 1953 reli-
1887 1936 1935 2002 Β

170 1999 293 2053 qua
327 1982 457 2038 sive
483 1998 765 2055 corporea
794 1981 914 2038 sive
953 1982 1236 2056 spiritalis
1281 1974 1567 2041 creatura.
1604 1986 1716 2041 Sed
1749 1987 1851 2041 de-

166 2071 361 2130 sertio
394 2071 621 2127 summi
651 2071 814 2145 boni,
847 2073 962 2138 cui,
990 2078 1055 2129 ut
1083 2073 1255 2130 beata
1286 2090 1415 2130 esse
1441 2075 1645 2148 possit,
1672 2075 1850 2131 inhae-

168 2158 299 2218 rere
333 2161 519 2217 debet
544 2165 816 2218 creatura
838 2162 1141 2220 rationalis
1164 2163 1428 2239 angelica
1450 2163 1534 2220 vel
1568 2165 1847 2233 humana,

170 2250 285 2306 hoc
322 2266 550 2305 nomen
583 2251 809 2323 accepit
856 2255 922 2306 ut
964 2252 1195 2307 dicatur
1223 2246 1467 2308 malum.
1520 2253 1850 2309 Descrcndo

166 2356 311 2414 ergo
346 2338 660 2395 rationalis
689 2334 978 2408 creatura,
1006 2340 1066 2395 in
1099 2340 1325 2413 angelis
1359 2340 1477 2398 sive
1508 2341 1569 2397 in
1601 2341 1851 2398 homini-

170 2420 283 2485 bus
317 2429 736 2501 peccantibus,
760 2445 1063 2485 summum
1105 2430 1347 2499 bonum,
1382 2430 1591 2487 defecit
1620 2432 1692 2487 ab
1723 2432 1850 2505 ipso

168 2510 355 2587 bono,
390 2522 452 2573 et
484 2516 711 2590 privata
743 2523 834 2574 est
882 2519 1056 2586 bono,
1090 2523 1146 2575 et
1175 2519 1285 2576 hoc
1327 2519 1379 2576 ei
1425 2526 1515 2576 est
1546 2538 1849 2577 summum

168 2597 577 2663 malum.Sive
609 2623 747 2681 ergo
765 2607 1034 2664 dicamus
1050 2602 1273 2664 malum
1305 2626 1433 2666 esse
1460 2610 1850 2667 desertionem

168 2697 338 2765 boni,
373 2696 466 2752 vel
499 2696 795 2753 defectum
823 2715 859 2754 a
913 2688 1087 2765 bono,
1116 2698 1204 2754 vel
1265 2698 1650 2772 privationem
1688 2700 1847 2770 boni,

167 2784 514 2843 rectissime
543 2786 826 2856 dicimus,
850 2787 1071 2844 sicutet
1092 2786 1300 2843 vitium
1323 2788 1574 2844 desertio
1596 2787 1847 2857 virtutis,

166 2881 224 2932 et
255 2876 530 2933 tenebrae
564 2875 814 2948 privatio
845 2875 1014 2946 lucis,
1048 2881 1105 2933 et
1133 2876 1449 2935 inﬁrmitas
1487 2877 1633 2934 nihil
1666 2877 1847 2946 aliud,

165 2982 358 3038 quam
391 2965 668 3022 defectus
700 2969 791 3023 est
822 2965 1132 3035 sanitatis;
1157 2966 1430 3024 similiter
1458 2971 1515 3024 et
1542 2974 1848 3041 peccatum

165 3046 496 3112 manifeste
530 3053 759 3111 nullam
776 3048 953 3111 habet
971 3055 1439 3113 substantiamin
1472 3074 1534 3114 se
1562 3057 1847 3115 existendi

164 3151 221 3200 et
251 3136 658 3201 subsistendi.
692 3144 805 3200 Sed
839 3144 1090 3200 desertio
1124 3144 1370 3216 justitiaa
1429 3150 1486 3202 et
1524 3146 1784 3203 defectus
1816 3166 1851 3205 a

161 3233 411 3307 justitia
440 3231 562 3288 tale
596 3249 811 3289 nomen
838 3228 1173 3307 accepitJta
1191 3234 1366 3291 etiam
1388 3226 1548 3292 mors
1571 3225 1848 3293 substanL

1977 649 2322 723 buscunque
2351 642 2673 708 tormentis.
2693 657 2974 710 vexatur:
3008 655 3161 727 quod
3193 654 3369 712 etiam
3400 658 3459 714 in
3490 642 3636 732 sup-

1976 738 2166 811 pliciis
2187 739 2420 797 aeternis
2437 740 2705 798 futurum
2726 732 2942 811 eet,ubi
2963 736 3372 802 damnatorum
3393 738 3637 821 corpora

1977 827 2097 901 igni
2131 833 2187 884 et
2210 827 2490 902 sulphure
2534 832 2988 903 torqucbuntur.
3050 824 3167 901 Qui
3199 839 3397 892 tamen
3429 855 3634 896 omnes

1975 915 2205 973 dolores
2235 922 2291 973 et
2321 918 2990 994 cruciatus,corporibus
3009 923 3080 979 de
3103 916 3445 996 corporibus
3463 926 3630 995 illati,

1976 1003 2059 1061 sic
2090 1006 2242 1062 ﬁunt
2280 1006 2340 1061 in
2388 1002 2648 1080 corpore,
2682 1013 2749 1064 ut
2798 1027 2902 1083 per
2949 1028 3162 1084 corpus
3214 1012 3392 1069 etiam
3424 1014 3632 1071 animae

1975 1093 2113 1150 sint.
2144 1095 2357 1151 Anima
2388 1114 2643 1171 namque
2674 1098 2798 1155 sine
2830 1116 3070 1173 corpore
3105 1104 3161 1156 et
3189 1100 3383 1159 dolere
3414 1093 3471 1159 et
3500 1121 3630 1161 cru-

1975 1183 2115 1240 ciari
2147 1188 2369 1257 potest;
2407 1186 2561 1243 sicut
2589 1185 2691 1242 illa
2722 1187 2983 1244 damnati
3030 1189 3226 1246 divitis
3284 1192 3345 1247 in
3378 1192 3628 1263 inferno,

1973 1275 2173 1331 anima
2202 1276 2575 1332 cruciabatur
2596 1277 2697 1349 qui
2731 1276 2831 1350 ait,
2854 1281 2985 1351 quia
3015 1282 3232 1336 crucior
3251 1283 3310 1336 in
3340 1283 3443 1338 hac
3469 1284 3627 1353 ﬂum-

1971 1380 2063 1419 ma
2092 1366 2243 1433 (Luc.
2274 1382 2391 1432 xvx,
2419 1367 2541 1435 24);
2575 1383 2788 1439 corpus
2820 1384 2952 1424 vero
3009 1368 3136 1425 sine
3185 1369 3384 1427 anima
3433 1371 3628 1428 dolere

1971 1469 2089 1508 non
2121 1458 2330 1526 potest.
3334 1446 3339 1451 ’

2041 1542 2210 1599 Omni
2217 1543 2437 1615 potenti
2470 1543 2666 1617 itaque
2689 1545 2805 1601 Deo
2828 1545 2898 1601 de
2921 1563 3035 1619 quo
3055 1546 3337 1622 scriptum
3369 1551 3488 1605 est:
3523 1550 3627 1605 Do-

1968 1634 2119 1689 mino
2146 1634 2295 1688 enim
2315 1634 2438 1701 Deo,
2471 1642 2765 1705 antequam
2804 1626 3146 1705 crearentur,
3178 1639 3366 1693 omnia
3401 1641 3628 1709 fuerunt

1967 1723 2202 1791 agnita:
2229 1724 2309 1780 sic
2334 1730 2385 1778 et
2409 1730 2529 1794 post
2577 1726 2880 1796 perfectum
2925 1726 3151 1797 respicit
3196 1728 3384 1782 omnia
3437 1726 3623 1796 (Eccli.

1966 1827 2126 1878 xxm,
2156 1811 2268 1882 29).
2302 1812 2368 1867 Et
2398 1812 2610 1867 iterum
2641 1830 2653 1868 ε
2696 1819 2742 1869 Α
2770 1814 2971 1871 sarculo
2999 1822 3050 1871 et
3076 1831 3246 1888 usque
3282 1818 3343 1871 in
3363 1817 3628 1874 sacculum

1968 1901 2205 1971 respicit,
2239 1907 2292 1956 et
2316 1902 2463 1957 nihil
2490 1910 2570 1958 est
2617 1918 2819 1959 novum
2850 1905 2909 1959 in
2959 1892 3247 1977 conspectu
3292 1906 3410 1978 ejus
3441 1906 3622 1976 (Ibid.,

1962 2005 2152 2057 xxxnx,
2183 1988 2295 2058 21).
2330 1990 2396 2044 Et
2426 1990 2638 2047 iterum
2671 2009 2807 2048 cum
2840 1993 2911 2049 de
2939 1992 3282 2051 hominibus
3326 1995 3627 2068 Scriptura

1960 2076 2298 2149 loqueretur
2319 2078 2437 2134 ait:
2477 2084 2542 2136 Et
2567 2083 2756 2137 omnia
2800 2098 2964 2154 opera
3007 2099 3195 2138 eorum
3242 2085 3405 2156 quasi
3452 2074 3623 2141 sol'in

1959 2175 2239 2238 conspectu
2272 2169 2370 2223 Dei
2389 2186 2408 2223 :
2438 2185 2549 2224 non
2571 2172 2824 2241 praeterit
2850 2171 3012 2225 illum
3043 2173 3219 2227 omnis
3260 2173 3542 2242 cogitatus,
3570 2181 3623 2229 et

1958 2272 2069 2311 non
2098 2255 2453 2312 absconditur
2481 2258 2548 2313 ab
2576 2274 2635 2314 eo
2664 2258 2815 2313 ullus
2856 2275 3035 2315 sermo
3078 2260 3269 2328 (Eccli.
3302 2277 3441 2327 xvn,
3476 2262 3570 2330 26)
3603 2280 3617 2318 :

1960 2333 2056 2399 Isti
2069 2344 2352 2417 ,inquam,
2367 2345 2939 2419 omnipotentissimo
2961 2352 3018 2403 et
3035 2347 3316 2403 ineil‘abili
3339 2348 3618 2420 Creatori,

1959 2432 2074 2501 cui,
2110 2437 2427 2505 antequam
2458 2439 2814 2504 crearentur,
2850 2436 2908 2491 in
2961 2440 3176 2492 interna
3233 2437 3482 2494 scientia
3512 2456 3621 2496 sua

1959 2522 2158 2579 omnia
2188 2524 2427 2579 fuerunt
2454 2523 2672 2597 agnita,
2702 2525 2824 2597 qui,
2856 2525 3033 2582 etiam
3075 2530 3389 2599 postquam
3422 2528 3622 2585 omnia

1959 2612 2218 2685 perfecit,
2253 2629 2367 2668 non
2403 2612 2590 2682 aliter,
2618 2614 2717 2669 sed
2738 2614 2819 2670 sic
2852 2614 3091 2687 reipicit
3120 2615 3454 2684 facta,sicut
3474 2617 3620 2674 vidit

1959 2701 2242 2768 facienda,
2279 2701 2425 2757 nihil
2458 2702 2726 2759 videlicet
2769 2706 2933 2759 extra
2963 2720 3044 2770 se,
3079 2704 3181 2760 sed
3237 2704 3296 2759 in
3330 2722 3392 2761 se
3423 2706 3622 2763 omnia

1959 2791 2344 2846 cernendo.Et
2374 2791 2503 2847 ideo
2531 2791 2591 2847 in
2614 2796 2928 2865 conspectu
2951 2794 3080 2865 ejus
3093 2792 3243 2849 nihil
3267 2799 3357 2850 est
3379 2812 3616 2864 novum,

1958 2897 2065 2936 nec
2091 2881 2325 2953 quando
2357 2880 2613 2953 primum
2647 2885 2737 2938 est
2763 2886 3047 2951 creatum,
3081 2882 3219 2955 quia
3248 2899 3483 2957 semper
3509 2884 3620 2941 fuit

1956 2968 2015 3025 in
2049 2970 2176 3042 ejus
2207 2969 2451 3026 scientia
2480 2974 2762 3026 aeternum
2789 2987 2987 3043 ;quem
3004 2971 3205 3028 omnia
3234 2989 3411 3046 opera
3430 2974 3620 3029 homi-

1959 3076 2122 3121 num.
2159 3058 2310 3115 sicut
2340 3059 2398 3114 in
2430 3058 2760 3116 clarissimo
2779 3059 2900 3116 sole
2922 3078 3037 3117 non
3069 3052 3251 3117 latent
3272 3077 3466 3135 ;quem
3491 3062 3620 3119 nul-

1957 3147 2052 3204 lus
2083 3147 2390 3204 hominum
2403 3149 3028 3222 praeteritcogitatus,a
3058 3167 3173 3222 quo
3196 3150 3395 3208 nullus
3415 3169 3616 3208 eorum

1958 3254 2150 3295 sermo
2182 3237 2600 3306 absconditur;
2636 3238 2745 3293 iste
2800 3242 2923 3294 tam
2963 3237 3250 3295 mirabilis
3292 3239 3532 3297 Greater
3562 3246 3619 3297 et

165 3325 317 3379 tiam
354 3322 419 3378 in
444 3312 519 3379 se
542 3321 832 3378 existendi
864 3326 922 3378 et
950 3314 1349 3381 substantiam
1381 3324 1440 3380 in
1473 3342 1537 3381 se
1565 3325 1849 3382 existendi
1879 3310 1923 3378 ί]
1960 3326 2332 3400 gubernator,
2367 3325 2519 3382 sicut
2546 3327 2812 3383 omnium
2836 3343 3032 3383 rerum
3048 3344 3176 3399 quas
3196 3328 3404 3384 futurae
3428 3334 3613 3400 erant,

165 3415 299 3469 vitae
335 3410 589 3469 amissio
613 3410 730 3468 tale
754 3428 969 3469 nomen
1002 3411 1240 3486 accepit.
1274 3413 1417 3470 Item
1450 3415 1604 3487 quod
1634 3414 1851 3472 dicitur

168 3519 354 3576 paena
381 3499 616 3557 nullam
646 3501 707 3556 in
726 3517 789 3558 se
814 3492 1100 3558 existendi
1123 3502 1521 3559 substantiam
1542 3504 1847 3572 habet,sed

167 3584 347 3650 dolor
374 3595 438 3648 et
469 3608 541 3647 ex
570 3580 771 3648 dolore
810 3580 1106 3648 cruciatus
1162 3591 1279 3648 tale
1337 3609 1550 3649 nomen
1583 3582 1843 3668 accepit:

166 3682 331 3756 quod
364 3680 523 3737 nihil
556 3683 647 3737 est
675 3674 837 3736 aliud
868 3671 1044 3753 quam
1068 3680 1513 3754 tranquillitatis
1543 3686 1600 3738 et
1628 3672 1846 3756 quietis

162 3758 468 3829 naturalis
500 3769 887 3843 perturbatio,
918 3769 1005 3826 vel
1041 3770 1419 3836 amissio,hoc
1452 3789 1708 3845 namque
1724 3773 1846 3847 agit

162 3850 360 3935 pana,
396 3864 468 3916 ut
497 3858 902 3932 tranquillitas
932 3848 990 3916 et
1020 3859 1187 3932 quies
1219 3864 1441 3916 natura:
1488 3860 1616 3934 ipso
1647 3861 1844 3919 dolore

163 3955 219 4006 et
245 3950 526 4007 cruciatu
557 3949 831 4005 turbetur
858 3946 947 4004 vel
977 3949 1304 4005 amittatur.

231 4041 349 4097 Sed
381 4039 511 4096 haec
543 4038 767 4107 omnia,
796 4037 855 4093 id
888 4042 978 4094 est
1009 4028 1255 4106 malum,
1289 4044 1614 4111 peccatum,
1646 4058 1838 4114 pcena,

160 4146 343 4198 mors,
380 4127 652 4196 miseria,
688 4145 816 4201 qua:
856 4131 913 4184 et
961 4128 1091 4201 ipsa
1121 4126 1268 4184 nihil
1321 4134 1413 4187 est
1469 4128 1628 4186 aliud
1660 4130 1839 4203 quam

158 4219 410 4275 amissio
435 4206 766 4286 felicitatis,
795 4217 937 4274 licet
957 4206 1060 4291 per
1088 4236 1150 4275 se
1179 4223 1236 4275 et
1266 4218 1326 4274 in
1359 4236 1421 4276 se
1449 4220 1839 4277 existendivel

156 4294 538 4387 subsistendi
556 4305 783 4387 nullam
806 4306 1065 4364 habeant
1078 4308 1471 4365 substantiam
1482 4313 1696 4379 ,tamen
1720 4329 1839 4367 om-

157 4384 296 4454 nino
330 4413 584 4455 necesse
615 4384 706 4454 est
734 4400 801 4452 ut
828 4396 889 4452 in
921 4396 1220 4470 aliquavel
1251 4415 1320 4455 ex
1341 4397 1540 4471 aliqua
1568 4400 1839 4456 substan-

156 4487 238 4543 tia
266 4485 603 4544 fiant.Nam
624 4471 686 4542 et
715 4484 970 4543 desertio
1000 4476 1322 4559 boni,quod
1355 4486 1571 4544 dicitur
1585 4488 1831 4559 malum,

157 4581 213 4631 et
240 4575 509 4634 desertio
533 4575 804 4648 justitize,
840 4575 996 4655 quod
1029 4575 1357 4657 appellatur
1380 4566 1836 4657 peccatum,ma-

160 4664 373 4720 nit'este
408 4663 471 4719 in
503 4662 704 4751 animo
735 4663 890 4718 fiunt
917 4663 1004 4756 vel
1027 4656 1288 4738 angelico
1316 4656 1406 4721 vel
1433 4665 1714 4756 humano.
1738 4667 1831 4723 Sic
1862 4691 1909 4756 D

159 4754 406 4811 amissio
437 4753 596 4820 vitae,
620 4746 759 4827 quae
787 4752 1117 4827 appellatur
1136 4758 1380 4822 mors,et
1409 4754 1650 4812 amissio
1665 4760 1831 4812 tran-

162 4832 481 4913 quillitatis
510 4840 601 4898 vel
633 4841 852 4914 quietis
883 4830 1335 4916 naturalis,quae
1365 4832 1691 4917 appellatur
1716 4861 1832 4917 poe-

158 4922 269 5002 na;
303 4937 365 4989 et
396 4930 644 4988 amissio
674 4922 1001 5002 felicitatis,
1027 4949 1155 5005 quae
1184 4935 1426 4989 vocatur
1479 4932 1734 5002 miseria,
1766 4933 1828 4989 in

159 5012 571 5096 utroque-ﬁeri
601 5012 1003 5093 inveniuntur,
1027 5014 1101 5078 id'
1136 5025 1226 5078 est
1253 5024 1310 5078 et
1337 5020 1398 5077 in
1429 5021 1645 5092 anima,
1680 5026 1738 5079 et
1766 5022 1828 5080 in

158 5124 422 5185 corpore.
456 5109 609 5167 Nam
639 5115 699 5167 et
719 5110 922 5167 anima
936 5102 1186 5168 moritur
1197 5098 1522 5168 desertione
1537 5102 1665 5167 vitae
1683 5129 1822 5182 suae,

159 5200 312 5271 quod
344 5188 625 5258 Deusilli
658 5203 786 5256 est:
820 5203 878 5256 et
899 5188 1114 5275 corpus
1136 5200 1388 5257 moritur
1416 5201 1732 5258 amissione
1750 5201 1826 5257 vi-

158 5292 226 5344 te
256 5307 405 5361 sua,
442 5290 604 5364 quod
650 5289 854 5347 anima
901 5289 985 5345 illi
1014 5293 1142 5347 est:
1176 5293 1233 5346 et
1289 5290 1411 5346 haec
1470 5291 1607 5361 duo,
1652 5290 1711 5347 id
1739 5296 1827 5350 est

160 5392 318 5437 mors
340 5378 560 5436 animae
585 5383 645 5436 et
673 5368 841 5459 mors.
879 5379 1166 5454 corporis,
1198 5379 1340 5453 quid
1388 5379 1547 5436 aliud
1579 5380 1640 5436 in
1670 5385 1827 5439 utro-

160 5482 271 5540 que
291 5467 416 5525 nisi
432 5468 526 5525 vel
545 5468 846 5527 felicitatis
870 5468 961 5526 vel
978 5468 1427 5549 tranquillitatis
1448 5468 1689 5549 amissio
1701 5471 1828 5528 est?

160 5554 337 5615 Pcena
362 5563 563 5615 autem
587 5575 716 5633 quae
745 5558 807 5615 in
841 5559 1105 5616 cruciatu
1131 5546 1400 5617 etdolore
1429 5546 1827 5631 sentitur,ma-

162 5638 375 5705 nifeste
404 5648 495 5731 vel
526 5648 587 5706 in
616 5640 820 5707 anima
848 5649 1043 5733 agitur
1068 5648 1159 5706 vel
1206 5648 1267 5704 in
1299 5665 1568 5723 corpore;
1604 5652 1660 5706 et
1689 5667 1824 5733 cum

161 5732 222 5799 in
247 5726 498 5818 corpore
528 5738 724 5820 agitur
748 5727 1003 5811 maxime
1028 5755 1098 5802 ex
1116 5738 1231 5803 alio
1252 5755 1493 5819 corpore
1503 5728 1822 5820 irrogatur:

1957 3420 2229 3472 naturam
2259 3419 2316 3471 et
2347 3415 2601 3488 speciem
2631 3418 2688 3471 et
2715 3415 2979 3472 ordinem
3008 3415 3068 3471 in
3099 3432 3208 3473 sua
3236 3420 3451 3474 aeterna
3477 3436 3617 3491 prae-

1957 3505 2201 3562 scientia
2230 3521 2461 3577 semper
2490 3503 2759 3573 novit,ita
2773 3504 2951 3561 etiam
2981 3494 3244 3579 ipsarum
3268 3523 3465 3562 rerum
3493 3512 3614 3564 sta-

1954 3590 2103 3662 tum,
2131 3598 2189 3651 et
2220 3593 2338 3650 sive
2368 3593 2440 3650 ad
2458 3591 2700 3650 meliora
2728 3582 3206 3667 profectum,sive
3230 3597 3302 3652 ad
3326 3596 3613 3654 deteriora

1956 3685 2246 3742 defectum
2278 3682 2627 3739 aeternaliter
2656 3683 2923 3757 praevidit
2947 3702 2961 3753 ;
2987 3689 3043 3741 et
3073 3702 3199 3758 quis
3240 3686 3313 3742 ad
3348 3704 3410 3743 se
3433 3676 3613 3760 profi-

1954 3774 2244 3830 cientibus
2275 3772 2535 3846 praemia,
2552 3789 2677 3845 quae
2701 3776 2946 3829 autema
2967 3790 3029 3830 se
3058 3774 3464 3831 deﬁcientibus
3478 3793 3613 3849 sup-

1952 3863 2130 3937 plicia
2161 3861 2906 3932 deberenturjustissimus
2937 3863 3129 3936 operis
3154 3864 3249 3920 sui
3281 3864 3603 3931 ordinatur,

1951 3957 2008 4009 et
2036 3951 2322 4033 praescivit
2350 3955 2407 4007 et
2435 3950 2951 4024 prindestinavitmt
2980 3969 3042 4009 se
3062 3951 3447 4026 impleturum
3458 3971 3610 4027 prae-

1949 4043 2113 4099 dixit.
2146 4043 2216 4098 Et
2246 4042 2376 4098 ideo
2409 4040 2528 4097 sive
2561 4040 2786 4097 malum
2821 4045 2877 4097 et
2932 4046 3260 4114 peccatum,
3296 4042 3356 4098 in
3388 4043 3606 4115 quibus

1948 4139 2037 4190 est
2065 4132 2324 4189 defectus
2357 4148 2391 4187 a
2413 4132 2567 4188 bono
2595 4131 2736 4200 ;sive
2758 4148 2918 4188 mors
2950 4134 3007 4187 et
3031 4149 3366 4205 poona,quae
3396 4131 3481 4187 illi
3512 4134 3608 4188 de-

1948 4222 2122 4279 fectui
2149 4223 2310 4293 juste
2339 4221 2844 4293 debetur,semper
2859 4220 2969 4276 fuit
2990 4219 3049 4275 in
3075 4220 3442 4293 przescientia
3463 4220 3608 4277 Con.

1947 4311 2191 4379 ditoris;
2224 4310 2326 4383 qui
2358 4326 2696 4365 mensuram
2729 4309 3069 4382 proficiendi
3113 4313 3169 4365 et
3201 4309 3508 4365 deﬁciendi
3540 4308 3602 4366 in

1945 4401 2221 4457 creatoris
2252 4399 2376 4456 suis
2408 4398 2569 4455 solus
2599 4397 2882 4454 veraciter
2933 4399 3216 4472 agnoscit,
3248 4402 3304 4455 et
3335 4398 3600 4472 ipsorum

1942 4492 2267 4564 profectum
2298 4492 2473 4561 atque
2502 4487 2838 4544 defectuum
2869 4487 3031 4544 solus
3055 4488 3240 4561 judex
3262 4489 3465 4561 justus
3490 4475 3631 4545 exi?

1942 4581 2063 4637 stit.
2099 4580 2186 4636 Ita
2216 4582 2275 4634 et
2304 4594 2463 4633 mors
2495 4581 2553 4633 et
2581 4580 2885 4650 peccatum
2907 4582 2965 4634 et
2995 4577 3188 4634 omnis
3211 4581 3385 4652 poena
3405 4595 3473 4636 ac
3496 4578 3601 4634 mi-

1941 4668 2093 4726 seria
2105 4686 2229 4742 qum
2253 4670 2557 4745 peccatum
2579 4668 3183 4741 consequentur,quia
3205 4667 3601 4750 substantiam

1942 4757 2166 4815 nullam
2195 4756 2416 4814 habent
2446 4757 2507 4812 in
2539 4774 2601 4813 se
2631 4756 2940 4828 existendi,
2973 4757 3120 4814 nihil
3150 4761 3309 4814 sunt.
3342 4758 3414 4813 Et
3462 4756 3603 4830 quia

1939 4852 2217 4905 creaturae
2249 4834 2549 4915 rationali,
2575 4847 2746 4919 cujus
2795 4847 3057 4905 defectus
3088 4851 3147 4904 et
3177 4846 3473 4920 corruptio
3505 4845 3599 4902 his

1938 4937 2277 4995 nominibus
2309 4936 2734 5010 signiﬁcantur,
2764 4936 2944 4994 nimis
2958 4940 3189 5006 nocent,
3223 4937 3281 4992 in
3315 4937 3444 5008 ejus
3466 4935 3601 4991 sub-

1937 5028 2154 5085 stantia
2180 5026 2270 5083 vel
2300 5024 2609 5098 corporali,
2639 5024 2729 5081 vel
2757 5025 3318 5098 spiritali,veraciter
3338 5022 3599 5080 sentiun-

1934 5100 2125 5175 tur.Et
2151 5133 2278 5189 quae
2305 5132 2422 5171 non
2452 5118 2592 5170 sunt
2622 5115 2957 5171 substantia
2982 5114 3454 5184 existendo,sunt
3475 5128 3596 5168 om-

1934 5204 2189 5263 nimodis
2216 5203 2545 5278 perniciosa
2574 5203 3104 5261 nocendo.Desinat
3117 5218 3252 5276 ergo
3282 5202 3594 5275 hujusmo-

1935 5297 1994 5353 di
2026 5293 2415 5368 blasphemia,
2449 5297 2507 5350 et
2536 5293 2906 5366 omnipotens
2946 5293 3103 5349 Deus
3134 5291 3286 5348 sicut
3325 5291 3590 5348 omnium

1935 5390 2280 5443 naturarum
2334 5382 2621 5450 conditor,
2656 5386 2712 5438 et
2759 5385 2951 5438 status
3009 5397 3211 5438 earum
3241 5381 3587 5438 verissimus

1935 5477 2287 5550 agnoscatur
2315 5470 2601 5545 cognitor,
2634 5474 2690 5526 et
2710 5469 3088 5542 justissimus
3119 5470 3443 5527 ordinator.

2574 5612 2811 5672 CAPUT
2849 5614 2942 5675 ΧΙ.

2005 5743 2323 5804 Undecimo
2355 5737 2610 5819 capitulo
2640 5740 2907 5821 sequitur
2935 5741 3067 5819 iste,
3096 5744 3156 5805 et
3184 5740 3347 5805 dicit.
