4100 6444
513 418 623 481 163

1612 411 1841 474 FLOR]
1887 408 2200 472 DIACONI
2249 406 2823 472 LUGDUNENSIS.

3810 406 3938 468 164

582 554 631 606 l.
665 552 782 607 Non
808 566 921 606 esse
950 549 1049 606 Dei
1095 547 1649 622 prwdestinationem,
1682 547 1796 601 nisi
1836 544 1901 600 de
1948 545 2032 599 his
2064 545 2161 616 qui
2189 545 2242 611 Α
2273 541 2590 615 Scripturis
2616 539 2970 615 propheticis
2992 557 3225 596 omnem
3259 556 3427 596 suam
3451 538 3937 613 praedicationem

502 640 807 714 pra’parati
832 646 960 695 sunt
988 637 1060 694 ad
1086 647 1355 695 mternam
1378 636 1718 709 felicitatem.

574 733 628 785 2.
661 729 891 785 Abusive
919 728 1288 799 translateque
1314 725 1430 781 dici
1440 725 1703 797 praescire
1730 725 1900 779 Deum
1929 730 1979 778 et
2003 736 2158 794 prm-

503 818 814 875 destinare:
847 834 882 873 a
908 817 1090 873 simili
1114 816 1396 888 praescivit
1452 828 1578 886 quae
1626 816 1873 886 facturus
1924 819 2096 878 esset;
2126 828 2158 866 a

502 909 779 966 contrario
808 907 1108 979 przscivit,
1141 920 1266 978 qua
1292 907 1541 976 facturus
1588 918 1699 958 non
1746 909 1903 968 esset,
1931 917 2033 973 pro
2061 916 2159 956 ne-

502 1000 682 1055 scivit.
713 997 988 1053 Similiter
1013 1012 1044 1050 a
1073 994 1252 1050 simili
1272 992 1693 1066 praedestinavit
1719 1006 1852 1063 quos
1876 1005 2162 1063 pracpara-

504 1089 582 1144 vit
608 1086 679 1143 ad
706 1087 968 1156 gratiam.
1005 1084 1044 1139 A
1075 1085 1352 1139 contrario
1386 1080 1804 1155 prwdestinavit
1854 1080 2060 1152 impius
2088 1078 2160 1134 ad

506 1177 786 1233 interitum
812 1174 895 1230 vel
923 1173 1259 1245 supplicium
1279 1181 1553 1229 aeternum
1574 1172 1647 1226 :si
1671 1171 1822 1227 enim
1869 1168 2156 1241 praedesti-

501 1266 625 1321 nati
658 1271 803 1329 sunt,
855 1263 1161 1319 necessario
1200 1262 1481 1334 peribunt,
1538 1274 1831 1332 poenasque
1878 1260 2161 1330 patientur

504 1350 868 1408 inevitabiles.
904 1349 1056 1418 Quod
1085 1350 1137 1404 si
1166 1350 1244 1404 ita
1271 1356 1371 1415 est,
1405 1346 1670 1421 quomodo
1710 1348 1856 1419 juste
1872 1345 2158 1418 judicabi-

502 1449 594 1497 tur
617 1439 875 1507 mundus,
917 1455 1078 1511 quem
1136 1439 1424 1494 necessitas
1472 1436 1979 1510 praedestinationis
2018 1436 2161 1507 cogit

497 1531 701 1601 perire.

572 1618 626 1674 3.
659 1617 885 1674 Sanctus
914 1617 1226 1689 Scripturas
1242 1617 1654 1689 prazscientiam
1670 1612 1846 1671 simul
1872 1622 1923 1671 et
1947 1613 2158 1686 praede-

501 1709 874 1774 stinationem,
909 1714 1007 1761 aut
1032 1705 1206 1761 solam
1244 1705 1550 1761 ahsolutam
1590 1703 2155 1776 praedestinationem,

501 1813 611 1854 non
641 1798 756 1852 nisi
776 1798 837 1851 in
862 1796 932 1850 iis
958 1811 1090 1868 quos
1117 1796 1259 1851 Deus
1285 1794 1449 1864 elegit
1476 1793 1547 1849 ad
1575 1802 1846 1851 wternam
1867 1791 2157 1848 beatitudi-

503 1903 629 1942 nem
652 1883 1059 1958 possidendam.
1086 1885 1444 1940 inveniantur
1467 1884 1733 1955 posuisse.

575 1976 628 2031 In.
666 1974 985 2046 Apostolam
1009 1974 1423 2045 prmscientiam
1456 1981 1505 2029 et
1530 1972 2072 2045 prwdestinationem
2102 1971 2162 2025 in

501 2064 634 2121 solis
660 2064 889 2128 sanctis,
917 2063 1282 2133 Augustinum
1308 2062 1597 2134 aliquoties
1626 2062 1687 2117 in
1707 2061 1949 2133 reprobis
1979 2077 2011 2115 a
2032 2076 2158 2115 con-

502 2155 678 2210 trario
704 2153 971 2224 posuisse.

574 2240 871 2314 Imprimis
902 2240 1057 2313 quod
1086 2238 1246 2309 dicit,
1277 2256 1390 2296 non
1421 2257 1535 2297 esse
1564 2240 1662 2295 Dei
1712 2239 2159 2311 praedestinatio-

501 2348 627 2388 nem
652 2331 766 2386 nisi
796 2329 861 2385 de
890 2328 978 2385 his
1003 2330 1103 2401 qui
1118 2331 1426 2402 praeparati
1451 2336 1578 2385 sunt
1607 2329 1676 2385 ad
1705 2335 1970 2386 aeternam
1988 2328 2164 2400 felici-

503 2420 824 2478 tatem.Sive
853 2435 922 2474 ex
969 2433 1077 2474 suo
1109 2435 1285 2475 sensu
1338 2418 1449 2474 hoc
1488 2418 1718 2490 dixerit,
1772 2418 1893 2472 sive
1925 2416 1997 2474 ab
2031 2415 2163 2472 aliis

505 2508 776 2575 audierit,
813 2524 921 2563 nos
950 2511 1148 2564 tamen
1178 2506 1716 2563 veraciter-scimus
1768 2506 1907 2579 quia
1936 2507 2046 2561 iste
2076 2507 2166 2561 est

505 2615 667 2655 error
696 2595 962 2652 moderni
993 2594 1274 2667 temporis
1320 2596 1474 2668 apud
1529 2594 1836 2667 plurimos,
1870 2595 2011 2649 dum
2045 2610 2162 2649 non

504 2690 719 2761 putant
745 2683 1317 2759 praedestinationem
1350 2684 1473 2751 Dei,
1507 2683 1622 2740 nisi
1662 2684 1719 2738 in
1752 2688 1917 2756 parte
1946 2682 2161 2740 electo-

506 2793 660 2845 rum,
688 2774 749 2830 in
779 2773 1098 2847 Scripturis
1117 2772 1362 2829 inveniri
1386 2790 1514 2829 :nec
1536 2773 1732 2846 ipsum
1763 2774 1996 2829 beatum
2016 2772 2164 2827 Pau-

505 2866 629 2923 lum
648 2862 980 2938 apostolum
995 2862 1055 2918 in
1069 2861 1343 2935 Epistolis
1355 2862 1501 2930 suis,
1518 2862 1629 2918 nisi
1644 2863 1715 2918 de
1731 2861 1873 2918 solis
1894 2861 2166 2917 similiter

506 2954 707 3012 electis
737 2951 1313 3026 pradestinationem
1358 2950 1649 3024 posuisse,
1691 2951 1844 3007 sicut
1898 2954 1955 3006 et
1984 2951 2041 3006 in
2071 2967 2163 3006 se-

507 3043 827 3117 quentibus
852 3040 1133 3097 dicit.Sed
1156 3040 1651 3113 acquiescendum
1684 3045 1740 3096 et
1770 3040 2164 3097 obediendum

507 3137 598 3190 est
618 3130 921 3188 humiliter
947 3128 1174 3186 veritati
1195 3135 1271 3199 ;et
1300 3147 1416 3185 non
1450 3130 1606 3203 quod
1640 3129 1821 3187 semel
1844 3129 2013 3186 nobis
2033 3147 2165 3203 per-

509 3238 753 3279 suasum
785 3223 894 3287 est,
927 3219 1289 3276 contentiosa
1349 3220 1804 3287 defendendum,
1838 3220 1935 3276 sed
1969 3219 2165 3292 potius

2269 633 2577 689 confirmat
2599 648 2612 698 ;
2639 631 2740 687 sed
2760 629 2936 686 etiam
2958 630 3019 686 in
3039 630 3303 703 ipsorum
3327 627 3747 702 prophetarum
3769 627 3939 685 Scri-

2268 724 2370 794 ptu
2379 722 2460 777 ris
2476 719 2818 793 diligentius
2840 718 3393 792 investigandam,et
3407 717 3562 791 quod
3578 718 3635 773 in
3659 716 3939 791 utrisque

2269 811 2418 867 festa
2444 808 2706 865 veritatis
2735 807 3123 865 declaratione
3144 808 3320 864 fuerit
3344 806 3942 875 inventum,fideliter

2270 898 2460 966 nobis,
2494 901 2551 954 et
2580 898 2708 954 sine
2747 896 2869 953 ulla
2911 896 3445 955 controversiarum
3505 895 3941 969 disceptatione

2268 986 2625 1044 omnimodis
2659 986 3047 1060 sequendum.

2340 1076 2533 1133 Primo
2564 1076 2761 1149 itaque
2812 1076 2954 1149 quid
2980 1076 3105 1150 ipse
3160 1074 3499 1149 Apostolus,
3527 1074 3628 1148 qui
3677 1091 3738 1131 se
3779 1073 3938 1130 nihil

2267 1170 2431 1223 extra
2461 1165 2653 1221 dicere
2674 1164 2787 1222 nisi
2805 1182 2934 1238 qua
2955 1165 3174 1239 scripta
3202 1169 3344 1223 sunt
3364 1165 3422 1220 in
3444 1165 3570 1239 lege
3594 1168 3653 1221 et
3682 1162 3942 1237 prophe-

2266 1255 2343 1312 tis
2371 1258 2639 1324 testatur,
2672 1256 2744 1310 de
2769 1254 2880 1311 hac
2909 1269 2969 1310 re
3002 1254 3159 1312 dicat
3188 1255 3520 1325 audiamus,
3554 1271 3658 1310 nec
3681 1259 3799 1309 tam
3822 1253 3937 1309 ab-

2267 1343 2452 1413 surdi,
2490 1361 2596 1400 nec
2626 1343 2973 1401 contentiosi
3005 1344 3195 1401 simus
3225 1348 3311 1412 ut,
3345 1343 3443 1400 ubi
3476 1343 3605 1417 ipsa
3633 1342 3813 1412 res,id
3833 1346 3941 1400 est

2267 1433 2801 1507 praedostinationis
2822 1433 3040 1490 veritas
3067 1438 3330 1507 apparet,
3354 1433 3484 1490 ideo
3515 1449 3798 1507 negemus
3820 1448 3936 1505 pro

2267 1522 2773 1596 praedestinatione
2798 1523 3046 1594 dictum,
3078 1522 3221 1595 quia
3262 1538 3635 1595 nequaquam
3667 1520 3748 1577 ibi
3777 1538 3937 1595 prae-

2267 1612 2681 1669 destinationis
2711 1629 2925 1669 nomen
2956 1611 3216 1685 positum
3248 1610 3618 1668 inveniatur:
3653 1610 3776 1678 sed,
3801 1609 3936 1667 sive

2267 1705 2435 1757 sonet
2462 1700 2542 1757 ibi
2573 1717 2845 1774 expresse
2876 1699 3461 1774 prtedestinalio,sive
3491 1698 3679 1772 ipsius
3700 1699 3937 1772 praede-

2267 1790 2601 1848 stinationis
2630 1790 2843 1847 veritas
2872 1790 3200 1847 certissime
3229 1789 3530 1855 clarescat,
3566 1805 3685 1845 una
3708 1793 3766 1844 et
3795 1788 3935 1862 pari

2266 1881 2381 1937 ﬁde
2412 1880 2787 1954 suscipiatur.
2821 1880 2972 1937 Dicit
3001 1879 3197 1953 itaque
3228 1878 3353 1953 ipse
3383 1879 3642 1952 primum
3695 1878 3768 1935 de
3799 1877 3938 1935 sola

2270 1970 2779 2043 prmdestinatione
2809 1968 3128 2026 electorum
3160 1969 3280 2025 ita:
3312 1970 3454 2026 Nam
3491 1985 3622 2041 quos
3644 1969 3938 2041 praescivit

2268 2068 2320 2116 et
2343 2060 2759 2132 praedestinavit
2806 2062 3106 2131 con/armes
3153 2060 3278 2131 ﬁeri
3334 2060 3599 2129 imaginis
3639 2058 3776 2114 Filii
3814 2074 3935 2128 sui,

2270 2157 2331 2205 ut
2360 2151 2574 2221 sit'zpse
2624 2149 3026 2222 primogenitus
3079 2150 3141 2205 in
3193 2148 3387 2205 multis
3442 2148 3751 2219 fratribus:
3781 2150 3940 2217 Quos

2273 2246 2455 2295 autem
2480 2238 2918 2311 praedestinavit,
2951 2239 3046 2294 hos
3092 2246 3144 2294 et
3189 2240 3427 2305 vocavit;
3457 2244 3507 2294 et
3534 2252 3665 2310 quos
3693 2238 3935 2305 vocavit,

2270 2328 2365 2384 hos
2395 2336 2445 2383 et
2490 2328 2858 2401 justiﬁcavit;
2892 2344 3025 2400 quos
3078 2335 3261 2384 autem
3303 2328 3649 2401 justiﬁcavit,
3707 2326 3833 2383 illos
3883 2333 3944 2383 et

2269 2418 2648 2489 magniﬁcavit
2678 2417 2851 2490 (Rom.
2885 2433 3007 2485 VIII,
3038 2416 3132 2487 29,
3160 2418 3273 2486 30).
3327 2417 3462 2472 Post
3500 2432 3627 2488 quae
3675 2415 3853 2472 verba
3883 2415 3939 2471 si

2273 2506 2420 2562 nihil
2450 2506 2691 2562 omnino
2719 2505 2961 2561 dixisset
2989 2505 3059 2561 de
3091 2510 3255 2578 parte
3312 2505 3713 2578 reproborum,
3747 2505 3936 2560 etiam

2273 2595 2475 2668 utique
2497 2612 2526 2651 e
2558 2595 2850 2651 contrario
2889 2593 3211 2668 intelligere
3264 2595 3657 2651 debueramus
3685 2592 3828 2667 quid
3860 2594 3941 2650 de

2274 2685 2361 2742 eis
2390 2689 2546 2741 esset
2576 2684 2973 2752 sentiendum,
3004 2683 3291 2756 videlicet,
3327 2689 3392 2740 ut
3420 2703 3489 2741 ex
3540 2683 3940 2757 praedestina-

2273 2774 2428 2831 tione
2473 2773 2792 2830 electorum
2825 2774 2897 2829 ad
2950 2772 3196 2847 gloriam
3251 2789 3705 2847 agnosceremus
3751 2772 3939 2829 etiam

2272 2862 2845 2937 praadestinationem
2868 2878 2997 2919 esse
3035 2863 3418 2935 reproboxum
3449 2863 3522 2918 ad
3551 2878 3807 2934 poenam.
3841 2861 3938 2918 Si-

2273 2958 2372 3009 cut
2402 2952 2528 3009 etin
2551 2951 2815 3026 symbolo
2838 2952 3247 3008 tantummodo
3260 2951 3437 3008 vitam
3466 2952 3941 3024 aeternam,quod

2273 3047 2364 3099 est
2393 3043 2701 3116 prmmium
2732 3046 3074 3099 sanctorum
3131 3041 3401 3098 videmur
3429 3041 3690 3097 conﬁteri
3715 3059 3730 3110 ;
3764 3046 3822 3097 et
3845 3044 3939 3098 ta-

2275 3149 2407 3188 men
2439 3130 2783 3189 econtrario
2834 3130 3105 3188 similiter
3152 3129 3553 3187 indubitanter
3610 3130 3847 3187 credere
3880 3136 3945 3187 et

2274 3220 2597 3294 intelligere
2614 3221 2897 3277 debemus
2914 3223 3161 3276 mortem
3176 3219 3637 3292 aaternam,quod
3655 3219 3943 3293 estzdam-

508 3311 1023 3385 Scripturasancta
1038 3308 1375 3382 diligentius
1389 3310 1957 3382 perscrutanda,non
1971 3307 2162 3366 solum
2195 3295 2238 3362 C
2278 3310 2436 3369 natio
2468 3310 2997 3383 iniquorum.Hanc
3014 3310 3169 3366 enim
3193 3308 3456 3382 regulam
3484 3307 3851 3382 intelligendi
3878 3309 3944 3365 in

509 3399 959 3474 apostolica,sed
991 3399 1170 3454 etiam
1201 3398 1561 3471 prophetica;
1594 3415 1663 3454 ex
1678 3415 1795 3472 qua
1817 3397 2010 3454 omnis
2031 3416 2166 3473 apo-

508 3490 715 3546 stolica
725 3487 1043 3544 auctoritas
1060 3487 1556 3544 descendit.Sicut
1576 3488 1700 3560 ipse
1723 3487 1931 3544 beatus
1948 3488 2165 3544 Paulus

510 3578 709 3635 statim
740 3578 797 3633 in
832 3576 1119 3650 principio
1149 3576 1422 3650 Epistolas
1443 3577 1516 3633 ad
1550 3577 1845 3633 Romanos
1873 3577 2169 3633 evidenter

511 3667 785 3733 declarat,
817 3673 1158 3738 segregatum
1189 3682 1251 3721 se
1298 3682 1427 3722 esse
1480 3666 1680 3722 dicens
1711 3668 1772 3721 in
1804 3667 2167 3736 Evangelium

509 3757 627 3825 Dei,
660 3755 801 3827 quod
828 3762 957 3810 ante
982 3756 1312 3826 promiserat
1327 3770 1430 3826 per
1470 3756 1760 3827 prophetas
1779 3770 1905 3811 suos
1932 3756 1991 3810 in
2016 3757 2165 3812 Scri-

505 3847 690 3920 pturis
718 3844 920 3901 sanctis
952 3844 1126 3917 (Rom.
1160 3860 1200 3910 1,
1235 3845 1307 3913 1).
1359 3844 1429 3898 Et
1470 3844 1531 3898 in
1565 3844 1677 3900 ﬁne
1734 3844 1999 3915 ejusdem
2028 3844 2168 3917 Epi-

511 3934 671 3991 stolas
702 3949 876 3990 omne
909 3932 1250 4006 mysterium
1273 3932 1616 4006 evangelica;
1648 3933 2168 4005 praedicationisﬁn

511 4041 629 4097 qua
646 4027 735 4080 est
755 4022 931 4079 etiam
956 4021 1486 4095 profundissimum
1501 4021 1847 4094 mysterium
1870 4022 2168 4095 praescien-

509 4114 603 4169 tia
632 4117 690 4169 et
712 4109 1242 4185 praedestinatiouis
1262 4110 1497 4183 Dei,per
1523 4111 1855 4183 Scripturas
1873 4112 2168 4185 propheti-

509 4220 610 4260 cas
640 4201 951 4258 conﬁrmat
981 4216 1112 4256 esse
1142 4198 1483 4268 revelatum,
1516 4199 1599 4255 ita
1629 4200 1958 4257 dicensin
1985 4208 2169 4258 autem

509 4294 609 4365 qui
634 4300 821 4364 potens
850 4299 927 4347 est
958 4306 1048 4346 vos
1076 4290 1421 4361 conﬁrmare,
1469 4289 1767 4345 secundum
1808 4291 2170 4361 Evangelium

508 4397 714 4449 meum,
743 4382 799 4437 ei
821 4379 1272 4453 praedicationem
1296 4381 1423 4436 Iesu
1450 4378 1674 4448 Christi,
1691 4379 1991 4435 secundum
2018 4397 2166 4438 reve-

513 4469 774 4525 lationem
800 4469 1051 4541 mysterii
1067 4469 1290 4525 aeternis
1321 4470 1655 4541 temporibus
1671 4470 1845 4536 taciti,
1866 4468 2007 4542 quod
2021 4485 2170 4525 nunc

506 4560 843 4632 patefactum
893 4565 974 4613 est
1022 4573 1124 4629 per
1197 4559 1510 4629 Scripturas
1576 4558 1992 4630 Prophetarum.
2053 4563 2164 4617 etc.

2274 3400 2593 3473 Scripturis
2624 3400 2749 3472 ipse
2780 3416 2888 3456 nos
2918 3399 3230 3472 Apostolus
3262 3400 3449 3467 docet,
3464 3398 3564 3470 qui
3593 3415 3727 3455 cum
3757 3398 3943 3455 dixis-

2274 3493 2382 3557 set,
2415 3488 2487 3544 de
2515 3486 2941 3545 resurrectione
2999 3487 3349 3560 disputans:
3396 3488 3715 3544 Seminatur
3740 3502 3946 3559 corpus

2274 3577 2538 3644 animale,
2568 3583 2756 3647 surget
2797 3593 2991 3649 corpus
3046 3577 3340 3649 spirituale
3377 3577 3424 3649 (ι
3452 3575 3574 3633 Cor.
3604 3593 3697 3644 xv,
3731 3576 3823 3643 44,
3859 3593 3940 3633 ne

2276 3667 2403 3724 sine
2428 3666 2771 3723 auctoritate
2797 3665 3108 3739 Scripturas
3139 3664 3443 3739 spirituale
3472 3681 3685 3738 corpus
3713 3663 3942 3722 dixisse

2275 3756 2590 3827 videretur,
2622 3756 2822 3811 statim
2845 3755 3002 3828 quod
3033 3772 3064 3811 e
3084 3754 3375 3812 contrario
3404 3753 3687 3811 veraciter
3714 3752 3939 3809 intelli-

2277 3846 2535 3919 gendum
2565 3849 2722 3902 esset
2749 3844 3036 3916 adjunxit,
3087 3845 3324 3901 dicens:
3357 3844 3422 3900 Si
3471 3853 3550 3901 est
3584 3860 3776 3917 corpus
3806 3847 3943 3900 ani-

2280 3936 2426 3991 male
2454 3943 2504 3992 et
2550 3935 2842 4007 spirituale
2898 3933 3106 4005 (lbid.).
3163 3934 3235 3989 Et
3282 3932 3562 3990 continuo
3619 3935 3946 4005 utrumque

2277 4024 2636 4080 conﬁrmans
2667 4023 2832 4097 ponit
2860 4022 3268 4079 testimonium
3299 4022 3634 4095 Scripturas,
3664 4025 3724 4077 et
3752 4021 3899 4077 dicit
3925 4040 3941 4078 :

2275 4113 2431 4172 Sicut
2482 4114 2748 4185 scriptum
2792 4120 2891 4182 est,
2941 4114 3119 4184 factus
3169 4121 3249 4168 est
3272 4113 3490 4185 primus
3549 4111 3711 4168 homo
3765 4109 3948 4167 Adam

2276 4204 2337 4258 in
2366 4204 2614 4258 animam
2632 4204 2901 4258 viventem
2922 4202 3272 4260 :novissimus
3291 4202 3463 4258 Adam
3495 4203 3555 4256 in
3582 4202 3844 4274 spiritum
3863 4217 3949 4256 vi-

2275 4292 2745 4365 viﬁcantem(ibid.
2757 4290 3178 4364 ,45).Similiter
3192 4295 3251 4347 et
3266 4290 3434 4346 illiud
3450 4289 3655 4363 utique
3666 4288 3951 4364 intelligi-

2277 4384 2373 4437 tur
2403 4381 2584 4453 quod,
2616 4397 2751 4437 cum
2783 4380 2938 4437 Deus
2971 4379 3159 4452 primo
3197 4378 3424 4437 homini
3453 4378 3727 4436 dixisset:
3760 4380 3835 4435 De
3866 4378 3946 4435 li-

2277 4486 2383 4540 gno
2430 4471 2680 4528 scientiae
2729 4470 2863 4526 boni
2903 4477 2956 4526 et
2998 4470 3139 4526 mali
3183 4487 3253 4525 ne
3309 4469 3588 4537 comedas;
3619 4484 3948 4542 quocunque

2277 4559 2366 4616 die
2393 4559 2689 4616 comederis
2747 4575 2818 4615 ea:
2862 4576 2945 4626 eo,
2999 4568 3174 4616 morte
3226 4560 3482 4616 morieris
3534 4563 3691 4629 (Gen.
3728 4575 3788 4625 ιι,
3823 4558 3938 4632 l7).

515 4648 688 4721 (Rom,
719 4646 1318 4735 xv1,‘25,26).1temque
1345 4646 1661 4704 inActibus
1675 4647 2075 4720 apostolorum
2098 4648 2169 4704 de
2198 4670 2246 4735 Β
2280 4648 2489 4721 Utique
2518 4646 2877 4705 inobedienti
2925 4648 3321 4706 comminatus
3369 4653 3460 4705 est
3513 4651 3797 4715 mortem;
3832 4648 3942 4705 sed

514 4736 707 4809 seipso
737 4734 998 4808 loquitur
1045 4735 1283 4792 dicens:
1320 4738 1494 4808 Usque
1540 4738 1601 4792 in
1658 4737 1983 4794 hodiernum
2024 4739 2170 4794 diem
2202 4734 2231 4735 ᾖ
2278 4738 2549 4811 nunquid
2565 4754 2680 4793 non
2702 4738 2967 4810 agnoscit
2990 4737 3136 4794 fides
3159 4737 3302 4811 quid
3325 4736 3660 4795 econtrario
3681 4736 3944 4794 sentien-

512 4834 594 4883 sto
619 4826 910 4898 testiﬁcans
931 4826 1159 4893 minori,
1192 4832 1354 4897 atque
1370 4826 1744 4898 majori,nihil
1772 4836 1931 4883 extra
1958 4826 2163 4893 dicens,

514 4933 680 4990 quam
705 4932 766 4971 ea
799 4929 925 4987 quae
980 4915 1264 4987 Prophetas
1308 4923 1437 4971 sunt
1494 4916 1662 4972 locuti
1711 4918 1908 4990 futura
1952 4932 2080 4973 esse.
2116 4923 2168 4972 et

512 5004 717 5077 Moyses
748 5004 879 5077 (Act.
954 5021 1108 5072 xxvx,
1139 5007 1253 5070 22).
1304 5008 1447 5060 Cum
1497 5022 1634 5079 ergo
1684 5005 1809 5079 ipse
1854 5000 2172 5078 Apostolus

514 5094 784 5151 ostendat
809 5098 984 5167 atque
1016 5094 1321 5150 confirmet
1364 5095 1421 5150 in
1456 5094 1601 5151 illud
1634 5094 2012 5169 Evangelium
2044 5093 2168 5161 Dei,

516 5184 671 5257 quod
693 5187 827 5239 ante
855 5182 1126 5256 promisit
1149 5200 1251 5257 per
1280 5184 1594 5257 prophetas
1615 5201 1755 5242 suos
1778 5184 1835 5239 in
1857 5182 2172 5256 Scripturis

516 5272 736 5330 sanctis
778 5289 841 5329 se
871 5276 1264 5347 segregatum,
1300 5277 1358 5329 et
1404 5290 1576 5329 omne
1632 5272 1778 5330 illud
1828 5272 2175 5347 mysterium

516 5362 671 5437 quod
701 5362 1058 5435 evangelizat
1085 5379 1189 5435 per
1206 5362 1537 5436 Scripturas
1557 5362 1974 5435 prophetarum
2005 5366 2176 5419 teste-

517 5457 617 5507 tur
639 5452 1016 5524 patefactum,
1049 5451 1315 5524 nihilque
1341 5468 1403 5508 se
1433 5456 1595 5508 extra
1626 5451 2022 5524 dicere,quam
2044 5467 2172 5523 quae

517 5541 738 5613 scripta
765 5546 906 5597 sunt
936 5540 997 5596 in
1028 5539 1153 5614 lege
1202 5545 1259 5597 et
1317 5540 1639 5614 prophetis,
1675 5540 2054 5598 manifestum
2085 5544 2175 5596 est

516 5629 698 5701 hujus
729 5630 828 5699 rei,
863 5630 919 5686 id
952 5634 1042 5686 est
1072 5629 1279 5686 divinae
1299 5630 1676 5703 prmscientiaa
1706 5636 1764 5687 et
1791 5630 2171 5705 praedestina-

517 5717 716 5790 tionis,
750 5718 1120 5793 altitudinem
1152 5736 1269 5777 non
1309 5718 1501 5780 solum
1548 5719 1608 5778 in
1640 5718 1935 5798 Apostolo,
1970 5719 2072 5798 qui
2103 5736 2172 5780 ex

2276 4828 2417 4884 dum
2451 4826 2565 4896 sit;
2590 4827 2649 4884 id
2670 4832 2760 4884 est
2786 4827 2943 4900 quod
2975 4827 3270 4885 obedienti
3291 4827 3700 4901 praeparaverit
3718 4825 3946 4884 vitam?

2276 4916 2422 4973 Item
2452 4933 2585 4973 cum
2603 4916 2864 4990 loquitur
2880 4917 3033 4973 Deus
3053 4917 3126 4973 ad
3148 4917 3443 4974 Abraham
3464 4917 3762 4975 :Masculus
3782 4915 3945 4988 cujus

2273 5008 2543 5080 pra’putii
2569 5022 2701 5063 caro
2727 5023 2841 5063 non
2866 5008 3041 5079 fuerit
3064 5008 3392 5064 circumcisa
3410 5014 3600 5063 octava
3626 5006 3950 5079 die,peribit

2280 5097 2472 5153 anima
2502 5096 2604 5153 illa
2632 5095 2697 5153 de
2708 5097 2925 5169 populis
2952 5098 3067 5152 suis
3091 5098 3246 5170 :quia
3258 5105 3483 5169 pactum
3501 5113 3684 5153 meum
3715 5097 3947 5152 irritum

2279 5187 2411 5259 fecit
2438 5184 2848 5259 (Cenat/11,14).
2865 5185 3243 5242 Manifestum
3269 5190 3360 5242 est
3377 5184 3707 5243 masculum
3730 5183 3939 5256 istum,

2286 5274 2385 5348 qui
2410 5292 2527 5331 non
2558 5279 2649 5332 est
2677 5278 2878 5332 octava
2907 5275 3000 5331 die
3044 5274 3450 5344 circumcisus,
3511 5274 3838 5349 periturum
3867 5274 3944 5331 de

2283 5363 2519 5437 populis
2548 5365 2697 5432 suis,
2729 5364 2870 5437 quia
2917 5368 3153 5438 pactum
3183 5364 3285 5421 Dei
3340 5364 3573 5421 irritum
3604 5363 3775 5422 fecit:
3810 5363 3943 5422 Non

2283 5451 2486 5526 utique
2515 5452 2574 5509 in
2606 5458 2771 5509 utero
2799 5457 3197 5520 materno,nec
3227 5453 3288 5509 in
3320 5453 3424 5509 illa
3452 5457 3574 5509 tam
3606 5451 3823 5510 recenti
3853 5451 3942 5508 in-

2280 5542 2727 5615 fantia,quando
2748 5542 2970 5616 aliquid
2994 5542 3213 5599 bonum
3236 5547 3337 5599 aut
3352 5541 3577 5599 malum
3599 5540 3940 5599 nullatenus

2281 5647 2452 5705 agere
2480 5632 2689 5705 potuit,
2723 5632 2824 5688 sed
2855 5630 3059 5704 utique
3087 5630 3146 5688 in
3179 5632 3472 5706 paradiso,
3506 5634 3570 5689 in
3592 5633 3939 5705 prevarica-

2280 5722 2425 5785 tione
2452 5720 2608 5795 Adae,
2638 5723 2697 5780 in
2729 5737 2832 5805 quo
2862 5737 3067 5793 omnes,
3090 5721 3242 5782 sicut
3269 5721 3583 5800 Apostolus
3612 5720 3776 5793 dicit,
3802 5738 3947 5798 ρβσπ
