4100 6504
172 413 292 476 165
1142 414 1376 480 LIBER
1416 414 1839 481 ADVERSUS

1972 416 2252 482 ANNEM
2295 419 2639 485 SCOTUM.
3482 421 3601 485 166

171 554 440 603 caverunt
468 548 644 620 (Rom.
677 563 733 612 ν,
769 547 894 620 12);
929 546 1028 620 qui
1060 564 1129 604 ex
1159 547 1259 605 illa
1309 550 1588 605 damnata
1614 549 1836 624 origine
1865 552 1919 618 Α
1950 551 2221 609 divinam.
2259 553 2830 626 prmdestinationem
2882 554 3358 612 manifestissime
3402 560 3603 612 osten-

172 635 563 693 descendunt.
598 635 764 693 Sicut
793 653 930 710 ergo
961 637 1073 693 iste
1100 641 1303 693 octava
1330 637 1426 694 die
1457 638 1703 694 minime
1733 639 1841 695 cir-
1949 643 2265 698 sam:dum
2278 648 2334 698 et
2347 642 2688 699 electinullo
2703 661 2811 700 suo
2824 643 3169 710 merito,sed
3185 643 3307 700 sola
3320 644 3420 700 Dei
3436 644 3605 701 boni-

170 724 496 793 cumcisus,
529 725 844 782 manifeste
874 725 1172 799 periturus
1200 725 1584 783 denuntiatur
1612 727 1687 783 ob
1720 744 1842 784 rea—
1946 733 2066 785 tate
2098 730 2592 802 praedestinantur
2620 733 2692 788 ad
2722 732 2937 800 vitam;
2961 736 3017 788 et
3048 732 3277 804 reprobi
3310 732 3471 787 nullo
3502 733 3604 789 Dei

171 819 292 871 tum
324 812 532 887 primae
565 814 1180 887 praevaricationisﬁta
1210 831 1240 871 θ
1270 815 1562 872 contrario
1592 816 1844 872 ﬁdeliter
1949 819 2426 891 praejudicio,sed
2446 819 2687 877 solosuo
2704 820 2791 875 vel
2815 819 3605 895 originalivelactualimerio

171 902 626 976 intelligendum
657 907 747 960 est
768 920 906 959 eum
930 904 1032 976 qui
1054 902 1163 959 rite
1182 908 1239 959 et
1258 902 1522 978 legitime
1540 909 1695 961 esset
1723 904 1840 961 cir-

172 992 500 1060 cumcisus,
532 993 605 1048 ab
636 991 736 1048 illo
768 996 934 1048 reatu
967 991 1411 1049 absolvendum.

241 1084 376 1138 Hac
407 1081 674 1138 diximus
715 1086 782 1137 ut
831 1081 1145 1138 manifeste
1202 1081 1604 1155 intelligamus
1661 1083 1841 1157 quod,

171 1171 409 1229 etiamsi
442 1169 765 1245 Apostolus
796 1170 857 1226 in
891 1169 995 1227 illa
1023 1171 1557 1244 praedestinatlonis
1588 1172 1847 1245 disputa-

171 1262 334 1318 tione
367 1261 442 1317 de
471 1260 859 1334 reproborum
904 1264 1070 1333 parte
1098 1259 1401 1329 tacuisset,
1434 1261 1737 1318 debuisset
1762 1264 1845 1316 ta-

172 1367 305 1406 men
344 1350 497 1406 ﬁdes
524 1354 749 1417 nostra,
781 1349 924 1422 quid
957 1350 1030 1406 de
1058 1348 1144 1405 eis
1184 1349 1557 1406 sentiendum
1606 1354 1783 1417 esset,
1814 1366 1844 1406 θ

170 1438 472 1496 contrario
532 1440 835 1495 advertere
882 1443 940 1494 et
986 1436 1351 1512 intelligere;
1386 1440 1488 1495 sed
1520 1454 1638 1495 non
1671 1442 1843 1504 tacet,

172 1546 306 1585 cum
322 1528 532 1585 statim
551 1531 686 1601 post
696 1526 956 1600 aliquam
972 1531 1029 1584 et
1039 1527 1447 1597 electorum,et
1460 1528 1844 1601 reproborum

172 1618 305 1675 simi
316 1616 845 1687 litudinem,simul
861 1632 1086 1689 ponens
1098 1617 1155 1671 in
1171 1616 1403 1673 duobus
1416 1617 1669 1690 geminis
1684 1617 1845 1672 Isaac

172 1712 226 1763 et
253 1708 542 1764 Rebecca;
571 1707 656 1763 ita
684 1707 973 1780 adiungat
1002 1722 1016 1761 :
1052 1706 1189 1760 Cum
1238 1707 1387 1761 enim
1445 1707 1675 1762 necdum
1723 1707 1849 1761 nati

172 1804 371 1865 essent,
403 1804 505 1853 aut
533 1796 753 1869 aliquid
779 1797 1012 1867 egissent
1041 1796 1242 1851 bonum
1285 1803 1382 1851 aut
1408 1797 1621 1851 malum
1648 1800 1739 1863 (ut
1761 1810 1844 1850 se-

173 1886 423 1943 cundum
450 1887 770 1942 electionem
794 1886 1134 1958 propositum
1160 1886 1263 1940 Dei
1305 1892 1593 1953 maneret),
1638 1901 1749 1940 non
1777 1900 1848 1939 ea:

172 1977 464 2048 operibus,
492 1974 591 2031 sed
618 1990 691 2030 ea:
713 1981 934 2030 vocante
961 1974 1170 2029 dictum
1200 1981 1280 2029 est
1309 1993 1326 2028 :
1361 1974 1504 2042 Quia
1530 1974 1711 2045 major
1737 1990 1848 2029 ser-

178 2067 282 2122 viet
308 2066 546 2130 minori,
575 2064 720 2120 sicut
775 2063 1042 2135 scriptum
1099 2067 1178 2118 est
1214 2079 1228 2117 :
1261 2063 1431 2120 Jacob
1478 2062 1673 2130 dilexi,
1704 2063 1851 2117 Esau

174 2164 366 2212 autem
393 2153 522 2210 odio
552 2152 728 2208 habui
760 2152 935 2224 (Rom.
967 2169 1045 2218 Ix,
1080 2152 1168 2219 11,
1203 2152 1293 2221 12,
1325 2151 1432 2219 13;
1465 2151 1593 2206 Μαι.
1620 2167 1659 2215 τ,
1682 2151 1734 2218 l,
1768 2150 1846 2221 2).

177 2243 497 2300 Manifeste
518 2240 702 2314 igitur
725 2239 785 2295 in
809 2240 919 2296 hoc
941 2238 1226 2312 exemplo,
1252 2242 1310 2294 et
1326 2238 1386 2294 in
1408 2240 1610 2299 Jacob.
1625 2241 1850 2311 absque

181 2333 318 2389 ullis
352 2332 587 2387 meritis
619 2329 832 2386 dilecto
863 2333 920 2384 et
948 2329 1151 2395 electo,
1188 2328 1287 2401 qui
1320 2327 1592 2384 similiter
1618 2329 1851 2383 teneba-

179 2429 274 2479 tur
293 2419 612 2494 originalis
634 2417 857 2492 peccati
880 2417 1187 2485 obnoxius,
1205 2421 1270 2472 ut
1288 2417 1467 2473 frater
1485 2421 1542 2471 et
1561 2434 1627 2472 ex
1648 2418 1850 2472 eadem

179 2511 462 2570 veniebat
511 2525 715 2565 massa
758 2507 820 2563 in
875 2508 1060 2563 Adam
1109 2507 1408 2574 damnata,
1441 2506 1736 2561 declarata
1764 2511 1856 2562 est

180 2597 631 2675 praedestinatio
680 2597 1003 2653 electorum
1035 2597 1107 2651 ad
1139 2596 1342 2652 vitam.
1376 2596 1439 2651 In
1472 2596 1623 2652 Esau
1656 2600 1854 2651 autem

183 2691 311 2747 solo
340 2682 655 2762 originalis
685 2685 908 2759 peccati
940 2688 1102 2741 reatu
1135 2684 1270 2741 odio
1301 2683 1522 2753 habito,
1556 2684 1856 2757 praedesti-

185 2780 352 2836 natio
402 2777 795 2850 reproborum
838 2775 912 2831 ad
943 2774 1271 2830 interitum.
1305 2772 1444 2830 Tale
1473 2779 1581 2842 est,
1614 2778 1673 2829 et
1702 2774 1856 2846 quod

187 2875 329 2943 post
360 2866 679 2943 paululum
708 2865 780 2922 de
809 2868 1058 2937 utraque
1085 2868 1250 2937 parte
1278 2864 1689 2937 subjungitur:
1722 2865 1860 2936 Ergo

185 2960 354 3031 cujus
383 2957 511 3013 vult
535 2957 848 3020 miseretur,
879 2961 932 3010 et
960 2969 1120 3025 quem
1163 2952 1284 3008 vult
1312 2953 1541 3009 indurat
1569 2953 1743 3026 (Rom.
1781 2970 1858 3020 Ix,

196 3048 311 3120 18).
353 3047 433 3103 Et
470 3044 628 3117 quod
670 3042 885 3100 deinde
923 3041 1339 3098 additutnnon
1368 3042 1528 3098 habet
1545 3050 1864 3114 potestatem

189 3137 405 3209 ﬁgulus
440 3135 549 3190 luti
574 3150 646 3189 ea:
672 3132 863 3189 eadem
887 3147 1071 3187 massa
1115 3133 1297 3203 facere
1337 3131 1492 3187 aliud
1520 3131 1739 3203 quidem
1767 3149 1863 3187 vas

192 3229 255 3283 in
284 3227 581 3292 honorem,
613 3221 772 3279 aliud
816 3237 941 3278 vero
989 3222 1049 3276 in
1086 3221 1475 3277 contumeliam
1519 3220 1699 3294 (Ibid,
1730 3222 1860 3289 21);

1947 910 2007 962 to
2020 908 2512 979 pradestinantur
2523 910 2592 966 ad
2606 909 2775 965 interi
2785 915 2910 965 tum
2921 952 2933 975 ,
2949 926 3056 966 nec
3079 910 3161 965 eis
3175 909 3373 965 divina
3384 911 3604 982 prande-

1950 995 2190 1052 stinatio
2207 997 2612 1074 necessitatem
2637 999 2916 1071 pereundi
2940 997 3162 1072 imponi
3171 998 3373 1065 t,sicut
3394 1014 3499 1054 nec
3510 1015 3609 1054 ne-

1949 1084 2281 1142 cessitatem
2305 1087 2606 1159 peccandi,
2632 1088 2732 1143 sed
2756 1087 3163 1144 necessitatem
3194 1088 3607 1144 tantummodo

1942 1173 2110 1244 justa
2121 1174 2409 1247 supplicia
2425 1175 2686 1249 patiendi
2704 1193 2716 1232 :
2732 1180 2798 1232 ut
2818 1176 2918 1248 qui
2940 1174 3239 1232 voluntate
3260 1180 3610 1249 permanent

1950 1263 2009 1318 in
2044 1264 2320 1336 peccatis,
2356 1264 2704 1321 necessitate
2736 1265 3071 1321 crucientur
3099 1264 3158 1319 in
3193 1264 3402 1337 poenis.

2024 1353 2110 1408 Ita
2137 1353 2370 1409 etiamsi
2402 1357 2569 1410 tanta
2595 1353 2697 1410 illa
2715 1352 2977 1427 Apostoli
2995 1354 3067 1409 de
3083 1352 3190 1410 bac
3208 1369 3268 1410 re
3285 1353 3608 1426 disputatio

1952 1458 2022 1497 ex
2052 1441 2162 1497 hoc
2214 1442 2339 1497 loco
2397 1459 2587 1514 usque
2646 1443 2718 1498 ad
2779 1442 2976 1507 ﬁnem,
3026 1442 3124 1498 ubi
3171 1442 3251 1498 ait
3283 1459 3297 1497 :
3328 1444 3611 1500 Conclusit

1952 1533 2101 1587 enim
2142 1532 2280 1587 Deus
2329 1533 2518 1588 omnia
2554 1533 2615 1588 in
2645 1531 3046 1596 incredulitate,
3079 1539 3141 1587 ut
3170 1533 3418 1587 omnium
3443 1534 3610 1589 mise-

1954 1628 2140 1677 reatur
2168 1624 2344 1688 (Rom.
2377 1638 2455 1686 x1,
2486 1621 2579 1690 32)
2612 1637 2625 1675 :
2661 1620 2992 1694 diligenter,
3025 1623 3081 1676 et
3120 1620 3373 1677 ﬁdeliter
3419 1620 3611 1678 consi-

1955 1710 2208 1776 deretur,
2233 1709 2305 1764 dc
2329 1708 2639 1781 utriusque
2660 1708 2843 1782 partis
2867 1707 3395 1781 praedestinatione,
3411 1708 3530 1765 sive
3548 1708 3612 1765 in

1954 1815 2072 1854 uno
2102 1796 2318 1871 populo
2369 1798 2709 1854 Judmorum
2758 1797 2820 1853 in
2860 1797 2975 1865 bis,
3011 1797 3113 1870 qui
3145 1798 3432 1866 excaicati,
3466 1801 3524 1854 et
3551 1797 3614 1854 in

1954 1887 2048 1943 his
2077 1887 2178 1959 qui
2209 1887 2537 1943 secundum
2569 1885 2911 1943 electionem
2936 1886 3137 1960 gratia:
3155 1886 3614 1944 salvarimerue-

1959 1980 2125 2042 runt;
2149 1976 2269 2031 sive
2299 1976 2359 2031 in
2391 1981 2660 2048 utroque,
2685 1977 2744 2032 id
2767 1981 2855 2032 est
2875 1975 3215 2031 Judzeorum
3237 1980 3296 2032 et
3314 1976 3611 2045 Gentium,

1958 2064 2201 2121 dumilli
2233 2068 2513 2137 tanquam
2549 2064 2847 2121 naturales
2878 2065 3026 2121 rami
3062 2064 3226 2121 fracti
3257 2068 3496 2121 sunt:et
3514 2065 3614 2121 isti

1958 2159 2243 2226 tanquam
2287 2154 2519 2210 oleaster
2561 2155 2622 2209 in
2684 2156 2883 2210 bonam
2938 2155 3142 2209 olivam
3199 2156 3399 2210 inserti
3424 2153 3613 2225 (Ibid.,

1962 2244 2071 2313 17),
2104 2243 2509 2298 indubitanter
2552 2259 2687 2298 eum
2747 2241 3004 2298 inveniet
3051 2247 3108 2297 et
3158 2242 3283 2299 suis
3311 2243 3524 2311 verbis,
3558 2246 3615 2299 et

1961 2331 2211 2388 maxime
2223 2332 2576 2387 testimoniis
2591 2331 2946 2404 propheticis
2968 2329 3365 2404 disputantem
3378 2374 3390 2387 .
3407 2332 3469 2387 In
3484 2331 3615 2404 qui-

1961 2422 2073 2476 bus
2088 2425 2284 2476 tamen
2305 2421 2662 2494 propheticis
2680 2419 3059 2487 testimoniis,
3074 2436 3201 2492 quze
3217 2420 3387 2476 nobis
3408 2421 3616 2477 beatus

1962 2510 2273 2583 Apostolus
2304 2514 2472 2566 tanta
2502 2510 2847 2565 auctoritate
2874 2508 3199 2582 proposuit,
3230 2512 3296 2565 ut
3324 2509 3469 2565 nihil
3492 2526 3617 2566 om-

1965 2601 2105 2655 nino
2137 2600 2209 2654 de
2239 2598 2418 2671 hujus
2449 2599 2552 2665 rei,
2584 2598 2643 2654 id
2676 2603 2785 2658 est.
2811 2598 3019 2654 divinae
3050 2598 3111 2654 in
3143 2602 3457 2672 utramque
3484 2616 3619 2672 par-

1966 2694 2086 2745 tem
2138 2688 2669 2761 praidestinationis
2715 2687 3134 2760 profunditate,
3166 2691 3225 2743 et
3265 2688 3622 2746 obscuritate

1968 2778 2083 2834 nisi
2139 2794 2207 2833 ex
2262 2794 2463 2833 eorum
2521 2777 2819 2848 ﬁrmitate,
2852 2780 2910 2833 et
2946 2776 3192 2833 evidenti
3252 2779 3621 2835 attestatione

1969 2869 2176 2923 docere
2198 2866 2466 2922 voluerit.
2493 2864 2642 2921 Illud
2665 2866 2955 2938 praecipue
2988 2864 3147 2922 omni
3164 2865 3401 2939 pietatis
3430 2866 3622 2923 consi-

1971 2955 2268 3013 deratione
2308 2956 2729 3011 attendendum
2762 2958 2849 3011 est
2880 2955 3036 3027 quod
3068 2971 3204 3010 cum
3235 2971 3529 3028 nusquam
3560 2955 3622 3012 in

1971 3045 2056 3102 eis
2076 3061 2348 3117 expresse
2370 3048 2427 3100 et
2447 3044 2681 3116 proprie
2700 3043 2944 3100 verbum
2976 3044 3510 3117 praedestinationis
3530 3061 3623 3101 so-

1974 3138 2073 3190 net
2100 3152 2115 3200 ;
2146 3139 2344 3189 tamen
2367 3133 2506 3206 quia
2525 3133 2649 3205 ipse
2672 3150 2764 3190 res
2795 3134 2868 3189 ad
2899 3137 3213 3206 utramque
3245 3133 3624 3206 praedestina-

1974 3223 2195 3278 tionem
2215 3221 2574 3294 pertinentes
2594 3221 3090 3277 manifestissimaa
3114 3226 3416 3294 apparent,
3430 3227 3488 3278 et
3506 3222 3625 3278 evi-

192 3318 265 3373 de
296 3314 532 3389 quibus
561 3289 719 3369 vasis
750 3309 992 3366 honoris
1015 3314 1074 3366 et
1094 3309 1465 3366 contumeliae
1496 3289 1696 3365 statim
1728 3310 1863 3365 sub-
1893 3289 1936 3356 (ἶ
1976 3289 2334 3369 dentissimae
2366 3310 2756 3377 declarantur,
2786 3289 3282 3366 conﬁdentissime
3309 3289 3626 3384 Apostolus

185 3404 397 3479 jungit
431 3419 448 3459 :
476 3401 635 3473 Quod
662 3402 717 3458 si
736 3400 922 3456 volens
952 3404 1097 3457 Deus
1117 3399 1393 3456 ostendere
1423 3401 1655 3468 iram,et
1678 3407 1867 3455 notam

188 3500 380 3569 facere
435 3492 740 3566 potentiam
793 3506 953 3545 suam
1005 3490 1271 3545 sustinuit
1299 3490 1359 3544 in
1386 3489 1565 3545 multa
1596 3490 1868 3561 patientia

189 3602 328 3642 vasa
357 3585 477 3640 ira
516 3588 712 3654 aptata
750 3580 813 3635 in
860 3579 1152 3635 interitum
1185 3594 1199 3635 :
1228 3586 1292 3634 ut
1316 3577 1614 3635 ostenderet
1641 3577 1867 3634 divitias

190 3676 405 3747 gloriae
434 3685 557 3728 suae
582 3670 648 3726 in
673 3684 807 3729 vasa
835 3666 1250 3733 misericordia},
1283 3682 1409 3740 quae
1435 3669 1779 3740 praeparavit
1806 3668 1869 3723 in

193 3763 502 3834 gloriam?
531 3762 645 3815 etc.
695 3756 888 3828 (Ibid.,
917 3756 1007 3824 22,
1037 3757 1153 3824 23.)
1202 3756 1265 3811 In
1318 3756 1534 3828 quibus
1590 3755 1866 3813 omnibus

193 3848 650 3910 evidentissime
700 3844 1042 3920 agnoscitur
1085 3844 1428 3917 Apostolum
1476 3862 1593 3900 non
1641 3845 1713 3901 de
1744 3844 1869 3901 sola

192 3942 751 4009 e1ectorum,quam
780 3934 972 4008 primo
1001 3933 1127 3990 loco
1150 3934 1367 4006 posuit,
1395 3933 1497 3991 sed
1520 3933 1583 3990 in
1602 3939 1724 3991 toto
1754 3934 1866 3991 isto

194 4026 634 4105 disputationis
651 4042 771 4082 sua:
789 4028 1081 4091 contextu,
1097 4023 1169 4079 de
1189 4023 1499 4095 utriusque
1519 4024 1702 4096 partis
1722 4041 1865 4097 prm-

196 4117 629 4186 destinatione,
660 4113 781 4171 sive
833 4114 892 4169 in
952 4112 1151 4181 vitam,
1202 4111 1322 4168 sive
1376 4111 1437 4167 in
1488 4115 1778 4182 mortem;
1811 4115 1869 4168 et

197 4206 520 4280 exemplis,
546 4210 604 4260 et
624 4201 981 4260 testimoniis
1003 4204 1288 4257 tractasse
1317 4199 1695 4274 propheticis,
1724 4202 1867 4258 dum

197 4300 260 4354 in
291 4295 485 4355 Jacob
516 4292 795 4366 proponit
817 4292 1067 4347 formam
1099 4290 1439 4357 electorum,
1461 4289 1522 4345 in
1551 4291 1705 4347 Esau
1733 4306 1869 4347 vero

197 4389 463 4445 formam
498 4381 904 4455 reproborum.
931 4380 995 4436 In
1017 4379 1235 4452 quibus
1256 4378 1459 4452 utique
1488 4379 1718 4436 duabus
1742 4397 1871 4452 par-

198 4478 392 4545 tibus,
418 4472 581 4546 cujus
598 4470 720 4527 vult
736 4471 878 4527 Deus
895 4471 1204 4533 miseretur,
1221 4475 1272 4524 et
1291 4483 1451 4541 quem
1470 4469 1590 4524 vult
1604 4468 1834 4526 indurat
1854 4486 1867 4526 :

199 4566 308 4624 sed
319 4566 628 4621 miseretur
644 4557 1104 4616 misericorditer
1115 4557 1209 4628 adj
1219 4557 1465 4622 uvando,
1472 4557 1700 4614 indurat
1711 4558 1872 4630 juste

1975 3401 2046 3457 ad
2076 3403 2254 3455 tanta;
2302 3399 2384 3454 rei
2434 3398 2960 3462 conﬁrmationem,
2993 3401 3169 3471 atque
3199 3398 3523 3454 doctrinam
3557 3416 3626 3456 ea

1975 3488 2320 3560 assumpsit,
2335 3492 2391 3543 et
2404 3487 2485 3543 ita
2494 3487 2746 3542 tenenda
2761 3490 2936 3560 atque
2958 3485 3336 3560 intelligenda
3354 3487 3624 3544 Ecclesiae

1975 3576 2219 3635 tradidit
2243 3594 2255 3633 :
2280 3594 2389 3633 sua
2413 3576 2637 3632 scilicet
2652 3576 3022 3642 auctoritate,
3045 3579 3104 3633 et
3124 3575 3388 3648 exemplo
3410 3593 3518 3633 nos
3542 3576 3628 3633 in-

1977 3669 2238 3725 formans
2269 3671 2328 3723 et
2356 3666 2679 3734 instruens,
2714 3669 2778 3721 ut
2808 3682 2925 3722 non
2954 3665 3315 3723 contentiose
3345 3669 3403 3723 et
3422 3683 3626 3740 super-

1974 3774 2154 3814 vacue
2185 3756 2257 3812 de
2287 3756 2414 3829 ipso
2443 3755 2620 3811 verbo
2650 3754 3180 3828 praedestinationis
3203 3755 3262 3811 in
3283 3760 3624 3814 sanctorum

1976 3845 2394 3920 prophetarum
2443 3843 2692 3917 eloquiis
2740 3845 2892 3901 inter
2932 3861 3041 3901 nos
3084 3845 3504 3918 disceptemus,
3537 3847 3627 3903 vel

1975 3935 2153 4008 (quod
2186 3933 2361 4003 absit)
2390 3934 2566 3990 etiam
2593 3933 2887 4001 rixemur;
2921 3934 3019 3990 sed
3055 3934 3295 4006 paciﬁca
3323 3938 3381 3990 et
3410 3934 3506 4006 pia
3534 3934 3624 3990 in-

1975 4022 2318 4096 telligentia,
2336 4021 2673 4094 ubicunque
2694 4039 2786 4078 res
2801 4022 2929 4095 ipsa
2945 4022 3426 4079 manifestissime
3441 4022 3629 4079 decla-

1977 4118 2159 4181 ratur,
2184 4111 2586 4167 indubitanter
2614 4111 2854 4167 omnino
2884 4111 3140 4167 divinam
3172 4111 3629 4184 praedestinatio.

1976 4219 2109 4259 nem
2136 4205 2195 4258 et
2222 4216 2556 4274 agnoscere,
2591 4204 2648 4255 et
2677 4216 2936 4257 asserere
2965 4201 3303 4256 debeamus.

2047 4290 2311 4348 Primum
2336 4289 3007 4362 namquetestimonium
3030 4287 3455 4362 propheticum,
3470 4291 3627 4362 quod

1979 4381 2050 4437 de
2081 4379 2191 4435 hac
2222 4378 2503 4451 reposuit,
2532 4376 2676 4432 illud
2705 4394 2775 4433 ex
2805 4376 3015 4433 Genesi
3048 4380 3138 4432 est
3157 4377 3228 4432 de
3250 4393 3366 4448 quo
3386 4376 3469 4433 ita
3498 4377 3580 4433 ait
3611 4395 3625 4435 :

1981 4469 2372 4526 Promissionis
2417 4468 2566 4522 enim
2618 4465 2842 4521 verbum
2899 4466 3002 4521 hoc
3044 4472 3122 4521 est
3153 4481 3165 4521 :
3198 4464 3508 4522 Secundum
3534 4465 3633 4523 hoc

1980 4567 2189 4629 tempus
2241 4556 2482 4622 veniam,
2537 4562 2589 4610 et
2644 4556 2753 4610 erit
2805 4554 2965 4611 Sara:
3017 4555 3169 4626 ﬁlius
3204 4556 3380 4624 (Rom.
3413 4570 3491 4624 ix,
3523 4555 3629 4626 9):

200 4651 572 4720 deserendo;
608 4655 668 4706 et
695 4654 981 4721 tanquam
1010 4646 1219 4719 figulus
1250 4648 1358 4703 luti
1382 4663 1453 4702 ex
1480 4647 1666 4703 eadem
1691 4664 1874 4704 massa
1905 4663 1952 4727 D
1983 4647 2084 4703 ubi
2114 4645 2250 4701 licet
2279 4661 2393 4701 non
2423 4644 2694 4699 videatur
2724 4660 2933 4700 sonare
2974 4644 3429 4716 prtedestinatio,
3465 4648 3636 4702 sonat

200 4742 393 4802 simul
423 4744 551 4797 tota
572 4738 871 4807 damnata,
895 4736 1034 4793 facit
1051 4735 1210 4792 aliud
1228 4752 1330 4792 vas
1351 4737 1411 4791 in
1429 4737 1687 4792 honorem
1706 4737 1878 4794 misc-

199 4831 529 4893 ricorditer
555 4827 882 4897 liberando,
904 4825 1062 4883 aliud
1088 4841 1213 4882 vero
1236 4826 1297 4880 in
1315 4826 1701 4882 contumeliam
1712 4827 1875 4898 juste

202 4919 588 4980 damnando:
623 4921 689 4972 ut
714 4917 829 4972 duo
859 4932 928 4972 ex
957 4913 1050 4971 his
1080 4913 1317 4970 ordines
1345 4914 1875 4987 existant,quorum

204 5011 309 5069 alii
334 5010 460 5068 sint
479 5024 586 5064 vas
604 5007 725 5076 irae,
749 5009 809 5062 et
828 5004 926 5061 alii
947 5021 1048 5061 vas
1079 5001 1526 5072 misericordia;
1558 5002 1661 5059 illa
1689 5011 1878 5077 aptata

206 5105 271 5159 in
302 5101 624 5165 interitum,
637 5095 754 5152 ista
775 5096 837 5151 in
856 5095 1093 5165 gloriam
1116 5098 1459 5166 praeparata.
1475 5093 1586 5149 Sed
1607 5100 1796 5165 aptata
1816 5095 1879 5149 in

206 5191 512 5249 interitum
539 5189 599 5243 et
627 5201 734 5242 suo
761 5183 992 5255 merito,
1025 5186 1083 5240 et
1113 5182 1216 5240 Dei
1236 5183 1402 5254 justo
1425 5181 1652 5254 judicio
1676 5199 1690 5251 ;
1721 5197 1878 5254 prae-

202 5288 419 5356 parata
446 5280 646 5334 autem
676 5276 737 5331 in
762 5275 999 5346 gloriam
1027 5271 1190 5329 nullo
1220 5288 1327 5329 suo
1358 5271 1588 5338 merito,
1623 5271 1723 5339 sed
1754 5271 1878 5328 solo

206 5369 433 5427 divina:
462 5363 666 5440 gratiae
696 5360 1165 5420 beneﬁcio.Cum
1187 5376 1324 5434 ergo
1353 5364 1477 5416 tam
1508 5363 1705 5432 aperte
1725 5359 1881 5415 dicat

204 5454 540 5533 Apostolus
574 5470 588 5508 :
620 5453 687 5509 Et
712 5468 849 5508 vasa
875 5452 983 5509 irae
1028 5457 1216 5522 aptata
1244 5452 1308 5506 in
1335 5450 1640 5518 interitum,
1674 5456 1724 5504 et
1748 5465 1883 5505 vasa

204 5543 620 5606 misericordiw
647 5548 967 5616 praeparata
985 5542 1047 5596 in
1064 5540 1323 5612 gloriam,
1336 5547 1388 5595 et
1400 5554 1471 5596 ea:
1488 5538 1682 5595 eadem
1701 5554 1884 5595 massa

206 5635 380 5695 aliud
395 5650 493 5691 vas
511 5633 638 5704 ﬁeri
655 5634 719 5688 in
746 5632 1024 5698 honorem,
1046 5628 1204 5686 aliud
1220 5644 1346 5686 vero
1364 5630 1427 5685 in
1445 5627 1834 5685 contumeliam
1864 5643 1879 5683 :

209 5725 356 5806 quis
390 5740 510 5784 non
538 5721 832 5798 intelligat
861 5720 923 5780 in
952 5719 1046 5780 his
1086 5718 1278 5780 verbis
1334 5717 1642 5797 utriusque
1700 5716 1884 5794 partis

1984 4741 2182 4793 tamen
2207 4739 2405 4807 aperte
2428 4733 2761 4805 promissio,
2787 4750 2916 4806 quae
2941 4750 3058 4789 non
3089 4732 3258 4789 aliter
3287 4739 3440 4790 recte
3471 4733 3635 4790 intel-

1983 4825 2206 4898 ligitur,
2239 4823 2352 4879 nisi
2381 4822 2511 4896 ipsa
2550 4822 2863 4895 promissio
2908 4822 3158 4879 ﬁdeliter
3200 4823 3634 4895 praedestinatio

1984 4913 2308 4985 accipiatur
2330 4910 2499 4968 electi
2531 4910 2774 4967 seminis
2803 4911 3069 4983 Abrahae,
3092 4911 3151 4967 id
3181 4916 3271 4968 est
3299 4929 3500 4968 eorum
3531 4912 3633 4984 qui

1986 5002 2091 5058 ﬁlii
2122 5002 2223 5058 Dei
2256 5002 2634 5073 deputantur,
2666 5005 2723 5056 et
2747 5017 2781 5055 a
2806 4999 2942 5056 tiliis
2988 4999 3184 5056 carnis
3222 5000 3418 5056 divina
3445 4999 3636 5073 gratia

1987 5090 2222 5148 discreti
2252 5094 2408 5146 sunt.
2443 5088 2607 5145 Sicut
2653 5089 2779 5161 ipse
2827 5089 3136 5161 Apostolus
3183 5089 3243 5144 in
3273 5089 3475 5144 eodem
3507 5088 3633 5145 loco

1986 5179 2222 5253 exponit
2248 5179 2450 5236 dicens
2483 5195 2496 5234 :
2530 5183 2655 5236 Non
2707 5180 2805 5251 qui
2856 5179 2970 5249 ﬁlii
3021 5179 3225 5244 carnis,
3253 5178 3315 5233 hi
3358 5178 3469 5249 ﬁlii
3504 5184 3636 5234 sunt

1985 5272 2119 5339 Dei;
2150 5269 2243 5326 sed
2261 5271 2358 5342 qui
2384 5269 2497 5339 ﬁlii
2522 5275 2653 5324 sunt
2672 5268 3055 5340 promissionis
3083 5268 3431 5323 azstimantur
3459 5268 3520 5323 in
3545 5283 3634 5323 se-

1984 5360 2134 5416 mine
2165 5358 2355 5430 (Ibid.,
2388 5358 2464 5426 8).
2499 5356 2765 5412 Secundo
2821 5354 2945 5411 loco
3002 5353 3144 5410 illud
3186 5354 3396 5412 iterum
3428 5372 3496 5412 ex
3526 5357 3634 5412 Ge-

1987 5448 2114 5505 nesi
2143 5446 2548 5504 testimonium
2571 5445 2769 5519 posuit
2801 5461 2814 5500 :
2846 5446 2922 5501 De
2949 5443 3155 5501 duobus
3202 5446 3439 5515 geminis
3484 5445 3639 5501 Isaac

1986 5545 2039 5594 et
2056 5537 2319 5606 Rebecca),
2351 5553 2467 5609 quo
2497 5537 2713 5593 dictum
2739 5536 2926 5608 fuerat
2959 5551 2972 5590 :
3010 5535 3161 5607 Quia
3213 5535 3393 5605 major
3444 5536 3641 5592 serviet

1988 5628 2194 5684 minori
2221 5627 2375 5696 (Gen.
2407 5643 2537 5693 xxv,
2567 5626 2659 5693 23)
2690 5642 2703 5679 :
2737 5623 2838 5680 ubi
2881 5622 3019 5680 licet
3064 5622 3496 5695 prsidestinatio
3527 5625 3638 5681 mi-

1990 5716 2150 5777 nime
2178 5731 2386 5775 sonare
2412 5714 2699 5786 videatur,
2714 5718 2911 5774 tamen
2932 5729 3024 5773 res
3054 5711 3241 5790 ipsius
3267 5714 3642 5794 praedestina-
