4100 6452
584 381 699 445 167

1686 376 1915 439 FLORI
1961 375 2278 438 DIAGONI
2314 377 2898 443 LUGDUNENSIS.

3880 377 4017 437 ’168

582 512 759 570 tionis
810 517 928 568 tam
977 512 1262 586 profunde
1291 514 1350 568 et
1379 509 1676 585 granditer
1720 510 1800 566 ibi
1832 511 2236 567 demonstrata
2262 513 2318 578 Α
2349 510 2817 583 potuerit,quam
2839 510 3184 567 utexforma
3205 510 3452 566 istorum
3476 509 3843 585 geminorum
3857 509 4019 567 alios

585 608 691 671 est,
727 606 791 658 ut
820 606 1057 659 moneat
1086 619 1213 670 nos,
1242 604 1299 657 et
1326 600 1569 657 solerter
1598 598 1806 655 excitet
1832 597 2147 671 Apostolus
2179 598 2238 654 in

582 696 704 748 toto
734 690 834 747 illo
866 690 1295 763 oraculo,quod
1325 694 1469 746 tunc
1500 689 1767 745 Rebeccae
1789 688 1861 744 de
1890 688 2114 744 eisdem
2140 704 2237 761 ge-

581 780 764 839 minis
812 779 1112 847 divinitus,
1145 794 1493 852 responsum
1542 781 1652 844 est,
1686 778 1797 833 hoc
1844 776 2154 850 vigilanter
2183 780 2239 831 et

580 869 835 927 ﬁdeliter
860 869 1181 937 intendere,
1215 872 1272 924 et
1300 866 1671 923 considerare
1694 866 1924 931 debere,
1954 866 2109 939 quod
2132 881 2238 921 nec

582 959 844 1015 damnati
901 964 1066 1014 erant
1122 974 1191 1014 ex
1233 961 1397 1013 utero
1443 960 1728 1024 materno,
1761 956 1993 1012 necdum
2024 956 2238 1028 aliquid

578 1055 801 1121 egerant
833 1050 1031 1103 bonum
1059 1054 1155 1103 aut
1184 1047 1398 1102 malum
1428 1046 1488 1101 in
1518 1046 1639 1101 vita
1665 1046 1918 1118 propria,
1947 1049 2004 1101 et
2033 1045 2237 1117 utique

580 1154 648 1194 ex
679 1154 794 1195 uno
826 1139 992 1193 erant
1038 1135 1352 1193 concubitu
1402 1134 1689 1208 procreati
1715 1153 1727 1204 ;
1761 1140 1818 1189 et
1845 1139 2041 1190 tamen
2071 1139 2237 1190 tanta

577 1224 1409 1298 distantiaomnipotensDcus
1431 1225 1584 1282 inter
1604 1230 1923 1297 utrumque
1941 1224 2232 1294 discrevit,

575 1320 640 1373 ut
669 1315 847 1374 nullis
875 1332 1078 1372 eorum
1111 1314 1577 1388 praecedentibus
1608 1314 1699 1370 vel
1731 1314 1922 1383 bonis,
1946 1313 2035 1369 vel
2062 1312 2233 1369 malis

574 1405 824 1473 meritis,
857 1403 981 1462 sola
1011 1403 1291 1470 bonitate,
1324 1396 1382 1460 et
1400 1403 1626 1475 judicio
1677 1419 1786 1459 suo
1832 1420 2019 1461 unum
2050 1420 2119 1459 ex
2149 1402 2234 1459 eis

573 1495 892 1568 praeferret,
924 1498 983 1549 et
1015 1492 1263 1548 alterum
1299 1492 1562 1549 servituti
1596 1493 1963 1567 subjugaret.

644 1585 715 1641 Et
731 1601 805 1640 ne
826 1584 935 1640 hoc
964 1600 1172 1655 parum
1202 1599 1331 1639 esse
1360 1582 1852 1651 existimaremus,
1879 1583 2035 1655 quod
2061 1582 2232 1655 quasi

574 1675 645 1730 de
666 1672 947 1733 humanis
965 1677 1021 1728 et
1046 1671 1388 1728 inhumanis
1408 1672 1581 1728 rebus
1604 1671 1825 1728 dictum
1857 1689 1986 1729 esse
2004 1672 2233 1727 videba-

572 1767 693 1829 tur,
724 1764 854 1834 quia
882 1762 1062 1834 major
1104 1763 1300 1818 serviet
1348 1763 1595 1828 minori;
1624 1761 1894 1818 videlicet
1923 1761 2091 1834 quasi
2122 1761 2231 1817 hoc

574 1852 985 1908 tantummodo
999 1851 1059 1906 in
1073 1867 1267 1906 rerum
1282 1850 1694 1923 temporalium
1720 1855 1875 1907 statu
1900 1850 1956 1905 in
1971 1851 2055 1907 eis
2077 1855 2232 1907 esset

574 1940 1120 2014 implendum,dum
1153 1939 1214 1995 in
1246 1956 1446 1996 eorum
1480 1941 1728 2012 posteris
1760 1957 1915 1995 unus
1942 1957 2117 2013 regno
2135 1957 2230 1996 su-

573 2030 876 2097 blimatus,
893 2028 1057 2086 alteri
1083 2029 1195 2085 sibi
1220 2029 1476 2096 subdito,
1493 2032 1549 2085 et
1562 2028 1835 2086 servienti
1856 2029 2227 2086 dominatur:

571 2121 743 2194 erigit
773 2119 965 2174 adhuc
994 2117 1307 2192 Apostolus
1358 2118 1813 2191 intelligentiam
1862 2122 2121 2174 nostram
2156 2119 2229 2174 ad

571 2208 812 2282 majoris
843 2209 923 2264 rei
955 2206 1481 2263 considerationem
1507 2208 1786 2278 adjuncto
1809 2206 2145 2263 testimonio
2161 2223 2230 2262 ex

570 2298 858 2356 Malacbia
887 2296 1191 2369 propheta,
1224 2297 1285 2351 in
1318 2313 1433 2369 quo
1463 2297 1534 2352 de
1565 2296 1785 2352 eisdem
1831 2296 2081 2369 geminis
2111 2313 2227 2352 non

569 2386 990 2460 temporaliter,
1017 2386 1116 2441 sed
1151 2385 1499 2441 zeternaliter
1529 2386 1823 2453 discretis,
1849 2402 2039 2457 neque
2061 2386 2119 2441 in
2144 2403 2230 2441 re-

568 2478 682 2534 bus
711 2480 941 2532 tantum
988 2474 1414 2547 temporalibus
1467 2475 1568 2531 sed
1629 2474 1803 2530 etiam
1854 2474 2228 2531 mternalibus

569 2582 785 2639 magna
801 2564 1083 2620 distantia
1096 2563 1344 2636 separati
1355 2564 1534 2635 s,ipse
1552 2564 1706 2619 Deus
1719 2563 1980 2636 loquitur
1992 2565 2223 2619 dicens:

566 2656 729 2713 Iacob
757 2654 950 2722 dilexi,
988 2655 1134 2708 Esau
1163 2661 1347 2708 autem
1373 2653 1497 2708 odio
1528 2654 1698 2708 habui
1722 2653 1868 2721 (Mal.
1895 2671 1932 2719 1,
1956 2657 2030 2721 2).
2065 2652 2227 2708 Unde

568 2762 684 2802 non
700 2743 869 2800 aliter
882 2746 1034 2798 recte
1048 2741 1397 2813 intelligitur
1416 2741 1526 2797 hoc
1549 2741 1953 2798 testimonium
1977 2741 2223 2813 prophe-

525 2833 530 2837 ’
566 2833 771 2902 ticum,
788 2831 901 2888 nisi
924 2831 1175 2888 ﬁdeliter
1204 2830 1288 2885 illi
1310 2831 1466 2903 quod
1488 2848 1557 2887 ex
1577 2830 1783 2887 Genesi
1811 2835 2115 2904 sumptum
2137 2834 2228 2886 est

567 2921 903 2978 testimonio
935 2921 1346 2993 conjungatur,
1377 2923 1443 2975 ut
1468 2918 1709 2989 scilicet,
1730 2920 1883 2975 sicut
1901 2919 2046 2975 illud
2068 2921 2225 2992 quod

2350 598 2719 670 omnipotens
2739 600 2892 656 Deus
2912 604 3128 656 aeterna
3150 600 3555 657 misericordia
3575 617 3683 656 sua
3703 599 4014 670 dilexisse,

2349 686 2494 744 alios
2515 694 2728 745 aeterno
2755 706 2862 745 suo
2877 689 3102 760 judicio
3125 690 3340 760 odisse,
3366 707 3476 747 sua
3496 689 3871 747 attestatione
3887 706 4020 745 ma-

2347 777 2673 834 nifestctur.

2419 866 2563 922 Huic
2592 866 2927 924 testimonio
2957 867 3296 941 prophetico
3340 871 3398 924 et
3427 868 3627 925 sensui
3659 867 4012 942 apostolico,

2344 955 2611 1011 videlicet
2637 973 2751 1028 quo
2782 961 2839 1013 et
2859 956 3095 1013 dilectio
3127 961 3184 1014 et
3213 958 3414 1014 odium
3447 957 3550 1014 Dei
3579 958 3641 1013 in
3658 959 3892 1014 duobus
3912 974 4014 1031 ge-

2345 1044 2527 1100 minis
2548 1045 2742 1101 adhuc
2772 1046 2832 1101 in
2866 1049 3028 1102 utero
3058 1051 3323 1104 materno
3355 1046 3561 1120 positis
3593 1064 3662 1102 ex
3678 1047 4018 1104 misericor—

2344 1136 2441 1192 dia
2472 1140 2529 1191 et
2551 1136 2779 1208 judicio
2814 1136 2909 1192 Dei
2942 1136 3310 1211 intelligitur,
3343 1137 3519 1193 etiam
3567 1136 3713 1192 illud
3745 1136 3817 1192 de
3848 1135 4018 1192 Isaia

2344 1224 2629 1298 propheta
2687 1225 3036 1282 mirabiliter
3090 1230 3375 1283 consonat
3427 1230 3486 1282 et
3531 1226 3866 1291 concordat,
3901 1224 4013 1280 ubi

2344 1313 2714 1386 omnipotens
2745 1314 3105 1383 Deus,electi
3140 1314 3336 1388 populi
3372 1314 3443 1370 ab
3476 1319 3640 1371 utero
3662 1306 4006 1381 auxiliator,

2343 1408 2400 1459 et
2429 1420 2459 1459 e
2491 1402 2783 1459 contrario
2815 1404 3046 1476 reprobi
3079 1403 3278 1476 populi
3309 1403 3583 1460 similiter
3609 1407 3894 1476 tanquam
3929 1419 4006 1458 ex

2342 1497 2506 1549 utero
2518 1493 2973 1565 transgressoris
2986 1491 4013 1558 condemuatorostenditur,dicente

2340 1582 2544 1638 eodem
2569 1582 2922 1655 prophetain
2941 1582 3148 1654 primis
3166 1582 3237 1638 ad
3258 1581 3541 1655 populum
3559 1581 3803 1638 electum
3825 1598 3837 1637 :
3865 1586 4014 1639 Haec

2339 1671 2475 1727 dicit
2507 1673 2777 1728 Dominus
2813 1673 3023 1743 faciens
3078 1679 3132 1727 et
3174 1674 3422 1744 formans
3452 1680 3522 1738 te,
3552 1673 3622 1727 ab
3648 1678 3800 1727 utero
3829 1674 4011 1727 auxi-

2341 1761 2506 1817 liator
2533 1769 2661 1816 tuus
2687 1760 2814 1833 (lsa.
2846 1778 2997 1827 XLIV,
3030 1764 3107 1831 2).
3140 1760 3359 1817 Deinde
3402 1765 3535 1833 post
3564 1759 3763 1832 aliqua
3792 1760 3864 1816 ad
3896 1777 4009 1833 po-

2338 1849 2545 1922 pulum
2594 1850 2912 1922 rcprobum
2961 1867 3031 1905 ex
3072 1867 3323 1922 persona
3355 1850 3451 1905 Dei
3484 1850 3855 1923 subjungens
3880 1864 3902 1903 ξ
3938 1851 4011 1906 Et

2339 1947 2789 2010 transgressorem
2846 1956 2915 1995 ex
2969 1948 3155 1996 ventre
3214 1941 3401 1996 vocavi
3429 1946 3477 1995 te
3507 1939 3631 2012 (Isa.
3669 1955 3859 2007 vam,
3890 1941 3946 2011 8)
3986 1957 4002 1995 :

2338 2027 2740 2084 utcertissime
2761 2029 2915 2100 quod
2939 2029 2997 2083 in
3019 2027 3256 2085 illorum
3288 2028 3661 2102 geminorum
3691 2029 3883 2084 forma
3900 2030 4008 2085 de-

2340 2121 2731 2173 monstratum
2747 2117 3006 2175 declarat
3015 2117 3464 2191 Apostolus,hoc
3475 2117 3534 2173 in
3549 2117 3767 2190 duplici
3782 2134 4003 2191 genere

2339 2207 2667 2274 hominum,
2703 2207 3022 2263 electorum
3069 2207 3293 2264 scilicet
3322 2211 3380 2263 et
3409 2207 3811 2280 reproborum,
3847 2206 4005 2261 luci-

2338 2296 2581 2352 dissime
2610 2296 2929 2351 tenendum
2963 2300 3260 2368 appareat.
3289 2296 3441 2351 Dum
3471 2298 3528 2351 et
3548 2296 3645 2352 isti
3679 2295 3873 2351 divino
3897 2297 4004 2366 ju-

2338 2384 2487 2440 dicio
2519 2402 2588 2440 ex
2614 2388 2812 2440 ventre
2862 2389 3326 2457 transgressores
3376 2389 3709 2457 arguuntur
3740 2402 3753 2440 :
3786 2387 3843 2440 et
3872 2384 4001 2441 illis

2337 2473 2609 2529 similiter
2636 2473 2792 2529 Deus
2823 2490 2892 2530 ex
2923 2478 3088 2530 utero
3119 2473 3430 2530 auxiliator
3457 2474 3804 2539 ostenditur,
3839 2490 4001 2546 qua-

2334 2567 2508 2619 tenus
2538 2579 2609 2618 ex
2636 2562 2824 2618 eadem
2864 2579 3049 2619 massa
3097 2561 3461 2636 originaliter
3490 2567 3611 2618 tota
3638 2563 3903 2618 damnata
3932 2566 4002 2619 in

2334 2661 2487 2707 utero
2515 2661 2761 2708 materno
2807 2653 2945 2723 ﬁant
2999 2653 3116 2707 alia
3145 2669 3278 2707 vasa
3308 2654 3368 2707 in
3394 2651 3671 2718 honorem,
3702 2659 3752 2706 et
3780 2652 3899 2707 alia
3932 2655 3999 2708 in

2333 2743 2729 2798 contumeliam
2765 2742 2938 2811 (Rom.
2974 2759 3051 2807 IX,
3084 2743 3174 2809 2t,
3212 2743 3319 2809 15).
3356 2740 3639 2797 Similiter
3698 2741 3755 2795 in
3818 2742 4000 2798 tertio

2334 2830 2672 2887 testimonio
2704 2830 3064 2904 prophetico,
3100 2830 3254 2903 quod
3285 2829 3366 2886 ita
3397 2830 3621 2902 posuit:
3653 2830 3821 2902 Moysi
3838 2833 4001 2887 enim

2332 2920 2512 2977 dicit:
2574 2920 2865 2976 Miserebor
2916 2922 3011 2975 cui
3059 2920 3375 2988 miserebor,
3432 2928 3483 2975 et
3550 2920 4000 2976 misericordiam

568 3012 648 3068 ibi
681 3011 904 3068 dictum
945 3013 1054 3081 est,
1076 3011 1222 3080 Quia
1251 3010 1428 3083 major
1453 3012 1649 3066 serviet
1675 3011 1904 3076 minori,
1936 3008 2018 3065 ita
2046 3008 2223 3065 etiam
2328 3011 2602 3083 praestabo
2649 3012 2806 3083 cujus
2855 3010 3150 3065 miserebor
3177 3009 3369 3082 (Exod.
3398 3026 3598 3075 χχχιιι,
3632 3009 3720 3075 49)
3752 3025 3766 3062 :
3802 3010 3999 3066 mani-

566 3101 726 3158 istud
750 3100 906 3173 quod
928 3099 988 3154 in
1011 3098 1295 3171 propheta
1321 3103 1472 3155 Deus
1506 3097 1771 3172 loquitur
1796 3116 1809 3155 :
1832 3101 1996 3157 Jacob
2026 3099 2220 3167 dilexi,

565 3194 722 3249 Esau
750 3197 935 3245 autem
965 3188 1087 3245 odio
1117 3188 1308 3255 habui,
1325 3191 1641 3260 antequam
1661 3188 1783 3244 nati
1801 3190 2017 3257 essent,
2040 3191 2098 3243 et
2118 3205 2220 3244 an-

2334 3099 2479 3155 feste
2496 3099 2743 3155 verbum
2765 3097 3296 3171 praedestinationis
3315 3114 3433 3153 non
3453 3102 3642 3153 sonat.
3663 3098 3773 3153 Res
3790 3102 3999 3156 tamen

2332 3189 2415 3245 ita
2436 3188 2747 3245 manifesta
2776 3193 2885 3257 est,
2909 3192 2975 3243 ut
3003 3188 3074 3243 de
3103 3204 3172 3244 ea
3202 3186 3541 3244 nullatenus
3573 3186 3829 3243 dubitari
3852 3205 3996 3261 pos-

566 3285 803 3359 tequam
827 3276 1049 3350 aliquid
1069 3258 1562 3351 egissentbonum
1580 3282 1681 3333 aut
1695 3275 2221 3334 malum.Indivino
2255 3258 2297 3324 (ἶ
2331 3277 2426 3333 sit.
2460 3281 2604 3333 Cum
2635 3277 3006 3350 omnipotens
3060 3277 3212 3333 Deus
3262 3276 3540 3333 omnibus
3589 3258 3894 3348 aequaliter
3921 3294 3998 3333 ex

565 3368 768 3441 utique
792 3368 961 3439 juxto
984 3365 1210 3438 judicio
1235 3369 1555 3438 utrumque
1580 3365 1947 3438 praecessisse
1978 3363 2220 3438 accipia-

564 3463 681 3524 tur,
706 3457 764 3512 id
787 3460 876 3513 est
899 3460 957 3511 et
978 3454 1210 3510 dilectio
1241 3454 1339 3511 Dei
1377 3454 1435 3509 in
1467 3455 1670 3521 Jacob,
1705 3458 1762 3509 et
1794 3455 1994 3510 odium
2027 3455 2124 3510 Dei
2159 3454 2217 3509 in

567 3548 740 3603 Esau.
774 3546 844 3601 Et
873 3562 1008 3601 cum
1038 3544 1158 3599 haec
1193 3544 1329 3611 duo,
1358 3543 1416 3599 id
1461 3548 1550 3599 est
1592 3543 1651 3598 in
1683 3543 1931 3599 alterum
1962 3542 2217 3609 dilectio,

567 3640 625 3692 et
653 3634 713 3690 in
747 3633 996 3690 alterum
1036 3632 1234 3689 odium
1273 3633 1390 3699 Dei,
1425 3638 1480 3688 et
1512 3632 1876 3688 nativitatem
1908 3649 2130 3701 eorum,
2164 3636 2223 3688 et

568 3739 743 3781 omne
767 3722 1045 3779 meritum
1074 3721 1204 3777 vitae
1235 3738 1436 3777 eorum
1460 3722 1633 3793 juxta
1654 3738 1856 3777 verum
1875 3725 1931 3776 et
1951 3720 2223 3793 apostoli-

566 3830 703 3870 cum
724 3828 965 3869 sensum
991 3811 1412 3883 praecesserint,
1439 3827 1573 3867 cum
1602 3827 1706 3866 nec
1730 3810 1827 3866 isti
1851 3814 2089 3883 possent
2111 3810 2219 3865 im-

569 3901 761 3975 putari
783 3900 941 3957 mala
959 3899 1158 3971 aliqua
1178 3916 1304 3972 quae
1329 3900 1579 3956 necdum
1602 3900 1837 3969 fecerat,
1856 3916 1959 3955 nec
1973 3898 2222 3955 illibona

567 3990 787 4063 aliqua,
822 4006 952 4062 quae
1009 3986 1173 4044 nulla
1227 3992 1679 4061 perpetraverat,
1712 3988 1794 4047 ita
1851 3988 2219 4045 solummodo

559 4080 723 4153 juste
748 4080 902 4135 facta
931 4076 1361 4151 intelliguntur,
1395 4082 1462 4133 ut
1492 4078 1863 4150 omnipotens
1908 4078 2083 4145 Deus,
2120 4076 2220 4150 qui

565 4167 918 4226 aaternaliter
936 4167 1051 4224 ista
1072 4167 1132 4222 in
1155 4184 1261 4223 suo
1276 4167 1520 4239 judicio,
1538 4171 1594 4223 et
1615 4168 1687 4223 de
1713 4166 1890 4224 unius
1918 4167 2218 4236 electione,

565 4263 623 4315 et
637 4259 707 4314 de
738 4257 981 4314 alterius
1014 4255 1417 4328 reprobatione
1447 4260 1753 4326 statuerat,
1778 4274 1844 4312 ac
1865 4257 2222 4328 przedeﬁnie-

565 4352 675 4415 rat,
698 4346 1043 4420 originalem
1068 4345 1126 4401 in
1148 4346 1232 4402 eis
1258 4350 1483 4403 reatum
1504 4363 1572 4402 ex
1593 4345 2064 4419 praevaricatione
2084 4346 2217 4401 Adae

564 4437 916 4504 venientem,
953 4436 1045 4492 cui
1080 4436 1285 4509 utique
1315 4437 1488 4492 ambo
1530 4436 1832 4509 aequaliter
1869 4436 2221 4493 tenebantur

565 4524 822 4592 obnoxii,
854 4524 1121 4582 futurum
1155 4525 1497 4598 praeviderit,
1530 4543 1716 4581 unum
1762 4525 2220 4583 misericorditer

2329 3367 2522 3440 prima
2540 3366 2641 3422 illa
2656 3365 3125 3439 transgressione
3155 3366 3474 3436 damnatis,
3496 3383 3612 3421 non
3631 3365 3833 3437 utique
3848 3365 3996 3424 ullis

2328 3456 2793 3529 praecedentibus
2850 3455 3020 3511 bonis
3079 3455 3325 3521 meritis,
3354 3455 3454 3511 sed
3497 3454 3621 3511 sola
3657 3453 3847 3527 gratia
3878 3473 3996 3512 sua

2328 3545 2680 3601 misereatur
2733 3542 2827 3600 cui
2885 3545 3218 3611 miseretur,
3253 3548 3310 3600 et
3355 3543 3689 3600 misericors
3734 3543 3857 3612 ﬁat,
3893 3546 3998 3600 cui

2329 3634 2795 3690 misericordiam
2835 3633 3210 3706 praestiterit;
3244 3634 3553 3690 manifeste
3580 3633 3825 3701 (ueteris,
3858 3635 4002 3706 qui-

2328 3724 2442 3780 bus
2462 3723 2613 3779 banc
2642 3723 2891 3796 gratiam
2924 3724 3186 3779 conferre
3216 3722 3487 3788 noluerit,
3505 3724 3669 3795 justo
3693 3727 3752 3779 et
3771 3728 3998 3781 aeterno

2329 3830 2436 3870 suo
2458 3812 2684 3884 judicio
2715 3813 2848 3869 odio
2879 3812 3095 3869 habitis
3126 3817 3301 3885 atque
3330 3811 3644 3869 damnatis.

2400 3901 2663 3959 Posthaac
2684 3904 2960 3975 quartum
2979 3901 3383 3958 testimonium
3408 3900 3811 3973 propheticum
3831 3900 4005 3960 sicut

2327 3996 2383 4049 et
2412 3992 2654 4048 tertium
2686 3990 2758 4046 de
2789 3990 2980 4046 Exodo
3012 3990 3228 4064 posuit,
3264 3990 3349 4046 ita
3390 3990 3758 4063 subjungens
3791 4007 3805 4044 :
3843 3993 4006 4050 Dicit

2325 4083 2476 4137 enim
2503 4082 2788 4153 Scriptura
2820 4080 3134 4136 Pharaoni:
3162 4080 3304 4149 Quia
3325 4082 3385 4136 in
3414 4081 3512 4136 hoc
3542 4081 3724 4152 ipsum
3748 4082 4006 4138 excitavi

2328 4178 2398 4238 te,
2432 4178 2494 4225 ut
2522 4169 2801 4226 ostendam
2832 4171 2891 4224 in
2921 4174 2976 4225 te
3018 4171 3272 4226 virtutem
3314 4185 3514 4235 meam,
3546 4177 3597 4225 et
3627 4168 4006 4227 annuntietur

2325 4275 2523 4315 nomen
2573 4275 2758 4315 meum
2807 4260 2867 4314 in
2897 4260 3159 4315 universa
3210 4267 3358 4315 terra
3389 4259 3561 4331 (Rom.
3594 4275 3670 4324 1x,
3707 4257 3814 4331 17).
3849 4258 3995 4328 Ubi,

2326 4347 2463 4405 licet
2491 4365 2704 4405 nomen
2737 4348 3268 4422 praedestinationis
3315 4364 3585 4421 expresse
3629 4364 3745 4405 non
3794 4355 3996 4419 sonet,

2323 4442 2524 4495 tamen
2548 4438 2677 4511 ipsa
2692 4438 3127 4511 praedestinatio
3156 4437 3446 4493 malorum
3480 4437 3686 4493 merito
3714 4435 4002 4510 iniquita-

2326 4526 2402 4584 tis
2415 4544 2535 4583 suze
2549 4528 2620 4583 ad
2634 4526 2939 4582 interitum
2961 4526 3539 4599 sempiternum,tam
3566 4530 3764 4599 aperte
3784 4530 3994 4584 osten-

566 4613 862 4687 diligendo
884 4612 2221 4687 liberaret,a1terumjusteodiendoreprobaret
2246 4633 2296 4701 Β
2326 4617 2505 4684 ditur,
2535 4619 2601 4671 ut
2632 4615 2733 4688 qui
2766 4616 2889 4670 haec
2920 4615 3172 4672 ﬁdeliter
3201 4614 3386 4679 audit,
3417 4619 3473 4671 et
3500 4614 3798 4689 intelligit,
3818 4616 3891 4672 de
3913 4633 3994 4675 ea

566 4707 742 4776 atque
773 4703 1100 4759 damnaret.
1121 4705 1418 4769 Quatenus
1440 4719 1510 4759 ex
1530 4703 1640 4760 hoc
1663 4703 1911 4760 fideliter
1930 4702 2220 4776 intelliga-

566 4809 702 4850 mus
731 4792 1168 4863 profundiorem
1200 4796 1257 4848 et
1287 4792 1664 4850 occultiorem
1695 4791 1876 4848 divini
1900 4792 2109 4865 judicii
2140 4793 2223 4849 di-

566 4881 1043 4955 spositionem,et
1056 4880 1219 4937 illam
1250 4880 1581 4954 generalem
1616 4881 1676 4936 in
1704 4882 1890 4938 Adam
1920 4882 2100 4937 totius
2118 4882 2222 4938 hu-

566 4970 725 5027 mani
758 4970 991 5044 generis
1036 4969 1471 5027 damnationem
1504 4970 1874 5026 illuminante
1905 4988 2011 5027 nos
2042 4987 2219 5027 sensu

566 5059 884 5132 apostolico
917 5058 1093 5116 altius
1124 5059 1577 5133 perspiciamus:
1602 5077 1672 5116 ex
1697 5077 1814 5132 qua
1843 5060 2218 5134 omnipotens

566 5149 743 5217 Deus,
773 5153 830 5204 et
876 5147 1319 5222 quos-voluerit
1366 5147 1490 5204 sola
1540 5165 1649 5204 sua
1681 5149 1870 5222 gratia
1897 5149 2127 5219 liberat,
2164 5154 2221 5206 et

567 5254 715 5310 quos
743 5237 997 5295 noluerit
1024 5241 1240 5295 aeterna
1278 5255 1387 5294 sua
1427 5236 1698 5310 aequitate
1744 5239 2112 5295 condemnat.
2145 5242 2216 5297 Et

565 5326 702 5384 licet
722 5327 781 5383 in
801 5327 913 5385 hoc
933 5328 1270 5401 prophetico
1290 5326 1648 5396 testimonio,
1671 5329 1827 5400 quod
1850 5329 2003 5385 Deus
2026 5329 2167 5386 dicit
2198 5347 2211 5386 :

563 5417 727 5474 Iacob
755 5417 949 5486 dilexi,
982 5419 1127 5473 Esau
1156 5426 1339 5474 autem
1367 5417 1489 5474 odio
1517 5418 1707 5485 habui,
1732 5434 1847 5475 non
1883 5422 2051 5475 sonet
2088 5437 2215 5476 ver-

565 5508 709 5564 bum
740 5506 1304 5579 prtedestinationis;
1332 5506 1464 5579 ipsa
1517 5511 1713 5563 tamen
1762 5506 1845 5563 rei
1892 5508 2106 5565 veritas
2134 5508 2217 5566 ita

567 5598 863 5655 evidenter
891 5601 1151 5670 apparet,
1184 5595 1243 5652 in
1275 5596 1583 5670 utriusque
1615 5597 1800 5670 partis
1848 5595 2212 5670 electionem,

566 5684 656 5751 vel
678 5686 1165 5765 reprobationem,
1188 5691 1254 5747 ut
1275 5685 1421 5747 nihil
1441 5686 1649 5747 fortius
1671 5690 1726 5746 et
1747 5687 2081 5765 expressius
2102 5688 2216 5749 dici

2327 4706 2597 4763 dubitare
2628 4722 2744 4761 non
2776 4704 2965 4778 possit
2990 4722 3005 4761 :
3040 4706 3184 4760 dum
3216 4703 3315 4761 ille
3344 4703 3585 4778 impius,
3610 4709 3668 4760 et
3696 4705 3905 4771 durus,
3930 4712 4000 4764 et

2328 4794 2709 4852 indomabilis
2739 4811 2839 4851 rex
2859 4794 3279 4867 Egyptiorum,
3294 4794 3489 4851 divino
3502 4794 3749 4867 judicio,
3773 4794 3897 4851 sive
3917 4812 4001 4853 ex

2329 4902 2530 4942 massa
2570 4886 2859 4941 damnata:
2905 4884 3172 4957 originis,
3207 4884 3328 4941 sive
3359 4885 3431 4940 ad
3460 4886 3807 4957 potestatem
3837 4887 3998 4960 regii

2328 4974 2588 5043 honoris,
2613 4974 2673 5030 in
2697 4974 2806 5030 hoc
2825 4974 3238 5030 tantummodo
3261 4974 3546 5031 excitatus
3567 4977 3675 5044 est,
3696 4976 3764 5030 ut
3783 4974 3887 5047 qui
3918 4993 3998 5033 ex

2328 5064 2661 5137 semetipso,
2696 5066 2753 5119 et
2808 5063 2869 5118 in
2921 5063 3237 5136 semetipso
3295 5064 3510 5136 dignus
3564 5066 3689 5120 erat
3742 5064 3995 5122 interitu

2328 5158 2563 5225 aeterno,
2598 5155 2927 5226 apponente
2986 5152 3102 5209 Deo
3157 5153 3248 5219 [aL
3282 5152 3370 5226 eo]
3401 5152 3775 5225 iniquitatem
3808 5167 3997 5227 super

2325 5242 2697 5315 iniquitatem
2720 5243 3113 5315 ejus,augeret
3134 5244 3537 5314 contemptum
3558 5242 3618 5298 in
3639 5242 3991 5313 Dominum,

2326 5350 2440 5405 quo
2460 5332 2644 5388 tantis
2668 5348 2733 5387 ac
2756 5330 2973 5387 talibus
3003 5330 3195 5405 plagis
3226 5331 3559 5388 admirabili
3591 5330 3851 5405 potentia
3883 5332 3992 5390 Dei

2326 5426 2649 5478 mereretur
2678 5419 2982 5495 ﬂagellari,
3008 5424 3066 5476 et
3086 5421 3159 5476 ad
3182 5420 3457 5478 ultimum
3489 5438 3625 5478 cum
3643 5421 3802 5478 omni
3822 5422 3993 5478 simi-

2325 5511 2459 5567 liter
2486 5511 2667 5584 impio
2698 5510 2915 5584 populo
2947 5526 3054 5566 suo
3083 5513 3299 5566 veterna
3328 5510 3759 5581 submersione,
3778 5515 3838 5568 et
3860 5528 3994 5585 per-

2326 5599 2545 5657 ditione
2576 5599 2754 5657 deleri
2781 5617 2796 5669 ;
2830 5604 2897 5656 ut
2925 5603 2983 5656 et
3006 5598 3091 5654 illi
3115 5599 3452 5672 justissima
3481 5602 3805 5675 reciperent
3821 5600 3991 5674 quod

2325 5691 2739 5765 merebantur;
2772 5692 2830 5750 et
2857 5688 3232 5767 omnipotens
3261 5689 3363 5751 Dei
3395 5690 3605 5767 virtus,
3635 5691 3756 5753 sive
3783 5690 3844 5751 in
3876 5690 3989 5757 ﬂa-
