4100 6440
128 365 266 426 169

1123 369 1359 432 LIBER
1401 368 1817 431 ADVERSUS
1860 368 2231 430 JOANNEM
2271 368 2614 433 SCO’I‘UM.

3461 374 3579 433 170

130 499 318 571 gello,
339 499 461 555 sive
485 499 541 555 in
569 501 1109 573 perditionccorum
1136 502 1613 576 magniﬁcentius
1636 500 1822 555 omni-
1850 503 1901 569 Α
1935 503 2056 569 (lar.
2085 519 2240 571 xvm,
2263 505 2297 557 2
2321 506 2489 574 scq.).
2520 504 2781 574 (Eumque
2834 501 3135 575 ingressus
3185 503 3395 559 fuisset
3444 522 3579 576 pro-

130 592 255 646 bus
284 589 707 657 innotesceret,
731 595 789 646 et
812 607 881 646 ex
902 591 1080 647 unius
1105 609 1275 665 pcena
1305 592 1504 663 plures
1531 591 1599 646 ad
1625 588 1820 663 cogni-

126 679 369 735 tionem
401 679 504 736 Dei
536 683 593 735 et
624 678 880 736 salutem
912 698 1083 737 suam
1117 681 1482 755 proﬁcerent.

1928 591 2124 664 pheta,
2165 608 2296 647 ecce
2344 591 2564 664 ﬁgulus
2615 591 2861 647 faciebat
2891 608 3041 664 Opus
3069 609 3098 648 e
3129 590 3252 648 luto
3304 593 3579 650 manibus

1929 680 2075 746 suis,
2098 686 2156 736 et
2187 680 2379 736 subito
2411 680 2763 752 dissipatum
2802 684 2889 736 est
2916 697 3065 753 opus
3094 682 3251 752 quod
3282 681 3530 737 faciebat
3561 697 3575 737 :

204 769 383 825 Sicut
412 769 487 826 de
519 769 728 825 hac-re
766 769 975 825 beatus
1002 768 1351 826 Ambrosius
1382 767 1818 825 evidentissima
1927 770 2128 825 statim
2186 786 2501 826 conversus
2558 769 2693 824 fecit
2750 769 2895 827 illud
2950 788 3052 825 vas
3110 770 3379 838 alterum,
3425 771 3581 827 sicut

121 862 429 925 tractans,
464 858 549 913 ita
591 857 734 913 dicit
767 875 780 913 :
814 858 1039 927 [Justus
1071 859 1356 914 Dominus
1408 858 1466 913 in
1518 857 1813 930 periculis,

117 949 341 1019 justus
364 946 426 1003 in
446 946 920 1019 damnis,justus
943 948 1002 1003 in
1021 947 1345 1004 ultionibus
1362 953 1469 1015 est,
1486 963 1600 1001 non
1624 945 1813 1002 solum

124 1037 280 1111 quia
308 1036 731 1110 unusquisque
747 1038 906 1109 juste
929 1036 1113 1110 eulpae
1135 1055 1253 1093 sua:
1277 1037 1531 1109 pretium
1557 1034 1702 1091 luit:
1727 1052 1818 1091 ve-

125 1144 269 1183 rum
306 1126 697 1199 etiam,quia,
715 1128 856 1181 dum
889 1144 1045 1182 unus
1074 1126 1337 1199 punitur,
1362 1125 1600 1200 plurimi
1633 1124 1810 1181 corri-

123 1219 388 1288 guntur.
424 1214 684 1271 Ananias
725 1214 787 1270 in
834 1215 1076 1271 Actibus
1107 1214 1507 1289 apostolorum
1560 1212 1813 1269 fraudati

122 1305 335 1379 pretii,
362 1304 524 1378 quod
572 1305 643 1360 de
684 1304 810 1377 agri
840 1303 1171 1361 venditione
1200 1306 1554 1377 perceperat,
1588 1303 1809 1358 crimen

121 1394 405 1461 admisit,
433 1393 538 1466 qui
572 1397 843 1467 potuerat
892 1392 1038 1450 nihil
1094 1394 1319 1459 offerre,
1343 1397 1399 1449 et
1428 1393 1648 1448 crimen
1679 1408 1807 1448 eva-

123 1482 532 1538 ders.Verum
554 1497 626 1537 ne
646 1480 780 1555 quis
812 1481 1055 1554 impune
1078 1480 1648 1537 circumscribendos
1670 1496 1809 1554 apo-

123 1570 322 1627 stolos
374 1569 787 1642 arbitraretur,
812 1574 914 1625 aut
966 1569 1379 1626 misericordiae
1428 1588 1545 1626 suae
1591 1583 1808 1625 munus

125 1659 769 1717 fraudecontaminare
788 1660 1066 1732 perﬁdiae,
1085 1660 1258 1715 morti
1270 1659 1540 1715 addictus
1557 1663 1806 1731 ueterum,

126 1751 455 1807 universos
478 1749 553 1804 ad
580 1748 709 1804 lidei
741 1748 1003 1804 studium
1031 1750 1194 1820 justo
1220 1753 1434 1804 terrore
1457 1750 1806 1821 composuit.

126 1841 367 1896 Pharao
390 1855 529 1894 cum
560 1837 774 1910 populo
796 1855 902 1892 suo
925 1838 1204 1894 ﬂuctibus
1230 1856 1459 1894 mersus
1494 1840 1805 1895 mundana:
1837 1874 1886 1942 B

123 1927 607 1985 conversationis
629 1926 962 2000 exemplum
991 1931 1100 1994 est,
1125 1944 1196 1983 ne
1228 1927 1362 1999 quis
1392 1927 1493 1983 Dei
1526 1928 1808 2001 populum

124 2024 554 2096 persequatur.
576 2015 840 2089 Denique
860 2015 1048 2088 potuit
1068 2017 1221 2072 Deus
1239 2033 1371 2073 eum
1389 2016 1670 2073 voluntati
1692 2036 1810 2075 suae

122 2110 328 2165 facere
346 2106 855 2173 obedientem,sed
876 2106 1004 2177 ejus
1022 2122 1192 2178 poena
1207 2123 1410 2163 omnes
1422 2106 1604 2163 voluit
1620 2123 1814 2165 emen-

119 2198 279 2255 dari.
307 2197 569 2269 Ideoque
591 2194 735 2250 dicit
756 2193 830 2253 ad
855 2210 990 2250 eum
1013 2193 1329 2251 Dominus:
1351 2197 1498 2266 Quia
1518 2195 1588 2251 ad
1607 2197 1706 2252 hoc
1726 2199 1810 2269 ip-

118 2306 248 2345 sum
269 2295 326 2343 te
344 2285 636 2352 suscitavi,
653 2291 714 2339 ut
732 2282 1010 2339 ostendam
1028 2286 1088 2338 in
1102 2292 1153 2339 te
1168 2287 1424 2341 virtutem
1440 2294 1696 2355 meam,et
1715 2305 1814 2341 an-

122 2378 431 2433 nuntietur
449 2390 648 2430 nomen
670 2390 855 2429 meum
877 2374 934 2428 in
953 2374 1213 2430 universa
1235 2381 1384 2429 terra
1405 2376 1577 2445 (Rom.
1602 2393 1676 2444 IX,
1696 2376 1805 2443 l7).

125 2468 257 2525 Non
284 2465 501 2537 utique
523 2462 813 2518 Dominus
835 2480 953 2517 sua:
984 2462 1197 2532 laudis,
1223 2464 1323 2518 sed
1349 2468 1563 2519 nostra:
1584 2480 1808 2520 correc-

123 2557 312 2613 tionis
330 2555 705 2610 incrementa
719 2551 1059 2624 querebat]
1081 2552 1209 2608 Haec
1222 2552 1426 2608 beatus
1440 2553 1806 2611 Ambrosius.

192 2641 530 2719 Apostolus
544 2657 679 2697 vero
697 2640 1019 2715 praemissis
1037 2642 1269 2697 duobus
1289 2641 1806 2715 testimoniis,quo-

128 2752 267 2790 rum
294 2750 489 2789 unum
512 2731 583 2786 ad
608 2730 1239 2803 misericordiam,quae
1263 2730 1458 2785 electis
1481 2732 1804 2788 confertur:

127 2824 390 2880 alterum
419 2822 492 2876 ad
510 2819 999 2892 judicium,quod
1022 2819 1282 2892 reprobis
1304 2819 1617 2893 irrogatur,
1637 2822 1809 2893 perli-

126 2918 248 2981 net;
277 2919 335 2968 et
358 2910 526 2967 velut
553 2913 873 2981 utrumque
894 2907 1333 2974 eoncludens,et
1359 2913 1675 2982 utrumque
1697 2910 1806 2966 cle-

129 3000 318 3057 menti
340 3006 404 3056 et
418 3001 587 3072 justa
613 2997 913 3053 voluntate
934 2998 1035 3053 Dei
1061 2998 1181 3053 ﬁeri
1204 2998 1441 3064 docens,
1466 3000 1802 3072 subjungit:

125 3094 273 3159 Ergo
293 3091 460 3163 cujus
482 3088 603 3144 vult
622 3090 937 3153 miseretur,
959 3097 1009 3143 et
1040 3104 1196 3160 quem
1228 3088 1342 3143 vult
1373 3089 1597 3144 indurat
1622 3090 1803 3163 (Ibid,

1927 857 2227 931 placuerat
2256 859 2316 914 in
2349 858 2535 914 oculis
2565 860 2713 930 ejus.
2749 861 2913 914 Tunc
2944 860 3229 933 propheta
3253 862 3461 932 jussus
3492 862 3582 917 est

1925 948 2007 1003 ire
2029 952 2085 1002 et
2107 947 2360 1003 clamare
2385 949 2456 1003 ad
2481 948 2764 1020 populum
2788 965 2855 1004 ex
2879 965 3131 1021 persona
3153 950 3251 1005 Dei
3276 966 3287 1005 :
3316 949 3579 1021 Nunquid

1922 1037 2065 1091 sicut
2086 1038 2291 1107 ﬁgulus
2322 1038 2417 1093 iste
2438 1052 2549 1091 non
2564 1045 2749 1108 potero
2768 1039 2947 1109 facere
2969 1039 3134 1105 vobis,
3159 1038 3348 1095 domus
3368 1039 3539 1094 Israel
3555 1041 3582 1092 .9

1922 1126 2013 1181 Ait
2038 1128 2303 1182 Dominus
2327 1145 2343 1181 :
2364 1127 2496 1181 Ecce
2521 1128 2661 1181 sicut
2692 1127 2865 1181 lutum
2891 1128 2950 1182 in
2976 1143 3149 1182 manu
3176 1129 3357 1198 ﬁguli,
3377 1130 3458 1183 sic
3488 1143 3577 1185 vos

1923 1216 1983 1270 in
2014 1232 2185 1270 manu
2206 1232 2346 1283 mea,
2371 1219 2479 1270 etc.
2506 1215 2690 1282 (Ibid,
2710 1215 2786 1287 7).
2810 1217 2936 1282 Qua
2962 1213 3207 1272 lectione
3236 1215 3578 1288 prophetica

1921 1304 2226 1359 manifeste
2247 1304 2400 1360 Deus
2423 1304 2679 1359 ostendit
2698 1308 2753 1359 et
2779 1320 2841 1360 se
2871 1321 2998 1361 esse
3030 1305 3299 1378 ﬁgulum,
3325 1310 3383 1361 et
3402 1322 3576 1361 omne

1920 1391 2247 1448 humanum
2307 1410 2452 1465 gens
2494 1393 2552 1447 in
2604 1410 2784 1449 manu
2844 1393 3031 1466 ipsius
3062 1394 3231 1466 quasi
3288 1393 3480 1450 lutum
3511 1394 3574 1451 in

1920 1498 2099 1537 manu
2132 1481 2316 1554 ﬁguli,
2343 1487 2407 1537 ut
2438 1499 2505 1538 ex
2537 1499 2602 1538 co
2634 1480 2808 1538 faciat
2834 1499 2974 1539 vasa
3003 1482 3249 1548 diversa,
3274 1483 3426 1539 sicut
3456 1484 3577 1557 pla-

1918 1569 2101 1627 cuerit
2121 1571 2179 1626 in
2203 1570 2388 1627 oculis
2412 1572 2541 1642 ejus
2566 1588 2578 1626 :
2603 1588 2672 1627 ex
2704 1589 2821 1627 una
2841 1572 3107 1627 videlicet
3138 1589 3351 1641 massa,
3376 1579 3433 1629 et
3454 1578 3575 1630 tota

1919 1660 1977 1715 in
2004 1660 2188 1715 Adam
2214 1658 2514 1732 aequaliter
2532 1660 3105 1728 damnata,efﬁciens
3128 1678 3268 1717 vasa
3287 1678 3392 1718 suo
3416 1662 3575 1733 judi-

1917 1750 2004 1804 cio
2036 1748 2314 1805 distincta
2344 1752 2520 1821 atque
2557 1750 2809 1814 diversa,
2833 1750 2975 1805 dum
3014 1750 3173 1805 aliud
3206 1768 3274 1805 ex
3304 1751 3388 1807 cis
3420 1752 3485 1806 ﬁt
3513 1750 3573 1806 in

1918 1838 2223 1907 honorem,
2247 1839 2408 1894 aliud
2433 1856 2563 1894 vero
2588 1838 2645 1893 in
2669 1839 3088 1895 contumeliam
3113 1856 3126 1894 :
3154 1844 3210 1895 et
3232 1838 3375 1897 illud
3398 1839 3573 1897 etiam

1920 1945 2022 1983 vas
2044 1928 2198 2000 quod
2222 1944 2329 1984 suo
2353 1927 2653 1995 merito,et
2674 1927 2868 1984 divino
2893 1927 3118 1999 judicio
3143 1930 3385 2002 ﬁngitur
3403 1929 3462 1986 in
3485 1930 3574 1986 in-

1920 2017 2184 2085 teritum,
2213 2017 2261 2071 si
2285 2017 2480 2072 subito
2511 2033 2613 2088 per
2643 2017 3046 2089 paenitentiam
3078 2017 3242 2091 ﬁguli
3275 2019 3427 2075 inter
3445 2037 3574 2076 ma-

1923 2123 2034 2161 nus
2056 2105 2394 2177 dissipetur,
2415 2107 2614 2176 utjam
2642 2123 2754 2160 non
2779 2106 2851 2161 sit
2875 2110 3141 2177 aptatum
3165 2107 3224 2163 in
3246 2106 3571 2176 interitum,

1919 2195 2194 2251 continuo
2213 2211 2315 2267 per
2331 2193 2676 2266 sapientiam
2696 2200 2751 2249 et
2769 2195 3091 2251 bonitatem
3109 2195 3273 2269 ﬁguli
3291 2197 3579 2256 formatur

1921 2289 1978 2339 et
2007 2285 2258 2339 efﬁcitur
2286 2301 2387 2339 vas
2418 2283 2689 2347 alterum,
2724 2287 2791 2338 ut
2827 2283 2876 2339 si
2914 2283 3217 2353 honorem,
3253 2289 3318 2341 ut
3348 2286 3576 2358 placeat

1919 2373 2105 2429 oculis
2126 2372 2472 2429 conditoris:
2495 2377 2739 2444 tumque
2761 2372 2817 2427 in
2836 2373 3113 2429 omnibus
3134 2373 3228 2430 his
3244 2375 3434 2431 verbis
3456 2393 3571 2433 non

1918 2463 2251 2519 inveniatur
2280 2462 2511 2534 proprie
2541 2478 2815 2534 expressa
2854 2463 3310 2533 prmdestinatio,
3335 2463 3464 2537 ipsa
3493 2469 3575 2521 ta-

1919 2568 2051 2607 men
2087 2550 2612 2623 prtedestinationis
2636 2550 2823 2606 virtus
2854 2556 2909 2605 et
2930 2551 3142 2608 veritas
3171 2552 3230 2606 in
3264 2556 3574 2626 utramque

1918 2646 2167 2712 partem,
2192 2645 2248 2694 et
2294 2640 2610 2694 electorum
2655 2640 2920 2695 videlicet
2967 2645 3025 2695 et
3080 2642 3483 2713 reproborum,
3517 2647 3575 2697 et

1915 2746 2189 2785 vasorum
2223 2728 2278 2782 in
2316 2729 2617 2797 honorem,
2647 2734 2703 2784 et
2735 2746 3006 2784 vasorum
3034 2729 3098 2784 in
3131 2730 3569 2800 contumeliam,

1916 2824 2081 2874 tanta
2102 2820 2228 2874 luce
2252 2818 2684 2883 manifestatur,
2710 2822 2872 2873 tanta
2894 2818 3242 2876 discretione
3264 2820 3573 2893 distingui-

1915 2912 2031 2975 tur,
2055 2912 2111 2963 et
2141 2907 2285 2962 nihil
2318 2907 2557 2972 certius,
2584 2905 2667 2961 vel
2695 2907 3065 2963 manifestius
3086 2908 3330 2965 inveniri
3364 2910 3569 2982 possit.

1914 3001 2050 3064 Quae
2082 2998 2281 3053 omnia
2309 2996 2525 3051 idcirco
2556 3001 2677 3052 tam
2710 2996 2979 3066 sollicita,
3004 3003 3060 3053 et
3088 2998 3350 3071 diligenti
3374 2999 3569 3055 consi-

1914 3086 2211 3142 deratione
2242 3085 2572 3157 legentibus
2599 3087 2977 3158 proponenda
3001 3087 3488 3158 existimavimus,
3508 3093 3573 3145 ut

130 3182 242 3248 18).
266 3179 498 3236 Deinde
532 3177 814 3232 adversus
860 3175 1163 3231 audaciam
1199 3181 1255 3230 et
1286 3176 1802 3248 praesumptionem
1844 3242 1876 3248 ῳ
1907 3178 2078 3248 juxta
2121 3176 2270 3231 hanc
2309 3176 2558 3231 formam
2608 3192 2819 3231 sensus
2866 3176 3170 3248 apostolici
3202 3178 3260 3232 in
3293 3178 3571 3234 omnibus

129 3242 586 3339 hominum,qui
607 3282 722 3321 non
741 3269 1223 3337 recognoscentes
1239 3242 1613 3338 fragilitatem
1633 3283 1802 3322 suam
1832 3242 1878 3317 (ἶ
1908 3242 2232 3338 ἒθιιίρῐυιιίε
2278 3264 2636 3337 propheticis
2683 3282 2798 3321 non
2847 3242 3100 3321 multum
3133 3265 3469 3324 laboremus
3500 3269 3570 3324 de

131 3375 236 3414 nec
255 3356 508 3431 propria
521 3355 734 3411 merita
745 3354 1249 3425 attendentes,divi
1259 3372 1333 3410 na
1351 3356 1548 3428 potius
1557 3355 1802 3427 judicia,

130 3466 259 3520 quae
274 3465 399 3504 non
411 3444 776 3517 intelligunt,
792 3444 1214 3515 reprehendere
1228 3462 1341 3500 non
1360 3444 1802 3517 pertimescunt,

130 3537 415 3610 proponit
436 3533 718 3608 quintum
736 3532 1139 3590 testimonium
1163 3550 1230 3588 ex
1247 3534 1399 3590 Isaia
1420 3534 1703 3607 propheta
1723 3535 1806 3595 ita

132 3627 337 3683 dicens
364 3643 379 3680 :
408 3625 450 3680 0
482 3625 662 3691 homo,
697 3631 758 3679 tu
787 3624 885 3697 qui
909 3639 984 3690 es,
1004 3625 1102 3695 qui
1130 3623 1451 3695 respondeas
1480 3625 1626 3681 Deo?
1653 3642 1804 3680 nun-

132 3716 263 3787 quid
290 3717 439 3771 dicit
464 3713 793 3786 ﬁgmentum
819 3714 875 3767 ei
902 3714 999 3783 qui
1024 3729 1079 3769 se
1105 3711 1280 3785 ﬁnxit
1303 3730 1315 3768 :
1341 3714 1491 3781 Quid
1515 3730 1602 3770 me
1627 3716 1807 3785 fecisti

130 3805 251 3861 sic?
280 3807 420 3874 (lsa.
455 3820 596 3871 xcv;
633 3802 781 3858 Rom.
807 3804 907 3870 Ix.)
930 3800 1038 3857 Ubi
1068 3805 1127 3857 et
1159 3802 1401 3858 verbum
1426 3803 1804 3875 praedestina-

132 3895 313 3950 tionis
332 3893 592 3949 minime
608 3894 811 3947 sonat:
832 3894 886 3946 et
908 3895 1104 3946 tamen
1124 3890 1254 3963 ipsa
1274 3891 1332 3945 in
1352 3896 1665 3965 utramque
1684 3912 1810 3967 par-

132 3989 248 4040 tem
282 3980 832 4057 prazdestinationis
865 3980 1100 4052 justitia
1134 3985 1255 4037 tam
1287 3980 1440 4036 clare
1471 3986 1528 4038 et
1558 3983 1809 4055 perfecte

132 4073 503 4139 defenditur,
518 4074 588 4126 ut
606 4069 848 4126 omnino
870 4068 1183 4142 compellat
1204 4069 1452 4127 ﬁdeliter
1473 4072 1809 4131 audientem

131 4161 447 4218 verissime
480 4174 857 4231 cognoscere,
873 4158 1013 4231 quia
1048 4157 1144 4213 ille
1183 4158 1554 4231 omnipotens
1576 4160 1811 4217 Creator

130 4268 306 4307 verus
325 4253 423 4307 est
449 4247 755 4322 ﬁgulus,et
769 4264 976 4304 omnes
996 4247 1268 4303 homines
1292 4249 1364 4304 de
1389 4247 1528 4307 limo
1549 4253 1713 4307 terrae
1736 4252 1809 4306 ab

132 4358 192 4398 es
204 4338 466 4405 conditi,
482 4338 614 4409 ejus
630 4337 977 4410 ﬁgmentum
995 4354 1007 4391 :
1025 4340 1083 4393 et
1097 4336 1223 4393 ideo
1233 4339 1258 4409 j
1268 4337 1573 4395 ustissima
1587 4341 1810 4398 ratione

132 4448 249 4487 non
274 4426 745 4503 possejudicare
769 4427 1115 4499 ﬁgmentum
1140 4427 1211 4483 de
1232 4426 1413 4500 figulo
1437 4445 1564 4499 suo,
1590 4431 1689 4486 sed
1714 4448 1816 4503 po.

130 4521 251 4576 tius
272 4516 534 4591 ﬁgulum
559 4517 632 4573 de
653 4516 935 4589 ﬁgmento
958 4533 1086 4589 suo,
1104 4515 1205 4588 qui
1229 4517 1390 4573 solus
1422 4518 1579 4573 novit
1599 4525 1811 4579 aeterno

1912 3356 2086 3412 verbo
2109 3352 2636 3426 praedestinationis
2658 3370 2790 3409 cum
2813 3354 3051 3410 omnino
3088 3354 3217 3427 ipsa
3234 3356 3448 3412 veritas
3481 3372 3570 3412 re-

1914 3462 2045 3500 rum
2065 3444 2136 3499 ad
2149 3441 2404 3498 divinam
2427 3442 2991 3512 praedestinationem
3007 3444 3428 3517 pertinentium
3447 3449 3570 3502 tam

1914 3534 2087 3602 clare,
2102 3537 2159 3589 et
2180 3530 2584 3603 multipliciter
2599 3531 2678 3586 ibi
2702 3536 3082 3605 proponatur,
3101 3538 3166 3589 ut
3182 3534 3275 3590 vix
3295 3538 3353 3591 et
3371 3534 3571 3591 omnia

1914 3624 2174 3680 invenire
2201 3621 2289 3677 vel
2320 3637 2525 3693 capere
2571 3620 2826 3678 sufﬁciat
2855 3622 3118 3679 humana
3149 3623 3454 3697 fragilitas.
3489 3625 3571 3681 De

1915 3714 2132 3787 quibus
2155 3710 2249 3768 hic
2266 3710 2484 3784 aliqua,
2498 3710 2744 3783 exempli
2767 3712 2977 3783 gratia,
2994 3713 3372 3787 subjungere,
3391 3714 3572 3770 maxi-

1916 3820 2030 3870 me,
2056 3819 2183 3875 quae
2215 3800 2483 3873 planiora
2528 3804 2584 3855 et
2630 3799 2991 3857 evidentiora
3046 3807 3186 3859 sunt
3241 3802 3570 3860 necessario

1917 3892 2281 3957 studuimus,
2303 3894 2366 3945 ut
2396 3906 2465 3944 ex
2494 3888 2587 3944 his
2607 3893 2664 3944 et
2689 3889 2948 3962 paciﬁce,
2969 3908 3034 3947 ac
3058 3890 3305 3948 ﬁdeliter
3326 3893 3572 3947 audien-

1915 3988 2026 4051 tes,
2052 3980 2282 4037 facilius
2304 3978 2713 4046 informantur,
2734 3983 2792 4034 et
2812 3979 3179 4049 contentiosi,
3196 3980 3243 4036 si
3264 3981 3571 4038 veritatem

1917 4071 2215 4143 suscipere
2244 4086 2360 4125 non
2391 4068 2711 4135 renuerint,
2745 4068 2918 4125 citius
2950 4069 3338 4144 corrigantur.

1989 4162 2104 4216 Nec
2117 4160 2189 4214 de
2205 4157 2307 4212 illa
2324 4173 2479 4213 nunc
2492 4156 2807 4213 electorum
2827 4158 3338 4230 prtedestinatione
3349 4160 3569 4232 aliquid

1920 4250 2344 4314 dicimus,cum
2365 4246 2434 4300 ad
2458 4262 2587 4301 eam
2610 4244 3074 4319 intelligendam,
3100 4265 3164 4302 ac
3186 4247 3436 4303 ﬁdeliter
3454 4265 3573 4304 cre-

1919 4341 2171 4396 dendam
2197 4340 2255 4393 et
2285 4334 2645 4408 plenisisime
2667 4335 2906 4391 omnino
2923 4335 3217 4392 sufﬁciant
3234 4337 3573 4409 prophetica

1918 4426 2276 4492 testimonia,
2294 4425 2367 4481 ab
2391 4422 2684 4496 Apostolo,
2706 4424 2858 4479 sicut
2879 4423 3267 4493 ostendimus,
3285 4426 3577 4484 lucidissi-

1922 4535 2015 4575 me
2037 4515 2281 4591 prolata.
2302 4514 2417 4569 Nec
2438 4513 2507 4567 de
2526 4530 2613 4580 ea,
2640 4512 2883 4568 Domino
2904 4512 3206 4586 largiente,
3232 4514 3443 4589 aliquis
3465 4533 3572 4572 no-

131 4607 391 4665 consilio
415 4623 526 4663 suo
548 4606 1017 4679 unumquodque
1040 4623 1143 4662 vas
1174 4610 1295 4661 tam
1319 4608 1517 4680 magni
1543 4608 1805 4681 ﬁgmenti
1837 4616 1885 4683 Ι)
1914 4615 2104 4669 strum
2130 4604 2384 4671 dubitet;
2409 4602 2508 4657 sed
2539 4604 2771 4656 tantum
2794 4602 2864 4657 de
2896 4600 2997 4657 illa
3019 4602 3167 4674 justi
3193 4603 3404 4675 judicii
3428 4622 3572 4677 prte-

132 4699 227 4755 sui
260 4697 524 4769 benigne
555 4694 826 4762 formare,
862 4699 919 4751 et
964 4696 1035 4751 ad
1069 4712 1216 4768 quos
1258 4714 1403 4752 usus
1443 4697 1495 4753 ei
1527 4697 1810 4771 placuerit

134 4786 345 4860 utique
368 4786 571 4857 justos
613 4788 671 4840 et
712 4782 941 4840 debitos
971 4783 1242 4840 ordinare
1271 4790 1448 4857 atque
1477 4786 1807 4859 disponere.

203 4878 382 4942 Quod
405 4878 474 4929 ut
493 4872 687 4929 adhuc
710 4872 970 4945 apertius
989 4872 1270 4939 insinuet,
1289 4874 1561 4948 adjungit
1581 4882 1809 4934 sextum

135 4962 560 5023 testimonium
599 4979 669 5018 ex
709 4962 966 5018 Jeremia
990 4961 1295 5035 propheta,
1320 4967 1376 5018 et
1414 4964 1553 5021 dicit
1580 4983 1592 5020 :
1617 4968 1811 5025 Annon

136 5056 299 5112 habet
326 5060 647 5126 potestatem
691 5052 896 5123 ﬁgulus
941 5053 1049 5108 luti
1072 5068 1142 5108 ex
1170 5052 1357 5108 eadem
1405 5071 1589 5112 massa
1634 5059 1813 5130 facere

139 5144 301 5201 aliud
331 5142 558 5215 quidem
583 5158 681 5198 vas
714 5142 770 5197 in
803 5142 1081 5209 honorem,
1106 5139 1271 5197 aliud
1298 5158 1423 5199 vero
1453 5145 1515 5199 in
1541 5155 1812 5205 contume-

141 5234 329 5291 liam?
354 5232 527 5305 (Rom.
557 5248 635 5298 1x,
656 5230 773 5302 2|.)
801 5228 887 5285 lbi
938 5246 1214 5302 namque,
1244 5230 1301 5285 id
1350 5235 1440 5287 est
1470 5232 1528 5288 in
1558 5234 1814 5293 Jeremia

139 5322 435 5397 propheta
465 5319 720 5393 legimus
751 5318 969 5376 dixisse
992 5318 1307 5374 Dominum
1333 5321 1405 5376 ad
1439 5338 1597 5392 eum,
1618 5312 1809 5398 Surge,

140 5409 405 5470 descende
454 5412 514 5468 in
560 5410 783 5469 domum
809 5409 988 5483 ﬁguli,
1011 5415 1064 5465 et
1108 5410 1192 5465 ibi
1232 5409 1420 5467 audies
1472 5415 1635 5469 verba
1690 5434 1814 5473 mea

1918 4694 2309 4758 destinatione
2333 4708 2453 4764 qua
2482 4690 2697 4764 impios
2722 4691 2793 4747 ad
2826 4691 3127 4748 interitum
3162 4694 3575 4766 praeordinavit

1918 4807 1985 4847 ac
1999 4780 2460 4862 praedestinavit;
2481 4781 2553 4837 de
2565 4781 3075 4852 quaintermultos
3088 4782 3276 4840 multa
3286 4783 3574 4840 haesitatio

1918 4883 2031 4947 est,
2043 4891 2231 4950 pauca
2246 4890 2313 4928 ex
2335 4870 2561 4937 multis,
2577 4874 2633 4926 et
2655 4870 2967 4927 manifesta
2989 4872 3323 4929 testimonia
3339 4872 3576 4944 replica-

1919 4984 2073 5024 mus.
2096 4963 2372 5037 Legimus
2395 4960 2592 5032 itaque
2616 4960 2674 5015 in
2698 4959 2848 5016 libro
2865 4961 3127 5028 Genesis,
3144 4963 3295 5034 quod
3315 4961 3577 5033 omnipo-

1919 5063 2049 5113 tens
2079 5060 2234 5111 Deus
2266 5050 2448 5107 totius
2477 5049 2723 5105 humani
2755 5050 2984 5123 generis
3014 5052 3316 5107 interitum
3348 5051 3576 5121 (prater

1920 5163 2019 5204 eos
2041 5145 2141 5217 qui
2165 5138 2568 5198 misericordia
2598 5139 2786 5213 ipsius
2815 5139 2872 5194 in
2908 5156 3043 5195 arca
3072 5144 3237 5195 erant
3262 5138 3571 5211 salvandi),

1921 5237 2155 5310 propter
2187 5229 2401 5287 nimias
2425 5228 2766 5301 iniquitates
2786 5233 2842 5283 et
2863 5228 3194 5300 impietates
3214 5228 3576 5301 ipsorum,ut

1921 5320 2271 5399 generaliter
2295 5323 2352 5375 et
2372 5317 2432 5374 in
2465 5316 2736 5391 praesenti
2769 5316 3043 5389 perirent,
3068 5334 3239 5389 poena
3259 5317 3461 5375 diluvii
3481 5319 3577 5376 de-

1921 5413 2075 5481 lecti,
2091 5415 2149 5468 et
2168 5411 2228 5466 in
2253 5409 2447 5465 futuro
2467 5407 2542 5481 (a)
2559 5415 2772 5462 aeterna
2792 5406 3165 5463 damnatione
3190 5407 3383 5480 puniti
3402 5408 3577 5482 longe

1147 5517 1363 5573 NOT/E
1401 5518 1741 5580 DUVALLII
1780 5520 2134 5582 DOCTORIS
2176 5514 2579 5576 SORBONICI.

210 5609 533 5694 (a).Gravis
590 5612 707 5694 est.
732 5606 1060 5694 quaestione
1089 5604 1293 5694 paucis
1354 5608 1661 5694 exagitata
1685 5618 1743 5670 et
1786 5631 1821 5672 a
1930 5612 1952 5669 Ι
1984 5607 2135 5667 Petri
2154 5622 2265 5694 ut:
2301 5605 2565 5694 (f’hristus.
2588 5603 2753 5694 semel
2780 5619 2881 5694 prq
2905 5605 3141 5694 peccatis
3186 5607 3388 5694 nostris
3432 5622 3579 5694 mor.-

141 5680 529 5760 paueioribus
561 5680 773 5739 soluta'.
797 5680 1117 5755 Negantem
1150 5683 1378 5754 partem
1410 5680 1619 5743 suadet
1648 5684 1814 5746 locus

471 5810 745 5879 PATROL.
789 5808 954 5875 XIX.

1928 5692 2055 5746 tuus
2085 5687 2185 5753 est,
2207 5679 2396 5756 justus
2409 5691 2511 5753 pro
2543 5674 2796 5750 iniustis;
2812 5684 2874 5737 ut
2900 5674 2998 5735 nos
3018 5676 3235 5752 offerret
3252 5679 3377 5753 Deo,
3397 5681 3588 5741 morti-

3220 5806 3259 5892 6
