4100 6444
528 390 637 452 171

1632 389 1861 450 FLORI
1905 386 2223 449 DIACONI
2269 382 2842 447 LUGDUNENSIS.

3834 382 3978 441 1⁸72

531 526 665 579 ante
696 522 1048 594 prmdixerit,
1075 523 1147 577 ad
1193 526 1459 577 sanctum
1513 521 1902 594 patriarcham
1938 520 2057 574 Nec
2109 520 2188 573 ita
2220 520 2496 586 A'teritu,
2528 517 2624 589 qui
2657 518 2848 573 educti
2878 533 2945 571 ex
2975 519 3211 589 Egypto
3240 532 3340 587 per
3367 515 3601 588 Moysen
3628 517 3844 568 terram
3875 528 3987 566 rc-

531 612 780 683 loquens
805 628 817 666 :
843 613 1004 667 Finis
1034 614 1303 668 universa:
1332 614 1517 667 carnis
1561 614 1706 667 venit
1737 627 1922 666 coram
1950 626 2053 665 me.
2091 610 2187 664 Re-

530 702 675 773 pleta
705 708 783 756 est
814 708 961 757 terra
990 703 1285 773 iniquitate
1312 718 1345 755 a
1372 703 1514 773 facie
1542 718 1751 767 eorum,
1777 708 1829 754 et
1858 715 1953 768 ego
1984 698 2191 769 disper-

534 790 669 845 dam
698 805 784 845 eos
812 807 938 844 cum
967 798 1112 846 terra
1146 791 1293 862 (Gen.
1316 808 1391 857 Vl,
1420 792 1528 859 13).
1555 790 1634 844 De
1665 806 1782 860 qua
1812 787 1989 843 etiam
2022 804 2191 859 gene-

536 878 642 934 rali
666 877 931 934 omnium
966 879 1286 951 perditione
1319 878 1494 950 paulo
1517 878 1789 950 superius
1810 877 2012 933 eadem
2036 876 2191 931 Scri-

537 971 711 1041 ptura
749 967 889 1023 dicit
914 985 927 1022 :
953 969 1208 1040 Dixitque
1245 971 1385 1023 Deus
1407 987 1425 1021 :
1447 968 1563 1023 Non
1593 967 1937 1039 permanebit
1964 967 2193 1037 spiritus

535 1073 689 1113 meus
720 1058 779 1111 in
811 1058 1029 1112 homine
1058 1058 1120 1112 in
1147 1064 1439 1121 aeternum,
1462 1057 1597 1127 quia
1638 1072 1764 1111 caro
1795 1063 1889 1110 est.
1915 1055 2195 1126 Erantque

536 1144 653 1200 dies
686 1145 842 1199 illius
882 1152 1097 1200 centum
1144 1153 1195 1200 et
1240 1146 1443 1213 viginti
1496 1160 1771 1200 annorum
1798 1143 1983 1211 (Ibid,
2016 1144 2091 1213 3).
2126 1144 2194 1197 Et

538 1238 669 1307 post
698 1250 885 1305 pauca
918 1251 930 1289 :
968 1234 1161 1290 Videas
1189 1243 1373 1290 autem
1400 1237 1540 1289 Deus
1589 1233 1728 1305 quod
1769 1233 1943 1287 multa
1971 1233 2192 1287 malitia

536 1321 821 1377 hominum
848 1330 983 1378 esset
1027 1324 1084 1378 in
1128 1330 1295 1388 terra,
1326 1330 1377 1378 et
1405 1329 1600 1377 cuncta
1653 1322 1904 1393 cogitatio
1962 1322 2196 1375 humani

535 1410 715 1467 cordis
747 1413 953 1467 intenta
984 1420 1119 1467 esset
1141 1413 1209 1467 ad
1234 1413 1446 1467 malum
1475 1413 1627 1466 omni
1665 1419 1918 1483 tempore,
1936 1411 2197 1483 paenituit

536 1517 661 1557 eum
704 1500 845 1572 quod
892 1502 1169 1556 hominem
1224 1503 1437 1573 fecisset
1494 1503 1553 1556 in
1610 1508 1757 1556 terra
1810 1500 1994 1568 (Ibid,
2027 1501 2081 1565 5,
2114 1498 2191 1563 6).

539 1589 646 1646 Ubi
677 1595 734 1645 et
776 1589 950 1662 paulo
998 1595 1131 1663 post
1182 1591 1455 1645 subditur
1487 1607 1499 1645 :
1534 1591 1727 1646 Delebo
1780 1591 1981 1662 inquit,
2015 1590 2195 1644 homi-

537 1695 684 1747 nem,
718 1695 877 1751 quem
903 1682 1105 1747 creavi,
1138 1696 1171 1735 a
1200 1680 1343 1751 faeie
1373 1687 1553 1745 terra},
1586 1679 1652 1734 ab
1684 1679 1902 1734 homine
1932 1695 2098 1750 usque
2125 1677 2197 1733 ad

540 1770 872 1835 aninmntia,
906 1787 937 1823 a
972 1770 1157 1840 reptili
1204 1786 1368 1840 usque
1408 1769 1477 1822 ad
1507 1769 1747 1824 volucres
1794 1769 1932 1823 cteli.
1967 1770 2199 1823 Pmnitet

2299 606 2707 679 promissionis
2758 610 2995 679 propter
3023 603 3494 660 incredulitatem
3537 619 3704 658 suam
3738 602 3987 657 intrare

2300 712 2415 751 non
2448 698 2788 767 potuerunt,
2818 696 2918 750 sed
2952 710 3155 750 eorum
3184 694 3465 749 cadavera
3494 695 3789 764 prostrata
3817 692 3990 746 sunt

2300 784 2360 839 in
2392 785 2640 852 deserto,
2672 784 2751 839 ita
2782 783 3046 839 dolenter
3093 786 3149 838 et
3198 779 3654 837 lamentabiliter
3698 772 3996 852 loquitur

2301 873 2502 929 dicens
2537 891 2549 928 :
2583 874 2697 929 Non
2748 881 3153 929 exornaverunt
3178 888 3279 943 pro
3306 872 3540 942 peccatis
3582 871 3697 925 suis
3741 870 3990 941 antiqui

2299 964 2569 1031 gigantes,
2604 964 2702 1035 qui
2728 961 2990 1017 destructi
3025 969 3152 1017 sunt
3179 960 3501 1030 conﬁdentes
3551 974 3671 1015 sum
3716 960 3926 1014 virtuti
3966 974 3982 1013 :

2300 1060 2351 1107 et
2378 1068 2490 1107 non
2521 1053 2764 1123 pepercit
2800 1050 3239 1122 peregrinationi
3269 1049 3517 1115 illorum,
3549 1056 3602 1103 et
3648 1056 3986 1103 exsecratus

2300 1149 2376 1197 est
2404 1142 2529 1197 illos
2553 1156 2677 1211 prw
2704 1141 2963 1212 superbia
3006 1140 3253 1195 illorum.
3285 1140 3401 1194 Non
3427 1141 3683 1193 misertus
3711 1145 3789 1193 est
3818 1137 3981 1201 illis,

2302 1238 2513 1299 gentem
2549 1237 2715 1285 totam
2747 1229 2997 1301 perdens,
3031 1238 3081 1284 et
3135 1228 3479 1285 extollentem
3507 1243 3564 1283 se
3595 1228 3653 1281 in
3699 1229 3816 1282 suis
3844 1243 3985 1297 pec-

2302 1322 2454 1377 catis.
2480 1320 2543 1374 Et
2569 1321 2709 1375 sicut
2735 1327 2985 1374 sexcenta
3010 1319 3203 1374 millia
3226 1316 3490 1389 peditum,
3526 1317 3622 1388 qui
3645 1317 3988 1385 congregati

2301 1416 2426 1465 sunt
2458 1410 2517 1463 in
2547 1408 2761 1463 duriiia
2790 1406 2969 1462 cordis
2997 1408 3089 1461 sui
3119 1424 3137 1460 :
3168 1413 3219 1461 et
3245 1408 3298 1461 si
3324 1422 3468 1460 unus
3505 1406 3701 1475 fuisset
3726 1406 3987 1460 cervica-

2304 1506 2408 1567 tus,
2440 1499 2648 1552 mirum
2683 1514 2735 1552 si
2781 1498 2977 1568 fuisset
3032 1497 3314 1551 immunis.
3348 1494 3731 1551 Misericordia
3786 1496 3979 1562 enim,

2302 1596 2353 1643 et
2385 1589 2471 1642 ira
2501 1595 2579 1641 est
2608 1603 2732 1641 cum
2764 1586 2878 1641 illo.
2903 1586 3100 1640 Potens
3120 1585 3387 1655 exoratio,
3410 1592 3460 1639 et
3488 1583 3769 1656 effundens
3792 1584 3977 1638 iram.

2301 1676 2615 1733 Secundum
2663 1674 3099 1730 misericordiam
3138 1690 3314 1741 suam,
3346 1675 3429 1729 sic
3485 1674 3748 1745 correptio
3806 1674 3984 1728 illius

2306 1767 2580 1822 hominem
2635 1765 2933 1820 secundum
2987 1781 3150 1836 opera
3202 1781 3303 1819 sua
3352 1763 3569 1835 jullicat
3624 1763 3812 1831 (Eccli.
3848 1780 3979 1830 xw,

540 1858 687 1912 enim
737 1874 823 1912 me
866 1859 1059 1927 fecisse
1112 1876 1173 1913 ea
1206 1857 1660 1929 (lbid.,7).0uid
1709 1858 2036 1913 evidentius
2092 1856 2194 1911 tali
2230 1893 2274 1956 Β
2307 1858 2484 1924 8-13).

540 1944 912 2018 praedictione
935 1951 993 2000 et
1015 1945 1526 2018 praedestinatione
1548 1946 1618 2001 de
1656 1944 1909 2023 generali
1932 1945 2197 2001 omnium

540 2034 1256 2107 impiorum,quibustunc
1277 2035 1534 2090 mundus
1555 2034 1917 2107 plenuserat,
1934 2035 2200 2090 interitu?

540 2124 723 2187 Quam
748 2128 804 2178 et
826 2128 1026 2179 saneto
1049 2128 1103 2178 et
1125 2123 1306 2178 electo
1331 2123 1675 2194 patriarchse
1699 2123 1867 2195 longe
1890 2128 2022 2178 ante
2046 2123 2198 2178 Deus

539 2211 889 2267 annuntiare
918 2211 1120 2278 voluit,
1151 2218 1206 2267 et
1237 2212 1390 2283 apud
1432 2228 1493 2266 se
1549 2212 1605 2266 in
1640 2216 1852 2267 aeterna
1881 2218 1939 2267 et
1968 2212 2201 2267 interna

549 2300 776 2357 consilii
806 2302 897 2357 sui
930 2301 1315 2374 dispositione
1361 2302 1566 2356 statuit
1597 2318 1661 2356 ac
1694 2301 2022 2373 praaﬁnivit,
2057 2301 2199 2356 dum

551 2407 663 2445 non
695 2406 798 2463 per
817 2390 1112 2463 angelum,
1136 2407 1242 2446 nec
1269 2406 1371 2463 per
1391 2390 1733 2463 prophetam
1759 2390 2016 2462 aliquem
2040 2390 2201 2445 illius

547 2477 848 2550 temporis,
869 2479 970 2533 sed
1017 2480 1170 2549 apud
1217 2478 1773 2550 semetipsum,ha:c
1823 2479 2102 2534 statuisse
2146 2484 2203 2534 et

548 2566 868 2638 prmﬁnisse
889 2567 1235 2621 ostenditur.
1256 2568 1321 2621 Et
1345 2572 1540 2622 tamen
1564 2567 2200 2640 benignissimejudex,

546 2661 604 2711 et
634 2655 899 2711 conditor
928 2655 1103 2711 etiam
1137 2655 1287 2723 illos,
1308 2673 1456 2727 quos
1497 2657 1725 2723 merito,
1757 2660 1821 2710 ut
1851 2657 2197 2725 ostenditur,

544 2745 921 2817 iniquitatum
954 2750 1011 2800 et
1048 2744 1417 2817 impietatum
1450 2762 1650 2800 eorum
1692 2745 1761 2800 ad
1806 2751 1921 2800 tam
1957 2746 2201 2800 horren-

546 2835 689 2890 dum
717 2835 960 2891 exitium
982 2840 1160 2907 atque
1191 2835 1494 2891 interitum
1529 2835 2058 2907 praedestinaverat,
2084 2852 2200 2891 non

547 2923 675 2980 sine
706 2924 1120 2980 misericordiae
1154 2942 1271 2979 suae
1304 2923 1561 2979 bonitate
1592 2928 1649 2981 et
1689 2925 1901 2996 pietate
1944 2924 2199 2996 reliquit,

548 3012 814 3068 tribuens
844 3012 929 3068 eis
958 3017 1193 3085 tempus
1225 3017 1281 3067 et
1307 3013 1561 3085 spatium
1594 3013 1935 3084 pmnitendi,
1955 3016 2020 3068 ut
2050 3012 2203 3069 intra

548 3106 783 3159 centum
817 3106 875 3157 et
904 3101 1112 3174 viginti
1151 3118 1358 3170 annos,
1388 3107 1489 3157 aut
1521 3102 1693 3175 digne
1726 3101 2053 3175 pcnnitendo
2086 3102 2200 3158 Deo

547 3191 1083 3260 satisfacerent,aut
1103 3190 1151 3247 si
1180 3192 1506 3247 secundum
1535 3191 1812 3247 duritiam
1838 3209 2007 3247 suam
2029 3197 2083 3247 et
2106 3209 2204 3247 cor

2378 1944 2536 2000 Talis
2566 1949 2654 1999 est
2684 1944 2783 1998 illa
2818 1944 3113 2016 praedictio
3154 1947 3329 2015 atque
3377 1940 3808 2015 praedestinatio
3863 1941 3979 1997 Dei

2309 2033 2601 2106 loquentis
2633 2034 2703 2088 ad
2735 2032 3031 2088 Abraham
3058 2033 3129 2087 de
3161 2033 3357 2087 futura
3380 2030 3757 2105 oppressione
3787 2034 3981 2104 atque

2308 2122 2622 2177 attlictione
2652 2127 2707 2177 et
2749 2122 3042 2194 ereptione
3092 2120 3337 2177 seminis
3388 2122 3537 2191 ejus,
3566 2125 3622 2175 et
3659 2137 3688 2175 e
3731 2124 3980 2176 contra-

2310 2211 2393 2266 rio
2426 2210 2800 2266 damnatione
2840 2216 2898 2266 et
2950 2209 3272 2283 perditione
3317 2226 3731 2282 oppressorum
3781 2207 3981 2280 illius,

2311 2316 2443 2355 cum
2485 2300 2534 2355 ei
2595 2299 2675 2354 ita
2722 2300 2914 2355 dixit:
2950 2300 3094 2355 Scito
3138 2314 3485 2371 prtenoscens
3532 2299 3673 2371 quod
3715 2302 3980 2371 peregri-

2310 2407 2445 2445 num
2470 2391 2723 2461 futurum
2767 2391 2839 2444 sit
2884 2406 3067 2445 semen
3124 2396 3278 2444 tuum
3310 2390 3367 2443 in
3401 2396 3549 2444 terra
3603 2405 3714 2443 non
3758 2405 3887 2455 sua,
3924 2398 3981 2443 et

2308 2480 2602 2550 subjicient
2632 2494 2719 2534 eos
2758 2479 3032 2545 servituti,
3064 2486 3116 2533 et
3143 2478 3393 2548 afﬂigent
3441 2477 3824 2548 quadragintis
3874 2496 3983 2532 an-

2308 2572 2418 2623 nis.
2448 2569 2821 2624 Verumtamen
2866 2576 3096 2639 gentem,
3124 2569 3217 2622 cui
3261 2568 3526 2622 servituri
3551 2574 3698 2630 sunt,
3731 2583 3828 2635 ego
3869 2568 3979 2639 ju-

2310 2657 2499 2712 dicabo
2532 2675 2551 2712 :
2579 2665 2629 2712 et
2657 2664 2773 2729 post
2800 2656 2914 2712 hth
2940 2656 3289 2728 egredientur
3315 2673 3440 2711 cum
3481 2673 3683 2726 magna
3708 2656 3979 2711 substan-

2311 2749 2410 2802 tia.
2447 2752 2531 2803 Tu
2563 2754 2745 2801 autem
2776 2746 2883 2801 ibis
2921 2746 2991 2801 ad
3034 2754 3219 2817 patres
3268 2753 3388 2800 tuos
3436 2747 3498 2800 in
3539 2762 3690 2817 pace,
3724 2746 3982 2817 sepultus

2312 2838 2371 2891 in.
2399 2843 2668 2892 senectute
2702 2836 2858 2891 bona.
2895 2835 3249 2891 Generatione
3274 2842 3451 2890 autem
3482 2843 3677 2907 quarta
3706 2844 3987 2891 reverten-

2311 2933 2404 2981 tur
2451 2925 2558 2980 huc
2587 2945 2605 2980 :
2637 2924 2866 2980 necdum
2921 2926 3069 2981 enim
3125 2925 3407 2996 completa?
3460 2932 3587 2979 sunt
3646 2925 3981 2996 iniquitates

2310 3014 2748 3070 Amorrhteorum
2775 3030 2944 3086 usque
2975 3016 3034 3069 in
3061 3030 3303 3086 praesens
3333 3022 3540 3085 tempus
3562 3013 3712 3085 (Gen.
3741 3031 3836 3079 xv,
3874 3015 3977 3069 43-

2310 3105 2420 3171 46).
2449 3103 2596 3169 Quid
2627 3103 2736 3159 hac
2777 3102 3287 3175 praadestinatione
3329 3102 3736 3158 manifestius?
3762 3120 3884 3174 qua
3916 3108 3979 3159 et

2311 3209 2511 3249 semen
2534 3192 2777 3248 Abrahae
2802 3195 2887 3247 tot
2911 3208 3197 3248 annorum
3218 3190 3528 3247 curriculis
3553 3190 3889 3263 praedicitur
3911 3190 3975 3246 in

545 3280 920 3353 impmnitens
948 3280 1409 3335 thesaurizarent
1439 3280 1551 3335 sibi
1586 3281 1732 3335 iram
1756 3281 1815 3334 in
1838 3280 1932 3335 die
1965 3280 2083 3349 irze,
2117 3281 2200 3335 in-
2230 3267 2273 3333 C
2311 3286 2467 3337 terra
2498 3281 2689 3337 aliena
2718 3280 3250 3354 peregrinaturum,
3275 3285 3331 3336 et
3356 3278 3620 3335 servituti
3653 3280 3978 3351 subjicien-

543 3368 958 3426 excusabiliter
986 3370 1261 3442 perirent.
1289 3372 1375 3425 ita
1399 3369 1530 3425 illos
1557 3374 1614 3425 et
1644 3370 1849 3425 merito
1881 3369 2199 3443 impietatis

542 3476 660 3515 suae
694 3459 765 3513 ad
798 3458 1102 3515 interitum
1136 3459 1589 3532 praedestinavit,
1616 3476 1721 3514 nec
1758 3464 1951 3514 tamen
1980 3460 2199 3532 praedes

541 3548 857 3604 stinatione
887 3548 958 3602 ad
990 3548 1353 3619 peccandum
1387 3547 1683 3603 ullatenus
1712 3548 2017 3619 compulit,
2052 3565 2199 3620 quos

538 3640 623 3693 tot
653 3636 825 3692 annis
856 3637 928 3690 ad
960 3636 1365 3708 pmnitentiam
1393 3636 1769 3708 exspectavit.

613 3730 690 3781 De
713 3724 964 3780 istorum
989 3725 1208 3781 infelici
1232 3726 1605 3781 contumacia
1624 3731 1681 3781 et
1698 3726 2071 3782 damnatione
2094 3732 2201 3782 ter-

540 3814 696 3870 ribili
731 3815 908 3870 etiam
929 3813 1079 3869 liber
1100 3813 1566 3885 Ecclesiasticus,
1589 3815 1863 3886 adjuncto
1887 3833 2089 3871 eorum
2118 3816 2202 3872 in-

2309 3371 2473 3437 dum,
2513 3374 2690 3442 atque
2723 3369 3125 3442 afﬂigendum,
3149 3374 3206 3424 et
3234 3385 3303 3425 ex
3333 3369 3462 3441 ipsa
3490 3368 3805 3424 afflictione
3844 3368 3978 3442 glo-

2310 3458 2633 3515 riosissime
2665 3457 3058 3524 liberandum,
3087 3461 3144 3514 et
3174 3458 3461 3530 praeﬁnito
3484 3463 3764 3530 tempore,
3789 3456 3849 3513 id
3885 3462 3982 3513 est

2309 3552 2519 3621 quarta
2530 3548 2926 3621 generatione,
2942 3547 3015 3603 ad
3032 3551 3244 3603 terram
3265 3547 3532 3619 patribus
3549 3546 3978 3619 repromissam

2308 3653 2701 3704 reversurum,
2723 3637 3037 3709 ipsumque
3054 3635 3464 3692 beatissimum
3487 3635 3883 3709 patriarcham
3912 3637 3976 3691 in

2308 3744 2447 3799 pace
2472 3731 2530 3782 et
2555 3730 2853 3782 senectute
2879 3726 3033 3780 bona
3061 3725 3328 3798 patribus
3352 3725 3695 3781 sociandum
3728 3742 3741 3779 :
3770 3742 3801 3781 e
3828 3742 3977 3782 con-

2306 3815 2484 3871 trario
2502 3819 2696 3871 autem
2728 3818 2982 3887 gentem,
2998 3820 3053 3870 et
3076 3830 3269 3887 regem
3292 3814 3718 3887 Egyptiorum,
3735 3814 3835 3885 qui
3869 3832 3973 3871 eos

1532 3912 1745 3969 NOTAE
1785 3914 2125 3968 DUVALLII
2167 3913 2523 3970 DOCTORIS
2563 3913 2967 3969 SORBONICI.

542 4003 734 4073 ﬁcatus
790 4002 1009 4073 quidem
1065 4018 1249 4068 carne,
1300 4003 1607 4072 viviﬁcatus
1655 4010 1838 4057 autem
1885 4005 2105 4074 spiritu.
2135 4006 2199 4059 In

543 4090 649 4146 quo
708 4075 793 4129 his
860 4075 954 4145 qui
1009 4075 1070 4129 in
1132 4090 1344 4146 carcere
1410 4082 1567 4129 erant
1624 4075 1917 4146 spiritibus
1980 4077 2198 4130 veniens

542 4145 887 4218 praedicavit,
918 4147 1015 4216 qui
1046 4145 1318 4200 increduli
1362 4147 1585 4216 fuerant
1630 4145 1946 4218 aliquando,
1983 4146 2197 4218 quando

542 4216 926 4288 exspectabant
984 4218 1083 4271 Dei
1145 4218 1474 4287 patientiam
1534 4218 1591 4270 in
1657 4216 1845 4271 diebus
1905 4216 2033 4272 Noe.
2093 4217 2196 4272 Cui

544 4288 697 4344 alius
728 4289 1111 4359 subiungitur
1140 4305 1266 4360 cap.
1302 4305 1357 4342 ιν
1391 4305 1403 4341 :
1443 4289 1573 4360 Ideo
1612 4292 1670 4342 et
1711 4288 1958 4342 mortuis
1991 4288 2196 4360 prmdi-

543 4364 738 4415 catum
781 4366 870 4416 est
922 4359 1319 4432 Evangelium,
1353 4368 1413 4415 ut
1457 4359 1780 4429 judicentur
1835 4359 2057 4430 quidem
2091 4377 2196 4432 ise-

541 4432 786 4486 cundum
822 4431 1103 4487 hominem
1146 4433 1205 4485 in
1242 4448 1427 4495 carne,
1460 4434 1643 4485 vz'imnt
1672 4440 1859 4485 (uitem
1902 4431 2201 4486 secundum

542 4503 712 4583 Deum
752 4504 835 4584 in"
860 4504 1083 4584 spiritu.
1108 4502 1197 4583 ⁵ΕΚ
1229 4502 1445 4584 quibus
1475 4501 1772 4584 colligitur
1825 4520 1940 4584 non
1994 4520 2198 4584 omnes

2306 4002 2401 4058 hic
2420 4002 2626 4075 Petrus
2649 4002 2825 4075 etiam
2845 4018 2913 4057 ex
2932 4000 3049 4056 illis
3071 4000 3390 4075 incredulis
3412 4001 3593 4057 fuisse
3612 4000 3845 4075 aliquos
3866 4002 3973 4075 qui

2306 4075 2479 4129 etiam
2528 4074 2586 4129 in
2633 4075 2745 4129 ﬁne
2775 4073 2902 4129 vitae
2936 4073 3338 4146 pmnitentiam
3389 4078 3680 4146 egerunt:
3717 4078 3774 4128 et
3832 4073 3973 4129 licet

2307 4152 2593 4218 quantum
2628 4146 2699 4218 ad
2721 4162 2947 4218 corpus
2987 4145 3516 4218 perierint,_tam’en
3567 4149 3857 4217 quantum
3893 4147 3967 4201 ad

2306 4215 2564 4289 animam
2593 4215 3022 4289 salvit'uerunt.
3053 4216 3213 4289 Quod
3242 4216 3417 4271 etiam
3451 4215 3839 4289 Hieronymus
3870 4218 3970 4273 do—

2307 4294 2396 4343 cet
2425 4288 2856 4352 Quaestionibus
2914 4288 3214 4343 Hebraicis
3271 4288 3328 4342 in
3384 4287 3969 4355 Genesim,tractans

2305 4360 2450 4415 illud
2484 4377 2609 4431 cap.
2646 4377 2701 4414 vI
2732 4378 2744 4414 :
2773 4362 2886 4415 Non
2915 4362 3258 4431 permanebit
3288 4359 3529 4431 Spiritus
3560 4376 3712 4415 meus
3758 4362 3817 4414 in
3870 4362 3966 4415 ho-

2307 4378 2450 4415 uiuu
2484 4378 2550 4415 ca
2599 4402 2609 4414 .
2646 4378 2701 4414 v1
2732 4378 2744 4414 :
2773 4378 2886 4415 non
2915 4378 3258 4431 permaneou
3288 4378 3529 4431 opimus
3560 4378 3712 4415 meus
3758 4378 3817 4414 in
3870 4378 3966 4415 no-

2307 4434 2475 4500 mine,
2508 4378 2609 4487 ugi
2638 4432 2781 4486 dicit
2809 4432 2993 4486 Deum
3041 4431 3259 4486 multos
3311 4448 3513 4486 eorum
3562 4432 3970 4502 temporaliter

2306 4505 2475 4575 aquis
2506 4502 2707 4558 diluvii
2741 4503 3059 4575 punivisse,
3085 4520 3190 4558 nec
3221 4503 3430 4575 debere
3461 4519 3560 4557 eos
3603 4502 3661 4556 in
3693 4502 3967 4574 gehenna

541 4573 645 4699 qui
678 4573 735 4627 in
760 4562 976 4628 diluvio
1000 4562 1297 4644 perierunt
1321 4590 1449 4628 esse
1472 4573 1528 4627 in
1558 4562 1838 4629 mttarnum
1867 4575 2194 4630 damnatos.
2233 4562 2274 4627 υ
2309 4562 2669 4629 ἰῐίωιθιήυω
2700 4562 2924 4646 punire.
2951 4574 3021 4628 Et
3042 4562 3199 4629 hunc
3224 4573 3400 4629 etiam
3428 4590 3665 4629 sensum
3691 4562 3967 4630 Videntur

592 4646 777 4699 ccedit
812 4645 966 4699 Quod
1026 4644 1234 4699 saltem
1282 4645 1535 4699 infantes
1589 4646 1803 4699 auibus
1855 4663 1956 4699 per
2012 4664 2196 4699 reme-
2309 4646 2496 4699 facere
2530 4646 2630 4699 illa
2654 4647 2830 4699 verba
2853 4662 2980 4699 can.
3006 4662 3101 4699 1v:
3137 4647 3267 4699 Ideo
3300 4645 3550 4699 mortuis
3583 4646 3962 4699 praedicatum

592 4646 777 4727 ccedit
812 4645 966 4725 quod
1019 4644 1234 4727 saltem
1282 4645 1535 4727 infantes
1589 4646 1803 4727 quibus
1854 4663 1956 4717 per
2012 4664 2196 4727 reme-

544 4716 716 4797 dium
743 4716 888 4797 legis
937 4720 1155 4771 natura:
1210 4722 1512 4797 peccatum
1545 4716 2194 4797 originalejremissum

543 4788 673 4856 fuit,
703 4787 1093 4859 infacternum
1148 4787 1391 4842 minime
1440 4787 1735 4859 perierint.
1787 4789 2194 4844 Atﬁrmantem

542 4864 740 4914 tamen
773 4858 881 4914 hoc
910 4859 1034 4932 loco
1065 4863 1260 4917 tuetur
1288 4858 1545 4915 Ecclesia
1587 4859 2014 4932 Lugdunensis,
2052 4860 2195 4915 forte

545 4932 683 5003 quia
715 4931 1074 5003 cumomnis
1124 4948 1257 4985 caro
1303 4932 1454 4986 viam
1504 4931 2096 5002 suam’corrupisset,
2131 4935 2197 4987 ut

542 5001 794 5057 habetur
846 5002 1087 5057 Genesis
1119 5020 1193 5066 1x,
1228 5006 1283 5058 et
1341 5002 1763 5058 monitionibus
1821 5001 1939 5058 Noe
1992 5020 2192 5057 aurem

588 5078 799 5146 Γᾶςβωύ
840 5074 1037 5135 nollet,
1068 5074 1332 5144 quinimo
1369 5075 1676 5129 videbatur
1706 5074 1755 5128 ei
1788 5074 1954 5146 quasi
1986 5074 2193 5130 ludens

567 5145 701 5217 oqui
736 5163 748 5200 :
787 5151 1018 5216 repente
1051 5164 1228 5217 super
1276 5162 1372 5200 ms
1420 5146 1583 5217 venit
1622 5145 2087 5212 diluvium,cum
2120 5148 2192 5201 ad

540 5216 941 5289 pafnitentiam
976 5234 1074 5272 eos
1106 5216 1340 5271 centum
1383 5222 1429 5265 rt
1478 5216 1679 5288 viginti
1713 5217 1883 5272 annis
1914 5218 2067 5273 Deus
2097 5234 2191 5273 ex-

540 5293 881 5361 spectasset.
911 5290 1050 5343 ltem
1083 5294 1262 5343 totam
1298 5289 1513 5359 optime
1548 5306 1673 5341 meo
1698 5289 1922 5361 judicio
1944 5289 2194 5361 explicat

538 5360 811 5432 Bellarm.
841 5361 941 5414 lib.
973 5378 1027 5415 IV
1057 5361 1128 5415 de
1159 5361 1409 5421 Christo,
1436 5376 1560 5430 rep.
1594 5362 1657 5413 13
1687 5376 1754 5432 ;ν‹‹
1786 5360 1941 5425 Dico,
1976 5360 2190 5432 inquit,

536 5426 836 5504 Christum
870 5433 1215 5504 praedicasse
1238 5426 1550 5504 iu-inlfern-o
1573 5431 1849 5487 omnibus
1883 5426 2193 5504 bonis-spi-

537 5503 767 5571 ritibus,
803 5503 901 5559 sed
936 5503 1283 5575 nominatim
1340 5503 1517 5557 fuisse
1555 5519 1883 5575 expressos
1908 5503 2039 5559 illos
2089 5503 2189 5575 qui

536 5575 766 5630 fuerant
798 5576 855 5629 in
884 5576 1090 5630 diebus
1122 5575 1238 5629 Noe
1264 5574 1566 5637 increduli,
1593 5577 1733 5646 quia
1758 5576 1827 5630 de
1855 5574 1969 5629 illis
1996 5574 2190 5646 majus

535 5653 661 5703 erat
690 5646 937 5703 dubium
969 5665 1042 5702 an
1072 5650 1271 5701 essent
1298 5646 1438 5718 salvi
1472 5664 1668 5714 necne,
1695 5664 1827 5701 cum
1852 5648 2037 5718 puniti
2067 5650 2188 5704 t'ue-

533 5722 675 5790 runt
701 5735 735 5777 θ,
764 5718 901 5790 Deo,
925 5723 983 5777 et
1019 5717 1312 5776 submersi
1347 5718 1515 5794 aquis
1546 5718 1764 5777 divivii.
1799 5717 2021 5776 Iudicat
2051 5736 2188 5794 ergo

2309 4646 2496 4702 facere
2530 4646 2630 4701 illa
2654 4645 2830 4700 verba
2853 4662 2980 4716 cap.
3006 4663 3061 4717 ιν
3089 4662 3101 4699 :
3137 4647 3267 4701 Ideo
3300 4645 3550 4701 mortuis
3582 4646 3962 4717 praedicatum

2305 4724 2395 4773 est
2428 4717 2825 4790 Evangelium,
2860 4725 2920 4772 ut
2942 4716 3263 4787 judicentur
3290 4717 3509 4788 quidem
3538 4716 3836 4790 secundum
3866 4718 3963 4773 ho-

2303 4791 2478 4845 mines
2528 4789 2607 4844 in’
2645 4805 2831 4854 carne,
2874 4790 3063 4843 vivant
3113 4797 3296 4843 autem
3339 4790 3638 4844 secundum
3685 4789 3855 4843 Deum
3904 4792 3961 4844 in

2302 4863 2535 4933 spiritu;
2565 4860 2623 4915 id
2656 4866 2744 4933 est
2771 4866 2836 4914 ut
2862 4860 3187 4933 secundum
3220 4860 3488 4933 homines
3519 4860 3772 4915 exterius
3795 4860 3963 4931 judi-

2306 4930 2509 4987 c—entur
2530 4937 2587 4988 et
2608 4932 3018 4987 existimentur
3036 4930 3467 5003 damnati,quia
3484 4948 3728 5003 corpora
3756 4930 3963 4987 eerum

2305 5009 2472 5059 necta
2503 5008 2669 5071 sunt;
2700 5003 2896 5075 vivant
2925 5008 3122 5075 tamen
3155 5002 3363 5075 spiritu
3394 5002 3717 5059 secundum
3750 5002 3960 5075 Deum.

2302 5075 2361 5130 id
2393 5080 2501 5142 est,
2535 5091 2736 5130 eorum
2768 5074 2977 5129 anima:
3008 5074 3176 5129 salvae
3209 5075 3347 5129 sint.
3377 5097 3403 5124 »
3427 5075 3717 5130 Hactenus
3750 5074 3964 5130 Bellar—

2302 5146 2520 5202 minus.
2546 5148 2626 5201 Ex
2655 5147 2869 5218 quibus
2899 5146 3164 5218 sequitur
3195 5145 3347 5201 male
3377 5146 3693 5218 Ecclesium
3730 5145 3963 5218 Lugdu-

2302 5235 2540 5274 nensem
2574 5216 2777 5273 omnes
2808 5216 2938 5273 illos
2959 5216 3040 5272 ita
3061 5217 3400 5273 submersos
3425 5216 3779 5273 mternaliter
3799 5216 3961 5273 dam-

2302 5308 2460 5357 nare,
2484 5290 2595 5345 nisi
2617 5289 2864 5344 velimus
2885 5306 2987 5362 pro
3012 5290 3223 5362 majori
3241 5293 3471 5362 tantum
3497 5288 3957 5362 parte‘omnium

2302 5362 2837 5417 denominationem
2886 5359 3119 5427 iecisse,
3142 5359 3229 5415 vel
3279 5359 3957 5416 saltem—conclusionem

2301 5433 2459 5488 illam
2485 5451 2599 5488 non
2621 5450 2747 5488 esse
2774 5434 2844 5505 de
2866 5432 3184 5505 ﬁdthnde
3205 5433 3572 5505 Augustinus
3595 5431 3845 5505 epistola
3864 5432 3954 5500 99,

2300 5506 2373 5560 ad
2408 5505 2707 5571 Evodium,
2734 5504 2941 5559 maluit
2966 5503 3134 5559 aliter
3164 5503 3355 5559 locum
3383 5510 3445 5559 D.
3466 5505 3617 5559 Petri
3633 5503 3955 5575 exponere,

2299 5594 2475 5649 quam
2501 5577 2761 5649 ipsorum
2787 5576 3090 5649 hominum
3114 5577 3552 5649 conversionem
3576 5581 3635 5649 et
3658 5576 3872 5649 Christi
3896 5575 3954 5630 in

2298 5647 2519 5780 inferist
2543 5648 3012 5722 przedicat'ionem
3058 5648 3389 5706 admittere.
3427 5648 3573 5722 Lege
3618 5647 3952 5708 Bellarmin.

2322 5737 2408 5780 0c.
2444 5738 2493 5779 Cl
2527 5761 2541 5780 .

2322 5737 2408 5780 oc.
2444 5721 2541 5782 cit.
