4100 6442
157 400 290 465 17⁸1

1150 404 1384 467 LIBER
1431 366 1850 469 Anvnasus
1895 406 2258 470 JOANNEM
2305 406 2646 473 SCOTUM.

3488 406 3604 472 ΗΘ

155 534 471 609 ρι-εεεοίνὶι
499 552 871 610 quacunque
901 553 1015 594 non
1046 542 1171 594 erat
1197 538 1479 596 facturus.
1501 538 1674 595 Verbi
1707 556 1839 612 gra-
1869 539 1922 606 Α
1953 541 2154 596 tionem
2180 544 2374 613 gratiae
2405 560 2421 596 :
2456 543 2613 615 quod
2642 559 2759 599 non
2798 541 2880 599 ita
2908 559 3037 601 esse
3066 541 3336 616 superius
3366 546 3608 617 aposto-

155 625 271 692 tia,
294 626 598 698 praescivit
618 626 776 699 quod
804 627 1089 683 Lazarum
1115 631 1272 683 esset
1293 628 1844 693 resuscitaturus,et

156 715 344 771 fecit:
373 716 677 788 prmscivit
698 716 854 788 quod
876 715 909 772 J
914 716 1090 771 udam
1114 733 1229 771 non
1252 720 1405 771 esset
1428 716 1838 781 suscitaturus,

154 821 272 860 nec
299 804 477 872 fecit;
501 805 614 860 iste
645 810 845 860 autem
865 804 1042 859 dicit:
1067 804 1500 877 praedestinavit
1529 803 1743 877 impios
1765 805 1839 859 ad

153 892 481 949 interitum
514 893 604 949 vel
629 892 989 966 supplicium
1015 898 1320 960 aeternum,
1345 911 1448 965 pro
1477 910 1594 949 non
1627 894 1843 966 praede-

155 982 443 1051 stinavit;
468 983 530 1037 id
564 986 654 1038 est
684 987 773 1049 ut,
811 982 907 1038 ubi
938 981 1191 1055 legimus
1217 983 1654 1055 praedestinavit,
1680 982 1843 1037 inau-

154 1072 290 1128 dita
308 1071 556 1127 insania
571 1071 973 1144 intelligamus
990 1088 1096 1128 non
1113 1072 1542 1144 praedestinavit.
1564 1071 1842 1143 Pr0ponit

154 1161 346 1217 etiam
372 1159 771 1233 quaestionem
799 1178 812 1215 :
837 1161 1117 1233 Quomodo
1137 1162 1284 1233 juste
1303 1162 1650 1233 judicabitur
1674 1177 1843 1215 mune

151 1249 283 1316 dus,
331 1264 503 1322 quem
549 1250 847 1305 necessitas
891 1249 1396 1322 prmdestinationis
1441 1251 1582 1321 cogit
1620 1250 1841 1321 perire?

156 1339 321 1409 quod
355 1339 526 1394 absit
549 1343 615 1393 ut
636 1337 856 1411 aliquis
887 1343 1156 1395 nostrum
1177 1339 1351 1395 dicat.
1373 1338 1519 1407 Quia
1538 1337 1839 1411 apertissi-

153 1442 271 1482 ma:
304 1426 703 1499 blasphemiae
736 1432 827 1483 est
862 1432 927 1483 ut
968 1428 1121 1484 Deus
1159 1427 1688 1501 praedestinationls
1718 1444 1839 1482 suae

154 1514 519 1588 praejudicio
551 1515 812 1589 aliquem
844 1522 1012 1589 cogat
1040 1533 1299 1589 peccare,
1330 1521 1385 1571 et
1416 1517 1708 1589 peccando
1739 1533 1835 1588 pe-

154 1604 296 1660 rire.
330 1605 455 1661 Sed
487 1604 1026 1678 praedestinationis
1057 1623 1175 1661 suis
1218 1607 1381 1677 justo
1420 1605 1665 1677 judicio,
1689 1621 1838 1677 quos

154 1697 617 1766 perseverantes
659 1694 720 1748 in
768 1694 1022 1766 peccatis
1052 1694 1260 1766 punire
1305 1695 1576 1761 decrevit,
1610 1698 1838 1750 revocat

152 1783 357 1856 potius
392 1800 429 1838 a
461 1783 746 1855 peccatis,
770 1788 828 1839 et
861 1783 1156 1840 salubrem
1189 1789 1469 1839 terrorem
1499 1784 1712 1839 incutit
1733 1801 1836 1839 au-

1950 627 2077 685 licis
2106 634 2165 685 et
2196 631 2553 703 propheticis
2582 632 2939 689 testimoniis
2982 633 3127 689 satis
3154 636 3457 690 ostensum
3491 636 3599 701 est,

1953 718 2052 773 ubi
2082 724 2279 791 aperte
2309 719 2641 777 invenimus
2672 726 2728 777 et
2748 720 3279 778 demonstravimus
3309 723 3602 793 praadesti-

1950 808 2246 863 nationem
2278 809 2378 864 Dei
2411 809 2725 884 dupliciter
2753 811 2962 867 debere
2992 810 3257 883 intelligi,
3292 812 3350 866 id
3380 815 3469 867 est
3497 816 3602 868 aut

1949 895 2010 950 in
2041 896 2213 952 bonis
2240 898 2697 955 misericorditer
2732 900 3308 967 remunerandis,aut
3336 900 3395 955 in
3425 900 3599 958 malis

1941 984 2103 1056 juste
2125 985 2495 1042 damnandis.
2516 987 2585 1065 Et
2604 988 2753 1057 ideo,
2778 988 2930 1044 sicut
2950 990 3128 1044 verba
3147 989 3299 1045 beati
3320 990 3597 1063 Augusti-

1948 1073 2031 1138 ni,
2064 1089 2191 1144 qure
2241 1091 2420 1146 supra
2468 1076 2794 1147 posuimus,
2836 1076 3316 1134 manifestissime
3366 1079 3594 1147 docent,

1949 1161 2262 1218 destinatio
2293 1162 2395 1219 Dei
2430 1165 2663 1236 quando
2691 1165 2749 1220 in
2781 1166 2932 1222 bono
2961 1166 3265 1239 accipitur,
3287 1171 3429 1223 tunc
3462 1172 3596 1224 tan-

1946 1253 2075 1305 tum
2104 1250 2488 1323 intelligenda
2516 1257 2606 1309 est
2636 1255 2835 1328 gratiae
2869 1256 3230 1328 praeparatio.

2017 1339 2210 1395 Tertia
2226 1342 2920 1413 propositione,similiter
2935 1344 3316 1401 falsissimum
3337 1352 3424 1402 est
3441 1347 3597 1420 quod

1946 1428 2240 1485 afﬁrmare
2269 1436 2535 1499 conatur,
2560 1431 2827 1489 videlicet
2844 1450 2951 1489 non
2982 1451 3095 1489 esse
3120 1436 3291 1491 ullam
3313 1436 3598 1507 prxdesti—
3664 1455 3669 1460 ’

1944 1519 2224 1573 nationem
2248 1521 2513 1591 pcenze.Si
2563 1521 2721 1576 enim
2773 1538 2944 1593 pcana
2991 1523 3219 1579 diabolo
3269 1528 3327 1580 et
3373 1525 3595 1598 angelis

1946 1606 2158 1678 cjus,et
2178 1608 2454 1664 omnibus
2476 1610 2738 1681 reprobis
2756 1611 2858 1683 qui
2877 1628 3010 1666 cum
3029 1611 3112 1667 eis
3130 1613 3413 1685 puniendi
3434 1618 3594 1682 sunt,

1946 1711 2061 1750 non
2092 1700 2248 1752 esset
2277 1698 2709 1770 praedestinata,
2736 1699 3072 1756 nullatenus
3090 1701 3322 1757 Veritas
3343 1702 3558 1759 diceret
3581 1722 3594 1759 :

1946 1785 2020 1839 Ite
2051 1787 2109 1840 in
2141 1788 2325 1854 ignem
2353 1795 2644 1855 aeternum,
2669 1791 2767 1861 qui
2791 1798 3021 1861 paratus
3058 1798 3137 1846 est
3176 1792 3391 1848 diabolo
3418 1801 3471 1849 et
3495 1811 3595 1849 an-

149 1872 492 1940 dientibus,
520 1876 588 1927 ut
636 1871 914 1929 timentes
944 1873 1337 1947 corrigantur,
1360 1877 1417 1928 et
1463 1874 1703 1929 correcti
1726 1873 1834 1927 mi-
1864 1915 1912 1981 Β
1943 1874 2079 1941 gelis
2135 1876 2253 1947 ejus
2309 1876 2528 1947 (Matth.
2553 1895 2705 1946 xxxv,
2730 1880 2840 1947 41).
2894 1879 2965 1934 Et
2997 1880 3151 1951 quod
3182 1880 3243 1935 in
3276 1881 3390 1937 line
3419 1881 3599 1955 hujus

150 1961 315 2017 nime
345 1962 740 2018 damnentur.
1008 2002 1009 2007 η

198 2065 234 2077 -·
815 2050 1046 2107 CAPUT
1082 2051 1199 2107 XII.

219 2140 603 2197 Duodecimo
624 2139 880 2213 capitulo
898 2139 1241 2212 hujusmodi
1260 2139 1631 2196 deﬁnitiones
1648 2140 1829 2212 ponit.

220 2230 247 2286 4
264 2271 278 2284 .
317 2229 561 2286 Omnem
587 2231 979 2301 praescentiam
1000 2231 1109 2285 Dei
1131 2229 1676 2301 prwdestinationem
1703 2245 1832 2300 esse,

149 2328 204 2376 et
230 2335 463 2376 omnem
488 2317 1042 2391 praedestinationem
1064 2320 1490 2390 prmscientiam.

219 2409 281 2464 2.
316 2408 560 2464 Omnem
595 2407 1131 2480 prwdestinationem
1170 2409 1271 2464 Dei
1298 2409 1521 2464 omnino
1549 2423 1661 2464 esse
1686 2423 1833 2480 prm-

152 2500 521 2571 parationem
553 2498 757 2567 gratiae
785 2515 805 2553 :
835 2513 1150 2570 omnemque
1177 2498 1438 2566 gratiam,
1466 2497 1687 2553 donum.
1717 2497 1838 2553 Om-

154 2604 287 2644 nem
317 2588 509 2658 igitur
546 2587 800 2642 divinam
842 2586 1383 2658 prwdestinationem
1428 2586 1693 2642 donorum
1720 2587 1837 2659 ejus

150 2677 664 2748 przparationem.

229 2766 289 2820 3.
317 2766 561 2819 Panum
598 2764 797 2835 impios
835 2764 986 2833 juste
1033 2771 1301 2834 torquere,
1325 2777 1451 2833 quae
1496 2763 1700 2818 donum
1728 2780 1839 2818 non

155 2862 241 2910 est
272 2872 293 2910 :
324 2854 609 2925 alioquin,
630 2853 683 2907 si
711 2860 847 2907 esset
875 2853 1103 2919 donum,
1138 2868 1251 2908 non
1282 2859 1571 2923 torqueret,
1604 2851 1697 2908 sed
1726 2853 1812 2907 uti
1822 2882 1838 2894 -

155 2960 271 3016 que
304 2944 596 2998 liberaret.
622 2946 744 2999 Non
760 2956 871 2997 esse
892 2942 1064 3013 igitur
1086 2941 1623 3014 praedestinationem
1638 2956 1836 3013 poenw.

155 3033 324 3104 Quod
354 3034 411 3088 si
435 3039 592 3097 esset,
626 3047 739 3087 non
768 3046 882 3087 esse
904 3046 1141 3102 panum,
1165 3030 1257 3086 sed
1294 3032 1549 3101 gratiam.
1583 3031 1710 3086 Esse
1738 3048 1837 3086 au-

156 3131 277 3179 tem
304 3138 535 3194 poenam
564 3139 582 3175 :
612 3137 727 3177 non
770 3136 880 3176 esse
912 3122 1089 3190 igitur
1125 3119 1659 3192 prcedestinationem
1703 3121 1835 3193 ejus.

155 3211 417 3270 Proinde
457 3210 997 3282 praedestinationem
1029 3211 1089 3264 in
1113 3209 1271 3264 donis
1317 3210 1525 3265 divinae
1555 3210 1838 3281 largitatis

156 3317 394 3373 semper
423 3298 839 3370 intelligendam
869 3314 1000 3354 esse.

242 3392 298 3445 4.
332 3388 766 3446 Praedestinatos
795 3387 865 3443 ad
889 3403 1108 3459 poenam
1136 3404 1171 3443 a
1198 3389 1475 3444 contrario
1504 3404 1715 3459 semper
1744 3390 1839 3443 in-

157 3480 381 3549 telligi,
404 3480 547 3534 sicut
576 3477 768 3534 electos
792 3492 897 3549 pro
925 3492 1036 3532 non
1063 3476 1282 3533 electis:
1304 3478 1448 3548 ﬁlios
1480 3478 1583 3533 Dei
1606 3493 1706 3549 pro
1729 3493 1840 3533 non

158 3572 334 3642 ﬁliis.

242 3659 370 3714 Has
392 3659 646 3729 quatuor
671 3654 1098 3728 propositiones
1122 3654 1500 3728 longissimas
1521 3658 1578 3712 et
1598 3655 1841 3712 vanissi-

159 3754 396 3816 mas,et
408 3744 569 3801 velut
588 3744 1067 3817 syllogismorum
1084 3744 1330 3800 artificio
1346 3744 1840 3813 contextas,facile

161 3836 509 3910 dijudicare
537 3838 596 3889 et
624 3834 927 3889 destruere
958 3837 1169 3905 potest,
1195 3833 1293 3906 qui
1325 3849 1394 3888 ea
1419 3850 1547 3905 quae
1569 3833 1841 3905 superius

152 3929 346 4000 juxta
368 3921 632 3995 regulam
655 3922 816 3989 fidei,
833 3922 1084 3978 Domino
1105 3921 1407 3995 largiente,
1424 3922 1698 3987 diximus,
1725 3926 1833 3977 stu-

161 4016 343 4073 diose
374 4011 580 4084 legerit
602 4015 660 4067 et
690 4010 938 4067 ﬁdeliter
968 4010 1333 4067 intellexerit.
1366 4009 1507 4077 Quis
1536 4011 1692 4066 enim
1725 4029 1841 4067 non

163 4103 473 4175 intelligat
488 4117 668 4173 quam
691 4099 1107 4172 blasphemum
1125 4104 1182 4156 et
1202 4100 1450 4172 impium
1475 4100 1553 4156 sit
1570 4101 1724 4172 quod
1749 4100 1843 4156 hic

168 4194 376 4268 primo
402 4191 530 4247 loco
562 4190 761 4262 posuit
785 4189 989 4246 dicens
1015 4206 1029 4245 :
1064 4189 1289 4245 Omnem
1313 4192 1725 4261 praescientiam
1749 4191 1847 4246 Dei

166 4282 717 4358 prwdestinalionem
768 4294 914 4346 esse;
944 4295 1079 4334 cum
1112 4278 1423 4334 manifeste
1454 4279 1600 4335 fides
1649 4283 1846 4334 tcneat

170 4369 650 4443 omnipotentem
671 4368 857 4423 Deum
882 4368 1150 4440 praescire
1171 4368 1388 4432 omnia,
1416 4368 1473 4423 id
1495 4372 1585 4423 est
1616 4369 1769 4424 bona
1788 4373 1847 4424 et

173 4460 378 4518 mala:
406 4462 467 4514 et
486 4474 615 4530 qua
646 4456 909 4512 facturus
940 4457 1066 4529 ipse
1088 4457 1183 4513 sit.
1207 4460 1265 4512 et
1286 4472 1414 4528 quae
1446 4457 1706 4513 facturus
1728 4474 1844 4513 non

175 4551 287 4617 sit;
320 4546 742 4621 prindestinare
774 4549 972 4601 autem
1013 4562 1130 4600 non
1178 4544 1293 4601 nisi
1338 4545 1463 4602 sola
1510 4547 1682 4614 bona,
1717 4564 1844 4618 quin

174 4640 309 4712 ipse
343 4637 610 4693 facturus
631 4635 730 4704 sit,
754 4633 843 4690 vel
864 4634 1319 4691 misericorditer
1338 4634 1662 4702 liberanda,
1686 4639 1743 4691 et
1763 4651 1846 4691 re—
1878 4657 1920 4721 Ι)

176 4725 559 4784 munerando
589 4722 928 4791 electos,vel
951 4723 1114 4795 juste
1144 4724 1422 4795 reprobos
1449 4724 1843 4780 condemnan-

179 4818 279 4885 do,
295 4815 442 4887 quia
462 4813 619 4885 quod
633 4813 867 4884 justum
889 4816 999 4881 est,
1024 4811 1226 4884 utique
1242 4812 1461 4867 bonum
1481 4816 1589 4869 est.
1611 4812 1671 4869 Si
1688 4829 1845 4885 ergo,

171 4907 352 4978 juxta
383 4903 563 4959 istius
621 4902 1047 4970 definitionem,
1077 4900 1270 4958 omnis
1327 4901 1694 4972 prascientia
1746 4901 1848 4957 Dei

181 4991 630 5070 pradestinatio
660 4994 771 5059 est,
794 5006 930 5064 ergo
952 4990 1152 5046 omnia
1182 5006 1308 5062 quae
1340 4990 1648 5062 prtescivit,
1671 4991 1847 5046 etiam

186 5082 368 5151 mala,
403 5079 843 5154 praedestinavit
871 5094 933 5136 se
962 5095 1091 5136 esse
1131 5078 1445 5147 facturum,
1474 5080 1630 5151 quod
1661 5078 1845 5135 absit!

187 5172 337 5241 Quia
358 5169 521 5226 mala
548 5168 959 5225 tantummodo
986 5167 1291 5240 praescivit,
1317 5183 1420 5222 nec
1443 5184 1511 5223 ea
1534 5166 1652 5224 ullo
1678 5167 1852 5224 modo

186 5258 655 5337 praedestinavit,
679 5257 821 5330 quia
850 5274 955 5314 nec
984 5256 1111 5330 ipse
1142 5273 1210 5313 ea
1238 5261 1362 5313 erat
1390 5256 1671 5325 facturus,
1699 5257 1856 5313 sicut

187 5349 394 5409 omnia
413 5362 545 5420 qua
576 5344 1031 5420 prsidestinavit,
1055 5362 1247 5419 neque
1270 5350 1339 5401 ut
1364 5346 1568 5401 fierent
1595 5345 1720 5418 ipse
1741 5350 1854 5402 sta-

186 5442 307 5497 tuit
335 5442 444 5495 aut
469 5435 800 5510 praefinivit.
1325 5426 1328 5429 ’

259 5526 555 5586 Similiter
584 5525 857 5583 secundae
888 5523 1305 5598 propositionis
1332 5528 1509 5597 caput
1538 5542 1573 5579 a
1600 5524 1853 5580 falsitate

188 5618 435 5691 incipit;
464 5619 524 5672 et
549 5615 680 5672 ideo
711 5615 889 5671 etiam
927 5612 1183 5670 falsitate
1219 5612 1441 5669 ﬁnitur.
1466 5613 1618 5669 Dicit
1645 5614 1800 5669 enim
1838 5631 1849 5669 :

192 5709 422 5766 Omnem
449 5705 988 5779 prtedestinationem
1016 5703 1133 5769 Dei,
1174 5705 1398 5760 omnino
1426 5720 1540 5759 esse
1566 5718 1851 5775 praepara-

1942 1962 2125 2016 tertiae
2147 1964 2563 2035 propositionis
2587 1967 2773 2039 ponit,
2796 1967 3343 2026 Praedestinationem
3363 1973 3424 2026 in
3441 1971 3600 2028 donis

1941 2050 2150 2108 divina:
2183 2053 2454 2124 largitatis
2477 2071 2689 2127 semper
2718 2057 3133 2126 intelligendum
3164 2075 3295 2127 esse,
3329 2059 3601 2115 similiter

1942 2139 2159 2196 falsum
2193 2147 2317 2197 est:
2342 2142 2637 2199 invenitur
2662 2145 2841 2210 enim,
2865 2149 2924 2201 et
2942 2146 3225 2202 veraciter
3253 2147 3600 2221 intelligitur

1944 2245 2061 2284 non
2083 2228 2272 2285 solum
2306 2231 2365 2286 in
2389 2231 2593 2288 divina:
2615 2232 2924 2305 largitatis,
2949 2220 3050 2290 sed
3073 2235 3248 2291 etiam
3270 2236 3329 2290 in
3353 2220 3596 2309 judiciis

1932 2318 2109 2389 justas
2140 2320 2553 2378 damnationis.

2016 2412 2233 2476 Quarta
2252 2410 2381 2482 ejus
2409 2411 2752 2484 propositio,
2774 2428 2903 2484 quae
2931 2413 3014 2468 ita
3043 2430 3104 2469 se
3132 2413 3310 2471 habet
3335 2431 3348 2472 :
3375 2415 3597 2475 Przede-

1943 2500 2172 2555 slinatos
2200 2499 2270 2555 ad
2296 2517 2511 2571 poenam
2561 2518 2595 2555 a
2641 2503 2918 2558 contrario
2964 2519 3181 2575 semper
3230 2505 3491 2575 intelligi,
3525 2506 3597 2562 ad

1946 2586 2107 2643 illam
2140 2588 2429 2644 insaniam
2463 2590 2714 2661 pertinet
2739 2591 2811 2646 de
2841 2608 2955 2662 qua
2985 2591 3258 2664 superius
3286 2593 3431 2651 satis
3461 2594 3601 2650 dixi-

1947 2693 2101 2745 mus,
2131 2693 2248 2748 qua
2275 2678 2398 2733 vult
2426 2682 2491 2733 ut
2533 2678 2932 2751 intelligamus
2958 2681 3391 2752 praedestinatos,
3421 2682 3481 2738 id
3512 2688 3603 2741 est

1944 2781 2057 2821 non
2080 2766 2521 2837 praedestinatos.
2545 2768 2708 2833 Quod
2752 2772 2969 2838 autem,
2991 2770 3150 2826 velut
3190 2772 3437 2844 exempli
3467 2789 3599 2846 gra-

1946 2853 2048 2922 tia,
2088 2855 2610 2926 subjunxit:5icut
2654 2858 2865 2923 electos,
2909 2874 3010 2930 pro
3056 2875 3169 2915 non
3213 2860 3427 2931 electis,-
3456 2862 3602 2932 ﬁlios

1946 2944 2062 3010 Dei,
2095 2960 2193 3016 pro
2221 2960 2329 2999 non
2357 2946 2513 3016 ﬁliis,
2545 2945 2759 3003 melius
2800 2946 2858 3001 in
2899 2947 3167 3020 sequenti
3198 2948 3452 3022 capitulo
3482 2952 3600 3006 tra-

1948 3032 2222 3101 ctabitur,
2244 3033 2345 3088 ubi
2378 3034 2449 3089 de
2479 3033 2572 3089 his
2600 3034 2740 3106 quid
2764 3035 2888 3107 ipse
2910 3036 3123 3092 sentiat
3147 3037 3323 3095 latius
3343 3040 3596 3112 exponit.

1950 3121 2391 3178 Recordandum
2411 3126 2607 3179 tamen
2631 3126 2685 3179 et
2703 3127 3234 3196 recognoscendum
3254 3131 3343 3183 est
3362 3128 3598 3184 beatum

1946 3211 2523 3283 Augustinum,sicut
2539 3213 2808 3284 superius
2827 3213 3017 3285 posita
3030 3216 3078 3286 ej
3090 3232 3157 3270 us
3173 3215 3345 3271 verba
3363 3217 3600 3273 demon-

1869 3284 1911 3350 C
1946 3298 2377 3367 strant,dixisse
2400 3299 2717 3371 aliquando
2743 3300 2804 3355 in
2827 3284 3142 3373 Scripturis
3174 3304 3598 3374 praescientiam

1947 3386 2049 3443 Dei
2093 3386 2664 3459 praedestinationem
2717 3388 3049 3461 significare
3071 3390 3155 3462 (de
3181 3394 3327 3447 Dono
3350 3409 3521 3463 pers.,
3546 3411 3598 3449 c.

1947 3478 1973 3532 4
1983 3477 2057 3543 8).
2082 3477 2163 3532 Ex
2195 3476 2411 3548 quibus
2438 3476 2627 3532 verbis
2657 3477 2765 3533 iste
2797 3478 2953 3533 velut
2982 3480 3347 3536 occasionem
3374 3498 3492 3537 sua:
3515 3500 3603 3539 ar-

1948 3566 2408 3640 gumentationis
2439 3583 2753 3623 assumens
2783 3572 2987 3623 contra
3011 3569 3138 3639 ejus
3160 3568 3602 3626 veracissimum

1949 3654 2365 3727 dictum,quod
2395 3654 2493 3710 ille
2520 3655 2837 3728 aliquando
2869 3655 2951 3711 ita
2979 3657 3179 3712 docuit
3197 3658 3406 3714 debere
3438 3658 3604 3715 intel-

1950 3743 2074 3817 ligi,
2100 3744 2213 3800 iste
2233 3744 2460 3800 addidit
2479 3760 2712 3813 omnem,
2740 3748 2796 3800 et
2817 3744 2952 3800 tulit
2975 3747 3294 3817 aliquando.
3317 3749 3503 3820 Atque
3525 3748 3606 3804 ita

1951 3834 2086 3889 fecit
2102 3833 2501 3889 definitionem
2522 3833 3201 3903 falsissimam,dicendo:
3224 3835 3446 3893 Omnem
3461 3853 3606 3909 pra?-

1949 3925 2237 3977 scientiam
2270 3925 2366 3978 Dei
2391 3921 2927 3993 praviestimztioncm
2952 3939 3084 3978 esse.
3110 3924 3275 3991 Item,
3301 3924 3440 3996 quia
3470 3925 3603 3981 bea-

1950 4015 2049 4067 tus
2069 4012 2457 4084 Augustinus,
2476 4012 2627 4067 sicut
2643 4027 2822 4083 supra
2842 4011 3170 4083 posuimus,
3186 4012 3443 4068 definivit
3463 4030 3604 4085 prae-

1952 4099 2406 4156 destinationem
2441 4099 2533 4154 Dei
2581 4099 3061 4171 praeparationem
3111 4103 3311 4175 gratiae
3360 4118 3488 4158 esse
3516 4102 3604 4170 (de

1952 4188 2212 4245 Praedest.
2246 4189 2458 4255 Sanct.,
2482 4205 2531 4243 c.
2560 4188 2666 4260 10),
2693 4188 2846 4259 quod
2892 4190 3298 4244 tantummodo
3331 4190 3503 4260 juxta
3531 4189 3601 4244 il-

1952 4276 2068 4333 lius
2101 4294 2341 4334 sensum
2366 4277 2423 4331 in
2447 4280 2608 4348 parte
2637 4276 2952 4332 electorum
2979 4275 3345 4348 intelligitur,
3370 4277 3480 4333 iste
3504 4279 3603 4333 ad-

1953 4365 2126 4436 didit,
2152 4381 2383 4431 omnem,
2406 4368 2463 4419 et
2495 4363 2628 4419 fecit
2657 4363 3056 4420 deﬁnitionem
3083 4363 3482 4434 falsissimam,
3511 4366 3602 4421 di-

1955 4454 2181 4510 cendo:
2225 4453 2447 4509 Omnem
2495 4452 3036 4524 praedestinationem
3091 4455 3188 4508 Dei
3243 4455 3466 4511 omnino
3493 4471 3606 4512 esse

1950 4544 2414 4615 prirparationem
2441 4544 2658 4608 gratiae.

2568 4630 2799 4686 CAPUT
2836 4630 2982 4687 XIII.

2025 4721 2219 4777 Tertio
2251 4721 2474 4777 decimo
2505 4719 2759 4792 capitulo
2790 4720 2870 4776 ita
2900 4721 3060 4776 dicit.

2030 4811 2080 4865 1.
2113 4811 2354 4867 Electum
2379 4810 2585 4867 ludam
2618 4825 2721 4881 pro
2766 4826 2878 4866 non
2923 4812 3107 4879 electo,
3138 4818 3189 4867 et
3215 4813 3360 4883 ﬁlios
3388 4813 3483 4868 Dei
3506 4827 3607 4884 pro

1955 4917 2067 4956 non
2106 4899 2248 4970 ﬁliis
2291 4917 2326 4955 a
2362 4900 2636 4955 contrario
2683 4900 2905 4971 accipi:
2935 4901 3017 4956 sic
3060 4900 3205 4957 idem
3245 4903 3477 4972 amicus,
3509 4903 3608 4973 qui

1955 5004 2243 5061 nunquam
2271 5004 2379 5043 non
2405 4990 2587 5059 fuerat
2612 4988 2890 5043 inimicus.
3361 5059 3365 5062 ν

2028 5082 2082 5133 2.
2116 5080 2343 5133 Frustra
2373 5078 2552 5149 quaeri
2578 5077 2723 5148 ﬁlios
2742 5078 2842 5132 Dei
2864 5086 3071 5148 praeter
3095 5079 3213 5149 ejus
3240 5077 3428 5132 electos
3450 5096 3469 5131 :
3489 5079 3608 5147 fru-

1958 5176 2074 5224 stra
2099 5168 2293 5239 putari
2319 5167 2437 5239 ejus
2466 5167 2656 5222 electos
2678 5174 2883 5237 praeter
2910 5166 2978 5221 ab
3006 5181 3065 5221 eo
3089 5165 3520 5236 praedamnatos.

2031 5259 2084 5313 3.
2118 5260 2251 5313 Item
2282 5257 2451 5328 impie
2474 5256 2666 5328 putari
2709 5254 3123 5326 praede-sanatos
3168 5271 3205 5308 a
3251 5240 3371 5310 Deo:
3406 5261 3610 5326 praeter

1961 5349 2077 5421 ejus
2105 5348 2317 5414 electos,
2349 5360 2681 5417 supervacue
2709 5344 2984 5399 aestimari
3028 5342 3219 5398 electos
3273 5344 3373 5399 Dei
3409 5350 3613 5414 praeter

1961 5438 2077 5509 ejus
2107 5437 2270 5507 ﬁlios,
2303 5451 2404 5491 nec
2430 5450 2542 5489 esse
2566 5431 2999 5505 praedestinatos,
3022 5432 3073 5487 si
3089 5449 3200 5486 non
3222 5433 3336 5487 sint
3361 5433 3470 5504 ﬁlii
3492 5432 3609 5487 Dei.

2034 5526 2087 5579 4.
2119 5524 2546 5580 Ρνέειίθδιίηαῑοδ
2577 5520 2646 5575 ad
2683 5535 2892 5590 poenas,
2916 5519 2998 5574 vel
3036 5521 3342 5588 interitum,
3365 5520 3451 5575 vel
3482 5535 3611 5592 sup-

1959 5614 2192 5686 plicium
2220 5613 2365 5668 nihil
2396 5609 2551 5665 aliud
2578 5608 2921 5664 sentiendum
2960 5609 3072 5665 nisi
3108 5625 3221 5665 non
3244 5607 3608 5682 praedestina-

1964 5712 2070 5772 tos;
2099 5702 2189 5759 sed
2218 5720 2253 5758 a
2282 5716 2462 5757 massa
2508 5698 2818 5755 damnabili
2846 5698 3035 5754 merito
3069 5700 3275 5770 peccati
3315 5700 3612 5770 originalis
