4100 6440
471 365 586 428 179

1470 412 1482 421 ο
1585 369 1814 431 FLORI
1858 363 2179 429 DIACONI
2222 364 2795 430 LUGDUNENSIS.

3769 372 3890 437 180

464 508 625 574 atque
649 501 868 575 proprii
910 518 1023 559 non.
1049 518 1161 560 esse
1188 510 1462 576 separatos
1492 522 1510 558 :
1542 503 1764 575 ideoque
1810 501 1976 573 impie
2034 500 2115 555 vi-
2146 498 2202 565 Α
2232 502 2430 555 menta
2458 503 2515 556 et
2544 498 2874 557 ministeria
2903 500 3118 558 divina.
3152 501 3255 558 sed
3300 500 3479 559 etiam
3510 499 3706 560 locum
3738 504 3891 580 regi-

464 608 588 648 vere
613 593 928 663 permissos,
957 601 1166 650 aeterno
1196 595 1319 665 igne
1348 592 1669 665 puniendos.

541 682 603 737 In
628 680 719 737 his
735 681 926 737 verbis
946 683 1101 754 quod
1120 682 1202 737 ita
1220 682 1492 754 intelligit
1506 682 1535 737 .l
1544 682 1720 736 udam
1740 681 1894 736 inter
1908 680 2123 735 electos

470 768 766 843 apostolos
788 788 822 825 a
842 771 1088 827 Domino
1114 776 1620 839 connumeratum,
1650 771 1749 826 ubi
1784 770 1866 826 ait
1894 788 1906 825 :
1936 770 2126 826 Nonne

470 858 755 914 duodecim
800 877 891 916 vos
938 877 1034 930 ego
1082 862 1221 931 elegi
1248 861 1423 929 (Joan.
1455 877 1530 929 v1,
1553 859 1683 928 7t)?
1716 863 1779 914 ut
1811 859 2000 914 caeteri
2033 858 2123 913 in-

473 947 815 1021 telligantur
842 965 972 1004 vero
1011 947 1196 1017 electi,
1232 948 1327 1004 ille
1380 965 1514 1005 vero
1558 948 1717 1004 velut
1748 966 1782 1003 a
1812 947 2123 1013 contrario,

476 1038 536 1093 id
568 1042 657 1093 est
686 1055 786 1109 per
815 1037 1084 1105 ironiam,
1113 1037 1193 1093 ita
1224 1037 1301 1093 sit
1330 1038 1689 1111 appellatus;
1724 1037 1931 1093 melius
1960 1042 2049 1093 est
2078 1037 2127 1092 si

477 1126 560 1182 ita
579 1126 916 1199 accipiatur,
941 1130 1007 1181 ut
1027 1126 1252 1182 Veritas
1272 1145 1474 1183 verum
1496 1128 1714 1183 dixisse
1738 1129 2130 1201 agnoscatur?

478 1220 545 1270 ut
567 1232 769 1271 omnes
791 1214 1097 1271 duodecim
1120 1215 1286 1272 electi
1313 1234 1347 1271 a
1370 1216 1617 1273 Domino
1650 1234 1777 1273 esse
1807 1217 2132 1291 intelligan-

478 1309 577 1360 tur
599 1322 611 1359 :
638 1304 737 1360 sed
759 1303 928 1360 aliter
948 1305 1159 1374 caeteri,
1182 1304 1351 1361 aliter
1369 1307 1398 1361 J
1406 1307 1574 1373 udas,
1596 1306 1655 1363 id
1678 1311 1766 1363 est
1785 1306 1867 1362 illi
1896 1310 2133 1363 aeterna-

477 1394 610 1450 liter
639 1394 710 1448 ad
743 1410 1010 1466 regnum,
1046 1395 1156 1450 iste
1189 1395 1590 1467 temporaliter
1609 1397 1681 1451 ad
1716 1396 2128 1453 ministerium.

476 1482 711 1539 Electus
742 1500 999 1556 namque
1020 1485 1091 1540 ad
1122 1488 1358 1557 tempus
1381 1484 1534 1540 inter
1554 1488 1792 1540 caeteros
1814 1487 1885 1541 ad
1907 1491 2134 1559 aposto-

478 1571 660 1627 licum
712 1571 1128 1641 ministerium,
1162 1573 1384 1629 missus
1414 1575 1484 1629 ad
1524 1574 1951 1646 praedicationis
2004 1576 2133 1630 ofﬁ-

480 1662 637 1717 cium
660 1679 672 1716 :
697 1661 920 1734 accepit
940 1662 1118 1717 etiam
1140 1662 1382 1718 forsitan
1409 1663 1659 1735 gratiam
1681 1663 2095 1720 miraculorum
2118 1683 2132 1733 ;

483 1751 640 1806 unde
661 1755 717 1806 et
737 1751 943 1806 beatus
966 1750 1171 1807 Petrus
1192 1751 1251 1807 in
1272 1751 1512 1808 Actibus
1539 1752 1936 1825 apostolorum
1960 1755 2043 1810 sic
2066 1756 2135 1810 de

2233 589 2449 645 minis:
2474 594 2649 662 atque
2680 594 2739 645 ta
2771 595 3126 647 monstraret
3150 591 3277 648 suis
3307 592 3638 665 exemplum
3671 595 3897 667 patien-

2231 678 2346 746 tiaz,
2371 697 2549 752 quam
2592 679 2876 753 patienter
2915 680 3137 737 scilicet
3175 681 3451 737 toleraret
3499 682 3706 751 malos,
3741 685 3898 741 sicut

2233 768 2360 842 ipse
2388 769 2568 824 istum
2611 773 2667 824 et
2702 768 3004 825 verissime
3044 775 3301 842 noverat,
3325 775 3382 826 et
3413 771 3562 828 mira
3609 773 3896 845 patientia

2235 858 2547 926 tolerabat;
2582 875 2655 913 ne
2696 862 2975 931 putarent
3003 858 3121 914 veri
3155 859 3355 916 fideles
3381 860 3590 917 talium
3614 862 3897 921 societate

2238 964 2299 1004 se
2321 947 2616 1020 pollui,vel
2636 964 2836 1004 eorum
2860 948 3342 1022 ministeria,quae
3360 952 3686 1007 secundum
3704 953 3896 1009 Deum

2238 1043 2395 1105 sunt,
2424 1038 2784 1110 respuenda:
2806 1037 2960 1093 sicut
2991 1054 3095 1093 nec
3117 1038 3272 1094 beati
3294 1040 3540 1112 apostoli
3573 1039 3733 1097 illius
3758 1043 3900 1098 {icta

2239 1126 2513 1183 societate
2561 1125 2994 1197 polluebantur,
3029 1144 3135 1182 nec
3192 1129 3322 1199 ejus
3381 1127 3794 1201 ministerium,
3833 1132 3895 1189 in

2241 1219 2528 1290 quantum
2559 1216 2884 1271 secundum
2917 1216 3102 1272 Deum
3135 1217 3327 1286 fiebat,
3352 1223 3442 1275 est
3470 1218 3895 1292 improbatum.

2242 1305 2506 1377 Cumque
2529 1321 2713 1376 usque
2730 1305 2803 1360 ad
2827 1304 3177 1377 proditionis
3196 1305 3420 1362 malum
3437 1308 3567 1380 ejus
3583 1308 3899 1368 infelicitas

2242 1393 2620 1467 pervenisset,
2656 1398 2776 1449 tam
2807 1410 3089 1466 magnum
3121 1395 3298 1451 unius
3327 1394 3637 1453 hominum
3667 1398 3897 1456 malum

2243 1482 2524 1539 convertit
2554 1483 2612 1538 in
2643 1482 2823 1538 totius
2845 1483 3052 1538 mundi
3078 1484 3320 1551 bonum,
3349 1485 3492 1541 dum
3514 1502 3618 1558 per
3641 1486 3749 1543 hoc
3780 1490 3900 1561 ipse

2242 1590 2401 1629 verus
2447 1573 2761 1629 immolatus
2818 1581 2895 1628 est
2952 1572 3155 1644 Agnus,
3184 1576 3283 1646 qui
3339 1575 3566 1631 abstulit
3617 1585 3903 1648 peccatum

2242 1662 2471 1718 mundi:
2503 1665 2679 1734 atque
2708 1661 2790 1718 ita
2836 1661 2894 1716 in
2925 1665 3157 1717 tantum
3189 1663 3336 1720 bene
3366 1664 3556 1720 bonus
3607 1665 3900 1722 Dominus

2247 1768 2380 1806 eum
2403 1750 2575 1824 elegit
2596 1751 2668 1806 ad
2700 1752 3013 1818 bonum,ut
3034 1756 3091 1807 et
3111 1751 3265 1807 bona
3285 1770 3393 1808 sua
3417 1752 3503 1809 illi
3535 1755 3898 1826 concederet,

483 1857 551 1895 eo
572 1839 834 1912 loquitur
855 1857 868 1895 :
893 1840 1339 1913 Quandoquidem
1360 1851 1783 1898 eonnumeratus
1807 1851 1925 1898 erat
1956 1846 2011 1899 in
2044 1861 2137 1900 no-
2166 1872 2214 1936 Β
2245 1843 2301 1896 et
2332 1840 2486 1896 mala
2514 1840 2672 1895 illius
2705 1841 2763 1895 in
2795 1845 3063 1896 nostrum
3096 1842 3316 1897 bonum
3340 1846 3904 1914 commutaret.0uia

487 1930 590 1996 bis,
613 1937 663 1984 et
688 1930 910 1985 sortitus
938 1937 1017 1985 est
1044 1936 1244 1985 sortem
1279 1932 1580 1986 ministerii
1607 1932 1769 2004 hujus
1801 1932 1934 2004 (Aet.
1958 1950 1997 1999 ι,
2026 1934 2133 2002 17).

485 2018 555 2072 Et
580 2035 714 2073 cum
747 2018 1097 2075 statuissent
1125 2020 1294 2086 duos,
1323 2024 1380 2075 et
1411 2024 1644 2075 orarent
1672 2025 1737 2075 ut
1765 2021 1920 2077 Deus
1950 2026 2139 2078 ostenv

487 2106 648 2162 deret
677 2106 809 2178 quis
833 2124 901 2162 ex
925 2107 1008 2162 eis
1039 2107 1096 2161 in
1130 2106 1323 2163 locum
1349 2123 1524 2178 quem
1554 2107 1678 2180 ipse
1710 2111 2137 2181 przevaricando

486 2196 782 2264 amiserat,
815 2195 1101 2252 constitui
1135 2196 1388 2265 deberet,
1422 2195 1504 2251 ita
1540 2197 1937 2270 supplicantes
1976 2200 2137 2255 dixe-

485 2290 624 2342 runt
657 2304 669 2341 :
706 2288 781 2341 Tu
816 2287 975 2353 Deus,
1005 2288 1104 2357 qui
1155 2285 1319 2341 corda
1374 2288 1519 2342 nosti
1570 2287 1872 2353 hominum,
1920 2289 2139 2345 ostende

487 2393 645 2449 quem
670 2376 897 2447 elegeris
916 2391 986 2430 ea:
1015 2376 1100 2429 his
1120 2374 1328 2430 duobus
1351 2376 1593 2446 accipere
1610 2383 1811 2431 sortem
1839 2378 2140 2432 ministerii

486 2465 650 2537 hujus
679 2471 731 2519 et
758 2464 1106 2536 apostolatus,
1129 2463 1195 2518 de
1237 2479 1341 2535 quo
1384 2466 1783 2534 prwvaricatus
1828 2474 1906 2521 est
1949 2466 2135 2535 ludas,

485 2562 546 2609 ut
573 2554 752 2609 abiret
783 2554 846 2609 in
876 2553 1054 2629 locum
1079 2570 1243 2607 suum
1274 2552 1454 2625 (Ibid,
1477 2555 1567 2620 24,
1600 2553 1710 2625 25).
1742 2554 1825 2610 Ita
1857 2571 1993 2628 ergo
2024 2554 2138 2610 ele-

487 2646 616 2699 ctus
647 2646 772 2697 erat
802 2660 837 2697 a
868 2642 1131 2707 Domino,
1155 2645 1221 2696 ut
1258 2641 1567 2713 temporali
1607 2644 1861 2715 quadam
1902 2644 2138 2717 dispen-

487 2733 714 2788 satione
752 2732 1208 2803 conjungeretur
1246 2729 1546 2803 apostolis,
1570 2735 1626 2786 et
1666 2733 1973 2789 sortiretur
2002 2750 2138 2790 cum

486 2821 571 2878 eis
603 2824 816 2877 sortem
854 2818 1163 2875 ministerii
1194 2824 1251 2874 et
1279 2819 1681 2892 apostolatus:
1707 2820 1789 2876 ita
1818 2825 1884 2876 ut
1911 2822 1981 2877 de
2012 2822 2139 2895 ipso

487 2910 671 2983 gradu
706 2908 1024 2982 apostolico
1054 2908 1286 2963 dicatur
1331 2924 1460 2964 esse
1507 2910 1948 2981 praevaricatus;
1983 2913 2139 2984 quod

487 3003 685 3054 tamen
707 2998 992 3053 Dominus
1016 3015 1132 3052 non
1154 2997 1307 3065 fecit,
1323 2998 1492 3068 quasi
1516 2998 1756 3070 ignarus
1785 2999 2137 3071 futurorum,

491 3088 589 3160 qui
624 3103 857 3159 semper
886 3090 1121 3143 noverat
1148 3089 1207 3141 in
1246 3090 1462 3141 aeterna
1510 3104 1618 3142 sua
1667 3090 2050 3161 praiscientia,
2086 3095 2143 3147 et

492 3181 832 3233 caeterorum
863 3174 1257 3249 apostolorum
1282 3176 1920 3248 perseverantissimam
1944 3180 2138 3251 fidem,

495 3270 551 3322 et
578 3266 739 3322 illius
787 3283 1012 3335 casum,
1048 3269 1103 3321 et
1134 3266 1365 3321 ruinam
1414 3266 1671 3322 futuram
1707 3283 1720 3323 :
1755 3267 1909 3324 sicut
1940 3270 2145 3326 beatus

493 3356 747 3412 Joannes
779 3354 1148 3429 Evangelista
1176 3354 1376 3411 dicens
1418 3358 1667 3411 testatur
1699 3372 1710 3411 :
1743 3357 1958 3414 Sciebat
1996 3361 2146 3416 enim

491 3448 559 3502 ab
590 3448 750 3502 initio
777 3446 950 3512 Iesus,
973 3447 1073 3518 qui
1099 3453 1272 3501 essent
1299 3445 1592 3511 credentes,
1614 3453 1665 3501 et
1693 3448 1816 3518 quis
1847 3447 2145 3505 traditurus

491 3544 623 3592 esset
645 3553 770 3592 eum
794 3535 967 3607 (Joan.
991 3553 1066 3601 Vl,
1089 3534 1202 3603 65).
1224 3534 1386 3589 Unde
1421 3537 1478 3589 et
1512 3535 1635 3606 ipse
1678 3535 1981 3605 Dominus,
2007 3554 2141 3593 cum

491 3625 735 3680 dixisset
753 3623 894 3678 illud
913 3624 1065 3694 quod
1086 3640 1265 3694 supra
1281 3628 1804 3679 commemoratum
1824 3629 1912 3680 est
1928 3643 1939 3680 :
1955 3626 2144 3683 Nonne

489 3714 772 3770 duodecim
785 3730 875 3769 vos
894 3714 1033 3785 elegi
1041 3713 1261 3783 ?(lbid.,
1275 3714 1389 3785 71.)
1412 3718 1691 3785 tanquam
1711 3731 1841 3769 vere
1866 3716 2142 3787 przescius

492 3804 846 3866 futurorum,
871 3803 1070 3858 statim
1094 3802 1399 3874 subjunxit
1422 3820 1435 3859 :
1458 3806 1523 3858 Et
1552 3820 1693 3859 unus
1736 3820 1805 3859 ea:
1844 3806 1993 3860 vobis
2020 3806 2140 3863 dia-

493 3894 649 3949 bolus
677 3901 772 3949 est.
796 3892 955 3957 Quod
982 3892 1348 3965 Evangelista
1367 3909 1662 3964 exponens
1682 3893 1751 3948 de
1775 3911 1888 3966 quo
1910 3894 2140 3964 dixerit,

491 3982 717 4038 addidit
772 3982 1095 4037 continuo:
1143 3984 1365 4038 Dicebat
1419 3990 1602 4037 autem
1653 3983 1857 4038 Judam
1906 3984 2144 4040 Simonis

490 4074 783 4130 Iscarioten
809 4092 827 4127 :
859 4072 948 4149 hic
974 4074 1123 4127 enim
1159 4079 1279 4126 erat
1305 4071 1609 4127 traditurus
1661 4089 1807 4138 eum,
1839 4089 1965 4128 cum
2010 4083 2145 4130 esset

490 4180 634 4218 unus
663 4179 733 4218 ea:
778 4161 1062 4216 duodecim
1091 4160 1249 4228 (Ibid.
1284 4160 1394 4230 72).
1420 4159 1667 4215 Noverat
1720 4161 1896 4217 etiam
1946 4161 2142 4219 locum

490 4249 885 4307 damnationis
915 4250 1045 4321 ejus
1076 4249 1133 4303 in
1167 4247 1473 4320 suppliciis
1496 4249 1996 4323 sempiternis,qui
2029 4269 2143 4306 me-

490 4340 600 4397 rito
633 4339 954 4412 impietatis
984 4356 1103 4394 sua:
1126 4337 1316 4392 fuerat
1335 4336 1665 4393 destinatus
1690 4343 1747 4393 et
1772 4340 2143 4411 praedestina-

490 4436 607 4485 tus.
632 4430 795 4485 Unde
825 4432 882 4483 et
912 4428 984 4483 ab
1027 4426 1308 4498 apostolis
1360 4427 1583 4482 dictum
1633 4432 1757 4483 est:
1787 4430 1850 4486 Ut
1873 4429 2049 4486 abiret
2079 4433 2141 4487 in

490 4520 669 4575 locum
684 4534 845 4572 suum
869 4517 1001 4588 (Act.
1028 4531 1067 4583 ι,
1090 4517 1201 4583 25).
1229 4515 1292 4569 Et
1312 4514 1439 4587 ipse
1468 4515 1754 4571 Dominus
1784 4516 1896 4572 ait:
1932 4519 2022 4575 νινε
2042 4520 2135 4576 h0-

2249 1931 2405 2004 quod
2428 1931 2838 2002 praevaricatus
2855 1932 3124 2002 est,quod
3151 1932 3341 2004 periit,
3359 1951 3478 1989 suae
3499 1934 3733 1990 malitia:
3757 1936 3900 2006 fuit;

2248 2020 2403 2092 quod
2435 2022 2630 2074 autem
2662 2018 2814 2075 inter
2859 2020 3044 2075 bonos
3091 2018 3310 2077 electus
3340 2025 3448 2091 est,
3474 2022 3751 2081 bonitatis
3781 2025 3906 2081 Do-

2250 2106 2415 2163 mini.
2457 2108 2517 2163 Si
2557 2108 2980 2180 permansisset
3006 2108 3066 2164 in
3101 2109 3379 2180 bonitate,
3407 2111 3561 2168 sicut
3588 2113 3907 2186 Apostolus

2249 2197 2330 2252 ait
2354 2215 2366 2253 :
2395 2197 2521 2253 Vide
2547 2214 2673 2266 ergo
2706 2198 2999 2253 bonitatem
3028 2206 3077 2254 et
3096 2201 3431 2256 severitatem
3443 2203 3572 2270 Dei;
3595 2204 3655 2259 in
3674 2220 3762 2260 eos
3781 2208 3908 2276 qui-

2247 2287 2368 2341 dem
2396 2286 2493 2357 qui
2533 2286 2841 2342 ceciderunt
2884 2288 3241 2352 severitatem,
3277 2290 3336 2344 in
3366 2298 3416 2345 te
3459 2298 3639 2346 autem
3685 2293 3906 2349 bonita-

2249 2383 2372 2442 tem,
2409 2376 2461 2431 si
2491 2378 2861 2447 permanseris
2891 2379 2951 2432 in
2981 2377 3216 2434 bonitate
3248 2380 3428 2451 (Rom.
3462 2397 3538 2445 xu,
3570 2384 3683 2450 22).
3707 2383 3906 2447 Quan-

2249 2469 2376 2520 tum
2399 2480 2535 2537 ergo
2553 2464 2623 2519 ad
2642 2464 2963 2536 temporale
2978 2465 3346 2538 apostolatus
3363 2467 3752 2526 ministerium
3771 2472 3912 2527 atti-

2250 2554 2453 2622 net,de
2476 2570 2590 2624 quo
2612 2553 2896 2609 Dominus
2929 2558 3066 2610 tunc
3091 2555 3458 2628 loquebatur,
3484 2575 3616 2614 cum
3643 2559 3865 2616 diceret
3892 2579 3905 2617 :

2250 2643 2437 2698 Nonne
2469 2643 2752 2698 duodecim
2781 2659 2871 2699 vos
2896 2644 3072 2715 elegi?
3094 2646 3268 2717 (Joan.
3293 2664 3370 2715 v1,
3392 2648 3506 2716 71.)
3526 2652 3679 2704 Bene
3707 2653 3910 2721 potest

2251 2730 2361 2787 dici
2394 2734 2450 2786 et
2479 2730 2587 2786 iste
2617 2731 2770 2786 inter
2801 2736 3036 2787 caeteros
3069 2732 3307 2790 electus.
3334 2731 3629 2803 Quantum
3659 2754 3792 2792 vero
3833 2739 3912 2794 ad

2251 2824 2526 2877 mternam
2558 2821 2935 2876 beatitudinis
2975 2821 3337 2889 electionem,
3363 2823 3449 2879 illi
3498 2828 3915 2893 tantummodo

2252 2909 2417 2966 electi
2453 2913 2639 2977 erant,
2662 2911 2733 2965 de
2766 2909 2981 2982 quibus
3020 2928 3154 2967 cum
3186 2911 3339 2969 inter
3368 2913 3546 2970 istum
3579 2919 3637 2970 et
3666 2913 3798 2971 illos
3833 2916 3919 2972 fa-

2252 3002 2405 3055 ceret
2435 2997 2890 3066 distinctionem,
2916 2999 3032 3055 ait:
3067 3001 3185 3057 Non
3213 3001 3277 3057 de
3305 3005 3557 3059 omnibus
3586 3006 3739 3061 vobis
3757 3004 3908 3073 dico,

2251 3105 2345 3159 ego
2373 3090 2484 3143 scio
2513 3104 2643 3159 quos
2670 3090 2929 3158 elegerim
2952 3090 3127 3162 (Joan.
3159 3108 3280 3159 xm,
3308 3092 3417 3159 18).

2323 3179 2510 3250 Atque
2538 3176 2621 3232 ita
2650 3177 2797 3232 bene
2820 3181 2878 3233 et
2904 3194 3036 3234 vere
3080 3182 3275 3251 potest
3321 3179 3567 3255 intelligi
3596 3182 3818 3238 dictum
3853 3188 3915 3240 et

2253 3267 2528 3340 adjuncto
2560 3267 2747 3323 Juda:
2774 3271 2967 3324 Nonne
2983 3268 3267 3325 duodecim
3296 3286 3384 3326 vos
3415 3270 3583 3344 eligi?
3609 3276 3666 3327 et
3694 3270 3794 3327 illo
3820 3290 3914 3330 se-

2253 3362 2488 3429 gregato
2520 3360 2802 3428 tanquam
2854 3358 3098 3430 reprobo
3123 3375 3135 3414 :
3162 3361 3281 3428 Ego
3325 3362 3435 3415 scio
3466 3377 3597 3433 quos
3625 3361 3910 3433 elegerim.

2253 3446 2367 3501 Nec
2400 3462 2636 3502 necesse
2664 3450 2752 3502 est
2781 3463 2812 3501 e
2843 3447 3130 3503 contrario
3162 3447 3367 3522 accipi.
3392 3451 3553 3516 Quod
3586 3455 3914 3524 utrumque

2251 3553 2454 3591 verum
2494 3535 2741 3591 evidenti
2798 3536 3022 3591 ratione
3077 3541 3483 3592 monstratur:
3517 3537 3601 3594 sic
3651 3557 3915 3615 namque

2253 3624 2427 3679 etiam
2452 3625 2523 3679 de
2545 3625 2718 3681 Saule
2741 3624 3025 3696 scriptum
3043 3629 3152 3694 est,
3172 3642 3303 3680 cum
3327 3630 3484 3681 esset
3505 3626 3811 3701 eligendus
3832 3632 3914 3687 ad

2254 3730 2497 3787 regnum
2529 3713 2621 3769 cui
2644 3715 2702 3768 in
2729 3713 2931 3769 multls
2955 3714 3116 3770 utilis
3138 3719 3262 3770 erat
3293 3716 3526 3771 futurus
3549 3718 3703 3789 quod
3727 3719 3912 3777 etiam

2254 3802 2399 3857 forte
2428 3801 2646 3857 electus
2679 3802 2917 3875 accepit,
2941 3802 3165 3858 dicente
3187 3802 3491 3875 Scriptura
3515 3822 3528 3860 :
3560 3807 3699 3862 Erat
3728 3809 3816 3862 vir
3845 3809 3916 3866 de

2252 3891 2399 3947 tribu
2448 3892 2738 3964 Benjamin
2788 3891 3045 3946 vocabulo
3102 3891 3240 3947 Saul
3294 3893 3508 3961 electus,
3539 3902 3590 3949 et
3634 3896 3825 3965 bonus,
3862 3904 3921 3955 et

2252 3998 2358 4038 non
2390 3990 2509 4037 erat
2535 3982 2601 4036 de
2627 3982 2761 4052 ﬁliis
2801 3981 2972 4036 Israel
3012 3982 3209 4037 melior
3250 3983 3348 4038 illo
3374 3982 3418 4055 (I
3446 3972 3571 4055 Reg.
3596 4001 3673 4051 lx,
3695 3985 3771 4057 2).
3796 3986 3916 4051 Qui

2251 4076 2447 4126 tamen
2482 4074 2683 4141 postea
2713 4069 3115 4126 infelicissime
3158 4072 3503 4143 reprobatus
3533 4077 3591 4128 et
3641 4073 3916 4145 abjectus

2252 4160 2442 4233 periit.
2467 4161 2535 4215 Et
2561 4163 2757 4213 tamen
2816 4159 2887 4213 ad
2939 4163 3172 4232 tempus
3217 4160 3363 4217 bene
3392 4161 3462 4216 ad
3520 4162 3912 4235 temporalem

2252 4249 2582 4323 quamdam
2619 4247 2781 4320 regni
2830 4247 3140 4303 utilitatem
3190 4248 3412 4306 electus
3445 4250 3681 4320 dicitur,
3716 4252 3819 4325 qui
3852 4259 3916 4311 et

2253 4338 2496 4412 mystica
2519 4337 2809 4402 unctione,
2825 4340 2881 4393 et
2902 4338 3077 4393 sortis
3108 4338 3407 4407 electione,
3432 4356 3534 4411 per
3555 4341 3911 4414 prophetam

2249 4431 2520 4483 sanetum
2553 4426 2651 4481 Dei
2676 4425 2888 4498 populo
2918 4425 3213 4498 praalatus.
3239 4427 3346 4483 Ubi
3378 4432 3572 4483 autem
3605 4429 3914 4503 Scriptura

2247 4514 2581 4588 evangelica
2623 4514 2953 4586 specialiter
2982 4514 3169 4571 ﬁlium
3216 4516 3480 4572 nominet
3525 4517 3763 4586 Judam,
3794 4538 3911 4578 nos

489 4609 633 4662 mini
650 4608 759 4670 illi,
768 4622 868 4677 per
885 4621 1043 4677 quem
1059 4605 1237 4659 Filius
1256 4604 1494 4659 heminis
1519 4605 1791 4660 tradetur:
1813 4606 2011 4662 bonum
2025 4617 2145 4665 erat
2173 4615 2218 4679 D
2253 4606 2494 4661 minime
2523 4605 2793 4677 legimus.
2821 4606 2982 4670 Quod
3017 4606 3172 4661 enim
3206 4606 3490 4663 Dominus
3519 4608 3591 4664 de
3620 4610 3910 4681 apostolis

487 4705 539 4753 et
566 4698 617 4751 si
644 4703 809 4750 natus
838 4710 948 4749 non
984 4694 1175 4765 fuisset
1212 4692 1367 4748 homo
1408 4694 1503 4748 ille
1526 4694 1731 4762 (Matth.
1756 4712 1907 4761 xxw,
1930 4695 2041 4768 24).
2067 4698 2136 4752 Et

487 4791 682 4841 tamen
714 4782 899 4839 voluit
927 4799 1083 4851 eum,
1110 4787 1173 4837 ut
1203 4781 1425 4837 dictum
1453 4787 1562 4850 est,
1588 4783 1658 4837 ad
1691 4786 1924 4855 tempus
1963 4785 2136 4839 mini-

486 4874 700 4931 terium
733 4877 791 4929 et
817 4871 1011 4927 locum
1052 4870 1414 4945 apostolatus
1455 4870 1735 4943 accipere,
1760 4876 1846 4936 ut,
1876 4890 2009 4928 cum
2040 4873 2137 4930 ille

487 4963 640 5020 male
662 4962 882 5018 abusus
905 4961 1115 5016 fuisset
1133 4959 1541 5016 tantaDomini
1568 4960 2137 5027 bonitate,Dominus

487 5071 516 5109 e
548 5051 838 5108 contrario
869 5051 1016 5106 bene
1048 5053 1309 5105 uteretur
1338 5065 1551 5121 magno
1583 5050 1712 5120 ejus
1741 5050 1896 5105 malo
1927 5052 2000 5106 ad
2032 5069 2133 5107 no-

488 5147 676 5199 strum
699 5156 979 5214 magnum
998 5139 1215 5194 bonum
1233 5154 1246 5192 :
1262 5138 1477 5193 docens
1500 5136 1602 5192 tali
1620 5138 1883 5211 exemplo
1907 5140 2134 5197 futuros

489 5232 547 5285 in
581 5229 833 5285 Ecclesia
864 5245 972 5283 sua
992 5226 1178 5282 malos
1208 5226 1512 5293 admistos,
1540 5226 1694 5282 sicut
1723 5231 1780 5282 et
1810 5227 1917 5283 iste
1945 5228 2004 5283 in
2035 5229 2134 5285 illa

489 5325 625 5376 tunc
656 5318 931 5375 societate
955 5314 1353 5390 apostolorum
1377 5315 1448 5369 ad
1472 5319 1704 5387 tempus
1727 5316 1940 5373 mistus
1963 5323 2134 5385 est,et

485 5407 1023 5466 communicaturos
1060 5422 1193 5460 cum
1245 5404 1503 5460 Ecclesia
1532 5420 1648 5458 non
1698 5404 1888 5460 solum
1938 5424 2129 5464 sacra-

2246 4695 2506 4752 aitzNon
2532 4702 2758 4766 possunt
2797 4695 2910 4765 ﬁlii
2954 4696 3141 4766 sponsi
3178 4695 3456 4767 jejunare,
3483 4698 3729 4770 quandiu
3776 4716 3911 4757 cum

2246 4787 2380 4857 ipsis
2408 4792 2487 4839 est
2515 4799 2744 4854 sponsus
2771 4785 2922 4852 (Luc.
2945 4800 3001 4849 ν,
3023 4784 3112 4854 34)
3142 4801 3152 4839 ;
3179 4783 3342 4840 nulla
3371 4786 3691 4843 necessitas
3722 4788 3904 4861 cogit,

2246 4878 2310 4928 ut
2334 4890 2450 4928 non
2481 4872 2656 4927 etiam
2688 4871 2843 4927 Juda
2866 4876 3101 4944 excepto
3131 4873 3201 4929 de
3232 4873 3456 4930 caeteris
3487 4877 3906 4934 tantummodo

2244 4963 2466 5018 dictum
2499 4964 2653 5017 recte
2682 4960 2926 5034 intelligi
2958 4961 3163 5034 possit.
3190 4963 3275 5017 Ad
3305 4979 3452 5035 quos
3482 4964 3686 5036 utique
3718 4964 3903 5034 solos,

2243 5052 2342 5107 illo
2353 5052 2476 5124 jam
2496 5049 2740 5123 perdito,
2755 5049 2898 5105 illud
2918 5049 3169 5122 pertinet
3185 5053 3338 5123 quod
3353 5052 3639 5109 Dominus
3657 5054 3907 5125 subjun-

2242 5141 2344 5215 git,
2382 5139 2584 5195 dicens
2609 5157 2621 5195 :
2653 5141 2871 5194 Venient
2898 5148 3079 5195 autem
3106 5139 3222 5196 dies
3251 5157 3374 5196 eum
3404 5143 3689 5213 auferetur
3719 5144 3786 5197 ab
3816 5146 3904 5200 eis

2240 5246 2487 5299 sponsus,
2518 5236 2571 5283 et
2600 5235 2716 5283 tum
2733 5229 3067 5301 jejunabunt
3098 5231 3158 5284 in
3198 5231 3312 5286 illis
3354 5230 3542 5286 diebus
3573 5231 3754 5301 (Ibid,
3778 5233 3898 5302 35).

2242 5320 2351 5376 Sed
2376 5318 2424 5373 si
2445 5318 2579 5390 quis
2598 5318 2773 5373 etiam
2792 5316 2988 5390 ipsum
3010 5317 3225 5374 Judam
3248 5319 3308 5374 in
3330 5319 3424 5375 his
3446 5319 3639 5375 verbis
3661 5320 3900 5377 Domini

2238 5390 2570 5463 inter'ﬁlios
2610 5406 2733 5460 vult
2781 5406 3027 5480 intelligi
3081 5407 3426 5480 deputatum
3454 5408 3552 5480 (α),
3586 5407 3901 5466 manifeste

1466 5510 1679 5565 NOTXE
1719 5511 2057 5569 DUVALLII
2098 5513 2453 5572 DOCTORIS
2494 5512 2895 5568 SORBONICI.

553 5604 625 5674 (ιι)
658 5604 834 5659 Docet
860 5599 1293 5674 Judamgﬁlium
1326 5599 1505 5655 fuisse
1544 5604 1779 5674 propter
1813 5600 2123 5670 aliqualem

480 5670 653 5731 ﬁdem
678 5674 736 5730 in
759 5674 1054 5731 Christum
1078 5670 1412 5740 Dominum,
1432 5675 1486 5726 et
1506 5670 1772 5726 eamdem
1795 5689 2123 5732 sacramen-

2234 5608 2425 5661 torum
2458 5601 2982 5677 participationem.
3008 5604 3090 5659 Ex
3112 5603 3377 5677 quodnon
3406 5607 3751 5677 novatorum
3783 5601 3900 5660 haz-

2233 5693 2389 5732 rescs
2424 5672 2765 5729 refelluntur
2797 5691 2810 5730 :
2843 5674 3000 5746 prior
3049 5672 3167 5748 qua
3212 5676 3419 5731 dicunt
3467 5674 3789 5731 Ecclesiam
3822 5691 3896 5733 ex
