4100 6458
466 394 583 471 183

1579 395 1807 457 FLORI
1850 394 2167 457 DIAGONI
2211 394 2785 461 LUGDUNENSIS.

3780 389 3963 455 1847

468 525 623 586 sicut
667 524 792 599 ipse
835 523 1153 597 Apostolus
1204 524 1286 582 ait
1332 528 1509 597 (Rom.
1541 540 1622 594 ιι,
1659 528 1775 597 22),
1823 533 2011 598 aptata
2060 528 2122 582 in
2151 530 2202 596 Α
2235 526 2388 583 sicut
2417 527 2477 583 in
2510 527 2706 584 Graeco
2738 526 3007 594 habetur,
3039 524 3111 583 ab
3143 541 3209 584 eo
3242 523 3538 599 positum;
3572 524 3698 599 ipse
3740 524 3922 580 enim

468 618 785 674 interimm:
802 613 944 683 sive,
969 618 1036 669 ut
1067 614 1167 670 alii
1196 615 1646 684 transtulerunt,
1677 618 1919 688 perfecta
1948 618 2009 671 in
2039 618 2133 671 in-

472 707 692 763 teritum
725 724 743 759 :
771 707 827 759 et
860 720 967 760 suo
997 703 1269 760 videlicet
1301 705 1527 773 merito,
1547 709 1604 760 et
1625 705 1788 776 justo
1819 703 2016 760 divino
2040 706 2138 776 ju-

476 793 651 851 dicio.

550 884 631 940 De
662 882 879 955 quibus
910 898 1044 937 cum
1078 882 1185 937 iste
1211 882 1549 953 dicatzQuod
1583 885 1638 938 in
1668 900 1852 939 massa
1873 883 2137 938 damnata

479 991 550 1032 ex
574 974 871 1043 originalis
888 974 1095 1046 peccati
1104 974 1297 1027 merito
1325 975 1439 1028 sint
1465 972 1715 1028 derelicti
1730 981 1782 1028 et
1801 973 1945 1028 male
1960 974 2137 1028 vivere

478 1064 760 1138 permissi,
791 1069 841 1118 et
869 1061 939 1117 ad
979 1068 1285 1116 extremum
1330 1068 1536 1118 aeterno
1587 1064 1714 1130 igne
1755 1062 2045 1133 plectendi,
2082 1065 2139 1116 et

476 1155 603 1226 jam
636 1151 840 1207 nolens
872 1154 927 1205 et
957 1149 1362 1206 contradicens
1394 1149 1541 1205 nihil
1573 1150 1733 1205 aliud
1776 1150 1917 1205 dicit
1959 1167 2135 1222 quam

484 1241 678 1297 divino
708 1257 806 1296 eos
828 1238 1052 1311 judicio
1084 1244 1299 1294 saterno
1332 1239 1465 1310 igne
1495 1240 1962 1311 praedestinatos.
1990 1240 2137 1295 Nam

481 1331 532 1387 si
564 1346 761 1386 massa
781 1327 882 1384 illa
900 1331 1023 1384 tota
1045 1329 1319 1384 damnata
1339 1334 1447 1399 est,
1464 1327 1664 1401 utique
1679 1329 1843 1401 justo
1862 1329 1959 1384 Dei
1975 1329 2137 1401 judi-

480 1420 569 1478 cio
598 1422 686 1475 est
715 1418 1126 1485 condemnata,
1161 1421 1219 1472 et
1251 1418 1651 1473 condemnata
1680 1418 1809 1474 sine
1856 1417 2034 1475 dubio
2065 1419 2138 1474 ad

479 1512 757 1566 aeternam
788 1505 1172 1579 perditionem
1204 1510 1381 1579 atque
1412 1507 1963 1579 supplicium.Quod
1995 1507 2138 1580 quid

480 1602 572 1656 est
596 1597 757 1652 aliud
786 1613 966 1669 quam
995 1595 1148 1651 hanc
1179 1596 1447 1651 eamdem
1468 1613 1725 1652 massam
1757 1596 1951 1652 divino
1975 1597 2138 1669 judi-

482 1687 572 1744 cio
603 1687 883 1741 damnata
912 1701 1041 1740 esse
1070 1685 1143 1740 ad
1192 1683 1495 1741 interitum
1548 1685 1976 1759 sempiternum
1996 1687 2024 1741 ?
2053 1687 2140 1742 Ita

486 1776 630 1832 dum
679 1774 907 1830 veritati
951 1773 1221 1830 resistere
1279 1779 1543 1843 conatur,
1598 1773 1791 1847 ipsam
1837 1774 2138 1831 veritatem

486 1862 665 1921 etiam
697 1861 900 1918 nolens
931 1879 997 1918 ac
1030 1862 1317 1931 nesciens,
1352 1863 1571 1920 invicta
1599 1864 1843 1932 ratione,
1875 1863 2137 1921 conﬁteri

488 1949 877 2024 compellitur.

1110 2076 1341 2133 CAPUT
1377 2077 1518 2133 XIV.

555 2222 771 2287 Quarto
801 2219 1027 2276 decimo
1059 2218 1316 2291 capitulo
1347 2219 1429 2276 ita
1457 2220 1635 2276 dicit:

556 2310 606 2365 1.
638 2311 723 2365 Ex
748 2310 928 2365 verbis
956 2310 1254 2379 Augustini
1279 2311 1502 2383 probari
1546 2311 1965 2383 prwdestinatos
2002 2328 2141 2368 non-

482 2400 600 2454 nisi
626 2398 871 2471 dejustis
900 2398 1030 2467 dici,
1054 2399 1282 2455 dicentis
1313 2417 1332 2454 :
1362 2399 1667 2456 Nescientes
1695 2403 1843 2456 enim
1873 2403 1997 2473 quis
2022 2419 2145 2473 per-

486 2489 656 2544 tineat
686 2486 757 2542 ad
780 2486 1291 2558 praedestinatorum
1315 2505 1632 2555 numerum,
1665 2492 1789 2561 quis
1836 2507 1946 2545 non
1973 2493 2140 2562 perti-

486 2585 632 2633 neat.
648 2577 712 2631 Et
741 2578 940 2632 iterum
961 2596 979 2630 :
1013 2577 1118 2645 Qui
1142 2578 1554 2648 praedestinatos
1584 2596 1617 2633 a
1646 2595 1753 2634 non
1785 2579 2143 2651 prazdestina-

490 2668 559 2722 tis
589 2665 900 2721 discernere
927 2682 1037 2721 non
1066 2666 1327 2722 valemus.
1353 2666 1483 2722 Item
1517 2686 1535 2722 :
1568 2669 1686 2739 Qui
1712 2668 1914 2723 cadunt
1943 2676 1994 2724 et
2020 2686 2144 2740 per-

489 2763 638 2823 eunt,
673 2757 733 2811 in
761 2755 1273 2827 praedestinatorum
1300 2773 1528 2813 numero
1548 2773 1653 2812 non
1683 2758 1927 2827 fuerunt.

562 2849 614 2900 2.
650 2846 870 2901 Pamam
894 2845 1342 2917 praedestinatum
1386 2847 1761 2917 peccatoribus
1793 2866 1811 2902 :
1846 2849 1988 2919 ipsos
2020 2864 2143 2904 vero

486 2928 771 3006 praescitos
801 2942 1035 3003 tantum,
1068 2950 1178 2990 non
1203 2934 1643 3006 prwdestinatos.

561 3025 616 3078 3.
649 3024 754 3078 Hoc
781 3024 946 3078 ctiam
995 3024 1206 3092 legibus
1235 3025 1491 3078 humanis
1539 3024 1760 3094 conjici,
1794 3040 1919 3096 qum
1968 3026 2144 3083 homi-

493 3129 617 3169 nem
642 3130 752 3168 non
782 3112 1051 3183 deﬁniunt
1078 3111 1148 3167 ad
1174 3112 1508 3183 peccandum
1528 3131 1556 3167 -:
1585 3129 1770 3184 poenas
1812 3123 1995 3170 autem
2020 3132 2143 3187 pec-

489 3203 695 3258 caturis
740 3200 1066 3273 deﬁniendo,
1118 3203 1262 3256 nihil
1305 3201 1461 3256 aliud
1508 3210 1774 3274 appetere,
1808 3220 1974 3275 quam
2014 3221 2142 3276 pro-

2170 1906 2219 1971 B

2244 617 2521 684 sermo,id
2554 621 2644 673 est
2673 616 2933 682 πρώρισεν,
2964 616 3142 673 etiam
3173 615 3269 672 hic
3302 615 3519 690 legitur
3565 615 3626 671 in
3677 615 3919 683 Graeco,

2244 705 2345 762 ubi
2375 706 2473 761 ille
2503 706 2700 778 posuit
2732 723 2745 760 :
2781 707 2915 775 Quae
2943 720 3142 761 manus
3171 713 3288 770 tua,
3317 714 3369 761 et
3413 705 3710 761 consilium
3740 719 3925 776 prae-

2242 795 2535 851 destinavit
2558 796 2701 866 ﬁeri.
2736 795 2844 861 Qui
2894 795 3071 853 etiam
3104 793 3164 849 in
3197 792 3453 866 Epistola
3482 794 3557 849 ad
3605 794 3922 849 Romanos

2246 885 2438 941 Graece
2469 885 2791 953 invenitur,
2834 884 2933 939 ubi
2979 882 3295 955 Apostolus
3348 883 3476 939 ait:
3528 886 3671 953 Quos
3717 891 3928 938 autem

2241 974 2675 1046 pra'destinavit,
2706 975 2801 1029 hos
2829 982 2880 1029 et
2921 975 3132 1029 vocavit
3159 977 3338 1042 (Rom.
3370 990 3493 1041 vm,
3525 973 3636 1043 30).
3671 973 3750 1028 Ex
3781 988 3919 1044 quo

2247 1063 2628 1119 manifestum
2658 1067 2745 1118 est
2759 1063 3029 1117 eumdem
3044 1063 3307 1118 Graecum
3320 1078 3653 1118 sermonem
3670 1061 3923 1134 proprie

2244 1151 2305 1207 in
2340 1152 2614 1207 Latinum
2648 1151 3017 1224 interpretari
3036 1150 3485 1223 praedestinavit:
3498 1164 3670 1224 posse
3700 1156 3917 1207 autem

2246 1240 2616 1313 interpretari
2647 1241 2715 1296 ad
2745 1257 2986 1297 sensum
3019 1239 3197 1296 etiam
3222 1240 3479 1307 decrevit,
3508 1239 3628 1296 sive
3650 1242 3921 1313 praeﬁni—

2245 1333 2341 1398 vit,
2356 1334 2421 1386 ut
2451 1329 2777 1387 certissime
2806 1328 3226 1403 intelligamus,
3255 1329 3728 1402 predestinatum
3748 1330 3918 1387 nihil

2245 1436 2373 1477 esse
2404 1419 2563 1475 aliud
2595 1435 2774 1492 quam
2807 1420 3105 1475 decretum
3134 1423 3193 1475 et
3222 1418 3730 1475 deﬁnitum.Sicut
3758 1423 3821 1476 et
3834 1436 3918 1476 ex

2245 1509 2437 1566 verbis
2467 1509 2630 1565 Isaia;
2661 1508 2979 1582 prophetas,
3013 1508 3233 1581 quibus
3264 1508 3346 1563 ait
3379 1524 3393 1564 :
3436 1510 3703 1565 Dominus
3749 1511 3919 1565 enim

2244 1601 2386 1655 Deus
2414 1601 2755 1655 exercituum
2800 1597 3036 1654 decrevit
3077 1598 3204 1668 (Isa.
3237 1615 3348 1665 xw,
3391 1601 3522 1668 27);
3566 1601 3624 1653 et
3670 1615 3739 1654 ex
3782 1598 3919 1656 illis

2246 1687 2437 1744 verbis
2467 1686 2600 1743 libri
2631 1686 2888 1742 Danielis
2922 1704 2934 1742 :
2967 1687 3029 1742 In
3057 1689 3322 1743 sententia
3367 1688 3602 1759 vigilum
3629 1688 3920 1744 decretum

2247 1786 2325 1833 est
2356 1778 2726 1850 (Dan.1v,1/i),
2742 1777 2870 1848 jam
2893 1793 3074 1848 supra
3094 1775 3532 1832 evidentissime
3548 1780 3638 1833 est
3658 1777 3919 1833 demon-

2248 1869 2519 1921 stratum.

2322 1954 2468 2020 Quid
2499 1970 2635 2026 ergo
2664 1953 2760 2009 isti
2792 1953 3048 2025 prodest,
3081 1954 3238 2025 quod
3292 1956 3458 2010 tanta
3496 1952 3822 2010 intentione
3853 1957 3923 2010 et

2250 2042 2620 2098 contentione
2649 2040 3194 2111 mentitur,beatum
3213 2041 3613 2114 Augustinum
3627 2041 3918 2099 deﬁnisse

2250 2148 2486 2188 omnem
2499 2130 3064 2203 praedestinationem
3076 2129 3280 2204 gratiae
3302 2129 3784 2203 praeparationem
3817 2148 3921 2188 ess

2251 2237 2342 2289 se;
2362 2237 2495 2276 cum
2509 2219 2607 2275 ille
2622 2236 2991 2291 nequaquam
3005 2219 3216 2275 dixerit
3228 2235 3463 2288 omnem,
3482 2220 3584 2276 sed
3602 2219 3915 2293 praedesti-

2251 2309 2552 2365 nationem
2564 2308 3130 2380 tantummodo,qum
3144 2308 3203 2364 in
3219 2308 3370 2365 bono
3383 2308 3578 2375 est,ita
3590 2308 3917 2378 deﬁnierit,

2252 2403 2310 2454 et
2340 2398 2509 2471 quasi
2540 2399 2666 2470 ipse
2695 2399 2906 2454 dixerit
2930 2398 3377 2470 praedestinatos
3426 2399 3660 2455 nonnisi
3705 2400 3919 2471 justas

2252 2488 2705 2544 dicendos.Cum
2737 2486 2833 2542 ille
2863 2487 2972 2543 hoc
3005 2487 3531 2559 nusquamdixisse
3551 2488 3919 2557 inveniatur,

2253 2579 2355 2634 sed
2384 2578 2559 2632 verba
2588 2594 2716 2649 quae
2738 2576 2835 2632 ille
2848 2577 2919 2632 de
2934 2576 3057 2633 sola
3079 2577 3379 2649 justorum
3397 2577 3921 2650 predestinatione

2252 2667 2470 2740 posuit,
2505 2683 2622 2738 qua
2653 2665 2751 2721 alii
2792 2671 2933 2722 sunt
2964 2666 3163 2738 utique
3206 2667 3626 2738 praedestinati,
3657 2668 3753 2723 alii
3786 2685 3919 2724 non

2253 2754 2647 2830 pradestinati
2676 2773 2687 2809 :
2721 2754 2821 2812 alii
2853 2755 3145 2827 pertinent
3174 2756 3247 2812 ad
3271 2772 3583 2812 numerum
3615 2757 3922 2829 praedesti-

2253 2844 2662 2915 natorum,alii
2694 2845 2966 2912 non;iste
3000 2845 3196 2901 minus
3227 2844 3607 2917 pervicaciter
3635 2850 3691 2902 et
3718 2846 3921 2919 impu-

2254 2936 2461 2991 denter
2489 2934 2687 3007 posuit
2711 2951 2722 2988 :
2750 2934 2918 3006 quasi
2951 2933 3047 2990 ille
3078 2938 3320 2990 sanctus
3350 2935 3552 2990 doctor
3581 2951 3817 3008 semper
3840 2938 3920 2993 de

2254 3028 2506 3096 utraque
2537 3023 3066 3096 prindestinatione,
3101 3023 3158 3078 id
3190 3027 3279 3079 est
3310 3024 3596 3079 bonorum
3624 3029 3680 3079 et
3722 3024 3919 3082 malos

2255 3129 2408 3181 rum,
2444 3112 2620 3169 simul
2650 3112 2810 3185 loqui
2843 3111 3177 3168 debuisset:
3214 3118 3314 3168 aut
3342 3129 3708 3185 consequens
3738 3113 3923 3183 sit,ut

2253 3219 2389 3258 cum
2420 3203 2491 3258 de
2523 3202 2647 3259 sola
2678 3202 2964 3258 honorum
2980 3201 3917 3276 praedestinationedisputat,sta-

487 3309 585 3347 nos
614 3291 683 3346 ad
707 3290 1043 3363 peccandum
1072 3291 1471 3362 suppliciorum
1499 3293 1783 3348 atrocitate
1810 3295 2024 3350 territos
2053 3310 2140 3349 co-
2173 3280 2217 3348 C
2256 3291 2362 3348 tim
2394 3290 2967 3364 praedestinotionem
3017 3289 3306 3347 malorum
3357 3307 3570 3365 negare
3617 3291 3914 3349 videatur.

487 3380 711 3447 hibere;
741 3398 806 3435 ac
846 3396 944 3452 per
989 3381 1088 3436 hoc
1136 3396 1246 3435 non
1294 3382 1479 3435 minus
1522 3381 1939 3449 misericordiae,
1984 3397 2151 3456 quam

487 3471 747 3527 vindicta:
776 3471 1201 3541 tronsgressibus
1230 3471 1347 3524 suis
1374 3469 1606 3540 efﬁcere.

563 3558 665 3613 His
692 3559 886 3614 verbis
918 3575 1026 3628 nos
1057 3558 1505 3629 respondemus,
1527 3559 1643 3614 imo
1675 3576 1740 3614 ex
1772 3559 1962 3616 verbis
1993 3560 2145 3616 beati

492 3646 803 3720 Augustini
837 3647 920 3718 (ile
949 3648 1133 3718 Pracd,
1159 3655 1357 3718 sanct.,
1390 3664 1436 3702 c.
1475 3649 1560 3713 10,
1598 3649 1683 3715 16)
1725 3649 1958 3719 probari
2008 3666 2148 3721 prae-

497 3734 820 3792 destinatos
849 3736 1025 3791 etiam
1058 3738 1130 3792 de
1161 3736 1400 3807 injustis
1431 3734 1690 3802 dici.Qui
1717 3753 1850 3792 cum
1880 3738 2149 3795 deﬁniret

499 3824 640 3897 quid
670 3823 745 3879 sit
776 3824 1229 3896 prmdestinatio,
1263 3824 1345 3880 ita
1394 3825 1474 3880 ait
1507 3842 1520 3880 :
1557 3825 1995 3883 Praedestinatio
2045 3828 2144 3883 Dei

498 3930 627 3986 qua
659 3912 719 3967 in
750 3914 901 3970 bono
932 3913 1244 3987 est,gratiae
1273 3918 1362 3970 est
1389 3914 1870 3986 praeparatio.Ubi
1893 3917 2019 3972 sine
2047 3917 2143 3972 du-

496 4002 593 4059 bio
626 4000 961 4058 nullatenus
992 4004 1339 4075 adjungeret
1367 4003 1426 4057 in
1451 4003 1626 4071 bono,
1648 4002 1759 4060 nisi
1792 4003 1966 4061 sciret
1997 4022 2146 4078 prae-

497 4090 947 4149 destinationem
980 4110 1107 4149 esse
1138 4092 1313 4148 etiam
1348 4092 1406 4147 in
1440 4092 1617 4160 malo,
1651 4093 1806 4148 sicut
1854 4101 2052 4166 aperte
2080 4113 2149 4151 ex

495 4180 645 4237 libro
676 4182 923 4238 Actuum
959 4182 1357 4254 apostolorum
1389 4181 1513 4254 ipse
1535 4182 2147 4256 demonstrat,pouens

496 4269 644 4326 illud
677 4270 1080 4327 testimonium
1114 4271 1215 4327 ubi
1247 4271 1880 4328 diciturzConvc-nerunt
1908 4275 2054 4329 enim
2088 4276 2148 4330 in

494 4361 720 4415 veritate
734 4362 788 4415 in
805 4362 1022 4417 civitate
1039 4364 1141 4417 ista
1163 4361 1420 4416 adversus
1449 4369 1697 4416 sanctum
1729 4378 1965 4433 puerum
1994 4372 2149 4419 tuum

494 4449 698 4514 Iesum,
731 4465 890 4521 quem
919 4452 1151 4521 antisti,
1183 4450 1409 4506 Herodes
1457 4458 1507 4506 et
1553 4451 1790 4517 Pilatus,
1824 4461 1875 4507 et
1910 4454 2147 4525 populus

496 4537 667 4593 Israel
693 4540 873 4609 facere
901 4547 1106 4610 quanta
1138 4557 1334 4596 manus
1366 4548 1481 4607 tua,
1505 4548 1555 4595 et
1583 4541 1873 4596 consilium
1903 4543 2146 4614 privates-

2256 3382 2403 3448 Quia
2434 3380 2489 3436 in
2524 3379 2622 3436 illo
2644 3379 3010 3453 apertissime
3031 3379 3091 3436 in
3108 3379 3470 3436 multislocis
3486 3387 3920 3440 commemorat

2256 3471 2343 3540 (de
2385 3473 2619 3542 Per/“eet.
2644 3471 2805 3541 just,
2839 3486 2965 3541 cap.
3012 3470 3103 3539 13)
3150 3472 3209 3525 et
3255 3469 3531 3526 ostendit.
3561 3471 3643 3526 De
3692 3471 3919 3544 quibus

2255 3560 2372 3623 hic,
2405 3559 2655 3631 exempli
2688 3557 2899 3630 gratia,
2931 3575 3115 3615 unum
3157 3558 3560 3615 testimonium
3609 3560 3917 3632 ponimus,

2256 3648 2357 3704 ubi
2390 3648 2470 3704 ait
2503 3665 2515 3702 :
2551 3646 2833 3720 Populum
2869 3648 3184 3719 quemdam
3208 3647 3475 3704 Psalmus
3506 3648 3601 3705 ille
3620 3649 3918 3723 culpat,in

2256 3755 2371 3811 quo
2402 3754 2501 3794 nec
2530 3754 2673 3793 unus
2703 3745 2837 3804 erat,
2871 3739 2969 3809 qui
2995 3738 3199 3808 faceret
3243 3738 3448 3793 bonum
3476 3738 3648 3808 (Psal.
3685 3755 3797 3806 xm,
3832 3742 3913 3814 3),

2256 3828 2398 3882 dum
2430 3826 2633 3882 volunt
2662 3843 2900 3882 manere
2932 3825 3032 3881 ﬁlii
3066 3825 3400 3896 hominum,
3418 3829 3475 3881 et
3503 3843 3619 3882 non
3653 3845 3781 3884 esse
3802 3829 3918 3885 filii

2255 3915 2377 3985 Dei,
2411 3916 2581 3986 cujus
2611 3916 2800 3988 gratia
2828 3914 3002 3971 homo
3035 3915 3100 3971 fit
3129 3915 3342 3982 bonus,
3372 3923 3433 3972 ut
3459 3918 3633 3987 faciat
3682 3918 3911 3975 bonum.

2256 4007 2336 4064 De
2367 4005 2465 4062 illo
2495 4006 2652 4061 enim
2694 4007 2828 4060 bono
2875 4005 3099 4060 dictum
3148 4003 3244 4060 hic
3291 4005 3576 4061 debemus
3624 4005 3912 4079 accipere,

2257 4096 2410 4169 quod
2443 4094 2524 4149 ibi
2557 4093 2636 4149 ait
2670 4111 2682 4148 :
2717 4094 2856 4150 Deus
2887 4094 2951 4149 de
2979 4095 3108 4149 σαειο
3136 4095 3377 4166 respexit
3420 4110 3585 4165 super
3629 4095 3774 4166 ﬁlios
3811 4097 3914 4154 ho-

2255 4188 2486 4251 minum,
2520 4192 2581 4239 ut
2610 4184 2788 4239 videat
2830 4184 2883 4239 si
2922 4191 3000 4240 est
3050 4184 3357 4254 intelligens
3406 4185 3692 4254 requirens
3738 4186 3917 4242 Deum

2258 4274 2439 4348 (Ibid.,
2496 4276 2572 4340 2).
2636 4272 2753 4328 Hoc
2812 4288 2947 4344 ergo
3007 4274 3210 4328 bonum
3267 4272 3423 4344 quod
3480 4278 3572 4329 est
3618 4273 3918 4346 requirere

2257 4365 2578 4428 Deum,non
2606 4370 2723 4417 erat
2752 4363 2851 4433 qui
2875 4363 3096 4432 faceret,
3126 4377 3239 4417 non
3266 4369 3388 4418 erat
3415 4378 3589 4434 usque
3618 4362 3688 4417 ad
3712 4379 3913 4431 unum,

2255 4454 2358 4510 sed
2395 4452 2451 4507 in
2483 4468 2549 4507 eo
2580 4468 2788 4524 genere
2810 4449 3118 4506 hominum
3135 4451 3292 4522 quod
3318 4450 3798 4523 praedestinatum
3822 4457 3919 4509 est

2257 4543 2330 4599 ad
2364 4540 2876 4613 interitumzsuper
2904 4539 3012 4595 hos
3025 4539 3183 4595 enim
3216 4534 3470 4612 respexit
3488 4539 3587 4597 Dei
3608 4541 3916 4612 praescieri-

497 4628 695 4719 tingvit
720 4626 861 4719 ﬁeri
884 4628 1015 4719 (lict.
1051 4646 1126 4719 iv,
1157 4631 1245 4719 27,
1268 4631 1380 4719 28).
1406 4628 1515 4684 Ubi
1549 4633 1604 4683 et
1637 4628 1934 4685 subdidit:
1963 4632 2150 4688 Tanta
2178 4653 2224 4719 ι)
2256 4632 2338 4688 tia
2368 4628 3127 4719 protulitqueAsententiam:
3163 4628 3275 4719 Sed
3331 4628 3501 4719 quid_
3522 4630 3761 4700 prodest
3798 4629 3914 4686 hoc

498 4715 716 4789 quippe
746 4717 816 4771 ab
849 4716 1105 4774 inimicis
1135 4718 1354 4774 Judaiis
1373 4735 1586 4774 manus
1619 4718 1720 4774 Dei
1752 4724 1808 4775 et
1838 4719 2148 4776 consilium

497 4804 934 4879 praedestinavit
967 4807 1342 4879 ﬁeri,quanta
1370 4808 1703 4863 necessaria
1724 4809 1953 4864 fuerant
1976 4810 2149 4865 Evan-

496 4892 647 4966 gelio
676 4900 913 4967 propter
942 4914 1069 4953 nos.
1103 4896 1408 4952 Manifesta
1441 4895 1621 4969 igitur
1668 4900 1725 4952 et
1762 4914 1830 4953 ex
1858 4897 2050 4954 verbis
2078 4899 2148 4953 li-

496 4982 586 5039 bri
619 4984 885 5053 divini,et
914 5003 982 5041 ex
1010 4985 1202 5043 verbis
1232 4984 1419 5041 sancti
1440 4984 1751 5058 Augustini
1767 4987 2144 5058 approbatur,

497 5073 1069 5146 praedestinationem
1101 5094 1226 5148 quo:
1256 5075 1347 5130 hic
1377 5074 1732 5147 legitur,non
1757 5074 1937 5131 fuisse
1966 5077 2024 5132 in
2054 5077 2149 5134 bo-

498 5178 638 5216 nurn
673 5162 919 5236 illis,qui
952 5170 1115 5220 tanta
1144 5172 1199 5220 et
1216 5163 1353 5220 talia
1373 5162 1664 5235 passionis
1686 5167 1945 5236 tempore
1964 5166 2020 5219 in
2042 5167 2146 5223 Do-

497 5249 725 5305 minum
757 5253 1266 5321 exercuerunt,scd
1297 5271 1355 5307 in
1390 5269 1671 5324 magnum
1702 5257 1760 5307 et
1781 5254 2147 5312 mortiferum

496 5338 1019 5413 malumzquamvis
1036 5343 1187 5399 Deus
1214 5342 1354 5397 illud
1379 5340 1549 5396 nobis
1573 5342 1804 5398 verterit
1827 5344 1883 5397 in
1903 5344 2144 5402 bonum.

495 5429 555 5485 Si
575 5430 707 5502 quis
721 5436 915 5487 autem
933 5432 1347 5504 putatbeatum
1370 5430 1763 5502 Augustinum
1776 5432 2149 5492 velutvitiose

496 5534 565 5575 ex
586 5519 709 5591 jam
742 5520 896 5577 dicto
928 5521 1076 5577 libro
1108 5522 1263 5575 istud
1296 5519 1698 5576 testimonium
1718 5522 2150 5596 posuissc,quia

498 5609 649 5680 apud
678 5626 781 5663 nis
804 5609 1051 5683 legitur:
1078 5615 1216 5682 Quae
1235 5626 1430 5665 manus
1453 5618 1544 5665 tua
1567 5618 1615 5665 ct
1647 5612 1935 5666 consilium
1962 5612 2147 5669 dcere-

498 5707 689 5753 vcrunt
717 5700 880 5769 ﬁeri;
913 5700 1061 5758 sciat
1082 5701 1275 5773 potius
1300 5716 1428 5755 vere
1446 5703 1502 5755 ct
1517 5704 1869 5771 expressc,et
1894 5702 2144 5775 proprie,

2258 4717 2590 4790 exemplum
2622 4718 2692 4772 de
2722 4716 2822 4773 Dei
2857 4716 3367 4789 praadestinatione
3387 4716 3915 4785 malorum,contra

2254 4809 2437 4865 istum
2464 4822 2950 4879 proponere,cum
2983 4806 3155 4862 solita
3186 4805 3417 4862 insania
3446 4810 3689 4879 partitus
3714 4807 3792 4863 sit
3821 4809 3913 4864 di-

2258 4914 2384 4954 cere
2415 4896 2748 4952 auditorum
2782 4895 3020 4950 suiszut
3044 4912 3181 4951 cum
3213 4894 3462 4951 audiunt
3489 4894 3548 4950 in
3580 4895 3771 4952 verbis
3794 4895 3913 4953 hu-

2247 4987 2352 5060 jus
2382 4986 2568 5042 sancti
2597 4984 2851 5041 doctoris
2878 4985 3319 5057 dictum,genus
3333 4984 3642 5041 hominum
3660 4986 3913 5057 prcdes-

2254 5076 2511 5132 tinatum
2540 5074 2611 5129 ad
2645 5072 2946 5129 interitum
2976 5091 2989 5142 ;
3022 5091 3057 5129 a
3086 5072 3377 5129 contrario
3426 5072 3760 5147 intelligant
3789 5092 3907 5132 non

2256 5162 2843 5238 praedestinatum,sic
2874 5160 3216 5229 illudantur,
3233 5162 3333 5234 qui
3363 5162 3665 5218 veritatem
3701 5178 3815 5218 non
3846 5162 3909 5221 in

2258 5253 2558 5325 Scriptura
2581 5250 2863 5323 veritatis,
2891 5252 2993 5307 sed
3043 5251 3103 5307 in
3138 5248 3425 5307 mendacii
3456 5250 3910 5309 fabricatoribus

2257 5345 2550 5416 quierunt.

2327 5434 2380 5485 2.
2413 5428 2589 5484 Addit
2618 5427 2808 5483 adhuc
2857 5431 2916 5484 et
2961 5427 3103 5483 dicit
3136 5444 3150 5482 :
3183 5430 3410 5484 Poenam
3453 5429 3911 5501 praedestinatum

2253 5517 2643 5593 peccatoribus,
2680 5518 2823 5588 ipsos
2864 5533 2987 5572 vero
3013 5518 3299 5589 privscilos
3346 5524 3558 5574 tantum
3605 5533 3717 5575 non
3764 5533 3912 5590 prae-

2256 5609 2571 5665 destinatos.
2610 5606 2685 5661 De
2717 5622 2833 5677 qua
2864 5622 2927 5663 re
2944 5611 3003 5661 et
3034 5605 3092 5661 in
3123 5604 3321 5673 isto,et
3352 5606 3408 5662 in
3440 5604 3786 5680 praecedenti
3817 5624 3912 5664 ca-

2257 5696 2441 5773 pitulo
2473 5694 2614 5752 satis
2641 5694 2918 5762 diximus,
2953 5694 3155 5753 multis
3195 5694 3550 5754 testimoniis
3597 5696 3907 5755 manifeste
