4100 6442
554 395 670 457 18Ἱ

1665 395 1894 457 FLORI
1937 391 2255 456 DIACONI
2300 394 2871 459 LUGDUNENSIS.

3860 396 3993 459 188

550 546 712 587 suum
735 546 769 585 a
794 530 1029 601 peccatis
1058 546 1249 586 eorum
1277 528 1490 603 (Matth.
1527 547 1565 596 1,
1598 528 1709 600 2t).
1744 528 1826 584 De
1877 544 1993 600 quo
2033 525 2206 583 etiam
2238 526 2294 595 Α
2322 527 2539 584 meruit
2566 527 2898 601 impetrare.
2937 529 3007 585 Et
3035 545 3138 602 pro
3171 528 3452 587 fratribus
3480 532 3645 603 rogat
3672 545 3745 586 ne
3776 532 3836 586 et
3864 526 3996 602 ipsi

551 616 863 691 Apostolus
894 618 977 673 ait
1008 635 1021 675 :
1051 620 1250 675 Fidelis
1276 636 1452 675 sermo
1505 627 1554 674 et
1598 618 1752 674 omni
1787 618 2093 688 acceptione
2120 616 2209 672 di-

551 724 714 777 gnus,
733 708 862 780 quia
897 708 1147 764 Christus
1173 710 1324 765 Iesus
1354 710 1502 764 venit
1530 709 1589 763 in
1619 708 1765 762 hunc
1794 705 2065 761 mundum
2088 723 2210 778 pec-

549 804 755 853 catores
783 798 961 853 salvos
989 799 1169 869 facere
1198 798 1243 866 (Ι
1277 799 1409 852 Tim.
1443 815 1482 865 1,
1520 796 1624 868 15).

622 886 737 942 Iste
767 903 903 958 ergo
938 886 1035 958 qui
1070 889 1190 941 tam
1223 886 1458 941 assidue
1488 885 1714 953 dicit,et
1761 886 1955 956 repetit
1995 892 2211 956 peccata

549 976 697 1031 nihil
727 991 858 1041 esse,
888 974 1025 1046 quid
1068 972 1228 1029 aliud
1278 978 1526 1029 conatur
1555 990 1747 1047 agere,
1781 971 2012 1029 diabolo
2042 972 2209 1029 insti-

549 1068 744 1137 gante,
779 1062 890 1119 nisi
920 1067 981 1117 ut
1012 1079 1079 1117 ea
1107 1062 1276 1134 quasi
1311 1062 1521 1135 leviget
1572 1063 1632 1118 in
1683 1061 1958 1118 cordibus
1989 1061 2211 1117 audito-

551 1156 777 1220 rum,ut
808 1169 922 1207 non
955 1150 1333 1216 doleant,non
1357 1156 1682 1223 agnoscant
1702 1156 1921 1224 quanto
1947 1150 2101 1207 malo
2132 1155 2210 1206 tc-

549 1244 818 1308 neantur,
847 1257 951 1295 nec
982 1245 1189 1295 curent
1219 1240 1411 1295 dicere
1443 1257 1577 1295 cum
1602 1240 1913 1296 Psalmista
1946 1257 1958 1295 :
1991 1241 2207 1296 Misere-

544 1347 605 1386 re
667 1330 795 1398 mei,
859 1331 1020 1399 Deus,
1079 1329 1379 1384 secundum
1442 1346 1706 1398 magnam
1770 1328 2210 1385 misericordiam

545 1427 694 1475 tuam
744 1428 795 1474 et
837 1418 1139 1473 secundum
1167 1417 1580 1473 multitudinem
1623 1419 2039 1473 miserationum
2080 1425 2208 1472 tua-

545 1524 672 1563 rum
700 1507 816 1563 dele
853 1508 1199 1578 iniquitatem
1226 1522 1423 1561 meam.
1446 1506 1694 1577 Amplius
1724 1504 1849 1560 lava
1877 1521 1961 1560 me
1990 1506 2057 1560 ab
2089 1506 2206 1559 ini—

545 1598 753 1670 quitate
782 1612 903 1651 mea
932 1603 982 1650 et
1015 1612 1054 1651 α
1079 1602 1295 1667 peccato
1327 1611 1444 1651 meo
1472 1594 2064 1663 mundame.Quoniam
2095 1596 2208 1650 ini-

545 1688 813 1759 quitatem
837 1701 1016 1740 meam
1044 1700 1140 1753 ego
1165 1700 1439 1755 cognosco,
1472 1692 1523 1740 et
1545 1692 1825 1756 peccatum
1850 1700 2033 1739 meum
2077 1699 2206 1739 con-

546 1783 633 1831 tra
664 1792 749 1830 me
770 1782 847 1830 est
874 1790 1085 1846 semper
1114 1774 1285 1845 (Psal.
1322 1790 1375 1840 n,
1403 1774 1547 1844 2-5).
1582 1772 1907 1844 Abjiciatur
1940 1789 2075 1845 ergo
2107 1773 2205 1827 de-

546 1868 748 1936 ceptor
778 1863 887 1919 iste
918 1862 991 1917 ab
1022 1861 1265 1918 auribus
1295 1867 1351 1917 et
1381 1862 1656 1917 cordibus
1685 1860 2035 1929 ﬁdelium,et
2065 1877 2202 1917 con-

545 1956 637 2008 tra
662 1957 780 2007 tam
813 1967 1087 2023 magnam
1119 1951 1417 2006 miseriam
1452 1949 1799 2023 imploretur
1839 1948 2102 2006 dolenter
2148 1955 2205 2005 et

545 2040 891 2113 simpliciter
917 2056 1132 2113 magna
1160 2038 1262 2095 Dei
1294 2039 1699 2095 misericordia
1747 2055 1760 2094 :
1812 2042 2016 2095 contra
2045 2038 2200 2093 mul-

544 2129 857 2185 titudinem
890 2132 1187 2184 tantarum
1220 2127 1592 2184 miseriarum
1614 2132 1910 2200 quaeratur
1938 2127 2204 2184 multitu-

544 2219 617 2274 do
682 2216 1147 2286 miserationum,
1200 2221 1267 2272 ut
1316 2216 1581 2272 deleatur
1628 2216 1931 2289 iniquitas,
1976 2215 2202 2272 lavetur

542 2308 717 2365 homo
748 2307 820 2362 ab
853 2306 982 2379 ipsa
1006 2305 1338 2378 iniquitate,
1372 2306 1692 2361 mundetur
1721 2323 1756 2362 a
1795 2309 2051 2377 peccato,
2083 2322 2200 2377 quo

542 2401 666 2453 erat
697 2395 970 2453 sordidus
992 2399 1049 2451 et
1071 2394 1419 2451 immundus
1449 2394 1718 2463 etl‘ectus;
1752 2399 2068 2467 cognoscat
2096 2393 2203 2449 ini-

543 2486 829 2558 quitatem
859 2502 1050 2551 suam,
1086 2488 1144 2540 et
1173 2488 1477 2556 peccatum
1508 2500 1680 2539 suum
1716 2500 1832 2538 non
1876 2487 2043 2555 putet
2073 2500 2202 2539 esse

544 2572 713 2640 nihil,
746 2590 851 2629 nec
883 2577 1059 2645 ponat
1088 2571 1237 2627 illud
1268 2577 1402 2644 post
1431 2572 1692 2639 dorsum,
1727 2573 1828 2627 sed
1882 2578 2016 2628 ante
2064 2589 2200 2628 ocu-

541 2662 630 2718 los
661 2678 892 2734 semper
920 2660 1145 2716 habens
1178 2660 1450 2732 imploret
1478 2659 1647 2716 illum
1678 2661 1777 2733 qui
1809 2660 1953 2716 dixit
1986 2677 1999 2716 :
2037 2663 2202 2718 Dele-

542 2753 599 2808 vi
628 2759 688 2807 ut
716 2750 915 2806 nubem
944 2751 1260 2822 iniquitates
1291 2758 1432 2816 tuas,
1465 2758 1517 2806 et
1543 2752 1703 2823 quasi
1732 2750 1986 2806 nebulam
2009 2767 2202 2823 pecca-

544 2849 599 2897 ta
629 2847 723 2897 tua
752 2841 880 2909 (Isa.
925 2857 1073 2907 XLIV,
1106 2839 1215 2911 22).
1251 2838 1533 2895 Similiter
1587 2845 1644 2895 et
1700 2839 2008 2912 supplicia,
2071 2858 2200 2912 quae

542 2929 797 3002 peccatis
828 2928 1133 2994 debentur,
1166 2926 1251 2982 ita
1276 2927 1704 2997 extenuare,sic
1735 2928 1985 3001 levigare
2016 2933 2072 2984 et
2097 2947 2201 2985 an-

544 3017 772 3073 nullare
803 3016 1122 3085 contendit,
1162 3020 1224 3071 ut
1252 3033 1322 3071 ea
1346 3033 1580 3089 semper
1610 3016 1756 3072 nihil
1806 3034 1934 3073 esse
1985 3018 2199 3073 conﬁr-

543 3109 692 3173 met;
726 3122 852 3178 quae
884 3103 1019 3160 licet
1043 3104 1100 3159 in
1134 3122 1196 3160 se
1227 3104 1616 3160 substantiam
1671 3105 1890 3161 nullam
1947 3105 2203 3162 habeant

542 3192 847 3261 existendi,
907 3197 1103 3248 tamen
1149 3210 1251 3265 per
1307 3192 1635 3265 corporales
1692 3198 1953 3261 naturas,
1997 3194 2055 3250 id
2113 3198 2203 3251 est

2319 617 2554 673 veniant
2582 617 2641 673 in
2672 617 2839 673 illum
2869 618 3063 674 locum
3094 618 3611 675 tormentorum.Si
3642 620 3996 692 ergo,juxta

2317 724 2518 763 vocem
2549 706 3118 777 Veritatis,infernus
3150 708 3314 765 locus
3337 712 3425 765 est
3455 713 3908 777 tormentorum,
3932 712 3999 765 et

2320 786 2526 843 animus
2543 787 2891 845 miserorum
2907 792 3089 844 exuta:
3102 788 3444 861 corporibus
3459 787 3579 845 illic
3592 788 3989 861 sepeliuntur,

2320 882 2378 932 et
2407 881 2545 933 sunt
2575 877 2632 932 in
2657 877 2988 945 tormentis,
3021 881 3078 933 et
3126 894 3230 949 per
3279 895 3405 950 quae
3437 884 3841 951 peccaverunt,
3876 895 3994 950 per

2319 966 2441 1022 haec
2471 971 2527 1021 et
2556 971 2928 1038 torquentur,
2961 971 3027 1021 ut
3045 967 3325 1039 judicium
3351 970 3426 1023 sit
3454 968 3570 1023 illis
3596 969 3715 1023 sine
3756 969 3990 1023 miseri-

2317 1055 2523 1123 cordia,
2558 1057 2691 1129 quia
2715 1072 2826 1112 non
2845 1058 3094 1127 fecerunt
3135 1057 3567 1112 misericordiam
3601 1057 3736 1126 (Jac.
3771 1075 3831 1123 ιι,
3868 1058 3985 1127 13).

2389 1145 2518 1200 Haec
2550 1144 2751 1199 audiat
2780 1142 2971 1201 ﬁdelis
3000 1144 3254 1217 quisque
3278 1148 3333 1200 et
3366 1145 3651 1213 timeat,et
3670 1146 3811 1200 dum
3834 1149 3991 1201 tem-

2318 1250 2429 1306 pus
2447 1232 2748 1305 est,fugiat
2774 1233 2846 1289 ab
2880 1233 2966 1288 ira
2994 1238 3241 1290 ventura
3262 1233 3330 1289 de
3354 1251 3468 1307 qua
3498 1234 3702 1290 beatus
3717 1235 3989 1291 Joannes

2318 1321 2581 1394 Baptista
2607 1322 2688 1377 ait
2712 1339 2724 1377 :
2750 1323 2881 1391 Quis
2911 1323 3061 1378 vobis
3088 1322 3474 1379 demonstravit
3498 1326 3693 1395 fugere
3718 1341 3753 1379 α
3778 1326 3989 1396 futura

2316 1413 2444 1467 ira?
2473 1412 2653 1467 Facite
2681 1427 2812 1480 ergo
2836 1414 3049 1483 fructus
3098 1412 3293 1480 dignos
3338 1413 3674 1484 ptenitentiw
3702 1413 3854 1484 (Luc.
3891 1431 3986 1483 ιιι,

2313 1503 2369 1567 7,
2401 1501 2477 1572 8).
2512 1502 2679 1556 Hunc
2712 1500 2904 1556 locum
2937 1504 3367 1557 tormentorum
3400 1500 3526 1574 ipse
3552 1500 3840 1557 Dominus
3865 1502 3985 1559 fre-

2318 1594 2564 1663 quenter
2578 1589 2836 1662 appellat
2850 1592 3096 1646 tenebras
3119 1591 3413 1646 exteriores
3437 1599 3488 1647 et
3506 1592 3783 1647 caminum
3806 1593 3981 1664 ignis,

2313 1687 2363 1735 et
2394 1681 2577 1749 ignem
2606 1687 2877 1736 teternum
2905 1678 3122 1735 diabolo
3152 1688 3203 1734 et
3249 1679 3502 1735 omnibus
3534 1681 3722 1752 impiis
3747 1696 3984 1753 prazpa-

2315 1777 2515 1836 ratum,
2550 1769 2646 1824 ubi
2673 1769 2778 1824 erit
2806 1767 2963 1823 dolor
2992 1769 3119 1824 sine
3150 1769 3284 1835 line,
3320 1772 3379 1824 et
3407 1785 3475 1823 ex
3513 1767 3711 1824 dolore
3754 1786 3878 1825 sem
3888 1770 3983 1842 pi-

2314 1862 2517 1913 ternus
2546 1857 2715 1931 ﬂetus
2736 1856 3126 1923 oculorum,et
3142 1857 3348 1913 stridor
3365 1858 3613 1913 dentium
3625 1857 3981 1928 (Matt/LXXV,

2311 1947 2423 2019 At).
2458 1948 2537 2002 De
2584 1945 2685 2001 tali
2709 1964 2882 2019 poena
2912 1945 3240 2002 inﬁdelium
3272 1947 3688 2002 damnatorum
3711 1951 3769 2003 et
3788 1947 3984 2003 Isaias

2311 2035 2595 2109 propheta
2620 2035 2761 2091 dicit
2792 2052 2805 2091 :
2846 2037 3048 2092 Vermis
3096 2052 3284 2092 eorum
3314 2052 3425 2093 non
3451 2038 3792 2105 morietur,“
3823 2038 3982 2106 ignis

2309 2140 2498 2180 eorum
2526 2140 2636 2179 non
2665 2125 3079 2192 exstinguetur:
3104 2130 3156 2180 et
3184 2132 3346 2180 erunt
3376 2141 3543 2197 usque
3571 2124 3641 2180 ad
3668 2126 3982 2181 satietatem

2309 2214 2541 2269 visionis
2588 2214 2741 2268 omni
2785 2214 2946 2268 carni
2991 2213 3120 2280 (Isa.
3171 2228 3321 2279 LXVI,
3376 2214 3491 2283 24).
3527 2212 3639 2269 Sed
3670 2217 3727 2269 et
3763 2213 3979 2269 beatus

2310 2302 2423 2358 Job
2454 2300 2914 2374 lacrymabiliter
2933 2301 3117 2356 Deum
3141 2300 3417 2374 implorat
3440 2301 3644 2358 dicens
3671 2320 3684 2357 :
3711 2302 3981 2374 Nunquid

2309 2409 2417 2447 non
2434 2392 2686 2465 paucitas
2714 2391 2935 2446 dierum
2983 2407 3230 2447 meorum
3274 2391 3503 2461 ﬁnietur
3532 2391 3719 2447 brevi?
3746 2393 3979 2448 Dimitte

2310 2498 2435 2552 ergo
2462 2497 2571 2547 me,
2604 2488 2665 2536 ut
2685 2480 2953 2552 plangam
2975 2480 3274 2552 paululum
3301 2480 3543 2537 dolorem
3560 2497 3770 2549 meum;
3814 2490 3975 2538 ante-

2310 2587 2476 2643 quam
2509 2569 2721 2636 vadam,
2753 2578 2805 2625 et
2833 2585 2944 2625 non
2989 2577 3231 2625 revertar
3277 2569 3348 2625 ad
3395 2578 3600 2625 terram
3631 2570 3979 2627 tenebrosam

2309 2668 2360 2717 et
2383 2666 2625 2732 opertam
2652 2660 2843 2715 mortis
2872 2659 3155 2727 caligine;
3207 2667 3411 2714 terram
3461 2661 3708 2716 miseriae
3735 2668 3786 2715 et
3821 2668 3974 2716 tene-

2312 2751 2557 2816 brarum,
2592 2748 2689 2804 ubi
2715 2749 2914 2803 umbra
2940 2749 3151 2813 mortis,
3185 2755 3237 2803 et
3264 2748 3455 2803 nullus
3497 2748 3647 2820 ordo,
3679 2757 3729 2804 et
3764 2752 3976 2822 sempi-

2310 2847 2496 2894 ternus
2543 2837 2739 2894 horror
2785 2839 3061 2893 inhabitat
3117 2838 3251 2909 (Job.
3299 2855 3355 2903 x,
3396 2838 3609 2909 20-22).
3643 2839 3712 2893 Et
3759 2839 3976 2895 beatus

2307 2928 2563 2983 Joannes
2594 2926 2652 2981 in
2683 2926 3030 2999 Apocalypsi
3064 2943 3077 2981 :
3107 2928 3274 2983 Missi
3299 2934 3445 2995 sunt,
3478 2927 3757 3000 inquit,in
3775 2937 3976 3001 stagno

2311 3016 2525 3073 ardenti
2566 3018 2692 3088 igne
2718 3024 2769 3072 et
2798 3015 3062 3091 sulphure
3093 3034 3111 3071 :
3141 3016 3283 3088 quod
3312 3024 3410 3084 est,
3438 3032 3585 3073 mors
3628 3017 3892 3083 secunda,
3926 3027 3979 3075 et

2307 3107 2701 3162 cruciabuntur
2726 3106 2816 3161 die
2844 3123 2908 3161 ac
2936 3113 3090 3161 nocte
3118 3107 3179 3161 in
3206 3106 3414 3162 sserula
3433 3106 3971 3180 steculorum(.:poc.

2309 3213 2400 3263 xx,
2437 3195 2543 3268 14).
2581 3196 2652 3251 Et
2699 3195 2853 3250 sicut
2909 3194 3049 3250 alibi
3106 3194 3189 3250 ait
3246 3212 3259 3250 :
3323 3200 3532 3252 Fumus
3579 3204 3977 3253 tormentorum

541 3282 737 3357 ignem
768 3286 1075 3348 internum,
1104 3286 1163 3336 et
1201 3285 1477 3355 stagnum
1509 3280 1831 3355 sulphuris,
1866 3288 1923 3338 et
1966 3300 2195 3339 vermes
2225 3272 2269 3340 C
2306 3302 2495 3342 eorum
2562 3284 2810 3341 ascendet
2871 3286 2933 3340 in
2986 3286 3191 3342 saecula
3253 3286 3584 3342 saeculorum
3632 3285 3811 3357 (Apoc.
3852 3304 3971 3355 xrv,

542 3388 847 3444 nunquam
897 3369 1234 3426 deficientes
1285 3370 1699 3426 damnatorum
1739 3376 1795 3427 et
1836 3373 2201 3445 corporibus,

540 3465 596 3517 et
626 3460 861 3525 animis,
893 3459 1228 3516 inferuntur
1259 3476 1272 3513 :
1308 3460 1449 3514 dum
1481 3465 1538 3515 et
1568 3460 1796 3517 animas
1847 3467 1905 3517 et
1960 3479 2203 3535 corpora

540 3549 717 3606 simul
751 3548 1105 3604 excruciant.
1140 3549 1211 3603 Et
1238 3547 1387 3613 ideo,
1421 3547 1556 3604 licet
1604 3566 1720 3605 non
1771 3549 1893 3605 sint
1932 3551 2203 3606 substan-

541 3638 779 3706 tialiter,
812 3642 950 3693 sunt
981 3642 1176 3692 tamen
1212 3654 1443 3709 semper
1480 3638 1802 3710 poenaliter,
1855 3644 1911 3694 et
1953 3639 2200 3696 infelici-

546 3731 635 3783 ter
665 3726 724 3781 in
753 3742 953 3783 eorum
988 3724 1203 3781 animis
1252 3730 1309 3780 et
1357 3726 1720 3799 corporibus,
1756 3745 1884 3800 quae
1915 3729 2043 3785 sine
2087 3730 2201 3786 ﬁne

542 3815 896 3872 excruciant.

613 3905 896 3969 Quocirca
926 3921 1040 3960 non
1074 3921 1179 3959 nos
1211 3903 1458 3960 delectet
1489 3904 1690 3961 audire
1721 3906 1793 3961 ab
1826 3904 1939 3962 isto
1988 3906 2201 3964 misero

541 3993 845 4051 seductore
871 4001 1214 4066 peccatorum
1240 3994 1513 4066 supplicia
1542 3995 1687 4050 nihil
1715 4011 1859 4063 esse;
1881 3996 1981 4051 sed
2004 3996 2203 4068 potius

542 4083 856 4140 audiamus
889 4084 1043 4156 quod
1076 4082 1381 4138 verissime
1401 4082 1629 4138 Veritas
1650 4082 1794 4139 dicit
1828 4101 1840 4138 :
1869 4084 2112 4141 Mortuus
2129 4094 2208 4141 est

540 4180 724 4230 autem
753 4180 803 4228 et
846 4172 1012 4240 dives,
1063 4180 1114 4227 et
1156 4172 1400 4243 sepultus
1448 4180 1527 4227 est
1576 4174 1637 4227 in
1688 4174 1926 4243 inferno.
1972 4175 2202 4230 Elevans

540 4271 725 4319 mitem
754 4260 942 4318 oculos
971 4277 1097 4317 suos
1127 4277 1253 4316 cum
1280 4268 1417 4316 esset
1448 4262 1505 4316 in
1536 4265 1836 4328 tormentis,
1859 4262 1997 4319 vidit
2026 4263 2202 4318 Abra.

543 4353 673 4406 ham
702 4369 733 4405 a
768 4352 943 4420 longe,
977 4358 1027 4407 et
1076 4352 1350 4406 Lazarum
1396 4352 1455 4405 in
1503 4352 1633 4405 sinu
1684 4351 1829 4422 ejus;
1863 4358 1915 4407 et
1944 4353 2057 4424 ipse
2086 4353 2201 4408 cla-

540 4457 700 4495 mans
725 4440 869 4495 dixit
900 4458 919 4495 :
946 4444 1112 4495 Pater
1164 4441 1466 4508 Abraham,
1502 4441 1761 4496 miserere
1786 4442 1916 4507 mei,
1957 4450 2008 4497 et
2053 4444 2204 4498 mitte

543 4531 832 4596 Lazarum,
865 4536 926 4584 ut
962 4530 1199 4600 intingat
1243 4538 1548 4585 extremum
1597 4528 1760 4601 digiti
1799 4532 1891 4585 sui
1924 4533 1997 4585 "in
2034 4548 2198 4603 aqua,

542 4627 591 4676 et
617 4619 901 4690 refrigeret
932 4618 1181 4689 linguam
1207 4620 1543 4690 meam,quia
1574 4620 1791 4674 crucior
1823 4622 1883 4675 in
1912 4621 2015 4676 hac
2042 4622 2199 4691 ﬂam-

546 4725 635 4764 ma
678 4708 827 4780 (Luc.
886 4724 998 4771 xvr,
1047 4710 1137 4776 22,
1188 4708 1278 4775 23,
1328 4708 1442 4779 24(.
1497 4708 1563 4763 Et
1620 4707 1794 4781 paulo
1854 4713 2006 4781 post,
2067 4728 2201 4766 cum

544 4814 648 4871 pro
680 4795 959 4852 fratribus
992 4795 1115 4852 suis
1146 4796 1522 4869 supplicaret,
1556 4796 1636 4853 ait
1668 4814 1679 4851 :
1720 4800 1783 4855 Ut
1812 4805 2033 4855 testetur
2062 4800 2199 4867 illis,

541 4903 611 4943 ne
643 4887 752 4959 ipsi
780 4887 1004 4941 veniant
1048 4887 1109 4941 in
1163 4887 1307 4941 hunc
1351 4887 1528 4943 locum
1582 4895 1971 4944 tormentorum
2014 4889 2197 4958 (Ibid.,

542 4978 654 5047 28).
689 4976 833 5031 Ecce
878 4974 1077 5031 infelix
1119 4979 1177 5032 et
1216 4974 1617 5033 infelicissimo
1664 4977 1979 5033 damnatus
2018 4977 2199 5048 dives,

545 5065 747 5122 statim
781 5069 847 5119 ut
877 5068 1146 5121 mortuus
1175 5069 1264 5121 est
1293 5082 1553 5137 corpore,
1586 5064 1787 5122 anima
1816 5066 2082 5139 sepultus
2113 5072 2204 5125 est

545 5154 604 5210 in
636 5154 892 5223 inferno;
927 5153 1027 5210 ubi
1060 5152 1718 5226 tenebaturipsaanima
1738 5154 1797 5209 in
1811 5156 2205 5226 tormentis,et

546 5244 627 5300 ibi
659 5242 917 5315 amplius
947 5243 1339 5309 cruciabatur,
1364 5244 1520 5299 unde
1553 5242 1809 5316 amplius
1840 5252 2194 5317 peccaverat,

543 5332 602 5388 id
636 5336 727 5388 est
757 5332 817 5386 in
844 5330 1073 5406 lingua;
1107 5336 1166 5389 et
1195 5331 1566 5388 cruciabatur
1587 5331 1645 5386 in
1677 5332 1915 5389 ﬂamma
1935 5335 2198 5407 undique

545 5423 826 5478 adurente
849 5426 903 5477 et
933 5422 1436 5478 concremante.Et
1457 5421 1609 5477 sicut
1630 5421 1754 5493 ipse
1778 5422 1958 5480 micas
1980 5441 2197 5481 mensze

546 5527 665 5567 suae
698 5527 811 5565 non
835 5510 1072 5567 dederat
1098 5511 1321 5566 Labaro
1345 5510 1613 5567 mendico
1631 5514 1686 5566 et
1707 5510 2004 5569 ulceribus
2027 5513 2197 5585 pleno

539 5598 758 5671 jacenti
793 5599 862 5655 ad
887 5600 1136 5672 januam
1168 5599 1447 5666 suam,ita
1475 5604 1532 5656 et
1552 5600 1675 5672 ipse
1698 5599 1914 5656 stillam
1939 5619 2101 5675 aqua:
2124 5605 2197 5661 de

550 5686 732 5761 digito
779 5689 929 5759 ejus,
961 5707 1080 5762 qua
1110 5688 1543 5761 aliquantulum
1576 5689 2038 5765 refrigeraretur,
2078 5710 2194 5750 non

2315 3376 2421 3444 11).
2458 3375 2587 3430 Haec
2618 3373 2869 3430 fideliter
2898 3375 3231 3442 credamus,
3253 3373 3533 3430 veraciter
3566 3374 3976 3442 timeamus,ot

2311 3464 2465 3520 hunc
2482 3462 2863 3536 vaniloquum
2893 3466 2951 3519 et
2980 3464 3347 3519 seductorem
3379 3464 3700 3536 penitusab
3717 3465 3971 3522 auribus

2312 3552 2663 3626 repellamus
2698 3551 2907 3620 z'Quia,
2928 3552 3081 3609 sicut
3111 3552 3194 3607 ait
3238 3553 3552 3625 Apostolus
3607 3564 3973 3627 corrumpunt

2313 3643 2480 3699 bonos
2509 3660 2684 3699 mores
2714 3643 2984 3714 colloquia
3013 3644 3161 3698 mala
3192 3642 3239 3712 (I
3270 3642 3390 3699 Cor.
3419 3660 3509 3712 xv,
3542 3642 3653 3713 33).
3698 3643 3865 3700 Unde
3918 3650 3977 3701 et

2312 3731 2426 3788 alia
2457 3732 2759 3803 Scriptura
2789 3732 3063 3787 admonet
3092 3731 3292 3787 dicens
3324 3749 3338 3786 :
3370 3734 3500 3804 Sepi
3528 3749 3690 3789 aures
3713 3740 3835 3789 tuas
3855 3736 3971 3807 spi-

2309 3823 2477 3889 nis,et
2505 3822 2625 3877 noli
2649 3820 2845 3877 audire
2876 3821 3129 3891 linguam
3160 3822 3319 3893 (Eccl.
3349 3837 3551 3891 xxvm,
3581 3822 3694 3894 28).

2381 3914 2416 3965 2
2471 3909 2683 3967 Statim
2712 3925 2966 3981 namque
2995 3913 3130 3981 post
3157 3909 3280 3965 haec
3302 3909 3404 3965 illa
3427 3927 3537 3966 sua
3565 3909 3766 3984 regula
3786 3909 3974 3985 impia

2311 4003 2366 4055 et
2387 3998 2754 4071 furiosa,qua
2785 3998 3138 4071 persuadere
3168 4002 3414 4054 conatur
3442 4002 3670 4067 ut,cum
3691 3999 3974 4056 audimus

2312 4088 2536 4161 aliquid
2554 4086 3203 4159 factum,intelligamus
3218 4105 3332 4143 non
3349 4088 3731 4158 factum,cum
3749 4088 3976 4162 aliquid

2311 4175 2966 4249 dictum,intclligamus
2997 4192 3111 4231 non
3144 4175 3367 4232 dictum
3389 4194 3402 4245 ;
3423 4177 3697 4250 adjungit
3717 4182 3774 4233 et
3796 4177 3973 4234 dicit:

2310 4267 2602 4323 Praescisse
2631 4274 2683 4321 et
2710 4264 3132 4337 praedestinasse
3162 4267 3332 4321 Deum
3364 4274 3587 4337 peccata
3628 4267 3709 4322 vel
3756 4283 3970 4338 pwnas,

2307 4372 2408 4428 pro
2424 4371 2530 4411 non
2546 4355 2850 4426 praescisse,
2873 4370 2981 4409 non
3009 4354 3567 4425 prtedestinassemon
3598 4370 3967 4427 prmparasse.

2312 4445 2476 4510 Quod
2507 4443 2880 4517 apertissime
2909 4441 3043 4498 ﬁdei
3065 4446 3122 4498 et
3142 4442 3370 4499 veritati
3401 4443 3759 4500 contrarium
3791 4444 3968 4501 est.Si

2310 4533 2468 4589 enim
2482 4550 2597 4589 non
2609 4530 3057 4605 praescivitDeus
3070 4531 3412 4605 angelorum
3425 4531 3512 4588 vel
3525 4532 3833 4590 hominum
3848 4551 3969 4590 om-

2312 4622 2410 4678 nia
2440 4622 2639 4677 t‘utura
2670 4625 2926 4693 peccata,
2960 4637 3076 4676 non
3100 4625 3191 4677 est
3209 4621 3487 4693 praescius
3522 4622 3877 4678 futurorum.
3902 4624 3970 4679 Et

2313 4711 2455 4783 quid
2486 4710 2645 4766 aliud
2669 4714 2906 4782 praestat
2925 4709 3040 4766 nisi
3060 4710 3291 4767 utdicat
3320 4713 3419 4767 iste
3452 4713 3717 4783 insipiens
3738 4713 3795 4767 in
3811 4711 3969 4769 corde

2310 4816 2545 4869 suo,non
2574 4808 2650 4855 est
2678 4803 2827 4855 Deus
2858 4800 3028 4871 (Psal.
3059 4816 3184 4869 xm,
3209 4800 3284 4871 1),
3318 4800 3367 4856 si
3392 4817 3507 4855 non
3531 4800 3825 4873 praescivit
3854 4819 3967 4874 pce-

2310 4906 2418 4946 nas
2449 4906 2576 4962 quae
2606 4888 2984 4962 peccantibus
3007 4890 3170 4961 justo
3199 4889 3505 4955 debentur,
3539 4889 3825 4962 quomodo
3871 4906 3966 4946 eas

2310 4978 2436 5034 etin
2450 4976 2779 5051 Evangeliis
2798 4976 2935 5034 etin
2968 4978 3526 5051 caaterisScripturis
3559 4984 3679 5035 tam
3705 4978 3963 5046 assidue,

2308 5071 2428 5123 tam
2462 5066 2859 5141 graviter,tam
2883 5066 3224 5124 terribiliter
3243 5067 3657 5124 comminatur.
3683 5068 3795 5124 Sed
3826 5067 3966 5124 dicit

2311 5158 2420 5214 iste
2449 5174 2462 5212 :
2497 5157 2640 5225 Quia
2663 5164 2885 5229 peccata
2912 5158 2996 5213 vel
3021 5172 3200 5229 paenae
3220 5157 3368 5212 nihil
3395 5164 3545 5228 sunt,
3575 5173 3635 5214 eo
3665 5156 3808 5230 quod
3833 5158 3960 5213 sub-

2305 5249 2565 5302 stantiam
2593 5260 2693 5317 per
2736 5261 2793 5301 se
2840 5246 3114 5302 existendi
3160 5262 3271 5302 non
3297 5245 3548 5303 habeant.
3580 5247 3645 5302 Et
3673 5246 3791 5303 ideo
3820 5244 3962 5318 quod

2305 5336 2451 5392 nihil
2480 5342 2559 5391 est
2589 5339 2764 5392 Deum
2790 5350 2889 5390 nec
2914 5336 3053 5390 scire
3081 5351 3179 5391 nec
3204 5336 3467 5407 praescire
3491 5337 3751 5407 potuisse.
3784 5333 3959 5400 Quasi

2307 5425 2424 5480 Deo
2470 5423 2738 5497 ignotum
2788 5423 2866 5478 sit
2912 5423 3202 5496 quidquid
3250 5441 3365 5480 non
3415 5429 3524 5491 est,
3555 5428 3613 5480 et
3645 5423 3802 5497 quod
3835 5425 3959 5497 ipse

2307 5511 2697 5569 essentialiter
2737 5515 2795 5567 et
2841 5512 3186 5567 naturaliter
3232 5529 3361 5569 esse
3399 5529 3515 5568 non
3565 5512 3697 5568 fecit
3746 5529 3760 5567 :
3823 5528 3958 5568 cum

2308 5602 2403 5659 ille
2448 5601 2832 5674 omnipotenti
2866 5601 3112 5657 scientia
3160 5606 3217 5658 et
3264 5602 3634 5675 praescientia
3669 5618 3779 5658 sua
3808 5602 3961 5658 sicut

2305 5691 2463 5750 novit
2491 5689 2688 5748 omnia
2717 5706 2845 5762 quas
2878 5690 3034 5762 fecit,
3066 5689 3151 5748 sic
3199 5690 3376 5749 etiam
3427 5690 3651 5749 noverit
3679 5708 3808 5763 quae
3842 5707 3954 5749 non
