4100 6456
113 393 235 455 193

1099 387 1334 453 LIBER
1376 385 1797 452 ADVERSUS
1838 360 2212 450 JOA'NNEM
2257 388 2597 452 SGOTUM.

3436 392 3551 453 194

184 524 409 581 Adhuc
433 523 601 581 addit
622 526 679 578 et
701 521 845 578 dicit
870 539 883 577 :
909 520 1143 579 Dolendo
1181 538 1293 577 non
1324 523 1502 593 ipsum
1530 521 1788 583 dolorem,
1821 522 1875 588 Λ
1903 523 2307 592 perversitatem
2332 525 2582 595 propria?
2630 523 2955 592 voluntatis;
2977 540 3074 579 nec
3109 540 3353 596 peccasse
3388 532 3554 581 natu-

110 614 210 671 sed
241 615 435 686 ipsam
466 613 769 669 sanitatem
796 612 966 676 nosci,
1003 627 1170 683 quam
1197 626 1307 667 non
1334 611 1591 677 noscet,si
1608 610 1672 665 de
1694 610 1795 665 illa

114 704 407 761 notionem
423 700 723 774 quamdam
736 700 1101 757 nonhaberet.
1116 699 1179 754 In
1201 698 1419 771 quibus
1434 698 1625 754 verbis
1642 698 1795 754 afﬁr-

115 809 285 848 mare
317 791 562 848 videtur
587 788 851 846 dolorem
880 788 1050 845 illum
1098 792 1446 844 aztcrnarum
1486 803 1794 860 pennarum

117 899 238 938 non
271 896 461 953 posse
492 878 755 943 nosci,id
786 881 876 933 est
893 876 1245 950 agnosci,ab
1277 874 1473 933 animo
1495 875 1792 949 patientis,

118 988 187 1027 eo
222 969 389 1044 quod
423 968 557 1042 ipse
585 967 753 1024 dolor
783 965 1008 1022 nullam
1038 965 1254 1021 habeat
1294 965 1690 1021 substantiam
1735 963 1796 1019 in

119 1076 184 1116 se
215 1056 526 1117 existendi
555 1056 646 1113 vel
676 1053 1061 1112 subsistendi.
1084 1055 1154 1110 Et
1184 1053 1315 1110 ideo
1341 1070 1478 1110 cum
1518 1054 1798 1110 substan—

121 1147 350 1205 tialiter
380 1146 536 1202 nihil
568 1145 667 1212 sit,
697 1162 814 1201 non
857 1143 983 1216 ipse
1032 1147 1385 1218 agnoscatur
1435 1144 1507 1199 ab
1557 1142 1656 1199 illo
1697 1142 1798 1215 qui

121 1236 426 1303 dolet,sed
460 1233 661 1308 potius
691 1249 761 1289 ex
779 1232 907 1303 ejus
928 1230 1363 1304 comparatione
1384 1229 1607 1286 sanitas
1628 1245 1800 1302 agno-

122 1326 353 1394 scitur;
391 1341 528 1397 quaa
560 1323 622 1380 in
654 1338 896 1394 corpore
937 1318 1283 1379 naturaliter
1328 1317 1549 1391 aliquid
1603 1323 1712 1387 est,
1746 1321 1803 1375 et
1836 1312 1843 1319 ’

125 1432 259 1488 quas
292 1414 416 1487 ipsi
442 1410 633 1469 dolori
654 1408 949 1467 contraria
976 1413 1085 1465 est.
1119 1410 1303 1474 Quam
1334 1407 1644 1464 sanitatem
1676 1406 1805 1463 nul-

128 1504 374 1560 latenus
425 1505 634 1558 nosset
662 1498 764 1572 qui
791 1501 950 1556 totus
980 1496 1140 1554 dolet
1191 1497 1250 1553 in
1284 1497 1492 1569 pcenis,
1523 1495 1638 1552 nisi
1673 1496 1804 1567 ejus

129 1592 349 1650 notitia
375 1590 443 1647 in
476 1588 767 1647 memoria
800 1590 1147 1643 remaneret.

204 1686 271 1738 Et
321 1685 394 1737 ut
444 1680 569 1735 haec
614 1682 739 1735 tam
793 1676 1051 1733 absurda
1089 1680 1147 1731 et
1175 1674 1375 1745 stulta,
1397 1674 1558 1731 velut
1582 1674 1804 1730 ratione

129 1770 401 1844 quadam
436 1767 689 1835 reddita,
720 1766 1073 1822 conﬁrmare
1103 1765 1388 1831 videatur,
1415 1763 1723 1838 subjungit
1750 1767 1807 1819 et

128 1859 315 1915 dicit:
344 1856 801 1914 Recordationem
826 1854 1082 1910 sanitatis
1114 1855 1173 1908 in
1207 1853 1456 1909 sensibus
1501 1868 1804 1921 remanere,

130 1952 313 2021 ipsam
343 1963 475 2003 vero
508 1947 571 2001 in
601 1945 705 2000 illa
730 1943 1037 2000 substantia
1064 1959 1231 2014 quam
1256 1943 1397 1998 Deus
1425 1944 1629 1998 creavit
1668 1943 1806 1997 resi-

132 2039 285 2095 dere.
320 2037 439 2092 Per
468 2034 629 2107 quod
670 2031 940 2088 fortassis
986 2030 1096 2086 hoc
1129 2030 1375 2105 intelligi
1406 2030 1531 2087 vult
1561 2032 1714 2103 quod
1746 2031 1806 2085 in

134 2126 425 2185 sensibus
457 2125 518 2179 in
545 2122 648 2178 illa
679 2120 1056 2178 damnatione
1081 2135 1315 2192 semper
1350 2119 1621 2189 dolentis,
1651 2119 1810 2175 velut

132 2234 202 2272 ex
233 2210 711 2273 commonitione
737 2209 923 2283 ipsius
953 2208 1192 2278 doloris,
1227 2209 1330 2264 ﬁat
1360 2209 1683 2264 recordatio
1714 2225 1809 2264 sa-

137 2305 371 2372 nitatis,
409 2304 471 2358 in
505 2300 784 2358 sensibus
812 2297 1099 2365 videlicet,
1128 2297 1344 2371 quibus
1373 2296 1460 2354 vel
1490 2314 1703 2369 corpus
1720 2297 1811 2354 vel

138 2397 347 2451 anima
380 2393 552 2464 ipsos
582 2388 815 2445 dolores
846 2387 1090 2455 sentiet;
1121 2386 1314 2460 ipsam
1344 2403 1477 2443 vero
1499 2388 1810 2443 sanitatem

138 2486 198 2541 in
230 2484 340 2539 illa
373 2479 766 2537 damnatione
795 2477 876 2533 ita
904 2492 1077 2549 posse
1108 2475 1523 2548 intelligi,quia
1542 2477 1815 2532 substan-

142 2574 221 2630 tia
259 2570 560 2636 hominis,
584 2584 761 2640 quem
791 2566 945 2622 Deus
975 2566 1211 2631 creavit,
1233 2570 1291 2621 et
1316 2565 1378 2620 in
1427 2566 1637 2621 animae
1666 2568 1724 2620 et
1754 2565 1812 2619 in

141 2661 416 2736 corporis
448 2657 841 2732 perpetuitate
871 2671 986 2711 non
1008 2654 1398 2723 consumitur,
1420 2670 1537 2711 non
1567 2653 1813 2720 deletur,

142 2754 245 2810 sed
275 2749 449 2808 velut
481 2747 741 2820 quadam
774 2762 893 2801 sua:
924 2742 1308 2816 plenitudinis
1359 2743 1611 2799 sanitate
1652 2749 1814 2798 aeter-

142 2842 361 2899 naliter
393 2838 594 2894 durat.
618 2839 755 2903 Quae
786 2833 984 2891 omnia
1015 2832 1227 2888 idcirco
1260 2832 1452 2888 dicere
1481 2832 1732 2899 videtur,
1753 2836 1818 2887 ut

142 2950 246 3006 per
268 2931 455 2987 illum
490 2924 919 2997 sempiternum
950 2938 1257 2994 pmnarum
1288 2920 1573 2989 dolorem,
1595 2937 1700 2976 nec
1722 2937 1815 2977 co-

141 3021 484 3096 gnitionem
540 3012 835 3081 sanitatis,
870 3028 975 3067 nec
1023 3011 1153 3082 ejus
1200 3009 1678 3079 recordationem,
1712 3026 1817 3067 nec

143 3113 345 3185 ipsam
377 3103 700 3164 sanitatem
735 3101 793 3157 in
824 3099 909 3158 eis
939 3099 1039 3174 qui
1065 3099 1374 3171 torquendi
1408 3104 1568 3166 sunt,
1599 3104 1820 3156 asserat

146 3200 364 3274 perire.
382 3200 534 3251 Cum
563 3209 595 3249 e
626 3190 915 3249 contrario
937 3189 1136 3245 omnia
1166 3187 1361 3253 ista,id
1381 3192 1469 3245 est
1488 3192 1546 3244 et
1564 3188 1818 3262 cognitio

1901 626 2042 677 ram,
2074 611 2166 667 sed
2192 612 2546 669 voluntatem.

1971 700 2025 753 6.
2059 702 2168 756 Nec
2196 701 2256 754 in
2279 701 2462 772 primo
2493 701 2714 759 homine
2749 717 2997 774 peccasse
3035 710 3253 760 naturae
3276 719 3376 772 gen
3399 704 3553 759 'rali-

1904 794 2085 854 tatem,
2116 787 2207 844 sed
2235 791 2672 862 uniuscujusque
2702 790 3050 847 individuam
3078 792 3426 851 voluntatem.

1973 878 2028 930 7.
2060 876 2124 932 Si
2150 893 2215 933 ea
2234 886 2439 934 natura
2466 879 2883 951 derelinqueret,
2907 897 3030 936 cum
3058 898 3169 937 una
3197 883 3287 950 sit,
3305 890 3419 938 tota
3433 898 3554 954 pre-

1902 968 2039 1036 fecto
2062 967 2289 1038 periret.

1975 1056 2029 1109 8.
2065 1055 2301 1111 Proinde
2332 1058 2389 1111 in
2412 1057 2805 1113 alienaturum
2821 1060 3178 1131 puniri,quia
3202 1076 3271 1115 ea:
3299 1060 3395 1115 Deo
3409 1061 3559 1128 sit,et

1905 1159 2017 1199 non
2041 1143 2336 1215 peccet,sed
2355 1153 2533 1200 motus
2553 1147 2898 1203 voluntarius
2918 1147 3247 1204 libidinosus
3263 1150 3554 1219 puniatur.

1979 1233 2032 1287 9.
2064 1232 2291 1306 Ideoque
2312 1235 2373 1289 in
2392 1235 2581 1306 impiis
2606 1235 2879 1306 supplicia
2897 1252 3008 1291 non
3022 1237 3237 1308 perpeti
3254 1236 3397 1308 quod
3418 1242 3560 1297 Deus

1906 1323 2054 1393 fecit,
2085 1321 2176 1377 sed
2205 1322 2349 1393 quod
2377 1324 2638 1395 superbia
2664 1325 2857 1380 vitiose
2885 1325 3111 1381 invenit.

1980 1412 2069 1468 lO.
2106 1410 2414 1467 Libidinem
2435 1427 2709 1483 perversae
2737 1412 3038 1470 voluntatis
3066 1416 3328 1481 cruciari,
3347 1414 3477 1470 dum
3494 1432 3561 1473 ea

1910 1515 2036 1572 qua:
2062 1500 2207 1555 male
2236 1508 2333 1557 aut
2352 1500 2578 1570 indigne
2603 1503 2807 1573 appetit
2834 1501 3033 1558 habere
3060 1519 3167 1559 non
3192 1505 3432 1559 sinatur.

1985 1591 2071 1645 11.
2105 1591 2189 1644 Ea:
2214 1591 2370 1645 nullo
2401 1592 2537 1646 bono
2566 1592 2777 1647 malum
2804 1608 2937 1648 esse.

1986 1680 2072 1735 12.
2106 1680 2242 1734 Eum
2268 1681 2365 1751 qui
2392 1679 2483 1735 hic
2509 1680 2679 1737 libero
2708 1682 3002 1737 voluntatis
3032 1682 3284 1753 arbitrio,
3316 1684 3457 1755 quod
3486 1691 3565 1739 est

1912 1769 2190 1827 naturalis
2237 1768 2623 1841 intelligentiae
2648 1786 2873 1837 manus,
2906 1770 2962 1825 id
2990 1778 3070 1827 est
3117 1774 3313 1829 mentis
3333 1774 3477 1829 acies
3506 1773 3567 1828 in

1914 1873 2045 1912 usus
2076 1857 2441 1926 turpitudinis
2469 1864 2657 1925 mutet,
2693 1858 2814 1913 illic
2838 1875 2908 1914 ne
2935 1860 3159 1915 omnino
3182 1862 3430 1917 veritatis
3469 1862 3568 1917 ho-

1914 1954 2118 2003 nestate
2133 1949 2380 2018 fruatur,
2403 1947 2713 2017 justissime
2734 1948 2948 2019 perdat,
2979 1956 3030 2005 et
3055 1950 3301 2006 tenebras
3341 1958 3570 2008 aeternae

1916 2036 2246 2106 ignorantiae
2273 2051 2387 2090 non
2417 2037 2642 2091 evitare.

1992 2125 2055 2179 In
2082 2123 2174 2179 his
2205 2123 2396 2179 verbis
2426 2122 2572 2178 illud
2603 2125 2759 2195 quod
2794 2124 2984 2197 primo
3014 2124 3140 2181 loco
3170 2126 3367 2197 posuit
3408 2128 3570 2183 nulla

1916 2222 2120 2269 natura
2158 2220 2417 2268 naturam
2460 2214 2678 2283 puniri,
2711 2212 2839 2268 ideo
2887 2213 3106 2269 dixisse
3152 2214 3385 2271 videtur
3424 2198 3571 2287 quia

1919 2302 2113 2359 omnis
2143 2301 2344 2373 utique
2373 2306 2585 2357 natura
2605 2318 2638 2356 a
2660 2302 2812 2357 bono
2832 2307 3065 2358 auctore
3087 2303 3203 2358 Deo
3221 2304 3474 2373 condita,
3509 2305 3570 2360 in

1922 2394 2209 2464 quantum
2238 2394 2451 2445 natura
2479 2393 2586 2457 est,
2622 2390 2776 2445 bona
2804 2396 2893 2446 est
2926 2407 2938 2446 :
2973 2395 3040 2445 ut
3067 2392 3226 2446 verbi
3252 2392 3573 2465 gratia,na-

1921 2485 2054 2534 tura
2083 2479 2294 2534 anima:
2323 2477 2443 2534 sive
2481 2479 2743 2550 corporis
2773 2479 2926 2534 bona
2947 2483 3064 2547 est;
3088 2483 3146 2534 et
3166 2484 3376 2535 natura
3396 2480 3573 2553 ignis,

1922 2568 1982 2623 in
2015 2572 2301 2641 quantum
2326 2572 2536 2623 natura
2565 2566 2953 2633 est,similiter
2978 2568 3134 2624 bona
3153 2572 3419 2624 est.Cum
3439 2586 3576 2642 ergo

1924 2663 2174 2730 utraque
2204 2657 2550 2713 naturaliter
2570 2658 2723 2712 bona
2743 2657 3044 2726 sint,rccte
3066 2657 3178 2712 sibi
3210 2657 3319 2714 iste
3348 2658 3580 2715 videtur

1926 2749 2119 2803 dicere
2147 2752 2204 2802 et
2226 2747 2490 2813 deﬁnire,
2525 2747 2679 2818 quod
2713 2746 2876 2802 nulla
2904 2750 3114 2802 natura
3159 2746 3276 2803 alia
3304 2748 3580 2819 puniatur

1926 2840 2164 2904 natura;
2191 2834 2327 2907 quia
2347 2832 2619 2890 videlicet
2638 2835 2754 2890 duo
2777 2835 2930 2891 bona
2949 2835 3276 2892 secundum
3296 2837 3347 2908 ej
3357 2854 3425 2892 ue
3446 2853 3579 2893 sen-

1928 2941 2059 2981 sum
2077 2940 2193 2978 non
2216 2928 2466 2995 possunt
2484 2921 2596 2978 sibi
2614 2939 2745 2979 esse
2761 2924 3150 2979 contraria.ne
3170 2928 3393 2981 naturae
3416 2925 3580 2981 bonae

1928 3014 2111 3070 altera
2129 3013 2285 3068 bona
2306 3015 2517 3068 natura
2546 3011 2736 3084 possit
2755 3029 2882 3069 esse
2905 3028 3095 3085 poma.
3108 3014 3295 3085 Atque
3314 3013 3584 3086 hujusce-

1930 3101 2088 3159 modi
2119 3100 2644 3174 argumentationis
2664 3100 3155 3158 manifestissima
3177 3100 3403 3158 fallacia
3423 3102 3586 3175 cupit

1932 3193 2268 3249 subvertere
2310 3190 2370 3245 in
2405 3189 2681 3246 cordibus
2702 3189 3067 3246 audientium
3096 3190 3498 3247 ﬁrmissimam
3521 3191 3586 3247 ﬁ-

149 3259 206 3346 et
236 3284 545 3344 memoria
579 3279 851 3337 sanitatis
879 3278 940 3333 in
972 3277 1168 3334 animo
1198 3292 1431 3351 semper
1460 3259 1734 3344 dolentis,
1767 3281 1823 3332 et
1851 3259 1894 3325 (ἶ
1934 3280 2025 3337 dei
2056 3281 2377 3344 veritatem,
2410 3295 2527 3350 qua
2556 3295 2761 3334 omnes
2792 3278 2990 3334 ﬁdeles
3020 3278 3422 3335 indubitanter
3461 3296 3586 3334 cre-

154 3373 540 3437 conservatie
565 3370 667 3428 illa
689 3372 911 3426 natura;
933 3383 1237 3440 nunquam
1270 3365 1672 3433 delendaa,non
1694 3383 1826 3438 pro-

154 3468 367 3525 ﬁciant
398 3464 475 3521 ad
505 3461 769 3532 aliquam
800 3456 1047 3530 gratiam
1067 3454 1571 3528 etjucunditatem
1593 3452 1823 3523 salutis,

153 3558 265 3614 sed
298 3554 511 3630 potius
541 3550 613 3607 ad
649 3547 954 3606 cumulum
974 3544 1195 3602 doloris
1219 3561 1233 3600 :
1264 3548 1327 3600 ut
1347 3560 1463 3599 non
1485 3543 1677 3600 solum
1699 3560 1828 3600 sen-

153 3665 231 3703 su
262 3650 324 3701 et
372 3638 644 3714 corporis
687 3642 746 3693 et
774 3636 983 3692 animas
1015 3633 1207 3691 doleat
1236 3633 1317 3689 ita
1348 3632 1690 3701 damnatus;
1722 3633 1825 3690 sed

150 3736 343 3792 etiam
377 3732 525 3788 dum
556 3726 915 3792 recordatur,
929 3727 988 3780 et
1017 3720 1281 3795 agnoscit
1303 3721 1523 3779 bonum
1556 3719 1826 3776 sanitatis

152 3824 316 3900 quod
350 3820 627 3878 funditus
652 3813 934 3881 amisit,in
958 3813 1087 3885 ipsa
1107 3808 1391 3869 memoria
1406 3814 1461 3866 et
1492 3808 1698 3865 notitia
1717 3826 1824 3881 pu-

152 3897 385 3972 niatur.
400 3909 570 3966 Dicat
588 3922 725 3980 ergo
760 3903 1006 3959 insanus
1037 3918 1165 3957 esse
1196 3899 1254 3954 in
1288 3898 1519 3954 aeternis
1558 3902 1615 3954 et
1644 3897 1827 3955 omni-

152 4002 359 4060 modis
382 3995 687 4055 doloribus
715 3990 1205 4057 sanitatem,dum
1240 4004 1367 4060 quae
1398 3985 1477 4042 ibi
1507 3985 1823 4054 existimat,

151 4095 305 4149 dum
338 4104 472 4161 quae
504 4084 584 4141 ibi
609 4087 776 4158 putat
807 4095 1107 4135 remanere
1128 4078 1201 4133 ad
1228 4075 1509 4131 indicium
1532 4074 1822 4143 sanitatis,

153 4198 278 4238 non
307 4174 475 4234 aliud
510 4188 686 4247 quam
710 4168 955 4226 materia
980 4168 1101 4224 sint
1129 4163 1349 4221 doloris
1374 4181 1387 4220 :
1413 4163 1655 4229 ut,dum
1675 4181 1825 4219 nun-

156 4285 353 4343 quam
385 4262 589 4320 ﬁnitur
618 4259 720 4333 qui
751 4260 1079 4331 torquetur,
1115 4271 1221 4312 nec
1251 4256 1545 4310 tormenta
1592 4252 1722 4325 ipsa
1759 4253 1825 4308 ﬁ-

160 4359 416 4415 niantur
449 4370 462 4408 :

799 4471 1031 4530 CAPUT
1070 4470 1211 4527 XVI.

1934 3372 2083 3427 dunt
2112 3373 2169 3424 et
2194 3368 2567 3434 conﬁtentur,
2583 3366 2641 3422 in
2666 3384 2786 3422 una
2800 3370 2860 3422 et
2884 3383 2986 3438 per
3007 3382 3183 3422 unam
3209 3367 3408 3422 aeterni
3430 3366 3587 3440 ignis

1935 3460 2304 3523 naturam,et
2333 3460 2604 3510 naturam
2638 3455 2955 3528 spirituum
2988 3454 3465 3527 malignorum,et
3487 3471 3587 3512 na-

1934 3552 2132 3604 turam
2158 3544 2467 3601 hominum
2496 3544 2881 3617 perditorum,
2910 3543 2971 3599 id
3001 3548 3093 3600 est
3121 3543 3351 3600 animas
3382 3549 3439 3600 et
3461 3560 3587 3599 cor-

1934 3653 2077 3709 pora
2103 3650 2306 3690 eorum
2337 3632 2463 3689 sine
2494 3633 2609 3688 ﬁne
2635 3632 3023 3700 damnandas,
3057 3631 3388 3705 puniendas
3410 3636 3588 3706 atque

1933 3724 2293 3798 torquendus
2324 3739 2427 3795 per
2457 3722 2586 3793 ejus
2607 3722 2841 3793 justum
2873 3725 2930 3777 et
2957 3724 3236 3776 aeternum
3252 3721 3544 3792 judicium
3572 3740 3585 3779 :

1933 3816 2046 3886 Qui
2069 3819 2242 3885 potest
2267 3819 2318 3868 et
2348 3812 2596 3866 animam
2623 3818 2675 3866 et
2699 3826 2893 3883 corpus
2918 3810 3144 3882 perdere
3174 3811 3231 3865 in
3263 3810 3585 3879 gehennam,

1933 3911 1984 3960 et
2013 3904 2129 3975 qui,
2163 3907 2448 3973 postquam
2474 3899 2751 3966 occiderit,
2770 3899 2930 3955 habet
2952 3906 3267 3971 potestatem
3292 3900 3507 3954 mittere
3530 3900 3589 3957 in

1932 3993 2236 4062 gehennam
2263 3987 2481 4057 (Matth.
2515 4004 2571 4054 x,
2602 3988 2715 4058 28).

2005 4078 2121 4133 Nec
2142 4076 2332 4133 solum
2350 4076 2422 4129 de
2438 4072 2557 4130 illis
2571 4073 2803 4129 aeternis
2823 4072 3127 4146 suppliciis
3146 4073 3362 4145 quibus
3380 4076 3592 4128 natura

1933 4165 2199 4240 angelica
2227 4167 2284 4219 et
2312 4163 2575 4218 humana
2603 4162 2806 4234 utique
2829 4166 3039 4218 natura
3070 4161 3225 4234 ignis
3249 4160 3449 4216 aeterni
3469 4165 3590 4216 tor-

1935 4254 2212 4328 quebitur
2231 4259 2295 4308 ut
2314 4250 2600 4325 ignis,qui
2621 4251 2880 4306 bonitate
2901 4248 3231 4305 Conditoris
3247 4248 3341 4304 hic
3362 4247 3589 4303 homini

1936 4346 2111 4400 datus
2140 4346 2229 4398 est
2267 4342 2339 4397 ad
2379 4339 2676 4408 solatium,
2707 4338 2789 4393 ibi
2830 4339 2996 4409 justa
3043 4336 3348 4395 severitate
3368 4336 3591 4407 judicia

1934 4436 2195 4489 vertatur
2239 4430 2292 4486 ei
2340 4429 2402 4484 in
2450 4427 2842 4501 supplicium;
2880 4443 2993 4482 non
3028 4427 3100 4482 de
3149 4424 3288 4496 illis,
3321 4425 3587 4498 inquam,

1935 4521 2077 4579 solis
2108 4523 2267 4577 certa
2294 4522 2383 4573 est
2413 4517 2557 4573 ﬁdes
2585 4517 2668 4572 ita
2694 4532 2822 4572 esse
2853 4515 3149 4584 futurum;
3184 4515 3285 4571 sed
3321 4515 3497 4571 etiam
3530 4515 3590 4572 in

231 4628 412 4685 Sexto
437 4619 663 4679 decimo
693 4616 952 4692 capitulo
974 4612 1283 4673 duodecim
1311 4610 1679 4667 deﬁnitiones
1702 4626 1830 4682 pro-
1861 4633 1907 4698 υ
1941 4609 2243 4668 communi
2262 4606 2574 4663 hominum
2601 4622 2775 4662 sensu
2801 4604 3196 4661 certissimum
3213 4621 3343 4661 esse
3363 4608 3595 4661 constat

156 4716 353 4793 ponit,
387 4713 476 4768 ita
504 4708 706 4767 dicens
741 4724 755 4762 :

226 4806 280 4862 l.
321 4801 504 4859 Nulla
525 4805 727 4856 natura
753 4803 1016 4853 naturam
1039 4792 1255 4865 puniri.

229 4899 288 4950 2.
324 4894 394 4949 Et
419 4889 568 4945 nihil
598 4886 753 4945 aliud
781 4899 895 4942 esse
930 4898 1121 4956 plenas
1162 4887 1524 4953 peccatorum,
1553 4879 1669 4933 nisi
1712 4892 1830 4948 pec-

158 4993 285 5041 cata
302 4995 528 5039 eorum.

232 5075 289 5129 3.
323 5071 391 5126 In
422 5070 559 5141 igne
586 5073 794 5124 aeterno
842 5061 988 5118 nihil
1036 5056 1196 5116 aliud
1242 5072 1352 5114 esse
1399 5071 1633 5128 poenam,
1666 5071 1831 5127 quam

165 5165 349 5220 beata:
375 5157 664 5231 felicitatis
692 5152 1019 5211 absentiam.

233 5254 292 5307 4.
326 5250 393 5306 1η
422 5263 488 5304 ea
515 5245 738 5302 nullum
767 5257 879 5298 esse
908 5241 1007 5312 qui
1052 5253 1163 5294 non
1213 5235 1407 5291 habeat
1453 5235 1680 5289 insitam
1723 5231 1832 5287 sibi

162 5339 509 5398 naturaliter
564 5332 811 5391 absentis
861 5326 1215 5386 beatitudinis
1269 5325 1566 5389 notionem,
1611 5322 1833 5393 ejusque

163 5429 506 5490 desiderium
536 5441 555 5480 :
585 5422 869 5479 habituros
900 5420 1126 5475 miseros
1154 5414 1443 5488 felicitates
1489 5419 1541 5468 et
1584 5411 1833 5467 veritatis

162 5521 449 5577 notionem
477 5526 639 5586 atque
664 5510 956 5573 scientiam
987 5523 999 5564 :
1036 5522 1100 5563 ac
1121 5520 1223 5577 per
1249 5502 1349 5559 hoc
1374 5517 1485 5557 non
1513 5515 1624 5556 esse
1666 5502 1832 5557 mise-

164 5626 276 5676 ros,
310 5622 415 5665 nec
440 5604 655 5677 puniri.

237 5701 294 5758 5.
329 5699 396 5755 In
426 5694 644 5753 diabolo
669 5698 723 5751 et
752 5688 941 5767 impiis
972 5684 1288 5747 hominibus
1328 5696 1441 5741 non
1481 5679 1682 5756 puniri
1721 5680 1837 5739 nisi

1938 4716 2244 4772 nunquam
2272 4701 2540 4752 naturam
2571 4695 2686 4751 uisi
2718 4698 2928 4750 natura
2959 4693 3175 4767 puniri.
3201 4694 3364 4749 Sicut
3383 4697 3596 4751 natura

1937 4787 2219 4860 corporis,
2238 4789 2339 4841 aut
2367 4801 2437 4840 ex
2456 4784 2775 4856 semetipsa
2795 4781 3221 4856 punitur,velut
3241 4798 3375 4837 cum
3398 4783 3595 4839 deﬁcit

1937 4896 1971 4936 a
1999 4877 2341 4944 sanitate,et
2370 4871 2703 4930 succumbit
2731 4870 3061 4927 inﬁrmitati
3094 4875 3268 4943 atque
3299 4870 3589 4944 languori,

1939 4968 2081 5030 dum
2114 4970 2170 5022 et
2194 4965 2415 5019 bonum
2446 4961 2717 5019 sanitatis
2745 4961 2806 5018 in
2835 4978 2902 5017 eo
2932 4960 3238 5028 minuitur,
3273 4964 3330 5015 et
3367 4959 3591 5016 malum

1940 5053 2241 5129 languoris
2271 5070 2340 5108 ex
2368 5051 2562 5124 seipso
2585 5051 2826 5123 patitur,
2852 5054 2953 5106 aut
2981 5067 3050 5106 ex
3079 5048 3321 5104 alterius
3370 5051 3590 5103 naturae

1940 5142 2360 5207 subtractione,
2394 5156 2522 5211 quae
2550 5139 2635 5195 illi
2658 5141 2729 5196 ad
2763 5136 3247 5196 sustentationem
3296 5134 3385 5191 vel
3430 5134 3590 5191 aliud

1939 5232 2218 5290 solatium
2249 5229 2402 5286 valet
2435 5246 2448 5285 :
2482 5228 2643 5285 velut
2674 5229 2723 5285 si
2756 5228 2807 5284 ei
2856 5224 3163 5299 pcenaliter
3211 5223 3594 5279 subtrahatur

1940 5326 2152 5378 natura
2181 5319 2426 5387 cibi,aut
2452 5319 2757 5392 potus,aut
2786 5314 2962 5369 etiam
2993 5310 3256 5381 lucis,vel
3278 5312 3592 5369 vestimen-

1940 5411 2071 5479 ti,et
2094 5408 2381 5482 quidquid
2414 5403 2705 5479 ejusmodi
2726 5407 2842 5471 est;
2867 5403 3009 5457 dum
3040 5417 3110 5457 ex
3137 5400 3245 5457 hoc
3277 5404 3335 5457 et
3353 5401 3508 5457 fame
3524 5416 3591 5458 ac

1942 5500 2040 5557 siti
2070 5497 2316 5556 tabescit
2354 5513 2420 5553 ac
2450 5495 2663 5563 deﬁcit,
2695 5497 2752 5549 et
2779 5490 3154 5548 tenebrarum
3185 5490 3423 5547 horrore
3444 5489 3590 5547 affli-

1942 5589 2119 5661 gitur,
2154 5590 2256 5643 aut
2284 5584 2518 5659 frigoris
2551 5597 2813 5639 aerumna
2849 5578 3172 5649 cruciatur;
3200 5584 3303 5635 aut
3332 5583 3486 5635 certe
3525 5596 3596 5639 ex

1944 5676 2189 5738 alterius
2214 5674 2295 5734 rei
2325 5676 2537 5732 natura
2561 5671 2760 5750 ipsum
2790 5685 3002 5749 corpus
3030 5668 3290 5731 hominis
3309 5668 3591 5750 punitur:
