4100 6444
566 408 684 469 195

1673 401 1897 462 FLOﬁI
1942 397 2256 462 DIACONI
2301 396 2873 466 LUGDUNENSIS.

3866 400 3976 461 196
4029 386 4032 393 ’

567 544 721 597 sEcut
748 555 991 613 corpora
1015 537 1308 594 latronum
1342 535 1543 608 utique
1579 534 1903 606 puniuntur
1932 533 1983 587 vi
2019 532 2214 605 ﬁagel-
2246 537 2295 600 Α
2329 534 2462 606 quis
2494 535 2744 590 creavit?
2766 537 3026 608 itemque
3048 535 3397 609 respondet:
3425 535 3562 591 Item
3598 534 3975 603 crcdo,Deus.
4058 557 4063 561 ο

567 630 757 686 lorum
781 633 837 684 et
866 625 1197 701 gladiorum
1218 643 1285 681 ac
1316 622 1732 696 multiplicium
1766 626 2216 689 tormentorum,

565 737 693 791 quae
715 717 919 789 utique
949 716 1212 789 ipsorum
1241 717 1459 770 naturae
1490 729 1559 768 ex
1588 711 1719 767 aliis
1759 710 1987 766 naturis
2019 727 2220 783 pcena-

561 805 695 862 liter
715 805 1067 861 inferuntur.
1088 803 1233 859 Cum
1263 818 1400 875 ergo
1421 800 1543 855 haec
1574 800 1655 854 ita
1682 799 1880 867 sint,et
1915 814 2218 871 nunquam

564 900 776 951 natura
804 894 916 949 nisi
952 896 1054 948 aut
1090 909 1159 947 ex
1205 891 1399 962 seipsa
1445 889 1506 944 in
1556 888 1751 961 scipsa
1800 887 2100 960 puniatur,
2130 886 2218 942 vel

564 983 804 1040 alterius
862 987 1082 1037 naturae
1143 979 1390 1035 utilitate
1448 978 1770 1044 subtracta,
1803 975 1891 1032 vel
1948 974 2220 1031 violentia

565 1072 744 1138 illata,
761 1088 877 1144 qua
902 1069 1124 1125 ratione
1154 1068 1265 1124 iste
1291 1067 1437 1123 dicit
1467 1066 1690 1121 nullam
1716 1070 1984 1121 naturam
2007 1068 2220 1120 natura

562 1161 798 1235 puniri?
820 1164 884 1214 ut
940 1176 1010 1214 ex
1066 1158 1175 1213 hoc
1218 1160 1507 1229 quantum
1557 1154 1617 1210 in
1669 1172 1731 1210 se
1777 1158 1885 1220 est,
1914 1153 2215 1209 veritatem

560 1256 910 1307 aeternorum
958 1248 1226 1303 destruat
1274 1243 1728 1318 suppliciorum;
1762 1241 1860 1298 ubi
1910 1247 1967 1297 et
2008 1246 2219 1296 natura

560 1338 900 1413 spirituum,
932 1340 990 1392 et
1017 1340 1229 1391 natura
1261 1350 1571 1407 corporum
1607 1333 1777 1405 juxta
1825 1330 2216 1404 evangelicam

559 1432 617 1484 et
646 1425 1026 1500 apostolicam
1056 1425 1360 1481 veritatem
1386 1440 1399 1477 :
1433 1426 1647 1477 Natura
1678 1423 1822 1493 ignis
1849 1422 2049 1478 aeterni
2089 1436 2217 1475 cru-

556 1519 798 1573 ciabitur
822 1516 912 1572 die
933 1531 998 1571 ac
1024 1522 1176 1571 nocte
1210 1515 1267 1569 in
1296 1513 1502 1570 saecula
1532 1512 1862 1568 saeculorum
1892 1510 2075 1582 (Apoc.
2098 1527 2213 1578 xw,

560 1606 670 1676 ιο).

630 1694 690 1751 Si
723 1698 917 1750 autem
942 1695 1249 1765 propterea
1269 1691 1378 1748 hoc
1406 1690 1545 1747 dicit
1566 1690 1709 1763 quia
1729 1693 1948 1745 natura:
1980 1705 2097 1743 non
2121 1705 2218 1741 no-

561 1788 694 1841 cent
720 1782 990 1849 invicem,
1011 1780 1125 1836 nisi
1149 1779 1274 1836 suis
1296 1778 1700 1852 qualitatibus,
1726 1782 1810 1846 ut,
1828 1776 1985 1833 verbi
2006 1774 2213 1848 gratia,

557 1871 714 1945 ignis
743 1878 801 1927 et
828 1887 1003 1943 aqua,
1037 1886 1287 1941 quorum
1322 1867 1568 1941 prepria:
1617 1866 1930 1939 qualitates
1961 1869 2099 1921 sunt
2152 1868 2217 1919 ut

558 1966 616 2017 et
644 1978 797 2034 aqua
825 1959 903 2015 sit
928 1957 1273 2014 naturaliter
1301 1957 1568 2024 humida,
1598 1960 1654 2011 et
1686 1956 1839 2028 ignis
1871 1953 2216 2010 naturaliter

557 2050 787 2118 aridus;
814 2054 871 2105 et
900 2048 1029 2103 ideo
1061 2050 1252 2120 potest
1277 2049 1334 2101 et
1363 2063 1527 2118 aqua:
1553 2045 1798 2100 humore
1820 2044 1974 2117 ignis
2005 2042 2214 2099 exstin-

554 2139 750 2212 gui,et
779 2136 933 2211 ignis
953 2135 1222 2192 ariditate
1251 2134 1438 2208 ignita
1477 2134 1691 2191 humor
1720 2150 1883 2206 aquae
1914 2132 2210 2200 exsiccari,

556 2231 620 2284 ut
649 2244 765 2283 non
815 2226 926 2281 sibi
974 2224 1281 2280 videantur
1319 2225 1434 2280 ista
1481 2224 1774 2279 adversari
1823 2240 1891 2278 ex
1939 2239 2006 2278 eo
2054 2221 2210 2294 quod

552 2320 773 2372 naturae
804 2319 966 2380 sunt,
991 2315 1091 2370 sed
1124 2331 1192 2370 ex
1224 2331 1289 2370 eo
1321 2314 1477 2386 quod
1509 2312 1896 2386 qualitatibus
1926 2311 2050 2367 suis
2098 2310 2210 2366 sibi

554 2404 854 2461 contraria
886 2408 1045 2459 sunt.
1071 2403 1128 2458 Si
1162 2401 1876 2475 propterea,inquam,hoc
1897 2399 2213 2468 dicit,seiat

556 2494 614 2548 in
651 2494 761 2547 ﬁde
784 2497 984 2548 nostra
1011 2490 1234 2546 nullam
1257 2507 1386 2547 csse
1405 2490 1747 2546 distantiam
1768 2494 1966 2544 utrum
1991 2492 2209 2543 naturae

554 2581 783 2638 naturis
814 2580 1009 2655 puniri
1040 2580 1335 2647 dicantur,
1359 2597 1431 2635 an
1464 2579 1605 2652 ipsa;
1635 2583 1857 2634 naturae
1890 2577 2014 2633 suis
2037 2582 2210 2633 natu-

555 2671 780 2727 ralibus
812 2670 1196 2743 qualitatibus
1218 2669 1330 2725 sibi
1363 2668 1609 2724 invicem
1643 2667 1899 2740 poenales
1928 2667 2206 2734 existant;

556 2760 696 2833 quia
725 2763 1042 2831 utrumque
1072 2775 1227 2813 unus
1249 2757 1526 2814 Conditor
1554 2757 1791 2824 creavit,
1824 2757 1881 2811 id
1915 2760 2001 2812 est
2029 2760 2084 2810 et
2107 2773 2207 2811 na-

553 2854 747 2905 turam
769 2852 827 2903 et
854 2847 1195 2920 qualitatem
1215 2846 1455 2903 insitam
1475 2850 1717 2901 naturae.
1743 2846 1813 2901 Et
1830 2846 1960 2900 ideo
1989 2848 2209 2899 utrum-

554 2955 667 3011 que
699 2935 876 2992 simul
911 2935 1236 2991 reotissimc
1264 2952 1379 2990 una
1411 2934 1624 2990 dicitur
1671 2938 1900 3002 natura,
1934 2937 1991 2988 et
2032 2951 2065 2988 a
2113 2950 2205 2989 sa-

552 3025 921 3099 pientissimo
948 3024 1253 3081 Conditore
1273 3022 1388 3079 alia
1416 3024 1488 3079 ab
1520 3023 1634 3079 alia
1663 3023 1898 3096 propria
1926 3021 2207 3093 qualitate

553 3114 847 3171 distincta.
884 3112 1097 3169 Deinde
1127 3113 1265 3185 quia
1312 3116 1370 3169 et
1407 3112 1453 3168 si
1495 3110 1848 3168 immortalis
1877 3114 1967 3166 est
1996 3114 2207 3166 natura

552 3201 797 3275 angelici
830 3202 949 3258 sive
980 3201 1225 3256 humani
1250 3201 1514 3273 spiritus,
1537 3203 2054 3272 tamen,potestate
2075 3216 2207 3254 con-

2328 623 2653 696 Interrogat
2682 626 2851 681 tertio
2882 643 2894 680 :
2930 626 3125 680 Bonus
3153 629 3243 681 est
3268 625 3369 697 qui
3404 628 3722 696 utrumque
3772 623 3982 680 creavit
4050 644 4053 653 ι

2328 711 2520 767 Deus?
2542 713 2891 784 respondet:
2918 713 3072 769 Nulli
3094 713 3339 769 dubium
3373 712 3701 769 est.Adhuc
3733 713 3980 767 interro-
4056 710 4061 713 ⁷

2327 804 2420 872 gat
2453 817 2465 855 :
2492 800 2562 855 Et
2578 805 2895 873 utrumque
2914 801 3066 873 quod
3088 801 3280 857 bonus
3302 804 3505 855 auctor
3524 799 3982 866 creavit,bonum
4040 798 4051 807 ”

2329 889 2457 944 est?
2478 892 2535 944 et
2565 889 2637 943 ad
2668 889 2778 945 hoc
2808 890 3161 962 respondet:
3187 889 3595 945 Conﬁtendum
3630 892 3736 944 est.
3767 887 3983 943 Deinde
4056 890 4068 921 -'

2328 976 2700 1044 concludit,si
2723 976 2902 1050 igitur
2926 981 2985 1032 et
3013 977 3254 1049 spiritus
3282 977 3562 1044 bonus,et
3583 992 3716 1031 caro
3739 976 3985 1044 bona,ut
4042 980 4067 1031 ῖῖ

2327 1083 2361 1121 a
2389 1065 2542 1121 bono
2573 1070 2809 1122 auctore
2831 1066 3084 1134 condita,
3100 1066 3201 1138 qui
3224 1066 3345 1121 ﬁeri
3373 1068 3663 1139 potest,ut
3692 1064 3811 1120 duo
3835 1065 3984 1119 bona
4044 1070 4065 1103 1

2327 1155 2559 1227 possint
2582 1154 2692 1211 sibi
2718 1171 2846 1211 esse
2886 1156 3219 1211 contraria?
3239 1156 3257 1227 ]
3281 1155 3416 1211 Post
3435 1154 3558 1209 haec
3588 1154 3744 1209 idem
3779 1154 3982 1209 beatus
4060 1161 4067 1169 '

2324 1243 2690 1318 Augustinus
2750 1245 3056 1318 subjungit
3113 1261 3143 1300 e
3191 1243 3481 1300 contrario
3538 1242 3980 1316 responsionem
4060 1264 4065 1269 ο

2326 1332 2606 1402 suam,ita
2636 1333 2835 1389 dicens
2861 1351 2874 1389 :
2897 1334 3136 1406 [Omitto
3159 1334 3348 1390 dicere
3369 1333 3510 1406 quia
3537 1336 3661 1388 tota
3688 1332 3874 1404 hujus
3897 1350 3981 1387 ra-

2326 1422 2622 1479 tiocinatio
2644 1423 3002 1494 turbaretur,
3026 1423 3073 1479 si
3095 1423 3230 1495 quis
3256 1423 3330 1478 ab
3356 1439 3421 1478 eo
3445 1426 3763 1495 quaereret:
3788 1422 3982 1477 zEstus

2325 1516 2383 1567 et
2415 1511 2600 1585 frigus
2631 1512 2763 1585 quis
2796 1512 2970 1568 fecit?
2999 1512 3376 1584 responderet
3405 1512 3561 1567 enim
3593 1511 3718 1568 sine
3753 1511 3934 1567 dubio
3966 1529 3977 1566 :

2325 1601 2631 1658 Deus.Non
2646 1618 2751 1675 ego
2770 1600 3306 1675 multainterrogo,i
3314 1617 3417 1674 pse
3430 1600 3742 1656 concludat
3759 1604 3978 1665 utrum,
4064 1656 4065 1659 η

2325 1694 2427 1745 aut
2459 1690 2574 1746 ista
2602 1690 2832 1762 possint
2864 1691 2979 1746 dici
3009 1708 3123 1746 non
3156 1691 3328 1759 bona,
3374 1696 3476 1746 aut
3509 1707 3626 1745 non
3658 1694 3980 1762 appareant
4054 1704 4061 1715 ι

2324 1778 2477 1834 inter
2503 1796 2564 1835 se
2595 1796 2722 1835 esse
2753 1779 3082 1835 contraria?
3112 1780 3215 1834 Hic
3254 1779 3401 1835 forte
3449 1778 3630 1834 dicit:
3657 1777 3979 1843 Qualitates
4054 1816 4061 1821 -

2325 1873 2465 1924 sunt
2497 1868 2618 1924 ista:
2650 1869 3136 1937 substantiarum,
3173 1886 3289 1924 non
3340 1867 3702 1925 substantia).
3740 1869 3827 1923 Ita
3872 1872 3976 1935 est,

2322 1975 2523 2014 verum
2555 1962 2673 2028 est;
2708 1959 2809 2014 sed
2832 1958 3147 2030 qualitates
3177 1957 3494 2027 naturales,
3518 1962 3576 2013 et
3606 1958 3677 2013 ad
3702 1957 3804 2013 Dci
3828 1974 3980 2013 crea-
4056 1974 4067 1981 “

2323 2051 2517 2103 turam
2568 2047 2695 2103 sine
2734 2048 2913 2103 dubio
2944 2046 3326 2120 pertinentes.
3360 2047 3710 2102 Substantiae
3760 2046 3977 2120 quippe
4056 2048 4067 2095 1

2322 2153 2439 2192 non
2463 2153 2567 2209 per
2596 2136 2842 2208 seipsas,
2876 2137 2975 2192 sed
3007 2153 3112 2209 per
3135 2154 3273 2192 suas
3306 2135 3802 2209 qualitates,sicut
3829 2152 3980 2209 aqua
4062 2164 4067 2185 ι

2322 2230 2379 2280 et
2408 2225 2582 2298 ignis,
2603 2225 2879 2280 dicuntur
2910 2225 3023 2281 sibi
3054 2242 3182 2281 esse
3212 2225 3535 2294 contrariae,
3561 2223 3696 2298 etc.]
3719 2226 3857 2291 Quae
3907 2224 3977 2278 ad

2323 2315 2783 2370 convincendam
2817 2318 2874 2370 et
2901 2315 3318 2382 destruendam
3342 2313 3594 2386 improbi
3617 2313 3877 2370 hominis
3897 2314 3976 2368 in-
4054 2346 4059 2365 ς

2323 2404 2549 2459 saniam
2584 2409 2826 2459 sanctus
2858 2404 3058 2467 doctor
3083 2403 3437 2476 exsequitur.

2392 2494 2535 2547 Cum
2569 2493 2765 2566 itaque
2785 2498 2970 2547 terror
2990 2497 3045 2548 et
3065 2492 3279 2548 veritas
3297 2496 3643 2548 aeternorum
3666 2492 3977 2566 supplicio-

2320 2597 2448 2635 rum
2482 2584 2601 2635 tam
2637 2585 2834 2653 aperte
2864 2585 2920 2636 et
2951 2580 3352 2653 multipliciter
3380 2587 3589 2636 nostrae
3642 2581 3773 2636 ﬁdei
3818 2598 3974 2636 com-
4060 2632 4067 2637 .

2319 2670 2673 2726 mende’ntur
2693 2670 2764 2724 ad
2783 2670 3188 2726 incutiendum
3208 2670 3661 2726 saluberrimum
3679 2670 3974 2736 timorem,
4064 2706 4067 2715 ι

2320 2764 2375 2815 et
2404 2758 2774 2815 excitandum
2809 2760 2879 2814 ad
2912 2761 3251 2815 continuam
3297 2760 3790 2828 emendationem,
3827 2776 3977 2833 quo-
4062 2788 4067 2819 ς

2318 2849 2491 2904 modo
2540 2848 2649 2904 iste
2694 2849 3051 2923 subjungere
3101 2854 3157 2905 et
3201 2849 3390 2905 dicere
3422 2866 3603 2905 ausus
3633 2853 3724 2905 est
3751 2858 3803 2905 et
3833 2850 3976 2905 nihil

2316 2937 2473 2992 aliud
2493 2953 2608 2993 esse
2633 2954 2818 3010 ptcnas
2840 2947 3186 3010 peccatorum
3204 2941 3317 2995 nisi
3333 2948 3553 3011 peccata
3582 2938 3811 2995 eorum?
3832 2939 3975 2994 Cum
4062 2966 4065 2973 -

2317 3026 2642 3082 certissime
2674 3027 2819 3083 ﬁdes
2847 3032 3036 3083 teneat
3059 3026 3203 3084 alias
3225 3044 3352 3084 esse
3373 3045 3575 3101 poenas
3600 3032 3972 3101 peccatorum

2318 3132 2465 3187 quas
2482 3114 2688 3170 animae
2715 3116 2773 3170 in
2797 3117 3069 3188 praesenti
3094 3133 3161 3171 ex
3190 3117 3318 3189 ipso
3335 3120 3703 3190 peccatorum
3728 3134 3973 3173 suorum

2317 3204 2523 3260 merito
2554 3204 2862 3277 patiuntur
2891 3206 3132 3268 desertae
3165 3222 3198 3261 a
3227 3207 3608 3277 Deo,deserta2
3632 3224 3665 3260 a
3696 3205 3971 3279 luccjus-

552 3291 759 3347 ditoris
788 3297 845 3347 et
868 3291 1015 3362 justi
1050 3289 1258 3347 ultoris
1290 3290 1409 3358 Dei,
1445 3289 1529 3346 sic
1557 3289 1639 3345 illi
1687 3289 1807 3362 igni
1839 3305 2113 3360 corporeo
2145 3293 2202 3344 et
2232 3279 2274 3346 C
2312 3293 2472 3363 titiw,
2509 3310 2541 3348 a
2572 3294 3059 3367 contemplatione
3090 3295 3373 3361 veritatis,
3415 3296 3487 3351 ab
3538 3295 3971 3351 illuminatione

548 3385 760 3436 aeterno
792 3381 1100 3453 poenaliter
1120 3383 1176 3436 et
1207 3378 1555 3435 aeternaliter
1581 3378 1937 3452 alligabitur,
1962 3379 2116 3434 sicut
2149 3381 2205 3433 ct

548 3469 643 3525 hic
672 3471 876 3526 eadem
908 3473 1194 3542 potestate
1244 3468 1463 3524 summi
1514 3467 1841 3524 Conditoris
1896 3467 2206 3540 colligatur

548 3559 844 3614 humanus
876 3559 1118 3630 spiritus
1145 3563 1375 3614 terreno
1411 3556 1780 3628 corpori,nec
1812 3556 1955 3612 solvi
1989 3560 2201 3627 potest,

549 3646 662 3703 nisi
696 3646 853 3702 illius
887 3647 1182 3703 voluntate
1213 3651 1269 3702 et
1292 3645 1516 3718 judicio
1535 3646 1635 3718 qui
1654 3644 2205 3718 colligavit.Natura

549 3752 782 3807 quoque
813 3734 1056 3791 humani
1080 3735 1340 3807 corporis
1372 3735 1429 3790 in
1454 3735 1550 3790 illo
1572 3738 1786 3790 aeterno
1810 3735 1943 3806 igne
1965 3734 2206 3789 damna-

548 3828 744 3879 torum
768 3824 848 3879 ita
868 3824 976 3879 erit
994 3823 1302 3895 poenaliter
1316 3822 1843 3891 immortalis,utad
1860 3823 2203 3880 sustinenda

550 3916 767 3968 aeterna
796 3912 1085 3985 supplicia
1114 3930 1418 3985 nunquam
1450 3916 1637 3968 morte
1657 3912 1942 3985 solvatur;
1969 3915 2049 3970 ita
2069 3932 2201 3988 pas-

548 4001 739 4057 sibilis
768 4007 826 4059 et
855 4000 1333 4074 incorruptibilis,
1369 4006 1433 4056 ut
1462 4001 1621 4057 omni
1653 4019 1863 4075 genere
1910 4003 2198 4071 dolorum,

549 4091 882 4147 cruciatum
911 4097 1086 4164 atque
1107 4107 1411 4164 poenarum
1433 4091 1559 4147 sine
1582 4091 1695 4147 ﬁne
1720 4092 2201 4165 afﬂigatur.Hanc

548 4180 705 4236 enim
737 4198 970 4253 poenam
1002 4180 1161 4237 omni
1184 4179 1507 4236 intentione
1528 4182 1842 4236 cavendam
1866 4182 2203 4238 terribiliter

545 4269 849 4343 Scriptura
870 4269 1198 4337 denuntiat,
1215 4270 1416 4325 dicens
1439 4286 1452 4324 :
1477 4271 1725 4326 Humilia
1751 4272 2012 4343 spiritum
2041 4277 2203 4327 tuum

544 4360 723 4430 valde,
757 4362 889 4432 quia
950 4360 1194 4416 vindicta
1249 4361 1433 4414 carnis
1490 4361 1653 4431 impii
1698 4362 1848 4429 ignis
1899 4369 1951 4417 et
1995 4378 2202 4418 vermes

547 4450 744 4520 (Eccli.
764 4467 861 4520 vn,
882 4449 988 4519 19).
1024 4450 1093 4503 Et
1125 4450 1335 4505 iterum
1364 4466 1375 4504 :
1405 4451 1669 4505 Dominus
1689 4451 1837 4506 enim
1866 4453 2201 4523 omnipotens

544 4538 845 4593 vindicabit
874 4540 935 4593 in
964 4540 1080 4605 eis;
1113 4540 1172 4592 in
1201 4538 1288 4593 die
1308 4538 1514 4609 judicii
1540 4540 1785 4595 visitabit
1830 4541 1954 4595 illos
1983 4559 2002 4596 :
2038 4541 2205 4597 Dabit

544 4628 606 4680 in
635 4642 828 4682 carnes
856 4643 1045 4682 eorum
1064 4629 1248 4695 ignem
1275 4635 1327 4682 et
1350 4643 1576 4695 vermes,
1605 4636 1667 4684 ut
1710 4637 1952 4684 urantur
1994 4638 2045 4684 et
2082 4646 2199 4686 scn-

545 4717 687 4771 tiant
714 4731 882 4787 usque
911 4717 970 4770 in
995 4717 1385 4787 sempiternum
1414 4717 1624 4787 (Iudith
1640 4735 1752 4785 xw,
1785 4719 1875 4786 20,
1908 4718 2020 4791 21).

618 4803 927 4876 Proposuit
950 4803 1192 4877 quidam
1225 4804 1552 4878 antiquitus
1583 4804 1836 4862 similem
1871 4807 1942 4862 de
1972 4811 2205 4863 natura-

545 4910 677 4948 rum
701 4893 854 4949 inter
873 4909 936 4949 se
957 4894 1365 4950 contrarietate
1387 4895 1933 4967 quaestionem.Quze
1953 4896 2204 4969 qualiter

544 4983 616 5038 ab
646 4982 746 5039 illo
778 4983 857 5039 sit
886 4982 1184 5055 proposita
1219 4988 1277 5039 et
1303 5000 1334 5039 a
1360 4985 1526 5040 beato
1548 4986 1875 5058 Augustino
1897 4985 2202 5042 evidentis-

545 5071 697 5127 sima
713 5071 937 5127 ratione
954 5072 1675 5140 destructa,necessarium
1700 5074 2105 5131 existimamus
2127 5077 2199 5131 ad

545 5159 1061 5217 commonitionem
1092 5166 1149 5217 et
1177 5162 1683 5218 conﬁrmationem
1731 5162 2052 5237 legentium
2106 5164 2200 5221 hic

543 5249 795 5305 breviter
822 5250 1108 5318 inserere;
1136 5250 1389 5307 maxime
1410 5251 1550 5324 quia
1581 5251 1678 5308 ille
1718 5253 1816 5324 qui
1841 5270 1968 5308 eam
1994 5270 2204 5327 propo-

545 5339 684 5407 suit,
719 5344 821 5395 aut
848 5339 973 5412 ipse
1005 5339 1273 5414 Pelagius
1306 5340 1418 5395 fuit
1447 5345 1550 5395 aut
1581 5340 1798 5413 aliquis
1832 5342 2199 5415 Pelagianus,

545 5428 697 5484 sicut
721 5432 778 5484 et
798 5428 907 5484 iste
925 5434 1031 5484 est.
1047 5429 1134 5485 Ita
1154 5446 1290 5504 ergo
1311 5430 1577 5486 eamdem
1603 5432 1981 5502 quaestionem
1996 5432 2203 5488 beatus

544 5517 911 5593 Augustinus
933 5522 1353 5574 commemorat
1374 5518 1604 5575 dicens:
1621 5518 1791 5593 [Quid
1814 5522 2085 5593 est,quod
2112 5522 2201 5577 in-

546 5609 801 5679 terrogat
834 5623 847 5662 :
882 5607 987 5673 Qui
1025 5607 1161 5662 fecit
1190 5605 1451 5663 hominis
1482 5607 1792 5681 spiritum?
1816 5614 1872 5664 et
1891 5611 2202 5683 respondet

545 5693 661 5756 sibi
692 5694 819 5755 sine
848 5696 1048 5767 dubio,
1080 5696 1255 5756 Deus.
1286 5696 1356 5755 Et
1394 5696 1534 5756 item
1564 5697 1919 5775 interrogat:
1954 5699 2198 5760 Carnem

2314 3382 2645 3451 charitatis;
2681 3387 2737 3438 et
2766 3383 3082 3456 aliquando
3104 3385 3331 3440 traditze
3362 3385 3537 3440 etiam
3569 3384 3628 3440 in
3652 3386 3970 3458 reprobum

2312 3488 2574 3527 sensum.
2593 3472 2708 3528 Has
2730 3471 2887 3527 enim
2913 3490 3114 3545 pmnas
3136 3473 3540 3546 peccatoribus
3562 3478 3618 3530 et
3639 3474 3971 3530 carnalium

2310 3559 2681 3632 voluptatum
2703 3563 3065 3618 amatoribus
3087 3562 3282 3618 divina
3294 3561 3594 3635 Scriptura
3614 3562 3672 3618 in
3695 3564 3971 3636 praesenti

2313 3649 2515 3704 inferri
2546 3649 3033 3707 manifestissime
3063 3653 3484 3719 testatur,dum
3511 3653 3581 3708 de
3611 3652 3971 3725 quibusdam

2311 3738 2465 3794 Deus
2496 3738 2639 3794 dicit
2670 3756 2682 3795 :
2714 3741 2836 3796 Non
2860 3742 3204 3812 permanebit
3231 3743 3460 3814 spiritus
3489 3757 3667 3797 meum
3700 3742 3761 3796 in
3789 3742 3974 3798 homi-

2310 3829 2475 3883 nibus
2508 3830 2627 3883 istis
2658 3830 2719 3884 in
2749 3838 3042 3898 aeternum,
3067 3832 3197 3902 quia
3225 3847 3352 3887 caro
3398 3839 3528 3887 sunt
3568 3830 3722 3900 (Gen.
3753 3848 3833 3901 γι,
3868 3832 3923 3898 3)
3959 3847 3971 3885 :

2312 3933 2447 3972 cum
2478 3916 2644 3990 impii
2676 3917 2733 3972 in
2764 3918 2879 3973 ﬁne
2910 3918 3173 3975 dolentes
3207 3936 3271 3974 ac
3303 3923 3607 3992 gementes
3648 3917 3848 3975 dicent
3876 3936 3890 3975 :
3915 3920 3979 3975 Et

2302 4008 2544 4079 justitin
2587 4008 2769 4063 lumen
2819 4025 2931 4064 non
2983 4009 3131 4064 luxit
3170 4009 3347 4077 nobis,
3379 4017 3431 4064 et
3469 4009 3552 4064 sol
3584 4025 3690 4064 non
3718 4017 3978 4066 estortus

2307 4096 2466 4151 nobis
2499 4096 2647 4168 (Sap.
2679 4114 2733 4163 v,
2765 4096 2851 4169 6);
2888 4098 3029 4152 dum
3062 4098 3134 4154 de
3174 4098 3396 4154 eisdem
3442 4098 3642 4171 impiis
3673 4098 3977 4171 Scriptura

2310 4184 2488 4239 dicit:
2516 4185 2828 4242 Excaecavit
2853 4188 3004 4242 enim
3034 4188 3160 4242 illos
3188 4188 3409 4243 malitia
3442 4189 3689 4260 ipsorum
3720 4188 3875 4260 (Sap.
3909 4206 3970 4255 n,

2307 4273 2432 4345 21);
2468 4277 2526 4328 et
2553 4273 2903 4346 generaliter
2932 4276 3003 4330 de
3039 4275 3133 4333 his
3158 4275 3259 4347 qui
3282 4277 3489 4332 fratres
3516 4278 3804 4334 oderunt:
3842 4276 3972 4332 0m—

2309 4363 2394 4417 nis
2425 4364 2521 4434 qui
2549 4363 2662 4418 odit
2676 4365 2909 4436 fratrem
2927 4381 3108 4431 suum,
3126 4367 3185 4420 in
3218 4366 3452 4421 tenebris
3470 4372 3621 4433 est,et
3653 4368 3713 4421 in
3735 4367 3975 4421 tenebris

2309 4451 2556 4507 ambulat
2584 4460 2636 4508 et
2664 4454 2836 4508 nescit
2862 4470 2966 4525 quo
2995 4462 3113 4521 eat;
3145 4456 3408 4526 quoniam
3439 4454 3678 4511 tenebrae
3726 4456 3970 4511 obcaeca-

2308 4548 2505 4596 verunt
2529 4542 2712 4596 oculos
2740 4542 2860 4613 ejus
2890 4544 2934 4610 (I
2951 4546 3114 4598 Joan.
3150 4560 3210 4609 ιι,
3245 4543 3356 4612 ii).
3398 4544 3469 4598 Et
3509 4544 3580 4599 de
3611 4543 3969 4616 quibusdam

2312 4629 2609 4701 Scriptum
2639 4634 2729 4685 est
2752 4647 2765 4683 :
2789 4632 2947 4686 Sicut
2971 4648 3081 4686 non
3109 4633 3480 4703 probaverunt
3504 4634 3673 4688 Deum
3693 4631 3893 4688 habere
3913 4635 3971 4687 in

2309 4719 2586 4785 notitiam,
2620 4719 2849 4775 tradidit
2878 4720 3003 4776 illos
3034 4722 3205 4776 Deum
3235 4722 3295 4776 in.
3324 4722 3612 4794 reprobum
3640 4737 3880 4787 sensum,
3912 4730 3973 4777 ut

2310 4809 2526 4878 faciant
2552 4824 2672 4879 qua:
2700 4824 2811 4864 non
2840 4811 3169 4865 conveniunt
3187 4811 3359 4878 (Rom.
3396 4827 3436 4881 ι,
3467 4810 3579 4883 28).
3607 4811 3759 4866 Sunt
3786 4827 3970 4882 poenae

2310 4899 2681 4968 peccantium
2704 4898 3037 4954 animarum
3070 4899 3198 4972 ipsa
3230 4903 3488 4971 peccata,
3524 4899 3663 4972 quia
3689 4900 3774 4955 eis
3804 4905 3861 4955 et
3891 4900 3975 4972 ip-

2311 5002 2510 5041 sarum
2540 4986 2873 5042 animarum
2897 4989 3121 5044 sanitas
3142 4988 3541 5062 corrumpitur
3559 4993 3618 5045 et
3637 4988 3973 5056 violatur,et

2309 5074 2669 5131 conscientia
2690 5076 3360 5150 misera,perturbata,et
3382 5077 3777 5133 anxietatibus
3798 5076 3970 5149 plena

2310 5165 2582 5220 efﬁcitur.
2619 5166 2705 5221 Ita
2735 5182 2892 5238 ergo,
2927 5170 2983 5222 et
3015 5166 3381 5239 peccantium
3412 5183 3594 5240 pcenze
3644 5167 3795 5222 fiunt
3842 5166 3971 5240 ipsa

2314 5258 2553 5326 peccata
2571 5255 2736 5327 justo
2770 5260 2827 5311 et
2859 5254 3103 5312 terribili
3152 5256 3251 5312 Dei
3273 5256 3526 5329 judicio;
3551 5261 3608 5313 et
3635 5261 3833 5313 tamen
3867 5273 3970 5328 pro

2314 5342 2531 5399 eisdem
2562 5344 2816 5416 peccatis
2845 5343 2970 5399 alia:
3003 5344 3204 5401 statim
3226 5346 3284 5401 in
3309 5345 3586 5418 praesenti
3608 5345 3971 5419 gravissimae

2313 5449 2496 5504 poenae
2530 5433 2886 5507 irrogantur,
2921 5433 3074 5490 sicut
3105 5435 3379 5507 superius
3413 5438 3717 5492 ostensum
3749 5440 3855 5492 est.
3890 5435 3972 5491 De

2313 5522 2528 5595 quibus
2560 5523 2836 5579 omnibus
2866 5524 3252 5595 praesentibus
3281 5525 3469 5597 poenis
3491 5524 3710 5598 quibus
3731 5540 3976 5597 peccan-

2307 5611 2454 5668 tium
2488 5613 2698 5668 animae
2729 5612 3006 5669 continuo
3054 5614 3347 5670 feriuntur
3396 5620 3574 5688 atque
3621 5614 3974 5689 puniuntur,

2309 5702 2517 5762 beatus
2532 5703 2759 5781 Moyses
2778 5701 2836 5759 in
2855 5700 3305 5764 Deuteronomio
3316 5703 3689 5783 apertissime
3699 5708 3973 5764 testatur:
