4100 6440
156 389 271 447 197

1137 390 1370 452 LIBER
1411 391 1825 455 ADVERSUS
1870 393 2242 457 JOANNEM
2276 395 2626 458 .SCOTUM.

3474 399 3591 459 198

152 520 356 575 dicens
393 522 469 577 de
502 522 892 595 omnipotenti
940 522 1089 579 Deo:
1126 526 1351 580 Faciens
1391 525 1825 582 misericordiam
1855 526 1908 594 Α
1939 527 2009 582 ab
2040 544 2106 583 eo
2138 528 2418 601 quaeritur
2446 533 2627 584 curet
2643 527 2833 602 angeli
2859 528 3099 603 maligni
3123 534 3177 585 et
3201 529 3591 587 hominesini-

148 612 205 665 in
234 611 437 666 millia
484 611 848 682 diligentibus
891 629 949 669 se
989 612 1167 685 (Deut.
1221 631 1275 679 v,
1325 614 1456 684 10),-
1503 623 1555 670 et
1601 615 1827 671 reddens

143 698 473 754 odientibus
493 715 554 754 se
582 701 793 767 statim,
821 702 898 756 ita
926 706 988 755 ut
1016 700 1295 772 disperdat
1321 717 1432 769 eos,
1463 711 1515 757 et
1542 703 1693 758 ultra
1719 719 1827 759 non

142 788 395 860 differat,
424 790 688 861 protinus
716 790 796 843 eis
844 791 1127 855 restituens
1178 790 1319 863 quod
1344 800 1622 847 merentur
1648 793 1822 859 (Deut.

140 894 237 943 ηε,
278 876 569 949 10).Sunt
602 877 800 950 itaque
831 882 889 934 et
919 878 978 933 in
1013 878 1283 951 praesenti
1307 880 1667 953 gravissima;
1700 881 1824 936 ani-

144 983 393 1022 marum
429 983 619 1040 pmnze
647 966 782 1039 ipsa
812 972 1047 1040 peccata
1094 986 1239 1038 sua;
1274 974 1414 1025 sunt
1466 969 1825 1042 gravissimae

146 1056 502 1112 animarum
533 1074 717 1129 pcenze
745 1057 874 1130 ipsa
903 1057 1154 1113 desertio
1174 1057 1275 1113 Dei
1308 1062 1364 1114 et
1385 1059 1830 1132 damnatio,qua

146 1149 541 1218 peccatorum
574 1146 802 1201 meritis
832 1145 1106 1203 continuo
1138 1147 1549 1214 restituuntur,
1573 1148 1674 1204 sed
1705 1166 1825 1206 res-

145 1238 271 1289 tant
304 1233 432 1289 illae
450 1233 514 1289 in
530 1234 794 1290 futurum
809 1239 1157 1291 aeternorum
1177 1235 1598 1309 suppliciorum
1622 1255 1825 1309 poenae,

147 1324 213 1378 de
246 1323 491 1395 quibus
523 1323 812 1394 scriptum
863 1328 953 1379 est
1001 1323 1230 1381 dicente
1260 1324 1544 1381 Domino:
1584 1331 1827 1384 Mortuus

144 1420 223 1468 est
253 1420 456 1468 autem
487 1420 540 1467 et
567 1411 736 1479 dives,
771 1421 823 1469 et
848 1414 1092 1485 sepultus
1118 1422 1198 1470 est
1226 1416 1282 1469 in
1318 1416 1531 1486 inferno
1558 1416 1826 1488 (Lucem,

151 1502 360 1571 13).Et
393 1501 647 1557 iterum:
700 1503 777 1557 Ne
828 1504 969 1574 forte
1025 1501 1208 1558 tradat
1252 1511 1300 1558 te
1344 1503 1692 1559 adversarius
1725 1506 1827 1575 ju-

147 1591 280 1660 dici,
314 1599 373 1647 et
393 1589 579 1661 judex
608 1590 790 1646 tradat
820 1599 868 1646 te
895 1593 1150 1647 ministro
1179 1597 1231 1647 ct
1264 1594 1323 1647 in
1351 1609 1622 1650 carcerem
1640 1595 1826 1649 mitta-

151 1683 248 1736 ris.
278 1680 464 1736 Amen
495 1680 615 1736 dico
636 1682 743 1735 tibi
765 1697 778 1734 :
812 1696 921 1737 non
950 1683 1097 1737 caries
1128 1681 1272 1747 inde,
1306 1681 1472 1738 donec
1508 1683 1700 1739 reddas
1729 1699 1827 1738 no-

150 1772 451 1825 vissimum
482 1769 848 1841 quadrantem
877 1771 1096 1838 (Matth.
1131 1787 1187 1835 v,
1208 1772 1299 1837 25,
1316 1771 1505 1841 26).Et
1537 1771 1650 1827 alio
1680 1771 1825 1838 loco,

1937 616 2034 687 qui
2071 617 2339 673 mittendi
2362 622 2502 674 sunt
2527 617 2799 691 inignem
2818 619 3177 687 aternum,si
3210 637 3277 676 ex
3298 619 3424 693 ipso
3456 620 3591 694 igne

1937 704 2098 760 nulla
2127 704 2436 778 supplicia,
2470 707 2633 763 nulla
2680 712 2971 763 tormenta
3020 708 3247 781 passuri
3283 712 3469 765 sunt?
3502 712 3589 765 An

1937 798 2241 867 propterea
2270 797 2682 852 tantummodo
2716 800 2779 852 ut
2810 796 2909 869 qui
2944 815 3099 853 nunc
3129 797 3216 853 vel
3251 798 3307 853 in
3335 815 3487 864 aere,
3503 799 3591 855 vel

1937 883 1996 938 in
2026 888 2182 939 terra
2208 889 2645 953 conversantur,
2671 884 2957 957 incipiant
2984 885 3043 941 in
3075 885 3208 958 igne
3240 886 3452 943 habere
3483 905 3589 942 no-

1933 988 2069 1026 vum
2091 970 2493 1029 habitaculum
2519 973 2819 1043 ;ubi,sicut
2847 974 2918 1029 de
2941 974 3163 1030 sanctis
3180 975 3371 1032 tribus
3394 975 3593 1049 pueris

1934 1058 1994 1115 in
2035 1062 2260 1133 fornace
2287 1058 2597 1134 Babylonia
2617 1062 2911 1119 damnatis
2933 1062 3217 1135 scriptum
3248 1064 3592 1132 est,nullum

1936 1153 2282 1221 potestatem
2330 1150 2544 1207 habeat
2590 1151 2743 1224 ignis
2782 1150 2841 1206 in
2894 1151 3237 1224 corporibus
3278 1171 3503 1220 eorum,
3538 1158 3594 1210 et

1935 1236 2184 1305 capillus
2215 1239 2422 1311 capitis
2453 1257 2655 1296 eorum
2685 1258 2800 1296 non
2843 1242 3148 1308 aduratur,
3180 1245 3239 1297 et
3269 1243 3414 1298 odor
3438 1243 3591 1316 ignis

1936 1343 2052 1381 non
2079 1330 2339 1383 transeat
2368 1346 2471 1400 per
2501 1346 2638 1398 eos;
2668 1335 2724 1385 et
2774 1329 2912 1403 quid
2953 1330 3084 1401 jam
3135 1335 3334 1395 restat,
3367 1332 3480 1387 nisi
3504 1336 3588 1400 ut,

1937 1415 2089 1470 sicut
2117 1417 2185 1471 de
2217 1416 2336 1473 illis
2370 1418 2673 1491 Scriptura
2689 1418 2829 1474 dicit
2850 1421 3001 1491 :quia
3022 1420 3250 1489 angelus
3270 1421 3491 1476 Domini
3508 1423 3593 1477 de-

1935 1505 2141 1560 scendit
2169 1522 2293 1562 cum
2322 1506 2526 1562 Azaria
2547 1515 2599 1562 et
2626 1508 2792 1563 sociis
2835 1509 2951 1579 ejus
2981 1510 3036 1563 in
3069 1509 3368 1579 fornacem,
3400 1518 3449 1565 et
3496 1526 3592 1566 ea:-

1935 1596 2106 1649 cussit
2131 1596 2411 1665 ﬂammam
2441 1598 2586 1665 ignis
2607 1596 2671 1652 de
2683 1599 2929 1669 fornace,
2961 1604 3014 1652 et
3036 1599 3168 1669 fecit
3199 1597 3439 1654 medium
3475 1602 3595 1671 for-

1936 1685 2093 1739 nacis
2114 1686 2274 1756 quasi
2328 1693 2548 1741 ventum
2609 1687 2750 1742 roris
2778 1687 3024 1756 ﬂantem,
3055 1694 3107 1742 et
3153 1703 3261 1742 non
3309 1689 3485 1756 tetigit
3510 1704 3595 1745 eos

1937 1775 2162 1843 omnino
2192 1775 2338 1844 ignis
2367 1791 2541 1846 neque
2567 1777 2928 1840 contrisavit,
2962 1792 3058 1831 nec
3085 1776 3382 1848 quidquam
3410 1778 3598 1833 moles-

152 1876 289 1915 cum
320 1858 399 1914 de
420 1875 590 1915 servo
622 1875 873 1931 nequam
892 1857 1825 1931 loqueretur,quinoluitdebitum
1860 1899 1906 1964 Β
1940 1864 2036 1918 tia?
2052 1864 2243 1917 intulit
2274 1864 2432 1933 (Dan.
2463 1881 2544 1930 III,
2574 1864 2661 1931 49,
2685 1866 2798 1931 50),
2833 1864 2915 1920 ita
2972 1869 3029 1921 et
3078 1865 3148 1920 de
3180 1865 3309 1921 istis
3340 1866 3595 1922 mirabili

152 1965 446 2005 conservo
480 1965 590 2003 suo
621 1948 917 2004 dimittere
947 1948 1101 2004 sicut
1128 1954 1185 2004 et
1226 1949 1338 2004 sibi
1369 1948 1683 2005 dimissum
1715 1955 1826 2018 est,

154 2038 279 2093 ait:
318 2039 476 2092 Tunc
510 2039 685 2092 iratus
713 2036 966 2092 dominus
1002 2038 1121 2109 ejus
1169 2037 1397 2094 tradidit
1446 2055 1570 2094 eum
1609 2042 1824 2096 tortori-

154 2129 277 2194 bus,
311 2125 501 2199 quoad
530 2142 698 2197 usque
726 2125 970 2181 redderet
998 2128 1319 2182 universum
1355 2126 1595 2183 debitum
1621 2128 1823 2201 (Matth.

153 2234 316 2281 xvm,
351 2217 472 2285 34).

224 2306 351 2361 Has
385 2321 593 2377 pcenas
623 2309 1013 2377 peccatorum,
1040 2305 1161 2361 sive
1190 2306 1247 2359 in
1280 2305 1425 2378 ipsis
1458 2308 1709 2379 peccatis
1732 2324 1828 2362 eo-

154 2412 289 2451 rum
316 2394 445 2450 sive
463 2394 523 2448 in
542 2394 868 2450 desertione
890 2393 1333 2467 Dei,promerito
1350 2395 1609 2467 ipsorum
1636 2412 1831 2467 pecca-

153 2491 521 2556 torum,quaa
539 2483 738 2538 statim
767 2483 827 2536 in
849 2482 1486 2554 przesentiinferuntur;
1512 2484 1629 2539 sive
1652 2483 1826 2539 etiam

154 2576 218 2629 in
271 2572 670 2629 exterioribus
735 2572 920 2643 poenis
986 2570 1402 2643 multiplicium
1437 2572 1824 2645 ﬂagellorum,

156 2662 686 2738 quzepeecentibus
697 2662 769 2717 ad
784 2677 1040 2734 praesens
1054 2661 1338 2718 dtvinitus
1352 2662 1829 2731 inferuntur;sive

156 2756 217 2809 in
251 2751 640 2809 damnatione
672 2755 1021 2805 aeternorum
1064 2750 1506 2823 suppliciorum,
1540 2769 1667 2823 quae
1700 2757 1831 2823 post

156 2843 282 2898 haec
316 2839 603 2898 omniain
629 2839 747 2894 ﬁne
776 2842 1100 2907 servantur,
1134 2856 1269 2894 cum
1300 2843 1420 2895 tam
1452 2843 1648 2913 aperte
1675 2840 1827 2896 Scri-

155 2938 342 3006 ptura
372 2933 641 2996 testetur,
675 2932 795 2984 tam
826 2927 1230 2984 indubitanter
1258 2928 1524 2985 Ecclesiae
1574 2929 1719 2985 ﬁdes
1749 2934 1830 2986 te-

155 3026 298 3077 neat
328 3038 346 3087 ;
380 3018 628 3074 audiant
650 3017 986 3090 quicunque
1015 3017 1359 3089 hujusmodi
1383 3016 1628 3075 fallaciis
1651 3023 1826 3091 atque

156 3107 486 3183 praestigiis
517 3124 623 3180 per
649 3106 805 3162 hunc
836 3106 1222 3162 vanissimum
1236 3106 1535 3163 hominem
1565 3106 1825 3163 illudun-

156 3197 439 3266 tur,illud
475 3197 628 3270 quod
648 3194 963 3269 Apostolus
986 3195 1321 3252 terribiliter
1348 3196 1623 3252 omnibus
1646 3197 1828 3253 ﬁdeli-

1938 1950 2170 2006 insania
2199 1952 2492 2008 afﬁrmare
2521 1954 2853 2008 contendat.
2875 1954 3038 2019 Quod
3070 1952 3119 2009 si
3152 1954 3232 2009 ita
3264 1960 3419 2010 esset
3440 1956 3594 2027 quod

1937 2057 2197 2112 unquam
2227 2039 2340 2095 tale
2365 2040 2716 2097 miraculum
2743 2059 2871 2098 esse
2902 2041 3111 2115 potuit,
3130 2042 3282 2098 inter
3302 2043 3599 2116 magnalia

1936 2133 1991 2183 et
2005 2127 2268 2201 prodigia
2281 2145 2407 2201 quae
2423 2130 2708 2185 divinitus
2722 2130 2877 2186 facta
2899 2134 3128 2201 sunt,ut
3140 2134 3261 2186 tam
3285 2132 3597 2189 innumera

1937 2216 2253 2272 multitudo
2272 2222 2673 2290 apostatarum
2695 2218 3036 2291 angelorum
3057 2223 3113 2274 et
3136 2219 3445 2275 hominum
3469 2237 3596 2293 per-

1937 2306 2192 2361 ditorum
2224 2310 2378 2363 esset
2407 2306 2465 2362 in
2501 2307 3593 2365 medioimmensarumetaestuantium

1938 2395 2334 2461 ﬂammarum,
2366 2399 2422 2450 et
2453 2413 2566 2451 non
2600 2400 2865 2469 tangeret
2897 2413 2996 2452 eos
3028 2396 3265 2453 omnino
3300 2397 3473 2471 ignis,
3492 2399 3594 2453 sed

1936 2483 2053 2538 vim
2084 2483 2315 2539 virtutis
2347 2502 2465 2540 suae.
2497 2483 2958 2551 oblivisceretur,
2984 2490 3048 2539 ut
3087 2485 3356 2542 diabolus
3387 2490 3444 2542 et
3465 2487 3595 2558 eius

1937 2572 2124 2646 angeli
2140 2573 2749 2629 custodirenturillaesi
2767 2574 2938 2638 ?Quis
2952 2574 3175 2630 audivit
3198 2593 3463 2649 unquam
3478 2576 3595 2631 tale

1938 2666 2039 2717 aut
2070 2662 2202 2733 quis
2215 2662 2455 2718 sufferre
2469 2662 2652 2734 possit
2664 2666 2841 2717 tanta:
2856 2662 3173 2734 impietatis
3186 2663 3478 2720 insaniam
3502 2664 3595 2720 ?Si

1935 2751 2091 2806 enim
2125 2750 2287 2806 nulla
2317 2752 2424 2807 erit
2455 2768 2625 2823 poena
2654 2750 2711 2806 in
2746 2756 2958 2807 aeterno
2992 2751 3125 2824 igne
3158 2754 3593 2822 damnatorum,

1937 2844 2247 2912 sequenter
2276 2840 2438 2896 nulla
2467 2841 2577 2896 erit
2605 2840 2779 2896 etiam
2802 2839 2989 2914 gloria
3010 2840 3066 2894 in
3098 2844 3313 2897 aeterna
3334 2859 3599 2898 remune-

1936 2928 2159 2985 ratione
2171 2929 2608 3001 justorum.Qui
2641 2929 2798 2984 enim
2818 2929 3124 2985 verissime
3156 2930 3426 3002 promisit
3446 2931 3598 2986 hanc

1935 3016 2180 3089 gloriam
2214 3017 2458 3074 dicendo
2483 3036 2496 3074 :
2521 3020 2720 3087 Venite,
2775 3018 3042 3074 benedicti
3092 3021 3280 3075 Patris
3316 3022 3444 3082 mei,
3469 3037 3596 3093 per-

1935 3108 2100 3178 cipite
2131 3124 2358 3178 regnum
2387 3107 2526 3180 quod
2556 3108 2704 3164 vobis
2745 3116 3003 3180 paratum
3046 3116 3126 3164 est
3152 3126 3186 3164 a
3215 3110 3600 3165 constitutione

1932 3195 2129 3250 mundi
2160 3195 2361 3267 (Matth.
2396 3213 2527 3262 xxv,
2562 3195 2674 3267 34),
2712 3195 2837 3269 ipse
2869 3195 3175 3252 verissime
3203 3197 3600 3253 comminatus

158 3293 275 3347 bus
309 3267 624 3345 denuntiat
654 3267 893 3342 dicens:
929 3287 1093 3343 Nemo
1146 3304 1238 3343 vos
1287 3286 1521 3359 decipiat
1568 3288 1828 3344 inanibus
1858 3267 1901 3334 C
1935 3289 2022 3339 est
2050 3282 2212 3338 illam
2244 3301 2477 3356 poenam
2510 3267 2794 3340 dicendo:
2830 3284 3098 3340 Discedite
3125 3302 3157 3340 a
3188 3285 3595 3355 me,maledicti,

160 3381 389 3447 verbis;
415 3385 640 3451 propter
669 3377 787 3434 hac
814 3378 964 3432 enim
990 3378 1139 3432 venit
1170 3378 1257 3432 ira
1289 3378 1393 3432 Dei
1424 3379 1484 3432 in
1506 3374 1655 3447 ﬁlios
1682 3377 1832 3448 difﬁ-

160 3470 376 3527 dentia?
406 3467 626 3541 (Eph.v,
656 3468 736 3536 6).
768 3465 990 3531 Quibus
1019 3466 1210 3522 verbis
1246 3465 1504 3539 Apostoli
1537 3471 1600 3522 B.
1632 3466 1831 3523 Hiero-

163 3576 391 3635 nymus
421 3556 764 3629 exponendo
786 3555 1094 3629 subjungit
1114 3555 1314 3612 dicens
1338 3555 1569 3628 :[Verba
1592 3573 1717 3629 quae
1739 3556 1833 3612 de-

158 3650 395 3723 cipiunt
428 3651 605 3719 atque
658 3645 1043 3719 supplantant
1093 3645 1295 3701 inania
1344 3650 1484 3702 sunt
1519 3649 1576 3701 et
1604 3662 1827 3701 vacua:

158 3757 289 3812 qua:
318 3754 458 3794 vero
491 3735 781 3791 aediﬁcant
811 3734 1134 3803 audientes,
1159 3733 1350 3807 plena,
1371 3734 1831 3802 cumulata,con-

155 3823 719 3898 ferta.-Quiaigitur
747 3827 884 3881 sunt
932 3823 1195 3896 plerique
1236 3823 1336 3895 qui
1368 3823 1573 3879 dicunt
1598 3838 1714 3879 non
1749 3824 1832 3878 fu-

156 3924 298 3974 tura
325 3932 433 3989 pro
466 3915 722 3987 peccatis
751 3930 879 3970 esse
910 3912 1328 3985 supplicia,nec
1349 3912 1711 3969 extrinsecus
1735 3912 1831 3967 ad-

155 4006 425 4064 hibenda
458 4003 878 4069 tormenta,sed
908 4002 1101 4074 ipsum
1126 4005 1427 4073 peccatum
1460 4007 1515 4057 et
1532 4000 1830 4057 conscien-

158 4097 305 4153 tiam
341 4092 541 4150 delicti
564 4109 694 4148 esse
723 4108 827 4164 pro
844 4108 1016 4163 poena
1031 4091 1173 4146 dum
1202 4091 1488 4146 vermisin
1521 4091 1690 4146 corde
1711 4107 1825 4146 non

159 4182 419 4239 moritur
442 4185 521 4235 :et
550 4180 609 4234 in
636 4179 831 4235 animo
860 4178 1014 4251 ignis
1036 4178 1374 4233 accenditur
1393 4178 1451 4233 in
1483 4177 1825 4234 similitudi-

159 4289 299 4329 nem
334 4271 538 4337 febris,
573 4286 700 4340 quaa
722 4285 837 4323 non
870 4271 1106 4339 torquet
1152 4268 1513 4324 extrinsecus
1544 4272 1825 4342 aegrotan-

157 4370 305 4430 tem,
342 4359 446 4416 sed
480 4375 726 4430 corpora
754 4357 883 4430 ipsa
913 4356 1231 4430 corripiens
1258 4357 1430 4429 punit
1461 4357 1586 4414 sine
1612 4359 1829 4412 crucia-

158 4458 259 4507 tus
280 4446 1026 4513 forinsecus.adhibitione,
1042 4463 1167 4519 quae
1200 4446 1604 4519 possidet.Has
1630 4447 1828 4518 itaque

162 4537 585 4615 persuasiones
616 4540 672 4592 et
692 4535 994 4608 decipulas
1017 4535 1828 4603 fraudulentas,verbainania

1944 3375 2006 3427 in
2036 3375 2219 3442 ignem
2245 3381 2515 3430 aeternam
2543 3374 2640 3444 qui
2672 3380 2905 3445 paratus
2951 3381 3030 3429 est
3073 3373 3287 3430 diabolo
3309 3382 3361 3429 et
3386 3375 3600 3443 angelis

1940 3462 2058 3533 ejus
2089 3461 2269 3531 (Ibid.,
2304 3462 2414 3533 41),
2449 3460 2573 3534 ipse
2603 3461 2778 3517 etiam
2802 3462 2871 3518 de
2904 3465 3153 3534 utroque
3184 3462 3472 3518 immobili
3503 3479 3597 3519 ve-

1941 3550 2112 3606 ritate
2143 3549 2475 3622 subjunxit:
2511 3557 2665 3608 Tunc
2696 3551 2856 3607 ibunt
2887 3551 2949 3607 hi
2978 3553 3037 3606 in
3064 3552 3399 3624 supplicium
3430 3560 3598 3609 (Pter-

1939 3658 2093 3709 num,
2112 3642 2257 3713 justi
2285 3648 2467 3697 autem
2521 3642 2581 3695 in
2622 3643 2797 3696 vitam
2840 3648 3111 3698 mter-nam
3167 3641 3350 3714 (Ibid.,
3382 3642 3492 3711 46).
3543 3641 3601 3697 Si

1940 3747 2075 3803 ergo
2109 3729 2428 3802 quaerimus
2451 3729 2591 3802 quid
2615 3730 2691 3786 sit
2713 3729 2859 3786 illud
2875 3747 3124 3804 regnum
3152 3731 3306 3803 quod
3341 3748 3373 3785 a
3391 3731 3603 3786 consti-

1938 3819 2171 3874 tutione
2196 3819 2402 3874 mundi
2443 3818 2628 3890 justis
2660 3823 2751 3874 est
2809 3823 3227 3892 przeparatum,
3287 3820 3600 3895 audiamus

1939 3907 2189 3963 fideliter
2230 3925 2360 3964 esse
2402 3907 2583 3963 vitam
2623 3912 2922 3965 aeternam.
2958 3909 3014 3964 Si
3078 3907 3399 3980 quaerimus
3457 3909 3600 3981 quid

1938 3996 2170 4053 credere
2199 3997 2519 4053 debeamus
2548 3995 2717 4052 illum
2757 3996 2818 4051 in
2850 4014 3025 4069 quem
3061 4000 3116 4052 et
3147 3996 3601 4069 hominesimpii

1938 4090 1994 4141 et
2024 4086 2211 4160 angeli
2247 4086 2517 4141 mittendi
2550 4091 2691 4141 sunt
2722 4088 2904 4156 ignem
2932 4094 3203 4143 aeternum
3225 4090 3250 4140 φ
3271 4086 3600 4143 Audiamus

1936 4174 2326 4231 nihilominus
2343 4174 2590 4230 ﬁdeliter
2610 4192 2735 4231 esse
2760 4174 3115 4247 supplicium
3149 4174 3596 4245 sempiternum.

1936 4264 2052 4320 Nec
2084 4266 2271 4336 major
2299 4281 2427 4321 esse
2455 4267 2645 4336 potest
2672 4263 2859 4337 gloria
2890 4281 3067 4336 quam
3098 4263 3218 4318 vita
3248 4266 3598 4329 aeternamec

1936 4355 2126 4425 major
2154 4370 2324 4425 pcena
2354 4370 2530 4425 quam
2565 4351 2922 4425 supplicium
2955 4351 3381 4425 sempiternum
3408 4369 3420 4406 :
3451 4350 3598 4407 illud

1935 4441 1996 4495 in
2030 4458 2205 4514 regno
2237 4441 2580 4512 positorum,
2611 4441 2771 4496 istud
2804 4441 2863 4495 in
2887 4444 3101 4496 aeterno
3130 4439 3262 4513 igne
3297 4441 3599 4496 damnato-

1937 4548 2088 4586 rum.
2123 4530 2203 4585 De
2234 4548 2349 4602 quo
2380 4529 2670 4602 supplicio
2701 4528 2858 4603 ignis
2910 4530 3111 4585 aeterni
3162 4534 3362 4603 aperte
3393 4530 3599 4586 beatus

158 4627 484 4703 appellavit
514 4631 571 4682 et
600 4642 803 4693 vacua,
831 4642 958 4698 quae
981 4625 1253 4681 videntur
1282 4625 1482 4680 florem
1508 4625 1821 4697 quemdam
1853 4640 1902 4705 Β
1934 4621 2189 4676 Joannes
2224 4620 2282 4674 in
2314 4618 2663 4692 Apocalypsi
2710 4623 2983 4688 testatur,
3018 4618 3219 4675 dicens
3245 4637 3255 4674 :
3291 4620 3445 4675 Missi
3473 4628 3603 4676 sunt

158 4720 381 4775 habere
402 4719 831 4782 sermonum,et
858 4714 1111 4771 blandiri
1134 4714 1653 4787 peccantibus.Sed
1677 4714 1820 4769 dum

157 4808 445 4865 fiduciam
478 4804 968 4878 tribuunt,magis
997 4821 1094 4860 eos
1126 4804 1322 4859 ferunt
1349 4804 1419 4859 ad
1452 4806 1667 4859 aeterna
1685 4820 1824 4875 sup-

156 4899 359 4972 plicia.
397 4895 546 4963 Quia
578 4895 648 4951 de
680 4893 843 4950 nulla
867 4911 927 4950 re
949 4893 1031 4949 sic
1053 4892 1331 4949 irascitur
1351 4892 1822 4965 Deus,quomodo

157 4989 205 5044 si
242 4990 520 5061 peccator
538 4984 815 5057 superbia
839 4987 895 5040 et
923 4987 1152 5040 erectus
1174 4987 1229 5038 et
1250 4981 1475 5056 rigidus
1495 4999 1609 5038 non
1629 4981 1823 5037 ﬂecta-

156 5084 255 5134 tur
284 5076 349 5132 in
386 5074 614 5143 ﬂetum,
651 5090 756 5129 nec
794 5070 1253 5129 misericordiam
1312 5069 1567 5144 postulet
1597 5087 1701 5142 pro
1731 5070 1824 5126 de-

156 5166 345 5239 licto.]
380 5164 514 5220 Hec
541 5166 784 5219 sanctus
811 5162 1097 5230 doctor,et
1128 5161 1505 5233 antiquorum
1532 5159 1824 5216 haeretico-

160 5274 292 5313 rum
326 5269 593 5312 errorem
651 5267 830 5324 super
875 5250 983 5307 hac
1014 5267 1074 5306 re
1133 5250 1510 5323 redarguens,
1561 5252 1619 5317 et
1650 5248 1823 5305 istius

159 5342 549 5403 fraudulenta
582 5340 889 5398 mendacia
918 5344 1093 5412 atque
1130 5342 1460 5395 commenta
1507 5337 1826 5410 apostolica

158 5435 405 5492 veritate
436 5433 805 5487 subvertens.

226 5524 423 5581 Audet
456 5527 653 5578 tamen
684 5521 796 5576 iste
827 5519 1017 5576 adhuc
1031 5519 1255 5589 majora
1284 5521 1341 5574 et
1372 5516 1822 5587 detestabiliora,

158 5618 215 5669 et
245 5608 569 5683 subjungit
600 5609 801 5664 dicens
827 5623 839 5663 :
873 5606 935 5662 In
966 5609 1095 5677 igne
1123 5614 1330 5664 aeterno
1355 5606 1501 5661 nihil
1541 5604 1695 5661 aliud
1715 5622 1827 5662 esse

155 5717 381 5779 pernam
411 5716 582 5776 quam
628 5699 801 5759 beata
844 5697 1129 5776 felicitatis
1172 5697 1497 5756 absentiam.
1531 5694 1639 5754 Ubi
1673 5699 1826 5755 recte
1856 5712 1859 5713 '

1932 4712 1993 4766 in
2019 4718 2274 4780 stagnum
2302 4710 2449 4778 ignis
2481 4716 2531 4764 et
2568 4709 2874 4780 sulphuris,
2910 4716 2962 4764 et
3005 4709 3401 4764 cruciabuntur
3429 4709 3516 4764 die
3537 4726 3600 4764 ac

1932 4809 2085 4856 nocte
2117 4801 2175 4854 in
2203 4798 2411 4855 saecula
2439 4799 2769 4855 swculorum
2808 4797 2991 4870 (Apoc.
3024 4816 3119 4865 xx,
3153 4797 3206 4863 9,
3244 4799 3353 4867 10).
3386 4798 3455 4853 Et
3483 4796 3596 4854 alio

1934 4889 2091 4946 loco:
2126 4890 2189 4944 Et
2216 4891 2403 4961 fumus
2435 4882 2836 4944 tormentorum
2884 4904 3074 4944 eorum
3121 4887 3371 4943 ascendet
3403 4888 3461 4942 in
3489 4901 3594 4943 sse-

1932 4979 2063 5034 cula
2087 4979 2418 5036 saeculorum
2467 4977 2646 5049 (Apoc.
2700 4995 2816 5043 XIX,
2870 4978 2948 5045 3).
2998 4976 3124 5032 Non
3168 4993 3304 5048 ergo
3354 4976 3412 5030 in
3463 4976 3596 5049 igne

1932 5072 2146 5123 aeterno
2161 5066 2350 5139 angeli
2371 5064 2460 5120 vel
2473 5064 2740 5121 homines
2753 5064 3018 5120 damnati
3039 5068 3313 5136 poterunt
3330 5080 3595 5134 unquam

1932 5174 2059 5213 esse
2092 5155 2276 5228 quieti
2303 5157 2362 5210 et
2415 5153 2713 5210 immunes
2745 5172 2780 5210 a
2838 5153 3058 5226 poenis;
3087 5152 3214 5223 qui,
3273 5155 3339 5206 ut
3365 5150 3593 5207 Veritas

1933 5245 2073 5300 dicit
2095 5262 2107 5299 :
2135 5243 2539 5301 Cruciabuntur
2555 5242 2644 5298 die
2663 5260 2728 5298 ac
2751 5249 2901 5297 nocte
2924 5242 2982 5297 in
3003 5241 3211 5297 saecula
3240 5239 3589 5297 saewlorum:

1934 5339 1990 5390 et
2020 5350 2270 5407 quorum
2310 5335 2500 5405 fumus
2545 5338 2939 5388 tormentorum
2989 5329 3235 5385 ascendet
3288 5330 3348 5384 in
3387 5329 3591 5384 saecula

1932 5425 2261 5483 saeculorum
2282 5421 2499 5495 :qualis
2531 5420 2708 5476 etiam
2741 5435 2897 5474 nunc
2938 5435 3109 5489 pmna
3138 5423 3194 5474 et
3220 5416 3353 5472 illos
3386 5432 3592 5472 conse-

1934 5514 2155 5586 quitur.
2194 5514 2269 5569 De
2291 5511 2509 5584 quibus
2535 5510 2606 5564 ad
2629 5507 3077 5564 similitudinem
3100 5507 3260 5562 illius
3280 5505 3591 5578 purpurati

1934 5609 1991 5660 et
2019 5602 2280 5659 damnati
2314 5599 2510 5656 divitis
2546 5596 2845 5670 Scriptura
2892 5596 3071 5652 dicit:
3119 5597 3335 5651 Ducunt
3363 5597 3425 5650 in
3456 5595 3592 5653 bono

1932 5694 2046 5752 dies
2075 5709 2217 5762 suos,
2248 5698 2300 5749 et
2336 5692 2397 5748 in
2437 5694 2637 5767 puncto
2677 5686 2747 5745 ad
2806 5688 3034 5766 inferna
3088 5684 3419 5745 descendunt
3452 5686 3588 5767 (Job.
