4100 6442
545 361 659 420 199

1652 358 1883 421 FLORI
1928 357 2244 420 DIACONI
2288 355 2862 421 LUGDUNENSIS.

3853 351 3992 415 200

543 509 657 555 λη,
692 491 798 562 i3).
835 491 906 547 Ut
938 494 994 547 et
1025 490 1157 564 ipsi,
1190 491 1344 547 sicut
1366 491 1437 547 de
1486 489 1584 547 illo
1633 491 2071 564 lcgitur,statim
2105 492 2192 547 in-
2224 494 2278 559 Α
2308 492 2510 547 tudine
2543 491 2810 546 funditus
2834 486 3071 544 exclusi.
3096 486 3239 541 Vere
3263 502 3397 559 ergo
3432 485 3715 552 miseri,et
3746 502 3891 540 vere
3925 485 3992 539 in

544 583 590 635 ei
600 582 764 653 piant
792 598 922 637 esse
942 581 1001 635 in
1032 579 1365 649 tormentis,
1390 584 1446 636 et
1495 580 1740 636 cruciari
1768 581 1826 636 in
1860 581 2119 651 ﬂamma,
2141 586 2199 636 et

543 671 809 742 deputari
840 671 899 725 in
918 669 1044 726 loco
1066 668 1425 725 aeternalium
1445 672 1872 725 tormentorum
1898 668 2068 727 :solet
2088 670 2199 725 iste

541 759 753 826 dicere,
787 759 940 814 sicut
972 757 1327 826 audivimus,
1361 774 1496 813 cum
1546 757 1762 830 aliquis
1793 758 1844 814 ei
1875 759 1945 815 de
1977 758 2197 814 talibus

532 848 706 919 juxta
754 848 886 903 ﬁdei
943 848 1245 904 veritatem
1280 846 1562 903 obsistere
1621 848 1860 920 cceperit
1920 848 2195 904 sermoci-

542 937 771 992 nando:
802 936 950 1002 Quid
979 935 1112 992 vis?
1167 934 1316 991 ratio
1368 939 1424 990 te
1475 935 1676 991 vincit.
1732 939 1866 1003 Quae
1925 954 2061 1011 ergo
2109 940 2199 992 est

542 1026 664 1081 hzec
697 1026 840 1081 ratio
871 1025 1028 1081 omni
1061 1024 1282 1080 ratione
1308 1041 1513 1090 vacua,
1540 1024 1701 1080 omni
1724 1025 1964 1081 veritate
1985 1024 2193 1092 aliena,

541 1118 598 1169 et
653 1115 862 1186 spiritu
918 1113 1258 1186 impiissimi
1314 1113 1534 1169 erroris
1591 1113 1970 1187 lymphatica,
2022 1118 2197 1187 atque

539 1202 897 1275 pbanatica‘?
930 1201 1034 1268 Qui
1085 1202 1210 1257 vult
1253 1206 1319 1257 ut
1348 1202 1618 1259 homines
1649 1204 1950 1260 veritatem
1983 1203 2197 1260 Christi

540 1292 831 1360 deserant,
863 1294 920 1347 et
950 1307 1090 1347 suas
1138 1291 1543 1364 phantasticas
1600 1295 1657 1347 et
1688 1292 2040 1350 damonicas
2071 1310 2198 1349 um-

539 1380 677 1436 bras
709 1383 1053 1452 sequantur.

609 1469 722 1527 Sed
756 1486 891 1525 cum
914 1468 1158 1525 dixisset
1177 1468 1237 1523 in
1270 1468 1951 1543 aeternoignedamnatos
1972 1469 2196 1527 nullam

540 1558 716 1615 aliam
734 1558 951 1614 sentire
970 1575 1200 1630 poenam
1215 1557 1325 1612 nisi
1342 1558 1520 1614 beatae
1537 1558 1830 1616 felicitatis
1844 1559 2194 1625 absentiam,

540 1647 819 1719 subjungi
830 1651 851 1701 t
864 1651 1056 1700 tamen
1068 1646 1439 1718 velutquamd
1449 1663 1540 1702 am
1554 1664 1753 1703 eorum
1770 1647 2197 1704 beatitudinem

541 1741 600 1791 et
628 1735 803 1790 dicit:
838 1737 902 1791 In
925 1751 987 1790 ea
1012 1735 1088 1808 (id
1139 1739 1227 1795 est
1275 1735 1334 1789 in
1374 1735 1560 1792 beatae
1592 1736 1882 1793 felicitatis
1913 1737 2194 1808 absentia)

540 1825 761 1879 nullum
787 1841 897 1881 esse
929 1826 1023 1897 qui
1051 1841 1158 1881 non
1208 1824 1403 1880 habeat
1430 1827 1656 1883 insitam
1710 1826 1820 1883 sibi
1869 1827 2199 1882 naturaliter
2225 1864 2273 1930 B

542 1914 780 1969 absentis
836 1912 1190 1968 beatitudinis
1244 1914 1537 1981 notionem,
1571 1914 1792 1986 ejusque
1840 1913 2190 1973 desiderium.

541 2001 650 2058 Ubi
680 2006 736 2058 et
766 2001 965 2057 addit:
1001 2001 1282 2057 habituros
1309 2004 1535 2058 miseros
1555 2003 1838 2074 felicitatis
1868 2010 1918 2059 et
1950 2004 2196 2059 veritatis

540 2093 814 2148 notionem
843 2099 1003 2163 atque
1029 2092 1408 2157 seientiam,ac
1429 2108 1530 2163 per
1558 2092 1656 2146 hoc
1681 2108 1793 2147 non
1830 2108 1943 2148 esse
1968 2093 2195 2148 miseros

542 2197 641 2236 nec
669 2179 1116 2252 runiri.Quibus
1133 2179 1324 2235 verbis
1347 2180 1655 2235 manifeste
1682 2179 1881 2252 utique
1903 2181 2197 2236 afﬁrmare

538 2274 783 2325 conatur
815 2269 1232 2341 [quod]omnes
1260 2269 1355 2341 qui
1382 2268 1565 2324 futuri
1593 2272 1731 2325 sunt
1753 2269 1809 2324 in
1834 2269 1932 2324 illa
1949 2271 2196 2325 damna-

540 2358 716 2423 tione,
752 2375 929 2430 quam
952 2358 1061 2414 iste
1091 2375 1207 2413 non
1252 2357 1428 2414 aliam
1478 2361 1647 2430 putat
1702 2358 1816 2413 nisi
1866 2359 2193 2415 absentiam

538 2446 922 2503 beatitudinis
954 2463 1071 2518 qua
1114 2446 1300 2502 sancti
1334 2447 1735 2517 perfruuntur,
1768 2447 2024 2502 habituri
2057 2452 2197 2503 sunt

542 2534 889 2591 naturaliter
915 2534 1154 2589 insitam
1197 2533 1382 2605 ipsius
1437 2532 1839 2599 beatitudinis,
1864 2536 2032 2605 cujus
2063 2551 2193 2606 par-

541 2625 748 2695 ticipes
779 2640 895 2677 non
927 2626 1118 2687 erunt,
1167 2620 1584 2694 cognitionem,
1608 2626 1783 2693 atque
1813 2621 2190 2678 desiderium.

543 2714 706 2780 Quod
738 2712 930 2767 adhuc
961 2714 1227 2783 repetens
1276 2714 1333 2765 et
1379 2709 1704 2778 inculcans,
1733 2710 1875 2764 dicit
1913 2710 2193 2767 habituros

538 2803 787 2858 veritatis
815 2809 865 2857 et
898 2798 1247 2856 beatitudinis
1284 2801 1539 2856 notitiam
1567 2807 1728 2872 atque
1773 2801 2100 2856 scientiam:
2130 2818 2195 2856 ae

534 2908 636 2964 per
691 2891 790 2946 hoc
846 2906 957 2945 non
1003 2905 1116 2945 esse
1159 2891 1408 2953 miseros,
1440 2905 1539 2944 nec
1561 2890 1781 2960 puniri.
1815 2889 1888 2944 Ut
1919 2905 2023 2962 per
2060 2889 2188 2961 hoc,

541 2980 719 3052 quod,
772 2980 943 3052 juxta
987 2977 1164 3035 istius
1210 2994 1449 3033 sensum
1496 2976 1751 3033 habituri
1795 2983 1935 3034 sunt
1991 2979 2192 3053 cogni-

538 3069 780 3137 tionem,
843 3066 1147 3124 scientiam
1195 3070 1253 3121 et
1303 3066 1658 3122 desiderium
1708 3067 2087 3123 beatitudinis
2135 3072 2193 3123 et

539 3158 817 3225 veritatis,
852 3158 1023 3229 cujus
1053 3155 1318 3212 absentia
1369 3159 1539 3213 erunt
1588 3156 1869 3224 damnati,
1905 3158 2188 3229 quodam-

2306 585 2586 637 aeternum
2619 578 2879 635 damnati
2898 580 3071 632 erunt
3091 576 3191 650 qui
3224 591 3456 647 semper
3474 574 3734 631 veritatis
3754 579 3814 630 et
3833 576 3993 631 bea-

2306 668 2575 725 titudinis
2606 666 2835 725 exsules
2865 670 3055 734 erunt,
3089 663 3252 725 nulla
3297 663 3559 720 veritatis
3590 662 3719 718 luce
3749 660 3997 718 illumi-

2308 758 2448 827 nati,
2484 757 2648 813 nulla
2693 754 3075 812 beatitudinis
3117 751 3493 826 jucunditate
3551 750 3867 813 consolati.
3915 754 3995 808 Et

2307 851 2525 915 tamen,
2559 849 2798 918 excepta
2828 844 2937 899 hac
2968 843 3140 915 plena
3174 846 3231 899 et
3252 858 3487 897 summa
3518 839 3996 908 miseria,aderit

2306 935 2390 992 eis
2421 936 2547 992 sine
2575 937 2688 990 ﬁne
2719 933 2893 991 etiam
2936 932 3183 989 exterior
3230 949 3421 1004 poena,
3455 935 3520 986 ut
3565 935 3622 985 et
3650 929 3814 987 intus
3850 933 3992 986 tor-

2307 1029 2600 1097 queantur
2627 1022 2968 1079 infelicitate
3025 1019 3414 1087 conscientiae,
3440 1023 3497 1076 et
3527 1019 3666 1076 foris
3703 1018 3847 1093 igne
3878 1036 3991 1094 ge-

2309 1114 2530 1170 hennae.
2555 1112 2715 1177 Quod
2736 1116 3053 1183 utrumque
3074 1108 3387 1166 Psalmista
3412 1107 3664 1166 breviter
3683 1108 3985 1174 ostendit,

2306 1202 2507 1259 dicens
2538 1202 2610 1259 ad
2641 1201 2836 1276 ipsum
2867 1199 3133 1257 Iudicem
3162 1198 3427 1259 vivorum
3458 1202 3515 1254 et
3553 1200 3936 1253 mortuorum
3967 1214 3983 1252 :

2305 1293 2625 1349 Inveniatur
2652 1306 2850 1345 manus
2881 1296 2975 1344 tua
3000 1289 3257 1344 omnibus
3286 1288 3532 1342 inimicis
3554 1288 3701 1342 tuis:
3739 1285 3989 1342 dextera

2306 1389 2398 1437 tua
2418 1382 2661 1436 inveniet
2699 1394 2901 1446 omnes,
2937 1378 3033 1451 qui
3079 1385 3129 1432 te
3165 1376 3414 1432 oderunt.
3447 1378 3620 1432 Penes
3650 1392 3737 1431 eos
3783 1383 3851 1430 ut
3873 1376 3987 1430 cli-

2308 1472 2513 1526 banum
2544 1470 2689 1538 ignis
2711 1470 2771 1525 in
2794 1475 3028 1539 tempore
3058 1467 3240 1523 vultus
3253 1466 3369 1521 tui:
3401 1466 3734 1521 Dominusin
3751 1466 3842 1519 ira
3875 1480 3990 1520 sua

2304 1557 2650 1613 conturbabit
2678 1563 2843 1624 eos,et
2859 1555 3137 1612 devorabit
3166 1569 3253 1611 eos
3284 1556 3431 1625 ignis
3458 1553 3740 1622 (Psut.xx,
3762 1553 3820 1620 9,
3862 1554 3983 1617 10).

2306 1646 2468 1713 Quod
2492 1650 2554 1701 Β.
2569 1644 2933 1718 Augustinus
2946 1643 3187 1701 brevissi
3198 1660 3291 1701 me
3307 1648 3364 1699 et
3385 1641 3725 1715 plenissime
3739 1641 3837 1698 bis
3851 1659 3988 1697 ver-

2305 1736 2396 1791 bis
2425 1735 2662 1808 exponit
2691 1734 2927 1792 dicens:
2964 1732 3338 1806 [Constitues,
3373 1730 3584 1804 inquit,
3616 1748 3715 1789 eos
3748 1731 3980 1787 arden-

2303 1828 2392 1881 tes
2422 1823 2777 1880 intrinsecus
2808 1823 3166 1880 conscientia
3198 1820 3518 1894 impietatis
3573 1838 3691 1878 suae
3722 1820 3781 1875 in
3813 1824 3978 1876 tem-

2310 1929 2445 1985 pore
2475 1910 2965 1968 manifestationis
3014 1914 3148 1969 tute.
3209 1910 3430 1966 Deinde
3468 1908 3799 1966 conturbati
3832 1909 3977 1964 vin-

2303 2002 2459 2058 dicta
2488 2001 2739 2066 Domini,
2780 2005 2914 2072 post
2961 1999 3394 2056 accusationem
3436 1997 3825 2065 conscientiae,
3863 1997 3976 2053 da-

2303 2093 2527 2147 buntur
2554 2090 2675 2163 igni
2709 2094 2922 2146 aeterno
2956 2089 3314 2160 devorandi.]

2375 2181 2509 2244 Quae
2541 2196 2674 2235 cum
2706 2179 2790 2234 ita
2819 2179 2956 2249 sint,
2992 2178 3372 2250 quaerendum
3404 2177 3574 2233 nobis
3603 2181 3693 2232 cst
3713 2174 3975 2232 sollicite

2304 2269 2467 2342 quid,
2500 2269 2822 2325 secundum
2857 2266 3122 2340 regulam
3152 2283 3296 2322 vera:
3328 2265 3483 2335 ﬁdei,
3516 2267 3589 2323 de
3619 2265 3703 2321 eis
3735 2264 3838 2338 qui
3864 2265 3973 2319 illa

2303 2364 2517 2416 aeterna
2533 2357 2911 2414 damnatione
2926 2355 3141 2411 fuerint
3159 2355 3350 2429 puniti
3377 2354 3592 2415 sentire
3614 2354 3970 2420 debeamus,

2303 2452 2370 2504 ut
2389 2466 2457 2504 ex
2486 2464 2687 2503 eorum
2721 2450 2875 2503 statu
2890 2445 2990 2518 qui
3008 2444 3127 2500 illic
3152 2443 3500 2501 eternaliter
3512 2448 3683 2499 erunt
3698 2442 3969 2500 damnati

2302 2536 2700 2610 intelligamus
2717 2540 3004 2608 quantum
3018 2533 3305 2590 Dominus
3318 2535 3533 2590 donare
3549 2532 3930 2605 dignatur;cu
3942 2549 3970 2585 r

2302 2626 2380 2681 ibi
2415 2625 2577 2680 nulla
2600 2627 2723 2696 jam
2774 2623 2964 2696 possit
2991 2640 3121 2679 esse
3168 2621 3520 2689 emendatio,
3554 2625 3609 2676 et
3657 2637 3762 2675 cur
3818 2619 3965 2674 inde

2302 2714 2464 2769 nulla
2484 2712 2669 2785 possit
2699 2712 2821 2767 ﬁeri
2852 2711 3138 2767 liberatio.
3173 2710 3365 2765 Primo
3390 2709 3573 2783 igitur
3601 2709 3742 2764 illud
3773 2707 3968 2764 consi-

2300 2803 2625 2858 derandum
2657 2801 2925 2872 est,quod
2947 2801 3090 2855 ﬁdes
3112 2798 3399 2856 catholica
3413 2798 3751 2853 ﬁrmissime
3773 2802 3964 2863 tenet,

2300 2890 2529 2946 nullum
2560 2890 2859 2946 hominem
2891 2907 2995 2962 per
3015 2893 3261 2945 mortem
3281 2888 3351 2943 de
3382 2903 3619 2959 corpore
3642 2890 3962 2942 exeuntem

2300 2980 2537 3053 aliquod
2570 2980 2679 3035 sibi
2710 2979 2929 3036 bonum
2960 2996 3132 3052 posse
3164 2994 3505 3050 comparare
3526 2976 3958 3049 meritum,quo

2299 3074 2400 3124 aut
2429 3067 2799 3142 iniquitatem
2830 3084 3019 3137 suam,
3051 3067 3109 3122 in
3166 3083 3283 3139 qua
3326 3070 3594 3121 mortuus
3624 3068 3733 3133 est,
3768 3062 3965 3137 possit

2299 3159 2585 3227 deserere,
2618 3162 2721 3213 aut
2750 3157 2875 3230 ipse
2902 3156 2962 3211 in
2997 3155 3208 3212 melius
3238 3154 3607 3212 commutari.
3643 3153 3812 3221 Quia,
3845 3152 3961 3209 etsi

539 3248 712 3303 modo
744 3246 942 3302 miseri
978 3262 1090 3300 non
1124 3244 1243 3301 sint
1271 3244 1560 3313 miseri,et
1591 3245 1777 3318 puniti
1811 3264 1925 3302 non
1950 3247 2069 3301 sint
2091 3264 2190 3318 pu-
2219 3230 2261 3299 C
2300 3253 2441 3304 sunt
2472 3247 2653 3320 aliqui
2686 3247 2807 3319 qui,
2841 3251 2906 3301 ut
2926 3246 3112 3318 ipsius
3136 3244 3268 3300 ﬁdei
3295 3245 3479 3318 pietas
3503 3244 3744 3310 novit,et
3764 3242 3962 3298 indul-

535 3336 661 3391 niti.
696 3335 841 3403 Quia
865 3353 934 3391 ex
964 3352 1030 3391 eo
1063 3335 1216 3407 quod
1236 3339 1409 3390 erunt
1431 3334 1488 3389 in
1522 3333 1786 3391 absentia
1805 3335 2187 3391 beatitudinis

533 3430 590 3481 et
620 3425 934 3493 felicitatis,
970 3424 1197 3497 possint
1223 3424 1336 3479 dici
1379 3428 1435 3479 et
1464 3423 1664 3494 miseri
1695 3428 1753 3480 et
1783 3424 2043 3480 damnati
2071 3442 2084 3493 ;
2118 3441 2188 3481 ex

532 3531 599 3569 eo
631 3519 826 3570 autem
858 3514 1011 3586 quod
1044 3513 1203 3568 illius
1234 3512 1617 3570 beatitudinis
1648 3517 1705 3568 et
1749 3513 2010 3569 veritatis
2058 3530 2185 3586 quae

533 3603 650 3657 illis
681 3603 894 3659 absens
919 3602 1358 3668 erit,habebunt
1388 3601 1991 3669 notitiam,scientiam
2014 3606 2070 3657 et
2088 3604 2184 3658 de-

532 3691 1073 3763 siderium,possint
1101 3691 1214 3745 dici
1249 3708 1363 3745 non
1387 3706 1515 3746 esse
1537 3690 1734 3745 miseri
1769 3707 1873 3746 nec
1902 3691 2183 3746 damnati.

534 3782 644 3839 Sed
680 3781 823 3835 ﬁdes
853 3779 1119 3836 Ecclesiae
1151 3780 1432 3835 veraciter
1478 3779 1656 3846 novit,
1688 3778 1907 3834 nullam
1939 3797 2066 3836 esse
2096 3798 2185 3835 ra-

532 3870 770 3927 tionalis
782 3873 1057 3927 creaturae
1072 3870 1354 3940 majorem
1370 3869 1803 3925 damnationem
1810 3886 2013 3941 ,quam
2028 3870 2185 3926 aDeo

530 3959 787 4032 separari
818 3962 895 4028 ;et
925 3957 1088 4013 nulla
1118 3957 1693 4030 ejusilluminatione
1716 3956 2187 4027 illustrari,nulla

530 4050 659 4121 ejus
690 4047 878 4121 gratia
902 4046 1146 4114 visitari,
1179 4046 1343 4101 nulla
1383 4046 1724 4102 liberatione
1756 4046 1988 4114 salvari,
2023 4047 2187 4104 nulla

530 4139 659 4211 ejus
687 4137 910 4193 visione
941 4140 997 4192 et
1016 4134 1508 4209 contemplatione
1539 4135 1878 4191 beatiticari.

598 4226 799 4300 Angeli
831 4242 968 4300 ergo
1016 4230 1075 4281 et
1116 4224 1385 4281 homines
1433 4228 1596 4281 tanta
1644 4224 1978 4281 infelicitate
2025 4227 2186 4282 dam-

528 4317 672 4383 nati,
706 4320 764 4371 et
792 4315 1030 4387 penitus
1061 4331 1095 4369 a
1123 4312 1501 4369 beatitudinis
1527 4315 1585 4368 et
1629 4311 1892 4369 veritatis
1945 4328 2182 4383 posses-

528 4404 690 4461 sione
718 4403 958 4470 exclusi,
986 4403 1218 4458 etiamsi
1258 4401 1482 4457 nullam
1513 4401 1873 4457 extrinsecus
1925 4419 2179 4474 poenam,

526 4492 758 4549 nullum
798 4496 1158 4549 tormentum
1209 4491 1513 4559 sentirent,
1559 4490 1702 4563 quid
1752 4491 1838 4546 eis
1881 4492 2182 4563 prodesset

2296 3335 2555 3410 gentiam
2588 3340 2961 3409 peccatorum
2992 3333 3282 3406 accipiant
3297 3337 3430 3406 post
3461 3332 3962 3398 mortem,oratio-

2296 3425 2491 3493 nibus,
2527 3429 2583 3482 et
2613 3423 3027 3492 oblationibus,
3062 3428 3120 3478 et
3150 3421 3535 3494 eleemosynis
3566 3419 3837 3477 Ecclesiae
3859 3422 3963 3477 ad-

2287 3516 2425 3587 juti,
2458 3519 2515 3570 et
2545 3513 2899 3586 quibusdam
2919 3512 3273 3586 purgatoriis
3295 3509 3707 3584 pmnisexpiati
3724 3514 3959 3565 aeternae

2296 3603 2644 3660 beatitudini
2675 3601 2879 3658 sociari
2917 3604 3487 3670 mereantur(a):non
3518 3603 3713 3655 tamen
3736 3598 3849 3655 hoc
3872 3600 3960 3655 eis

2295 3697 2533 3765 praestat
2560 3691 2796 3764 aliquod
2830 3691 3050 3746 bonum
3074 3690 3349 3746 meritum
3375 3693 3505 3763 post
3522 3691 3767 3744 mortem
3791 3689 3961 3745 addi-

2294 3788 2442 3851 tum,
2477 3782 2577 3837 sed
2611 3780 2804 3854 potius
2823 3784 2955 3835 ante
2969 3783 3215 3835 mortem
3247 3776 3774 3852 acquisitum.Quia
3792 3779 3957 3834 vide-

2295 3869 2431 3926 licet
2460 3868 2573 3926 tale
2605 3869 2715 3924 fuit
2742 3868 3017 3924 meritum
3047 3867 3174 3922 vitae
3204 3868 3468 3940 ipsorum
3501 3866 3558 3922 in
3590 3882 3854 3939 corpore,
3890 3871 3957 3923 ut

2295 3959 2472 4015 etiam
2504 3962 2636 4031 post
2665 3962 2913 4013 mortem
2944 3956 3163 4013 talibus
3205 3957 3480 4013 remediis
3527 3955 3791 4030 adjuvari
3824 3973 3952 4012 me-

2295 4048 2719 4113 reantur.Quod
2753 4045 3068 4120 Apostolus
3099 4046 3405 4102 manifeste
3431 4044 3811 4114 ostendit,ubi
3838 4046 3949 4101 ait:

2295 4138 2488 4195 Omnes
2536 4138 2684 4193 enim
2731 4152 2828 4192 nos
2882 4137 3235 4208 manifestari
3290 4142 3495 4207 oportet
3539 4141 3664 4190 ante
3702 4135 3953 4190 tribunal

2291 4229 2518 4293 Christi,
2536 4234 2597 4282 ut
2627 4228 2829 4297 referat
2857 4226 3233 4298 unusquisque
3270 4226 3499 4296 propria
3528 4225 3768 4297 corporis
3785 4231 3965 4296 prout,

2291 4318 2472 4389 gessit,
2504 4317 2618 4372 sive
2647 4317 2867 4385 bonum,
2900 4316 3014 4370 sive
3064 4316 3275 4370 malum
3305 4315 3378 4386 (Il
3396 4317 3521 4372 Cor.
3571 4331 3627 4383 v,
3661 4314 3772 4382 40),
3807 4331 3952 4386 pro-

2291 4405 2419 4479 pria
2446 4421 2702 4477 namque
2733 4403 2991 4476 corporis
3013 4402 3297 4471 sunt,sive
3310 4402 3464 4458 bona
3494 4402 3613 4459 sive
3636 4402 3948 4475 mala,quse

2289 4493 2490 4549 anima
2517 4491 2695 4566 gessit
2729 4492 2871 4547 dum
2900 4494 3054 4548 esset
3085 4490 3144 4546 in
3177 4507 3416 4562 corpore
3441 4509 3452 4546 :
3490 4489 3629 4563 quia
3659 4489 3811 4546 sicut
3842 4507 3949 4546 nec

526 4582 742 4639 habere
766 4581 1194 4673 cognitionem,
1240 4586 1296 4673 et
1348 4578 1639 4673 notitiam,
1692 4584 1750 4635 et
1802 4580 2178 4652 desiderium,
2211 4603 2259 4673 Ι)
2291 4588 2424 4639 ante
2454 4598 2666 4655 corpus
2696 4579 2933 4653 aliquod
2948 4580 3168 4635 bonum
3188 4583 3287 4635 aut
3301 4578 3522 4635 malum
3545 4579 3949 4653 gererepotuit

528 4672 681 4727 sicut
710 4670 822 4726 iste
869 4670 952 4727 eis
1009 4667 1318 4741 promittit,
1372 4673 1431 4724 et
1488 4668 1871 4725 beatitudinis
1929 4675 1986 4725 et
2038 4671 2183 4726 veri-

526 4760 714 4816 tatis?
744 4760 887 4815 Cum
937 4758 1048 4814 hoc
1099 4757 1183 4814 eis
1233 4758 1423 4830 magis
1468 4758 1539 4812 ad
1598 4760 1956 4814 tormentum
2005 4761 2181 4831 proﬁ-

525 4853 681 4905 ceret
710 4848 924 4905 habere
955 4846 1536 4920 quantulamcunque
1585 4847 1853 4903 notitiam
1896 4848 2178 4918 veritatis,

526 4937 627 4992 sed
662 4952 964 5008 nunquam
992 4935 1120 5006 ejus
1151 4935 1574 5008 prmscientiam
1605 4935 1923 5007 promereri
1948 4935 2180 5004 ;habere

527 5025 935 5099 qualecunque
965 5023 1323 5079 desiderium
1367 5029 1594 5079 aeternae
1641 5024 2042 5092 beatitudinis,
2076 5043 2180 5082 nec

526 5132 789 5187 unquam
821 5119 1017 5170 tamen
1050 5114 1180 5185 ejus
1199 5111 1859 5186 possessionelaatariEt
1887 5114 2182 5171 ideoabsit

526 5208 593 5258 ut
617 5204 932 5260 credantur
956 5219 1072 5257 non
1085 5219 1215 5258 esse
1232 5201 1547 5258 miserrimi
1575 5202 1733 5257 aDeo
1754 5202 1988 5275 penitus
2011 5220 2176 5276 sepa-

526 5292 659 5362 rati,
688 5297 789 5348 aut
820 5291 1094 5350 dicantur
1124 5309 1240 5347 non
1271 5307 1399 5348 esse
1430 5289 1621 5364 puniti
1653 5291 1725 5345 ab
1756 5296 1971 5346 aeterna
2001 5292 2179 5348 beati-

2292 4689 2420 4744 quse
2450 4670 2715 4727 nondum
2747 4669 3105 4736 erat,itanec
3136 4672 3269 4741 post
3297 4669 3721 4741 depositionem
3739 4684 3951 4742 corpo-

2291 4760 2373 4816 ris
2403 4760 2638 4833 aliquod
2671 4759 2890 4814 bonum
2924 4762 3027 4814 aut
3067 4755 3289 4813 malum
3348 4773 3518 4831 agere
3573 4762 3782 4831 potest,
3816 4775 3946 4830 quae

2288 4852 2522 4923 tempus
2554 4847 2765 4921 agendi
2795 4851 2851 4904 et
2882 4847 3160 4920 operandi
3206 4863 3341 4902 cum
3374 4848 3633 4921 corporis
3654 4852 3842 4903 morte
3874 4849 3946 4902 ﬁ-

2289 4938 2604 4994 nivit.Nam
2628 4942 2685 4994 et
2713 4936 2795 4991 illi
2829 4935 2927 5009 qui
2959 4936 3081 4992 solo
3108 4935 3407 5009 originalis
3421 4935 3642 5008 peccati
3664 4939 3824 4992 reatu
3848 4937 3946 4992 ob-

2289 5026 2677 5100 stringuntur,
2709 5028 2765 5080 et
2787 5024 2869 5080 sic
2910 5025 3132 5098 absque
3162 5025 3417 5080 remedio
3446 5024 3690 5080 salutari
3722 5026 3793 5080 de
3817 5042 3943 5081 cor-

2289 5133 2426 5189 pore
2456 5118 2686 5183 exeunt,
2721 5114 3043 5170 secundum
3074 5113 3309 5187 propria
3329 5113 3589 5186 corporis
3610 5113 3766 5170 mala
3785 5115 3946 5170 dam-

2288 5209 2507 5261 nantur
2535 5205 2648 5277 (b);
2687 5203 2824 5276 quia
2850 5203 2911 5259 in
2943 5219 3183 5275 corpore
3214 5203 3417 5275 utique
3449 5208 3506 5257 et
3535 5220 3670 5258 cum
3703 5220 3942 5276 corpore

2287 5293 2431 5349 illud
2459 5290 2742 5365 originale
2773 5291 3036 5347 debitum
3066 5294 3481 5348 contraxerunt
3501 5292 3657 5349 unde
3687 5293 3747 5348 in
3780 5297 3941 5349 mter-

1520 5405 1734 5463 ΝΟΤίΕ
1771 5405 2114 5465 DUVALLII
2151 5408 2511 5466 DOCTORIS
2552 5407 2951 5464 SORBONICI.

597 5508 672 5581 (a)
702 5508 1020 5564 Attendunt
1043 5509 1345 5581 novatores
1367 5504 1551 5561 nostri
1576 5503 1773 5581 saeculi
1798 5504 1883 5581 i_bi
1905 5510 2179 5581 purgato-

528 5576 681 5660 {iam
711 5596 829 5660 nec
850 5576 1279 5660 nonsui‘l‘ragia
1307 5594 1410 5651 pro
1442 5576 1692 5636 mortuis
1712 5576 1772 5634 in
1798 5576 2055 5636 Ecclesia
2073 5579 2176 5638 ob-

529 5650 752 5709 ﬁrmari
782 5654 840 5711 et
870 5649 1214 5726 obsigillari‘.

2357 5506 2749 5580 (b)Peccatu_p_1
2761 5505 3042 5580 originale
3056 5505 3115 5580 in
3129 5506 3611 5580 corporevidetur
3633 5523 3938 5580 reponere,

2287 5579 2441 5651 quod
2467 5576 2731 5651 nonnulli
2757 5576 2914 5651 inter
2938 5576 3320 5651 scholasticos
3341 5576 3941 5651 fecerunt,Durandus

2287 5648 2344 5710 et
2368 5649 2646 5728 Magister
2674 5649 2734 5707 in
2766 5666 2824 5721 ιι,
2859 5648 2995 5708 dist.
3027 5650 3098 5707 3O
3124 5654 3182 5708 et
3209 5651 3407 5724 31,ubi
3437 5650 3580 5712 dicit
3608 5667 3713 5729 per
3732 5667 3939 5728 pecca-
