  <div class='ocr_page' id='page_1' title='image "/cluster/home/n/w/nwhite01/storage/ocr_20150623/119/umn.319510024774125/123.png"; bbox 0 0 4100 6476; ppageno 0'>
   <div class='ocr_carea' id='block_1_1' title="bbox 536 326 4010 433">
    <p class='ocr_par' dir='ltr' id='par_1_1' title="bbox 536 326 4010 433">
     <span class='ocr_line' id='line_1_1' title="bbox 536 326 4010 433; baseline -0.005 -28"><span class='ocrx_word' id='word_1_1' title='bbox 536 346 654 405; x_wconf 81' lang='grc'>203</span> <span class='ocrx_word' id='word_1_2' title='bbox 1519 428 1527 433; x_wconf 78' lang='lat'><strong><em>_</em></strong></span> <span class='ocrx_word' id='word_1_3' title='bbox 1639 338 1869 401; x_wconf 82' lang='lat' dir='ltr'><strong>FLORI</strong></span> <span class='ocrx_word' id='word_1_4' title='bbox 1913 332 2232 399; x_wconf 85' lang='lat' dir='ltr'>DIACONI</span> <span class='ocrx_word' id='word_1_5' title='bbox 2278 330 2849 396; x_wconf 85' lang='lat' dir='ltr'>LUGDUNENSIS.</span> <span class='ocrx_word' id='word_1_6' title='bbox 3857 326 4010 390; x_wconf 74' lang='grc'>204</span> 
     </span>
    </p>
   </div>
   <div class='ocr_carea' id='block_1_2' title="bbox 538 463 4012 548">
    <p class='ocr_par' dir='ltr' id='par_1_2' title="bbox 538 463 4012 548">
     <span class='ocr_line' id='line_1_2' title="bbox 538 463 4012 548; baseline -0.004 -13"><span class='ocrx_word' id='word_1_7' title='bbox 538 480 853 535; x_wconf 88' lang='lat' dir='ltr'>demnatus</span> <span class='ocrx_word' id='word_1_8' title='bbox 874 477 1085 533; x_wconf 77' lang='lat' dir='ltr'>fratres</span> <span class='ocrx_word' id='word_1_9' title='bbox 1107 494 1267 546; x_wconf 90' lang='lat' dir='ltr'>suos,</span> <span class='ocrx_word' id='word_1_10' title='bbox 1291 492 1439 548; x_wconf 92' lang='lat' dir='ltr'>quos</span> <span class='ocrx_word' id='word_1_11' title='bbox 1459 475 1519 531; x_wconf 90' lang='lat' dir='ltr'>in</span> <span class='ocrx_word' id='word_1_12' title='bbox 1541 489 1714 531; x_wconf 89' lang='lat' dir='ltr'>carne</span> <span class='ocrx_word' id='word_1_13' title='bbox 1736 471 2070 545; x_wconf 81' lang='lat' dir='ltr'>reliquerat,</span> <span class='ocrx_word' id='word_1_14' title='bbox 2095 485 2193 524; x_wconf 91' lang='lat' dir='ltr'>ve-</span> <span class='ocrx_word' id='word_1_15' title='bbox 2222 468 2279 535; x_wconf 83' lang='grc' dir='ltr'><strong>Α</strong></span> <span class='ocrx_word' id='word_1_16' title='bbox 2305 470 2519 523; x_wconf 83' lang='lat' dir='ltr'>aeterno</span> <span class='ocrx_word' id='word_1_17' title='bbox 2547 470 2605 523; x_wconf 89' lang='lat' dir='ltr'>et</span> <span class='ocrx_word' id='word_1_18' title='bbox 2625 468 2788 539; x_wconf 84' lang='lat' dir='ltr'>justo</span> <span class='ocrx_word' id='word_1_19' title='bbox 2822 465 3048 538; x_wconf 90' lang='lat' dir='ltr'>judicio</span> <span class='ocrx_word' id='word_1_20' title='bbox 3079 466 3201 539; x_wconf 88' lang='lat' dir='ltr'>[al.,</span> <span class='ocrx_word' id='word_1_21' title='bbox 3217 463 3440 538; x_wconf 87' lang='lat' dir='ltr'>judice]</span> <span class='ocrx_word' id='word_1_22' title='bbox 3469 463 3849 531; x_wconf 86' lang='lat' dir='ltr'>liberandos,</span> <span class='ocrx_word' id='word_1_23' title='bbox 3882 463 4012 520; x_wconf 85' lang='lat' dir='ltr'>sed</span> 
     </span>
    </p>
   </div>
   <div class='ocr_carea' id='block_1_3' title="bbox 480 554 4010 636">
    <p class='ocr_par' dir='ltr' id='par_1_3' title="bbox 480 554 4010 636">
     <span class='ocr_line' id='line_1_3' title="bbox 480 554 4010 636; baseline -0.005 -11"><span class='ocrx_word' id='word_1_24' title='bbox 480 616 485 617; x_wconf 42' lang='grc' dir='ltr'><em>ν</em></span> <span class='ocrx_word' id='word_1_25' title='bbox 536 569 626 625; x_wconf 90' lang='lat' dir='ltr'>lut</span> <span class='ocrx_word' id='word_1_26' title='bbox 656 568 982 624; x_wconf 89' lang='lat' dir='ltr'>secundum</span> <span class='ocrx_word' id='word_1_27' title='bbox 1013 567 1199 623; x_wconf 91' lang='lat' dir='ltr'>Deum</span> <span class='ocrx_word' id='word_1_28' title='bbox 1230 565 1502 622; x_wconf 83' lang='lat' dir='ltr'>dilexisse</span> <span class='ocrx_word' id='word_1_29' title='bbox 1537 565 1787 631; x_wconf 90' lang='lat' dir='ltr'>videtur,</span> <span class='ocrx_word' id='word_1_30' title='bbox 1820 579 1924 636; x_wconf 92' lang='lat' dir='ltr'>pro</span> <span class='ocrx_word' id='word_1_31' title='bbox 1953 560 2192 633; x_wconf 84' lang='lat' dir='ltr'>quibus,</span> <span class='ocrx_word' id='word_1_32' title='bbox 2302 560 2493 613; x_wconf 89' lang='lat' dir='ltr'>totum</span> <span class='ocrx_word' id='word_1_33' title='bbox 2516 556 2626 613; x_wconf 90' lang='lat' dir='ltr'>hoc</span> <span class='ocrx_word' id='word_1_34' title='bbox 2656 556 2741 613; x_wconf 90' lang='lat' dir='ltr'>eis</span> <span class='ocrx_word' id='word_1_35' title='bbox 2774 555 3036 630; x_wconf 83' lang='lat' dir='ltr'>proﬁciet</span> <span class='ocrx_word' id='word_1_36' title='bbox 3060 556 3135 612; x_wconf 87' lang='lat' dir='ltr'>ad</span> <span class='ocrx_word' id='word_1_37' title='bbox 3162 559 3544 624; x_wconf 87' lang='lat' dir='ltr'>tormentum,</span> <span class='ocrx_word' id='word_1_38' title='bbox 3564 572 3682 611; x_wconf 84' lang='lat' dir='ltr'>non</span> <span class='ocrx_word' id='word_1_39' title='bbox 3714 554 3799 610; x_wconf 87' lang='lat' dir='ltr'>ad</span> <span class='ocrx_word' id='word_1_40' title='bbox 3838 570 4010 609; x_wconf 89' lang='lat' dir='ltr'>con-</span> 
     </span>
    </p>
   </div>
   <div class='ocr_carea' id='block_1_4' title="bbox 536 642 4013 718">
    <p class='ocr_par' dir='ltr' id='par_1_4' title="bbox 536 642 4013 718">
     <span class='ocr_line' id='line_1_4' title="bbox 536 642 4013 718; baseline -0.005 -4"><span class='ocrx_word' id='word_1_41' title='bbox 536 675 608 715; x_wconf 91' lang='lat' dir='ltr'>ne</span> <span class='ocrx_word' id='word_1_42' title='bbox 630 658 688 712; x_wconf 91' lang='lat' dir='ltr'>in</span> <span class='ocrx_word' id='word_1_43' title='bbox 711 656 882 713; x_wconf 89' lang='lat' dir='ltr'>illum</span> <span class='ocrx_word' id='word_1_44' title='bbox 903 656 1100 713; x_wconf 91' lang='lat' dir='ltr'>locum</span> <span class='ocrx_word' id='word_1_45' title='bbox 1120 660 1549 712; x_wconf 86' lang='lat' dir='ltr'>tormentorum</span> <span class='ocrx_word' id='word_1_46' title='bbox 1570 653 1835 710; x_wconf 75' lang='lat' dir='ltr'>venirent</span> <span class='ocrx_word' id='word_1_47' title='bbox 1851 650 2060 708; x_wconf 91' lang='lat' dir='ltr'>anxius</span> <span class='ocrx_word' id='word_1_48' title='bbox 2082 651 2195 705; x_wconf 90' lang='lat' dir='ltr'>sat-</span> <span class='ocrx_word' id='word_1_49' title='bbox 2304 645 2608 703; x_wconf 89' lang='lat' dir='ltr'>solationis</span> <span class='ocrx_word' id='word_1_50' title='bbox 2638 644 2912 702; x_wconf 87' lang='lat' dir='ltr'>solatum.</span> <span class='ocrx_word' id='word_1_51' title='bbox 2938 645 3033 702; x_wconf 90' lang='lat' dir='ltr'>Sic</span> <span class='ocrx_word' id='word_1_52' title='bbox 3054 645 3227 701; x_wconf 87' lang='lat' dir='ltr'>etiam</span> <span class='ocrx_word' id='word_1_53' title='bbox 3263 648 3538 718; x_wconf 87' lang='lat' dir='ltr'>poterunt</span> <span class='ocrx_word' id='word_1_54' title='bbox 3566 644 3790 700; x_wconf 89' lang='lat' dir='ltr'>habere</span> <span class='ocrx_word' id='word_1_55' title='bbox 3815 642 4013 700; x_wconf 85' lang='lat' dir='ltr'>desi-</span> 
     </span>
    </p>
   </div>
   <div class='ocr_carea' id='block_1_5' title="bbox 534 734 4013 820">
    <p class='ocr_par' dir='ltr' id='par_1_5' title="bbox 534 734 4013 820">
     <span class='ocr_line' id='line_1_5' title="bbox 534 734 4013 820; baseline -0.004 -17"><span class='ocrx_word' id='word_1_56' title='bbox 534 748 745 820; x_wconf 90' lang='lat' dir='ltr'>agebat</span> <span class='ocrx_word' id='word_1_57' title='bbox 786 751 842 803; x_wconf 91' lang='lat' dir='ltr'>et</span> <span class='ocrx_word' id='word_1_58' title='bbox 888 746 1314 819; x_wconf 83' lang='lat' dir='ltr'>deprecabatur</span> <span class='ocrx_word' id='word_1_59' title='bbox 1355 748 1508 816; x_wconf 82' lang='lat' dir='ltr'>(Luc.</span> <span class='ocrx_word' id='word_1_60' title='bbox 1540 743 1796 814; x_wconf 76' lang='lat' dir='ltr'>xv1,27);</span> <span class='ocrx_word' id='word_1_61' title='bbox 1829 758 1946 798; x_wconf 92' lang='lat' dir='ltr'>non</span> <span class='ocrx_word' id='word_1_62' title='bbox 1994 745 2194 795; x_wconf 89' lang='lat' dir='ltr'>tamen</span> <span class='ocrx_word' id='word_1_63' title='bbox 2305 735 2534 792; x_wconf 88' lang='lat' dir='ltr'>derium</span> <span class='ocrx_word' id='word_1_64' title='bbox 2561 735 2870 807; x_wconf 81' lang='lat' dir='ltr'>cujusdam</span> <span class='ocrx_word' id='word_1_65' title='bbox 2913 734 3300 791; x_wconf 88' lang='lat' dir='ltr'>beatitudinis</span> <span class='ocrx_word' id='word_1_66' title='bbox 3331 736 3595 807; x_wconf 74' lang='lat' dir='ltr'>suae,[f.,</span> <span class='ocrx_word' id='word_1_67' title='bbox 3638 735 3729 791; x_wconf 86' lang='lat' dir='ltr'>hic</span> <span class='ocrx_word' id='word_1_68' title='bbox 3756 735 4013 790; x_wconf 81' lang='lat' dir='ltr'>subau-</span> 
     </span>
    </p>
   </div>
   <div class='ocr_carea' id='block_1_6' title="bbox 531 822 4015 906">
    <p class='ocr_par' dir='ltr' id='par_1_6' title="bbox 531 822 4015 906">
     <span class='ocr_line' id='line_1_6' title="bbox 531 822 4015 906; baseline -0.004 -13"><span class='ocrx_word' id='word_1_69' title='bbox 531 852 666 893; x_wconf 88' lang='lat' dir='ltr'>vere</span> <span class='ocrx_word' id='word_1_70' title='bbox 688 824 1017 892; x_wconf 83' lang='lat' dir='ltr'>secundum</span> <span class='ocrx_word' id='word_1_71' title='bbox 1040 836 1225 891; x_wconf 91' lang='lat' dir='ltr'>Deum</span> <span class='ocrx_word' id='word_1_72' title='bbox 1252 834 1446 901; x_wconf 83' lang='lat' dir='ltr'>fiebat,</span> <span class='ocrx_word' id='word_1_73' title='bbox 1471 833 1627 906; x_wconf 92' lang='lat' dir='ltr'>quod</span> <span class='ocrx_word' id='word_1_74' title='bbox 1648 849 1766 888; x_wconf 93' lang='lat' dir='ltr'>non</span> <span class='ocrx_word' id='word_1_75' title='bbox 1798 830 2084 886; x_wconf 90' lang='lat' dir='ltr'>instinctu</span> <span class='ocrx_word' id='word_1_76' title='bbox 2106 828 2197 883; x_wconf 88' lang='lat' dir='ltr'>di-</span> <span class='ocrx_word' id='word_1_77' title='bbox 2304 824 2565 881; x_wconf 86' lang='lat' dir='ltr'>diendum</span> <span class='ocrx_word' id='word_1_78' title='bbox 2595 829 2729 893; x_wconf 90' lang='lat' dir='ltr'>non]</span> <span class='ocrx_word' id='word_1_79' title='bbox 2762 827 2828 880; x_wconf 90' lang='lat' dir='ltr'>ut</span> <span class='ocrx_word' id='word_1_80' title='bbox 2864 825 2938 879; x_wconf 88' lang='lat' dir='ltr'>ab</span> <span class='ocrx_word' id='word_1_81' title='bbox 2985 823 3104 880; x_wconf 91' lang='lat' dir='ltr'>illis</span> <span class='ocrx_word' id='word_1_82' title='bbox 3134 824 3445 880; x_wconf 87' lang='lat' dir='ltr'>tormentis</span> <span class='ocrx_word' id='word_1_83' title='bbox 3492 823 3639 891; x_wconf 88' lang='lat' dir='ltr'>erui,</span> <span class='ocrx_word' id='word_1_84' title='bbox 3659 827 3717 880; x_wconf 91' lang='lat' dir='ltr'>et</span> <span class='ocrx_word' id='word_1_85' title='bbox 3772 822 4015 896; x_wconf 83' lang='lat' dir='ltr'>aliqua</span> 
     </span>
    </p>
   </div>
   <div class='ocr_carea' id='block_1_7' title="bbox 531 912 3532 995">
    <p class='ocr_par' dir='ltr' id='par_1_7' title="bbox 531 912 3532 995">
     <span class='ocr_line' id='line_1_7' title="bbox 531 912 3532 995; baseline -0.004 -13"><span class='ocrx_word' id='word_1_86' title='bbox 531 926 680 982; x_wconf 67' lang='lat' dir='ltr'>vina:</span> <span class='ocrx_word' id='word_1_87' title='bbox 703 923 1026 994; x_wconf 88' lang='lat' dir='ltr'>charitatis,</span> <span class='ocrx_word' id='word_1_88' title='bbox 1051 925 1153 980; x_wconf 90' lang='lat' dir='ltr'>sed</span> <span class='ocrx_word' id='word_1_89' title='bbox 1175 922 1265 979; x_wconf 86' lang='lat' dir='ltr'>vel</span> <span class='ocrx_word' id='word_1_90' title='bbox 1295 927 1515 979; x_wconf 89' lang='lat' dir='ltr'>terrore</span> <span class='ocrx_word' id='word_1_91' title='bbox 1543 920 1851 995; x_wconf 70' lang='lat' dir='ltr'>praesentis</span> <span class='ocrx_word' id='word_1_92' title='bbox 1872 917 2197 974; x_wconf 88' lang='lat' dir='ltr'>damnatio—</span> <span class='ocrx_word' id='word_1_93' title='bbox 2306 930 2447 987; x_wconf 90' lang='lat' dir='ltr'>pace</span> <span class='ocrx_word' id='word_1_94' title='bbox 2475 912 2563 970; x_wconf 91' lang='lat' dir='ltr'>vel</span> <span class='ocrx_word' id='word_1_95' title='bbox 2593 914 2788 986; x_wconf 88' lang='lat' dir='ltr'>quiete</span> <span class='ocrx_word' id='word_1_96' title='bbox 2813 913 3145 987; x_wconf 87' lang='lat' dir='ltr'>refrigerari</span> <span class='ocrx_word' id='word_1_97' title='bbox 3177 917 3532 971; x_wconf 89' lang='lat' dir='ltr'>mereantur.</span> 
     </span>
    </p>
   </div>
   <div class='ocr_carea' id='block_1_8' title="bbox 540 1001 4006 1082">
    <p class='ocr_par' dir='ltr' id='par_1_8' title="bbox 540 1001 4006 1082">
     <span class='ocr_line' id='line_1_8' title="bbox 540 1001 4006 1082; baseline -0.003 -12"><span class='ocrx_word' id='word_1_98' title='bbox 540 1014 654 1082; x_wconf 90' lang='lat' dir='ltr'>nis,</span> <span class='ocrx_word' id='word_1_99' title='bbox 682 1012 771 1070; x_wconf 90' lang='lat' dir='ltr'>vel</span> <span class='ocrx_word' id='word_1_100' title='bbox 803 1029 999 1068; x_wconf 89' lang='lat' dir='ltr'>amore</span> <span class='ocrx_word' id='word_1_101' title='bbox 1030 1011 1303 1067; x_wconf 76' lang='lat' dir='ltr'>humanze</span> <span class='ocrx_word' id='word_1_102' title='bbox 1335 1009 1658 1066; x_wconf 83' lang='lat' dir='ltr'>aII&#39;ectionis</span> <span class='ocrx_word' id='word_1_103' title='bbox 1688 1008 1762 1064; x_wconf 89' lang='lat' dir='ltr'>ab</span> <span class='ocrx_word' id='word_1_104' title='bbox 1792 1023 1859 1063; x_wconf 91' lang='lat' dir='ltr'>eo</span> <span class='ocrx_word' id='word_1_105' title='bbox 1890 1009 2195 1075; x_wconf 87' lang='lat' dir='ltr'>extorque-</span> <span class='ocrx_word' id='word_1_106' title='bbox 2379 1005 2574 1077; x_wconf 88' lang='lat' dir='ltr'>Ipsam</span> <span class='ocrx_word' id='word_1_107' title='bbox 2607 1007 2806 1059; x_wconf 88' lang='lat' dir='ltr'>autem</span> <span class='ocrx_word' id='word_1_108' title='bbox 2835 1002 3138 1059; x_wconf 89' lang='lat' dir='ltr'>veritatem</span> <span class='ocrx_word' id='word_1_109' title='bbox 3171 1003 3293 1073; x_wconf 91' lang='lat' dir='ltr'>Dei,</span> <span class='ocrx_word' id='word_1_110' title='bbox 3316 1002 3508 1076; x_wconf 88' lang='lat' dir='ltr'>ipsam</span> <span class='ocrx_word' id='word_1_111' title='bbox 3540 1001 4006 1060; x_wconf 86' lang='lat' dir='ltr'>beatitudinem</span> 
     </span>
    </p>
   </div>
   <div class='ocr_carea' id='block_1_9' title="bbox 542 1092 4005 1175">
    <p class='ocr_par' dir='ltr' id='par_1_9' title="bbox 542 1092 4005 1175">
     <span class='ocr_line' id='line_1_9' title="bbox 542 1092 4005 1175; baseline -0.003 -15"><span class='ocrx_word' id='word_1_112' title='bbox 542 1104 735 1160; x_wconf 85' lang='lat' dir='ltr'>batur.</span> <span class='ocrx_word' id='word_1_113' title='bbox 760 1102 904 1166; x_wconf 88' lang='lat' dir='ltr'>Quia</span> <span class='ocrx_word' id='word_1_114' title='bbox 934 1118 1069 1175; x_wconf 91' lang='lat' dir='ltr'>ergo</span> <span class='ocrx_word' id='word_1_115' title='bbox 1103 1098 1266 1156; x_wconf 91' lang='lat' dir='ltr'>nulla</span> <span class='ocrx_word' id='word_1_116' title='bbox 1302 1101 1429 1171; x_wconf 87' lang='lat' dir='ltr'>jam</span> <span class='ocrx_word' id='word_1_117' title='bbox 1461 1099 1519 1153; x_wconf 90' lang='lat' dir='ltr'>in</span> <span class='ocrx_word' id='word_1_118' title='bbox 1548 1097 1631 1154; x_wconf 91' lang='lat' dir='ltr'>eis</span> <span class='ocrx_word' id='word_1_119' title='bbox 1663 1112 1794 1153; x_wconf 89' lang='lat' dir='ltr'>esse</span> <span class='ocrx_word' id='word_1_120' title='bbox 1843 1093 2055 1168; x_wconf 89' lang='lat' dir='ltr'>poterit</span> <span class='ocrx_word' id='word_1_121' title='bbox 2094 1108 2200 1165; x_wconf 89' lang='lat' dir='ltr'>per</span> <span class='ocrx_word' id='word_1_122' title='bbox 2306 1093 2410 1150; x_wconf 91' lang='lat' dir='ltr'>Dei</span> <span class='ocrx_word' id='word_1_123' title='bbox 2441 1109 2615 1149; x_wconf 87' lang='lat' dir='ltr'>nosse</span> <span class='ocrx_word' id='word_1_124' title='bbox 2645 1095 2703 1149; x_wconf 90' lang='lat' dir='ltr'>et</span> <span class='ocrx_word' id='word_1_125' title='bbox 2732 1093 3064 1150; x_wconf 87' lang='lat' dir='ltr'>desiderare</span> <span class='ocrx_word' id='word_1_126' title='bbox 3092 1092 3313 1149; x_wconf 91' lang='lat' dir='ltr'>donum</span> <span class='ocrx_word' id='word_1_127' title='bbox 3357 1096 3448 1150; x_wconf 90' lang='lat' dir='ltr'>est</span> <span class='ocrx_word' id='word_1_128' title='bbox 3488 1092 3744 1166; x_wconf 89' lang='lat' dir='ltr'>piorum,</span> <span class='ocrx_word' id='word_1_129' title='bbox 3772 1097 3838 1149; x_wconf 88' lang='lat' dir='ltr'>et</span> <span class='ocrx_word' id='word_1_130' title='bbox 3882 1093 4005 1151; x_wconf 90' lang='lat' dir='ltr'>Dei</span> 
     </span>
    </p>
   </div>
   <div class='ocr_carea' id='block_1_10' title="bbox 544 1181 4003 1260">
    <p class='ocr_par' dir='ltr' id='par_1_10' title="bbox 544 1181 4003 1260">
     <span class='ocr_line' id='line_1_10' title="bbox 544 1181 4003 1260; baseline -0.002 -14"><span class='ocrx_word' id='word_1_131' title='bbox 544 1192 1035 1247; x_wconf 89' lang='lat' dir='ltr'>illuminationem</span> <span class='ocrx_word' id='word_1_132' title='bbox 1057 1189 1158 1245; x_wconf 90' lang='lat' dir='ltr'>Dei</span> <span class='ocrx_word' id='word_1_133' title='bbox 1180 1192 1236 1246; x_wconf 90' lang='lat' dir='ltr'>et</span> <span class='ocrx_word' id='word_1_134' title='bbox 1257 1189 1480 1244; x_wconf 89' lang='lat' dir='ltr'>donum</span> <span class='ocrx_word' id='word_1_135' title='bbox 1503 1187 1758 1260; x_wconf 87' lang='lat' dir='ltr'>Spiritus</span> <span class='ocrx_word' id='word_1_136' title='bbox 1782 1183 1991 1248; x_wconf 89' lang='lat' dir='ltr'>sancti,</span> <span class='ocrx_word' id='word_1_137' title='bbox 2012 1181 2198 1255; x_wconf 86' lang='lat' dir='ltr'>pietas</span> <span class='ocrx_word' id='word_1_138' title='bbox 2307 1182 2519 1257; x_wconf 87' lang='lat' dir='ltr'>spiritu</span> <span class='ocrx_word' id='word_1_139' title='bbox 2549 1181 3040 1252; x_wconf 90' lang='lat' dir='ltr'>illuminatorum,</span> <span class='ocrx_word' id='word_1_140' title='bbox 3063 1199 3178 1239; x_wconf 91' lang='lat' dir='ltr'>non</span> <span class='ocrx_word' id='word_1_141' title='bbox 3209 1182 3527 1256; x_wconf 91' lang='lat' dir='ltr'>impiorum</span> <span class='ocrx_word' id='word_1_142' title='bbox 3558 1187 3858 1257; x_wconf 88' lang='lat' dir='ltr'>perpetua</span> <span class='ocrx_word' id='word_1_143' title='bbox 3882 1199 4003 1239; x_wconf 66' lang='lat' dir='ltr'>cce-</span> 
     </span>
    </p>
   </div>
   <div class='ocr_carea' id='block_1_11' title="bbox 544 1271 3999 1350">
    <p class='ocr_par' dir='ltr' id='par_1_11' title="bbox 544 1271 3999 1350">
     <span class='ocr_line' id='line_1_11' title="bbox 544 1271 3999 1350; baseline -0.002 -14"><span class='ocrx_word' id='word_1_144' title='bbox 544 1280 700 1349; x_wconf 84' lang='lat' dir='ltr'>ﬁdei,</span> <span class='ocrx_word' id='word_1_145' title='bbox 717 1284 773 1337; x_wconf 92' lang='lat' dir='ltr'>et</span> <span class='ocrx_word' id='word_1_146' title='bbox 794 1279 1097 1336; x_wconf 88' lang='lat' dir='ltr'>charitatis</span> <span class='ocrx_word' id='word_1_147' title='bbox 1130 1277 1293 1335; x_wconf 90' lang='lat' dir='ltr'>nulla</span> <span class='ocrx_word' id='word_1_148' title='bbox 1323 1278 1487 1334; x_wconf 67' lang='lat' dir='ltr'>bonae</span> <span class='ocrx_word' id='word_1_149' title='bbox 1509 1277 1632 1350; x_wconf 89' lang='lat' dir='ltr'>spei</span> <span class='ocrx_word' id='word_1_150' title='bbox 1654 1273 2037 1346; x_wconf 83' lang='lat' dir='ltr'>exspectatio;</span> <span class='ocrx_word' id='word_1_151' title='bbox 2069 1271 2199 1326; x_wconf 86' lang='lat' dir='ltr'>ideo</span> <span class='ocrx_word' id='word_1_152' title='bbox 2308 1273 2481 1329; x_wconf 89' lang='lat' dir='ltr'>citate</span> <span class='ocrx_word' id='word_1_153' title='bbox 2505 1275 2680 1345; x_wconf 88' lang='lat' dir='ltr'>atque</span> <span class='ocrx_word' id='word_1_154' title='bbox 2703 1271 3040 1329; x_wconf 82' lang='lat' dir='ltr'>infelicitate</span> <span class='ocrx_word' id='word_1_155' title='bbox 3063 1273 3506 1340; x_wconf 86' lang='lat' dir='ltr'>damnatorum;</span> <span class='ocrx_word' id='word_1_156' title='bbox 3534 1272 3673 1345; x_wconf 87' lang='lat' dir='ltr'>quia</span> <span class='ocrx_word' id='word_1_157' title='bbox 3697 1271 3816 1329; x_wconf 89' lang='lat' dir='ltr'>etsi</span> <span class='ocrx_word' id='word_1_158' title='bbox 3855 1274 3999 1329; x_wconf 80' lang='lat' dir='ltr'>fue-</span> 
     </span>
    </p>
   </div>
   <div class='ocr_carea' id='block_1_12' title="bbox 544 1360 3996 1442">
    <p class='ocr_par' dir='ltr' id='par_1_12' title="bbox 544 1360 3996 1442">
     <span class='ocr_line' id='line_1_12' title="bbox 544 1360 3996 1442; baseline -0.003 -17"><span class='ocrx_word' id='word_1_159' title='bbox 544 1369 707 1425; x_wconf 92' lang='lat' dir='ltr'>nulla</span> <span class='ocrx_word' id='word_1_160' title='bbox 730 1386 934 1426; x_wconf 88' lang='lat' dir='ltr'>eorum</span> <span class='ocrx_word' id='word_1_161' title='bbox 965 1367 1309 1442; x_wconf 83' lang='lat' dir='ltr'>poenitentia</span> <span class='ocrx_word' id='word_1_162' title='bbox 1330 1367 1402 1423; x_wconf 90' lang='lat' dir='ltr'>de</span> <span class='ocrx_word' id='word_1_163' title='bbox 1432 1360 1761 1439; x_wconf 64' lang='lat' dir='ltr'>praeteritis,</span> <span class='ocrx_word' id='word_1_164' title='bbox 1786 1362 2015 1419; x_wconf 88' lang='lat' dir='ltr'>nullum</span> <span class='ocrx_word' id='word_1_165' title='bbox 2046 1360 2200 1417; x_wconf 89' lang='lat' dir='ltr'>desi-</span> <span class='ocrx_word' id='word_1_166' title='bbox 2312 1361 2429 1418; x_wconf 90' lang='lat' dir='ltr'>rint</span> <span class='ocrx_word' id='word_1_167' title='bbox 2458 1361 2537 1417; x_wconf 92' lang='lat' dir='ltr'>ibi</span> <span class='ocrx_word' id='word_1_168' title='bbox 2567 1360 2749 1434; x_wconf 88' lang='lat' dir='ltr'>aliqui</span> <span class='ocrx_word' id='word_1_169' title='bbox 2794 1361 3062 1418; x_wconf 82' lang='lat' dir='ltr'>fortassis</span> <span class='ocrx_word' id='word_1_170' title='bbox 3093 1362 3216 1434; x_wconf 92' lang='lat' dir='ltr'>qui,</span> <span class='ocrx_word' id='word_1_171' title='bbox 3238 1378 3307 1418; x_wconf 91' lang='lat' dir='ltr'>ex</span> <span class='ocrx_word' id='word_1_172' title='bbox 3352 1361 3447 1418; x_wconf 89' lang='lat' dir='ltr'>his</span> <span class='ocrx_word' id='word_1_173' title='bbox 3494 1361 3595 1434; x_wconf 90' lang='lat' dir='ltr'>qui</span> <span class='ocrx_word' id='word_1_174' title='bbox 3645 1360 3996 1435; x_wconf 80' lang='lat' dir='ltr'>aliquando</span> 
     </span>
    </p>
   </div>
   <div class='ocr_carea' id='block_1_13' title="bbox 543 1451 3999 1529">
    <p class='ocr_par' dir='ltr' id='par_1_13' title="bbox 543 1451 3999 1529">
     <span class='ocr_line' id='line_1_13' title="bbox 543 1451 3999 1529; baseline -0.002 -14"><span class='ocrx_word' id='word_1_175' title='bbox 543 1459 775 1516; x_wconf 89' lang='lat' dir='ltr'>derium</span> <span class='ocrx_word' id='word_1_176' title='bbox 796 1460 869 1515; x_wconf 90' lang='lat' dir='ltr'>de</span> <span class='ocrx_word' id='word_1_177' title='bbox 895 1458 1113 1514; x_wconf 86' lang='lat' dir='ltr'>futuris</span> <span class='ocrx_word' id='word_1_178' title='bbox 1139 1475 1174 1513; x_wconf 87' lang='lat' dir='ltr'>a</span> <span class='ocrx_word' id='word_1_179' title='bbox 1195 1458 1361 1529; x_wconf 85' lang='lat' dir='ltr'>justo</span> <span class='ocrx_word' id='word_1_180' title='bbox 1389 1460 1446 1512; x_wconf 89' lang='lat' dir='ltr'>et</span> <span class='ocrx_word' id='word_1_181' title='bbox 1476 1453 1838 1511; x_wconf 89' lang='lat' dir='ltr'>misericordi</span> <span class='ocrx_word' id='word_1_182' title='bbox 1862 1452 2065 1526; x_wconf 89' lang='lat' dir='ltr'>judice</span> <span class='ocrx_word' id='word_1_183' title='bbox 2094 1467 2198 1508; x_wconf 90' lang='lat' dir='ltr'>su-</span> <span class='ocrx_word' id='word_1_184' title='bbox 2312 1452 2680 1508; x_wconf 85' lang='lat' dir='ltr'>crediderant</span> <span class='ocrx_word' id='word_1_185' title='bbox 2701 1455 2756 1507; x_wconf 92' lang='lat' dir='ltr'>et</span> <span class='ocrx_word' id='word_1_186' title='bbox 2772 1455 3182 1523; x_wconf 88' lang='lat' dir='ltr'>cognoverant,</span> <span class='ocrx_word' id='word_1_187' title='bbox 3202 1451 3579 1507; x_wconf 87' lang='lat' dir='ltr'>meminerint</span> <span class='ocrx_word' id='word_1_188' title='bbox 3595 1451 3999 1524; x_wconf 87' lang='lat' dir='ltr'>aliquatenus</span> 
     </span>
    </p>
   </div>
   <div class='ocr_carea' id='block_1_14' title="bbox 542 1539 3994 1621">
    <p class='ocr_par' dir='ltr' id='par_1_14' title="bbox 542 1539 3994 1621">
     <span class='ocr_line' id='line_1_14' title="bbox 542 1539 3994 1621; baseline -0.002 -17"><span class='ocrx_word' id='word_1_189' title='bbox 542 1547 852 1621; x_wconf 88' lang='lat' dir='ltr'>scipietur;</span> <span class='ocrx_word' id='word_1_190' title='bbox 888 1548 1029 1619; x_wconf 86' lang='lat' dir='ltr'>quia</span> <span class='ocrx_word' id='word_1_191' title='bbox 1056 1548 1179 1602; x_wconf 62' lang='lat' dir='ltr'>haec</span> <span class='ocrx_word' id='word_1_192' title='bbox 1228 1551 1368 1602; x_wconf 89' lang='lat' dir='ltr'>tunc</span> <span class='ocrx_word' id='word_1_193' title='bbox 1398 1563 1514 1602; x_wconf 90' lang='lat' dir='ltr'>non</span> <span class='ocrx_word' id='word_1_194' title='bbox 1545 1547 1717 1601; x_wconf 89' lang='lat' dir='ltr'>erunt</span> <span class='ocrx_word' id='word_1_195' title='bbox 1764 1559 1830 1600; x_wconf 88' lang='lat' dir='ltr'>ex</span> <span class='ocrx_word' id='word_1_196' title='bbox 1880 1542 2115 1615; x_wconf 88' lang='lat' dir='ltr'>pietate,</span> <span class='ocrx_word' id='word_1_197' title='bbox 2147 1544 2204 1595; x_wconf 89' lang='lat' dir='ltr'>et</span> <span class='ocrx_word' id='word_1_198' title='bbox 2313 1541 2503 1614; x_wconf 89' lang='lat' dir='ltr'>ipsius</span> <span class='ocrx_word' id='word_1_199' title='bbox 2531 1540 2793 1597; x_wconf 88' lang='lat' dir='ltr'>veritatis</span> <span class='ocrx_word' id='word_1_200' title='bbox 2821 1539 2908 1596; x_wconf 92' lang='lat' dir='ltr'>vel</span> <span class='ocrx_word' id='word_1_201' title='bbox 2939 1540 3340 1607; x_wconf 88' lang='lat' dir='ltr'>beatitudinis,</span> <span class='ocrx_word' id='word_1_202' title='bbox 3365 1541 3438 1597; x_wconf 85' lang='lat' dir='ltr'>ad</span> <span class='ocrx_word' id='word_1_203' title='bbox 3467 1541 3578 1597; x_wconf 91' lang='lat' dir='ltr'>hoc</span> <span class='ocrx_word' id='word_1_204' title='bbox 3614 1544 3864 1597; x_wconf 88' lang='lat' dir='ltr'>tantum</span> <span class='ocrx_word' id='word_1_205' title='bbox 3898 1542 3994 1597; x_wconf 90' lang='lat' dir='ltr'>eis</span> 
     </span>
    </p>
   </div>
   <div class='ocr_carea' id='block_1_15' title="bbox 550 1629 3995 1710">
    <p class='ocr_par' dir='ltr' id='par_1_15' title="bbox 550 1629 3995 1710">
     <span class='ocr_line' id='line_1_15' title="bbox 550 1629 3995 1710; baseline -0.002 -16"><span class='ocrx_word' id='word_1_206' title='bbox 550 1655 749 1694; x_wconf 88' lang='lat' dir='ltr'>amore</span> <span class='ocrx_word' id='word_1_207' title='bbox 769 1637 975 1693; x_wconf 78' lang='lat' dir='ltr'>divinae</span> <span class='ocrx_word' id='word_1_208' title='bbox 1009 1637 1228 1710; x_wconf 72' lang='lat' dir='ltr'>gratiae,</span> <span class='ocrx_word' id='word_1_209' title='bbox 1253 1636 1352 1693; x_wconf 89' lang='lat' dir='ltr'>sed</span> <span class='ocrx_word' id='word_1_210' title='bbox 1376 1640 1607 1691; x_wconf 88' lang='lat' dir='ltr'>tantum</span> <span class='ocrx_word' id='word_1_211' title='bbox 1628 1652 1693 1690; x_wconf 83' lang='lat' dir='ltr'>ex</span> <span class='ocrx_word' id='word_1_212' title='bbox 1727 1632 2071 1689; x_wconf 86' lang='lat' dir='ltr'>necessitate</span> <span class='ocrx_word' id='word_1_213' title='bbox 2100 1629 2202 1687; x_wconf 91' lang='lat' dir='ltr'>tri-</span> <span class='ocrx_word' id='word_1_214' title='bbox 2311 1630 2526 1687; x_wconf 88' lang='lat' dir='ltr'>valebit</span> <span class='ocrx_word' id='word_1_215' title='bbox 2548 1630 2677 1703; x_wconf 90' lang='lat' dir='ltr'>ipsa</span> <span class='ocrx_word' id='word_1_216' title='bbox 2693 1629 2993 1698; x_wconf 87' lang='lat' dir='ltr'>memoria,</span> <span class='ocrx_word' id='word_1_217' title='bbox 3010 1634 3076 1686; x_wconf 92' lang='lat' dir='ltr'>ut</span> <span class='ocrx_word' id='word_1_218' title='bbox 3096 1630 3284 1704; x_wconf 90' lang='lat' dir='ltr'>magis</span> <span class='ocrx_word' id='word_1_219' title='bbox 3307 1630 3562 1699; x_wconf 89' lang='lat' dir='ltr'>doleant,</span> <span class='ocrx_word' id='word_1_220' title='bbox 3578 1630 3771 1704; x_wconf 89' lang='lat' dir='ltr'>magis</span> <span class='ocrx_word' id='word_1_221' title='bbox 3792 1631 3995 1705; x_wconf 76' lang='lat' dir='ltr'>pumi-</span> 
     </span>
    </p>
   </div>
   <div class='ocr_carea' id='block_1_16' title="bbox 551 1720 3993 1799">
    <p class='ocr_par' dir='ltr' id='par_1_16' title="bbox 551 1720 3993 1799">
     <span class='ocr_line' id='line_1_16' title="bbox 551 1720 3993 1799; baseline -0.002 -16"><span class='ocrx_word' id='word_1_222' title='bbox 551 1726 870 1783; x_wconf 88' lang='lat' dir='ltr'>bulationis</span> <span class='ocrx_word' id='word_1_223' title='bbox 901 1730 958 1782; x_wconf 93' lang='lat' dir='ltr'>et</span> <span class='ocrx_word' id='word_1_224' title='bbox 987 1727 1290 1798; x_wconf 60' lang='lat' dir='ltr'>angustia.</span> <span class='ocrx_word' id='word_1_225' title='bbox 1321 1727 1486 1781; x_wconf 89' lang='lat' dir='ltr'>Tunc</span> <span class='ocrx_word' id='word_1_226' title='bbox 1518 1725 1717 1795; x_wconf 87' lang='lat' dir='ltr'>itaque</span> <span class='ocrx_word' id='word_1_227' title='bbox 1748 1722 2046 1779; x_wconf 90' lang='lat' dir='ltr'>subtracto</span> <span class='ocrx_word' id='word_1_228' title='bbox 2077 1739 2111 1776; x_wconf 90' lang='lat' dir='ltr'>a</span> <span class='ocrx_word' id='word_1_229' title='bbox 2143 1736 2205 1776; x_wconf 90' lang='lat' dir='ltr'>se</span> <span class='ocrx_word' id='word_1_230' title='bbox 2314 1720 2875 1793; x_wconf 88' lang='lat' dir='ltr'>teant,magisjuste</span> <span class='ocrx_word' id='word_1_231' title='bbox 2895 1720 3204 1776; x_wconf 90' lang='lat' dir='ltr'>damnatos</span> <span class='ocrx_word' id='word_1_232' title='bbox 3225 1736 3286 1776; x_wconf 90' lang='lat' dir='ltr'>se</span> <span class='ocrx_word' id='word_1_233' title='bbox 3305 1737 3433 1799; x_wconf 82' lang='lat' dir='ltr'>esse</span> <span class='ocrx_word' id='word_1_234' title='bbox 3455 1724 3842 1795; x_wconf 86' lang='lat' dir='ltr'>cognoscant.</span> <span class='ocrx_word' id='word_1_235' title='bbox 3871 1721 3993 1777; x_wconf 88' lang='lat' dir='ltr'>De-</span> 
     </span>
    </p>
   </div>
   <div class='ocr_carea' id='block_1_17' title="bbox 548 1809 3995 1906">
    <p class='ocr_par' dir='ltr' id='par_1_17' title="bbox 548 1809 3995 1906">
     <span class='ocr_line' id='line_1_17' title="bbox 548 1809 3995 1906; baseline -0.001 -35"><span class='ocrx_word' id='word_1_236' title='bbox 548 1817 785 1888; x_wconf 90' lang='lat' dir='ltr'>penitus</span> <span class='ocrx_word' id='word_1_237' title='bbox 815 1815 1024 1871; x_wconf 70' lang='lat' dir='ltr'>divina:</span> <span class='ocrx_word' id='word_1_238' title='bbox 1058 1815 1469 1871; x_wconf 88' lang='lat' dir='ltr'>illustrationis</span> <span class='ocrx_word' id='word_1_239' title='bbox 1500 1812 1743 1881; x_wconf 88' lang='lat' dir='ltr'>lumine,</span> <span class='ocrx_word' id='word_1_240' title='bbox 1766 1815 1823 1868; x_wconf 91' lang='lat' dir='ltr'>et</span> <span class='ocrx_word' id='word_1_241' title='bbox 1853 1809 2047 1867; x_wconf 89' lang='lat' dir='ltr'>abillo</span> <span class='ocrx_word' id='word_1_242' title='bbox 2069 1826 2205 1883; x_wconf 60' lang='lat' dir='ltr'>gauo</span> <span class='ocrx_word' id='word_1_243' title='bbox 2234 1840 2281 1906; x_wconf 81' lang='grc' dir='ltr'><strong>Β</strong></span> <span class='ocrx_word' id='word_1_244' title='bbox 2314 1809 2642 1865; x_wconf 90' lang='lat' dir='ltr'>siderantes</span> <span class='ocrx_word' id='word_1_245' title='bbox 2674 1809 2911 1881; x_wconf 89' lang='lat' dir='ltr'>quidem</span> <span class='ocrx_word' id='word_1_246' title='bbox 2968 1809 3182 1906; x_wconf 77' lang='lat' dir='ltr'>habere</span> <span class='ocrx_word' id='word_1_247' title='bbox 3232 1812 3468 1883; x_wconf 88' lang='lat' dir='ltr'>tempus</span> <span class='ocrx_word' id='word_1_248' title='bbox 3497 1810 3885 1877; x_wconf 88' lang='lat' dir='ltr'>emendandi,</span> <span class='ocrx_word' id='word_1_249' title='bbox 3923 1816 3995 1867; x_wconf 91' lang='lat' dir='ltr'>ut</span> 
     </span>
    </p>
   </div>
   <div class='ocr_carea' id='block_1_18' title="bbox 550 1897 3993 1976">
    <p class='ocr_par' dir='ltr' id='par_1_18' title="bbox 550 1897 3993 1976">
     <span class='ocr_line' id='line_1_18' title="bbox 550 1897 3993 1976; baseline -0.001 -17"><span class='ocrx_word' id='word_1_250' title='bbox 550 1905 839 1976; x_wconf 86' lang='lat' dir='ltr'>dio,quod</span> <span class='ocrx_word' id='word_1_251' title='bbox 874 1905 1024 1960; x_wconf 89' lang='lat' dir='ltr'>bono</span> <span class='ocrx_word' id='word_1_252' title='bbox 1056 1908 1112 1959; x_wconf 89' lang='lat' dir='ltr'>et</span> <span class='ocrx_word' id='word_1_253' title='bbox 1143 1903 1299 1959; x_wconf 82' lang='lat' dir='ltr'>ﬁdeli</span> <span class='ocrx_word' id='word_1_254' title='bbox 1344 1920 1506 1959; x_wconf 90' lang='lat' dir='ltr'>servo</span> <span class='ocrx_word' id='word_1_255' title='bbox 1554 1901 1940 1974; x_wconf 87' lang='lat' dir='ltr'>promittitur,</span> <span class='ocrx_word' id='word_1_256' title='bbox 1975 1899 2201 1954; x_wconf 88' lang='lat' dir='ltr'>dicente</span> <span class='ocrx_word' id='word_1_257' title='bbox 2234 1897 2276 1906; x_wconf 80' lang='grc'>’”</span> <span class='ocrx_word' id='word_1_258' title='bbox 2314 1902 2556 1971; x_wconf 88' lang='lat' dir='ltr'>possent</span> <span class='ocrx_word' id='word_1_259' title='bbox 2584 1899 2826 1955; x_wconf 87' lang='lat' dir='ltr'>evadere</span> <span class='ocrx_word' id='word_1_260' title='bbox 2870 1897 3247 1971; x_wconf 89' lang='lat' dir='ltr'>supplicium,</span> <span class='ocrx_word' id='word_1_261' title='bbox 3283 1915 3388 1956; x_wconf 89' lang='lat' dir='ltr'>nec</span> <span class='ocrx_word' id='word_1_262' title='bbox 3438 1904 3634 1956; x_wconf 90' lang='lat' dir='ltr'>tamen</span> <span class='ocrx_word' id='word_1_263' title='bbox 3683 1899 3993 1957; x_wconf 84' lang='lat' dir='ltr'>habentes</span> 
     </span>
    </p>
   </div>
   <div class='ocr_carea' id='block_1_19' title="bbox 555 1987 3989 2063">
    <p class='ocr_par' dir='ltr' id='par_1_19' title="bbox 555 1987 3989 2063">
     <span class='ocr_line' id='line_1_19' title="bbox 555 1987 3989 2063; baseline -0.001 -15"><span class='ocrx_word' id='word_1_264' title='bbox 555 1993 835 2048; x_wconf 90' lang='lat' dir='ltr'>Domino:</span> <span class='ocrx_word' id='word_1_265' title='bbox 866 1994 1016 2049; x_wconf 84' lang='lat' dir='ltr'>Intra</span> <span class='ocrx_word' id='word_1_266' title='bbox 1063 1996 1121 2047; x_wconf 89' lang='lat' dir='ltr'>in</span> <span class='ocrx_word' id='word_1_267' title='bbox 1160 1993 1424 2063; x_wconf 80' lang='lat' dir='ltr'>gaudium</span> <span class='ocrx_word' id='word_1_268' title='bbox 1453 1993 1676 2048; x_wconf 88' lang='lat' dir='ltr'>Domini</span> <span class='ocrx_word' id='word_1_269' title='bbox 1704 1992 1788 2046; x_wconf 83' lang='lat' dir='ltr'>lui</span> <span class='ocrx_word' id='word_1_270' title='bbox 1817 1990 2035 2061; x_wconf 82' lang='lat' dir='ltr'>(Matth.</span> <span class='ocrx_word' id='word_1_271' title='bbox 2069 2005 2200 2055; x_wconf 87' lang='lat' dir='ltr'>xxv,</span> <span class='ocrx_word' id='word_1_272' title='bbox 2313 1987 2588 2060; x_wconf 87' lang='lat' dir='ltr'>pietatem</span> <span class='ocrx_word' id='word_1_273' title='bbox 2622 1987 2809 2060; x_wconf 89' lang='lat' dir='ltr'>ipsius</span> <span class='ocrx_word' id='word_1_274' title='bbox 2841 1987 3265 2060; x_wconf 90' lang='lat' dir='ltr'>desiderii,qua</span> <span class='ocrx_word' id='word_1_275' title='bbox 3295 1993 3741 2061; x_wconf 87' lang='lat' dir='ltr'>promereantur</span> <span class='ocrx_word' id='word_1_276' title='bbox 3759 1989 3989 2045; x_wconf 87' lang='lat' dir='ltr'>Deum.</span> 
     </span>
    </p>
   </div>
   <div class='ocr_carea' id='block_1_20' title="bbox 549 2077 3991 2154">
    <p class='ocr_par' dir='ltr' id='par_1_20' title="bbox 549 2077 3991 2154">
     <span class='ocr_line' id='line_1_20' title="bbox 549 2077 3991 2154; baseline -0.001 -16"><span class='ocrx_word' id='word_1_277' title='bbox 549 2085 662 2152; x_wconf 82' lang='lat'>21),</span> <span class='ocrx_word' id='word_1_278' title='bbox 690 2082 927 2154; x_wconf 89' lang='lat' dir='ltr'>penitus</span> <span class='ocrx_word' id='word_1_279' title='bbox 957 2081 1175 2138; x_wconf 84' lang='lat' dir='ltr'>exclusi</span> <span class='ocrx_word' id='word_1_280' title='bbox 1197 2088 1255 2138; x_wconf 89' lang='lat' dir='ltr'>et</span> <span class='ocrx_word' id='word_1_281' title='bbox 1276 2081 1511 2138; x_wconf 83' lang='lat' dir='ltr'>alienati</span> <span class='ocrx_word' id='word_1_282' title='bbox 1536 2080 1921 2137; x_wconf 89' lang='lat' dir='ltr'>remanebunt</span> <span class='ocrx_word' id='word_1_283' title='bbox 1942 2083 2103 2136; x_wconf 86' lang='lat' dir='ltr'>extra</span> <span class='ocrx_word' id='word_1_284' title='bbox 2122 2078 2206 2134; x_wconf 89' lang='lat' dir='ltr'>lu-</span> <span class='ocrx_word' id='word_1_285' title='bbox 2314 2077 2388 2149; x_wconf 76' lang='grc' dir='ltr'>(ὸ)</span> <span class='ocrx_word' id='word_1_286' title='bbox 2406 2077 2605 2134; x_wconf 87' lang='lat' dir='ltr'>Cesset</span> <span class='ocrx_word' id='word_1_287' title='bbox 2624 2078 2819 2149; x_wconf 89' lang='lat' dir='ltr'>itaque</span> <span class='ocrx_word' id='word_1_288' title='bbox 2842 2078 2950 2134; x_wconf 90' lang='lat' dir='ltr'>iste</span> <span class='ocrx_word' id='word_1_289' title='bbox 2969 2094 3069 2134; x_wconf 91' lang='lat' dir='ltr'>eos</span> <span class='ocrx_word' id='word_1_290' title='bbox 3095 2078 3193 2150; x_wconf 90' lang='lat' dir='ltr'>qui</span> <span class='ocrx_word' id='word_1_291' title='bbox 3218 2095 3251 2134; x_wconf 89' lang='lat' dir='ltr'>a</span> <span class='ocrx_word' id='word_1_292' title='bbox 3273 2078 3388 2135; x_wconf 90' lang='lat' dir='ltr'>Deo</span> <span class='ocrx_word' id='word_1_293' title='bbox 3411 2096 3526 2134; x_wconf 90' lang='lat' dir='ltr'>non</span> <span class='ocrx_word' id='word_1_294' title='bbox 3549 2078 3991 2136; x_wconf 88' lang='lat' dir='ltr'>illuminabun-</span> 
     </span>
    </p>
   </div>
   <div class='ocr_carea' id='block_1_21' title="bbox 550 2166 3989 2240">
    <p class='ocr_par' dir='ltr' id='par_1_21' title="bbox 550 2166 3989 2240">
     <span class='ocr_line' id='line_1_21' title="bbox 550 2166 3989 2240; baseline -0 -13"><span class='ocrx_word' id='word_1_295' title='bbox 550 2188 684 2227; x_wconf 89' lang='lat' dir='ltr'>men</span> <span class='ocrx_word' id='word_1_296' title='bbox 712 2171 843 2240; x_wconf 89' lang='lat' dir='ltr'>Dei;</span> <span class='ocrx_word' id='word_1_297' title='bbox 866 2175 923 2226; x_wconf 92' lang='lat' dir='ltr'>et</span> <span class='ocrx_word' id='word_1_298' title='bbox 945 2171 1053 2226; x_wconf 91' lang='lat' dir='ltr'>hoc</span> <span class='ocrx_word' id='word_1_299' title='bbox 1077 2187 1090 2226; x_wconf 91' lang='lat'>:</span> <span class='ocrx_word' id='word_1_300' title='bbox 1117 2172 1235 2227; x_wconf 87' lang='lat' dir='ltr'>Erit</span> <span class='ocrx_word' id='word_1_301' title='bbox 1252 2171 1331 2227; x_wconf 84' lang='lat' dir='ltr'>eis</span> <span class='ocrx_word' id='word_1_302' title='bbox 1352 2172 1499 2227; x_wconf 81' lang='lat' dir='ltr'>mitti</span> <span class='ocrx_word' id='word_1_303' title='bbox 1518 2172 1578 2226; x_wconf 85' lang='lat' dir='ltr'>in</span> <span class='ocrx_word' id='word_1_304' title='bbox 1609 2171 1859 2226; x_wconf 79' lang='lat' dir='ltr'>tenebras</span> <span class='ocrx_word' id='word_1_305' title='bbox 1887 2170 2203 2235; x_wconf 71' lang='lat' dir='ltr'>exteriores,</span> <span class='ocrx_word' id='word_1_306' title='bbox 2313 2172 2433 2235; x_wconf 89' lang='lat' dir='ltr'>tur,</span> <span class='ocrx_word' id='word_1_307' title='bbox 2458 2171 2516 2223; x_wconf 88' lang='lat' dir='ltr'>et</span> <span class='ocrx_word' id='word_1_308' title='bbox 2545 2166 2779 2223; x_wconf 87' lang='lat' dir='ltr'>alienati</span> <span class='ocrx_word' id='word_1_309' title='bbox 2802 2185 2837 2222; x_wconf 90' lang='lat' dir='ltr'>a</span> <span class='ocrx_word' id='word_1_310' title='bbox 2859 2167 2978 2222; x_wconf 90' lang='lat' dir='ltr'>vita</span> <span class='ocrx_word' id='word_1_311' title='bbox 3000 2167 3125 2236; x_wconf 92' lang='lat' dir='ltr'>Dei,</span> <span class='ocrx_word' id='word_1_312' title='bbox 3148 2166 3313 2224; x_wconf 88' lang='lat' dir='ltr'>nulla</span> <span class='ocrx_word' id='word_1_313' title='bbox 3334 2168 3597 2225; x_wconf 92' lang='lat' dir='ltr'>veritatis</span> <span class='ocrx_word' id='word_1_314' title='bbox 3628 2173 3685 2225; x_wconf 90' lang='lat' dir='ltr'>et</span> <span class='ocrx_word' id='word_1_315' title='bbox 3714 2169 3989 2226; x_wconf 89' lang='lat' dir='ltr'>beatitu-</span> 
     </span>
    </p>
   </div>
   <div class='ocr_carea' id='block_1_22' title="bbox 552 2255 3990 2331">
    <p class='ocr_par' dir='ltr' id='par_1_22' title="bbox 552 2255 3990 2331">
     <span class='ocr_line' id='line_1_22' title="bbox 552 2255 3990 2331; baseline 0.001 -17"><span class='ocrx_word' id='word_1_316' title='bbox 552 2262 608 2314; x_wconf 91' lang='lat' dir='ltr'>et</span> <span class='ocrx_word' id='word_1_317' title='bbox 638 2258 697 2314; x_wconf 93' lang='lat' dir='ltr'>in</span> <span class='ocrx_word' id='word_1_318' title='bbox 730 2257 891 2313; x_wconf 89' lang='lat' dir='ltr'>illam</span> <span class='ocrx_word' id='word_1_319' title='bbox 915 2263 1147 2314; x_wconf 84' lang='lat' dir='ltr'>noctem</span> <span class='ocrx_word' id='word_1_320' title='bbox 1171 2258 1525 2314; x_wconf 90' lang='lat' dir='ltr'>horrendam</span> <span class='ocrx_word' id='word_1_321' title='bbox 1547 2259 1619 2314; x_wconf 91' lang='lat' dir='ltr'>de</span> <span class='ocrx_word' id='word_1_322' title='bbox 1642 2276 1761 2331; x_wconf 88' lang='lat' dir='ltr'>qua</span> <span class='ocrx_word' id='word_1_323' title='bbox 1779 2258 2063 2314; x_wconf 89' lang='lat' dir='ltr'>Dominus</span> <span class='ocrx_word' id='word_1_324' title='bbox 2085 2256 2202 2313; x_wconf 87' lang='lat' dir='ltr'>ait:</span> <span class='ocrx_word' id='word_1_325' title='bbox 2316 2256 2472 2312; x_wconf 91' lang='lat' dir='ltr'>dinis</span> <span class='ocrx_word' id='word_1_326' title='bbox 2501 2255 2809 2312; x_wconf 88' lang='lat' dir='ltr'>dulcedine</span> <span class='ocrx_word' id='word_1_327' title='bbox 2839 2255 3318 2326; x_wconf 88' lang='lat' dir='ltr'>consolabuntur,</span> <span class='ocrx_word' id='word_1_328' title='bbox 3342 2257 3534 2314; x_wconf 90' lang='lat' dir='ltr'>dicere</span> <span class='ocrx_word' id='word_1_329' title='bbox 3560 2275 3672 2314; x_wconf 91' lang='lat' dir='ltr'>non</span> <span class='ocrx_word' id='word_1_330' title='bbox 3707 2276 3843 2316; x_wconf 90' lang='lat' dir='ltr'>esse</span> <span class='ocrx_word' id='word_1_331' title='bbox 3875 2260 3990 2316; x_wconf 88' lang='lat' dir='ltr'>mi-</span> 
     </span>
    </p>
   </div>
   <div class='ocr_carea' id='block_1_23' title="bbox 553 2344 3987 2421">
    <p class='ocr_par' dir='ltr' id='par_1_23' title="bbox 553 2344 3987 2421">
     <span class='ocr_line' id='line_1_23' title="bbox 553 2344 3987 2421; baseline 0 -17"><span class='ocrx_word' id='word_1_332' title='bbox 553 2349 704 2404; x_wconf 84' lang='lat' dir='ltr'>Venit</span> <span class='ocrx_word' id='word_1_333' title='bbox 748 2365 859 2403; x_wconf 64' lang='grc' dir='ltr'>ηοω</span> <span class='ocrx_word' id='word_1_334' title='bbox 887 2348 1101 2421; x_wconf 82' lang='lat' dir='ltr'>quando</span> <span class='ocrx_word' id='word_1_335' title='bbox 1149 2364 1306 2403; x_wconf 85' lang='lat' dir='ltr'>nemo</span> <span class='ocrx_word' id='word_1_336' title='bbox 1349 2356 1525 2420; x_wconf 83' lang='lat' dir='ltr'>potest</span> <span class='ocrx_word' id='word_1_337' title='bbox 1566 2349 1786 2420; x_wconf 81' lang='lat' dir='ltr'>operari</span> <span class='ocrx_word' id='word_1_338' title='bbox 1815 2350 1990 2416; x_wconf 81' lang='lat' dir='ltr'>(Joan.</span> <span class='ocrx_word' id='word_1_339' title='bbox 2025 2361 2103 2417; x_wconf 84' lang='lat' dir='ltr'>Ix,</span> <span class='ocrx_word' id='word_1_340' title='bbox 2129 2346 2204 2418; x_wconf 83' lang='grc'>4).</span> <span class='ocrx_word' id='word_1_341' title='bbox 2317 2362 2476 2402; x_wconf 88' lang='lat' dir='ltr'>seros</span> <span class='ocrx_word' id='word_1_342' title='bbox 2508 2361 2613 2401; x_wconf 91' lang='lat' dir='ltr'>nec</span> <span class='ocrx_word' id='word_1_343' title='bbox 2643 2346 2973 2401; x_wconf 88' lang='lat' dir='ltr'>damnatos.</span> <span class='ocrx_word' id='word_1_344' title='bbox 2998 2344 3147 2412; x_wconf 78' lang='lat' dir='ltr'>Quia.</span> <span class='ocrx_word' id='word_1_345' title='bbox 3193 2345 3314 2401; x_wconf 68' lang='lat' dir='ltr'>haec</span> <span class='ocrx_word' id='word_1_346' title='bbox 3345 2350 3435 2402; x_wconf 90' lang='lat' dir='ltr'>est</span> <span class='ocrx_word' id='word_1_347' title='bbox 3462 2363 3600 2403; x_wconf 89' lang='lat' dir='ltr'>vera</span> <span class='ocrx_word' id='word_1_348' title='bbox 3646 2350 3702 2402; x_wconf 91' lang='lat' dir='ltr'>et</span> <span class='ocrx_word' id='word_1_349' title='bbox 3753 2351 3987 2405; x_wconf 68' lang='lat' dir='ltr'>aeterna</span> 
     </span>
    </p>
   </div>
   <div class='ocr_carea' id='block_1_24' title="bbox 550 2434 3987 2509">
    <p class='ocr_par' dir='ltr' id='par_1_24' title="bbox 550 2434 3987 2509">
     <span class='ocr_line' id='line_1_24' title="bbox 550 2434 3987 2509; baseline 0 -16"><span class='ocrx_word' id='word_1_350' title='bbox 550 2438 620 2493; x_wconf 85' lang='lat' dir='ltr'>Et</span> <span class='ocrx_word' id='word_1_351' title='bbox 651 2436 763 2492; x_wconf 89' lang='lat' dir='ltr'>alio</span> <span class='ocrx_word' id='word_1_352' title='bbox 795 2436 920 2493; x_wconf 93' lang='lat' dir='ltr'>loco</span> <span class='ocrx_word' id='word_1_353' title='bbox 948 2437 1407 2493; x_wconf 89' lang='lat' dir='ltr'>misericorditer</span> <span class='ocrx_word' id='word_1_354' title='bbox 1431 2437 1725 2505; x_wconf 91' lang='lat' dir='ltr'>admonet,</span> <span class='ocrx_word' id='word_1_355' title='bbox 1747 2436 1949 2492; x_wconf 88' lang='lat' dir='ltr'>dicens</span> <span class='ocrx_word' id='word_1_356' title='bbox 1973 2453 1986 2491; x_wconf 91' lang='lat'>:</span> <span class='ocrx_word' id='word_1_357' title='bbox 2012 2437 2209 2491; x_wconf 84' lang='lat' dir='ltr'>Ambu-</span> <span class='ocrx_word' id='word_1_358' title='bbox 2318 2434 2557 2491; x_wconf 90' lang='lat' dir='ltr'>miseria</span> <span class='ocrx_word' id='word_1_359' title='bbox 2588 2434 2828 2491; x_wconf 86' lang='lat' dir='ltr'>alienari</span> <span class='ocrx_word' id='word_1_360' title='bbox 2859 2452 2893 2490; x_wconf 89' lang='lat' dir='ltr'>a</span> <span class='ocrx_word' id='word_1_361' title='bbox 2923 2434 3093 2490; x_wconf 89' lang='lat' dir='ltr'>beata</span> <span class='ocrx_word' id='word_1_362' title='bbox 3119 2434 3256 2491; x_wconf 93' lang='lat' dir='ltr'>vita.</span> <span class='ocrx_word' id='word_1_363' title='bbox 3284 2435 3351 2491; x_wconf 90' lang='lat' dir='ltr'>Et</span> <span class='ocrx_word' id='word_1_364' title='bbox 3375 2434 3535 2491; x_wconf 90' lang='lat' dir='ltr'>nulla</span> <span class='ocrx_word' id='word_1_365' title='bbox 3561 2437 3751 2509; x_wconf 87' lang='lat' dir='ltr'>major</span> <span class='ocrx_word' id='word_1_366' title='bbox 3780 2442 3987 2509; x_wconf 89' lang='lat' dir='ltr'>potest</span> 
     </span>
    </p>
   </div>
   <div class='ocr_carea' id='block_1_25' title="bbox 555 2522 3985 2601">
    <p class='ocr_par' dir='ltr' id='par_1_25' title="bbox 555 2522 3985 2601">
     <span class='ocr_line' id='line_1_25' title="bbox 555 2522 3985 2601; baseline 0 -19"><span class='ocrx_word' id='word_1_367' title='bbox 555 2528 664 2582; x_wconf 89' lang='lat' dir='ltr'>late</span> <span class='ocrx_word' id='word_1_368' title='bbox 687 2526 815 2581; x_wconf 84' lang='lat' dir='ltr'>dum</span> <span class='ocrx_word' id='word_1_369' title='bbox 842 2528 1018 2581; x_wconf 74' lang='lat' dir='ltr'>lucem</span> <span class='ocrx_word' id='word_1_370' title='bbox 1038 2527 1267 2594; x_wconf 76' lang='lat' dir='ltr'>habetis,</span> <span class='ocrx_word' id='word_1_371' title='bbox 1286 2544 1355 2582; x_wconf 91' lang='lat' dir='ltr'>ne</span> <span class='ocrx_word' id='word_1_372' title='bbox 1379 2527 1616 2583; x_wconf 72' lang='lat' dir='ltr'>tenebrae</span> <span class='ocrx_word' id='word_1_373' title='bbox 1644 2543 1734 2582; x_wconf 80' lang='lat' dir='ltr'>vos</span> <span class='ocrx_word' id='word_1_374' title='bbox 1761 2524 2214 2598; x_wconf 77' lang='lat' dir='ltr'>comprehendant</span> <span class='ocrx_word' id='word_1_375' title='bbox 2319 2540 2447 2581; x_wconf 88' lang='lat' dir='ltr'>esse</span> <span class='ocrx_word' id='word_1_376' title='bbox 2478 2522 2797 2592; x_wconf 88' lang='lat' dir='ltr'>damnatio,</span> <span class='ocrx_word' id='word_1_377' title='bbox 2830 2540 3007 2597; x_wconf 86' lang='lat' dir='ltr'>quam</span> <span class='ocrx_word' id='word_1_378' title='bbox 3056 2524 3293 2597; x_wconf 87' lang='lat' dir='ltr'>penitus</span> <span class='ocrx_word' id='word_1_379' title='bbox 3321 2523 3549 2581; x_wconf 83' lang='lat' dir='ltr'>excludi</span> <span class='ocrx_word' id='word_1_380' title='bbox 3597 2529 3656 2581; x_wconf 93' lang='lat' dir='ltr'>et</span> <span class='ocrx_word' id='word_1_381' title='bbox 3704 2527 3915 2601; x_wconf 89' lang='lat' dir='ltr'>repelli</span> <span class='ocrx_word' id='word_1_382' title='bbox 3951 2544 3985 2583; x_wconf 89' lang='lat' dir='ltr'>a</span> 
     </span>
    </p>
   </div>
   <div class='ocr_carea' id='block_1_26' title="bbox 556 2611 3984 2688">
    <p class='ocr_par' dir='ltr' id='par_1_26' title="bbox 556 2611 3984 2688">
     <span class='ocr_line' id='line_1_26' title="bbox 556 2611 3984 2688; baseline -0.001 -15"><span class='ocrx_word' id='word_1_383' title='bbox 556 2617 741 2687; x_wconf 87' lang='lat' dir='ltr'>(Joan.</span> <span class='ocrx_word' id='word_1_384' title='bbox 764 2632 864 2683; x_wconf 85' lang='lat' dir='ltr'>xu,</span> <span class='ocrx_word' id='word_1_385' title='bbox 888 2616 1085 2688; x_wconf 90' lang='lat' dir='ltr'>35).Et</span> <span class='ocrx_word' id='word_1_386' title='bbox 1112 2614 1242 2672; x_wconf 90' lang='lat' dir='ltr'>ideo</span> <span class='ocrx_word' id='word_1_387' title='bbox 1274 2615 1376 2686; x_wconf 92' lang='lat' dir='ltr'>qui</span> <span class='ocrx_word' id='word_1_388' title='bbox 1406 2615 1467 2669; x_wconf 91' lang='lat' dir='ltr'>in</span> <span class='ocrx_word' id='word_1_389' title='bbox 1497 2614 1716 2672; x_wconf 88' lang='lat' dir='ltr'>talibus</span> <span class='ocrx_word' id='word_1_390' title='bbox 1746 2615 2002 2672; x_wconf 87' lang='lat' dir='ltr'>tenebris</span> <span class='ocrx_word' id='word_1_391' title='bbox 2035 2618 2211 2688; x_wconf 88' lang='lat' dir='ltr'>atque</span> <span class='ocrx_word' id='word_1_392' title='bbox 2319 2614 2457 2681; x_wconf 90' lang='lat' dir='ltr'>Deo,</span> <span class='ocrx_word' id='word_1_393' title='bbox 2482 2618 2539 2669; x_wconf 90' lang='lat' dir='ltr'>et</span> <span class='ocrx_word' id='word_1_394' title='bbox 2561 2612 2783 2669; x_wconf 89' lang='lat' dir='ltr'>nullam</span> <span class='ocrx_word' id='word_1_395' title='bbox 2810 2630 2995 2686; x_wconf 90' lang='lat' dir='ltr'>spem,</span> <span class='ocrx_word' id='word_1_396' title='bbox 3020 2611 3250 2669; x_wconf 90' lang='lat' dir='ltr'>nullum</span> <span class='ocrx_word' id='word_1_397' title='bbox 3272 2629 3577 2673; x_wconf 83' lang='lat' dir='ltr'>recursum</span> <span class='ocrx_word' id='word_1_398' title='bbox 3600 2615 3728 2686; x_wconf 90' lang='lat' dir='ltr'>jam</span> <span class='ocrx_word' id='word_1_399' title='bbox 3756 2614 3984 2672; x_wconf 82' lang='lat' dir='ltr'>habere</span> 
     </span>
    </p>
   </div>
   <div class='ocr_carea' id='block_1_27' title="bbox 555 2701 3983 2778">
    <p class='ocr_par' dir='ltr' id='par_1_27' title="bbox 555 2701 3983 2778">
     <span class='ocr_line' id='line_1_27' title="bbox 555 2701 3983 2778; baseline 0 -18"><span class='ocrx_word' id='word_1_400' title='bbox 555 2704 617 2760; x_wconf 93' lang='lat' dir='ltr'>in</span> <span class='ocrx_word' id='word_1_401' title='bbox 647 2704 749 2760; x_wconf 89' lang='lat' dir='ltr'>tali</span> <span class='ocrx_word' id='word_1_402' title='bbox 781 2707 948 2760; x_wconf 88' lang='lat' dir='ltr'>nocte</span> <span class='ocrx_word' id='word_1_403' title='bbox 991 2708 1183 2772; x_wconf 89' lang='lat' dir='ltr'>erunt,</span> <span class='ocrx_word' id='word_1_404' title='bbox 1218 2703 1364 2760; x_wconf 90' lang='lat' dir='ltr'>nihil</span> <span class='ocrx_word' id='word_1_405' title='bbox 1401 2705 1527 2776; x_wconf 88' lang='lat' dir='ltr'>jam</span> <span class='ocrx_word' id='word_1_406' title='bbox 1575 2708 1849 2778; x_wconf 90' lang='lat' dir='ltr'>poterunt</span> <span class='ocrx_word' id='word_1_407' title='bbox 1876 2705 1972 2777; x_wconf 91' lang='lat' dir='ltr'>pie</span> <span class='ocrx_word' id='word_1_408' title='bbox 2002 2708 2060 2761; x_wconf 90' lang='lat' dir='ltr'>et</span> <span class='ocrx_word' id='word_1_409' title='bbox 2090 2704 2211 2760; x_wconf 92' lang='lat' dir='ltr'>fru-</span> <span class='ocrx_word' id='word_1_410' title='bbox 2320 2719 2493 2776; x_wconf 90' lang='lat' dir='ltr'>posse</span> <span class='ocrx_word' id='word_1_411' title='bbox 2534 2702 2605 2758; x_wconf 90' lang='lat' dir='ltr'>ad</span> <span class='ocrx_word' id='word_1_412' title='bbox 2657 2701 3046 2758; x_wconf 92' lang='lat' dir='ltr'>Deum.Unde</span> <span class='ocrx_word' id='word_1_413' title='bbox 3098 2701 3426 2758; x_wconf 87' lang='lat' dir='ltr'>consideret</span> <span class='ocrx_word' id='word_1_414' title='bbox 3477 2702 3667 2760; x_wconf 81' lang='lat' dir='ltr'>fidelis</span> <span class='ocrx_word' id='word_1_415' title='bbox 3721 2702 3983 2777; x_wconf 88' lang='lat' dir='ltr'>quisque</span> 
     </span>
    </p>
   </div>
   <div class='ocr_carea' id='block_1_28' title="bbox 558 2791 3985 2867">
    <p class='ocr_par' dir='ltr' id='par_1_28' title="bbox 558 2791 3985 2867">
     <span class='ocr_line' id='line_1_28' title="bbox 558 2791 3985 2867; baseline 0 -17"><span class='ocrx_word' id='word_1_416' title='bbox 558 2798 760 2851; x_wconf 89' lang='lat' dir='ltr'>ctuose</span> <span class='ocrx_word' id='word_1_417' title='bbox 781 2792 1200 2866; x_wconf 89' lang='lat' dir='ltr'>operari,quod</span> <span class='ocrx_word' id='word_1_418' title='bbox 1223 2792 1309 2850; x_wconf 91' lang='lat' dir='ltr'>vel</span> <span class='ocrx_word' id='word_1_419' title='bbox 1344 2810 1378 2849; x_wconf 92' lang='lat' dir='ltr'>a</span> <span class='ocrx_word' id='word_1_420' title='bbox 1401 2795 1565 2866; x_wconf 90' lang='lat' dir='ltr'>justo</span> <span class='ocrx_word' id='word_1_421' title='bbox 1586 2793 1789 2866; x_wconf 88' lang='lat' dir='ltr'>judice</span> <span class='ocrx_word' id='word_1_422' title='bbox 1817 2793 2005 2867; x_wconf 90' lang='lat' dir='ltr'>possit</span> <span class='ocrx_word' id='word_1_423' title='bbox 2024 2793 2212 2851; x_wconf 88' lang='lat' dir='ltr'>susci—</span> <span class='ocrx_word' id='word_1_424' title='bbox 2323 2808 2501 2864; x_wconf 88' lang='lat' dir='ltr'>quam</span> <span class='ocrx_word' id='word_1_425' title='bbox 2520 2808 2739 2848; x_wconf 90' lang='lat' dir='ltr'>vanum</span> <span class='ocrx_word' id='word_1_426' title='bbox 2769 2794 2827 2847; x_wconf 92' lang='lat' dir='ltr'>et</span> <span class='ocrx_word' id='word_1_427' title='bbox 2854 2791 3133 2847; x_wconf 87' lang='lat' dir='ltr'>insanum</span> <span class='ocrx_word' id='word_1_428' title='bbox 3164 2792 3241 2847; x_wconf 85' lang='lat' dir='ltr'>sit</span> <span class='ocrx_word' id='word_1_429' title='bbox 3271 2792 3429 2864; x_wconf 90' lang='lat' dir='ltr'>quod</span> <span class='ocrx_word' id='word_1_430' title='bbox 3457 2791 3568 2848; x_wconf 91' lang='lat' dir='ltr'>iste</span> <span class='ocrx_word' id='word_1_431' title='bbox 3603 2792 3895 2849; x_wconf 87' lang='lat' dir='ltr'>conatur?</span> <span class='ocrx_word' id='word_1_432' title='bbox 3918 2798 3985 2850; x_wconf 89' lang='lat' dir='ltr'>ut</span> 
     </span>
    </p>
   </div>
   <div class='ocr_carea' id='block_1_29' title="bbox 558 2881 3983 2957">
    <p class='ocr_par' dir='ltr' id='par_1_29' title="bbox 558 2881 3983 2957">
     <span class='ocr_line' id='line_1_29' title="bbox 558 2881 3983 2957; baseline 0 -18"><span class='ocrx_word' id='word_1_433' title='bbox 558 2884 639 2957; x_wconf 85' lang='lat' dir='ltr'>pi,</span> <span class='ocrx_word' id='word_1_434' title='bbox 662 2883 750 2938; x_wconf 86' lang='lat' dir='ltr'>vel</span> <span class='ocrx_word' id='word_1_435' title='bbox 781 2884 936 2939; x_wconf 88' lang='lat' dir='ltr'>unde</span> <span class='ocrx_word' id='word_1_436' title='bbox 966 2881 1079 2955; x_wconf 89' lang='lat' dir='ltr'>ipsi</span> <span class='ocrx_word' id='word_1_437' title='bbox 1109 2886 1445 2939; x_wconf 88' lang='lat' dir='ltr'>mereantur</span> <span class='ocrx_word' id='word_1_438' title='bbox 1482 2884 1554 2939; x_wconf 91' lang='lat' dir='ltr'>ab</span> <span class='ocrx_word' id='word_1_439' title='bbox 1594 2882 1697 2939; x_wconf 90' lang='lat' dir='ltr'>illa</span> <span class='ocrx_word' id='word_1_440' title='bbox 1725 2887 1941 2940; x_wconf 71' lang='lat' dir='ltr'>aeterna</span> <span class='ocrx_word' id='word_1_441' title='bbox 1969 2884 2214 2940; x_wconf 84' lang='lat' dir='ltr'>damna-</span> <span class='ocrx_word' id='word_1_442' title='bbox 2323 2881 2422 2954; x_wconf 93' lang='lat' dir='ltr'>qui</span> <span class='ocrx_word' id='word_1_443' title='bbox 2453 2882 2524 2937; x_wconf 91' lang='lat' dir='ltr'>de</span> <span class='ocrx_word' id='word_1_444' title='bbox 2566 2881 2682 2938; x_wconf 91' lang='lat' dir='ltr'>Deo</span> <span class='ocrx_word' id='word_1_445' title='bbox 2731 2881 2884 2937; x_wconf 90' lang='lat' dir='ltr'>beati</span> <span class='ocrx_word' id='word_1_446' title='bbox 2935 2897 3063 2938; x_wconf 88' lang='lat' dir='ltr'>esse</span> <span class='ocrx_word' id='word_1_447' title='bbox 3110 2897 3414 2954; x_wconf 87' lang='lat' dir='ltr'>nunquam</span> <span class='ocrx_word' id='word_1_448' title='bbox 3472 2885 3765 2955; x_wconf 57' lang='lat' dir='ltr'>poterunt,</span> <span class='ocrx_word' id='word_1_449' title='bbox 3799 2899 3870 2939; x_wconf 88' lang='lat' dir='ltr'>ex</span> <span class='ocrx_word' id='word_1_450' title='bbox 3919 2899 3983 2940; x_wconf 92' lang='lat' dir='ltr'>se</span> 
     </span>
    </p>
   </div>
   <div class='ocr_carea' id='block_1_30' title="bbox 544 2970 3981 3046">
    <p class='ocr_par' dir='ltr' id='par_1_30' title="bbox 544 2970 3981 3046">
     <span class='ocr_line' id='line_1_30' title="bbox 544 2970 3981 3046; baseline -0 -17"><span class='ocrx_word' id='word_1_451' title='bbox 544 2973 719 3030; x_wconf 84' lang='lat' dir='ltr'>tione</span> <span class='ocrx_word' id='word_1_452' title='bbox 747 2972 1004 3029; x_wconf 86' lang='lat' dir='ltr'>liberari.</span> <span class='ocrx_word' id='word_1_453' title='bbox 1029 2972 1095 3027; x_wconf 91' lang='lat' dir='ltr'>Et</span> <span class='ocrx_word' id='word_1_454' title='bbox 1124 2972 1265 3044; x_wconf 90' lang='lat' dir='ltr'>quia</span> <span class='ocrx_word' id='word_1_455' title='bbox 1305 2971 1470 3028; x_wconf 89' lang='lat' dir='ltr'>nulla</span> <span class='ocrx_word' id='word_1_456' title='bbox 1506 2972 1718 3045; x_wconf 89' lang='lat' dir='ltr'>poterit</span> <span class='ocrx_word' id='word_1_457' title='bbox 1745 2988 1873 3030; x_wconf 88' lang='lat' dir='ltr'>esse</span> <span class='ocrx_word' id='word_1_458' title='bbox 1902 2972 1999 3045; x_wconf 89' lang='lat' dir='ltr'>pia</span> <span class='ocrx_word' id='word_1_459' title='bbox 2028 2972 2213 3045; x_wconf 80' lang='lat' dir='ltr'>pceni-</span> <span class='ocrx_word' id='word_1_460' title='bbox 2321 2972 2468 3046; x_wconf 89' lang='lat' dir='ltr'>ipsis</span> <span class='ocrx_word' id='word_1_461' title='bbox 2501 2973 2703 3028; x_wconf 89' lang='lat' dir='ltr'>beatos</span> <span class='ocrx_word' id='word_1_462' title='bbox 2739 2987 2869 3027; x_wconf 90' lang='lat' dir='ltr'>esse</span> <span class='ocrx_word' id='word_1_463' title='bbox 2911 2987 3083 3044; x_wconf 88' lang='lat' dir='ltr'>posse</span> <span class='ocrx_word' id='word_1_464' title='bbox 3111 2971 3425 3027; x_wconf 87' lang='lat' dir='ltr'>contendat</span> <span class='ocrx_word' id='word_1_465' title='bbox 3455 2987 3469 3026; x_wconf 89' lang='lat'><strong>:</strong></span> <span class='ocrx_word' id='word_1_466' title='bbox 3501 2970 3561 3026; x_wconf 92' lang='lat' dir='ltr'>id</span> <span class='ocrx_word' id='word_1_467' title='bbox 3592 2976 3680 3027; x_wconf 92' lang='lat' dir='ltr'>est</span> <span class='ocrx_word' id='word_1_468' title='bbox 3730 2989 3839 3028; x_wconf 91' lang='lat' dir='ltr'>nos</span> <span class='ocrx_word' id='word_1_469' title='bbox 3868 2972 3981 3029; x_wconf 63' lang='lat' dir='ltr'>alio</span> 
     </span>
    </p>
   </div>
   <div class='ocr_carea' id='block_1_31' title="bbox 558 3059 3976 3135">
    <p class='ocr_par' dir='ltr' id='par_1_31' title="bbox 558 3059 3976 3135">
     <span class='ocr_line' id='line_1_31' title="bbox 558 3059 3976 3135; baseline 0 -17"><span class='ocrx_word' id='word_1_470' title='bbox 558 3061 763 3131; x_wconf 90' lang='lat' dir='ltr'>tentia,</span> <span class='ocrx_word' id='word_1_471' title='bbox 787 3060 951 3116; x_wconf 87' lang='lat' dir='ltr'>nulla</span> <span class='ocrx_word' id='word_1_472' title='bbox 979 3061 1088 3118; x_wconf 90' lang='lat' dir='ltr'>erit</span> <span class='ocrx_word' id='word_1_473' title='bbox 1125 3060 1319 3117; x_wconf 92' lang='lat' dir='ltr'>delicti</span> <span class='ocrx_word' id='word_1_474' title='bbox 1360 3060 1754 3134; x_wconf 81' lang='lat' dir='ltr'>indulgentia;</span> <span class='ocrx_word' id='word_1_475' title='bbox 1788 3065 2216 3134; x_wconf 86' lang='lat' dir='ltr'>consequenter</span> <span class='ocrx_word' id='word_1_476' title='bbox 2324 3078 2442 3134; x_wconf 91' lang='lat' dir='ltr'>qua</span> <span class='ocrx_word' id='word_1_477' title='bbox 2471 3061 2572 3118; x_wconf 91' lang='lat' dir='ltr'>Dei</span> <span class='ocrx_word' id='word_1_478' title='bbox 2604 3061 2811 3135; x_wconf 92' lang='lat' dir='ltr'>gratia,</span> <span class='ocrx_word' id='word_1_479' title='bbox 2837 3061 2938 3117; x_wconf 91' lang='lat' dir='ltr'>sed</span> <span class='ocrx_word' id='word_1_480' title='bbox 2981 3059 3358 3133; x_wconf 90' lang='lat' dir='ltr'>quibusdam,</span> <span class='ocrx_word' id='word_1_481' title='bbox 3382 3064 3449 3117; x_wconf 90' lang='lat' dir='ltr'>ut</span> <span class='ocrx_word' id='word_1_482' title='bbox 3488 3060 3610 3134; x_wconf 90' lang='lat' dir='ltr'>ipse</span> <span class='ocrx_word' id='word_1_483' title='bbox 3650 3065 3840 3135; x_wconf 90' lang='lat' dir='ltr'>putat,</span> <span class='ocrx_word' id='word_1_484' title='bbox 3871 3063 3976 3118; x_wconf 86' lang='lat' dir='ltr'>bo-</span> 
     </span>
    </p>
   </div>
   <div class='ocr_carea' id='block_1_32' title="bbox 560 3148 3975 3223">
    <p class='ocr_par' dir='ltr' id='par_1_32' title="bbox 560 3148 3975 3223">
     <span class='ocr_line' id='line_1_32' title="bbox 560 3148 3975 3223; baseline 0 -15"><span class='ocrx_word' id='word_1_485' title='bbox 560 3169 666 3208; x_wconf 92' lang='lat' dir='ltr'>nec</span> <span class='ocrx_word' id='word_1_486' title='bbox 697 3151 854 3207; x_wconf 90' lang='lat' dir='ltr'>ullus</span> <span class='ocrx_word' id='word_1_487' title='bbox 884 3151 1020 3207; x_wconf 86' lang='lat' dir='ltr'>ﬁnis</span> <span class='ocrx_word' id='word_1_488' title='bbox 1062 3148 1357 3222; x_wconf 84' lang='lat' dir='ltr'>supplicii.</span> <span class='ocrx_word' id='word_1_489' title='bbox 1386 3150 1452 3205; x_wconf 87' lang='lat' dir='ltr'>Et</span> <span class='ocrx_word' id='word_1_490' title='bbox 1480 3167 1846 3223; x_wconf 70' lang='lat' dir='ltr'>quaecunque</span> <span class='ocrx_word' id='word_1_491' title='bbox 1874 3150 1934 3206; x_wconf 94' lang='lat' dir='ltr'>in</span> <span class='ocrx_word' id='word_1_492' title='bbox 1967 3150 2052 3207; x_wconf 89' lang='lat' dir='ltr'>eis</span> <span class='ocrx_word' id='word_1_493' title='bbox 2081 3168 2211 3208; x_wconf 90' lang='lat' dir='ltr'>esse</span> <span class='ocrx_word' id='word_1_494' title='bbox 2249 3216 2281 3223; x_wconf 75' lang='lat'>_</span> <span class='ocrx_word' id='word_1_495' title='bbox 2324 3152 2416 3209; x_wconf 90' lang='lat' dir='ltr'>nis</span> <span class='ocrx_word' id='word_1_496' title='bbox 2447 3155 2689 3208; x_wconf 73' lang='lat' dir='ltr'>naturae.</span> <span class='ocrx_word' id='word_1_497' title='bbox 2723 3151 2857 3215; x_wconf 66' lang='lat' dir='ltr'>Quae</span> <span class='ocrx_word' id='word_1_498' title='bbox 2890 3149 3120 3206; x_wconf 88' lang='lat' dir='ltr'>etiamsi</span> <span class='ocrx_word' id='word_1_499' title='bbox 3160 3150 3529 3223; x_wconf 90' lang='lat' dir='ltr'>omnipotens</span> <span class='ocrx_word' id='word_1_500' title='bbox 3560 3151 3713 3207; x_wconf 89' lang='lat' dir='ltr'>Deus</span> <span class='ocrx_word' id='word_1_501' title='bbox 3750 3151 3811 3208; x_wconf 89' lang='lat' dir='ltr'>in</span> <span class='ocrx_word' id='word_1_502' title='bbox 3855 3151 3975 3209; x_wconf 88' lang='lat' dir='ltr'>illis</span> 
     </span>
    </p>
   </div>
   <div class='ocr_carea' id='block_1_33' title="bbox 556 3216 3974 3315">
    <p class='ocr_par' dir='ltr' id='par_1_33' title="bbox 556 3216 3974 3315">
     <span class='ocr_line' id='line_1_33' title="bbox 556 3216 3974 3315; baseline 0.001 -18"><span class='ocrx_word' id='word_1_503' title='bbox 556 3242 771 3315; x_wconf 90' lang='lat' dir='ltr'>poterit</span> <span class='ocrx_word' id='word_1_504' title='bbox 810 3216 1425 3298; x_wconf 49' lang='lat' dir='ltr'>recordatio-veritatis</span> <span class='ocrx_word' id='word_1_505' title='bbox 1456 3216 1577 3295; x_wconf 72' lang='lat' dir='ltr'>sive</span> <span class='ocrx_word' id='word_1_506' title='bbox 1617 3216 2014 3307; x_wconf 82' lang='lat' dir='ltr'>beatitudinis,</span> <span class='ocrx_word' id='word_1_507' title='bbox 2044 3243 2211 3296; x_wconf 89' lang='lat' dir='ltr'>tanta</span> <span class='ocrx_word' id='word_1_508' title='bbox 2239 3216 2283 3283; x_wconf 79' lang='lat' dir='ltr'>C</span> <span class='ocrx_word' id='word_1_509' title='bbox 2321 3240 2760 3314; x_wconf 89' lang='lat' dir='ltr'>relinquat,erit</span> <span class='ocrx_word' id='word_1_510' title='bbox 2780 3240 2832 3296; x_wconf 90' lang='lat' dir='ltr'>ei</span> <span class='ocrx_word' id='word_1_511' title='bbox 2862 3240 2936 3295; x_wconf 91' lang='lat' dir='ltr'>ad</span> <span class='ocrx_word' id='word_1_512' title='bbox 2966 3216 3370 3296; x_wconf 79' lang='lat' dir='ltr'>testimonium</span> <span class='ocrx_word' id='word_1_513' title='bbox 3400 3257 3519 3296; x_wconf 71' lang='lat' dir='ltr'>suae</span> <span class='ocrx_word' id='word_1_514' title='bbox 3539 3240 3842 3311; x_wconf 88' lang='lat' dir='ltr'>bonitatis,</span> <span class='ocrx_word' id='word_1_515' title='bbox 3862 3243 3974 3299; x_wconf 91' lang='lat' dir='ltr'>erit</span> 
     </span>
    </p>
   </div>
   <div class='ocr_carea' id='block_1_34' title="bbox 556 3328 3969 3404">
    <p class='ocr_par' dir='ltr' id='par_1_34' title="bbox 556 3328 3969 3404">
     <span class='ocr_line' id='line_1_34' title="bbox 556 3328 3969 3404; baseline 0 -17"><span class='ocrx_word' id='word_1_516' title='bbox 556 3332 666 3388; x_wconf 90' lang='lat' dir='ltr'>erit</span> <span class='ocrx_word' id='word_1_517' title='bbox 687 3335 907 3403; x_wconf 89' lang='lat' dir='ltr'>quanta</span> <span class='ocrx_word' id='word_1_518' title='bbox 926 3330 1187 3385; x_wconf 89' lang='lat' dir='ltr'>humano</span> <span class='ocrx_word' id='word_1_519' title='bbox 1210 3345 1385 3385; x_wconf 90' lang='lat' dir='ltr'>sensu</span> <span class='ocrx_word' id='word_1_520' title='bbox 1406 3328 1496 3385; x_wconf 90' lang='lat' dir='ltr'>vel</span> <span class='ocrx_word' id='word_1_521' title='bbox 1527 3329 1783 3386; x_wconf 90' lang='lat' dir='ltr'>tenuiter</span> <span class='ocrx_word' id='word_1_522' title='bbox 1810 3333 2004 3402; x_wconf 88' lang='lat' dir='ltr'>potest</span> <span class='ocrx_word' id='word_1_523' title='bbox 2031 3329 2206 3386; x_wconf 89' lang='lat' dir='ltr'>attin-</span> <span class='ocrx_word' id='word_1_524' title='bbox 2317 3330 2366 3387; x_wconf 92' lang='lat' dir='ltr'>ei</span> <span class='ocrx_word' id='word_1_525' title='bbox 2399 3330 2514 3386; x_wconf 89' lang='lat' dir='ltr'>illis</span> <span class='ocrx_word' id='word_1_526' title='bbox 2545 3330 2617 3386; x_wconf 91' lang='lat' dir='ltr'>ad</span> <span class='ocrx_word' id='word_1_527' title='bbox 2646 3328 3050 3386; x_wconf 88' lang='lat' dir='ltr'>testimonium</span> <span class='ocrx_word' id='word_1_528' title='bbox 3073 3329 3249 3400; x_wconf 66' lang='lat' dir='ltr'>justas</span> <span class='ocrx_word' id='word_1_529' title='bbox 3280 3329 3677 3387; x_wconf 88' lang='lat' dir='ltr'>damnationis</span> <span class='ocrx_word' id='word_1_530' title='bbox 3706 3347 3719 3385; x_wconf 90' lang='lat'><strong>:</strong></span> <span class='ocrx_word' id='word_1_531' title='bbox 3748 3336 3814 3387; x_wconf 90' lang='lat' dir='ltr'>ut</span> <span class='ocrx_word' id='word_1_532' title='bbox 3854 3330 3969 3404; x_wconf 90' lang='lat' dir='ltr'>ipsi</span> 
     </span>
    </p>
   </div>
   <div class='ocr_carea' id='block_1_35' title="bbox 555 3417 3969 3494">
    <p class='ocr_par' dir='ltr' id='par_1_35' title="bbox 555 3417 3969 3494">
     <span class='ocr_line' id='line_1_35' title="bbox 555 3417 3969 3494; baseline 0.001 -18"><span class='ocrx_word' id='word_1_533' title='bbox 555 3420 634 3494; x_wconf 88' lang='lat' dir='ltr'>gi,</span> <span class='ocrx_word' id='word_1_534' title='bbox 658 3438 774 3477; x_wconf 86' lang='lat' dir='ltr'>non</span> <span class='ocrx_word' id='word_1_535' title='bbox 806 3418 1001 3493; x_wconf 89' lang='lat' dir='ltr'>qualis</span> <span class='ocrx_word' id='word_1_536' title='bbox 1023 3434 1126 3492; x_wconf 89' lang='lat' dir='ltr'>per</span> <span class='ocrx_word' id='word_1_537' title='bbox 1147 3418 1247 3475; x_wconf 91' lang='lat' dir='ltr'>Dei</span> <span class='ocrx_word' id='word_1_538' title='bbox 1273 3418 1522 3492; x_wconf 87' lang='lat' dir='ltr'>gratiam</span> <span class='ocrx_word' id='word_1_539' title='bbox 1545 3417 1693 3475; x_wconf 91' lang='lat' dir='ltr'>solet</span> <span class='ocrx_word' id='word_1_540' title='bbox 1722 3418 2018 3492; x_wconf 88' lang='lat' dir='ltr'>inspirari.</span> <span class='ocrx_word' id='word_1_541' title='bbox 2043 3421 2208 3475; x_wconf 91' lang='lat' dir='ltr'>Tunc</span> <span class='ocrx_word' id='word_1_542' title='bbox 2315 3420 2490 3477; x_wconf 90' lang='lat' dir='ltr'>etiam</span> <span class='ocrx_word' id='word_1_543' title='bbox 2543 3420 2772 3493; x_wconf 89' lang='lat' dir='ltr'>possint</span> <span class='ocrx_word' id='word_1_544' title='bbox 2825 3434 3173 3491; x_wconf 86' lang='lat' dir='ltr'>cognoscere</span> <span class='ocrx_word' id='word_1_545' title='bbox 3208 3417 3509 3475; x_wconf 90' lang='lat' dir='ltr'>veritatem</span> <span class='ocrx_word' id='word_1_546' title='bbox 3558 3420 3706 3492; x_wconf 88' lang='lat' dir='ltr'>justi</span> <span class='ocrx_word' id='word_1_547' title='bbox 3758 3421 3969 3493; x_wconf 90' lang='lat' dir='ltr'>judicii</span> 
     </span>
    </p>
   </div>
   <div class='ocr_carea' id='block_1_36' title="bbox 553 3506 3962 3588">
    <p class='ocr_par' dir='ltr' id='par_1_36' title="bbox 553 3506 3962 3588">
     <span class='ocr_line' id='line_1_36' title="bbox 553 3506 3962 3588; baseline 0.001 -22"><span class='ocrx_word' id='word_1_548' title='bbox 553 3510 710 3566; x_wconf 91' lang='lat' dir='ltr'>enim</span> <span class='ocrx_word' id='word_1_549' title='bbox 742 3509 1085 3583; x_wconf 91' lang='lat' dir='ltr'>implebitur</span> <span class='ocrx_word' id='word_1_550' title='bbox 1105 3509 1263 3580; x_wconf 87' lang='lat' dir='ltr'>quod</span> <span class='ocrx_word' id='word_1_551' title='bbox 1298 3506 1630 3565; x_wconf 88' lang='lat' dir='ltr'>terribiliter</span> <span class='ocrx_word' id='word_1_552' title='bbox 1662 3509 1982 3581; x_wconf 89' lang='lat' dir='ltr'>unicuique</span> <span class='ocrx_word' id='word_1_553' title='bbox 2013 3509 2208 3583; x_wconf 90' lang='lat' dir='ltr'>Scrip-</span> <span class='ocrx_word' id='word_1_554' title='bbox 2316 3510 2375 3565; x_wconf 91' lang='lat' dir='ltr'>in</span> <span class='ocrx_word' id='word_1_555' title='bbox 2410 3527 2472 3567; x_wconf 92' lang='lat' dir='ltr'>se</span> <span class='ocrx_word' id='word_1_556' title='bbox 2500 3508 2810 3582; x_wconf 87' lang='lat' dir='ltr'>expletam,</span> <span class='ocrx_word' id='word_1_557' title='bbox 2834 3512 3013 3581; x_wconf 89' lang='lat' dir='ltr'>atque</span> <span class='ocrx_word' id='word_1_558' title='bbox 3061 3508 3145 3565; x_wconf 87' lang='lat' dir='ltr'>ita</span> <span class='ocrx_word' id='word_1_559' title='bbox 3188 3524 3294 3565; x_wconf 88' lang='lat' dir='ltr'>suo</span> <span class='ocrx_word' id='word_1_560' title='bbox 3341 3508 3517 3565; x_wconf 91' lang='lat' dir='ltr'>etiam</span> <span class='ocrx_word' id='word_1_561' title='bbox 3558 3509 3781 3582; x_wconf 92' lang='lat' dir='ltr'>judicio</span> <span class='ocrx_word' id='word_1_562' title='bbox 3825 3528 3962 3588; x_wconf 46' lang='lat' dir='ltr'>cons</span> 
     </span>
    </p>
   </div>
   <div class='ocr_carea' id='block_1_37' title="bbox 555 3598 2687 3663">
    <p class='ocr_par' dir='ltr' id='par_1_37' title="bbox 555 3598 2687 3663">
     <span class='ocr_line' id='line_1_37' title="bbox 555 3598 2687 3663; baseline -0.001 -7"><span class='ocrx_word' id='word_1_563' title='bbox 555 3604 690 3656; x_wconf 89' lang='lat' dir='ltr'>tura</span> <span class='ocrx_word' id='word_1_564' title='bbox 720 3599 891 3663; x_wconf 87' lang='lat' dir='ltr'>dicit;</span> <span class='ocrx_word' id='word_1_565' title='bbox 927 3603 984 3654; x_wconf 90' lang='lat' dir='ltr'>et</span> <span class='ocrx_word' id='word_1_566' title='bbox 1024 3598 1436 3654; x_wconf 89' lang='lat' dir='ltr'>tantummodo</span> <span class='ocrx_word' id='word_1_567' title='bbox 1463 3606 1582 3653; x_wconf 78' lang='lat' dir='ltr'>sola.</span> <span class='ocrx_word' id='word_1_568' title='bbox 1612 3599 1829 3654; x_wconf 71' lang='lat' dir='ltr'>vexatio</span> <span class='ocrx_word' id='word_1_569' title='bbox 1875 3600 2210 3655; x_wconf 86' lang='lat' dir='ltr'>intellectum</span> <span class='ocrx_word' id='word_1_570' title='bbox 2317 3601 2687 3656; x_wconf 89' lang='lat' dir='ltr'>demnentur.</span> 
     </span>
    </p>
   </div>
   <div class='ocr_carea' id='block_1_38' title="bbox 554 3686 3961 3762">
    <p class='ocr_par' dir='ltr' id='par_1_38' title="bbox 554 3686 3961 3762">
     <span class='ocr_line' id='line_1_38' title="bbox 554 3686 3961 3762; baseline 0.001 -17"><span class='ocrx_word' id='word_1_571' title='bbox 554 3689 708 3745; x_wconf 80' lang='lat' dir='ltr'>dabit</span> <span class='ocrx_word' id='word_1_572' title='bbox 736 3688 955 3743; x_wconf 82' lang='lat' dir='ltr'>auditui</span> <span class='ocrx_word' id='word_1_573' title='bbox 986 3688 1111 3757; x_wconf 88' lang='lat' dir='ltr'>(Isa,</span> <span class='ocrx_word' id='word_1_574' title='bbox 1142 3702 1339 3754; x_wconf 86' lang='lat' dir='ltr'>xxvm,</span> <span class='ocrx_word' id='word_1_575' title='bbox 1371 3686 1487 3757; x_wconf 83' lang='lat'>19);</span> <span class='ocrx_word' id='word_1_576' title='bbox 1539 3689 1596 3741; x_wconf 90' lang='lat' dir='ltr'>et</span> <span class='ocrx_word' id='word_1_577' title='bbox 1648 3687 1859 3743; x_wconf 91' lang='lat' dir='ltr'>iterum</span> <span class='ocrx_word' id='word_1_578' title='bbox 1893 3704 1906 3743; x_wconf 88' lang='lat'><strong>:</strong></span> <span class='ocrx_word' id='word_1_579' title='bbox 1944 3688 2083 3756; x_wconf 83' lang='lat' dir='ltr'>Quia</span> <span class='ocrx_word' id='word_1_580' title='bbox 2112 3706 2211 3745; x_wconf 86' lang='lat' dir='ltr'>nec</span> <span class='ocrx_word' id='word_1_581' title='bbox 2389 3689 2627 3762; x_wconf 89' lang='lat' dir='ltr'>(c)Hanc</span> <span class='ocrx_word' id='word_1_582' title='bbox 2641 3687 3367 3745; x_wconf 72' lang='lat' dir='ltr'>horribiliterineﬁ‘abilem</span> <span class='ocrx_word' id='word_1_583' title='bbox 3382 3689 3821 3746; x_wconf 80' lang='lat' dir='ltr'>etineffabiliter</span> <span class='ocrx_word' id='word_1_584' title='bbox 3836 3689 3961 3747; x_wconf 87' lang='lat' dir='ltr'>hor-</span> 
     </span>
    </p>
   </div>
   <div class='ocr_carea' id='block_1_39' title="bbox 556 3776 3957 3851">
    <p class='ocr_par' dir='ltr' id='par_1_39' title="bbox 556 3776 3957 3851">
     <span class='ocr_line' id='line_1_39' title="bbox 556 3776 3957 3851; baseline 0.001 -18"><span class='ocrx_word' id='word_1_585' title='bbox 556 3793 709 3850; x_wconf 71' lang='lat' dir='ltr'>opus,</span> <span class='ocrx_word' id='word_1_586' title='bbox 732 3793 831 3833; x_wconf 86' lang='lat' dir='ltr'>nec</span> <span class='ocrx_word' id='word_1_587' title='bbox 857 3778 1021 3844; x_wconf 83' lang='lat' dir='ltr'>ratio,</span> <span class='ocrx_word' id='word_1_588' title='bbox 1045 3791 1143 3830; x_wconf 86' lang='lat' dir='ltr'>nec</span> <span class='ocrx_word' id='word_1_589' title='bbox 1171 3776 1461 3846; x_wconf 79' lang='lat' dir='ltr'>sapientia,</span> <span class='ocrx_word' id='word_1_590' title='bbox 1492 3791 1591 3831; x_wconf 86' lang='lat' dir='ltr'>nec</span> <span class='ocrx_word' id='word_1_591' title='bbox 1627 3778 1857 3832; x_wconf 85' lang='lat' dir='ltr'>scientia</span> <span class='ocrx_word' id='word_1_592' title='bbox 1876 3786 2039 3834; x_wconf 86' lang='lat' dir='ltr'>erunt</span> <span class='ocrx_word' id='word_1_593' title='bbox 2064 3778 2209 3851; x_wconf 80' lang='lat' dir='ltr'>apud</span> <span class='ocrx_word' id='word_1_594' title='bbox 2316 3779 2545 3836; x_wconf 86' lang='lat' dir='ltr'>ribilem</span> <span class='ocrx_word' id='word_1_595' title='bbox 2592 3778 2929 3851; x_wconf 90' lang='lat' dir='ltr'>iniquorum</span> <span class='ocrx_word' id='word_1_596' title='bbox 2961 3783 3019 3835; x_wconf 88' lang='lat' dir='ltr'>et</span> <span class='ocrx_word' id='word_1_597' title='bbox 3047 3778 3364 3850; x_wconf 89' lang='lat' dir='ltr'>impiorum</span> <span class='ocrx_word' id='word_1_598' title='bbox 3391 3779 3825 3835; x_wconf 88' lang='lat' dir='ltr'>damnationem</span> <span class='ocrx_word' id='word_1_599' title='bbox 3860 3780 3957 3837; x_wconf 89' lang='lat' dir='ltr'>ab-</span> 
     </span>
    </p>
   </div>
   <div class='ocr_carea' id='block_1_40' title="bbox 555 3865 3958 3942">
    <p class='ocr_par' dir='ltr' id='par_1_40' title="bbox 555 3865 3958 3942">
     <span class='ocr_line' id='line_1_40' title="bbox 555 3865 3958 3942; baseline 0.001 -19"><span class='ocrx_word' id='word_1_600' title='bbox 555 3869 781 3940; x_wconf 81' lang='lat' dir='ltr'>inferos,</span> <span class='ocrx_word' id='word_1_601' title='bbox 811 3881 914 3938; x_wconf 83' lang='lat' dir='ltr'>quo</span> <span class='ocrx_word' id='word_1_602' title='bbox 945 3874 1001 3921; x_wconf 84' lang='lat' dir='ltr'>tu</span> <span class='ocrx_word' id='word_1_603' title='bbox 1030 3880 1291 3937; x_wconf 82' lang='lat' dir='ltr'>properas</span> <span class='ocrx_word' id='word_1_604' title='bbox 1317 3865 1504 3937; x_wconf 83' lang='lat' dir='ltr'>(Eccle.</span> <span class='ocrx_word' id='word_1_605' title='bbox 1534 3882 1610 3933; x_wconf 89' lang='lat' dir='ltr'>1x,</span> <span class='ocrx_word' id='word_1_606' title='bbox 1641 3867 1747 3937; x_wconf 86' lang='grc'>10).</span> <span class='ocrx_word' id='word_1_607' title='bbox 1773 3866 2012 3923; x_wconf 91' lang='lat' dir='ltr'>Nullum</span> <span class='ocrx_word' id='word_1_608' title='bbox 2041 3886 2208 3925; x_wconf 90' lang='lat' dir='ltr'>nam-</span> <span class='ocrx_word' id='word_1_609' title='bbox 2318 3886 2462 3941; x_wconf 88' lang='lat' dir='ltr'>sque</span> <span class='ocrx_word' id='word_1_610' title='bbox 2489 3868 2609 3923; x_wconf 89' lang='lat' dir='ltr'>ulla</span> <span class='ocrx_word' id='word_1_611' title='bbox 2639 3868 3036 3924; x_wconf 89' lang='lat' dir='ltr'>concolatione</span> <span class='ocrx_word' id='word_1_612' title='bbox 3066 3868 3270 3923; x_wconf 62' lang='lat' dir='ltr'>divinae</span> <span class='ocrx_word' id='word_1_613' title='bbox 3303 3867 3715 3938; x_wconf 88' lang='lat' dir='ltr'>miserationis,</span> <span class='ocrx_word' id='word_1_614' title='bbox 3744 3869 3958 3942; x_wconf 88' lang='lat' dir='ltr'>absque</span> 
     </span>
    </p>
   </div>
   <div class='ocr_carea' id='block_1_41' title="bbox 557 3953 3957 4032">
    <p class='ocr_par' dir='ltr' id='par_1_41' title="bbox 557 3953 3957 4032">
     <span class='ocr_line' id='line_1_41' title="bbox 557 3953 3957 4032; baseline 0.001 -21"><span class='ocrx_word' id='word_1_615' title='bbox 557 3974 669 4030; x_wconf 91' lang='lat' dir='ltr'>que</span> <span class='ocrx_word' id='word_1_616' title='bbox 689 3956 769 4011; x_wconf 92' lang='lat' dir='ltr'>ibi</span> <span class='ocrx_word' id='word_1_617' title='bbox 791 3955 902 4011; x_wconf 90' lang='lat' dir='ltr'>erit</span> <span class='ocrx_word' id='word_1_618' title='bbox 922 3971 1070 4026; x_wconf 87' lang='lat' dir='ltr'>opus</span> <span class='ocrx_word' id='word_1_619' title='bbox 1092 3954 1311 4010; x_wconf 88' lang='lat' dir='ltr'>bonum</span> <span class='ocrx_word' id='word_1_620' title='bbox 1339 3953 1573 4027; x_wconf 85' lang='lat' dir='ltr'>aliquod</span> <span class='ocrx_word' id='word_1_621' title='bbox 1598 3955 1869 4012; x_wconf 88' lang='lat' dir='ltr'>meritum</span> <span class='ocrx_word' id='word_1_622' title='bbox 1903 3959 2206 4031; x_wconf 88' lang='lat' dir='ltr'>acquiren-</span> <span class='ocrx_word' id='word_1_623' title='bbox 2318 3958 2438 4014; x_wconf 88' lang='lat' dir='ltr'>ulla</span> <span class='ocrx_word' id='word_1_624' title='bbox 2466 3957 2895 4013; x_wconf 88' lang='lat' dir='ltr'>illuminatione</span> <span class='ocrx_word' id='word_1_625' title='bbox 2914 3957 3200 4025; x_wconf 88' lang='lat' dir='ltr'>veritatis,</span> <span class='ocrx_word' id='word_1_626' title='bbox 3218 3958 3424 4014; x_wconf 89' lang='lat' dir='ltr'>beatus</span> <span class='ocrx_word' id='word_1_627' title='bbox 3452 3959 3815 4032; x_wconf 84' lang='lat' dir='ltr'>Augustinus</span> <span class='ocrx_word' id='word_1_628' title='bbox 3833 3959 3957 4015; x_wconf 90' lang='lat' dir='ltr'>bre-</span> 
     </span>
    </p>
   </div>
   <div class='ocr_carea' id='block_1_42' title="bbox 552 4042 3958 4120">
    <p class='ocr_par' dir='ltr' id='par_1_42' title="bbox 552 4042 3958 4120">
     <span class='ocr_line' id='line_1_42' title="bbox 552 4042 3958 4120; baseline 0.001 -17"><span class='ocrx_word' id='word_1_629' title='bbox 552 4047 637 4115; x_wconf 88' lang='lat' dir='ltr'>di,</span> <span class='ocrx_word' id='word_1_630' title='bbox 660 4044 824 4102; x_wconf 88' lang='lat' dir='ltr'>nulla</span> <span class='ocrx_word' id='word_1_631' title='bbox 851 4043 1000 4099; x_wconf 90' lang='lat' dir='ltr'>ratio</span> <span class='ocrx_word' id='word_1_632' title='bbox 1024 4042 1111 4099; x_wconf 90' lang='lat' dir='ltr'>vel</span> <span class='ocrx_word' id='word_1_633' title='bbox 1134 4044 1298 4115; x_wconf 89' lang='lat' dir='ltr'>juste</span> <span class='ocrx_word' id='word_1_634' title='bbox 1325 4045 1763 4112; x_wconf 83' lang='lat' dir='ltr'>excusandi,vel</span> <span class='ocrx_word' id='word_1_635' title='bbox 1787 4045 1962 4120; x_wconf 89' lang='lat' dir='ltr'>digne</span> <span class='ocrx_word' id='word_1_636' title='bbox 1982 4048 2209 4106; x_wconf 88' lang='lat' dir='ltr'>satisfa-</span> <span class='ocrx_word' id='word_1_637' title='bbox 2316 4048 2462 4104; x_wconf 88' lang='lat' dir='ltr'>viter</span> <span class='ocrx_word' id='word_1_638' title='bbox 2479 4047 2921 4114; x_wconf 88' lang='lat' dir='ltr'>itainculcat,ct</span> <span class='ocrx_word' id='word_1_639' title='bbox 2936 4046 3294 4103; x_wconf 88' lang='lat' dir='ltr'>omnimodis</span> <span class='ocrx_word' id='word_1_640' title='bbox 3312 4047 3627 4103; x_wconf 88' lang='lat' dir='ltr'>cavendam</span> <span class='ocrx_word' id='word_1_641' title='bbox 3650 4053 3958 4120; x_wconf 68' lang='lat' dir='ltr'>praemonet</span> 
     </span>
    </p>
   </div>
   <div class='ocr_carea' id='block_1_43' title="bbox 556 4133 3957 4211">
    <p class='ocr_par' dir='ltr' id='par_1_43' title="bbox 556 4133 3957 4211">
     <span class='ocr_line' id='line_1_43' title="bbox 556 4133 3957 4211; baseline 0 -17"><span class='ocrx_word' id='word_1_642' title='bbox 556 4136 768 4204; x_wconf 90' lang='lat' dir='ltr'>ciendi,</span> <span class='ocrx_word' id='word_1_643' title='bbox 790 4133 952 4192; x_wconf 81' lang='lat' dir='ltr'>nulla</span> <span class='ocrx_word' id='word_1_644' title='bbox 972 4133 1260 4206; x_wconf 88' lang='lat' dir='ltr'>sapientia</span> <span class='ocrx_word' id='word_1_645' title='bbox 1283 4150 1352 4190; x_wconf 83' lang='lat' dir='ltr'>ex</span> <span class='ocrx_word' id='word_1_646' title='bbox 1372 4134 1759 4191; x_wconf 79' lang='lat' dir='ltr'>illustrations</span> <span class='ocrx_word' id='word_1_647' title='bbox 1779 4137 2058 4207; x_wconf 87' lang='lat' dir='ltr'>veritatis,</span> <span class='ocrx_word' id='word_1_648' title='bbox 2083 4138 2210 4195; x_wconf 88' lang='lat' dir='ltr'>nul-</span> <span class='ocrx_word' id='word_1_649' title='bbox 2317 4138 2519 4194; x_wconf 90' lang='lat' dir='ltr'>dicens</span> <span class='ocrx_word' id='word_1_650' title='bbox 2551 4154 2564 4192; x_wconf 87' lang='lat'><strong>:</strong></span> <span class='ocrx_word' id='word_1_651' title='bbox 2602 4135 2871 4204; x_wconf 88' lang='lat' dir='ltr'>[Cavendi</span> <span class='ocrx_word' id='word_1_652' title='bbox 2902 4140 3042 4192; x_wconf 90' lang='lat' dir='ltr'>sunt</span> <span class='ocrx_word' id='word_1_653' title='bbox 3072 4136 3376 4192; x_wconf 88' lang='lat' dir='ltr'>inferiores</span> <span class='ocrx_word' id='word_1_654' title='bbox 3403 4136 3597 4205; x_wconf 86' lang='lat' dir='ltr'>inferi,</span> <span class='ocrx_word' id='word_1_655' title='bbox 3628 4136 3683 4192; x_wconf 92' lang='lat' dir='ltr'>id</span> <span class='ocrx_word' id='word_1_656' title='bbox 3718 4142 3804 4194; x_wconf 89' lang='lat' dir='ltr'>est</span> <span class='ocrx_word' id='word_1_657' title='bbox 3830 4142 3957 4211; x_wconf 86' lang='lat' dir='ltr'>post</span> 
     </span>
    </p>
   </div>
   <div class='ocr_carea' id='block_1_44' title="bbox 554 4220 3953 4300">
    <p class='ocr_par' dir='ltr' id='par_1_44' title="bbox 554 4220 3953 4300">
     <span class='ocr_line' id='line_1_44' title="bbox 554 4220 3953 4300; baseline 0 -17"><span class='ocrx_word' id='word_1_658' title='bbox 554 4226 612 4282; x_wconf 92' lang='lat' dir='ltr'>la</span> <span class='ocrx_word' id='word_1_659' title='bbox 640 4224 887 4282; x_wconf 89' lang='lat' dir='ltr'>scientia</span> <span class='ocrx_word' id='word_1_660' title='bbox 914 4223 973 4277; x_wconf 94' lang='lat' dir='ltr'>in</span> <span class='ocrx_word' id='word_1_661' title='bbox 1005 4221 1275 4278; x_wconf 83' lang='lat' dir='ltr'>exercitio</span> <span class='ocrx_word' id='word_1_662' title='bbox 1315 4220 1567 4293; x_wconf 88' lang='lat' dir='ltr'>alicujus</span> <span class='ocrx_word' id='word_1_663' title='bbox 1595 4221 1830 4279; x_wconf 91' lang='lat' dir='ltr'>virtutis</span> <span class='ocrx_word' id='word_1_664' title='bbox 1863 4240 1876 4278; x_wconf 87' lang='lat'><strong>:</strong></span> <span class='ocrx_word' id='word_1_665' title='bbox 1913 4227 2207 4297; x_wconf 90' lang='lat' dir='ltr'>quomodo</span> <span class='ocrx_word' id='word_1_666' title='bbox 2316 4228 2469 4283; x_wconf 90' lang='lat' dir='ltr'>hanc</span> <span class='ocrx_word' id='word_1_667' title='bbox 2497 4226 2674 4282; x_wconf 89' lang='lat' dir='ltr'>vitam</span> <span class='ocrx_word' id='word_1_668' title='bbox 2709 4243 2889 4299; x_wconf 66' lang='lat' dir='ltr'>poenae</span> <span class='ocrx_word' id='word_1_669' title='bbox 2930 4225 3243 4300; x_wconf 86' lang='lat' dir='ltr'>graviores,</span> <span class='ocrx_word' id='word_1_670' title='bbox 3276 4225 3376 4281; x_wconf 89' lang='lat' dir='ltr'>ubi</span> <span class='ocrx_word' id='word_1_671' title='bbox 3409 4225 3574 4282; x_wconf 90' lang='lat' dir='ltr'>nulla</span> <span class='ocrx_word' id='word_1_672' title='bbox 3615 4230 3804 4299; x_wconf 89' lang='lat' dir='ltr'>potest</span> <span class='ocrx_word' id='word_1_673' title='bbox 3831 4244 3953 4284; x_wconf 90' lang='lat' dir='ltr'>esse</span> 
     </span>
    </p>
   </div>
   <div class='ocr_carea' id='block_1_45' title="bbox 553 4311 3950 4389">
    <p class='ocr_par' dir='ltr' id='par_1_45' title="bbox 553 4311 3950 4389">
     <span class='ocr_line' id='line_1_45' title="bbox 553 4311 3950 4389; baseline 0 -17"><span class='ocrx_word' id='word_1_674' title='bbox 553 4333 688 4389; x_wconf 90' lang='lat' dir='ltr'>ergo</span> <span class='ocrx_word' id='word_1_675' title='bbox 707 4316 879 4387; x_wconf 81' lang='lat' dir='ltr'>juxta</span> <span class='ocrx_word' id='word_1_676' title='bbox 900 4312 1076 4368; x_wconf 89' lang='lat' dir='ltr'>istum</span> <span class='ocrx_word' id='word_1_677' title='bbox 1103 4311 1407 4367; x_wconf 87' lang='lat' dir='ltr'>habebunt</span> <span class='ocrx_word' id='word_1_678' title='bbox 1427 4311 1823 4383; x_wconf 89' lang='lat' dir='ltr'>cognitionem</span> <span class='ocrx_word' id='word_1_679' title='bbox 1854 4318 1909 4369; x_wconf 92' lang='lat' dir='ltr'>et</span> <span class='ocrx_word' id='word_1_680' title='bbox 1940 4314 2206 4372; x_wconf 88' lang='lat' dir='ltr'>notitiam</span> <span class='ocrx_word' id='word_1_681' title='bbox 2316 4315 2795 4372; x_wconf 90' lang='lat' dir='ltr'>commemoratio</span> <span class='ocrx_word' id='word_1_682' title='bbox 2820 4315 3101 4384; x_wconf 89' lang='lat' dir='ltr'>veritatis,</span> <span class='ocrx_word' id='word_1_683' title='bbox 3132 4318 3206 4383; x_wconf 91' lang='lat' dir='ltr'>et,</span> <span class='ocrx_word' id='word_1_684' title='bbox 3233 4314 3373 4388; x_wconf 89' lang='lat' dir='ltr'>quia</span> <span class='ocrx_word' id='word_1_685' title='bbox 3411 4314 3577 4372; x_wconf 90' lang='lat' dir='ltr'>nulla</span> <span class='ocrx_word' id='word_1_686' title='bbox 3606 4320 3694 4372; x_wconf 91' lang='lat' dir='ltr'>est</span> <span class='ocrx_word' id='word_1_687' title='bbox 3731 4316 3950 4373; x_wconf 89' lang='lat' dir='ltr'>ratioci-</span> 
     </span>
    </p>
   </div>
   <div class='ocr_carea' id='block_1_46' title="bbox 550 4400 3947 4479">
    <p class='ocr_par' dir='ltr' id='par_1_46' title="bbox 550 4400 3947 4479">
     <span class='ocr_line' id='line_1_46' title="bbox 550 4400 3947 4479; baseline 0 -19"><span class='ocrx_word' id='word_1_688' title='bbox 550 4404 831 4470; x_wconf 89' lang='lat' dir='ltr'>veritatis,</span> <span class='ocrx_word' id='word_1_689' title='bbox 857 4403 1025 4473; x_wconf 91' lang='lat' dir='ltr'>cujus</span> <span class='ocrx_word' id='word_1_690' title='bbox 1057 4405 1113 4457; x_wconf 91' lang='lat' dir='ltr'>et</span> <span class='ocrx_word' id='word_1_691' title='bbox 1144 4400 1574 4457; x_wconf 81' lang='lat' dir='ltr'>illuminatione</span> <span class='ocrx_word' id='word_1_692' title='bbox 1619 4406 1677 4457; x_wconf 91' lang='lat' dir='ltr'>et</span> <span class='ocrx_word' id='word_1_693' title='bbox 1717 4404 2207 4477; x_wconf 87' lang='lat' dir='ltr'>contemplatione</span> <span class='ocrx_word' id='word_1_694' title='bbox 2317 4406 2494 4475; x_wconf 89' lang='lat' dir='ltr'>natio,</span> <span class='ocrx_word' id='word_1_695' title='bbox 2519 4406 2649 4462; x_wconf 92' lang='lat' dir='ltr'>ideo</span> <span class='ocrx_word' id='word_1_696' title='bbox 2674 4404 2838 4462; x_wconf 90' lang='lat' dir='ltr'>nulla</span> <span class='ocrx_word' id='word_1_697' title='bbox 2864 4404 3107 4461; x_wconf 90' lang='lat' dir='ltr'>rationis</span> <span class='ocrx_word' id='word_1_698' title='bbox 3129 4404 3298 4470; x_wconf 90' lang='lat' dir='ltr'>actio,</span> <span class='ocrx_word' id='word_1_699' title='bbox 3327 4404 3466 4477; x_wconf 87' lang='lat' dir='ltr'>quia</span> <span class='ocrx_word' id='word_1_700' title='bbox 3493 4422 3609 4461; x_wconf 92' lang='lat' dir='ltr'>non</span> <span class='ocrx_word' id='word_1_701' title='bbox 3642 4405 3797 4462; x_wconf 88' lang='lat' dir='ltr'>illam</span> <span class='ocrx_word' id='word_1_702' title='bbox 3828 4423 3947 4479; x_wconf 90' lang='lat' dir='ltr'>per-</span> 
     </span>
    </p>
   </div>
   <div class='ocr_carea' id='block_1_47' title="bbox 553 4490 3946 4566">
    <p class='ocr_par' dir='ltr' id='par_1_47' title="bbox 553 4490 3946 4566">
     <span class='ocr_line' id='line_1_47' title="bbox 553 4490 3946 4566; baseline 0.001 -18"><span class='ocrx_word' id='word_1_703' title='bbox 553 4492 907 4548; x_wconf 73' lang='lat' dir='ltr'>zeternaliter</span> <span class='ocrx_word' id='word_1_704' title='bbox 935 4490 1144 4563; x_wconf 88' lang='lat' dir='ltr'>privati</span> <span class='ocrx_word' id='word_1_705' title='bbox 1170 4493 1381 4547; x_wconf 77' lang='lat' dir='ltr'>erunt?</span> <span class='ocrx_word' id='word_1_706' title='bbox 2315 4496 2540 4552; x_wconf 89' lang='lat' dir='ltr'>fundet.</span> <span class='ocrx_word' id='word_1_707' title='bbox 2577 4496 2783 4552; x_wconf 83' lang='lat' dir='ltr'>Lumen</span> <span class='ocrx_word' id='word_1_708' title='bbox 2811 4511 3019 4564; x_wconf 84' lang='lat' dir='ltr'>verum,</span> <span class='ocrx_word' id='word_1_709' title='bbox 3043 4493 3184 4566; x_wconf 87' lang='lat' dir='ltr'>quod</span> <span class='ocrx_word' id='word_1_710' title='bbox 3216 4494 3501 4551; x_wconf 83' lang='lat' dir='ltr'>illuminat</span> <span class='ocrx_word' id='word_1_711' title='bbox 3526 4512 3737 4552; x_wconf 88' lang='lat' dir='ltr'>omnem</span> <span class='ocrx_word' id='word_1_712' title='bbox 3781 4497 3946 4553; x_wconf 87' lang='lat' dir='ltr'>homi-</span> 
     </span>
    </p>
   </div>
   <div class='ocr_carea' id='block_1_48' title="bbox 625 4580 3946 4657">
    <p class='ocr_par' dir='ltr' id='par_1_48' title="bbox 625 4580 3946 4657">
     <span class='ocr_line' id='line_1_48' title="bbox 625 4580 3946 4657; baseline 0.002 -21"><span class='ocrx_word' id='word_1_713' title='bbox 625 4582 699 4652; x_wconf 83' lang='lat' dir='ltr'>(a)</span> <span class='ocrx_word' id='word_1_714' title='bbox 722 4581 1020 4644; x_wconf 87' lang='lat' dir='ltr'>Quomodo</span> <span class='ocrx_word' id='word_1_715' title='bbox 1046 4580 1347 4635; x_wconf 87' lang='lat' dir='ltr'>habebunt</span> <span class='ocrx_word' id='word_1_716' title='bbox 1370 4581 1637 4652; x_wconf 89' lang='lat' dir='ltr'>ejusdem</span> <span class='ocrx_word' id='word_1_717' title='bbox 1657 4582 1918 4640; x_wconf 89' lang='lat' dir='ltr'>veritatis</span> <span class='ocrx_word' id='word_1_718' title='bbox 1938 4588 1994 4640; x_wconf 90' lang='lat' dir='ltr'>et</span> <span class='ocrx_word' id='word_1_719' title='bbox 2024 4585 2210 4641; x_wconf 89' lang='lat' dir='ltr'>beati-</span> <span class='ocrx_word' id='word_1_720' title='bbox 2239 4583 2286 4648; x_wconf 91' lang='lat' dir='ltr'>D</span> <span class='ocrx_word' id='word_1_721' title='bbox 2316 4601 2442 4642; x_wconf 87' lang='lat' dir='ltr'>nem</span> <span class='ocrx_word' id='word_1_722' title='bbox 2468 4588 2771 4642; x_wconf 84' lang='lat' dir='ltr'>venientem</span> <span class='ocrx_word' id='word_1_723' title='bbox 2800 4587 2861 4641; x_wconf 88' lang='lat' dir='ltr'>in</span> <span class='ocrx_word' id='word_1_724' title='bbox 2903 4586 3047 4640; x_wconf 79' lang='lat' dir='ltr'>hunc</span> <span class='ocrx_word' id='word_1_725' title='bbox 3090 4583 3360 4639; x_wconf 85' lang='lat' dir='ltr'>mundum</span> <span class='ocrx_word' id='word_1_726' title='bbox 3386 4586 3561 4653; x_wconf 87' lang='lat' dir='ltr'>(Joan.</span> <span class='ocrx_word' id='word_1_727' title='bbox 3596 4602 3635 4652; x_wconf 92' lang='lat' dir='ltr'>I,</span> <span class='ocrx_word' id='word_1_728' title='bbox 3667 4586 3741 4657; x_wconf 86' lang='lat'>9).</span> <span class='ocrx_word' id='word_1_729' title='bbox 3773 4585 3946 4651; x_wconf 78' lang='lat' dir='ltr'>Quare</span> 
     </span>
    </p>
   </div>
   <div class='ocr_carea' id='block_1_49' title="bbox 553 4669 3945 4748">
    <p class='ocr_par' dir='ltr' id='par_1_49' title="bbox 553 4669 3945 4748">
     <span class='ocr_line' id='line_1_49' title="bbox 553 4669 3945 4748; baseline 0.002 -22"><span class='ocrx_word' id='word_1_730' title='bbox 553 4670 775 4726; x_wconf 87' lang='lat' dir='ltr'>tudinis</span> <span class='ocrx_word' id='word_1_731' title='bbox 796 4669 1173 4739; x_wconf 84' lang='lat' dir='ltr'>desiderium,</span> <span class='ocrx_word' id='word_1_732' title='bbox 1194 4669 1253 4724; x_wconf 90' lang='lat' dir='ltr'>in</span> <span class='ocrx_word' id='word_1_733' title='bbox 1280 4671 1496 4742; x_wconf 87' lang='lat' dir='ltr'>quibus</span> <span class='ocrx_word' id='word_1_734' title='bbox 1520 4671 1720 4729; x_wconf 91' lang='lat' dir='ltr'>nullus</span> <span class='ocrx_word' id='word_1_735' title='bbox 1750 4672 1860 4729; x_wconf 90' lang='lat' dir='ltr'>erit</span> <span class='ocrx_word' id='word_1_736' title='bbox 1888 4690 2054 4730; x_wconf 91' lang='lat' dir='ltr'>amor</span> <span class='ocrx_word' id='word_1_737' title='bbox 2081 4676 2202 4747; x_wconf 91' lang='lat' dir='ltr'>pie-</span> <span class='ocrx_word' id='word_1_738' title='bbox 2314 4676 2682 4743; x_wconf 86' lang='lat' dir='ltr'>festinemus,</span> <span class='ocrx_word' id='word_1_739' title='bbox 2707 4678 2764 4731; x_wconf 92' lang='lat' dir='ltr'>et</span> <span class='ocrx_word' id='word_1_740' title='bbox 2792 4672 3164 4730; x_wconf 91' lang='lat' dir='ltr'>ambulemus</span> <span class='ocrx_word' id='word_1_741' title='bbox 3192 4690 3326 4729; x_wconf 89' lang='lat' dir='ltr'>cum</span> <span class='ocrx_word' id='word_1_742' title='bbox 3358 4673 3483 4730; x_wconf 90' lang='lat' dir='ltr'>dies</span> <span class='ocrx_word' id='word_1_743' title='bbox 3513 4680 3721 4748; x_wconf 62' lang='lat' dir='ltr'>praesto</span> <span class='ocrx_word' id='word_1_744' title='bbox 3750 4680 3851 4745; x_wconf 88' lang='lat' dir='ltr'>est,</span> <span class='ocrx_word' id='word_1_745' title='bbox 3876 4694 3945 4734; x_wconf 91' lang='lat' dir='ltr'>ne</span> 
     </span>
    </p>
   </div>
   <div class='ocr_carea' id='block_1_50' title="bbox 550 4759 3946 4837">
    <p class='ocr_par' dir='ltr' id='par_1_50' title="bbox 550 4759 3946 4837">
     <span class='ocr_line' id='line_1_50' title="bbox 550 4759 3946 4837; baseline 0.002 -21"><span class='ocrx_word' id='word_1_746' title='bbox 550 4760 709 4826; x_wconf 90' lang='lat' dir='ltr'>tatis,</span> <span class='ocrx_word' id='word_1_747' title='bbox 732 4776 846 4832; x_wconf 88' lang='lat' dir='ltr'>quo</span> <span class='ocrx_word' id='word_1_748' title='bbox 878 4762 980 4813; x_wconf 86' lang='lat' dir='ltr'>aut</span> <span class='ocrx_word' id='word_1_749' title='bbox 1009 4759 1221 4814; x_wconf 84' lang='lat' dir='ltr'>veritas</span> <span class='ocrx_word' id='word_1_750' title='bbox 1244 4776 1376 4815; x_wconf 86' lang='lat' dir='ltr'>vere</span> <span class='ocrx_word' id='word_1_751' title='bbox 1406 4760 1705 4834; x_wconf 86' lang='lat' dir='ltr'>diligatur,</span> <span class='ocrx_word' id='word_1_752' title='bbox 1728 4766 1830 4818; x_wconf 85' lang='lat' dir='ltr'>aut</span> <span class='ocrx_word' id='word_1_753' title='bbox 1856 4779 1993 4819; x_wconf 90' lang='lat' dir='ltr'>vera</span> <span class='ocrx_word' id='word_1_754' title='bbox 2023 4764 2204 4820; x_wconf 90' lang='lat' dir='ltr'>beati-</span> <span class='ocrx_word' id='word_1_755' title='bbox 2315 4782 2423 4822; x_wconf 90' lang='lat' dir='ltr'>nos</span> <span class='ocrx_word' id='word_1_756' title='bbox 2452 4765 2703 4822; x_wconf 83' lang='lat' dir='ltr'>tenebrae</span> <span class='ocrx_word' id='word_1_757' title='bbox 2726 4763 3252 4837; x_wconf 86' lang='lat' dir='ltr'>comprehendant;</span> <span class='ocrx_word' id='word_1_758' title='bbox 3276 4762 3624 4821; x_wconf 88' lang='lat' dir='ltr'>festinemus</span> <span class='ocrx_word' id='word_1_759' title='bbox 3645 4782 3679 4820; x_wconf 86' lang='lat' dir='ltr'>a</span> <span class='ocrx_word' id='word_1_760' title='bbox 3706 4767 3946 4823; x_wconf 88' lang='lat' dir='ltr'>secunda</span> 
     </span>
    </p>
   </div>
   <div class='ocr_carea' id='block_1_51' title="bbox 551 4848 3944 4926">
    <p class='ocr_par' dir='ltr' id='par_1_51' title="bbox 551 4848 3944 4926">
     <span class='ocr_line' id='line_1_51' title="bbox 551 4848 3944 4926; baseline 0.002 -20"><span class='ocrx_word' id='word_1_761' title='bbox 551 4851 693 4906; x_wconf 88' lang='lat' dir='ltr'>tudo</span> <span class='ocrx_word' id='word_1_762' title='bbox 711 4849 992 4904; x_wconf 83' lang='lat' dir='ltr'>veraciter</span> <span class='ocrx_word' id='word_1_763' title='bbox 1012 4848 1409 4904; x_wconf 84' lang='lat' dir='ltr'>desideretur?</span> <span class='ocrx_word' id='word_1_764' title='bbox 1424 4850 1711 4906; x_wconf 88' lang='lat' dir='ltr'>Poterunt‘</span> <span class='ocrx_word' id='word_1_765' title='bbox 1724 4851 1971 4909; x_wconf 85' lang='lat' dir='ltr'>fortasse</span> <span class='ocrx_word' id='word_1_766' title='bbox 1993 4852 2208 4911; x_wconf 89' lang='lat' dir='ltr'>habere</span> <span class='ocrx_word' id='word_1_767' title='bbox 2314 4858 2502 4911; x_wconf 90' lang='lat' dir='ltr'>morte</span> <span class='ocrx_word' id='word_1_768' title='bbox 2531 4853 2787 4922; x_wconf 86' lang='lat' dir='ltr'>liberari,</span> <span class='ocrx_word' id='word_1_769' title='bbox 2812 4853 2914 4909; x_wconf 89' lang='lat' dir='ltr'>ubi</span> <span class='ocrx_word' id='word_1_770' title='bbox 2944 4870 3115 4910; x_wconf 90' lang='lat' dir='ltr'>nemo</span> <span class='ocrx_word' id='word_1_771' title='bbox 3145 4856 3235 4910; x_wconf 89' lang='lat' dir='ltr'>est</span> <span class='ocrx_word' id='word_1_772' title='bbox 3262 4853 3361 4926; x_wconf 91' lang='lat' dir='ltr'>qui</span> <span class='ocrx_word' id='word_1_773' title='bbox 3392 4870 3620 4910; x_wconf 90' lang='lat' dir='ltr'>memor</span> <span class='ocrx_word' id='word_1_774' title='bbox 3644 4853 3720 4910; x_wconf 90' lang='lat' dir='ltr'>sit</span> <span class='ocrx_word' id='word_1_775' title='bbox 3746 4855 3856 4925; x_wconf 90' lang='lat' dir='ltr'>Dei,</span> <span class='ocrx_word' id='word_1_776' title='bbox 3891 4862 3944 4913; x_wconf 89' lang='lat' dir='ltr'>et</span> 
     </span>
    </p>
   </div>
   <div class='ocr_carea' id='block_1_52' title="bbox 552 4936 3939 5016">
    <p class='ocr_par' dir='ltr' id='par_1_52' title="bbox 552 4936 3939 5016">
     <span class='ocr_line' id='line_1_52' title="bbox 552 4936 3939 5016; baseline 0.002 -22"><span class='ocrx_word' id='word_1_777' title='bbox 552 4940 871 5012; x_wconf 83' lang='lat' dir='ltr'>quamdam</span> <span class='ocrx_word' id='word_1_778' title='bbox 903 4936 1205 4993; x_wconf 80' lang='lat' dir='ltr'>scientiam</span> <span class='ocrx_word' id='word_1_779' title='bbox 1237 4938 1498 4995; x_wconf 89' lang='lat' dir='ltr'>veritatis</span> <span class='ocrx_word' id='word_1_780' title='bbox 1538 4939 1597 4995; x_wconf 92' lang='lat' dir='ltr'>in</span> <span class='ocrx_word' id='word_1_781' title='bbox 1638 4957 1704 4995; x_wconf 92' lang='lat' dir='ltr'>eo</span> <span class='ocrx_word' id='word_1_782' title='bbox 1744 4942 1900 5013; x_wconf 92' lang='lat' dir='ltr'>quod</span> <span class='ocrx_word' id='word_1_783' title='bbox 1932 4958 1994 4998; x_wconf 92' lang='lat' dir='ltr'>se</span> <span class='ocrx_word' id='word_1_784' title='bbox 2026 4959 2205 5016; x_wconf 88' lang='lat' dir='ltr'>agno-</span> <span class='ocrx_word' id='word_1_785' title='bbox 2315 4945 2387 5001; x_wconf 91' lang='lat' dir='ltr'>ab</span> <span class='ocrx_word' id='word_1_786' title='bbox 2429 4944 2676 5011; x_wconf 86' lang='lat' dir='ltr'>inferno,</span> <span class='ocrx_word' id='word_1_787' title='bbox 2704 4942 2805 5000; x_wconf 90' lang='lat' dir='ltr'>ubi</span> <span class='ocrx_word' id='word_1_788' title='bbox 2848 4960 3020 4999; x_wconf 89' lang='lat' dir='ltr'>nemo</span> <span class='ocrx_word' id='word_1_789' title='bbox 3052 4942 3426 4999; x_wconf 86' lang='lat' dir='ltr'>confitebitur</span> <span class='ocrx_word' id='word_1_790' title='bbox 3468 4942 3627 5012; x_wconf 92' lang='lat' dir='ltr'>Deo.]</span> <span class='ocrx_word' id='word_1_791' title='bbox 3653 4944 3790 5000; x_wconf 88' lang='lat' dir='ltr'>Item</span> <span class='ocrx_word' id='word_1_792' title='bbox 3817 4962 3939 5003; x_wconf 90' lang='lat' dir='ltr'>cum</span> 
     </span>
    </p>
   </div>
   <div class='ocr_carea' id='block_1_53' title="bbox 551 5021 3940 5108">
    <p class='ocr_par' dir='ltr' id='par_1_53' title="bbox 551 5021 3940 5108">
     <span class='ocr_line' id='line_1_53' title="bbox 551 5021 3940 5108; baseline 0.002 -23"><span class='ocrx_word' id='word_1_793' title='bbox 551 5033 715 5085; x_wconf 91' lang='lat' dir='ltr'>scent</span> <span class='ocrx_word' id='word_1_794' title='bbox 742 5030 951 5100; x_wconf 85' lang='lat' dir='ltr'>dignos</span> <span class='ocrx_word' id='word_1_795' title='bbox 982 5026 1199 5082; x_wconf 83' lang='lat' dir='ltr'>talibus</span> <span class='ocrx_word' id='word_1_796' title='bbox 1233 5042 1360 5083; x_wconf 88' lang='lat' dir='ltr'>esse</span> <span class='ocrx_word' id='word_1_797' title='bbox 1392 5028 1716 5101; x_wconf 91' lang='lat' dir='ltr'>suppliciis,</span> <span class='ocrx_word' id='word_1_798' title='bbox 1747 5032 1902 5103; x_wconf 89' lang='lat' dir='ltr'>quod</span> <span class='ocrx_word' id='word_1_799' title='bbox 1933 5049 1995 5088; x_wconf 90' lang='lat' dir='ltr'>se</span> <span class='ocrx_word' id='word_1_800' title='bbox 2026 5049 2204 5107; x_wconf 92' lang='lat' dir='ltr'>agno-</span> <span class='ocrx_word' id='word_1_801' title='bbox 2315 5038 2625 5107; x_wconf 85' lang='lat' dir='ltr'>exponeret</span> <span class='ocrx_word' id='word_1_802' title='bbox 2651 5033 2827 5089; x_wconf 88' lang='lat' dir='ltr'>verba</span> <span class='ocrx_word' id='word_1_803' title='bbox 2854 5031 3065 5107; x_wconf 90' lang='lat' dir='ltr'>psalmi</span> <span class='ocrx_word' id='word_1_804' title='bbox 3097 5032 3197 5089; x_wconf 90' lang='lat' dir='ltr'>ubi</span> <span class='ocrx_word' id='word_1_805' title='bbox 3228 5032 3455 5089; x_wconf 89' lang='lat' dir='ltr'>dictum</span> <span class='ocrx_word' id='word_1_806' title='bbox 3485 5037 3575 5090; x_wconf 89' lang='lat' dir='ltr'>est</span> <span class='ocrx_word' id='word_1_807' title='bbox 3595 5021 3615 5089; x_wconf 49' lang='grc' dir='ltr'><strong>ἐ</strong></span> <span class='ocrx_word' id='word_1_808' title='bbox 3652 5038 3717 5090; x_wconf 85' lang='grc' dir='ltr'>1η</span> <span class='ocrx_word' id='word_1_809' title='bbox 3744 5036 3940 5108; x_wconf 82' lang='lat' dir='ltr'>inferno</span> 
     </span>
    </p>
   </div>
   <div class='ocr_carea' id='block_1_54' title="bbox 549 5116 3938 5197">
    <p class='ocr_par' dir='ltr' id='par_1_54' title="bbox 549 5116 3938 5197">
     <span class='ocr_line' id='line_1_54' title="bbox 549 5116 3938 5197; baseline 0.003 -22"><span class='ocrx_word' id='word_1_810' title='bbox 549 5122 713 5175; x_wconf 87' lang='lat' dir='ltr'>scent</span> <span class='ocrx_word' id='word_1_811' title='bbox 736 5120 901 5190; x_wconf 90' lang='lat' dir='ltr'>justo</span> <span class='ocrx_word' id='word_1_812' title='bbox 942 5116 1165 5187; x_wconf 82' lang='lat' dir='ltr'>judicio</span> <span class='ocrx_word' id='word_1_813' title='bbox 1214 5116 1656 5186; x_wconf 74' lang='lat' dir='ltr'>condemnatos,</span> <span class='ocrx_word' id='word_1_814' title='bbox 1680 5135 1786 5175; x_wconf 91' lang='lat' dir='ltr'>nec</span> <span class='ocrx_word' id='word_1_815' title='bbox 1836 5138 2098 5194; x_wconf 89' lang='lat' dir='ltr'>unquam</span> <span class='ocrx_word' id='word_1_816' title='bbox 2132 5123 2203 5179; x_wconf 90' lang='lat' dir='ltr'>ab</span> <span class='ocrx_word' id='word_1_817' title='bbox 2313 5132 2492 5181; x_wconf 87' lang='lat' dir='ltr'>autem</span> <span class='ocrx_word' id='word_1_818' title='bbox 2535 5126 2660 5197; x_wconf 81' lang='lat' dir='ltr'>quis</span> <span class='ocrx_word' id='word_1_819' title='bbox 2706 5123 3047 5195; x_wconf 80' lang='lat' dir='ltr'>conﬁtebitur</span> <span class='ocrx_word' id='word_1_820' title='bbox 3074 5123 3215 5179; x_wconf 88' lang='lat' dir='ltr'>tibi?</span> <span class='ocrx_word' id='word_1_821' title='bbox 3242 5123 3410 5196; x_wconf 84' lang='lat' dir='ltr'>(Psal.</span> <span class='ocrx_word' id='word_1_822' title='bbox 3438 5140 3515 5192; x_wconf 78' lang='lat' dir='ltr'>VI,</span> <span class='ocrx_word' id='word_1_823' title='bbox 3548 5124 3627 5194; x_wconf 89' lang='lat'>6.)</span> <span class='ocrx_word' id='word_1_824' title='bbox 3655 5117 3938 5184; x_wconf 82' lang='lat' dir='ltr'>confessus</span> 
     </span>
    </p>
   </div>
   <div class='ocr_carea' id='block_1_55' title="bbox 1537 5225 2968 5288">
    <p class='ocr_par' dir='ltr' id='par_1_55' title="bbox 1537 5225 2968 5288">
     <span class='ocr_line' id='line_1_55' title="bbox 1537 5225 2968 5288; baseline 0.005 -9"><span class='ocrx_word' id='word_1_825' title='bbox 1537 5225 1751 5281; x_wconf 57' lang='lat' dir='ltr'>NOTIE</span> <span class='ocrx_word' id='word_1_826' title='bbox 1791 5226 2136 5286; x_wconf 92' lang='lat' dir='ltr'>DUVALLII</span> <span class='ocrx_word' id='word_1_827' title='bbox 2173 5230 2529 5288; x_wconf 81' lang='lat' dir='ltr'>DOGTORIS</span> <span class='ocrx_word' id='word_1_828' title='bbox 2568 5231 2968 5288; x_wconf 87' lang='lat' dir='ltr'>SORBONICI.</span> 
     </span>
    </p>
   </div>
   <div class='ocr_carea' id='block_1_56' title="bbox 621 5310 3932 5396">
    <p class='ocr_par' dir='ltr' id='par_1_56' title="bbox 621 5310 3932 5396">
     <span class='ocr_line' id='line_1_56' title="bbox 621 5310 3932 5396; baseline 0.004 -27"><span class='ocrx_word' id='word_1_829' title='bbox 621 5317 697 5384; x_wconf 84' lang='grc' dir='ltr'>(α)</span> <span class='ocrx_word' id='word_1_830' title='bbox 726 5314 825 5396; x_wconf 72' lang='lat' dir='ltr'>Ait</span> <span class='ocrx_word' id='word_1_831' title='bbox 850 5316 1159 5396; x_wconf 82' lang='lat' dir='ltr'>damnatos</span> <span class='ocrx_word' id='word_1_832' title='bbox 1191 5331 1305 5396; x_wconf 83' lang='lat' dir='ltr'>non</span> <span class='ocrx_word' id='word_1_833' title='bbox 1335 5313 1467 5368; x_wconf 76' lang='lat' dir='ltr'>ferri</span> <span class='ocrx_word' id='word_1_834' title='bbox 1500 5313 1786 5396; x_wconf 65' lang='lat' dir='ltr'>desiderio</span> <span class='ocrx_word' id='word_1_835' title='bbox 1807 5316 1869 5396; x_wconf 80' lang='lat' dir='ltr'>in</span> <span class='ocrx_word' id='word_1_836' title='bbox 1890 5317 2202 5396; x_wconf 80' lang='lat' dir='ltr'>beatitudi-</span> <span class='ocrx_word' id='word_1_837' title='bbox 2310 5321 2618 5396; x_wconf 64' lang='lat' dir='ltr'>damnatos</span> <span class='ocrx_word' id='word_1_838' title='bbox 2636 5321 2749 5396; x_wconf 84' lang='lat' dir='ltr'>frui</span> <span class='ocrx_word' id='word_1_839' title='bbox 2767 5321 3132 5396; x_wconf 83' lang='lat' dir='ltr'>beatitudine</span> <span class='ocrx_word' id='word_1_840' title='bbox 3150 5321 3568 5396; x_wconf 26' lang='lat' dir='ltr'>naturaliqlmo</span> <span class='ocrx_word' id='word_1_841' title='bbox 3588 5324 3753 5396; x_wconf 87' lang='lat' dir='ltr'>pejus</span> <span class='ocrx_word' id='word_1_842' title='bbox 3768 5310 3932 5384; x_wconf 82' lang='lat' dir='ltr'>multo</span> 
     </span>
    </p>
   </div>
   <div class='ocr_carea' id='block_1_57' title="bbox 550 5387 3934 5480">
    <p class='ocr_par' dir='ltr' id='par_1_57' title="bbox 550 5387 3934 5480">
     <span class='ocr_line' id='line_1_57' title="bbox 550 5387 3934 5480; baseline 0 0"><span class='ocrx_word' id='word_1_843' title='bbox 550 5404 705 5480; x_wconf 49' lang='lat'>99.9}</span> <span class='ocrx_word' id='word_1_844' title='bbox 726 5387 1621 5480; x_wconf 34' lang='lat' dir='ltr'>:‘3‘3‘1filii?“90.3}9‘13‘5139‘3</span> <span class='ocrx_word' id='word_1_845' title='bbox 1644 5387 2084 5480; x_wconf 44' lang='grc' dir='ltr'>τλδῗὲὶῖεὲδέηῖν</span> <span class='ocrx_word' id='word_1_846' title='bbox 2110 5392 2198 5446; x_wconf 74' lang='grc' dir='ltr'>ί““</span> <span class='ocrx_word' id='word_1_847' title='bbox 2310 5409 2489 5480; x_wconf 65' lang='lat' dir='ltr'>quem</span> <span class='ocrx_word' id='word_1_848' title='bbox 2506 5393 3120 5480; x_wconf 56' lang='grc' dir='ltr'>Ρθῖειείυξβθτιιίβδείν</span> <span class='ocrx_word' id='word_1_849' title='bbox 3135 5394 3274 5480; x_wconf 67' lang='grc' dir='ltr'>Ἧλίεί</span> <span class='ocrx_word' id='word_1_850' title='bbox 3297 5394 3453 5480; x_wconf 57' lang='grc' dir='ltr'>ςυλοά</span> <span class='ocrx_word' id='word_1_851' title='bbox 3481 5387 3712 5480; x_wconf 58' lang='grc' dir='ltr'>ιθρῖυῶ</span> <span class='ocrx_word' id='word_1_852' title='bbox 3732 5397 3795 5480; x_wconf 63' lang='lat' dir='ltr'>d9</span> <span class='ocrx_word' id='word_1_853' title='bbox 3822 5414 3934 5480; x_wconf 67' lang='grc' dir='ltr'>Ρατ-</span> 
     </span>
    </p>
   </div>
   <div class='ocr_carea' id='block_1_58' title="bbox 548 5459 3932 5553">
    <p class='ocr_par' dir='ltr' id='par_1_58' title="bbox 548 5459 3932 5553">
     <span class='ocr_line' id='line_1_58' title="bbox 548 5459 3932 5553; baseline 0.004 -39"><span class='ocrx_word' id='word_1_854' title='bbox 548 5459 695 5531; x_wconf 89' lang='lat' dir='ltr'>quit,</span> <span class='ocrx_word' id='word_1_855' title='bbox 719 5459 1303 5553; x_wconf 26' lang='lat' dir='ltr'>desideriugmlzid‘gst</span> <span class='ocrx_word' id='word_1_856' title='bbox 1340 5459 1614 5553; x_wconf 55' lang='lat' dir='ltr'>pietatem</span> <span class='ocrx_word' id='word_1_857' title='bbox 1627 5460 1938 5553; x_wconf 58' lang='lat' dir='ltr'>Ldesiderii,</span> <span class='ocrx_word' id='word_1_858' title='bbox 1965 5462 2103 5553; x_wconf 72' lang='lat' dir='ltr'>quia</span> <span class='ocrx_word' id='word_1_859' title='bbox 2131 5480 2200 5553; x_wconf 70' lang='lat' dir='ltr'>ex</span> <span class='ocrx_word' id='word_1_860' title='bbox 2306 5459 2459 5553; x_wconf 56' lang='lat' dir='ltr'>v&#39;ulis</span> <span class='ocrx_word' id='word_1_861' title='bbox 2489 5459 2903 5553; x_wconf 72' lang='lat' dir='ltr'>decedentibus</span> <span class='ocrx_word' id='word_1_862' title='bbox 2931 5459 3476 5553; x_wconf 49' lang='lat' dir='ltr'>absque-baptismo</span> <span class='ocrx_word' id='word_1_863' title='bbox 3507 5470 3800 5553; x_wconf 55' lang='lat' dir='ltr'>statuerat,</span> <span class='ocrx_word' id='word_1_864' title='bbox 3822 5459 3932 5553; x_wconf 84' lang='lat' dir='ltr'>ipse</span> 
     </span>
    </p>
   </div>
   <div class='ocr_carea' id='block_1_59' title="bbox 547 5528 3926 5614">
    <p class='ocr_par' dir='ltr' id='par_1_59' title="bbox 547 5528 3926 5614">
     <span class='ocr_line' id='line_1_59' title="bbox 547 5528 3926 5614; baseline 0.005 -29"><span class='ocrx_word' id='word_1_865' title='bbox 547 5528 745 5614; x_wconf 56' lang='lat' dir='ltr'>amore</span> <span class='ocrx_word' id='word_1_866' title='bbox 789 5530 888 5612; x_wconf 79' lang='lat' dir='ltr'>sui</span> <span class='ocrx_word' id='word_1_867' title='bbox 934 5528 1504 5614; x_wconf 26' lang='lat' dir='ltr'>ino‘rdinatioanullo</span> <span class='ocrx_word' id='word_1_868' title='bbox 1544 5529 1741 5587; x_wconf 88' lang='lat' dir='ltr'>habito</span> <span class='ocrx_word' id='word_1_869' title='bbox 1798 5528 2065 5604; x_wconf 76' lang='lat' dir='ltr'>respectu</span> <span class='ocrx_word' id='word_1_870' title='bbox 2124 5537 2196 5592; x_wconf 91' lang='lat' dir='ltr'>ad</span> <span class='ocrx_word' id='word_1_871' title='bbox 2305 5537 2378 5614; x_wconf 66' lang='lat' dir='ltr'>de</span> <span class='ocrx_word' id='word_1_872' title='bbox 2410 5539 2813 5614; x_wconf 90' lang='lat' dir='ltr'>pec_cat_oribus</span> <span class='ocrx_word' id='word_1_873' title='bbox 2835 5528 3569 5614; x_wconf 44' lang='lat' dir='ltr'>adultis.contendebat.-</span> <span class='ocrx_word' id='word_1_874' title='bbox 3595 5528 3926 5614; x_wconf 78' lang='lat' dir='ltr'>Bellarmin.,</span> 
     </span>
    </p>
   </div>
   <div class='ocr_carea' id='block_1_60' title="bbox 544 5601 3209 5683">
    <p class='ocr_par' dir='ltr' id='par_1_60' title="bbox 544 5601 3209 5683">
     <span class='ocr_line' id='line_1_60' title="bbox 544 5601 3209 5683; baseline 0.001 -22"><span class='ocrx_word' id='word_1_875' title='bbox 544 5607 750 5683; x_wconf 62' lang='lat' dir='ltr'>Deum,</span> <span class='ocrx_word' id='word_1_876' title='bbox 786 5602 977 5683; x_wconf 66' lang='lat' dir='ltr'>ipsam</span> <span class='ocrx_word' id='word_1_877' title='bbox 1007 5601 1359 5683; x_wconf 61' lang='lat' dir='ltr'>degiderant-</span> <span class='ocrx_word' id='word_1_878' title='bbox 1404 5672 1418 5683; x_wconf 85' lang='lat'>_</span> <span class='ocrx_word' id='word_1_879' title='bbox 1452 5672 1465 5683; x_wconf 38' lang='grc' dir='ltr'><strong>ε</strong></span> <span class='ocrx_word' id='word_1_880' title='bbox 1644 5673 1654 5683; x_wconf 86' lang='lat'><em>_</em></span> <span class='ocrx_word' id='word_1_881' title='bbox 1754 5679 1786 5683; x_wconf 88' lang='lat'><strong><em>_</em></strong></span> <span class='ocrx_word' id='word_1_882' title='bbox 1834 5674 1848 5683; x_wconf 86' lang='lat'>_</span> <span class='ocrx_word' id='word_1_883' title='bbox 2068 5678 2082 5683; x_wconf 92' lang='lat'><em>_</em></span> <span class='ocrx_word' id='word_1_884' title='bbox 2304 5601 3120 5683; x_wconf 35' lang='lat' dir='ltr'>lib}:dePurgatorioLcap.</span> <span class='ocrx_word' id='word_1_885' title='bbox 3154 5609 3209 5664; x_wconf 90' lang='lat'>9.</span> 
     </span>
    </p>
   </div>
   <div class='ocr_carea' id='block_1_61' title="bbox 619 5672 3925 5761">
    <p class='ocr_par' dir='ltr' id='par_1_61' title="bbox 619 5672 3925 5761">
     <span class='ocr_line' id='line_1_61' title="bbox 619 5672 3925 5761; baseline 0.005 -30"><span class='ocrx_word' id='word_1_886' title='bbox 619 5674 693 5756; x_wconf 79' lang='grc' dir='ltr'>(ὁ)</span> <span class='ocrx_word' id='word_1_887' title='bbox 724 5672 1045 5739; x_wconf 73' lang='lat' dir='ltr'>Accedebat</span> <span class='ocrx_word' id='word_1_888' title='bbox 1072 5672 1322 5751; x_wconf 86' lang='lat' dir='ltr'>Erigena</span> <span class='ocrx_word' id='word_1_889' title='bbox 1350 5672 1423 5731; x_wconf 89' lang='lat' dir='ltr'>ad</span> <span class='ocrx_word' id='word_1_890' title='bbox 1452 5672 1721 5734; x_wconf 56' lang='lat' dir='ltr'>heresim</span> <span class='ocrx_word' id='word_1_891' title='bbox 1752 5674 1969 5755; x_wconf 82' lang='lat' dir='ltr'>Pelagii</span> <span class='ocrx_word' id='word_1_892' title='bbox 1996 5678 2194 5739; x_wconf 84' lang='lat' dir='ltr'>volens</span> <span class='ocrx_word' id='word_1_893' title='bbox 2376 5684 2445 5757; x_wconf 78' lang='grc' dir='ltr'>(ο)</span> <span class='ocrx_word' id='word_1_894' title='bbox 2477 5681 2662 5742; x_wconf 87' lang='lat' dir='ltr'>Multa</span> <span class='ocrx_word' id='word_1_895' title='bbox 2683 5672 2955 5742; x_wconf 64' lang='lat' dir='ltr'>dEcerant</span> <span class='ocrx_word' id='word_1_896' title='bbox 2980 5672 3094 5758; x_wconf 69' lang='lat' dir='ltr'>hi6,</span> <span class='ocrx_word' id='word_1_897' title='bbox 3120 5681 3374 5761; x_wconf 82' lang='lat' dir='ltr'>reposita</span> <span class='ocrx_word' id='word_1_898' title='bbox 3392 5699 3462 5743; x_wconf 83' lang='lat' dir='ltr'>ex</span> <span class='ocrx_word' id='word_1_899' title='bbox 3485 5698 3597 5749; x_wconf 85' lang='lat' dir='ltr'>ms.</span> <span class='ocrx_word' id='word_1_900' title='bbox 3623 5682 3755 5747; x_wconf 87' lang='lat' dir='ltr'>Cod.</span> <span class='ocrx_word' id='word_1_901' title='bbox 3783 5686 3925 5749; x_wconf 86' lang='lat' dir='ltr'>Corb.</span> 
     </span>
    </p>
   </div>
  </div>
