4100 6442
141 398 259 459 2Οό

1143 408 1372 470 LlBElt
1417 409 1825 473 ADVERSUS
1868 411 2238 474 JOANNEM
2278 414 2618 477 SCORUM.

3465 420 3585 483 206

140 536 248 601 est,
286 533 518 607 inquit,
550 534 613 592 in
646 535 874 594 inferno
921 537 1018 595 ille
1066 539 1249 607 dives,
1282 542 1354 598 de
1385 547 1502 615 quo
1531 543 1817 599 Dominus
1846 545 1900 610 Α
1931 545 2785 616 posseinveniri,necamiseris
2817 547 3112 605 damnatis
3140 551 3443 622 tamquam
3458 548 3585 607 lon-

137 623 281 678 dicit
314 641 329 679 :
371 625 535 692 Quod
575 628 859 683 Lazarum
904 629 1045 685 vidit
1075 631 1133 685 in
1162 633 1368 702 requie,
1406 635 1520 704 ipse
1549 641 1731 689 autem
1760 635 1817 688 in

136 715 430 769 tormentis
461 714 682 773 dolebat
705 717 858 787 (Luc.
890 735 1010 785 xvx,
1050 719 1162 791 23),
1197 737 1387 792 usque
1416 721 1560 778 adeo
1590 722 1817 778 confes-

136 820 260 872 sus,
293 807 367 859 ut
403 804 588 861 etiam
640 808 864 864 moneri
908 826 1050 865 suos
1097 808 1270 866 vellet
1313 816 1377 866 ut
1406 828 1468 867 se
1499 829 1534 867 a
1564 812 1817 885 peccatis

135 891 518 962 cohiberent,
545 901 787 969 propter
824 914 1029 970 poenas
1068 915 1217 971 quas
1250 901 1407 973 apud
1438 900 1655 956 inferos
1689 918 1817 958 esse

134 998 247 1037 non
273 983 563 1040 credunt.
600 986 876 1050 Quamvis
915 1003 1053 1060 ergo
1102 987 1323 1044 frustra
1371 990 1674 1046 confessus
1704 994 1812 1059 est,

133 1075 253 1127 tam
307 1071 437 1127 sibi
491 1074 705 1129 merito
750 1073 853 1131 illa
898 1075 1184 1132 accidisse
1234 1081 1545 1144 tormenta,
1578 1080 1814 1151 quando

129 1160 310 1216 etiam
347 1179 503 1218 suos
534 1179 607 1218 ne
636 1161 699 1218 in
726 1163 849 1220 haec
902 1164 1229 1222 inciderent
1275 1166 1468 1224 doceri
1519 1167 1812 1241 cupiebat.

129 1250 284 1317 Quid
307 1267 464 1324 ergo
487 1256 581 1308 est
604 1269 618 1307 :
641 1254 708 1308 In
728 1254 946 1324 inferno
967 1264 1151 1313 autem
1171 1258 1292 1328 quis
1310 1258 1655 1328 conﬁtebitur
1674 1257 1816 1315 tibi?

129 1341 312 1407 (Psal.
350 1357 433 1408 v1,
467 1340 550 1411 6.)
584 1341 667 1397 An
709 1340 769 1397 in
820 1343 1049 1400 inferno
1078 1344 1204 1400 vult
1233 1345 1499 1420 intelligi,
1534 1363 1650 1418 quo
1682 1351 1815 1419 post

123 1429 435 1501 judicium
470 1430 1003 1503 praecipitabuntur
1050 1432 1237 1507 impii,
1272 1434 1372 1491 ubi
1394 1436 1544 1507 jam,
1576 1441 1814 1509 propter

130 1518 564 1591 profundiores
593 1520 888 1588 tenebras,
918 1521 1144 1578 nullam
1178 1523 1277 1579 Dei
1309 1523 1501 1579 lucem
1531 1524 1815 1580 videbunt

132 1607 221 1662 cui
252 1608 501 1681 aliquid
547 1610 956 1668 conﬁteantur.
982 1612 1130 1667 Nam
1172 1611 1283 1669 iste
1332 1613 1524 1669 adhuc
1573 1612 1811 1670 elevatis

130 1695 346 1766 oculis,
386 1698 667 1770 quamvis
710 1697 955 1755 immani
988 1701 1279 1773 profundo
1310 1701 1674 1775 interposito,
1708 1719 1810 1776 po-

130 1786 243 1842 tuit
272 1791 492 1843 tamen
520 1787 718 1843 videre
745 1787 1027 1845 Lazarum
1059 1789 1118 1845 in
1149 1792 1348 1863 requie
1396 1792 1806 1862 constitutum,

133 1892 198 1931 ex
225 1877 412 1949 cujus
444 1876 885 1949 comparatione
917 1878 989 1934 ad
1016 1879 1444 1937 confessionem
1468 1886 1705 1937 coactus
1723 1885 1813 1938 est

132 1965 498 2021 meritorum
529 1982 795 2022 suorum.
831 1966 895 2023 In
925 1967 1018 2023 his
1065 1969 1259 2024 verbis
1312 1971 1500 2026 sancti
1555 1970 1810 2027 doctoris

131 2072 247 2111 non
261 2060 364 2112 est
376 2055 633 2111 fortasse
649 2056 1044 2112 necessarium
1064 2061 1128 2112 ut
1143 2058 1260 2114 duo
1282 2058 1453 2114 inferi
1476 2058 1807 2133 intelligan-

130 2150 248 2211 tur,
276 2162 445 2201 unus
469 2160 588 2217 quo
609 2162 768 2200 nunc
799 2146 1243 2219 pracipitantur
1272 2149 1480 2203 anima:
1507 2149 1810 2204 damnato-

132 2251 293 2301 rum,
327 2238 393 2289 et
425 2232 583 2289 alius
614 2249 731 2305 quo
771 2237 902 2305 post
940 2234 1237 2305 judicium
1288 2235 1811 2309 praecipitabuntur

131 2324 316 2379 etiam
351 2338 496 2379 cum
526 2322 652 2379 suis
683 2323 1025 2395 corporibus
1048 2323 1159 2379 illa:
1185 2325 1323 2397 ipsa:
1347 2325 1555 2381 anima:
1578 2326 1809 2399 punito-

132 2430 269 2468 rum
298 2430 312 2467 :
341 2413 449 2468 sed
478 2429 633 2468 unus
654 2417 828 2485 atque
854 2412 1009 2468 idem
1034 2412 1302 2470 infernus
1325 2419 1516 2487 potest
1535 2414 1806 2489 intelligi,

134 2520 295 2558 nunc
329 2501 656 2574 aliquando
689 2501 887 2557 mitior
914 2503 974 2558 in
1020 2503 1381 2560 cruciatibus
1429 2504 1804 2574 animarum;

132 2596 269 2664 post
278 2590 588 2664 judicium
616 2606 752 2647 vero
784 2591 1038 2648 atrocior
1055 2596 1113 2649 et
1133 2592 1470 2649 horribilior
1497 2592 1556 2647 in
1581 2593 1804 2650 crucia-

128 2682 295 2737 tibus
328 2680 672 2737 animarum
705 2680 882 2736 simul
912 2685 969 2737 et
999 2698 1331 2754 corporum.
1352 2683 1500 2739 Nam
1530 2686 1588 2739 et
1614 2683 1807 2740 Domi-

132 2789 249 2828 nus
281 2774 494 2827 noster
524 2773 840 2842 utramque
869 2769 1083 2826 inferni
1128 2788 1383 2844 poenam,
1416 2776 1472 2828 et
1500 2772 1805 2845 praesentis

129 2860 411 2916 videlicet
436 2858 730 2928 saeculi,et
761 2858 1019 2915 futuram
1051 2877 1168 2916 uno
1186 2860 1463 2934 gehennae
1488 2861 1724 2917 nomine
1744 2861 1804 2917 in

130 2949 476 3024 Evangeliis
524 2948 859 3022 signiﬁcare
894 2949 1144 3017 videtur,
1175 2966 1311 3005 cum
1345 2954 1404 3006 et
1433 2951 1503 3006 de
1533 2952 1805 3023 praesenti

130 3039 436 3113 supplicio
468 3038 610 3095 dicit
645 3055 659 3094 :
698 3039 896 3095 Timete
923 3056 1049 3095 eum
1077 3041 1192 3113 qui,
1220 3047 1507 3112 postquam
1529 3041 1805 3113 occiderit,

128 3130 291 3185 habet
319 3134 645 3200 potestatem
688 3129 903 3184 mittere
952 3130 1012 3183 in
1059 3129 1364 3199 gehennam
1396 3129 1544 3201 (Luc.
1576 3147 1675 3197 xu,
1706 3130 1760 3202 5)
1788 3148 1801 3199 ;

130 3224 187 3275 et
215 3219 294 3275 de
330 3217 534 3273 futuro
569 3233 583 3271 :
616 3216 720 3273 Sed
749 3219 951 3289 potius,
984 3217 1198 3290 inquit,
1230 3236 1356 3274 eum
1384 3220 1563 3275 timete
1591 3222 1689 3291 qui
1712 3236 1805 3291 po-

1927 649 1997 706 ge
2027 634 2307 706 positum,
2341 641 2398 692 et
2428 654 2462 691 a
2491 653 2554 692 se
2583 636 2818 708 penitus
2849 636 3167 694 alienatum
3201 637 3323 694 ulla
3349 637 3583 695 invoca-

1926 722 2103 789 tione,
2132 723 2254 779 ulla
2283 723 2711 797 supplicatione
2742 725 3097 799 placandum
3129 727 3223 800 (a).

1996 810 2174 866 Addit
2204 810 2394 866 adhuc
2425 811 2534 867 iste
2566 816 2623 867 et
2652 812 2797 869 dicit
2821 830 2834 867 :
2858 814 2923 868 In
2953 813 3172 870 diabolo
3201 822 3252 870 et
3281 816 3470 887 impiis
3490 814 3586 872 ho-

1924 899 2169 956 minibus
2196 916 2307 955 non
2330 903 2679 973 puniri,nisi
2692 904 3105 974 perversitatem
3119 905 3366 976 propriae
3392 904 3585 961 volun-

1926 991 2076 1055 tatis,
2107 1005 2207 1044 nec
2231 1006 2474 1061 peccasse
2502 999 2779 1064 naturam,
2803 992 2897 1048 sed
2916 993 3266 1050 voluntatem.
3303 993 3450 1049 Ecce
3479 992 3585 1050 ite-

1925 1093 2053 1133 rum
2075 1094 2197 1132 rem
2216 1095 2424 1134 novam
2443 1082 2500 1134 et
2515 1079 2861 1135 inauditam.
2880 1081 3043 1147 Quod
3061 1080 3171 1137 iste
3190 1082 3361 1137 dicit:
3378 1082 3439 1137 in
3461 1081 3584 1138 dia-

1924 1164 2056 1220 bolo
2071 1169 2124 1221 et
2148 1165 2349 1239 impiis
2367 1165 2710 1224 hominibus
2724 1173 2940 1224 aeterna
2950 1168 3277 1241 perditione
3289 1171 3583 1227 damnatis

1926 1270 2042 1310 non
2065 1270 2192 1310 esse
2206 1254 2567 1326 puniendam
2582 1261 2742 1312 aDeo
2764 1260 3034 1313 naturam
3049 1256 3446 1331 ipsorum,sed
3459 1262 3585 1314 tan-
3608 1284 3617 1291 -

1922 1344 2229 1399 tummodo
2242 1360 2577 1416 perversam
2592 1345 2949 1401 voluntatem
2970 1363 3173 1402 eorum
3187 1361 3204 1417 ;
3219 1364 3286 1403 eo
3300 1347 3479 1419 quod,
3484 1348 3578 1419 ju-

1922 1433 2206 1489 xtaistius
2219 1449 2481 1503 sensum,
2508 1450 2624 1490 non
2657 1435 2978 1506 peccaverit
2999 1440 3209 1493 natura
3227 1453 3453 1503 eorum,
3473 1426 3589 1492 sed'

1920 1520 2211 1578 voluntas.
2235 1522 2404 1579 Fides
2425 1527 2621 1580 autem
2643 1524 2910 1580 Ecclesiae
2931 1524 3212 1581 veraciter
3227 1525 3389 1581 novit
3408 1530 3465 1582 et
3486 1525 3580 1581 ﬁr-

1923 1609 2188 1667 missime
2201 1614 2359 1667 tenet
2371 1612 2512 1684 quia
2523 1617 2735 1669 natura
2747 1612 3049 1669 rationalis
3064 1613 3256 1670 sivein
3269 1613 3493 1689 angelis
3505 1613 3579 1670 si-

1920 1715 1988 1755 ve
2000 1699 2061 1755 in
2076 1700 2436 1769 hominibus,
2452 1700 2605 1758 sicut
2625 1700 2955 1759 naturalem
2978 1702 3153 1759 habet
3165 1702 3326 1759 aDeo
3338 1702 3577 1759 insitam

1919 1787 2229 1858 rationem,
2261 1789 2343 1845 ita
2380 1790 2708 1847 naturalem
2757 1791 2971 1848 habeat
3003 1809 3037 1846 a
3070 1796 3184 1849 Deo
3219 1791 3459 1849 insitam
3484 1807 3582 1847 vo-

1918 1878 2206 1935 luntatem
2240 1896 2253 1934 :
2290 1883 2347 1935 et
2377 1880 2485 1936 hoc
2515 1884 2724 1949 totum,
2756 1880 2814 1936 id
2856 1891 2944 1938 est
2994 1885 3266 1938 naturam
3319 1898 3454 1938 cum
3494 1897 3583 1936 ra-

1920 1968 2077 2024 tione
2108 1985 2235 2035 sua,
2264 1968 2351 2024 vel
2382 1972 2655 2026 naturam
2706 1987 2841 2026 cum
2892 1969 3189 2026 voluntate
3237 1987 3348 2027 sua
3397 1969 3577 2026 simul

1919 2073 2099 2112 unam
2115 2073 2243 2114 esse
2255 2061 2527 2114 naturam
2544 2077 2557 2127 ;
2572 2058 2656 2114 ita
2678 2064 2743 2115 ut
2764 2076 2869 2115 nec
2896 2063 3110 2115 natura
3138 2059 3253 2115 ista
3272 2058 3578 2115 rationalis

1918 2147 2244 2218 possitesse
2262 2146 2486 2219 absque
2505 2147 2822 2216 voluntate,
2839 2165 2945 2204 nec
2955 2146 3225 2205 voluntas
3237 2148 3461 2220 absque
3478 2164 3578 2205 na-

1918 2237 2051 2291 tura
2068 2236 2164 2308 (b).
2190 2235 2484 2308 Quidquid
2515 2252 2651 2309 ergo
2682 2236 2797 2292 ista
2826 2241 3038 2293 natura
3064 2236 3209 2306 vult,
3240 2254 3355 2293 non
3380 2240 3574 2309 potest

1917 2324 2175 2381 alienum
2198 2341 2326 2381 esse
2347 2326 2421 2381 ab
2442 2325 2571 2397 ipsa
2590 2329 2894 2394 natura,ut
2909 2326 2981 2381 ad
3003 2325 3190 2382 solam
3211 2325 3571 2383 voluntatem

1919 2415 2237 2484 referatur;
2261 2414 2399 2487 quia
2420 2416 2656 2487 quando
2679 2414 2902 2487 aliquid
2924 2414 3048 2471 vult
3069 2415 3185 2471 ista
3202 2419 3432 2484 natura,
3453 2432 3571 2470 non

1918 2503 2120 2576 utique
2141 2503 2201 2559 in
2224 2508 2388 2576 parte
2409 2505 2502 2560 sui
2524 2503 2648 2562 vult
2667 2509 2725 2559 et
2745 2504 2804 2558 in
2836 2508 3001 2576 parte
3031 2521 3147 2560 non
3167 2502 3430 2574 vult,sed
3451 2508 3573 2560 tota

1917 2592 2122 2665 utique
2154 2592 2295 2649 vult.
2329 2594 2459 2649 Sive
2489 2593 2689 2667 itaque
2718 2594 2788 2649 ad
2820 2593 3040 2649 bonum
3088 2596 3412 2665 moveatur,
3442 2593 3573 2666 ipsa

1914 2681 2211 2739 voluntate
2232 2686 2354 2738 tota
2383 2682 2493 2739 hoc
2526 2682 2679 2756 agit;
2712 2682 2832 2739 sive
2863 2699 2894 2737 e
2925 2682 3213 2739 contrario
3242 2683 3316 2739 ad
3346 2682 3570 2739 malum

1916 2771 2185 2828 similiter
2212 2775 2336 2827 tota
2363 2771 2473 2828 hoc
2504 2771 2644 2845 agit.
2673 2773 2741 2827 Et
2769 2771 2899 2828 ideo
2931 2771 3049 2829 sive
3091 2773 3165 2828 ad
3196 2771 3418 2828 bonum
3451 2771 3572 2829 sive

1915 2862 1986 2917 ad
2023 2859 2248 2916 malum
2281 2864 2739 2929 moveatur,tota
2769 2861 2972 2934 utique
3002 2864 3283 2918 movetur.
3299 2861 3410 2918 Sed
3434 2878 3571 2917 cum

1915 2953 2180 3005 movetur
2200 2950 2270 3005 ad
2294 2950 2535 3019 bonum,
2561 2948 2746 3005 virtus
2766 2954 2855 3006 est
2880 2975 2895 3019 ;
2917 2967 3052 3006 cum
3075 2953 3341 3006 movetur
3361 2951 3433 3007 ad
3446 2967 3570 3021 ma-

1914 3037 2060 3107 lum,
2083 3037 2293 3094 vitium
2314 3040 2442 3110 ejus
2466 3043 2572 3095 est.
2589 3039 2658 3094 Et
2682 3038 2833 3106 ideo,
2849 3039 3000 3095 sicut
3020 3057 3122 3113 per
3141 3039 3420 3095 virtutem
3444 3043 3570 3096 tota

1914 3127 2120 3183 melior
2148 3127 2421 3196 efﬁcitur,
2441 3144 2574 3184 cum
2608 3132 2873 3184 movetur
2905 3129 2978 3184 ab
3009 3128 3360 3198 bonum;sic
3381 3127 3573 3202 pervi-

1913 3216 2063 3271 tium
2084 3220 2205 3272 tota
2228 3217 2480 3272 deterior
2498 3218 2583 3285 ﬁt,
2610 3234 2744 3273 cum
2775 3222 3041 3273 movetur
3071 3217 3143 3273 ad
3176 3216 3422 3273 malum.
3441 3216 3568 3272 Non

130 3316 231 3365 test
260 3316 318 3365 et
349 3309 601 3363 animam
631 3314 685 3362 et
711 3322 904 3378 corpus
928 3307 1155 3379 perdere
1187 3310 1247 3363 in
1266 3308 1569 3379 gehennam
1591 3290 1795 3377 (Matth.
1831 3290 1873 3358 C
1912 3322 2046 3379 ergo
2078 3304 2204 3361 sola
2232 3304 2532 3362 voluntate
2582 3306 2923 3361 melioratur
2951 3323 3020 3362 ex
3047 3304 3284 3378 virtute,
3317 3305 3419 3362 sed
3446 3308 3569 3361 tota

130 3416 186 3466 x,
215 3399 342 3469 28).
378 3397 453 3451 Et
480 3395 669 3452 sancti
703 3396 904 3452 Patres
951 3396 1219 3453 Ecclesiae
1270 3398 1605 3470 frequenter
1644 3397 1803 3453 inve-

133 3487 389 3544 niuntur
416 3485 695 3541 eumdem
726 3484 923 3558 ignem
954 3488 1332 3554 aeternum,et
1351 3491 1485 3542 ante
1507 3486 1803 3559 judicium

132 3582 187 3633 et
216 3579 360 3650 post
384 3573 686 3647 judicium
716 3573 1014 3630 damnatis
1044 3574 1244 3647 impiis
1274 3575 1644 3631 inferendum
1677 3591 1804 3631 sen-

132 3667 307 3723 sisse.
346 3663 466 3721 Sed
507 3663 789 3736 praefatus
820 3663 1022 3720 doctor
1050 3667 1278 3720 tantam
1308 3663 1464 3721 intra
1492 3669 1805 3737 utramque

132 3754 589 3812 damnationem
612 3751 909 3826 signiﬁcat
927 3769 1056 3809 esse
1078 3753 1515 3822 distantiam,ut
1536 3771 1806 3827 nuncper

133 3845 435 3918 quasdam
466 3842 725 3899 visiones
754 3846 813 3898 et
841 3841 1346 3900 manifestationes
1375 3843 1657 3899 divinitus
1678 3861 1807 3916 pro-

132 3938 376 3991 curatas
409 3932 602 4005 possit
625 3930 747 3986 illic
777 3930 1150 4004 aliquatenus
1179 3930 1281 3987 lux
1308 3932 1409 3988 Dei
1445 3933 1670 4001 sentiri,
1705 3949 1809 4004 per

134 4040 321 4097 quam
342 4020 613 4078 damnati
638 4020 847 4077 saltem
870 4021 939 4076 ad
967 4021 1395 4077 confessionem
1417 4039 1659 4078 suorum
1682 4038 1808 4077 sce-

129 4113 329 4170 lerum
358 4108 811 4183 compellantur,
837 4113 903 4166 ut
922 4110 1065 4166 dum
1085 4109 1307 4182 aliquid
1325 4109 1530 4166 divinae
1552 4110 1703 4166 lucis
1723 4110 1809 4166 in-

134 4208 405 4270 tuentur,
420 4199 681 4255 habeant
709 4216 780 4256 ex
808 4198 936 4272 ipso
967 4198 1212 4255 indultae
1240 4198 1484 4256 visionis
1514 4205 1807 4274 respectu,

136 4292 230 4349 cui
261 4291 687 4348 conﬁteantur.
713 4290 880 4345 Tunc
912 4292 1109 4345 autem
1145 4289 1468 4362 majoribus
1487 4289 1616 4361 jam
1648 4294 1707 4347 et
1730 4291 1808 4347 ir-

137 4377 633 4438 remediabilibus
659 4377 921 4434 tenebris
942 4378 1229 4451 oppressi,
1246 4377 1393 4434 nihil
1414 4378 1530 4435 tale
1550 4396 1811 4438 merean-

136 4478 235 4529 tur
264 4470 557 4543 aspicere,
573 4483 677 4540 per
708 4467 864 4539 quod
893 4467 1125 4540 possint
1154 4468 1225 4523 ad
1259 4467 1687 4525 confessionem
1712 4468 1812 4526 ali-

141 4578 324 4635 quam
355 4556 685 4633 provocari,
704 4560 773 4612 ut
786 4556 1089 4614 verissime
1119 4557 1189 4613 de
1217 4557 1303 4613 eis
1335 4557 1621 4630 scriptum
1640 4558 1808 4615 intel-

135 4649 390 4725 ligatur:
418 4648 699 4717 Quoniam
726 4662 840 4702 non
862 4654 938 4702 est
970 4648 1033 4702 in
1061 4654 1233 4702 morte
1263 4648 1361 4718 qui
1380 4663 1588 4703 memor
1612 4649 1686 4703 sit
1700 4649 1812 4716 tui;
1845 4668 1888 4733 ι)

136 4742 195 4795 in
228 4740 461 4811 inferno
490 4743 675 4792 autem
703 4737 828 4808 quis
858 4735 1205 4806 conﬁtebitur
1233 4735 1384 4791 tibi?
1412 4736 1585 4805 (Psal.
1619 4752 1698 4805 v1,
1728 4738 1808 4811 6.)

140 4829 301 4887 Unde
323 4832 385 4885 et
410 4825 698 4900 propheta
729 4823 912 4881 Isaias
940 4823 1093 4879 hanc
1124 4823 1616 4881 irremediabilem
1646 4826 1812 4881 dam-

138 4918 447 4975 nationem
480 4913 828 4989 prazvidens,
853 4918 911 4970 et
931 4913 1364 4987 praevidendam
1386 4917 1560 4986 atque
1592 4931 1813 4986 praeca-

139 5009 399 5065 vendam
451 5002 845 5061 attentissime
894 5019 1296 5072 commoneas,
1330 5002 1431 5058 ubi
1462 5004 1580 5074 jam
1613 5003 1816 5060 nullus

144 5098 250 5155 erit
280 5097 455 5153 locus
491 5095 672 5150 Deum
712 5092 1068 5162 inveniendi,
1103 5092 1268 5149 nulla
1296 5092 1484 5166 gratia
1508 5092 1693 5149 Deum
1724 5093 1815 5149 in-

143 5184 395 5244 vocandi
428 5200 443 5239 :
480 5183 742 5253 Quaerite,
770 5181 983 5256 inquit,
1001 5184 1190 5250 Deum,
1205 5183 1336 5239 dum
1356 5183 1599 5239 inveniri
1626 5191 1815 5256 potest,

1915 3394 2282 3463 melioratur;
2304 3410 2410 3450 nec
2437 3394 2560 3451 sola
2578 3393 2878 3451 voluntate
2907 3394 3297 3451 deterioratur
3316 3411 3385 3450 ex
3403 3393 3564 3462 vitio,

1913 3485 2014 3540 sed
2040 3487 2158 3540 tota
2175 3483 2561 3541 deterioratur
2584 3501 2596 3539 :
2621 3484 2705 3540 ita
2723 3489 2791 3540 ut
2808 3487 2865 3541 et
2884 3500 2987 3557 per
3006 3483 3285 3540 virtutem
3308 3500 3425 3540 non
3439 3480 3567 3539 sola

1910 3572 2204 3643 voluntas,
2239 3574 2340 3630 sed
2371 3578 2495 3630 tota
2522 3572 2652 3646 ipsa
2677 3578 2888 3630 natura
2914 3573 3204 3630 efﬁciatur
3232 3574 3425 3643 bona;
3458 3576 3516 3629 et
3535 3589 3567 3630 e

1915 3663 2205 3719 contrario
2222 3680 2325 3735 per
2338 3662 2544 3719 vitium
2568 3680 2684 3719 non
2715 3663 2839 3719 sola
2865 3662 3156 3732 voluntas,
3172 3663 3274 3719 sed
3297 3666 3419 3720 tota
3437 3661 3569 3736 ipsa

1915 3753 2125 3806 natura
2155 3750 2444 3807 efﬁciatur
2474 3749 2649 3818 mala,
2682 3767 2799 3806 non
2831 3750 3152 3808 amittendo
3183 3752 3403 3807 bonum
3434 3751 3571 3808 sub-

1915 3838 2145 3895 stantiae
2167 3856 2309 3908 suae,
2343 3840 2445 3897 sed
2476 3844 2748 3912 corrupta
2778 3844 2835 3895 et
2864 3840 3181 3912 depravata
3198 3840 3337 3897 vitio
3366 3838 3571 3897 volun-

1915 3927 2055 3984 tatis
2078 3946 2219 3984 suae.
2246 3928 2391 3985 Cum
2413 3945 2519 4001 ego
2544 3934 2757 3985 natura
2784 3929 2907 3986 haec
2934 3932 3086 3986 recte
3117 3929 3258 4004 agit,
3284 3934 3409 3986 tota
3428 3929 3568 4003 agit,

1917 4016 2059 4088 quia
2089 4020 2212 4073 tota
2242 4017 2353 4073 hoc
2380 4016 2526 4073 vult.
2561 4018 2628 4073 Et
2658 4035 2793 4073 cum
2832 4033 3102 4090 perverse
3131 4017 3272 4090 agit,
3305 4015 3576 4073 similiter

1916 4108 2039 4161 tota
2061 4105 2201 4179 agit,
2229 4106 2370 4179 quia
2391 4110 2514 4162 tota
2535 4106 2646 4163 hoc
2665 4105 2808 4162 vult.
2824 4106 2895 4162 Et
2912 4104 3285 4178 ideojustum
3309 4108 3399 4162 est
3419 4104 3577 4178 apud

1918 4201 2102 4251 Deum
2138 4199 2203 4251 ut
2233 4200 2292 4252 et
2320 4213 2425 4269 pro
2457 4196 2606 4252 bene
2653 4196 2835 4268 gestis
2883 4198 3008 4251 tota
3053 4193 3428 4268 gloriﬁcetur,
3460 4197 3519 4250 et
3546 4208 3577 4249 e

1919 4285 2210 4342 contrario
2232 4302 2337 4357 pro
2360 4284 2515 4341 male
2534 4284 2719 4357 gestis
2747 4288 2872 4340 tota
2901 4284 3231 4339 damnetur.
3253 4283 3400 4339 Nam
3433 4282 3484 4339 si
3515 4281 3578 4339 in

1919 4372 2144 4448 angelis
2174 4373 2452 4447 malignis
2486 4378 2543 4428 et
2571 4372 2918 4430 hominibus
2945 4371 3146 4444 impiis
3167 4389 3286 4428 non
3315 4370 3581 4445 peccavit

1920 4467 2150 4533 natura,
2185 4463 2284 4519 sed
2312 4462 2606 4518 voluntas.
2640 4463 2789 4536 Ergo
2821 4466 2879 4519 et
2904 4461 2965 4518 in
3009 4460 3233 4535 angelis
3270 4460 3488 4519 sanctis
3519 4463 3579 4518 et

1920 4553 1980 4609 in
2010 4551 2352 4609 hominibus
2383 4551 2496 4624 piis
2527 4569 2643 4608 non
2675 4550 2900 4625 aliquid
2924 4555 3077 4608 recte
3097 4551 3215 4625 egit
3233 4550 3322 4608 vel
3353 4550 3575 4622 aliquid

1920 4641 2057 4698 boni
2088 4642 2304 4698 meruit
2333 4647 2537 4698 eo’rum
2570 4646 2802 4710 natura,
2837 4642 2938 4698 sed
2969 4639 3096 4698 sola
3122 4639 3413 4698 voluntas.
3437 4641 3509 4696 Et
3525 4639 3577 4696 si

1921 4732 1982 4786 in
2013 4730 2161 4804 ipsis
2192 4730 2416 4806 angelis
2447 4730 2724 4805 malignis
2755 4734 2814 4787 et
2842 4730 3185 4788 hominibus
3230 4729 3430 4804 impiis
3459 4747 3577 4786 non

1920 4825 2044 4876 tota
2073 4825 2303 4891 natura,
2338 4821 2439 4878 sed
2470 4820 2602 4878 sola
2628 4820 2901 4878 voluntas
2921 4819 3339 4891 damnabitur;
3370 4836 3505 4894 ergo
3522 4822 3580 4875 et

1921 4911 2168 4980 in’istis,
2202 4911 2260 4966 id
2318 4915 2408 4967 est
2464 4910 2684 4967 sanctis
2730 4910 2954 4984 angelis
2986 4914 3043 4967 et
3072 4910 3413 4966 hominibus
3459 4925 3578 4965 non

1924 5005 2047 5058 tota
2077 5004 2308 5069 natura,
2341 5001 2442 5057 sed
2492 5000 2619 5057 sola
2664 4999 2937 5057 voluntas
2991 4998 3432 5072 gloriﬁcabitur.
3467 4998 3579 5055 Sed

1926 5090 2323 5148 certissimum
2356 5093 2463 5157 est,
2499 5093 2554 5146 et
2584 5089 2990 5146 indubitanter
3036 5089 3184 5144 ﬁdes
3230 5090 3407 5155 tenet,
3440 5086 3584 5158 quia

1927 5184 1984 5238 et
2004 5180 2347 5254 angelorum
2371 5184 2709 5236 sanctorum
2732 5182 2855 5234 tota
2877 5180 3090 5233 natura
3101 5177 3229 5248 jam
3251 5175 3585 5232 beatiﬁcata

146 5278 399 5333 invocate
427 5289 557 5329 eum
605 5272 738 5328 dum
776 5287 947 5346 prope
1003 5278 1083 5327 est
1113 5271 1241 5343 (Isa.
1280 5288 1365 5340 LV,
1398 5271 1475 5339 6).
1509 5270 1818 5327 Manifesta
1929 5275 1985 5328 et
2014 5269 2339 5345 gloriﬁcata
2368 5273 2492 5338 est;
2521 5267 2795 5325 similiter
2824 5270 2881 5322 et
2902 5269 3242 5321 sanctorum
3272 5263 3582 5320 hominum

149 5364 472 5423 ostendens
499 5377 636 5419 eum
666 5378 1048 5435 nequaquam
1070 5360 1131 5416 in
1162 5359 1262 5415 illa
1281 5360 1409 5431 jam
1441 5360 1819 5418 damnatione
1927 5365 2054 5418 tota
2082 5363 2294 5416 natura
2326 5363 2384 5415 et
2412 5357 2803 5415 beatiﬁcanda
2851 5359 2941 5411 est
2977 5357 3034 5410 et
3062 5352 3463 5426 gloriﬁcanda.
3498 5353 3586 5409 Ita

1160 5476 1375 5533 NOT/E
1412 5475 1753 5536 DUVALLII
1792 5476 2148 5536 DOCTORIS
2188 5473 2590 5531 SORBONICI.

218 5582 295 5659 (ᾳ)
326 5579 459 5659 Huc
491 5594 681 5659 usque
710 5577 934 5659 Emissa
962 5577 1022 5633 in
1055 5592 1168 5659 ms.
1203 5575 1339 5658 Cod.
1374 5574 1606 5659 Thuan.

218 5647 290 5730 (b)
320 5651 463 5727 Agit
485 5647 690 5707 contra
710 5649 1018 5724 Erigonam
1041 5648 1112 5705 ad
1134 5647 1458 5716 hominem,
1481 5647 1583 5778 qui
1608 5647 1814 5734 volun-.-

218 5729 333 5779 tam
366 5723 559 5779 solam
591 5727 893 5779 peccasset
912 5738 1028 5779 non
1052 5723 1325 5779 naturam
1356 5725 1487 5779 tene
1530 5724 1617 5779 at:
1645 5737 1814 5779 uuam

151 5721 333 5791 tatem
366 5721 559 5785 s'olam
590 5721 893 5801 peccasset
912 5738 1028 5783 non
1052 5723 1325 5780 naturam
1356 5721 1617 5793 tenebat;
1645 5721 1814 5798 quasi

1922 5575 2195 5634 voluntas
2240 5576 2389 5648 agat
2446 5570 2668 5648 aliquid
2725 5570 2881 5648 quod
2932 5587 3048 5648 non
3098 5572 3234 5648 agat
3282 5568 3480 5648 homo,
3526 5571 3586 5627 et

1924 5650 1985 5707 in
2016 5648 2125 5779 htoc
2155 5641 2466 5725 Erigénam
2520 5641 2769 5705 delirare
2825 5647 2883 5703 et
2930 5641 3191 5705 insanire
3234 5641 3444 5705 merito
3483 5658 3584 5704 a8-

1924 5737 2039 5782 seri
2072 5762 2086 5781 .
2292 5750 2297 5754 ν
