4100 6466
545 379 664 442 207

1647 381 1879 444 FLOBI
1919 378 2240 441 DIACONI
2283 378 2855 443 LUGDUNENSIS.

3844 375 3978 448 208

546 508 682 592 ergo
704 536 734 575 e
765 518 1057 575 contrario
1084 520 1305 592 absque
1334 517 1455 574 ulla
1483 515 1846 573 dubitatione
1874 513 2194 570 tenendum
2223 519 2281 587 Α
2306 513 2422 582 20).
2456 512 2616 586 Opus
2648 513 2806 569 enim
2835 513 2939 570 Dei
2964 512 3181 588 culpat,
3215 516 3372 589 quod
3422 519 3514 573 est
3555 512 3754 581 homo,
3786 516 3847 571 et
3881 514 3981 568 vi-
4036 541 4067 579 ές

547 611 637 664 est
659 607 799 681 quia
829 611 886 664 et
913 608 976 664 in
1010 607 1236 682 angelis
1265 606 1541 680 malignis
1570 610 1627 661 et
1653 606 1712 660 in
1734 601 2201 660 hominibusim-

544 697 659 771 piis
678 715 795 755 non
817 698 943 754 sola
959 697 1250 766 voluntas,
1276 697 1377 752 sed
1406 699 1529 751 tota
1556 698 1769 749 natura
1797 691 2195 759 damnabitur,

547 786 688 860 quia
707 794 825 844 tola
843 787 1122 861 peccavit.
1147 788 1262 843 Iste
1283 789 1497 853 autem,
1514 787 1717 839 contra
1736 798 1973 838 omnem
1998 782 2196 850 ﬁdem,

548 881 605 932 et
623 876 927 933 veritatem
960 876 1082 944 Dei,
1105 876 1235 931 ideo
1264 875 1379 931 tale
1407 877 1821 947 argumentum
1850 868 2199 937 introduxit,

548 970 617 1022 ut
646 966 869 1023 scilicet
897 965 1153 1040 angelos,
1187 968 1244 1021 et
1272 963 1542 1020 homines
1586 962 1775 1018 malos
1807 961 1867 1016 in
1899 958 2024 1015 sola
2047 958 2203 1015 dicat

547 1055 846 1112 voluntate
877 1054 1260 1123 damnandos,
1286 1057 1351 1109 ut
1368 1053 1582 1108 habeat
1608 1051 1804 1106 locum
1835 1050 1963 1120 ejus
1995 1048 2204 1103 insana

550 1144 796 1214 fallacia,
820 1150 876 1201 et
897 1143 1085 1217 possit
1106 1143 1319 1212 dicere,
1343 1142 1496 1198 sicut
1514 1139 1788 1213 superius
1802 1139 1929 1211 jam
1952 1137 2118 1205 dixit,
2141 1135 2202 1191 in

550 1236 682 1309 igne
702 1239 913 1290 eterna
935 1232 1162 1290 nullam
1185 1232 1361 1289 aliam
1382 1232 1640 1288 futuram
1666 1246 1794 1284 esse
1816 1244 2067 1301 pcenam,
2089 1224 2202 1282 nisi

550 1324 878 1380 absentiam
909 1322 1296 1380 beatitudinis
1333 1340 1344 1377 :
1380 1325 1446 1376 ut
1477 1324 1533 1376 et
1557 1318 1781 1375 nullam
1831 1316 1912 1372 ibi
1968 1332 2202 1390 poenam

547 1414 911 1470 extrinsecus
942 1412 1202 1486 patiatur
1245 1415 1456 1467 natura
1499 1405 1762 1482 angelica
1784 1405 1869 1463 vel
1901 1406 2201 1473 humana;

547 1504 706 1575 quia,
734 1504 907 1575 juxta
936 1503 1117 1574 hujus
1149 1518 1415 1565 sensum,
1448 1517 1563 1555 non
1595 1496 1875 1570 peccavit,
1898 1499 1955 1552 et
1977 1494 2103 1551 sola
2121 1493 2205 1549 in-

544 1593 837 1650 trinsecus
869 1594 928 1648 in
962 1591 1318 1647 conscientia
1345 1588 1624 1662 puniatur
1645 1586 1935 1653 voluntas,
1961 1583 2120 1657 quia,
2141 1587 2206 1638 ut

546 1681 658 1738 iste
680 1681 840 1749 dicit,
856 1681 981 1737 sola
1010 1679 1297 1753 peccavit;
1317 1683 1373 1735 et
1403 1677 1684 1750 puniatur
1715 1692 1831 1730 non
1867 1672 2062 1745 aliquo
2085 1676 2203 1727 tor-

548 1774 747 1826 mento
778 1788 961 1843 pmnae
993 1768 1315 1837 exterioris,
1350 1768 1450 1823 sed
1485 1765 1610 1822 sola
1640 1761 1909 1820 absentia
1950 1760 2204 1817 beatitu-

549 1860 726 1928 dinis,
742 1876 919 1932 quam
938 1876 1053 1915 non
1083 1858 1342 1925 habebit,
1367 1860 1422 1911 et
1442 1849 2025 1959 proh‘ibit‘ionenpravi
2049 1848 2202 1948 desi-
2233 1894 2282 1959 B

550 1948 695 2005 derii
727 1949 839 2019 sui,
873 1948 1029 2021 quod
1063 1947 1112 2003 ei
1145 1947 1374 2020 explere
1418 1962 1531 2000 non
1586 1943 1803 1998 licebit.
1838 1943 1973 2007 Quae
2005 1937 2205 1994 omnia

551 2055 730 2112 quam
753 2037 871 2094 sint
892 2036 1185 2094 contraria
1214 2035 1348 2091 ﬁdei
1381 2038 1436 2089 et
1454 2031 1706 2100 veritati,
1730 2034 1786 2087 et
1814 2033 2104 2102 quantum
2126 2027 2205 2083 fa-

545 2130 721 2184 veant
747 2126 1032 2184 voluntati
1059 2123 1275 2181 diaboli
1309 2122 1602 2180 adulando
1634 2119 1996 2186 hominibus,
2014 2134 2084 2173 ne
2101 2120 2204 2172 aut

545 2216 829 2273 veraciter
857 2232 919 2273 se
949 2230 1222 2288 peccasse
1253 2215 1692 2287 recognoscant,
1710 2210 1851 2266 dum
1882 2224 2087 2263 eorum
2105 2222 2202 2261 na-

543 2310 679 2362 tura
699 2322 813 2362 non
846 2321 1120 2378 peccasse
1145 2303 1502 2370 defenditur,
1536 2317 1640 2356 nec
1669 2298 1950 2355 veraciter
1980 2313 2041 2352 se
2073 2310 2202 2352 esse

544 2396 896 2469 puniendos,
925 2396 1067 2450 dum
1099 2410 1215 2450 non
1245 2408 1447 2448 eorum
1480 2396 1711 2458 natura,
1728 2389 1829 2444 sed
1862 2385 1989 2443 sola
2002 2382 2202 2440 volun-

543 2488 637 2541 tas
665 2483 881 2540 dicitur
911 2482 1375 2548 condemnanda,
1408 2477 1891 2535 manifestissime
1923 2474 2201 2530 omnibus

545 2577 724 2647 patet,
762 2572 861 2646 qui
891 2571 1099 2628 salutis
1130 2588 1251 2627 suae
1283 2586 1484 2626 curam
1514 2571 1744 2642 gerunt,
1779 2564 1879 2636 qui
1928 2562 2203 2618 haeretica

546 2664 846 2737 figmenta,
881 2666 936 2717 et
967 2660 1350 2716 deliramenta
1404 2659 1577 2731 longe
1627 2675 1661 2712 a
1705 2672 1767 2712 se
1817 2653 2112 2725 rejiciunt,
2145 2654 2202 2706 et

546 2751 943 2826 evangelicam
975 2754 1152 2823 atque
1181 2748 1564 2822 apostolicam
1596 2745 1900 2802 veritatem
1950 2740 2201 2797 ﬁdeliter

545 2844 896 2914 sequuntur.

616 2930 729 2987 Sed
754 2934 819 2985 ut
841 2929 911 2985 de
932 2928 1024 2985 his
1044 2946 1171 3001 qua:
1193 2931 1396 2984 contra
1416 2927 1543 2998 ejus
1564 2940 1842 2982 vesanam
1864 2925 1923 2978 et
1952 2919 2197 2993 impiam

547 3018 947 3076 deﬁnitionem
978 3017 1256 3085 diximus,
1292 3017 1508 3072 certius
1539 3019 1596 3071 et
1644 3013 1872 3068 ﬁrmius
1917 3011 2017 3083 qui
2075 3010 2198 3064 haec

543 3108 751 3182 legerit
778 3108 1107 3164 instruatur
1135 3106 1552 3179 subjungimus
1582 3104 1677 3159 hic
1705 3102 1882 3160 verba
1910 3098 2064 3156 beati
2086 3100 2200 3154 Au-

547 3198 791 3272 gustini,
824 3197 1041 3269 quibus
1070 3197 1141 3251 de
1183 3196 1292 3251 hac
1325 3212 1386 3250 re
1415 3194 1741 3250 clarissime
1772 3195 1828 3248 et
1855 3187 2198 3264 plenissime

2305 602 2456 659 tium
2487 603 2744 660 hominis
2774 603 2995 675 laudat,
3012 606 3169 678 quod
3191 610 3282 663 est
3313 604 3840 680 iniquitas.0mnis
3864 605 3981 660 ita-
4054 636 4067 643 -

2310 709 2421 764 que
2452 697 2682 760 natura,
2703 692 2934 750 etiamsi
2963 693 3174 751 vitiosa
3202 700 3311 763 est,
3341 697 3401 752 in
3432 700 3720 769 quantum
3752 698 3983 752 natura
4050 728 4067 760 ς

2309 785 2418 850 est,
2449 782 2605 838 bona
2633 787 2758 853 est;
2792 783 2852 838 in
2884 789 3171 856 quantum
3202 784 3413 842 vitiosa
3438 789 3546 855 est,
3580 784 3737 841 mala
3765 787 3886 841 est.

2380 872 2526 928 Ecce
2555 872 2902 929 venerabilis
2931 875 3131 931 doctor
3152 892 3267 931 non
3291 875 3432 931 dicit
3463 874 3647 931 solam
3676 873 3978 941 vitiatam,

2309 959 2396 1016 vel
2428 961 2697 1018 vitiosam
2741 962 3102 1020 voluntatem
3143 964 3403 1020 hominis
3435 964 3648 1020 malam
3680 980 3831 1033 esse,
3867 963 3979 1023 sed
4046 1013 4051 1016 .

2309 1049 2579 1107 vitiosam
2600 1050 2859 1108 hominis
2879 1057 3172 1123 naturam,
3189 1053 3407 1110 malam
3430 1071 3559 1110 esse
3580 1058 3857 1110 naturam
3877 1070 3891 1108 :
3910 1056 3981 1109 .et
4048 1120 4053 1124 δ

2313 1156 2434 1195 rem
2466 1157 2594 1212 quae
2627 1141 2783 1197 mala
2813 1145 2902 1198 est
2931 1147 3203 1199 naturam
3235 1160 3364 1200 esse
3389 1144 3730 1212 conﬁrmat;
3755 1146 3816 1199 et
3847 1158 3981 1198 ma-
4058 1184 4063 1185 κ

2310 1227 2438 1284 lum
2467 1228 2766 1286 hominem
2798 1231 2941 1287 dicit
2972 1231 3187 1289 malam
3218 1249 3348 1289 esse
3377 1238 3671 1289 naturam.
3691 1232 3779 1288 lta
3807 1231 3978 1288 enim

2314 1316 2394 1373 ait
2426 1335 2438 1373 :
2473 1317 2642 1391 [Quid
2676 1324 2765 1377 est
2809 1326 3007 1377 autem
3055 1322 3248 1378 malus
3293 1322 3490 1391 homo,
3527 1321 3637 1378 nisi
3667 1321 3827 1383 mala
3859 1338 3976 1377 na-
4064 1392 4067 1395 _

2312 1406 2531 1473 tura?]
2562 1406 2687 1464 Non
2720 1408 2865 1464 dixit
2895 1411 3051 1482 quod
3086 1411 3278 1468 malus
3327 1410 3502 1467 homo
3552 1411 3975 1483 tantummodo
4046 1452 4067 1483 χ

2314 1495 2470 1550 mala
2492 1494 2763 1553 voluntas
2796 1498 2893 1565 sit,
2927 1500 3027 1556 sed
3060 1499 3215 1556 mala
3242 1503 3472 1557 natura.
3491 1499 3775 1557 Videlicet
3805 1500 3974 1573 quia,
4062 1532 4068 1580 ς

2313 1600 2449 1639 cum
2483 1584 2675 1643 malus
2709 1592 2800 1643 est
2828 1587 3025 1658 homo,
3060 1606 3176 1645 non
3208 1589 3332 1646 sola
3360 1589 3678 1657 voluntate,
3712 1590 3817 1646 sed
3849 1593 3979 1647 tota
4056 1636 4061 1641 .

2313 1688 2423 1728 sua
2452 1678 2666 1730 natura
2695 1675 2889 1733 malus
2921 1678 3221 1735 est.Docet
3252 1682 3448 1735 tamen
3481 1678 3728 1736 ﬁdeliter
3756 1679 3979 1737 discer-

2312 1763 2594 1833 nendum,
2628 1781 2762 1820 cum
2793 1766 3066 1835 dicimus,
3099 1768 3281 1824 malus
3310 1770 3486 1837 homo,
3520 1768 3671 1824 inter
3701 1785 3853 1841 opus
3871 1768 3977 1824 Dei

2313 1854 2370 1906 et
2398 1850 2603 1907 vitium
2635 1851 2823 1925 ipsius
2854 1854 3146 1925 hominis;
3180 1857 3321 1930 quia
3348 1857 3631 1926 videlicet,
3663 1857 3975 1915 hominem
4052 1907 4067 1928 τ

2312 1957 2440 1995 esse
2471 1958 2618 2014 opus
2644 1942 2748 1999 Dei
2797 1948 2907 2010 est,
2938 1944 3212 2017 iniquum
3269 1963 3398 2002 esse
3452 1946 3657 2002 vitium
3707 1946 3974 2004 hominis

2311 2033 2419 2085 est.
2451 2030 2640 2104 Atque
2668 2031 2752 2087 ita
2783 2037 3075 2104 naturam,
3093 2035 3324 2093 etiamsi
3345 2034 3554 2092 vitiosa
3583 2040 3691 2106 est,
3707 2036 3767 2091 in
3786 2054 3977 2109 quan-

2311 2122 2438 2174 tum
2484 2124 2698 2176 natura
2726 2126 2835 2191 est,
2862 2122 3081 2179 bonam
3129 2141 3259 2180 esse
3293 2141 3305 2180 :
3340 2124 3401 2181 in
3433 2130 3722 2198 quantum
3752 2125 3973 2185 vitiosa

2311 2211 2418 2279 est,
2440 2208 2657 2266 malam
2688 2212 2915 2268 esse.In
2947 2212 3223 2270 omnibus
3254 2231 3392 2288 ergo
3422 2213 3516 2271 his
3545 2231 3663 2272 non
3684 2214 3974 2285 solam,ut

2309 2295 2419 2354 iste
2450 2299 2677 2367 asserit,
2708 2299 3090 2371 voluntatem,
3123 2304 3226 2359 sed
3280 2303 3471 2377 ipsam
3523 2308 3797 2362 naturam
3828 2304 3975 2362 dicit

2310 2403 2437 2442 esse
2463 2387 2700 2458 bonam,
2736 2389 2797 2445 in
2828 2395 3113 2463 quantum
3146 2396 3358 2449 natura
3387 2397 3510 2464 est;
3543 2393 3731 2467 ipsam
3764 2399 3969 2453 autem
4064 2391 4067 2453 ί

2288 2474 2583 2532 naturam
2610 2477 2750 2533 dicit
2775 2495 2904 2535 esse
2936 2479 3176 2550 malam,
3210 2480 3271 2537 in
3305 2486 3592 2555 quantum
3623 2482 3838 2540 vitiosa
3856 2489 3966 2543 est.

2309 2564 2427 2620 Hoc
2458 2565 2660 2638 itaque
2697 2566 2949 2624 ﬁdeliter
2996 2570 3387 2642 sequendum,
3416 2570 3701 2629 catholico
3732 2573 3972 2645 sapien-

2308 2655 2473 2723 dum,
2528 2655 2868 2714 ﬁrmissime
2925 2658 3297 2715 retinendum
3352 2664 3460 2729 est,
3516 2665 3582 2716 ut
3638 2661 3969 2721 certissime

2308 2760 2734 2817 cognoscamus
2765 2764 2870 2803 nec
2900 2747 3143 2822 maligni
3173 2748 3365 2823 angeli
3395 2767 3500 2807 nec
3530 2750 3671 2807 mali
3702 2750 3965 2808 hominis

2306 2832 2667 2890 voluntatem
2699 2836 2907 2908 solam,
2941 2838 3041 2894 sed
3072 2842 3254 2895 totam
3295 2855 3498 2896 eorum
3529 2844 3802 2899 naturam
3835 2858 3962 2898 ma-

2306 2921 2426 2978 lam
2459 2940 2587 2979 esse
2619 2941 2753 2980 cum
2786 2931 3047 2998 peccant,
3081 2931 3138 2984 et
3181 2931 3365 2984 totam
3423 2945 3626 2985 eorum
3685 2935 3958 2988 naturam

2307 3011 2463 3067 mala
2489 3016 2704 3069 aeterna
2732 3031 3143 3088 perpessuram
3175 3034 3303 3074 esse
3335 3034 3470 3073 cum
3493 3019 3955 3077 damnabuntur.

2375 3103 2552 3158 Addit
2582 3103 2693 3160 iste
2741 3104 2932 3161 adhuc
2961 3109 3017 3161 et
3048 3105 3224 3163 dicit:
3256 3108 3365 3165 Nec
3414 3110 3472 3163 in
3514 3110 3696 3180 primo
3740 3112 3959 3168 homine

2299 3208 2548 3265 peccasse
2601 3202 2821 3251 natura?
2893 3197 3324 3267 generalitatem,
3384 3197 3476 3254 sed
3530 3202 3959 3273 uniuscujusque

549 3270 734 3357 docet,
770 3286 971 3343 dicens
1004 3301 1017 3340 :
1050 3283 1310 3352 [Nullum
1342 3287 1431 3339 est
1461 3283 1617 3355 quod
1649 3280 1864 3336 dicitur
1892 3276 2192 3345 malum,8i
2224 3270 2268 3338 C
2305 3282 2651 3339 individuam
2677 3284 3028 3340 voluntatem.
3061 3284 3124 3340 Si
3149 3302 3213 3342 ea
3241 3294 3445 3343 natura
3471 3270 3960 3360 delinqueretpum

545 3378 775 3435 nullum
794 3377 871 3433 sit
887 3376 1107 3431 bonum
1124 3392 1137 3443 ;
1157 3375 1258 3430 sed
1273 3375 1492 3429 bonum
1511 3371 1672 3428 omni
1704 3369 1858 3426 malo
1881 3384 2086 3425 carens
2109 3366 2198 3420 in-

542 3473 775 3541 tegrum
807 3466 1029 3521 bonum
1059 3468 1168 3520 est.
1185 3464 1329 3518 Cum
1346 3480 1480 3518 vero
1501 3461 1658 3517 inest
1676 3457 2197 3526 malum,vitiatum

544 3557 634 3613 vel
659 3556 935 3612 vitiosum
965 3555 1188 3610 bonum
1219 3557 1337 3621 est;
1358 3569 1463 3607 nec
1482 3551 1704 3606 malum
1726 3564 1989 3621 unquam
2006 3548 2199 3619 potest

546 3664 675 3703 esse
705 3644 916 3715 ullum,
949 3643 1048 3699 ubi
1082 3648 1171 3698 est
1200 3643 1419 3697 bonum
1454 3640 1713 3696 nullum:
1740 3640 1895 3694 unde
1926 3653 2018 3692 res
2049 3634 2200 3690 mira

547 3735 879 3799 conﬁcitur,
911 3736 995 3800 ut,
1031 3732 1169 3804 quia
1199 3731 1392 3787 omnis
1422 3735 1653 3798 natura,
1689 3729 1748 3783 in
1781 3731 2067 3800 quantum
2098 3741 2199 3779 na-

546 3828 680 3880 tura
708 3827 817 3890 est,
849 3823 1071 3879 bonum
1103 3826 1210 3891 est,
1246 3820 1389 3876 nihil
1422 3819 1582 3877 aliud
1615 3819 1728 3874 dici
1751 3817 2034 3884 videatur,
2060 3830 2195 3870 cum

544 3914 757 3971 vitiosa
785 3916 998 3968 natura
1026 3911 1183 3967 mala
1201 3927 1328 3967 esse
1355 3915 1567 3966 natura
1597 3904 2195 3976 dicitur,nisima1um

545 4020 674 4060 esse
706 4003 858 4075 quod
891 4002 1114 4057 bonum
1145 4003 1252 4068 est,
1285 4017 1391 4055 nec
1421 3998 1646 4055 malum
1695 4013 1825 4053 esse
1874 3994 1988 4051 nisi
2039 3992 2194 4067 quod

544 4094 764 4149 bonum
778 4094 884 4158 est,
902 4108 1007 4147 nec
1021 4108 1112 4147 res
1125 4089 1323 4162 aliqua
1353 4089 1510 4145 mala
1530 4091 1702 4157 esset,
1726 4087 1775 4142 si
1792 4103 1884 4142 res
1917 4085 2047 4158 ipsa
2068 4100 2194 4156 qua:

544 4181 701 4238 mala
729 4186 821 4238 est
850 4184 1061 4237 natura
1089 4197 1205 4236 non
1243 4182 1439 4246 csset.]
1470 4179 1539 4233 Et
1586 4176 1760 4251 paulo
1817 4179 1951 4249 post
2006 4173 2147 4229 dicit
2179 4190 2192 4229 :

543 4271 871 4329 Cavendum
888 4275 976 4327 est
987 4269 1401 4326 neincidamus
1428 4267 1489 4323 in
1517 4267 1678 4323 illam
1701 4265 2049 4323 sententiam
2063 4281 2193 4336 pro-

543 4361 838 4435 pheticam
871 4360 971 4416 ubi
1001 4359 1241 4433 legitur:
1260 4360 1350 4416 Vae
1378 4359 1463 4415 his
1494 4360 1593 4431 qui
1619 4357 1810 4412 dicunt
1835 4355 1974 4428 quod
1996 4357 2197 4411 bonum

544 4459 639 4519 est,
670 4452 900 4517 malum,
933 4457 983 4506 et
1028 4449 1170 4523 quod
1226 4450 1439 4504 malum
1483 4456 1580 4517 est,
1616 4450 1860 4513 bonum;
1891 4447 1986 4518 qui
2007 4444 2196 4500 dicunt

543 4541 794 4595 tenebras
824 4539 1017 4607 lucem,
1050 4547 1100 4594 et
1132 4540 1307 4594 lucem
1338 4538 1623 4605 tenebras;
1650 4539 1745 4609 qui
1794 4536 1986 4591 dicunt
2039 4535 2197 4590 dulce

2307 3389 2420 3428 una
2447 3374 2538 3438 sit,
2574 3380 2682 3429 tota
2706 3374 2945 3445 profecto
2969 3377 3196 3446 periret.
3231 3374 3296 3431 In
3327 3375 3419 3432 his
3465 3377 3657 3434 verbis
3707 3380 3957 3451 apertis-

2306 3461 2455 3517 sime
2486 3461 2779 3517 afﬁrmare
2811 3468 3055 3518 conatur
3084 3481 3200 3520 non
3223 3464 3493 3521 solumin
3522 3467 3746 3523 caeteris
3770 3466 3959 3524 homi-

2306 3549 2482 3606 nibus
2515 3567 2629 3606 non
2659 3567 2897 3623 peccare
2927 3555 3339 3622 naturam,sed
3367 3554 3737 3612 solummodo
3759 3556 3959 3613 volun-

2304 3643 2484 3695 tatem
2512 3659 2524 3709 ;
2559 3640 2661 3695 sed
2692 3640 2867 3696 etiam
2898 3641 2958 3696 in
2989 3642 3179 3715 primo
3228 3643 3469 3700 homine
3526 3645 3798 3702 similiter
3839 3664 3955 3703 non

2306 3745 2579 3801 peccasse
2610 3734 2905 3797 naturam,
2937 3733 3037 3787 sed
3090 3733 3272 3789 solam
3323 3733 3704 3803 voluntatem,
3738 3740 3795 3792 et
3826 3736 3954 3793 ideo

2306 3834 2420 3873 non
2449 3835 2723 3891 peccasse
2752 3820 2812 3875 in
2842 3838 2907 3877 eo
2937 3821 3287 3895 generaliter
3315 3822 3561 3880 humani
3590 3825 3822 3897 generis
3850 3844 3952 3883 na-

2304 3909 2673 3981 turam,quia
2707 3926 2813 3965 nec
2843 3911 2972 3983 ejus
3004 3912 3262 3985 peccavit
3291 3918 3538 3981 natura;
3563 3915 3661 3969 sed
3682 3931 3954 3986 peccasse

2304 3998 2364 4053 in
2396 4014 2462 4054 eo
2492 4001 2904 4057 tantummodo
2936 4001 3251 4074 specialem
3273 4007 3330 4058 et
3352 4003 3650 4075 propriam
3681 4004 3955 4061 uniuscu-

2296 4088 2515 4161 jusque
2542 4088 2926 4159 voluntatem,
2956 4091 3096 4162 quia
3126 4096 3183 4147 et
3212 4091 3358 4164 ipse,
3381 4092 3552 4163 juxta
3600 4092 3780 4165 hujus
3825 4112 3954 4151 sen-

2303 4195 2457 4247 sum,
2492 4177 2617 4234 sola
2642 4181 3054 4235 tantummodo
3082 4181 3381 4237 voluntate
3411 4181 3687 4254 peccavit.

2373 4268 2443 4323 Et
2471 4268 2727 4324 afﬁrmat
2756 4269 2914 4340 quod
2944 4271 2995 4325 si
3032 4278 3141 4326 tota
3169 4270 3409 4327 hominis
3437 4281 3641 4327 natura
3662 4282 3950 4345 peccasset,

2302 4365 2412 4414 tota
2437 4363 2676 4430 profecto
2701 4360 2925 4430 periret.
2956 4360 3111 4415 Nunc
3136 4368 3319 4417 autem
3362 4363 3497 4432 quia
3540 4363 3659 4419 sola
3704 4364 3953 4421 voluntas

2297 4449 2559 4520 peccavit,
2592 4448 2709 4503 sola
2757 4449 2952 4504 vitiata
2997 4457 3105 4517 est;
3133 4458 3338 4505 natura
3394 4451 3579 4507 illaesa
3624 4456 3947 4523 permansit.

2302 4536 2449 4604 Quid
2480 4554 2615 4610 ergo
2648 4537 2912 4594 dicemus
2938 4538 3010 4593 ad
3027 4537 3149 4594 haec
3164 4543 3286 4595 tam
3304 4539 3594 4612 exquisita
3609 4546 3667 4597 et
3686 4541 3952 4600 inaudita

543 4646 816 4692 amarum,
876 4636 927 4683 et
986 4646 1241 4683 amarum
1295 4628 1451 4684 dulce
1508 4628 1635 4698 (Isa.
1667 4645 1721 4692 v,
1752 4626 1864 4697 20).
1898 4626 1968 4681 Et
1996 4628 2191 4680 tamen
2223 4646 2272 4711 D
2301 4627 2753 4700 phantasmata?
2776 4627 2889 4682 nisi
2920 4630 2986 4682 ut
3015 4630 3381 4702 opponamus
3412 4646 3441 4685 e
3472 4631 3762 4686 contrario
3791 4615 3952 4689 testi-

543 4717 830 4773 Dominus
860 4716 941 4771 ait
974 4734 986 4771 :
1021 4717 1192 4773 Malus
1242 4719 1397 4773 homo
1443 4718 1508 4773 de
1544 4718 1688 4772 malo
1721 4715 1985 4771 thesauro
2016 4714 2194 4769 cordis

540 4809 634 4863 sui
680 4810 887 4879 profert
940 4807 1086 4863 mala
1133 4807 1338 4880 (Matsh.
1372 4825 1471 4875 xu,
1504 4808 1616 4879 35).
1651 4806 1798 4870 Quid
1856 4808 1944 4860 est
1995 4807 2192 4859 autem

538 4897 719 4952 malus
751 4896 926 4963 homo,
962 4897 1072 4953 nisi
1105 4897 1261 4953 mala
1298 4902 1528 4964 natura,
1562 4897 1703 4968 quia
1758 4896 1933 4951 homo
1983 4898 2194 4949 natura

540 4987 666 5042 est?
696 4987 890 5054 Porro,
912 4986 960 5041 si
994 4986 1167 5042 homo
1201 4986 1434 5059 aliquod
1468 4987 1691 5042 bonum
1721 4991 1810 5042 est
1826 4983 1967 5056 quia
1984 4986 2194 5038 natura

541 5080 647 5144 est,
683 5075 823 5147 quid
858 5079 945 5131 est
974 5078 1155 5131 malus
1181 5079 1355 5145 homo,
1390 5076 1504 5132 nisi
1538 5076 1762 5131 malum
1792 5073 2057 5130 bonum?
2088 5073 2193 5129 Ta-

539 5184 673 5221 men
692 5184 826 5220 cum
860 5167 973 5220 duo
1006 5166 1119 5221 ista
1152 5165 1911 5233 discernimus,invenimus
1933 5180 2038 5219 nec
2062 5162 2190 5219 ideo

540 5254 761 5310 malum
782 5255 920 5327 quia
935 5255 1109 5311 homo
1128 5261 1234 5322 est,
1251 5274 1354 5310 nec
1379 5256 1504 5310 ideo
1536 5255 1755 5309 bonum
1779 5253 1917 5326 quia
1946 5253 2187 5325 iniquus

538 5348 645 5399 est.
682 5345 792 5400 Sed
824 5345 1044 5400 bonum
1077 5346 1214 5417 quia
1246 5345 1440 5413 homo,
1478 5344 1697 5399 malum
1745 5342 1882 5416 quia
1925 5341 2185 5414 iniquus.

536 5433 815 5507 Quisquis
844 5451 981 5507 ergo
1012 5434 1171 5502 dicit,
1207 5434 1429 5489 malum
1463 5439 1551 5490 est
1578 5433 1875 5488 hominem
1904 5449 2054 5498 esse,
2087 5435 2189 5487 aut

534 5522 759 5579 bonum
790 5528 879 5579 est
907 5524 1179 5596 iniquum
1210 5541 1359 5591 esse,
1393 5526 1515 5597 ipse
1546 5523 1750 5579 incidit
1780 5524 1841 5577 in
1891 5520 2186 5594 propheti-

536 5627 667 5668 oam
695 5611 859 5669 illam
890 5612 1240 5669 sententiam
1276 5630 1287 5668 :
1326 5614 1414 5672 Vae
1442 5616 1527 5670 his
1558 5615 1656 5687 qui
1700 5613 1890 5669 dicunt
1919 5610 2059 5685 quod
2089 5610 2186 5668 bo-

534 5717 672 5764 num
698 5711 777 5764 est
804 5704 1034 5776 malum,
1068 5711 1118 5763 et
1166 5702 1304 5782 quod
1362 5705 1571 5764 malum
1615 5712 1690 5764 est
1730 5706 1928 5762 bonum
1960 5702 2091 5779 (1.9.1.
2125 5719 2180 5777 v,

2304 4716 2501 4773 monia
2513 4714 2948 4788 Scripturarum
2961 4716 3082 4787 Dei,
3100 4717 3316 4790 quibus
3327 4718 3630 4775 verissime
3642 4736 3951 4793 cognosca-

2301 4824 2456 4875 mus,
2476 4810 2534 4861 et
2562 4806 2903 4863 ﬁdelissime
2936 4812 3459 4875 teneamus,totam
3491 4809 3550 4863 in
3582 4808 3682 4865 illo
3713 4809 3949 4869 homine

2300 4901 2574 4952 naturam
2604 4912 2895 4968 peccasse,
2919 4899 3103 4953 totam
3136 4896 3397 4970 periisse,
3430 4903 3612 4954 totam
3646 4900 3716 4955 ad
3758 4904 3947 4972 poste-

2301 5003 2396 5041 ros
2437 4986 2565 5058 ejus
2609 4990 2844 5057 peccato
2876 4990 2933 5041 et
2962 4985 3273 5059 perditioni
3306 4987 3616 5043 obnoxiam
3646 4988 3950 5047 transmis-

2301 5093 2428 5131 sam
2460 5092 2588 5131 esse
2625 5092 2637 5130 :
2672 5073 2824 5131 sicut
2866 5075 3175 5148 Apostolus
3232 5076 3714 5134 manifestissime
3758 5079 3944 5150 docet,

2301 5164 2500 5221 dicens
2535 5182 2547 5219 :
2580 5171 2690 5221 Per
2728 5182 2905 5221 unum
2954 5167 3229 5222 hominem
3279 5176 3561 5239 peccatum
3616 5170 3847 5225 intravit
3887 5186 3947 5225 ιη

2295 5254 2584 5322 mundum,
2614 5260 2668 5311 et
2693 5271 2794 5327 per
2817 5264 3099 5327 peccatum
3124 5273 3290 5324 mors,
3323 5266 3375 5313 et
3420 5259 3497 5312 ita
3544 5260 3607 5313 in
3644 5274 3825 5314 omnes
3851 5258 3945 5314 ho-

2296 5346 2473 5400 mines
2499 5346 2841 5416 pertransiit,
2868 5347 2927 5401 in
2956 5362 3060 5417 quo
3092 5362 3275 5402 omnes
3303 5357 3659 5419 peccaverunt
3688 5350 3858 5419 (Rom.
3888 5365 3947 5417 v,

2299 5434 2409 5505 l2).
2434 5435 2560 5489 Non
2578 5433 2694 5489 ait:
2723 5434 2830 5490 Per
2864 5435 3040 5492 unius
3073 5434 3331 5493 hominis
3356 5437 3716 5493 voluntatem
3749 5453 3949 5510 pecca-

2296 5527 2423 5579 tum
2454 5523 2691 5581 intravit
2722 5525 2781 5580 in
2815 5525 3124 5592 mundum,
3161 5527 3263 5583 sed
3286 5543 3388 5599 per
3418 5543 3594 5583 unum
3632 5526 3901 5584 hominem
3931 5546 3945 5596 ;

2296 5630 2402 5669 nec
2426 5614 2542 5669 ait:
2569 5618 2626 5670 et
2646 5613 2728 5671 ita
2753 5615 2813 5669 in
2837 5615 3102 5671 omnium
3123 5616 3450 5674 voluntates
3481 5617 3948 5690 pertransiit,sed

2295 5705 2369 5762 ita
2404 5705 2462 5763 in
2492 5721 2673 5764 omnes
2705 5704 2950 5767 homines
2974 5708 3336 5785 pertransiit;
3368 5724 3473 5770 nec
3504 5707 3810 5784 subjunxit
3841 5724 3854 5768 :
3885 5706 3947 5771 in
