4100 6506
417 418 531 483 211

1522 413 1752 477 FLORI
1795 408 2111 474 DIACONI
2156 405 2728 471 LUGDUNENSIS.

3711 395 3843 457 212

420 571 487 614 ea
515 569 642 629 qua:
669 551 814 611 male
841 559 940 610 aut
968 550 1192 627 indigne
1221 552 1443 625 appetit,
1467 549 1663 606 habere
1691 564 1801 604 non
1831 547 2066 603 sinatur.
2099 544 2156 610 Α
2184 559 2313 599 esse
2342 541 2763 614 praecedentem
2794 555 3032 596 causam
3056 553 3175 612 qua
3198 536 3390 629 bonus
3405 533 3651 610 angelus
3670 533 3852 629 ﬁeret

421 645 567 702 Ecce
595 643 829 717 qualem
858 642 1188 699 cruciatum
1220 642 1483 697 futurum
1514 637 1655 694 dicit
1686 637 1852 693 malae
1874 635 2075 691 volun-

422 734 561 790 tatis
591 733 653 788 in
702 731 930 806 angelis
973 736 1030 788 et
1077 730 1416 788 hominibus
1464 728 1683 801 impiis,
1716 727 1773 782 id
1821 730 1911 783 est
1959 742 2075 781 non

422 822 579 896 ignis
609 821 958 891 asterni,non
990 820 1242 892 alicujus
1262 817 1561 875 exterioris
1585 815 1989 890 supplicii,sed
2012 831 2081 870 ex

425 930 491 970 eo
522 912 956 977 tantummodo,
976 909 1298 982 quia,quod
1322 906 1474 963 male
1496 906 1763 979 cupiunt,
1789 920 2081 977 oppressae

390 1026 397 1029 -
429 1006 488 1059 et
518 1001 780 1059 coercita
806 999 1053 1073 implore
1082 1015 1197 1053 non
1229 1001 1498 1070 possunt.
1534 998 1621 1052 Ita
1652 996 1718 1051 ﬁt
1746 998 1811 1050 ut
1842 1011 1958 1049 non
1987 1009 2083 1049 so-

431 1090 557 1147 lum
588 1095 863 1147 naturam
908 1086 1251 1161 angelorum
1295 1087 1384 1143 vel
1434 1084 1744 1143 hominum
1793 1083 2084 1139 malorum

434 1196 742 1253 nunquam
774 1193 1032 1251 peccare,
1055 1193 1359 1249 nunquam
1390 1174 1751 1248 puniendam
1786 1189 1953 1241 esse;
1986 1172 2088 1228 sed

437 1270 613 1326 etiam
635 1269 825 1340 ipsam
853 1266 1235 1334 voluntatem,
1271 1281 1449 1338 quam
1480 1265 1539 1319 in
1572 1264 1655 1320 eis
1686 1279 1924 1336 peccare
1954 1278 2089 1317 con-

440 1357 592 1415 cedit
620 1355 844 1412 nullam
876 1372 1109 1428 pmnam
1143 1353 1712 1421 sensuram,nullum
1735 1351 2092 1425 supplicium

441 1463 751 1521 passuram
782 1462 911 1502 esse
939 1445 1268 1511 conﬁrmet,
1301 1444 1416 1499 nisi
1464 1443 1636 1516 quale
1665 1447 1723 1498 et
1750 1443 1809 1498 in
1840 1442 1950 1498 hac
1978 1442 2096 1496 vita

444 1551 650 1592 omnes
679 1532 843 1606 pravi
873 1531 1144 1587 homines
1174 1530 1646 1603 patiuntur,dum
1678 1547 1746 1585 ea
1768 1547 1894 1602 quae
1923 1545 2097 1602 prave

445 1623 712 1697 cupiunt,
726 1620 815 1678 vel
847 1620 1040 1677 divino
1060 1620 1288 1694 judicio
1319 1619 1655 1685 obsistente,
1691 1618 1779 1675 vel
1812 1619 1929 1674 alia
1954 1635 2099 1690 qua-

445 1714 591 1770 libet
617 1711 967 1768 necessitate
998 1713 1259 1783 cogente,
1291 1709 1533 1783 implere
1582 1708 1825 1764 minime
1864 1709 2101 1781 permit-

446 1806 677 1869 tuntur,
710 1800 866 1856 unde
895 1798 1274 1854 manifestum
1314 1801 1404 1854 est
1433 1815 1667 1854 omnem
1695 1814 1953 1870 poenam,
1985 1813 2104 1852 om-

450 1907 589 1948 nem
630 1887 1157 1955 cruciatum,omne
1178 1890 1536 1942 tormentum
1555 1887 1762 1942 futurae
1785 1885 2107 1941 damnatio-

453 1979 736 2052 nis,quod
766 1976 1138 2049 omnipotens
1187 1976 1342 2033 Deus
1372 1980 1493 2032 tam
1534 1977 1870 2048 frequenter
1900 1978 1957 2031 et
1983 1979 2106 2031 tam

453 2067 794 2125 terribiliter
822 2064 1237 2141 comminatur,
1262 2081 1396 2120 eum
1429 2064 1663 2137 penitus
1694 2066 2019 2139 denegare;
2052 2068 2111 2120 et

455 2159 607 2227 ideo,
639 2161 922 2229 tanquam
956 2155 1090 2210 ﬁdei
1122 2158 1334 2211 nostrae
1377 2154 1734 2210 contrarium
1767 2158 1825 2231 et
1846 2154 2109 2210 veritatis

453 2244 993 2318 inimicum,procul
1023 2245 1097 2300 ab
1127 2243 1599 2317 auribus,procul
1622 2260 1656 2299 a
1675 2244 1952 2301 cordibus
1975 2244 2109 2300 ﬁde-

455 2336 605 2392 lium
635 2332 1059 2408 repellendum.

530 2426 620 2483 11.
654 2423 756 2480 His
785 2422 966 2479 tantis
996 2426 1052 2478 et
1089 2422 1307 2480 talibus
1353 2423 1662 2497 subjungit
1703 2422 2110 2480 brevissimam

462 2512 886 2579 deﬁnitionem,
916 2515 975 2567 et
1013 2512 1154 2567 dicit
1187 2529 1198 2567 :
1229 2515 1322 2567 Ea:
1365 2514 1521 2569 nullo
1570 2513 1707 2569 bona
1742 2514 1953 2568 malum
1981 2529 2111 2569 esse.

464 2602 628 2671 Quod
659 2606 726 2657 ut
753 2600 1062 2674 vigilanter
1082 2599 1406 2673 intelligere
1427 2601 1897 2674 possimus,illud
1918 2601 2119 2674 impri-

464 2692 579 2749 mis
609 2690 1099 2747 considerandum
1124 2694 1231 2757 est,
1250 2691 1390 2762 quia
1419 2695 1609 2763 potest
1629 2690 1865 2764 aliquod
1896 2691 2115 2746 bonum

466 2797 595 2839 esse
626 2779 848 2836 malum
874 2797 887 2834 :
914 2779 1070 2834 sicut
1090 2778 1220 2851 ipsa
1240 2782 1450 2835 natura
1466 2779 1730 2853 angelica
1750 2779 1838 2837 vel
1858 2781 2120 2836 humana

464 2871 671 2943 utique
702 2869 762 2924 in
794 2882 902 2925 suo
935 2869 1109 2924 modo
1141 2871 1200 2924 et
1245 2868 1305 2923 in
1338 2886 1444 2925 suo
1473 2885 1683 2941 genere
1728 2871 1947 2926 bonum
1979 2874 2068 2926 est
2102 2887 2115 2926 :

466 2960 567 3017 sed
599 2959 710 3015 hoc
740 2962 961 3014 naturae
986 2957 1206 3013 bonum
1239 2962 1430 3030 potest
1457 2957 1596 3015 vitio
1628 2959 1754 3015 ﬁeri
1786 2959 2030 3027 malum,
2055 2962 2121 3015 ut

467 3051 524 3103 et
553 3046 612 3101 in
646 3048 935 3118 quantum
967 3048 1179 3100 natura
1205 3046 1540 3113 est,bonum
1583 3064 1711 3104 esse
1757 3053 2118 3121 permaneat,

468 3140 526 3193 et
550 3135 609 3190 in
638 3138 929 3207 quantum
976 3132 1244 3190 vitiatum
1296 3140 1403 3203 est,
1425 3135 1649 3192 malum
1679 3153 1808 3194 esse
1836 3137 2079 3210 incipiat
2105 3154 2119 3206 ;

470 3230 645 3297 atque
671 3222 755 3279 ita
780 3223 1001 3279 bonum
1033 3222 1255 3279 malum
1285 3241 1414 3281 esse
1435 3243 1550 3281 non
1574 3226 1908 3296 dubitetur;
1935 3231 1999 3282 ut
2018 3244 2121 3282 au-

2187 631 2400 688 malus.
2425 632 2574 696 Quia
2603 630 2653 686 si
2684 630 2794 686 hoc
2823 629 3097 698 dicimus,
3131 626 3438 683 manifeste
3468 629 3673 682 contra
3701 623 3850 680 ﬁdei

2184 722 2491 778 veritatem
2523 721 2639 776 duo
2670 719 2959 793 principia
2995 716 3445 783 introducimus,
3478 715 3535 771 id
3569 718 3657 771 est
3685 714 3854 770 sicut

2189 811 2544 884 principium
2575 809 2734 876 boni,
2766 809 2847 863 ita
2889 813 2946 863 et
2996 806 3351 880 principium
3381 795 3553 861 ’mali.
3587 804 3697 861 Sed
3727 803 3856 859 hoc

2191 901 2438 970 absit,ut
2470 898 2895 971 diximus,quia
2926 891 3089 953 nulla
3102 894 3440 952 estomnino
3453 893 3591 951 mali
3611 897 3857 962 natura,

2194 1007 2300 1046 nec
2329 989 2525 1046 existit
2544 986 3102 1054 substantialiter,ut
3122 984 3372 1057 alicujus
3390 983 3469 1040 rei
3488 982 3857 1056 principium

2195 1095 2323 1136 esse
2362 1078 2586 1151 possit;
2621 1078 2723 1133 sed
2771 1076 3032 1132 defectus
3061 1092 3096 1131 a
3121 1076 3293 1144 bono,
3345 1073 3674 1147 appellatur
3717 1088 3860 1128 ma-

2195 1169 2321 1225 lum
2348 1186 2360 1224 :
2387 1168 2542 1223 sicut
2571 1167 2832 1222 defectus
2862 1164 3374 1237 lucis,tenebrze,et
3402 1163 3664 1220 defectus
3695 1162 3866 1220 sani-

2198 1255 2358 1325 tatis,
2390 1254 2659 1327 languor.

2265 1347 2380 1401 Iste
2404 1344 2584 1418 igitur
2614 1343 2876 1399 defectus
2906 1359 2939 1398 a
2970 1343 3143 1410 bono,
3171 1332 3328 1416 quod
3358 1340 3688 1415 appellatur
3729 1357 3868 1396 ma-

2200 1434 2512 1501 lum,unde
2543 1434 2731 1489 factus
2761 1433 2922 1488 estin
2937 1431 3297 1505 diabolo,qui
3319 1430 3868 1505 primuspeccavit‘?

2204 1526 2287 1581 Ex
2316 1524 2432 1580 Deo
2464 1540 2580 1578 non
2612 1527 2700 1579 est
2730 1521 2940 1591 factus,
2970 1522 3110 1595 quia
3137 1522 3292 1578 Deus
3323 1525 3527 1577 auctor
3573 1519 3708 1577 mali
3736 1537 3865 1576 non

2207 1618 2296 1670 est
2324 1631 2338 1681 ;
2371 1630 2438 1668 ex
2468 1611 2664 1686 aliqua
2695 1612 2834 1669 mali
2863 1611 3199 1668 substantia
3227 1628 3342 1667 non
3372 1614 3462 1668 est
3491 1611 3700 1682 factus,
3716 1610 3875 1683 quia

2211 1702 2375 1759 nulla
2406 1701 2544 1758 mali
2576 1701 2907 1759 substantia
2936 1701 3111 1758 est.Si
3146 1705 3342 1758 autem
3375 1701 3508 1773 quis
3537 1700 3695 1756 dicat
3723 1717 3873 1774 pro-

2211 1794 2340 1867 pria
2367 1792 2554 1866 ipsius
2584 1791 2880 1847 voluntate
2913 1790 3021 1847 hoc
3052 1792 3272 1847 factum
3301 1806 3452 1857 esse,
3484 1795 3551 1846 ut
3597 1807 3667 1847 ex
3707 1791 3873 1847 bono

2214 1882 2379 1936 ﬁeret
2410 1878 2622 1948 malus,
2665 1880 3044 1952 quaerendum
3092 1884 3181 1935 est
3210 1883 3409 1935 utrum
3440 1879 3541 1935 illa
3567 1878 3873 1946 voluntas,

2216 1987 2344 2043 quae
2375 1969 2486 2025 hoc
2516 1969 2574 2023 in
2610 1967 2707 2023 illo
2738 1968 3051 2035 fecit,bona
3078 1969 3272 2036 fuerit,
3298 1986 3371 2024 an
3404 1968 3579 2025 mala.
3598 1969 3656 2024 Si
3687 1969 3873 2037 bona,

2217 2059 2509 2132 quomodo
2539 2060 2696 2114 bona
2722 2058 2992 2126 voluntas
3022 2075 3201 2115 causa
3220 2075 3347 2115 esse
3369 2059 3559 2132 potuit
3579 2058 3746 2115 malae
3764 2075 3879 2115 vo-

2217 2148 2502 2205 luntatis?
2526 2148 2615 2204 sin
2645 2152 2843 2205 autem
2875 2147 3032 2205 mala
3058 2148 3331 2205 voluntas
3361 2148 3471 2205 hoc
3500 2148 3558 2205 in
3602 2148 3701 2205 illo
3732 2147 3885 2204 iecit.

2217 2244 2284 2296 ut
2312 2257 2381 2296 ex
2410 2240 2562 2295 bono
2594 2239 2758 2295 ﬁeret
2788 2239 3001 2305 malus,
3033 2238 3223 2312 ipsam
3246 2238 3464 2295 malam
3484 2238 3880 2307 voluntatem,

2221 2346 2337 2402 qua
2366 2329 2475 2384 hoc
2507 2328 2729 2383 factum
2760 2332 2870 2395 est,
2904 2328 3040 2401 quis
3066 2327 3238 2384 fecit?
3257 2330 3420 2397 Quod
3461 2345 3596 2384 cum
3623 2327 3885 2385 inveniri

2221 2417 2558 2474 nullatenus
2589 2417 2929 2490 possit,vere
2950 2418 3348 2474 conﬁtendum
3371 2423 3460 2475 est
3478 2417 3702 2474 nullam
3724 2435 3884 2491 pra;-

2223 2507 2471 2564 cessisse
2500 2524 2739 2563 causam
2770 2506 3123 2563 efﬁcientem
3170 2507 3328 2563 illius
3357 2507 3674 2564 voluntatis
3704 2506 3885 2564 mala:

2224 2614 2341 2669 qua
2358 2597 2547 2652 bonus
2572 2595 2818 2669 angelus
2834 2597 3023 2653 factus
3044 2600 3132 2653 est
3150 2596 3344 2654 malus
3363 2618 3384 2666 ;
3405 2598 3506 2654 sed
3524 2598 3721 2670 potius
3739 2613 3890 2654 cau-

2224 2703 2352 2743 sam
2384 2703 2512 2742 esse
2545 2685 2933 2755 deﬁcientem,
2962 2686 3102 2759 quia
3129 2687 3390 2743 defectus
3423 2704 3457 2743 a
3486 2687 3660 2753 bono,
3692 2691 3759 2742 ut
3787 2686 3887 2743 di-

2226 2780 2386 2832 ctum
2408 2773 2854 2848 est,appellatur
2883 2775 3108 2839 malum
3134 2793 3146 2830 :
3174 2775 3446 2832 similiter
3464 2780 3522 2833 et
3551 2777 3611 2832 in
3639 2776 3888 2833 homine

2226 2869 2523 2939 peccante,
2559 2868 2624 2919 ut
2654 2881 2723 2920 ex
2770 2866 2923 2921 bono
2954 2865 3120 2921 ﬁeret
3150 2865 3363 2935 malus,
3397 2882 3503 2923 nec
3546 2866 3647 2922 Dei
3674 2867 3892 2939 utique

2228 2954 2499 3011 voluntas
2530 2971 2704 3011 causa
2739 2971 2866 3011 esse
2895 2955 3088 3027 potuit
3126 2971 3232 3010 nec
3264 2959 3475 3012 natura
3504 2955 3663 3023 mali,
3698 2973 3890 3029 quam

2228 3044 2452 3101 nullam
2501 3060 2631 3100 esse
2689 3047 2955 3113 constat;
2990 3061 3096 3100 nec
3152 3045 3307 3101 bona
3361 3044 3633 3102 voluntas
3689 3045 3894 3118 ipsius

2228 3133 2506 3201 hominis,
2556 3150 2684 3206 quae
2734 3133 2872 3189 mali
2923 3150 3103 3190 causa
3156 3152 3283 3190 esse
3340 3152 3455 3190 non
3505 3135 3695 3207 potuit
3728 3152 3741 3204 ;
3773 3151 3894 3191 nec

2229 3223 2386 3278 mala
2417 3224 2544 3295 ejus
2566 3222 3038 3295 voluntas,cujus
3060 3228 3264 3280 auctor
3285 3223 3334 3280 si
3361 3223 3894 3296 quaeratur,nullus

470 3317 590 3369 tem
618 3313 728 3369 hoc
758 3313 878 3383 ﬁat,
912 3312 967 3367 id
1016 3316 1123 3381 est,
1157 3314 1379 3369 bonum
1423 3314 1648 3370 malum
1699 3332 1827 3371 esse
1858 3315 2117 3388 incipiat,
2153 3298 2196 3364 C
2238 3312 2484 3368 inveniri
2513 3313 2791 3386 potest.Si
2827 3312 2984 3368 enim
3017 3313 3264 3382 dicatur,
3289 3314 3443 3386 quod
3480 3313 3636 3370 mala
3664 3313 3894 3370 diaboli

473 3401 697 3458 nullam
728 3401 903 3458 habet
932 3402 1354 3474 praecedentem
1387 3406 1812 3473 causam,unde
1843 3403 1952 3460 hoc
1971 3403 2129 3461 velut

475 3494 900 3564 consequenter
956 3492 1077 3547 ﬁat.
1125 3492 1273 3548 Nam
1323 3492 1395 3559 si,
1446 3493 1605 3549 verbi
1662 3493 1868 3567 gratia,
1913 3511 2130 3567 quaera-

479 3584 578 3638 tur
607 3597 733 3653 quaa
765 3596 942 3635 causa
971 3578 1048 3635 sit
1069 3583 1134 3634 ut
1163 3579 1264 3635 illa
1293 3580 1378 3636 vel
1412 3578 1513 3637 illa
1542 3587 1754 3638 natura
1786 3581 1861 3638 sit
1890 3581 2123 3655 aliquod

480 3670 725 3736 bonum,
755 3668 1051 3724 invenitur
1081 3668 1282 3741 utique
1328 3687 1630 3726 summum
1680 3672 1900 3728 bonum
1941 3673 2128 3729 Deum

480 3777 629 3829 esse,
661 3764 717 3816 et
746 3759 817 3815 ab
851 3758 978 3832 ipso
1010 3775 1243 3815 summo
1274 3760 1425 3816 bono
1474 3777 1648 3818 omne
1696 3762 1914 3818 bonum
1958 3779 2125 3832 esse;

480 3849 531 3906 si
563 3850 858 3922 quaeratur
904 3848 1059 3904 unde
1118 3847 1213 3904 ille
1265 3848 1353 3905 vel
1411 3849 1509 3906 ille
1563 3851 1800 3924 sapiens
1847 3851 1923 3909 sit
1951 3856 2008 3908 et
2028 3852 2128 3923 ju—

480 3943 631 4009 stus,
688 3936 983 3993 invenitur
1048 3937 1318 3994 similiter
1386 3956 1683 3997 summam
1754 3940 2126 4014 sapientiam,

479 4043 777 4085 summam
828 4025 1125 4099 justitiam
1183 4026 1368 4084 Deum
1430 4045 1605 4098 esse;
1639 4033 1696 4085 et
1748 4030 1878 4087 ideo
1932 4030 2127 4103 ipsum

477 4134 607 4175 esse
629 4131 927 4173 summam
961 4119 1018 4172 et
1045 4116 1436 4173 certissimam
1468 4135 1706 4175 causam
1748 4120 1903 4175 unde
1934 4119 2129 4177 omnis

478 4206 740 4280 quivere
777 4209 867 4262 est
911 4205 1149 4279 sapiens
1200 4206 1275 4262 sit
1322 4207 1577 4280 sapiens,
1628 4212 1684 4264 et
1734 4209 1887 4265 unde
1935 4209 2130 4266 omnis

477 4296 581 4370 qui
608 4312 740 4353 vere
770 4299 859 4352 est
897 4295 1102 4366 justus
1134 4295 1212 4351 sit
1245 4297 1466 4368 justus.
1501 4296 1575 4352 Ut
1623 4315 1759 4371 ergo
1806 4297 1884 4354 sit
1914 4298 2130 4371 aliquis

477 4385 955 4458 bonus,sapiens,
981 4386 1303 4456 justus,est
1333 4403 1512 4443 causa
1540 4388 1873 4459 precedens
1916 4392 1973 4443 et
2002 4390 2128 4444 efﬁ-

480 4474 640 4531 ciens
670 4473 800 4546 ipsa
845 4490 1080 4529 summa
1122 4474 1427 4547 sapientia,
1461 4492 1695 4532 summa
1730 4477 1984 4549 justitia.
2016 4479 2127 4535 Sed

482 4562 750 4634 nunquid
782 4563 986 4618 eodem
1009 4563 1181 4619 modo
1205 4563 1396 4619 dicere
1412 4582 1750 4637 possumus,
1766 4565 1815 4621 si
1834 4573 2132 4639 quaeratur

2234 3401 2506 3457 voluntas
2537 3401 2738 3456 fecerit
2786 3400 3044 3458 hominis
3085 3401 3446 3458 voluntatem
3486 3402 3900 3469 malam,sicut

2237 3491 2429 3564 potuit
2459 3490 2830 3564 acquiescere
2859 3491 3011 3547 male
3049 3491 3339 3560 suadenti,
3360 3491 3441 3547 ita
3472 3491 3663 3564 potuit
3692 3495 3895 3548 etnon

2238 3580 2626 3652 acquiescere.
2660 3585 2802 3635 Cum
2834 3596 2971 3655 ergo
3002 3584 3157 3637 esset
3178 3586 3496 3654 utrumque
3522 3581 3582 3637 in
3604 3597 3712 3637 sua
3733 3585 3905 3653 pote-

2238 3674 2409 3739 state,
2438 3686 2608 3725 nemo
2640 3687 2775 3726 eum
2808 3669 3062 3742 impulit,
3097 3687 3268 3726 nemo
3300 3686 3435 3726 cum
3475 3671 3684 3744 coegit,
3716 3687 3899 3728 nemo

2238 3759 2413 3816 etiam
2447 3760 2749 3815 suadendo
2790 3758 3097 3832 praevalere
3135 3760 3348 3832 potuit,
3382 3760 3497 3816 nisi
3544 3760 3685 3833 quia
3729 3759 3902 3818 intus

2238 3850 2393 3922 apud
2425 3866 2487 3905 se
2532 3848 2861 3905 voluntario
2911 3849 3139 3905 defectu
3190 3848 3416 3921 lapsus,
3449 3867 3483 3905 a
3510 3850 3663 3906 bono
3703 3850 3905 3908 factus

2238 3943 2329 3995 est
2350 3937 2688 3995 malus.Hoc
2709 3938 2885 3994 etiam
2900 3944 2956 3994 et
2982 3938 3039 3993 in
3061 3938 3286 3995 caeteris
3308 3938 3649 3995 hominibus
3666 3938 3903 4012 agitur;

2238 4029 2393 4084 unde
2425 4028 2798 4085 manifestum
2820 4033 2910 4084 est
2930 4028 3125 4100 ipsum
3148 4028 3391 4099 bonum,
3422 4027 3480 4084 id
3504 4033 3595 4085 est
3621 4032 3904 4086 naturam

2238 4119 2451 4174 bonam
2478 4135 2547 4174 ex
2581 4123 2690 4173 Deo
2723 4134 2888 4187 esse;
2923 4121 2989 4173 ut
3018 4121 3214 4174 autem
3247 4117 3406 4174 istud
3431 4122 3655 4174 naturae
3669 4118 3903 4176 bonum

2237 4207 2529 4264 efﬁciatur
2556 4207 2696 4262 vitio
2727 4206 2975 4271 malum,
3008 4224 3077 4263 ex
3109 4207 3270 4263 nullo
3300 4224 3448 4275 esse,
3484 4207 3625 4280 quia
3662 4206 3901 4265 nullum

2232 4298 2413 4353 habet
2432 4300 2729 4353 auctorem
2758 4296 3131 4365 efﬁcientem,
3156 4297 3256 4353 sed
3280 4314 3483 4353 casum
3502 4297 3895 4354 deﬁcientem.

2308 4387 2427 4442 Hoc
2458 4402 2594 4459 ergo
2626 4389 2816 4442 totum
2847 4390 3003 4442 recte
3029 4386 3099 4442 de
3148 4385 3418 4443 rationali
3466 4386 3730 4459 angelica
3770 4386 3900 4445 sive

2238 4477 2500 4533 humana
2517 4480 2727 4531 natura
2742 4475 3075 4542 sentitur,et
3090 4475 3305 4532 dicitur
3328 4494 3341 4545 ;
3366 4480 3434 4531 ut
3461 4475 3521 4531 in
3543 4475 3628 4533 eis
3639 4492 3709 4532 ex
3728 4476 3898 4534 nullo

2240 4568 2474 4620 auctore
2506 4563 2699 4637 ipsum
2733 4569 2953 4619 naturae
2984 4564 3204 4620 bonum
3235 4563 3459 4619 malum
3490 4564 3728 4631 ﬁeri,vel
3759 4582 3899 4621 ma-

481 4671 517 4710 a
546 4650 714 4709 nobis
740 4652 895 4707 unde
916 4652 1137 4707 bonum
1161 4651 1384 4708 malum
1401 4670 1529 4710 esse
1549 4652 2131 4730 incipiat,utrespon-
2161 4673 2207 4739 D
2237 4653 2361 4709 lum
2389 4669 2517 4710 esse
2547 4652 2932 4726 intelligatur.
2968 4653 3135 4722 Quia,
3171 4657 3236 4709 ut
3266 4654 3480 4726 saepius
3518 4654 3741 4711 dictum
3779 4660 3895 4725 est,

480 4743 726 4798 deamus
740 4739 976 4813 aliquod
1001 4758 1301 4797 summum
1322 4742 1544 4798 malum
1562 4760 1691 4800 esse
1714 4749 1876 4800 extra
1895 4762 2130 4802 omnem

480 4835 753 4888 naturam
776 4830 1101 4902 angelicam
1122 4830 1210 4886 vel
1233 4830 1641 4900 bumanam,ct
1659 4850 1729 4889 ex
1748 4832 1876 4906 ipso
1893 4851 2128 4893 summo

480 4919 636 4977 malo
660 4918 785 4976 ﬁeri
812 4918 1100 4992 quidquid
1131 4920 1189 4974 in
1213 4919 1358 4993 ipsis
1371 4922 1655 4979 creaturis
1675 4926 1764 4978 est
1785 4922 2005 4979 malum
2032 4942 2045 4993 ;
2065 4928 2131 4980 ut

479 5007 722 5082 angelus
755 5006 950 5063 malus
979 5012 1037 5063 et
1066 5007 1240 5064 homo
1273 5008 1464 5067 malus
1494 5010 1665 5083 quasi
1708 5010 1844 5068 inde
1876 5012 2131 5070 habeant

479 5113 718 5153 causam
734 5097 1156 5169 praecedentem
1174 5097 1589 5167 etefﬁcientem
1606 5099 1842 5156 malitiae
1865 5118 2130 5174 suae,qua

479 5203 548 5242 ex
577 5186 728 5242 bono
759 5184 899 5241 mali
928 5185 1283 5241 efﬁciuntur.
1317 5187 1460 5242 Nam
1493 5187 1669 5244 etiam
1704 5188 1947 5263 angelus
1977 5191 2130 5247 sicut

478 5278 537 5331 et
564 5273 740 5329 homo
771 5272 975 5346 utique
1030 5274 1219 5330 bonus
1250 5275 1382 5342 fuit,
1432 5280 1489 5332 et
1530 5276 1717 5333 malas
1762 5295 1889 5335 esse
1932 5281 2124 5353 coepit.

480 5362 643 5419 Unde
673 5378 809 5434 ergo
841 5360 1047 5418 habuit
1078 5379 1316 5420 causam
1350 5365 1792 5437 praecedentem,
1827 5385 1942 5440 qua
1968 5370 2131 5425 ﬁeret

481 5449 986 5521 malus.Nunquid
1017 5450 1170 5507 Deus
1204 5452 1393 5508 bonus
1424 5452 1613 5525 potuit
1639 5470 1768 5513 esse
1807 5473 1984 5513 causa
2014 5475 2131 5529 qua

481 5539 719 5595 eﬁ‘ectus
750 5537 828 5595 sit
856 5538 1100 5613 angelus
1132 5540 1365 5597 malus?
1385 5542 1574 5598 absit:
1606 5543 1745 5615 quia
1774 5562 2005 5602 summe
2027 5547 2129 5602 bo-

481 5645 594 5684 nus
621 5625 761 5683 mali
792 5644 971 5685 causa
991 5645 1119 5685 esse
1151 5647 1266 5685 non
1298 5632 1488 5702 potuit
1521 5649 1533 5686 ε
1570 5632 1844 5689 similiter
1884 5635 2039 5691 absit
2066 5639 2132 5692 ut

481 5715 749 5774 dicamus
779 5732 907 5774 esse
936 5716 1173 5790 aliquod
1226 5736 1526 5776 summum
1559 5720 1803 5791 malum,
1831 5726 1887 5779 et
1931 5723 2128 5797 ipsum

2240 4743 2464 4798 malum
2486 4743 2644 4799 istud
2677 4741 2979 4798 rationalis
3009 4746 3285 4799 creaturae
3307 4760 3415 4800 nec
3429 4760 3499 4799 ex
3518 4744 3655 4812 Deo,
3688 4760 3793 4800 nec
3823 4761 3898 4802 ex

2238 4831 2373 4888 mali
2409 4832 2604 4904 aliquo
2637 4836 2871 4889 auctore
2903 4833 3005 4888 sed
3038 4849 3107 4888 ex
3136 4832 3372 4906 proprio
3416 4833 3644 4890 defectu
3676 4851 3710 4889 a
3738 4834 3895 4892 bono

2237 4937 2363 4977 esse
2395 4921 2578 4994 coepit.
2619 4922 2730 4977 Sed
2762 4923 2894 4990 iste,
2929 4922 3030 4994 qui
3061 4938 3167 4978 nec
3198 4921 3660 4996 angelicam,nec
3688 4922 3898 4981 huma-

2238 5027 2374 5067 nam
2398 5015 2671 5067 naturam
2702 5011 2912 5067 asserit
2940 5027 3200 5083 peccare,
3224 5011 3325 5067 sed
3353 5011 3539 5067 solam
3571 5010 3760 5083 ipsius
3792 5029 3896 5068 na-

2235 5102 2381 5155 turae
2408 5098 2791 5165 voluntatem,
2817 5100 2947 5156 ideo
2979 5099 3157 5156 talem
3189 5100 3594 5156 deﬁnitionem
3624 5101 3895 5174 posuisse

2237 5188 2557 5257 videtur,ut
2586 5189 2671 5245 sic
2696 5189 2835 5245 velit
2864 5190 3169 5246 ostendere
3216 5188 3414 5262 ipsum
3444 5190 3763 5247 voluntatis
3791 5192 3894 5248 bo-

2238 5278 2635 5345 num,malum
2666 5278 2905 5347 ﬁeri,vel
2938 5279 3159 5335 malum
3182 5295 3312 5335 esse
3340 5296 3353 5334 :
3390 5283 3456 5335 ut
3479 5283 3674 5336 tamen
3698 5280 3890 5353 ipsam

2239 5372 2509 5424 naturam
2560 5368 2832 5424 defendat
2875 5368 2947 5423 ab
2996 5367 3106 5423 hoc
3136 5367 3292 5423 malo
3343 5367 3594 5424 alienam
3626 5386 3776 5425 esse.
3810 5369 3890 5426 Eo

2240 5458 2395 5530 quod
2429 5473 2543 5512 non
2577 5456 2833 5528 potuerit
2859 5461 3062 5512 auctor
3091 5473 3218 5512 esse
3248 5456 3385 5512 mali
3418 5475 3536 5513 suae
3578 5457 3887 5529 voluntati,

2238 5564 2367 5619 quae
2402 5563 2469 5602 ex
2501 5545 2651 5602 bono
2682 5545 2743 5601 in
2770 5544 2991 5601 malum
3014 5550 3243 5601 mutata
3266 5550 3354 5602 est
3379 5564 3392 5602 :
3417 5547 3557 5619 quia
3578 5547 3893 5616 bonum,ut

2238 5632 2481 5706 incipiat
2511 5651 2639 5691 esse
2687 5633 2930 5703 malum,
2982 5651 3052 5689 ex
3100 5632 3261 5691 nullo
3299 5640 3408 5692 est.
3442 5636 3524 5691 Ex
3573 5634 3734 5693 nullo
3782 5653 3889 5692 au-

2240 5726 2397 5779 ctore
2427 5723 2603 5780 habet
2644 5740 2883 5780 causam
2932 5722 3319 5793 efﬁcientem;
3354 5710 3455 5782 sed
3507 5725 3703 5799 potius
3732 5725 3889 5783 defe-
