4100 6502
439 397 555 460 215

1537 389 1767 452 FLOBI
1812 384 2130 447 DIACONI
2178 384 2492 447 LUGDUN
2507 383 2753 445 ENSIS.

3741 375 3891 438 216

496 527 673 599 ‘Quod
702 546 838 605 ergo
869 527 1060 603 primo
1099 526 1228 586 loco
1260 524 1484 601 posuit:
1519 524 1687 582 Deum
1713 539 1825 579 non
1852 508 1963 577 esse
1992 536 2087 576 au-
2114 518 2171 586 Α
2201 516 2408 587 (Matth.
2441 534 2497 585 x,
2520 516 2612 589 28)
2638 534 2652 586 ;
2685 519 2741 572 et
2773 514 2873 590 qui
2903 514 3168 572 dicturus
3216 520 3303 572 est
3347 512 3407 570 in
3436 512 3563 586 ipso
3586 513 3839 605 judicio
3868 526 3885 567 :

434 628 655 688 ctorem,
677 623 958 693 factorem,
988 619 1492 692 praedestinatorem
1518 615 1932 699 suppliciorum,
1968 627 2092 667 ma-

434 710 643 767 nifeste
675 714 879 765 contra
909 710 1085 764 fidem
1116 703 1440 772 dixit,sicut
1470 721 1648 777 supra
1669 704 1797 774 jam
1829 702 2097 772 frequen-

436 803 526 854 ter
552 799 1076 854 ostendimus.Non
1090 797 1245 853 enim
1268 796 1489 865 injuste
1519 796 1658 849 sunt
1678 791 1780 847 illa
1808 789 2098 863 supplicia

435 904 565 960 quae
596 888 654 943 in
688 891 904 943 aeterna
929 885 1303 942 damnatione
1325 881 1555 938 diabolo
1579 886 1636 937 et
1657 879 1881 954 angelis
1896 880 2023 950 ejus
2040 882 2099 934 et

436 976 716 1032 omnibus
742 975 940 1047 impiis
970 974 1311 1030 hominibus
1340 972 1687 1036 inferentur,
1712 969 1850 1042 quia
1881 984 2095 1023 unum-

440 1081 735 1139 quemque
756 1081 959 1120 eorum
972 1063 1069 1135 qui
1095 1062 1175 1119 ibi
1193 1059 1908 1129 damnantur,secundum
1930 1057 2100 1113 meri-

438 1159 569 1211 tum
602 1170 799 1220 suum,
831 1158 889 1209 et
918 1153 1243 1208 secundum
1266 1166 1607 1206 mensuram
1628 1147 1957 1221 iniquitatis
1980 1164 2098 1203 sua

437 1246 714 1315 torquent
733 1246 791 1297 et
819 1241 1108 1309 cruciant;
1136 1239 1417 1312 implente
1456 1239 1540 1295 eis
1584 1240 1748 1310 justo
1798 1242 1855 1292 et
1885 1241 2098 1291 aeterno

2202 608 2465 664 Discedite
2493 625 2528 662 a
2555 624 2659 674 me,
2692 606 2989 676 maledicti,
3019 607 3082 661 in
3123 607 3306 677 ignem
3349 613 3623 663 aeternum
3653 604 3886 676 (Matth.

2201 715 2331 763 xxv,
2368 698 2476 767 41).
2512 697 2675 760 Quod
2707 696 2757 752 si
2789 695 2890 751 illa
2920 694 3231 768 supplicia,
3265 698 3323 750 et
3352 694 3517 750 locus
3546 697 3893 750 tormento-

2204 804 2337 841 rum
2364 787 2421 840 in
2457 786 2656 857 aliqua
2685 789 2847 858 parte
2878 802 3073 840 rerum
3096 788 3449 850 creatarum,
3472 784 3531 839 id
3563 788 3654 839 est
3682 784 3742 838 in
3769 782 3895 837 ali-

2206 893 2323 948 qua
2349 880 2513 947 parte
2543 875 2749 931 mundi
2779 892 2909 931 esse
2930 874 3221 931 credenda
3242 873 3542 946 sunt,quis
3561 872 3714 929 alius
3735 887 3894 928 esse

2206 965 2399 1037 potuit
2427 965 2578 1020 facto
2610 968 2699 1020 est
2727 964 2995 1019 omnium
3011 964 3120 1020 ‘tDe
3150 980 3265 1036 quo
3295 964 3595 1036 Scriptura
3625 962 3894 1019 manifeo

2208 1060 2295 1110 ste
2326 1053 2502 1109 dicit:
2536 1054 2642 1123 Qui
2668 1056 2805 1110 vivit
2842 1056 2903 1110 in
2931 1062 3220 1121 aeternum,
3252 1055 3461 1109 creavit
3487 1055 3673 1109 omnia
3694 1053 3893 1108 simul

2209 1145 2396 1216 (Eccli.
2429 1161 2588 1209 xvm,
2624 1144 2692 1214 Ι).
2746 1144 2892 1199 Cum
2939 1143 3099 1199 enim
3137 1160 3271 1200 vere
3328 1148 3596 1199 creatura
3641 1143 3718 1199 sit
3771 1141 3891 1199 ille

2207 1233 2363 1305 ignis
2391 1238 2665 1303 aeternus,
2700 1250 2889 1306 neque
2920 1233 3077 1289 enim
3125 1233 3450 1289 credendus
3481 1236 3570 1288 est
3598 1249 3727 1288 esse
3747 1232 3890 1288 Deo

435 1332 657 1405 judice,
693 1331 848 1403 quod
881 1330 952 1386 de
981 1347 1046 1386 eo
1087 1329 1146 1384 in
1199 1328 1428 1402 psalmo
1471 1328 1758 1399 scriptum
1803 1329 1923 1381 est:
1960 1327 2102 1394 Quia
2210 1327 2530 1378 coaeternus
2551 1326 2627 1392 ;et
2657 1322 2742 1378 sic
2773 1322 2894 1378 haec
2924 1326 3191 1379 creatura
3218 1322 3277 1377 in
3299 1324 3496 1394 justos
3517 1338 3662 1378 usus
3692 1326 3752 1377 et
3778 1339 3887 1378 re-

438 1422 622 1478 reddet
650 1422 950 1493 unicuique
977 1420 1278 1475 secundum
1308 1435 1473 1490 opera
1509 1435 1613 1473 sua
1642 1417 1810 1490 (Psal.
1844 1433 1954 1471 LXI.
1990 1416 2098 1483 43).
2210 1416 2335 1468 ctos
2360 1411 2956 1484 condita,quicunque
2983 1411 3071 1469 vel
3103 1412 3265 1468 illam
3298 1411 3388 1468 vel
3407 1411 3584 1468 aliam
3618 1411 3891 1485 quamli-

441 1511 528 1567 Ita
556 1514 612 1567 et
633 1527 788 1566 unus
817 1508 1074 1582 estignis
1091 1508 1457 1582 gehennaa,et
1473 1511 1669 1563 tamen
1683 1506 1908 1562 diverso
1928 1506 2101 1561 modo
2210 1501 2309 1557 bet
2337 1506 2666 1557 creaturam
2700 1520 2814 1558 non
2836 1519 2870 1557 a
2889 1503 3006 1558 Deo
3027 1501 3308 1557 dicitesse
3326 1518 3443 1557 uno
3464 1506 3522 1558 et
3543 1501 3665 1558 solo
3685 1502 3889 1557 totius

441 1600 555 1658 sibi
582 1600 832 1661 traditos
863 1598 1122 1654 cruciat:
1156 1597 1310 1654 sicut
1341 1602 1396 1653 et
1426 1615 1581 1652 unus
1630 1601 1720 1653 est
1750 1596 1908 1652 calor
1936 1595 2101 1662 solis,
2212 1595 2489 1647 creaturae
2518 1596 2775 1658 auctore,
2806 1591 2908 1647 sed
2941 1592 3012 1647 ab
3043 1590 3158 1648 alio
3188 1592 3386 1647 nescio
3417 1590 3891 1664 qummanifeste

442 1693 499 1745 et
529 1695 729 1746 tamen
760 1706 876 1744 non
907 1686 1210 1760 aequaliter
1234 1687 1306 1743 ab
1332 1685 1627 1752 omnibus,
1660 1686 1762 1741 sed
1793 1685 1864 1741 ab
1897 1684 2029 1740 aliis
2048 1688 2106 1741 et
2212 1680 2486 1736 haeretica
2515 1680 2834 1752 impietate,
2864 1679 2954 1736 vel
2995 1680 3470 1748 Manichaorum,
3501 1680 3587 1737 vel
3619 1679 3889 1736 aliorum

444 1779 518 1835 ab
546 1777 679 1834 aliis
707 1777 935 1833 diverso
967 1777 1142 1833 modo
1162 1793 1267 1849 pro
1288 1776 1379 1831 sui
1404 1775 1665 1848 corporis
1684 1774 2104 1848 temperatione
2212 1770 2606 1842 pessimorum
2661 1770 3067 1826 haereticorum
3118 1770 3449 1827 involvitur.
3484 1770 3552 1826 Et
3579 1770 3711 1826 ideo
3735 1786 3890 1825 eum

446 1866 856 1923 sentitur.Ideo
887 1870 1083 1921 autem
1109 1863 1539 1937 suppliciaipsa
1560 1881 1866 1936 nunquam
1888 1864 2104 1919 ﬁniun-
2136 1896 2183 1962 B
2211 1876 2344 1914 vere
2374 1859 2527 1914 inter
2555 1864 2852 1915 creaturas
2875 1858 3028 1931 ignis
3058 1858 3155 1915 ille
3177 1865 3431 1916 aeternus
3454 1876 3895 1918 connumeran‘

446 1959 564 2021 tur,
598 1955 737 2028 quia
760 1955 996 2026 justum
1029 1958 1120 2010 est
1149 1955 1306 2026 apud
1338 1954 1544 2024 Deum,
1579 1957 1644 2008 ut
1675 1952 1775 2026 qui
1799 1970 2105 2025 nunquam

448 2044 561 2101 sibi
591 2043 900 2100 voluerunt
929 2060 1143 2116 ponere
1172 2043 1351 2098 finem
1383 2046 1777 2116 peccatorum,
1801 2060 2107 2115 nunquam

447 2133 625 2189 ﬁnem
656 2132 912 2189 habeant
953 2138 1404 2204 tormentorum,
1437 2136 1494 2188 et
1531 2132 1632 2204 qui
1690 2133 1741 2189 ei
1792 2132 2110 2189 noluerunt

446 2222 666 2280 subditi
688 2239 816 2278 esse
837 2222 1283 2295 pietate,omnes
1306 2221 1359 2277 ei
1387 2221 1718 2278 subdantur
1739 2223 2104 2288 necessitate,

442 2329 517 2369 ne
547 2316 816 2368 creatura
845 2310 966 2368 ulla
995 2327 1103 2367 suo
1134 2315 1438 2367 remaneat
1468 2311 1693 2366 auctori
1724 2310 2110 2379 contraria;et

444 2402 784 2475 quicunque
814 2401 909 2457 hic
941 2418 1057 2457 non
1092 2400 1511 2473 acquieverunt
1539 2400 1895 2469 veritati,sed
1927 2401 2105 2457 credi-

446 2491 664 2547 derunt
689 2489 1095 2563 iniquitati,ibi
1129 2489 1369 2545 omnino
1400 2494 1457 2546 et
1489 2490 1561 2545 ab
1602 2490 1911 2562 iniquitate
1941 2506 2105 2546 coer-

444 2584 710 2645 ceantur,
764 2583 822 2635 et
875 2579 1253 2635 manifestam
1300 2579 1606 2634 veritatem
1663 2579 1846 2634 divini
1879 2580 2102 2651 iudicii,

446 2668 654 2724 divinae
686 2668 1013 2740 majestatis
1044 2671 1101 2723 et
1130 2667 1438 2739 potestatis
1487 2667 1609 2735 Dei,
1644 2673 1703 2724 et
1733 2668 1947 2725 Christi
1978 2671 2105 2742 ejus

446 2774 661 2831 negare
691 2774 807 2813 non
839 2757 1183 2830 possint.Ita
1205 2761 1269 2811 ut
1300 2757 1411 2829 ipsi
1432 2756 1727 2830 impii,qui
1758 2757 1931 2814 alieni
1958 2776 2107 2816 sem-

449 2864 553 2920 per
567 2847 962 2903 exstiterunta
978 2845 1139 2902 cultu
1162 2846 1576 2920 Dei,cogantur
1591 2847 1781 2920 ipsam
1801 2849 2104 2905 veritatem

447 2935 637 3002 fateri,
671 2940 729 2991 et
757 2951 886 2992 sero
916 2939 1217 3008 gementes
1239 2952 1305 2992 ac
1322 2935 1668 3007 poenitentes
1700 2937 1934 2992 dicant:
1967 2941 2106 3011 Ergo

450 3026 765 3083 erravimus
795 3042 830 3079 a
856 3026 951 3080 via
977 3026 1249 3093 veritatis,
1281 3033 1333 3080 et
1349 3026 1590 3096 justitize
1621 3026 1803 3082 lumen
1827 3044 1940 3083 non
1961 3029 2107 3085 luxit

450 3114 626 3183 nobis,
658 3122 709 3169 et
735 3113 817 3170 sol
842 3130 955 3169 non
982 3122 1062 3170 est
1089 3122 1238 3170 ortus
1284 3115 1441 3171 nobis
1481 3114 1629 3187 (Sap.
1663 3133 1716 3183 v,
1748 3117 1826 3185 6).
1860 3116 2023 3173 Unde
2048 3122 2107 3174 et

450 3202 578 3275 ipse
603 3202 976 3274 omnipotens
997 3202 1152 3258 Deus
1181 3219 1316 3259 cum
1342 3219 1444 3275 per
1474 3202 1788 3275 prophetas
1819 3221 1958 3261 suas
1978 3205 2108 3262 hor-

2218 1948 2330 2004 dus
2362 1949 2457 2015 sit,
2490 1948 2686 2022 ipsum
2720 1948 2845 2004 sine
2876 1949 3054 2005 dubio
3087 1948 3265 2005 habet
3286 1953 3582 2007 auctorem
3613 1956 3672 2007 et
3692 1953 3888 2009 facto-

2217 2055 2361 2108 rem,
2394 2056 2569 2110 quem
2600 2042 2656 2093 et
2685 2037 2877 2094 omnis
2902 2043 3107 2094 cetera
3135 2043 3404 2096 creatura
3424 2040 3519 2108 ;de
3547 2057 3663 2114 quo
3694 2042 3885 2098 etiam

2217 2127 2503 2201 scriptum
2532 2132 2624 2183 est
2651 2145 2663 2181 :
2695 2127 2804 2183 Sea:
2831 2130 2981 2183 enim
3009 2128 3202 2185 diebus
3247 2131 3554 2201 fecit-Deus
3582 2133 3793 2193 caelum.
3829 2142 3893 2190 et

2215 2224 2439 2285 terram,
2473 2224 2524 2274 et
2549 2233 2721 2284 mare,
2745 2225 2796 2273 et
2822 2219 3010 2273 omnia
3036 2232 3164 2289 qum
3179 2219 3238 2272 in
3256 2220 3336 2273 eis
3354 2226 3556 2285 sunt,et
3577 2218 3889 2293 inseptimo

2214 2307 2304 2363 die
2332 2308 2598 2378 requievit
2629 2306 2817 2379 (Exod.
2851 2324 2944 2375 xx,
2980 2307 3089 2379 il).
3124 2307 3291 2363 Dicat
3340 2323 3475 2382 ergo
3522 2308 3633 2366 iste
3664 2310 3723 2365 in
3754 2328 3888 2383 qua

2215 2401 2380 2469 parte
2409 2413 2607 2451 rerum
2639 2400 2806 2468 putet
2823 2412 2953 2451 esse
2973 2396 3353 2465 infernum,id
3376 2403 3468 2454 est
3488 2397 3681 2455 locum
3701 2399 3884 2457 illum

2215 2485 2577 2541 eternalium
2631 2490 3081 2555 tormentorum,
3130 2492 3328 2542 utrum
3377 2487 3438 2542 in
3496 2488 3661 2555 coelo,
3695 2506 3768 2545 an
3812 2490 3879 2546 in

2214 2578 2389 2642 terra,
2424 2591 2498 2629 an
2526 2574 2586 2629 in
2622 2574 2792 2641 mari,
2825 2574 2913 2631 vel
2943 2574 3003 2630 in
3052 2575 3292 2632 castoris
3324 2594 3452 2649 quae
3482 2577 3542 2632 in
3574 2578 3659 2634 eis
3708 2583 3878 2636 sunt.

2213 2664 2556 2737 Ubicunque
2587 2680 2720 2719 eum
2753 2681 2881 2720 esse
2911 2665 3218 2737 putaverit,
3233 2678 3470 2723 necesse
3499 2672 3591 2725 est
3609 2673 3675 2724 ut
3704 2669 3778 2725 ab
3806 2684 3880 2726 eo

2214 2754 2404 2810 factus
2434 2753 2529 2809 sit.
2581 2756 2694 2824 Qui
2737 2755 2869 2826 fecit
2921 2756 3137 2824 caelum,
3170 2762 3223 2811 et
3264 2764 3487 2827 terram,
3520 2767 3574 2815 et
3617 2775 3791 2826 mare,
3826 2770 3883 2818 et

2214 2844 2403 2899 omnia
2431 2858 2557 2914 qm
2583 2845 2645 2898 in
2672 2846 2752 2898 eis
2771 2851 2898 2899 sunt
2929 2844 3138 2916 (Ibid).

2286 2934 2422 2999 Quae
2452 2949 2589 2987 cum
2622 2932 2703 2988 ita
2734 2932 2984 2999 sint,cur
3013 2933 3140 3006 ipse
3169 2935 3543 3009 omnipotens
3572 2938 3746 3011 Deus,
3769 2941 3879 3013 qui

2214 3025 2303 3077 est
2335 3026 2537 3077 auctor
2565 3026 2623 3077 et
2653 3022 2835 3078 factor
2855 3023 3123 3079 omnium
3144 3042 3487 3094 rerum,uon
3518 3034 3671 3085 recte
3700 3034 3757 3086 et
3784 3048 3883 3088 ve-
3924 3044 3929 3049 '

2214 3111 2425 3166 raciter
2452 3109 2960 3184 intelligatur,sive
2989 3115 3261 3170 credatur
3290 3116 3468 3172 etiam
3498 3119 3881 3190 praedestina-

2214 3203 2306 3255 tor
2320 3204 2441 3256 tam
2463 3201 2480 3272 1'
2489 3206 2756 3257 ustorum
2774 3207 2831 3257 et
2842 3208 2961 3258 tam
2984 3202 3384 3261 ordinatorum
3406 3207 3832 3281 suppliciorum
3846 3212 3879 3268 ‘P

446 3272 631 3349 renda
660 3296 716 3348 et
744 3272 958 3348 aeterna
970 3291 1222 3365 supplici
1251 3272 1664 3363 comminatur,
1688 3293 2023 3365 frequenter
2049 3301 2107 3352 et
2136 3272 2178 3338 C
2216 3289 2370 3345 Licet
2389 3291 2545 3347 enim
2561 3291 2917 3363 patientibus
2938 3298 2995 3348 et
3017 3293 3444 3353 sustinentibus
3463 3272 3565 3353 illa
3583 3298 3880 3371 supplicia

445 3382 561 3439 ﬁne
592 3381 1067 3438 comminationis
1098 3399 1215 3437 suae
1249 3381 1892 3455 subjungit,dicens:Et
1908 3387 2100 3454 scient,

444 3474 576 3545 quia
606 3488 700 3544 ego
735 3473 1002 3529 Dominus
1033 3472 1222 3543 (Exod.
1256 3488 1411 3540 xxnx,
1444 3474 1575 3541 46);
1609 3472 1668 3527 id
1714 3476 1803 3528 est
1850 3476 2103 3531 necessi-

442 3564 562 3617 tate
595 3562 807 3629 dicent,
842 3562 913 3617 ad
946 3560 1350 3617 confusionem
1381 3578 1575 3632 suam,
1610 3562 1764 3634 quod
1797 3580 2100 3636 nunquam

445 3651 660 3724 pietate
698 3654 755 3704 et
796 3650 1099 3705 devotione
1158 3650 1307 3705 scire
1361 3650 1671 3706 voluerunt
1722 3651 1793 3706 ad
1852 3652 2104 3710 salutem

446 3755 638 3794 suam.
673 3739 802 3811 Ipse
833 3755 1065 3810 quoque
1097 3738 1282 3810 ipsius
1304 3738 1541 3795 malitia:
1564 3743 1767 3795 auctor
1785 3745 1843 3797 et
1868 3741 2108 3815 instiga-

446 3832 541 3884 tor
568 3826 861 3894 diabolus,
891 3843 1027 3883 cum
1050 3826 1324 3883 omnibus
1347 3828 1697 3884 satellitibus
1725 3829 1851 3886 suis
1881 3831 2104 3905 angelis

448 3915 775 3972 immundis
807 3920 984 3989 atque
1032 3916 1327 3972 damnatis
1355 3915 1436 3973 ibi
1480 3918 1657 3973 finem
1715 3919 1961 3992 accipiet
1984 3938 2103 3977 sua:

447 4005 797 4079 tyrannidis,
834 4023 1013 4079 quam
1045 4006 1323 4062 adversus
1362 4006 1545 4062 Deum
1594 4010 1651 4063 et
1697 4013 1899 4065 contra
1923 4009 2103 4067 totius

448 4094 691 4151 humani
706 4095 937 4169 generis
950 4095 1201 4153 salutem
1216 4096 1288 4152 ab
1304 4095 1467 4151 initio
1485 4113 1747 4152 exercere
1760 4114 1875 4153 non
1890 4105 2100 4168 cessat,

448 4202 605 4252 cum,
639 4185 792 4241 sicut
819 4185 1106 4258 scriptum
1140 4189 1229 4241 est
1253 4186 1587 4242 :Videntibus
1615 4189 1826 4243 cunctis
1840 4191 2101 4261 praecipi-

446 4276 661 4331 tabitur
683 4276 826 4345 (Job.
850 4276 1056 4347 xr.,28).
1086 4275 1327 4347 Propter
1355 4274 1479 4330 haec
1509 4292 1766 4348 namque
1794 4278 2012 4343 omnia,
2047 4282 2104 4334 et

446 4364 561 4420 alia
591 4382 718 4437 quae
748 4364 809 4420 in
842 4364 1079 4420 secretis
1110 4363 1211 4419 Dei
1243 4363 1511 4428 latent,in
1544 4363 1861 4436 Scripturis
1882 4367 2102 4423 sanctis

445 4452 623 4509 etiam
675 4453 833 4507 utilis
891 4451 1222 4524 appellatur
1278 4454 1563 4523 infernus:
1596 4451 1750 4507 sicut
1809 4452 1971 4510 utilis
2013 4458 2102 4510 est

446 4557 618 4614 paena
646 4541 824 4595 etiam
854 4540 1249 4596 humanarum
1280 4539 1479 4612 legum
1502 4558 1605 4613 per
1626 4558 1803 4613 quam
1824 4543 1976 4599 noxii
2000 4563 2101 4617 pu-

2214 3380 2522 3435 videantur
2551 3398 2679 3437 esse
2711 3381 3045 3453 mala,apud
3070 3381 3235 3439 illum
3258 3386 3456 3442 tamen
3479 3391 3761 3445 aeternum
3775 3390 3878 3461 ju-

2215 3468 2404 3525 dicem
2432 3487 2548 3525 non
2579 3474 2720 3525 sunt
2745 3470 2898 3527 mala
2923 3489 2936 3540 ;
2969 3472 3108 3544 quia
3161 3475 3345 3546 justa,
3380 3479 3439 3531 et
3469 3476 3615 3532 nihil
3634 3479 3873 3550 justum

2214 3562 2403 3629 potest
2434 3559 2546 3614 dici
2599 3559 2840 3615 malum.
2875 3560 3004 3633 Ipse
3051 3579 3186 3635 ergo
3235 3566 3293 3620 et
3341 3564 3775 3637 praedestinavit
3816 3573 3876 3625 et

2213 3648 2560 3720 praeparavit
2588 3648 2756 3704 illum
2788 3654 3069 3706 aeternum
3091 3652 3389 3725 ignem,de
3412 3654 3527 3722 quo
3556 3656 3685 3729 ipsa
3709 3659 3877 3714 Veri-

2211 3740 2304 3792 tas
2334 3737 2448 3793 ait:
2476 3740 2591 3811 Qui
2607 3748 2836 3812 paratus
2847 3748 2925 3796 est
2963 3741 3178 3798 diabolo
3206 3750 3261 3799 et
3281 3746 3493 3814 angelis
3515 3746 3632 3818 ejus
3659 3747 3870 3820 (Matth.

2211 3845 2343 3895 xxv,
2375 3828 2503 3896 4|);
2546 3832 2603 3883 et
2650 3830 2723 3884 de
2767 3846 2883 3902 quo
2943 3830 3217 3888 Salomon
3265 3833 3446 3890 dicit:
3492 3837 3700 3892 Parata
3738 3847 3875 3895 sunt
3928 3848 3933 3853 ‘

2212 3917 2549 3974 derisoribus
2569 3919 2805 3991 judicia,
2847 3929 2898 3975 et
2934 3921 3127 3977 mallei
3168 3925 3529 3994 percutientes
3574 3927 3875 3984 stultorum
3928 3936 3935 3945 '

2211 4008 2527 4080 corporibus
2557 4008 2735 4080 (Prav.
2785 4026 2901 4076 XIX,
2933 4011 3045 4082 29).
3088 4011 3147 4066 Si
3197 4012 3354 4068 enim
3401 4013 3524 4071 haec
3580 4015 3875 4089 supplicia

2213 4096 2413 4169 impiis
2443 4102 2500 4152 et
2520 4097 2740 4169 iniquis
2762 4098 3307 4172 aDeojustojudice
3325 4104 3867 4175 praedestinatanon

2211 4191 2370 4253 sunt,
2403 4187 2695 4258 quomodo
2727 4187 2798 4243 de
2828 4186 2913 4242 eis
2951 4189 3144 4244 adhuc
3191 4190 3393 4264 utique
3448 4191 3662 4249 futuris
3690 4199 3870 4268 atque

2210 4275 2471 4331 venturis
2492 4292 2594 4348 per
2605 4277 2844 4332 beatum
2857 4278 3143 4334 Joannem
3157 4278 3217 4335 in
3242 4281 3591 4355 Apocalypsi
3612 4283 3827 4341 dicitur
3849 4303 3863 4343 :

2209 4366 2273 4421 Et
2298 4366 2694 4422 cruciabuntur
2738 4367 2826 4423 die
2871 4384 2937 4423 ac
2981 4377 3135 4425 nocte
3183 4371 3246 4425 in
3292 4372 3501 4428 saecula
3535 4374 3869 4432 sweulorum

2212 4455 2392 4528 (Apoc.
2424 4471 2516 4521 xx,
2553 4455 2674 4528 10);
2707 4460 2765 4511 et
2818 4456 3066 4514 iterum:
3126 4459 3194 4514 Et
3238 4460 3426 4530 fumus
3476 4469 3869 4520 tormentorum
3916 4470 3942 4483 “

2208 4560 2397 4600 eorum
2414 4545 2662 4601 ascendet
2698 4547 2757 4600 in
2794 4548 2997 4602 saecula
3030 4549 3363 4604 saeculorum
3392 4549 3569 4622 (Apoc.
3601 4569 3720 4619 xw,
3754 4553 3862 4627 11).
3938 4560 3943 4567 '

445 4629 694 4684 niuntur
723 4634 787 4683 ut
815 4628 1004 4684 caeteri
1034 4629 1094 4683 in
1126 4645 1266 4700 pace
1296 4629 1509 4685 vivant.
1542 4629 1636 4685 Ait
1669 4647 1924 4704 namque
1944 4633 2097 4689 Scri-
2129 4647 2175 4711 D
2206 4635 2508 4699 Quomodo
2537 4634 2714 4690 etiam
2749 4636 2953 4691 beatus
2976 4636 3180 4693 Petrus
3202 4638 3273 4694 de
3295 4638 3651 4711 quibusdam
3674 4645 3865 4715 pessi-

444 4722 621 4790 ptura
650 4734 783 4773 cum
818 4718 887 4772 de
917 4716 1121 4790 lingua
1149 4717 1305 4773 mala
1328 4717 1700 4790 loqueretur:
1733 4722 1800 4776 Et
1827 4723 2100 4795 utilispo-

442 4808 551 4863 tius
574 4809 786 4880 inferas
816 4823 980 4879 quam
1000 4807 1102 4862 illa
1122 4808 1319 4875 (Eccli.
1352 4826 1546 4876 xxvm,
1578 4810 1692 4881 25).

516 4898 660 4952 Cum
713 4913 850 4969 ergo
893 4901 1016 4951 tam
1059 4897 1221 4968 justa
1264 4901 1320 4952 et
1360 4901 1482 4951 tam
1531 4898 1799 4954 ordinata
1848 4900 1968 4956 sint
2000 4900 2100 4958 illa

443 4992 659 5041 aeterna
688 4985 979 5059 supplicia
1026 4986 1390 5059 angelorum,
1425 4986 1544 5042 sive
1591 4987 1898 5044 hominum
1932 4991 2099 5047 dam-

443 5080 740 5142 natorum,
774 5092 879 5132 cur
925 5092 1040 5131 non
1088 5076 1165 5131 sit
1219 5081 1371 5132 Deus
1430 5081 1637 5132 auctor
1686 5078 1932 5133 eorum?
1981 5097 2097 5137 non

441 5165 597 5236 quod
628 5164 754 5238 ipse
786 5164 863 5220 sit
891 5182 1072 5223 causa
1112 5170 1410 5221 tantorum
1467 5164 1780 5233 malorum,
1809 5168 1909 5223 sed
1941 5170 2096 5241 quod

441 5254 569 5326 ipse
599 5254 676 5310 sit
712 5255 916 5326 justus
963 5254 1262 5310 ordinator
1312 5260 1370 5311 et
1409 5255 1597 5327 judex
1643 5256 1944 5326 justorum
1975 5264 2094 5315 tor-

439 5347 794 5399 mentorum.
850 5346 966 5399 Aut
1017 5345 1313 5415 quomodo
1372 5360 1487 5399 non
1568 5348 1659 5399 est
1716 5350 1919 5402 auctor
1973 5347 2095 5403 illo-

437 5450 569 5488 rum
628 5432 1077 5505 suppliciorum,
1120 5435 1191 5490 de
1248 5452 1365 5505 quo
1424 5433 1732 5491 manifeste
1788 5436 1847 5490 in
1910 5438 2094 5493 Evan-

433 5521 584 5593 gelio
643 5522 859 5578 dicitur
910 5540 923 5577 :
982 5525 1098 5594 Qui
1147 5529 1323 5595 potest
1393 5531 1444 5578 et
1501 5525 1748 5579 animam
1792 5532 1843 5581 et
1898 5543 2094 5599 corpus

429 5612 652 5683 perdere
709 5615 769 5667 in
816 5612 1120 5683 gehennam
1175 5613 1324 5683 (Luc.
1383 5630 1484 5679 XII,
1517 5613 1608 5683 5);
1653 5617 1747 5668 et:
1808 5616 1915 5684 Qui
1946 5625 2091 5688 post-

432 5718 597 5772 quam
624 5702 1066 5772 occalcritmabet
1094 5710 1407 5773 potestatem
1435 5704 1646 5759 mittere
1684 5705 1743 5758 in
1788 5704 2091 5774 gehennam

2209 4724 2322 4780 mis
2352 4723 2493 4779 dicit
2517 4740 2531 4778 :
2565 4724 2781 4796 Quibus
2803 4726 2982 4794 caligo
3010 4728 3355 4784 tenebrarum
3376 4731 3438 4784 in
3474 4737 3745 4788 aeternum
3773 4748 3865 4789 re-

2206 4821 2456 4871 servatur
2484 4814 2558 4883 (II
2586 4814 2732 4869 Pctr.
2766 4830 2828 4882 II,
2860 4814 2970 4885 17).
3004 4816 3074 4871 Et
3117 4817 3324 4873 beatus
3352 4817 3534 4876 Judas
3564 4821 3864 4893 apostolus

2206 4903 2278 4958 de
2305 4902 2526 4959 eisdem
2558 4902 2863 4959 similiter:
2901 4904 3108 4972 Quibus
3131 4908 3864 4982 procella,inquit,tenebra-
3892 4972 3895 4973 ν
3944 4978 3947 4979 ν

2205 5008 2333 5046 rum
2362 4993 2423 5045 in
2449 4998 2721 5048 aeternum
2764 5000 2979 5048 servata
3023 5001 3104 5050 est
3143 4995 3348 5068 (Iuda.
3384 4997 3495 5069 13).
3529 4997 3697 5055 Certe
3743 5017 3865 5056 om-
3889 4982 3929 5031 ’ξ

2206 5097 2310 5136 nes
2338 5085 2727 5137 consonanter
2739 5082 2993 5137 fatemur
3007 5088 3190 5140 Deum
3204 5085 3652 5157 pradestinasse
3665 5091 3865 5147 omnia

2206 5187 2334 5243 quae
2363 5170 2490 5243 ipse
2509 5174 2667 5226 esset
2697 5171 2978 5239 facturus,
3011 5175 3069 5229 et
3097 5174 3298 5246 utique
3328 5180 3451 5231 tam
3485 5192 3717 5251 magna,
3739 5183 3861 5236 tam

2194 5259 2361 5329 justa
2391 5265 2447 5315 et
2476 5263 2692 5316 aeterna
2702 5260 2931 5332 judicia
2953 5277 3125 5317 nemo
3145 5267 3352 5334 praeter
3370 5265 3567 5338 ipsum
3601 5267 3862 5325 facturus

2203 5353 2311 5413 est.
2346 5348 2405 5405 Si
2436 5366 2573 5422 ergo
2595 5350 2665 5405 ad
2689 5351 2815 5421 ejus
2828 5366 3005 5423 opera
3026 5351 3338 5422 pertinent,
3361 5370 3466 5410 nec
3497 5356 3568 5411 ab
3599 5354 3861 5414 alio‘lieri

2202 5444 2701 5511 possunt,certum
2734 5444 2822 5495 est
2853 5438 3091 5496 omnino
3110 5458 3216 5497 nec
3236 5440 3488 5500 dubitari
3513 5445 3686 5502 debet
3703 5449 3859 5519 quod

2200 5528 2397 5601 ipsum
2445 5528 2663 5584 habent
2711 5530 3271 5601 praedestinatorem,
3322 5548 3500 5605 quem
3559 5541 3859 5593 auctorem

2202 5623 2376 5690 atque
2408 5618 2708 5674 factorem.
3872 5620 3879 5627 ’

2272 5707 2434 5771 Quod
2468 5707 2515 5765 si
2545 5708 2655 5764 iste
2686 5712 2991 5782 propterea
3013 5708 3155 5768 dicit
3173 5727 3289 5768 non
3311 5712 3633 5772 esseDeum
3658 5720 3857 5774 aucto-
