  <div class='ocr_page' id='page_1' title='image "/cluster/home/n/w/nwhite01/storage/ocr_20150623/119/umn.319510024774125/138.png"; bbox 0 0 4100 6442; ppageno 0'>
   <div class='ocr_carea' id='block_1_1' title="bbox 129 430 250 489">
    <p class='ocr_par' dir='ltr' id='par_1_1' title="bbox 129 430 250 489">
     <span class='ocr_line' id='line_1_1' title="bbox 129 430 250 489; baseline -0.025 0"><span class='ocrx_word' id='word_1_1' title='bbox 129 430 250 489; x_wconf 76' lang='grc'>233</span> 
     </span>
    </p>
   </div>
   <div class='ocr_carea' id='block_1_2' title="bbox 1126 430 2609 496">
    <p class='ocr_par' dir='ltr' id='par_1_2' title="bbox 1126 430 2609 496">
     <span class='ocr_line' id='line_1_2' title="bbox 1126 430 2609 496; baseline 0.004 -6"><span class='ocrx_word' id='word_1_2' title='bbox 1126 430 1354 491; x_wconf 79' lang='lat' dir='ltr'>LlBElt</span> <span class='ocrx_word' id='word_1_3' title='bbox 1397 431 1813 492; x_wconf 76' lang='lat' dir='ltr'>ADVERSUS</span> <span class='ocrx_word' id='word_1_4' title='bbox 1861 431 2225 495; x_wconf 81' lang='lat' dir='ltr'>JOANNEM</span> <span class='ocrx_word' id='word_1_5' title='bbox 2272 434 2609 496; x_wconf 83' lang='lat' dir='ltr'>SCOTUM.</span> 
     </span>
    </p>
   </div>
   <div class='ocr_carea' id='block_1_3' title="bbox 3454 436 3576 499">
    <p class='ocr_par' dir='ltr' id='par_1_3' title="bbox 3454 436 3576 499">
     <span class='ocr_line' id='line_1_3' title="bbox 3454 436 3576 499; baseline 0.008 -1"><span class='ocrx_word' id='word_1_6' title='bbox 3454 436 3576 499; x_wconf 66' lang='lat'>934</span> 
     </span>
    </p>
   </div>
   <div class='ocr_carea' id='block_1_4' title="bbox 206 558 3572 641">
    <p class='ocr_par' dir='ltr' id='par_1_4' title="bbox 206 558 3572 641">
     <span class='ocr_line' id='line_1_4' title="bbox 206 558 3572 641; baseline 0.003 -25"><span class='ocrx_word' id='word_1_7' title='bbox 206 560 361 616; x_wconf 84' lang='lat' dir='ltr'>Host</span> <span class='ocrx_word' id='word_1_8' title='bbox 394 559 528 615; x_wconf 63' lang='lat' dir='ltr'>hac</span> <span class='ocrx_word' id='word_1_9' title='bbox 560 560 633 616; x_wconf 89' lang='lat' dir='ltr'>ad</span> <span class='ocrx_word' id='word_1_10' title='bbox 666 558 814 615; x_wconf 91' lang='lat' dir='ltr'>illud</span> <span class='ocrx_word' id='word_1_11' title='bbox 858 562 1189 617; x_wconf 88' lang='lat' dir='ltr'>necessario</span> <span class='ocrx_word' id='word_1_12' title='bbox 1223 563 1639 631; x_wconf 80' lang='lat' dir='ltr'>convertimur,</span> <span class='ocrx_word' id='word_1_13' title='bbox 1664 564 1818 636; x_wconf 90' lang='lat' dir='ltr'>quod</span> <span class='ocrx_word' id='word_1_14' title='bbox 1849 567 1904 635; x_wconf 78' lang='grc' dir='ltr'><strong>Α</strong></span> <span class='ocrx_word' id='word_1_15' title='bbox 1935 564 2089 635; x_wconf 91' lang='lat' dir='ltr'>quod</span> <span class='ocrx_word' id='word_1_16' title='bbox 2123 564 2327 637; x_wconf 83' lang='lat' dir='ltr'>utique</span> <span class='ocrx_word' id='word_1_17' title='bbox 2358 565 2732 623; x_wconf 80' lang='lat' dir='ltr'>manifestius</span> <span class='ocrx_word' id='word_1_18' title='bbox 2781 567 2853 624; x_wconf 86' lang='lat' dir='ltr'>ad</span> <span class='ocrx_word' id='word_1_19' title='bbox 2903 566 3266 625; x_wconf 88' lang='lat' dir='ltr'>destinatum</span> <span class='ocrx_word' id='word_1_20' title='bbox 3315 568 3572 641; x_wconf 74' lang='lat' dir='ltr'>pertinet</span> 
     </span>
    </p>
   </div>
   <div class='ocr_carea' id='block_1_5' title="bbox 133 647 3588 729">
    <p class='ocr_par' dir='ltr' id='par_1_5' title="bbox 133 647 3588 729">
     <span class='ocr_line' id='line_1_5' title="bbox 133 647 3588 729; baseline 0.003 -24"><span class='ocrx_word' id='word_1_21' title='bbox 133 650 243 705; x_wconf 87' lang='lat' dir='ltr'>iste</span> <span class='ocrx_word' id='word_1_22' title='bbox 268 654 337 705; x_wconf 90' lang='lat' dir='ltr'>ut</span> <span class='ocrx_word' id='word_1_23' title='bbox 360 647 602 722; x_wconf 89' lang='lat' dir='ltr'>aliquid</span> <span class='ocrx_word' id='word_1_24' title='bbox 628 647 807 705; x_wconf 89' lang='lat' dir='ltr'>etiam</span> <span class='ocrx_word' id='word_1_25' title='bbox 829 666 899 704; x_wconf 87' lang='lat' dir='ltr'>ex</span> <span class='ocrx_word' id='word_1_26' title='bbox 916 649 1124 705; x_wconf 66' lang='lat' dir='ltr'>Graecae</span> <span class='ocrx_word' id='word_1_27' title='bbox 1146 650 1362 724; x_wconf 65' lang='lat' dir='ltr'>linguae</span> <span class='ocrx_word' id='word_1_28' title='bbox 1386 652 1595 724; x_wconf 89' lang='lat' dir='ltr'>peritia</span> <span class='ocrx_word' id='word_1_29' title='bbox 1610 652 1817 709; x_wconf 88' lang='lat' dir='ltr'>docere</span> <span class='ocrx_word' id='word_1_30' title='bbox 1914 655 2086 719; x_wconf 78' lang='lat' dir='ltr'>Quod</span> <span class='ocrx_word' id='word_1_31' title='bbox 2110 658 2306 710; x_wconf 85' lang='lat' dir='ltr'>autem</span> <span class='ocrx_word' id='word_1_32' title='bbox 2325 656 2686 713; x_wconf 87' lang='lat' dir='ltr'>destinatum</span> <span class='ocrx_word' id='word_1_33' title='bbox 2707 657 2818 713; x_wconf 88' lang='lat' dir='ltr'>hoc</span> <span class='ocrx_word' id='word_1_34' title='bbox 2837 656 2915 713; x_wconf 86' lang='lat' dir='ltr'>sit</span> <span class='ocrx_word' id='word_1_35' title='bbox 2936 656 3353 729; x_wconf 84' lang='lat' dir='ltr'>proprie,qu</span> <span class='ocrx_word' id='word_1_36' title='bbox 3374 660 3444 713; x_wconf 87' lang='lat' dir='ltr'>ad</span> <span class='ocrx_word' id='word_1_37' title='bbox 3467 675 3588 715; x_wconf 89' lang='lat' dir='ltr'>cer-</span> 
     </span>
    </p>
   </div>
   <div class='ocr_carea' id='block_1_6' title="bbox 131 737 1813 813">
    <p class='ocr_par' dir='ltr' id='par_1_6' title="bbox 131 737 1813 813">
     <span class='ocr_line' id='line_1_6' title="bbox 131 737 1813 813; baseline 0.002 -19"><span class='ocrx_word' id='word_1_38' title='bbox 131 739 437 804; x_wconf 77' lang='lat' dir='ltr'>videatur,</span> <span class='ocrx_word' id='word_1_39' title='bbox 462 737 637 793; x_wconf 82' lang='lat' dir='ltr'>addit</span> <span class='ocrx_word' id='word_1_40' title='bbox 678 741 736 793; x_wconf 89' lang='lat' dir='ltr'>et</span> <span class='ocrx_word' id='word_1_41' title='bbox 773 737 952 794; x_wconf 81' lang='lat' dir='ltr'>dicit:</span> <span class='ocrx_word' id='word_1_42' title='bbox 981 740 1111 794; x_wconf 85' lang='lat' dir='ltr'>Ecce</span> <span class='ocrx_word' id='word_1_43' title='bbox 1154 739 1404 797; x_wconf 67' lang='lat' dir='ltr'>Graecum</span> <span class='ocrx_word' id='word_1_44' title='bbox 1439 740 1663 797; x_wconf 80' lang='lat' dir='ltr'>verbum</span> <span class='ocrx_word' id='word_1_45' title='bbox 1695 748 1813 813; x_wconf 80' lang='grc' dir='ltr'>ὁρῶ,</span> 
     </span>
    </p>
   </div>
   <div class='ocr_carea' id='block_1_7' title="bbox 134 826 1818 902">
    <p class='ocr_par' dir='ltr' id='par_1_7' title="bbox 134 826 1818 902">
     <span class='ocr_line' id='line_1_7' title="bbox 134 826 1818 902; baseline 0.001 -19"><span class='ocrx_word' id='word_1_46' title='bbox 134 829 274 901; x_wconf 78' lang='lat' dir='ltr'>quod</span> <span class='ocrx_word' id='word_1_47' title='bbox 286 828 498 896; x_wconf 88' lang='lat' dir='ltr'>video,</span> <span class='ocrx_word' id='word_1_48' title='bbox 512 835 565 884; x_wconf 86' lang='lat' dir='ltr'>et</span> <span class='ocrx_word' id='word_1_49' title='bbox 577 826 879 894; x_wconf 80' lang='lat' dir='ltr'>deﬁnio,et</span> <span class='ocrx_word' id='word_1_50' title='bbox 892 827 1126 885; x_wconf 87' lang='lat' dir='ltr'>destina</span> <span class='ocrx_word' id='word_1_51' title='bbox 1144 830 1818 902; x_wconf 82' lang='lat' dir='ltr'>interpretatur,similiter</span> 
     </span>
    </p>
   </div>
   <div class='ocr_carea' id='block_1_8' title="bbox 134 914 1812 990">
    <p class='ocr_par' dir='ltr' id='par_1_8' title="bbox 134 914 1812 990">
     <span class='ocr_line' id='line_1_8' title="bbox 134 914 1812 990; baseline -0.001 -16"><span class='ocrx_word' id='word_1_52' title='bbox 134 919 515 989; x_wconf 82' lang='lat' dir='ltr'>compositum</span> <span class='ocrx_word' id='word_1_53' title='bbox 528 926 729 989; x_wconf 77' lang='grc' dir='ltr'>προορῶ</span> <span class='ocrx_word' id='word_1_54' title='bbox 751 914 1055 987; x_wconf 68' lang='lat' dir='ltr'>praevideo,</span> <span class='ocrx_word' id='word_1_55' title='bbox 1071 916 1428 988; x_wconf 70' lang='lat' dir='ltr'>praedelinio,</span> <span class='ocrx_word' id='word_1_56' title='bbox 1441 916 1812 990; x_wconf 66' lang='lat' dir='ltr'>praedestino.</span> 
     </span>
    </p>
   </div>
   <div class='ocr_carea' id='block_1_9' title="bbox 135 1004 1816 1080">
    <p class='ocr_par' dir='ltr' id='par_1_9' title="bbox 135 1004 1816 1080">
     <span class='ocr_line' id='line_1_9' title="bbox 135 1004 1816 1080; baseline -0.001 -18"><span class='ocrx_word' id='word_1_57' title='bbox 135 1008 208 1062; x_wconf 76' lang='lat' dir='ltr'>Ac</span> <span class='ocrx_word' id='word_1_58' title='bbox 229 1024 339 1080; x_wconf 81' lang='lat' dir='ltr'>per</span> <span class='ocrx_word' id='word_1_59' title='bbox 372 1006 480 1062; x_wconf 81' lang='lat' dir='ltr'>hoc</span> <span class='ocrx_word' id='word_1_60' title='bbox 508 1004 1051 1078; x_wconf 68' lang='lat' dir='ltr'>praedestinationem</span> <span class='ocrx_word' id='word_1_61' title='bbox 1079 1014 1129 1061; x_wconf 88' lang='lat' dir='ltr'>et</span> <span class='ocrx_word' id='word_1_62' title='bbox 1146 1005 1643 1078; x_wconf 64' lang='lat' dir='ltr'>prwdeﬁnitionem</span> <span class='ocrx_word' id='word_1_63' title='bbox 1670 1007 1816 1062; x_wconf 84' lang='lat' dir='ltr'>nihil</span> 
     </span>
    </p>
   </div>
   <div class='ocr_carea' id='block_1_10' title="bbox 135 1094 1816 1167">
    <p class='ocr_par' dir='ltr' id='par_1_10' title="bbox 135 1094 1816 1167">
     <span class='ocr_line' id='line_1_10' title="bbox 135 1094 1816 1167; baseline 0 -16"><span class='ocrx_word' id='word_1_64' title='bbox 135 1095 293 1151; x_wconf 80' lang='lat' dir='ltr'>aliud</span> <span class='ocrx_word' id='word_1_65' title='bbox 322 1111 454 1152; x_wconf 86' lang='lat' dir='ltr'>esse</span> <span class='ocrx_word' id='word_1_66' title='bbox 485 1110 655 1167; x_wconf 88' lang='lat' dir='ltr'>quam</span> <span class='ocrx_word' id='word_1_67' title='bbox 678 1094 1087 1166; x_wconf 66' lang='lat' dir='ltr'>praecisionem.</span> <span class='ocrx_word' id='word_1_68' title='bbox 1114 1096 1179 1150; x_wconf 89' lang='lat' dir='ltr'>1n</span> <span class='ocrx_word' id='word_1_69' title='bbox 1212 1095 1427 1167; x_wconf 88' lang='lat' dir='ltr'>quibus</span> <span class='ocrx_word' id='word_1_70' title='bbox 1457 1094 1649 1152; x_wconf 82' lang='lat' dir='ltr'>verbis</span> <span class='ocrx_word' id='word_1_71' title='bbox 1672 1096 1816 1151; x_wconf 88' lang='lat' dir='ltr'>bene</span> 
     </span>
    </p>
   </div>
   <div class='ocr_carea' id='block_1_11' title="bbox 135 1183 1814 1258">
    <p class='ocr_par' dir='ltr' id='par_1_11' title="bbox 135 1183 1814 1258">
     <span class='ocr_line' id='line_1_11' title="bbox 135 1183 1814 1258; baseline -0.001 -18"><span class='ocrx_word' id='word_1_72' title='bbox 135 1185 390 1257; x_wconf 84' lang='lat' dir='ltr'>quidem</span> <span class='ocrx_word' id='word_1_73' title='bbox 442 1184 533 1239; x_wconf 91' lang='lat' dir='ltr'>ait</span> <span class='ocrx_word' id='word_1_74' title='bbox 556 1183 716 1256; x_wconf 90' lang='lat' dir='ltr'>quod</span> <span class='ocrx_word' id='word_1_75' title='bbox 745 1192 843 1258; x_wconf 80' lang='grc' dir='ltr'>ὁρῶ</span> <span class='ocrx_word' id='word_1_76' title='bbox 873 1183 1060 1256; x_wconf 82' lang='lat' dir='ltr'>possit</span> <span class='ocrx_word' id='word_1_77' title='bbox 1092 1184 1296 1240; x_wconf 81' lang='lat' dir='ltr'>Latine</span> <span class='ocrx_word' id='word_1_78' title='bbox 1343 1185 1457 1240; x_wconf 90' lang='lat' dir='ltr'>dici</span> <span class='ocrx_word' id='word_1_79' title='bbox 1508 1184 1678 1251; x_wconf 86' lang='lat' dir='ltr'>video,</span> <span class='ocrx_word' id='word_1_80' title='bbox 1712 1184 1814 1240; x_wconf 87' lang='lat' dir='ltr'>sed</span> 
     </span>
    </p>
   </div>
   <div class='ocr_carea' id='block_1_12' title="bbox 135 1271 1817 1347">
    <p class='ocr_par' dir='ltr' id='par_1_12' title="bbox 135 1271 1817 1347">
     <span class='ocr_line' id='line_1_12' title="bbox 135 1271 1817 1347; baseline -0.001 -17"><span class='ocrx_word' id='word_1_81' title='bbox 135 1275 448 1347; x_wconf 87' lang='lat' dir='ltr'>quomodo</span> <span class='ocrx_word' id='word_1_82' title='bbox 481 1272 643 1329; x_wconf 89' lang='lat' dir='ltr'>istud</span> <span class='ocrx_word' id='word_1_83' title='bbox 666 1273 818 1330; x_wconf 86' lang='lat' dir='ltr'>video</span> <span class='ocrx_word' id='word_1_84' title='bbox 850 1271 1096 1346; x_wconf 82' lang='lat' dir='ltr'>intelligi</span> <span class='ocrx_word' id='word_1_85' title='bbox 1120 1274 1350 1342; x_wconf 83' lang='lat' dir='ltr'><strong>debeat,</strong></span> <span class='ocrx_word' id='word_1_86' title='bbox 1375 1281 1572 1330; x_wconf 87' lang='lat' dir='ltr'>utrum</span> <span class='ocrx_word' id='word_1_87' title='bbox 1595 1271 1817 1346; x_wconf 85' lang='lat' dir='ltr'>simpli-</span> 
     </span>
    </p>
   </div>
   <div class='ocr_carea' id='block_1_13' title="bbox 128 1360 1818 1431">
    <p class='ocr_par' dir='ltr' id='par_1_13' title="bbox 128 1360 1818 1431">
     <span class='ocr_line' id='line_1_13' title="bbox 128 1360 1818 1431; baseline -0.001 -11"><span class='ocrx_word' id='word_1_88' title='bbox 128 1364 284 1420; x_wconf 78' lang='lat' dir='ltr'>citer</span> <span class='ocrx_word' id='word_1_89' title='bbox 310 1363 761 1431; x_wconf 75' lang='lat' dir='ltr'>tantummodo,</span> <span class='ocrx_word' id='word_1_90' title='bbox 782 1362 938 1419; x_wconf 90' lang='lat' dir='ltr'>sicut</span> <span class='ocrx_word' id='word_1_91' title='bbox 956 1360 1145 1418; x_wconf 83' lang='lat' dir='ltr'>multa</span> <span class='ocrx_word' id='word_1_92' title='bbox 1162 1363 1430 1418; x_wconf 87' lang='lat' dir='ltr'>videmus</span> <span class='ocrx_word' id='word_1_93' title='bbox 1449 1361 1607 1419; x_wconf 90' lang='lat' dir='ltr'>velut</span> <span class='ocrx_word' id='word_1_94' title='bbox 1628 1367 1818 1419; x_wconf 88' lang='lat' dir='ltr'>trans-</span> 
     </span>
    </p>
   </div>
   <div class='ocr_carea' id='block_1_14' title="bbox 135 1450 1814 1525">
    <p class='ocr_par' dir='ltr' id='par_1_14' title="bbox 135 1450 1814 1525">
     <span class='ocr_line' id='line_1_14' title="bbox 135 1450 1814 1525; baseline -0.002 -16"><span class='ocrx_word' id='word_1_95' title='bbox 135 1457 357 1509; x_wconf 87' lang='lat' dir='ltr'>eunter</span> <span class='ocrx_word' id='word_1_96' title='bbox 386 1455 448 1508; x_wconf 88' lang='lat' dir='ltr'>et</span> <span class='ocrx_word' id='word_1_97' title='bbox 477 1450 631 1507; x_wconf 88' lang='lat' dir='ltr'>ultro</span> <span class='ocrx_word' id='word_1_98' title='bbox 660 1467 724 1507; x_wconf 91' lang='lat' dir='ltr'>se</span> <span class='ocrx_word' id='word_1_99' title='bbox 753 1451 970 1508; x_wconf 80' lang='lat' dir='ltr'>nostris</span> <span class='ocrx_word' id='word_1_100' title='bbox 988 1452 1332 1525; x_wconf 71' lang='lat' dir='ltr'>aspectibus</span> <span class='ocrx_word' id='word_1_101' title='bbox 1362 1450 1716 1525; x_wconf 88' lang='lat' dir='ltr'>ingerentia;</span> <span class='ocrx_word' id='word_1_102' title='bbox 1740 1468 1814 1506; x_wconf 85' lang='lat' dir='ltr'>an</span> 
     </span>
    </p>
   </div>
   <div class='ocr_carea' id='block_1_15' title="bbox 136 1541 1817 1615">
    <p class='ocr_par' dir='ltr' id='par_1_15' title="bbox 136 1541 1817 1615">
     <span class='ocr_line' id='line_1_15' title="bbox 136 1541 1817 1615; baseline -0.001 -16"><span class='ocrx_word' id='word_1_103' title='bbox 136 1547 299 1599; x_wconf 83' lang='lat' dir='ltr'>certo</span> <span class='ocrx_word' id='word_1_104' title='bbox 334 1541 547 1615; x_wconf 81' lang='lat' dir='ltr'>aliquo</span> <span class='ocrx_word' id='word_1_105' title='bbox 576 1546 635 1598; x_wconf 88' lang='lat' dir='ltr'>et</span> <span class='ocrx_word' id='word_1_106' title='bbox 662 1541 850 1597; x_wconf 85' lang='lat' dir='ltr'>defixo</span> <span class='ocrx_word' id='word_1_107' title='bbox 881 1541 1100 1611; x_wconf 84' lang='lat' dir='ltr'>intuiti,</span> <span class='ocrx_word' id='word_1_108' title='bbox 1129 1558 1244 1614; x_wconf 91' lang='lat' dir='ltr'>quo</span> <span class='ocrx_word' id='word_1_109' title='bbox 1275 1558 1398 1598; x_wconf 90' lang='lat' dir='ltr'>rem</span> <span class='ocrx_word' id='word_1_110' title='bbox 1430 1541 1689 1614; x_wconf 87' lang='lat' dir='ltr'>aliquam</span> <span class='ocrx_word' id='word_1_111' title='bbox 1714 1545 1817 1597; x_wconf 89' lang='lat' dir='ltr'>aut</span> 
     </span>
    </p>
   </div>
   <div class='ocr_carea' id='block_1_16' title="bbox 134 1630 1812 1704">
    <p class='ocr_par' dir='ltr' id='par_1_16' title="bbox 134 1630 1812 1704">
     <span class='ocr_line' id='line_1_16' title="bbox 134 1630 1812 1704; baseline -0.003 -15"><span class='ocrx_word' id='word_1_112' title='bbox 134 1631 484 1689; x_wconf 75' lang='lat' dir='ltr'>certissime</span> <span class='ocrx_word' id='word_1_113' title='bbox 534 1647 664 1687; x_wconf 89' lang='lat' dir='ltr'>esse</span> <span class='ocrx_word' id='word_1_114' title='bbox 703 1645 1148 1704; x_wconf 89' lang='lat' dir='ltr'>cognoscamus,</span> <span class='ocrx_word' id='word_1_115' title='bbox 1174 1638 1278 1687; x_wconf 90' lang='lat' dir='ltr'>aut</span> <span class='ocrx_word' id='word_1_116' title='bbox 1322 1635 1487 1687; x_wconf 84' lang='lat' dir='ltr'>tanta</span> <span class='ocrx_word' id='word_1_117' title='bbox 1534 1630 1671 1686; x_wconf 90' lang='lat' dir='ltr'>illuc</span> <span class='ocrx_word' id='word_1_118' title='bbox 1725 1630 1812 1685; x_wconf 89' lang='lat' dir='ltr'>in-</span> 
     </span>
    </p>
   </div>
   <div class='ocr_carea' id='block_1_17' title="bbox 136 1719 1813 1793">
    <p class='ocr_par' dir='ltr' id='par_1_17' title="bbox 136 1719 1813 1793">
     <span class='ocr_line' id='line_1_17' title="bbox 136 1719 1813 1793; baseline -0.002 -15"><span class='ocrx_word' id='word_1_119' title='bbox 136 1721 411 1778; x_wconf 84' lang='lat' dir='ltr'>tentione</span> <span class='ocrx_word' id='word_1_120' title='bbox 432 1725 637 1777; x_wconf 88' lang='lat' dir='ltr'>noster</span> <span class='ocrx_word' id='word_1_121' title='bbox 660 1719 950 1792; x_wconf 85' lang='lat' dir='ltr'>dirigatur</span> <span class='ocrx_word' id='word_1_122' title='bbox 975 1724 1270 1793; x_wconf 86' lang='lat' dir='ltr'>aspectus,</span> <span class='ocrx_word' id='word_1_123' title='bbox 1296 1725 1357 1776; x_wconf 90' lang='lat' dir='ltr'>ut</span> <span class='ocrx_word' id='word_1_124' title='bbox 1381 1721 1550 1793; x_wconf 86' lang='lat' dir='ltr'>quasi</span> <span class='ocrx_word' id='word_1_125' title='bbox 1577 1719 1813 1793; x_wconf 87' lang='lat' dir='ltr'>signum</span> 
     </span>
    </p>
   </div>
   <div class='ocr_carea' id='block_1_18' title="bbox 137 1809 1816 1884">
    <p class='ocr_par' dir='ltr' id='par_1_18' title="bbox 137 1809 1816 1884">
     <span class='ocr_line' id='line_1_18' title="bbox 137 1809 1816 1884; baseline -0.003 -16"><span class='ocrx_word' id='word_1_126' title='bbox 137 1813 210 1868; x_wconf 88' lang='lat' dir='ltr'>ad</span> <span class='ocrx_word' id='word_1_127' title='bbox 243 1811 537 1884; x_wconf 76' lang='lat' dir='ltr'>sagittam</span> <span class='ocrx_word' id='word_1_128' title='bbox 568 1809 847 1865; x_wconf 88' lang='lat' dir='ltr'>eumdem</span> <span class='ocrx_word' id='word_1_129' title='bbox 880 1815 1148 1866; x_wconf 89' lang='lat' dir='ltr'>nostrum</span> <span class='ocrx_word' id='word_1_130' title='bbox 1176 1814 1477 1882; x_wconf 81' lang='lat' dir='ltr'>aspectum</span> <span class='ocrx_word' id='word_1_131' title='bbox 1511 1810 1662 1865; x_wconf 89' lang='lat' dir='ltr'>actio</span> <span class='ocrx_word' id='word_1_132' title='bbox 1683 1825 1816 1863; x_wconf 89' lang='lat' dir='ltr'>con-</span> 
     </span>
    </p>
   </div>
   <div class='ocr_carea' id='block_1_19' title="bbox 138 1888 1814 1974">
    <p class='ocr_par' dir='ltr' id='par_1_19' title="bbox 138 1888 1814 1974">
     <span class='ocr_line' id='line_1_19' title="bbox 138 1888 1814 1974; baseline -0.002 -17"><span class='ocrx_word' id='word_1_133' title='bbox 138 1904 460 1974; x_wconf 77' lang='lat' dir='ltr'>sequatur.</span> <span class='ocrx_word' id='word_1_134' title='bbox 477 1898 643 1955; x_wconf 90' lang='lat' dir='ltr'>Sicut</span> <span class='ocrx_word' id='word_1_135' title='bbox 672 1902 731 1955; x_wconf 90' lang='lat' dir='ltr'>et</span> <span class='ocrx_word' id='word_1_136' title='bbox 758 1888 1062 1971; x_wconf 86' lang='lat' dir='ltr'>Scriptura</span> <span class='ocrx_word' id='word_1_137' title='bbox 1092 1899 1235 1955; x_wconf 88' lang='lat' dir='ltr'>dicit</span> <span class='ocrx_word' id='word_1_138' title='bbox 1262 1900 1334 1954; x_wconf 90' lang='lat' dir='ltr'>de</span> <span class='ocrx_word' id='word_1_139' title='bbox 1379 1899 1542 1954; x_wconf 80' lang='lat' dir='ltr'>fabro</span> <span class='ocrx_word' id='word_1_140' title='bbox 1576 1897 1814 1955; x_wconf 77' lang='lat' dir='ltr'>ferrario</span> 
     </span>
    </p>
   </div>
   <div class='ocr_carea' id='block_1_20' title="bbox 138 1986 1813 2062">
    <p class='ocr_par' dir='ltr' id='par_1_20' title="bbox 138 1986 1813 2062">
     <span class='ocr_line' id='line_1_20' title="bbox 138 1986 1813 2062; baseline -0.002 -15"><span class='ocrx_word' id='word_1_141' title='bbox 138 1990 227 2047; x_wconf 88' lang='lat' dir='ltr'>vel</span> <span class='ocrx_word' id='word_1_142' title='bbox 252 1989 586 2062; x_wconf 86' lang='lat' dir='ltr'>cujuslibet</span> <span class='ocrx_word' id='word_1_143' title='bbox 601 1987 844 2044; x_wconf 77' lang='lat' dir='ltr'>alterius</span> <span class='ocrx_word' id='word_1_144' title='bbox 859 1987 1249 2061; x_wconf 88' lang='lat' dir='ltr'>metalli,quia</span> <span class='ocrx_word' id='word_1_145' title='bbox 1270 1989 1341 2044; x_wconf 91' lang='lat' dir='ltr'>ad</span> <span class='ocrx_word' id='word_1_146' title='bbox 1360 1986 1813 2045; x_wconf 88' lang='lat' dir='ltr'>similitudinem</span> 
     </span>
    </p>
   </div>
   <div class='ocr_carea' id='block_1_21' title="bbox 137 2077 1817 2152">
    <p class='ocr_par' dir='ltr' id='par_1_21' title="bbox 137 2077 1817 2152">
     <span class='ocr_line' id='line_1_21' title="bbox 137 2077 1817 2152; baseline -0.003 -15"><span class='ocrx_word' id='word_1_147' title='bbox 137 2079 302 2137; x_wconf 85' lang='lat' dir='ltr'>vasis</span> <span class='ocrx_word' id='word_1_148' title='bbox 336 2078 503 2152; x_wconf 83' lang='lat' dir='ltr'>quod</span> <span class='ocrx_word' id='word_1_149' title='bbox 547 2077 887 2145; x_wconf 74' lang='lat' dir='ltr'>fabricatur,</span> <span class='ocrx_word' id='word_1_150' title='bbox 920 2081 1010 2134; x_wconf 90' lang='lat' dir='ltr'>est</span> <span class='ocrx_word' id='word_1_151' title='bbox 1038 2078 1243 2134; x_wconf 89' lang='lat' dir='ltr'>oculus</span> <span class='ocrx_word' id='word_1_152' title='bbox 1274 2077 1608 2144; x_wconf 91' lang='lat' dir='ltr'>illius,cum</span> <span class='ocrx_word' id='word_1_153' title='bbox 1653 2080 1817 2132; x_wconf 89' lang='lat' dir='ltr'>tanta</span> 
     </span>
    </p>
   </div>
   <div class='ocr_carea' id='block_1_22' title="bbox 141 2165 1814 2239">
    <p class='ocr_par' dir='ltr' id='par_1_22' title="bbox 141 2165 1814 2239">
     <span class='ocr_line' id='line_1_22' title="bbox 141 2165 1814 2239; baseline -0.002 -15"><span class='ocrx_word' id='word_1_154' title='bbox 141 2169 298 2226; x_wconf 88' lang='lat' dir='ltr'>illud</span> <span class='ocrx_word' id='word_1_155' title='bbox 331 2167 665 2225; x_wconf 89' lang='lat' dir='ltr'>intentione</span> <span class='ocrx_word' id='word_1_156' title='bbox 690 2166 844 2223; x_wconf 92' lang='lat' dir='ltr'>oculi</span> <span class='ocrx_word' id='word_1_157' title='bbox 875 2167 1141 2235; x_wconf 89' lang='lat' dir='ltr'>attendit,</span> <span class='ocrx_word' id='word_1_158' title='bbox 1168 2172 1232 2223; x_wconf 91' lang='lat' dir='ltr'>ut</span> <span class='ocrx_word' id='word_1_159' title='bbox 1262 2167 1421 2224; x_wconf 87' lang='lat' dir='ltr'>velut</span> <span class='ocrx_word' id='word_1_160' title='bbox 1453 2168 1525 2223; x_wconf 89' lang='lat' dir='ltr'>ad</span> <span class='ocrx_word' id='word_1_161' title='bbox 1553 2165 1814 2239; x_wconf 87' lang='lat' dir='ltr'>regulam</span> 
     </span>
    </p>
   </div>
   <div class='ocr_carea' id='block_1_23' title="bbox 139 2255 1815 2329">
    <p class='ocr_par' dir='ltr' id='par_1_23' title="bbox 139 2255 1815 2329">
     <span class='ocr_line' id='line_1_23' title="bbox 139 2255 1815 2329; baseline -0.002 -15"><span class='ocrx_word' id='word_1_162' title='bbox 139 2259 231 2316; x_wconf 89' lang='lat' dir='ltr'>vel</span> <span class='ocrx_word' id='word_1_163' title='bbox 262 2260 349 2315; x_wconf 87' lang='lat' dir='ltr'>ad</span> <span class='ocrx_word' id='word_1_164' title='bbox 375 2258 597 2314; x_wconf 78' lang='lat' dir='ltr'>lineam</span> <span class='ocrx_word' id='word_1_165' title='bbox 643 2257 736 2313; x_wconf 89' lang='lat' dir='ltr'>sui</span> <span class='ocrx_word' id='word_1_166' title='bbox 777 2256 1017 2313; x_wconf 87' lang='lat' dir='ltr'>obtutus</span> <span class='ocrx_word' id='word_1_167' title='bbox 1064 2256 1211 2312; x_wconf 88' lang='lat' dir='ltr'>nihil</span> <span class='ocrx_word' id='word_1_168' title='bbox 1246 2256 1302 2311; x_wconf 93' lang='lat' dir='ltr'>in</span> <span class='ocrx_word' id='word_1_169' title='bbox 1334 2273 1403 2312; x_wconf 89' lang='lat' dir='ltr'>eo</span> <span class='ocrx_word' id='word_1_170' title='bbox 1432 2255 1599 2313; x_wconf 82' lang='lat' dir='ltr'>aliter</span> <span class='ocrx_word' id='word_1_171' title='bbox 1635 2272 1815 2329; x_wconf 89' lang='lat' dir='ltr'>quam</span> 
     </span>
    </p>
   </div>
   <div class='ocr_carea' id='block_1_24' title="bbox 139 2344 1815 2423">
    <p class='ocr_par' dir='ltr' id='par_1_24' title="bbox 139 2344 1815 2423">
     <span class='ocr_line' id='line_1_24' title="bbox 139 2344 1815 2423; baseline -0.002 -18"><span class='ocrx_word' id='word_1_172' title='bbox 139 2351 270 2423; x_wconf 87' lang='lat' dir='ltr'>ipse</span> <span class='ocrx_word' id='word_1_173' title='bbox 317 2347 621 2421; x_wconf 86' lang='lat' dir='ltr'>disposuit</span> <span class='ocrx_word' id='word_1_174' title='bbox 668 2362 799 2403; x_wconf 89' lang='lat' dir='ltr'>esse</span> <span class='ocrx_word' id='word_1_175' title='bbox 850 2346 1126 2419; x_wconf 86' lang='lat' dir='ltr'>patiatur.</span> <span class='ocrx_word' id='word_1_176' title='bbox 1160 2348 1247 2402; x_wconf 90' lang='lat' dir='ltr'>Ita</span> <span class='ocrx_word' id='word_1_177' title='bbox 1277 2362 1414 2419; x_wconf 90' lang='lat' dir='ltr'>ergo</span> <span class='ocrx_word' id='word_1_178' title='bbox 1472 2345 1663 2419; x_wconf 87' lang='lat' dir='ltr'>magis</span> <span class='ocrx_word' id='word_1_179' title='bbox 1719 2344 1815 2401; x_wconf 90' lang='lat' dir='ltr'>ille</span> 
     </span>
    </p>
   </div>
   <div class='ocr_carea' id='block_1_25' title="bbox 139 2432 1815 2511">
    <p class='ocr_par' dir='ltr' id='par_1_25' title="bbox 139 2432 1815 2511">
     <span class='ocr_line' id='line_1_25' title="bbox 139 2432 1815 2511; baseline -0.003 -16"><span class='ocrx_word' id='word_1_180' title='bbox 139 2455 347 2495; x_wconf 81' lang='lat' dir='ltr'>sermo</span> <span class='ocrx_word' id='word_1_181' title='bbox 385 2445 506 2511; x_wconf 77' lang='grc' dir='ltr'>ὁρῶ,</span> <span class='ocrx_word' id='word_1_182' title='bbox 539 2436 597 2492; x_wconf 90' lang='lat' dir='ltr'>id</span> <span class='ocrx_word' id='word_1_183' title='bbox 631 2440 721 2492; x_wconf 90' lang='lat' dir='ltr'>est</span> <span class='ocrx_word' id='word_1_184' title='bbox 753 2435 922 2505; x_wconf 88' lang='lat' dir='ltr'>video,</span> <span class='ocrx_word' id='word_1_185' title='bbox 948 2434 1367 2508; x_wconf 88' lang='lat' dir='ltr'>intelligendus</span> <span class='ocrx_word' id='word_1_186' title='bbox 1410 2439 1519 2503; x_wconf 89' lang='lat' dir='ltr'>est,</span> <span class='ocrx_word' id='word_1_187' title='bbox 1570 2438 1635 2489; x_wconf 92' lang='lat' dir='ltr'>ut</span> <span class='ocrx_word' id='word_1_188' title='bbox 1678 2432 1815 2490; x_wconf 90' lang='lat' dir='ltr'>talis</span> 
     </span>
    </p>
   </div>
   <div class='ocr_carea' id='block_1_26' title="bbox 134 2522 1818 2599">
    <p class='ocr_par' dir='ltr' id='par_1_26' title="bbox 134 2522 1818 2599">
     <span class='ocr_line' id='line_1_26' title="bbox 134 2522 1818 2599; baseline -0.005 -14"><span class='ocrx_word' id='word_1_189' title='bbox 134 2530 220 2585; x_wconf 87' lang='lat' dir='ltr'>ibi</span> <span class='ocrx_word' id='word_1_190' title='bbox 254 2528 411 2584; x_wconf 85' lang='lat' dir='ltr'>visio</span> <span class='ocrx_word' id='word_1_191' title='bbox 439 2525 803 2599; x_wconf 88' lang='lat' dir='ltr'>designetur,</span> <span class='ocrx_word' id='word_1_192' title='bbox 818 2541 946 2597; x_wconf 81' lang='lat' dir='ltr'>quae</span> <span class='ocrx_word' id='word_1_193' title='bbox 980 2524 1059 2580; x_wconf 89' lang='lat' dir='ltr'>ita</span> <span class='ocrx_word' id='word_1_194' title='bbox 1088 2526 1158 2580; x_wconf 88' lang='lat' dir='ltr'>ad</span> <span class='ocrx_word' id='word_1_195' title='bbox 1183 2529 1406 2581; x_wconf 87' lang='lat' dir='ltr'>certum</span> <span class='ocrx_word' id='word_1_196' title='bbox 1433 2523 1707 2596; x_wconf 82' lang='lat' dir='ltr'>dirigitur</span> <span class='ocrx_word' id='word_1_197' title='bbox 1730 2522 1818 2577; x_wconf 87' lang='lat' dir='ltr'>in-</span> 
     </span>
    </p>
   </div>
   <div class='ocr_carea' id='block_1_27' title="bbox 140 2610 1816 2687">
    <p class='ocr_par' dir='ltr' id='par_1_27' title="bbox 140 2610 1816 2687">
     <span class='ocr_line' id='line_1_27' title="bbox 140 2610 1816 2687; baseline -0.004 -13"><span class='ocrx_word' id='word_1_198' title='bbox 140 2618 397 2685; x_wconf 85' lang='lat' dir='ltr'>tuitum,</span> <span class='ocrx_word' id='word_1_199' title='bbox 423 2619 491 2671; x_wconf 89' lang='lat' dir='ltr'>ut</span> <span class='ocrx_word' id='word_1_200' title='bbox 521 2615 594 2671; x_wconf 90' lang='lat' dir='ltr'>ad</span> <span class='ocrx_word' id='word_1_201' title='bbox 624 2614 822 2687; x_wconf 87' lang='lat' dir='ltr'>ipsum</span> <span class='ocrx_word' id='word_1_202' title='bbox 851 2612 940 2668; x_wconf 89' lang='lat' dir='ltr'>vel</span> <span class='ocrx_word' id='word_1_203' title='bbox 973 2614 1251 2671; x_wconf 89' lang='lat' dir='ltr'>incursus</span> <span class='ocrx_word' id='word_1_204' title='bbox 1287 2612 1590 2679; x_wconf 88' lang='lat' dir='ltr'>intuentis,</span> <span class='ocrx_word' id='word_1_205' title='bbox 1615 2610 1700 2668; x_wconf 84' lang='lat' dir='ltr'>vel</span> <span class='ocrx_word' id='word_1_206' title='bbox 1728 2613 1816 2684; x_wconf 83' lang='lat' dir='ltr'>ja-</span> 
     </span>
    </p>
   </div>
   <div class='ocr_carea' id='block_1_28' title="bbox 139 2700 1816 2776">
    <p class='ocr_par' dir='ltr' id='par_1_28' title="bbox 139 2700 1816 2776">
     <span class='ocr_line' id='line_1_28' title="bbox 139 2700 1816 2776; baseline -0.004 -11"><span class='ocrx_word' id='word_1_207' title='bbox 139 2704 496 2775; x_wconf 89' lang='lat' dir='ltr'>culatio,vel</span> <span class='ocrx_word' id='word_1_208' title='bbox 530 2702 958 2770; x_wconf 82' lang='lat' dir='ltr'>fabricatio,vel</span> <span class='ocrx_word' id='word_1_209' title='bbox 984 2702 1141 2760; x_wconf 82' lang='lat' dir='ltr'>aliud</span> <span class='ocrx_word' id='word_1_210' title='bbox 1173 2703 1464 2776; x_wconf 86' lang='lat' dir='ltr'>ejusmodi</span> <span class='ocrx_word' id='word_1_211' title='bbox 1492 2700 1816 2759; x_wconf 87' lang='lat' dir='ltr'>rectissime</span> 
     </span>
    </p>
   </div>
   <div class='ocr_carea' id='block_1_29' title="bbox 139 2792 1077 2866">
    <p class='ocr_par' dir='ltr' id='par_1_29' title="bbox 139 2792 1077 2866">
     <span class='ocr_line' id='line_1_29' title="bbox 139 2792 1077 2866; baseline -0.006 -11"><span class='ocrx_word' id='word_1_212' title='bbox 139 2804 200 2856; x_wconf 88' lang='lat' dir='ltr'>et</span> <span class='ocrx_word' id='word_1_213' title='bbox 230 2793 739 2853; x_wconf 84' lang='lat' dir='ltr'>indeclinabiliter</span> <span class='ocrx_word' id='word_1_214' title='bbox 766 2792 1077 2866; x_wconf 88' lang='lat' dir='ltr'>dirigatur.</span> 
     </span>
    </p>
   </div>
   <div class='ocr_carea' id='block_1_30' title="bbox 216 2882 1819 2956">
    <p class='ocr_par' dir='ltr' id='par_1_30' title="bbox 216 2882 1819 2956">
     <span class='ocr_line' id='line_1_30' title="bbox 216 2882 1819 2956; baseline -0.004 -13"><span class='ocrx_word' id='word_1_215' title='bbox 216 2888 305 2944; x_wconf 80' lang='lat' dir='ltr'>Ex</span> <span class='ocrx_word' id='word_1_216' title='bbox 337 2885 453 2941; x_wconf 85' lang='lat' dir='ltr'>hoc</span> <span class='ocrx_word' id='word_1_217' title='bbox 486 2899 743 2955; x_wconf 83' lang='lat' dir='ltr'>namque</span> <span class='ocrx_word' id='word_1_218' title='bbox 770 2883 945 2939; x_wconf 88' lang='lat' dir='ltr'>verbo</span> <span class='ocrx_word' id='word_1_219' title='bbox 975 2883 1131 2955; x_wconf 90' lang='lat' dir='ltr'>quod</span> <span class='ocrx_word' id='word_1_220' title='bbox 1156 2882 1372 2939; x_wconf 88' lang='lat' dir='ltr'>dicitur</span> <span class='ocrx_word' id='word_1_221' title='bbox 1394 2890 1492 2956; x_wconf 82' lang='grc' dir='ltr'>ὁρῶ</span> <span class='ocrx_word' id='word_1_222' title='bbox 1524 2882 1819 2938; x_wconf 86' lang='lat' dir='ltr'>derivatur</span> 
     </span>
    </p>
   </div>
   <div class='ocr_carea' id='block_1_31' title="bbox 143 2970 1817 3051">
    <p class='ocr_par' dir='ltr' id='par_1_31' title="bbox 143 2970 1817 3051">
     <span class='ocr_line' id='line_1_31' title="bbox 143 2970 1817 3051; baseline -0.006 -15"><span class='ocrx_word' id='word_1_223' title='bbox 143 2987 345 3051; x_wconf 71' lang='grc' dir='ltr'>δρώμα,</span> <span class='ocrx_word' id='word_1_224' title='bbox 368 2974 530 3047; x_wconf 87' lang='lat' dir='ltr'>quod</span> <span class='ocrx_word' id='word_1_225' title='bbox 562 2976 649 3029; x_wconf 90' lang='lat' dir='ltr'>est</span> <span class='ocrx_word' id='word_1_226' title='bbox 680 2972 887 3028; x_wconf 88' lang='lat' dir='ltr'>Latine</span> <span class='ocrx_word' id='word_1_227' title='bbox 921 2973 1083 3029; x_wconf 82' lang='lat' dir='ltr'>visio.</span> <span class='ocrx_word' id='word_1_228' title='bbox 1108 2972 1294 3037; x_wconf 87' lang='lat' dir='ltr'>Quam</span> <span class='ocrx_word' id='word_1_229' title='bbox 1332 2972 1637 3043; x_wconf 87' lang='lat' dir='ltr'>visionem,</span> <span class='ocrx_word' id='word_1_230' title='bbox 1657 2970 1817 3027; x_wconf 87' lang='lat' dir='ltr'>verbi</span> 
     </span>
    </p>
   </div>
   <div class='ocr_carea' id='block_1_32' title="bbox 143 3060 1819 3142">
    <p class='ocr_par' dir='ltr' id='par_1_32' title="bbox 143 3060 1819 3142">
     <span class='ocr_line' id='line_1_32' title="bbox 143 3060 1819 3142; baseline -0.004 -20"><span class='ocrx_word' id='word_1_231' title='bbox 143 3065 364 3142; x_wconf 83' lang='lat' dir='ltr'>gratia,</span> <span class='ocrx_word' id='word_1_232' title='bbox 397 3062 637 3131; x_wconf 87' lang='lat' dir='ltr'>somnii,</span> <span class='ocrx_word' id='word_1_233' title='bbox 656 3066 759 3118; x_wconf 88' lang='lat' dir='ltr'>aut</span> <span class='ocrx_word' id='word_1_234' title='bbox 786 3061 1040 3134; x_wconf 86' lang='lat' dir='ltr'>alicujus</span> <span class='ocrx_word' id='word_1_235' title='bbox 1070 3061 1457 3133; x_wconf 86' lang='lat' dir='ltr'>revelationis,</span> <span class='ocrx_word' id='word_1_236' title='bbox 1486 3062 1567 3117; x_wconf 84' lang='lat' dir='ltr'>ita</span> <span class='ocrx_word' id='word_1_237' title='bbox 1590 3060 1819 3133; x_wconf 86' lang='lat' dir='ltr'>antiqui</span> 
     </span>
    </p>
   </div>
   <div class='ocr_carea' id='block_1_33' title="bbox 146 3149 1817 3224">
    <p class='ocr_par' dir='ltr' id='par_1_33' title="bbox 146 3149 1817 3224">
     <span class='ocr_line' id='line_1_33' title="bbox 146 3149 1817 3224; baseline -0.005 -11"><span class='ocrx_word' id='word_1_238' title='bbox 146 3155 536 3218; x_wconf 79' lang='lat' dir='ltr'>definierunt,</span> <span class='ocrx_word' id='word_1_239' title='bbox 560 3151 701 3224; x_wconf 89' lang='lat' dir='ltr'>quia</span> <span class='ocrx_word' id='word_1_240' title='bbox 727 3149 877 3207; x_wconf 89' lang='lat' dir='ltr'>visio</span> <span class='ocrx_word' id='word_1_241' title='bbox 918 3154 1010 3207; x_wconf 88' lang='lat' dir='ltr'>est</span> <span class='ocrx_word' id='word_1_242' title='bbox 1056 3166 1191 3205; x_wconf 89' lang='lat' dir='ltr'>cum</span> <span class='ocrx_word' id='word_1_243' title='bbox 1224 3150 1281 3205; x_wconf 91' lang='lat' dir='ltr'>id</span> <span class='ocrx_word' id='word_1_244' title='bbox 1313 3150 1446 3223; x_wconf 88' lang='lat' dir='ltr'>quis</span> <span class='ocrx_word' id='word_1_245' title='bbox 1476 3150 1631 3205; x_wconf 91' lang='lat' dir='ltr'>videt</span> <span class='ocrx_word' id='word_1_246' title='bbox 1660 3150 1817 3221; x_wconf 89' lang='lat' dir='ltr'>quod</span> 
     </span>
    </p>
   </div>
   <div class='ocr_carea' id='block_1_34' title="bbox 147 3239 1821 3314">
    <p class='ocr_par' dir='ltr' id='par_1_34' title="bbox 147 3239 1821 3314">
     <span class='ocr_line' id='line_1_34' title="bbox 147 3239 1821 3314; baseline -0.005 -11"><span class='ocrx_word' id='word_1_247' title='bbox 147 3247 361 3303; x_wconf 89' lang='lat' dir='ltr'>eodem</span> <span class='ocrx_word' id='word_1_248' title='bbox 396 3242 574 3298; x_wconf 88' lang='lat' dir='ltr'>modo</span> <span class='ocrx_word' id='word_1_249' title='bbox 603 3258 720 3314; x_wconf 89' lang='lat' dir='ltr'>quo</span> <span class='ocrx_word' id='word_1_250' title='bbox 748 3245 1100 3314; x_wconf 87' lang='lat' dir='ltr'>apparuerat</span> <span class='ocrx_word' id='word_1_251' title='bbox 1119 3241 1359 3297; x_wconf 88' lang='lat' dir='ltr'>eveniet.</span> <span class='ocrx_word' id='word_1_252' title='bbox 1378 3240 1537 3298; x_wconf 90' lang='lat' dir='ltr'>Unde</span> <span class='ocrx_word' id='word_1_253' title='bbox 1568 3239 1821 3295; x_wconf 85' lang='lat' dir='ltr'>maxime</span> 
     </span>
    </p>
   </div>
   <div class='ocr_carea' id='block_1_35' title="bbox 148 3328 1821 3405">
    <p class='ocr_par' dir='ltr' id='par_1_35' title="bbox 148 3328 1821 3405">
     <span class='ocr_line' id='line_1_35' title="bbox 148 3328 1821 3405; baseline -0.005 -14"><span class='ocrx_word' id='word_1_254' title='bbox 148 3336 210 3391; x_wconf 90' lang='lat' dir='ltr'>in</span> <span class='ocrx_word' id='word_1_255' title='bbox 244 3331 578 3405; x_wconf 85' lang='lat' dir='ltr'>Scripturis</span> <span class='ocrx_word' id='word_1_256' title='bbox 607 3331 894 3387; x_wconf 89' lang='lat' dir='ltr'>visionem</span> <span class='ocrx_word' id='word_1_257' title='bbox 936 3329 1255 3403; x_wconf 86' lang='lat' dir='ltr'>cujuslibet</span> <span class='ocrx_word' id='word_1_258' title='bbox 1283 3328 1488 3386; x_wconf 69' lang='lat' dir='ltr'>divinis</span> <span class='ocrx_word' id='word_1_259' title='bbox 1519 3328 1821 3385; x_wconf 88' lang='lat' dir='ltr'>revelatio-</span> 
     </span>
    </p>
   </div>
   <div class='ocr_carea' id='block_1_36' title="bbox 150 3417 1823 3496">
    <p class='ocr_par' dir='ltr' id='par_1_36' title="bbox 150 3417 1823 3496">
     <span class='ocr_line' id='line_1_36' title="bbox 150 3417 1823 3496; baseline -0.004 -14"><span class='ocrx_word' id='word_1_260' title='bbox 150 3426 268 3495; x_wconf 92' lang='lat' dir='ltr'>nis,</span> <span class='ocrx_word' id='word_1_261' title='bbox 300 3440 438 3496; x_wconf 69' lang='lat' dir='ltr'>quae</span> <span class='ocrx_word' id='word_1_262' title='bbox 474 3421 678 3494; x_wconf 83' lang='lat' dir='ltr'>utique</span> <span class='ocrx_word' id='word_1_263' title='bbox 723 3420 806 3476; x_wconf 89' lang='lat' dir='ltr'>ita</span> <span class='ocrx_word' id='word_1_264' title='bbox 833 3421 1065 3477; x_wconf 89' lang='lat' dir='ltr'>videtur</span> <span class='ocrx_word' id='word_1_265' title='bbox 1112 3422 1171 3475; x_wconf 90' lang='lat' dir='ltr'>in</span> <span class='ocrx_word' id='word_1_266' title='bbox 1223 3420 1456 3493; x_wconf 90' lang='lat' dir='ltr'>spiritu,</span> <span class='ocrx_word' id='word_1_267' title='bbox 1489 3425 1554 3475; x_wconf 90' lang='lat' dir='ltr'>ut</span> <span class='ocrx_word' id='word_1_268' title='bbox 1584 3417 1823 3475; x_wconf 90' lang='lat' dir='ltr'>omnino</span> 
     </span>
    </p>
   </div>
   <div class='ocr_carea' id='block_1_37' title="bbox 152 3508 1824 3583">
    <p class='ocr_par' dir='ltr' id='par_1_37' title="bbox 152 3508 1824 3583">
     <span class='ocr_line' id='line_1_37' title="bbox 152 3508 1824 3583; baseline -0.005 -11"><span class='ocrx_word' id='word_1_269' title='bbox 152 3515 332 3572; x_wconf 84' lang='lat' dir='ltr'>aliter</span> <span class='ocrx_word' id='word_1_270' title='bbox 359 3510 594 3569; x_wconf 86' lang='lat' dir='ltr'>evenire</span> <span class='ocrx_word' id='word_1_271' title='bbox 634 3526 751 3566; x_wconf 89' lang='lat' dir='ltr'>non</span> <span class='ocrx_word' id='word_1_272' title='bbox 793 3510 999 3583; x_wconf 88' lang='lat' dir='ltr'>possit,</span> <span class='ocrx_word' id='word_1_273' title='bbox 1024 3510 1217 3567; x_wconf 72' lang='lat' dir='ltr'>Graace</span> <span class='ocrx_word' id='word_1_274' title='bbox 1249 3510 1311 3565; x_wconf 88' lang='lat' dir='ltr'>in</span> <span class='ocrx_word' id='word_1_275' title='bbox 1338 3518 1561 3583; x_wconf 79' lang='grc' dir='ltr'>ὁρώματε</span> <span class='ocrx_word' id='word_1_276' title='bbox 1593 3508 1824 3565; x_wconf 87' lang='lat' dir='ltr'>ostendi</span> 
     </span>
    </p>
   </div>
   <div class='ocr_carea' id='block_1_38' title="bbox 154 3596 1828 3675">
    <p class='ocr_par' dir='ltr' id='par_1_38' title="bbox 154 3596 1828 3675">
     <span class='ocr_line' id='line_1_38' title="bbox 154 3596 1828 3675; baseline -0.005 -13"><span class='ocrx_word' id='word_1_277' title='bbox 154 3606 277 3662; x_wconf 84' lang='lat' dir='ltr'>sive</span> <span class='ocrx_word' id='word_1_278' title='bbox 308 3601 500 3659; x_wconf 89' lang='lat' dir='ltr'>videri</span> <span class='ocrx_word' id='word_1_279' title='bbox 530 3600 766 3675; x_wconf 79' lang='lat' dir='ltr'>legitur.</span> <span class='ocrx_word' id='word_1_280' title='bbox 800 3600 869 3655; x_wconf 89' lang='lat' dir='ltr'>Et</span> <span class='ocrx_word' id='word_1_281' title='bbox 896 3598 1029 3656; x_wconf 87' lang='lat' dir='ltr'>ideo</span> <span class='ocrx_word' id='word_1_282' title='bbox 1060 3600 1232 3671; x_wconf 81' lang='lat' dir='ltr'>juxta</span> <span class='ocrx_word' id='word_1_283' title='bbox 1270 3600 1425 3655; x_wconf 87' lang='lat' dir='ltr'>hunc</span> <span class='ocrx_word' id='word_1_284' title='bbox 1463 3596 1828 3655; x_wconf 87' lang='lat' dir='ltr'>evidentissi-</span> 
     </span>
    </p>
   </div>
   <div class='ocr_carea' id='block_1_39' title="bbox 153 3686 1829 3757">
    <p class='ocr_par' dir='ltr' id='par_1_39' title="bbox 153 3686 1829 3757">
     <span class='ocr_line' id='line_1_39' title="bbox 153 3686 1829 3757; baseline -0.005 -5"><span class='ocrx_word' id='word_1_285' title='bbox 153 3711 318 3751; x_wconf 86' lang='lat' dir='ltr'>mam</span> <span class='ocrx_word' id='word_1_286' title='bbox 354 3690 645 3749; x_wconf 87' lang='lat' dir='ltr'>rationem</span> <span class='ocrx_word' id='word_1_287' title='bbox 677 3706 812 3745; x_wconf 90' lang='lat' dir='ltr'>cum</span> <span class='ocrx_word' id='word_1_288' title='bbox 843 3688 956 3746; x_wconf 91' lang='lat' dir='ltr'>isto</span> <span class='ocrx_word' id='word_1_289' title='bbox 986 3690 1160 3745; x_wconf 92' lang='lat' dir='ltr'>modo</span> <span class='ocrx_word' id='word_1_290' title='bbox 1191 3690 1407 3746; x_wconf 91' lang='lat' dir='ltr'>dicitur</span> <span class='ocrx_word' id='word_1_291' title='bbox 1432 3689 1607 3757; x_wconf 84' lang='lat' dir='ltr'>video,</span> <span class='ocrx_word' id='word_1_292' title='bbox 1632 3686 1829 3745; x_wconf 89' lang='lat' dir='ltr'>certis-</span> 
     </span>
    </p>
   </div>
   <div class='ocr_carea' id='block_1_40' title="bbox 153 3778 1826 3854">
    <p class='ocr_par' dir='ltr' id='par_1_40' title="bbox 153 3778 1826 3854">
     <span class='ocr_line' id='line_1_40' title="bbox 153 3778 1826 3854; baseline -0.004 -14"><span class='ocrx_word' id='word_1_293' title='bbox 153 3785 310 3841; x_wconf 87' lang='lat' dir='ltr'>sime</span> <span class='ocrx_word' id='word_1_294' title='bbox 362 3779 739 3854; x_wconf 82' lang='lat' dir='ltr'>intelligitur,</span> <span class='ocrx_word' id='word_1_295' title='bbox 785 3778 1005 3850; x_wconf 82' lang='lat' dir='ltr'>deﬁnio,</span> <span class='ocrx_word' id='word_1_296' title='bbox 1027 3778 1116 3835; x_wconf 91' lang='lat' dir='ltr'>vel</span> <span class='ocrx_word' id='word_1_297' title='bbox 1146 3780 1376 3846; x_wconf 87' lang='lat' dir='ltr'>destino,</span> <span class='ocrx_word' id='word_1_298' title='bbox 1412 3780 1566 3835; x_wconf 89' lang='lat' dir='ltr'>sicut</span> <span class='ocrx_word' id='word_1_299' title='bbox 1610 3783 1669 3834; x_wconf 90' lang='lat' dir='ltr'>et</span> <span class='ocrx_word' id='word_1_300' title='bbox 1716 3778 1826 3834; x_wconf 91' lang='lat' dir='ltr'>iste</span> 
     </span>
    </p>
   </div>
   <div class='ocr_carea' id='block_1_41' title="bbox 156 3867 1828 3945">
    <p class='ocr_par' dir='ltr' id='par_1_41' title="bbox 156 3867 1828 3945">
     <span class='ocr_line' id='line_1_41' title="bbox 156 3867 1828 3945; baseline -0.005 -14"><span class='ocrx_word' id='word_1_301' title='bbox 156 3879 315 3931; x_wconf 88' lang='lat' dir='ltr'>recte</span> <span class='ocrx_word' id='word_1_302' title='bbox 347 3869 569 3945; x_wconf 88' lang='lat' dir='ltr'>posuit,</span> <span class='ocrx_word' id='word_1_303' title='bbox 598 3874 666 3925; x_wconf 92' lang='lat' dir='ltr'>ut</span> <span class='ocrx_word' id='word_1_304' title='bbox 694 3885 830 3925; x_wconf 89' lang='lat' dir='ltr'>cum</span> <span class='ocrx_word' id='word_1_305' title='bbox 862 3868 1235 3942; x_wconf 88' lang='lat' dir='ltr'>componitur</span> <span class='ocrx_word' id='word_1_306' title='bbox 1269 3868 1368 3926; x_wconf 89' lang='lat' dir='ltr'>ille</span> <span class='ocrx_word' id='word_1_307' title='bbox 1405 3885 1597 3925; x_wconf 88' lang='lat' dir='ltr'>sermo</span> <span class='ocrx_word' id='word_1_308' title='bbox 1630 3867 1828 3923; x_wconf 87' lang='lat' dir='ltr'>addita</span> 
     </span>
    </p>
   </div>
   <div class='ocr_carea' id='block_1_42' title="bbox 157 3956 1829 4036">
    <p class='ocr_par' dir='ltr' id='par_1_42' title="bbox 157 3956 1829 4036">
     <span class='ocr_line' id='line_1_42' title="bbox 157 3956 1829 4036; baseline -0.005 -17"><span class='ocrx_word' id='word_1_309' title='bbox 157 3959 597 4036; x_wconf 60' lang='lat' dir='ltr'>praepositione,</span> <span class='ocrx_word' id='word_1_310' title='bbox 618 3963 676 4015; x_wconf 91' lang='lat' dir='ltr'>et</span> <span class='ocrx_word' id='word_1_311' title='bbox 706 3956 923 4015; x_wconf 89' lang='lat' dir='ltr'>dicitur</span> <span class='ocrx_word' id='word_1_312' title='bbox 947 3969 1162 4033; x_wconf 83' lang='grc' dir='ltr'>προορῶ,</span> <span class='ocrx_word' id='word_1_313' title='bbox 1185 3957 1509 4015; x_wconf 87' lang='lat' dir='ltr'>rectissime</span> <span class='ocrx_word' id='word_1_314' title='bbox 1541 3956 1829 4029; x_wconf 87' lang='lat' dir='ltr'>intelliga-</span> 
     </span>
    </p>
   </div>
   <div class='ocr_carea' id='block_1_43' title="bbox 158 4047 1829 4125">
    <p class='ocr_par' dir='ltr' id='par_1_43' title="bbox 158 4047 1829 4125">
     <span class='ocr_line' id='line_1_43' title="bbox 158 4047 1829 4125; baseline -0.004 -17"><span class='ocrx_word' id='word_1_315' title='bbox 158 4057 336 4125; x_wconf 86' lang='lat' dir='ltr'>gatur</span> <span class='ocrx_word' id='word_1_316' title='bbox 404 4050 689 4122; x_wconf 68' lang='lat' dir='ltr'>praefatio,</span> <span class='ocrx_word' id='word_1_317' title='bbox 741 4047 832 4104; x_wconf 90' lang='lat' dir='ltr'>vel</span> <span class='ocrx_word' id='word_1_318' title='bbox 883 4048 1236 4121; x_wconf 64' lang='lat' dir='ltr'>praedestino,</span> <span class='ocrx_word' id='word_1_319' title='bbox 1296 4048 1451 4119; x_wconf 85' lang='lat' dir='ltr'>quod</span> <span class='ocrx_word' id='word_1_320' title='bbox 1510 4052 1829 4118; x_wconf 87' lang='lat' dir='ltr'>utrumque</span> 
     </span>
    </p>
   </div>
   <div class='ocr_carea' id='block_1_44' title="bbox 161 4133 1828 4213">
    <p class='ocr_par' dir='ltr' id='par_1_44' title="bbox 161 4133 1828 4213">
     <span class='ocr_line' id='line_1_44' title="bbox 161 4133 1828 4213; baseline -0.005 -15"><span class='ocrx_word' id='word_1_321' title='bbox 161 4142 342 4197; x_wconf 88' lang='lat' dir='ltr'>unius</span> <span class='ocrx_word' id='word_1_322' title='bbox 376 4137 835 4213; x_wconf 81' lang='lat' dir='ltr'>signiﬁcationis</span> <span class='ocrx_word' id='word_1_323' title='bbox 873 4141 983 4205; x_wconf 85' lang='lat' dir='ltr'>est,</span> <span class='ocrx_word' id='word_1_324' title='bbox 1012 4141 1206 4211; x_wconf 84' lang='lat' dir='ltr'>potest</span> <span class='ocrx_word' id='word_1_325' title='bbox 1243 4138 1422 4193; x_wconf 88' lang='lat' dir='ltr'>etiam</span> <span class='ocrx_word' id='word_1_326' title='bbox 1457 4133 1828 4208; x_wconf 88' lang='lat' dir='ltr'>interpretari</span> 
     </span>
    </p>
   </div>
   <div class='ocr_carea' id='block_1_45' title="bbox 157 4226 1827 4305">
    <p class='ocr_par' dir='ltr' id='par_1_45' title="bbox 157 4226 1827 4305">
     <span class='ocr_line' id='line_1_45' title="bbox 157 4226 1827 4305; baseline -0.005 -17"><span class='ocrx_word' id='word_1_327' title='bbox 157 4229 426 4305; x_wconf 75' lang='lat' dir='ltr'>provideo</span> <span class='ocrx_word' id='word_1_328' title='bbox 454 4245 469 4284; x_wconf 89' lang='lat'>:</span> <span class='ocrx_word' id='word_1_329' title='bbox 504 4244 635 4300; x_wconf 70' lang='lat' dir='ltr'>quis</span> <span class='ocrx_word' id='word_1_330' title='bbox 660 4227 1045 4301; x_wconf 87' lang='lat' dir='ltr'>providentia,</span> <span class='ocrx_word' id='word_1_331' title='bbox 1072 4244 1209 4283; x_wconf 90' lang='lat' dir='ltr'>cum</span> <span class='ocrx_word' id='word_1_332' title='bbox 1240 4228 1313 4283; x_wconf 88' lang='lat' dir='ltr'>ad</span> <span class='ocrx_word' id='word_1_333' title='bbox 1342 4227 1526 4283; x_wconf 89' lang='lat' dir='ltr'>Deum</span> <span class='ocrx_word' id='word_1_334' title='bbox 1557 4226 1827 4291; x_wconf 87' lang='lat' dir='ltr'>refertur,</span> 
     </span>
    </p>
   </div>
   <div class='ocr_carea' id='block_1_46' title="bbox 164 4314 1831 4387">
    <p class='ocr_par' dir='ltr' id='par_1_46' title="bbox 164 4314 1831 4387">
     <span class='ocr_line' id='line_1_46' title="bbox 164 4314 1831 4387; baseline -0.004 -11"><span class='ocrx_word' id='word_1_335' title='bbox 164 4320 416 4376; x_wconf 86' lang='lat' dir='ltr'>omnino</span> <span class='ocrx_word' id='word_1_336' title='bbox 448 4316 782 4374; x_wconf 87' lang='lat' dir='ltr'>certissima</span> <span class='ocrx_word' id='word_1_337' title='bbox 809 4321 917 4385; x_wconf 89' lang='lat' dir='ltr'>est,</span> <span class='ocrx_word' id='word_1_338' title='bbox 948 4320 1006 4373; x_wconf 91' lang='lat' dir='ltr'>et</span> <span class='ocrx_word' id='word_1_339' title='bbox 1034 4316 1295 4385; x_wconf 90' lang='lat' dir='ltr'>omnino,</span> <span class='ocrx_word' id='word_1_340' title='bbox 1326 4317 1480 4373; x_wconf 89' lang='lat' dir='ltr'>sicut</span> <span class='ocrx_word' id='word_1_341' title='bbox 1508 4314 1607 4372; x_wconf 89' lang='lat' dir='ltr'>ille</span> <span class='ocrx_word' id='word_1_342' title='bbox 1636 4314 1831 4387; x_wconf 89' lang='lat' dir='ltr'>provi-</span> 
     </span>
    </p>
   </div>
   <div class='ocr_carea' id='block_1_47' title="bbox 165 4406 1829 4479">
    <p class='ocr_par' dir='ltr' id='par_1_47' title="bbox 165 4406 1829 4479">
     <span class='ocr_line' id='line_1_47' title="bbox 165 4406 1829 4479; baseline -0.003 -12"><span class='ocrx_word' id='word_1_343' title='bbox 165 4410 338 4477; x_wconf 88' lang='lat' dir='ltr'>derit,</span> <span class='ocrx_word' id='word_1_344' title='bbox 371 4408 662 4465; x_wconf 71' lang='lat' dir='ltr'>futurum.</span> <span class='ocrx_word' id='word_1_345' title='bbox 691 4406 855 4463; x_wconf 89' lang='lat' dir='ltr'>Unde</span> <span class='ocrx_word' id='word_1_346' title='bbox 882 4410 940 4463; x_wconf 89' lang='lat' dir='ltr'>et</span> <span class='ocrx_word' id='word_1_347' title='bbox 965 4423 1036 4462; x_wconf 87' lang='lat' dir='ltr'>ex</span> <span class='ocrx_word' id='word_1_348' title='bbox 1063 4406 1173 4463; x_wconf 89' lang='lat' dir='ltr'>hoc</span> <span class='ocrx_word' id='word_1_349' title='bbox 1200 4407 1375 4463; x_wconf 89' lang='lat' dir='ltr'>verbo</span> <span class='ocrx_word' id='word_1_350' title='bbox 1406 4406 1561 4479; x_wconf 89' lang='lat' dir='ltr'>quod</span> <span class='ocrx_word' id='word_1_351' title='bbox 1593 4409 1683 4461; x_wconf 89' lang='lat' dir='ltr'>est</span> <span class='ocrx_word' id='word_1_352' title='bbox 1712 4412 1829 4477; x_wconf 80' lang='grc' dir='ltr'>ὁρῶ,</span> 
     </span>
    </p>
   </div>
   <div class='ocr_carea' id='block_1_48' title="bbox 165 4495 1832 4570">
    <p class='ocr_par' dir='ltr' id='par_1_48' title="bbox 165 4495 1832 4570">
     <span class='ocr_line' id='line_1_48' title="bbox 165 4495 1832 4570; baseline -0.003 -14"><span class='ocrx_word' id='word_1_353' title='bbox 165 4497 425 4556; x_wconf 84' lang='lat' dir='ltr'>derivari</span> <span class='ocrx_word' id='word_1_354' title='bbox 454 4497 653 4553; x_wconf 71' lang='lat' dir='ltr'>Greece</span> <span class='ocrx_word' id='word_1_355' title='bbox 687 4495 920 4552; x_wconf 86' lang='lat' dir='ltr'>videtur</span> <span class='ocrx_word' id='word_1_356' title='bbox 947 4503 1161 4570; x_wconf 78' lang='grc' dir='ltr'>ὄρισμος,</span> <span class='ocrx_word' id='word_1_357' title='bbox 1195 4496 1353 4569; x_wconf 90' lang='lat' dir='ltr'>quod</span> <span class='ocrx_word' id='word_1_358' title='bbox 1391 4500 1483 4552; x_wconf 91' lang='lat' dir='ltr'>est</span> <span class='ocrx_word' id='word_1_359' title='bbox 1519 4496 1832 4567; x_wconf 71' lang='lat' dir='ltr'>destinatio,</span> 
     </span>
    </p>
   </div>
   <div class='ocr_carea' id='block_1_49' title="bbox 166 4585 1833 4662">
    <p class='ocr_par' dir='ltr' id='par_1_49' title="bbox 166 4585 1833 4662">
     <span class='ocr_line' id='line_1_49' title="bbox 166 4585 1833 4662; baseline -0.004 -16"><span class='ocrx_word' id='word_1_360' title='bbox 166 4595 224 4646; x_wconf 90' lang='lat' dir='ltr'>et</span> <span class='ocrx_word' id='word_1_361' title='bbox 269 4586 692 4662; x_wconf 78' lang='lat' dir='ltr'>praepositione</span> <span class='ocrx_word' id='word_1_362' title='bbox 734 4586 938 4643; x_wconf 89' lang='lat' dir='ltr'>addita</span> <span class='ocrx_word' id='word_1_363' title='bbox 964 4593 1278 4661; x_wconf 84' lang='grc' dir='ltr'>προορισμός,</span> <span class='ocrx_word' id='word_1_364' title='bbox 1308 4586 1367 4641; x_wconf 90' lang='lat' dir='ltr'>id</span> <span class='ocrx_word' id='word_1_365' title='bbox 1415 4590 1506 4642; x_wconf 89' lang='lat' dir='ltr'>est</span> <span class='ocrx_word' id='word_1_366' title='bbox 1546 4585 1833 4658; x_wconf 69' lang='lat' dir='ltr'>praedesti-</span> 
     </span>
    </p>
   </div>
   <div class='ocr_carea' id='block_1_50' title="bbox 1843 1946 1890 2011">
    <p class='ocr_par' dir='ltr' id='par_1_50' title="bbox 1843 1946 1890 2011">
     <span class='ocr_line' id='line_1_50' title="bbox 1843 1946 1890 2011; baseline 0 0"><span class='ocrx_word' id='word_1_367' title='bbox 1843 1946 1890 2011; x_wconf 92' lang='lat' dir='ltr'>B</span> 
     </span>
    </p>
   </div>
   <div class='ocr_carea' id='block_1_51' title="bbox 1925 742 3583 819">
    <p class='ocr_par' dir='ltr' id='par_1_51' title="bbox 1925 742 3583 819">
     <span class='ocr_line' id='line_1_51' title="bbox 1925 742 3583 819; baseline 0.005 -22"><span class='ocrx_word' id='word_1_368' title='bbox 1925 746 2053 798; x_wconf 89' lang='lat' dir='ltr'>tum</span> <span class='ocrx_word' id='word_1_369' title='bbox 2084 742 2363 800; x_wconf 89' lang='lat' dir='ltr'>intuitum</span> <span class='ocrx_word' id='word_1_370' title='bbox 2390 744 2511 801; x_wconf 88' lang='lat' dir='ltr'>sive</span> <span class='ocrx_word' id='word_1_371' title='bbox 2529 744 2843 801; x_wconf 90' lang='lat' dir='ltr'>consilium</span> <span class='ocrx_word' id='word_1_372' title='bbox 2869 745 3164 819; x_wconf 84' lang='lat' dir='ltr'>dirigitur,</span> <span class='ocrx_word' id='word_1_373' title='bbox 3189 747 3446 803; x_wconf 88' lang='lat' dir='ltr'>ostendit</span> <span class='ocrx_word' id='word_1_374' title='bbox 3473 765 3583 805; x_wconf 90' lang='lat' dir='ltr'>no-</span> 
     </span>
    </p>
   </div>
   <div class='ocr_carea' id='block_1_52' title="bbox 1925 832 3587 907">
    <p class='ocr_par' dir='ltr' id='par_1_52' title="bbox 1925 832 3587 907">
     <span class='ocr_line' id='line_1_52' title="bbox 1925 832 3587 907; baseline 0.004 -20"><span class='ocrx_word' id='word_1_375' title='bbox 1925 832 2018 888; x_wconf 91' lang='lat' dir='ltr'>bis</span> <span class='ocrx_word' id='word_1_376' title='bbox 2047 832 2372 905; x_wconf 89' lang='lat' dir='ltr'>Scriptura,</span> <span class='ocrx_word' id='word_1_377' title='bbox 2402 851 2528 907; x_wconf 71' lang='lat' dir='ltr'>quae</span> <span class='ocrx_word' id='word_1_378' title='bbox 2559 834 2704 890; x_wconf 88' lang='lat' dir='ltr'>dicit</span> <span class='ocrx_word' id='word_1_379' title='bbox 2735 851 2748 892; x_wconf 88' lang='lat'><strong>:</strong></span> <span class='ocrx_word' id='word_1_380' title='bbox 2776 840 2887 892; x_wconf 80' lang='lat' dir='ltr'>Aut</span> <span class='ocrx_word' id='word_1_381' title='bbox 2908 837 3052 893; x_wconf 86' lang='lat' dir='ltr'>sicut</span> <span class='ocrx_word' id='word_1_382' title='bbox 3077 837 3283 905; x_wconf 86' lang='lat' dir='ltr'>sagitta</span> <span class='ocrx_word' id='word_1_383' title='bbox 3311 837 3372 891; x_wconf 88' lang='lat' dir='ltr'>in</span> <span class='ocrx_word' id='word_1_384' title='bbox 3406 836 3587 893; x_wconf 87' lang='lat' dir='ltr'>locum</span> 
     </span>
    </p>
   </div>
   <div class='ocr_carea' id='block_1_53' title="bbox 1923 922 3580 996">
    <p class='ocr_par' dir='ltr' id='par_1_53' title="bbox 1923 922 3580 996">
     <span class='ocr_line' id='line_1_53' title="bbox 1923 922 3580 996; baseline 0.004 -20"><span class='ocrx_word' id='word_1_385' title='bbox 1923 923 2124 978; x_wconf 67' lang='lat' dir='ltr'>eruisse</span> <span class='ocrx_word' id='word_1_386' title='bbox 2180 922 2510 980; x_wconf 87' lang='lat' dir='ltr'>destinatum</span> <span class='ocrx_word' id='word_1_387' title='bbox 2562 924 2712 995; x_wconf 89' lang='lat' dir='ltr'>(Sap.</span> <span class='ocrx_word' id='word_1_388' title='bbox 2747 941 2800 992; x_wconf 92' lang='lat' dir='ltr'>v,</span> <span class='ocrx_word' id='word_1_389' title='bbox 2834 926 2947 995; x_wconf 76' lang='lat'>12).</span> <span class='ocrx_word' id='word_1_390' title='bbox 2980 924 3052 980; x_wconf 92' lang='lat' dir='ltr'><strong>Et</strong></span> <span class='ocrx_word' id='word_1_391' title='bbox 3094 924 3429 996; x_wconf 87' lang='lat' dir='ltr'>Apostolus,</span> <span class='ocrx_word' id='word_1_392' title='bbox 3478 926 3580 982; x_wconf 88' lang='lat' dir='ltr'>ubi</span> 
     </span>
    </p>
   </div>
   <div class='ocr_carea' id='block_1_54' title="bbox 1926 1009 3582 1085">
    <p class='ocr_par' dir='ltr' id='par_1_54' title="bbox 1926 1009 3582 1085">
     <span class='ocr_line' id='line_1_54' title="bbox 1926 1009 3582 1085; baseline 0.002 -19"><span class='ocrx_word' id='word_1_393' title='bbox 1926 1009 1998 1066; x_wconf 91' lang='lat' dir='ltr'>de</span> <span class='ocrx_word' id='word_1_394' title='bbox 2029 1026 2091 1067; x_wconf 91' lang='lat' dir='ltr'>se</span> <span class='ocrx_word' id='word_1_395' title='bbox 2120 1011 2248 1084; x_wconf 91' lang='lat' dir='ltr'>ipso</span> <span class='ocrx_word' id='word_1_396' title='bbox 2268 1011 2386 1067; x_wconf 82' lang='lat' dir='ltr'>ait:</span> <span class='ocrx_word' id='word_1_397' title='bbox 2413 1012 2505 1067; x_wconf 81' lang='grc' dir='ltr'><em>Λά</em></span> <span class='ocrx_word' id='word_1_398' title='bbox 2520 1011 2855 1068; x_wconf 79' lang='lat' dir='ltr'>destinatum</span> <span class='ocrx_word' id='word_1_399' title='bbox 2878 1029 3195 1085; x_wconf 85' lang='lat' dir='ltr'>persequor,</span> <span class='ocrx_word' id='word_1_400' title='bbox 3216 1012 3286 1068; x_wconf 89' lang='lat' dir='ltr'>ad</span> <span class='ocrx_word' id='word_1_401' title='bbox 3329 1014 3582 1070; x_wconf 80' lang='lat' dir='ltr'>bravium</span> 
     </span>
    </p>
   </div>
   <div class='ocr_carea' id='block_1_55' title="bbox 1922 1102 3579 1174">
    <p class='ocr_par' dir='ltr' id='par_1_55' title="bbox 1922 1102 3579 1174">
     <span class='ocr_line' id='line_1_55' title="bbox 1922 1102 3579 1174; baseline 0.004 -20"><span class='ocrx_word' id='word_1_402' title='bbox 1922 1116 2180 1171; x_wconf 60' lang='lat' dir='ltr'>supernae</span> <span class='ocrx_word' id='word_1_403' title='bbox 2202 1102 2501 1157; x_wconf 83' lang='lat' dir='ltr'>vocationis</span> <span class='ocrx_word' id='word_1_404' title='bbox 2535 1103 2652 1169; x_wconf 88' lang='lat' dir='ltr'>Dei,</span> <span class='ocrx_word' id='word_1_405' title='bbox 2675 1106 2783 1157; x_wconf 88' lang='lat' dir='ltr'>etc.</span> <span class='ocrx_word' id='word_1_406' title='bbox 2810 1102 2978 1174; x_wconf 84' lang='lat' dir='ltr'>(Phil.</span> <span class='ocrx_word' id='word_1_407' title='bbox 3008 1119 3091 1169; x_wconf 77' lang='lat' dir='ltr'>tu,</span> <span class='ocrx_word' id='word_1_408' title='bbox 3117 1102 3227 1171; x_wconf 74' lang='grc'>44).</span> <span class='ocrx_word' id='word_1_409' title='bbox 3246 1103 3411 1169; x_wconf 89' lang='lat' dir='ltr'>Quod</span> <span class='ocrx_word' id='word_1_410' title='bbox 3442 1103 3579 1160; x_wconf 87' lang='lat' dir='ltr'>bea-</span> 
     </span>
    </p>
   </div>
   <div class='ocr_carea' id='block_1_56' title="bbox 1922 1189 3581 1263">
    <p class='ocr_par' dir='ltr' id='par_1_56' title="bbox 1922 1189 3581 1263">
     <span class='ocr_line' id='line_1_56' title="bbox 1922 1189 3581 1263; baseline 0.002 -19"><span class='ocrx_word' id='word_1_411' title='bbox 1922 1192 2025 1245; x_wconf 89' lang='lat' dir='ltr'>tus</span> <span class='ocrx_word' id='word_1_412' title='bbox 2045 1189 2430 1263; x_wconf 73' lang='lat' dir='ltr'>Hieronymus</span> <span class='ocrx_word' id='word_1_413' title='bbox 2446 1206 2739 1263; x_wconf 80' lang='lat' dir='ltr'>exponens</span> <span class='ocrx_word' id='word_1_414' title='bbox 2754 1190 2838 1246; x_wconf 87' lang='lat' dir='ltr'>ait</span> <span class='ocrx_word' id='word_1_415' title='bbox 2854 1190 3049 1262; x_wconf 89' lang='lat' dir='ltr'>:[Dicit</span> <span class='ocrx_word' id='word_1_416' title='bbox 3067 1207 3131 1247; x_wconf 90' lang='lat' dir='ltr'>se</span> <span class='ocrx_word' id='word_1_417' title='bbox 3150 1193 3400 1248; x_wconf 88' lang='lat' dir='ltr'>necdum</span> <span class='ocrx_word' id='word_1_418' title='bbox 3424 1208 3581 1248; x_wconf 87' lang='lat' dir='ltr'>com-</span> 
     </span>
    </p>
   </div>
   <div class='ocr_carea' id='block_1_57' title="bbox 1923 1279 3577 1353">
    <p class='ocr_par' dir='ltr' id='par_1_57' title="bbox 1923 1279 3577 1353">
     <span class='ocr_line' id='line_1_57' title="bbox 1923 1279 3577 1353; baseline 0.002 -20"><span class='ocrx_word' id='word_1_419' title='bbox 1923 1279 2304 1351; x_wconf 83' lang='lat' dir='ltr'>prehendisse</span> <span class='ocrx_word' id='word_1_420' title='bbox 2328 1284 2386 1335; x_wconf 91' lang='lat' dir='ltr'>et</span> <span class='ocrx_word' id='word_1_421' title='bbox 2412 1296 2785 1352; x_wconf 84' lang='lat' dir='ltr'>nequaquam</span> <span class='ocrx_word' id='word_1_422' title='bbox 2816 1295 2945 1341; x_wconf 89' lang='lat' dir='ltr'>esse</span> <span class='ocrx_word' id='word_1_423' title='bbox 2974 1281 3318 1353; x_wconf 86' lang='lat' dir='ltr'>perfectum,</span> <span class='ocrx_word' id='word_1_424' title='bbox 3348 1282 3449 1338; x_wconf 89' lang='lat' dir='ltr'>sed</span> <span class='ocrx_word' id='word_1_425' title='bbox 3480 1280 3577 1337; x_wconf 90' lang='lat' dir='ltr'>in-</span> 
     </span>
    </p>
   </div>
   <div class='ocr_carea' id='block_1_58' title="bbox 1924 1367 3579 1444">
    <p class='ocr_par' dir='ltr' id='par_1_58' title="bbox 1924 1367 3579 1444">
     <span class='ocr_line' id='line_1_58' title="bbox 1924 1367 3579 1444; baseline 0.002 -19"><span class='ocrx_word' id='word_1_426' title='bbox 1924 1372 2048 1425; x_wconf 89' lang='lat' dir='ltr'>star</span> <span class='ocrx_word' id='word_1_427' title='bbox 2077 1367 2366 1442; x_wconf 86' lang='lat' dir='ltr'>sagittarii</span> <span class='ocrx_word' id='word_1_428' title='bbox 2396 1369 2469 1425; x_wconf 89' lang='lat' dir='ltr'>ad</span> <span class='ocrx_word' id='word_1_429' title='bbox 2501 1370 2868 1442; x_wconf 89' lang='lat' dir='ltr'>propositum</span> <span class='ocrx_word' id='word_1_430' title='bbox 2899 1374 2959 1425; x_wconf 89' lang='lat' dir='ltr'>et</span> <span class='ocrx_word' id='word_1_431' title='bbox 2996 1370 3071 1425; x_wconf 90' lang='lat' dir='ltr'>ad</span> <span class='ocrx_word' id='word_1_432' title='bbox 3111 1370 3345 1444; x_wconf 84' lang='lat' dir='ltr'>signum</span> <span class='ocrx_word' id='word_1_433' title='bbox 3375 1368 3579 1442; x_wconf 82' lang='lat' dir='ltr'>jacula</span> 
     </span>
    </p>
   </div>
   <div class='ocr_carea' id='block_1_59' title="bbox 1924 1457 3575 1532">
    <p class='ocr_par' dir='ltr' id='par_1_59' title="bbox 1924 1457 3575 1532">
     <span class='ocr_line' id='line_1_59' title="bbox 1924 1457 3575 1532; baseline 0.004 -19"><span class='ocrx_word' id='word_1_434' title='bbox 1924 1457 2194 1531; x_wconf 87' lang='lat' dir='ltr'>dirigere,</span> <span class='ocrx_word' id='word_1_435' title='bbox 2228 1475 2355 1531; x_wconf 70' lang='lat' dir='ltr'>quo:</span> <span class='ocrx_word' id='word_1_436' title='bbox 2396 1458 2798 1532; x_wconf 82' lang='lat' dir='ltr'>significanter</span> <span class='ocrx_word' id='word_1_437' title='bbox 2827 1457 3006 1515; x_wconf 80' lang='lat' dir='ltr'>Graeci</span> <span class='ocrx_word' id='word_1_438' title='bbox 3038 1467 3220 1517; x_wconf 71' lang='grc' dir='ltr'>σκότιον</span> <span class='ocrx_word' id='word_1_439' title='bbox 3249 1459 3575 1528; x_wconf 75' lang='lat' dir='ltr'>nominant,</span> 
     </span>
    </p>
   </div>
   <div class='ocr_carea' id='block_1_60' title="bbox 1926 1546 3579 1621">
    <p class='ocr_par' dir='ltr' id='par_1_60' title="bbox 1926 1546 3579 1621">
     <span class='ocr_line' id='line_1_60' title="bbox 1926 1546 3579 1621; baseline 0.001 -19"><span class='ocrx_word' id='word_1_440' title='bbox 1926 1563 1997 1604; x_wconf 90' lang='lat' dir='ltr'>ne</span> <span class='ocrx_word' id='word_1_441' title='bbox 2028 1546 2243 1620; x_wconf 87' lang='lat' dir='ltr'>sagitta</span> <span class='ocrx_word' id='word_1_442' title='bbox 2271 1548 2341 1603; x_wconf 89' lang='lat' dir='ltr'>ad</span> <span class='ocrx_word' id='word_1_443' title='bbox 2369 1554 2596 1619; x_wconf 87' lang='lat' dir='ltr'>partem</span> <span class='ocrx_word' id='word_1_444' title='bbox 2618 1546 2922 1604; x_wconf 88' lang='lat' dir='ltr'>declinans</span> <span class='ocrx_word' id='word_1_445' title='bbox 2950 1547 3215 1616; x_wconf 84' lang='lat' dir='ltr'>alteram,</span> <span class='ocrx_word' id='word_1_446' title='bbox 3236 1547 3579 1621; x_wconf 88' lang='lat' dir='ltr'>imperitum</span> 
     </span>
    </p>
   </div>
   <div class='ocr_carea' id='block_1_61' title="bbox 1924 1635 3580 1710">
    <p class='ocr_par' dir='ltr' id='par_1_61' title="bbox 1924 1635 3580 1710">
     <span class='ocr_line' id='line_1_61' title="bbox 1924 1635 3580 1710; baseline 0.001 -18"><span class='ocrx_word' id='word_1_447' title='bbox 1924 1636 2198 1693; x_wconf 89' lang='lat' dir='ltr'>ostendat</span> <span class='ocrx_word' id='word_1_448' title='bbox 2226 1635 2641 1709; x_wconf 68' lang='lat' dir='ltr'>sagittarium]</span> <span class='ocrx_word' id='word_1_449' title='bbox 2673 1637 2798 1692; x_wconf 88' lang='lat' dir='ltr'>Non</span> <span class='ocrx_word' id='word_1_450' title='bbox 2823 1652 2962 1710; x_wconf 89' lang='lat' dir='ltr'>ergo</span> <span class='ocrx_word' id='word_1_451' title='bbox 2992 1637 3101 1693; x_wconf 88' lang='lat' dir='ltr'>iste</span> <span class='ocrx_word' id='word_1_452' title='bbox 3130 1636 3342 1694; x_wconf 88' lang='lat' dir='ltr'>illudat</span> <span class='ocrx_word' id='word_1_453' title='bbox 3366 1641 3580 1694; x_wconf 69' lang='lat' dir='ltr'>nostrae</span> 
     </span>
    </p>
   </div>
   <div class='ocr_carea' id='block_1_62' title="bbox 1923 1725 3583 1799">
    <p class='ocr_par' dir='ltr' id='par_1_62' title="bbox 1923 1725 3583 1799">
     <span class='ocr_line' id='line_1_62' title="bbox 1923 1725 3583 1799; baseline 0.002 -19"><span class='ocrx_word' id='word_1_454' title='bbox 1923 1725 2288 1799; x_wconf 76' lang='lat' dir='ltr'>ignorantiae,</span> <span class='ocrx_word' id='word_1_455' title='bbox 2312 1730 2371 1781; x_wconf 90' lang='lat' dir='ltr'>et</span> <span class='ocrx_word' id='word_1_456' title='bbox 2391 1726 2605 1782; x_wconf 64' lang='lat' dir='ltr'>Graecis</span> <span class='ocrx_word' id='word_1_457' title='bbox 2622 1725 2816 1783; x_wconf 86' lang='lat' dir='ltr'>verbis</span> <span class='ocrx_word' id='word_1_458' title='bbox 2839 1725 3058 1798; x_wconf 86' lang='lat' dir='ltr'>aliquis</span> <span class='ocrx_word' id='word_1_459' title='bbox 3086 1725 3413 1784; x_wconf 88' lang='lat' dir='ltr'>immutans</span> <span class='ocrx_word' id='word_1_460' title='bbox 3434 1742 3583 1783; x_wconf 91' lang='lat' dir='ltr'>nova</span> 
     </span>
    </p>
   </div>
   <div class='ocr_carea' id='block_1_63' title="bbox 1923 1814 3581 1887">
    <p class='ocr_par' dir='ltr' id='par_1_63' title="bbox 1923 1814 3581 1887">
     <span class='ocr_line' id='line_1_63' title="bbox 1923 1814 3581 1887; baseline 0.002 -18"><span class='ocrx_word' id='word_1_461' title='bbox 1923 1814 2418 1886; x_wconf 87' lang='lat' dir='ltr'>interpretatione,</span> <span class='ocrx_word' id='word_1_462' title='bbox 2449 1819 2507 1869; x_wconf 92' lang='lat' dir='ltr'>et</span> <span class='ocrx_word' id='word_1_463' title='bbox 2548 1831 2752 1870; x_wconf 89' lang='lat' dir='ltr'>eorum</span> <span class='ocrx_word' id='word_1_464' title='bbox 2784 1814 2923 1883; x_wconf 91' lang='lat' dir='ltr'>vim,</span> <span class='ocrx_word' id='word_1_465' title='bbox 2952 1819 3243 1887; x_wconf 88' lang='lat' dir='ltr'>quantum</span> <span class='ocrx_word' id='word_1_466' title='bbox 3274 1814 3334 1870; x_wconf 92' lang='lat' dir='ltr'>in</span> <span class='ocrx_word' id='word_1_467' title='bbox 3366 1831 3429 1871; x_wconf 89' lang='lat' dir='ltr'>se</span> <span class='ocrx_word' id='word_1_468' title='bbox 3471 1818 3581 1883; x_wconf 86' lang='lat' dir='ltr'>est,</span> 
     </span>
    </p>
   </div>
   <div class='ocr_carea' id='block_1_64' title="bbox 1924 1904 3584 1984">
    <p class='ocr_par' dir='ltr' id='par_1_64' title="bbox 1924 1904 3584 1984">
     <span class='ocr_line' id='line_1_64' title="bbox 1924 1904 3584 1984; baseline 0.001 -25"><span class='ocrx_word' id='word_1_469' title='bbox 1924 1920 2215 1960; x_wconf 88' lang='lat' dir='ltr'>evacuans</span> <span class='ocrx_word' id='word_1_470' title='bbox 2238 1920 2251 1958; x_wconf 88' lang='lat'><strong>:</strong></span> <span class='ocrx_word' id='word_1_471' title='bbox 2278 1908 2345 1959; x_wconf 90' lang='lat' dir='ltr'>ut</span> <span class='ocrx_word' id='word_1_472' title='bbox 2373 1904 2529 1976; x_wconf 90' lang='lat' dir='ltr'>quod</span> <span class='ocrx_word' id='word_1_473' title='bbox 2552 1920 2757 1961; x_wconf 85' lang='lat' dir='ltr'>omnes</span> <span class='ocrx_word' id='word_1_474' title='bbox 2778 1904 3006 1975; x_wconf 89' lang='lat' dir='ltr'>antiqui</span> <span class='ocrx_word' id='word_1_475' title='bbox 3030 1904 3087 1959; x_wconf 92' lang='lat' dir='ltr'>in</span> <span class='ocrx_word' id='word_1_476' title='bbox 3111 1904 3431 1976; x_wconf 88' lang='lat' dir='ltr'>Scripturis</span> <span class='ocrx_word' id='word_1_477' title='bbox 3451 1921 3584 1984; x_wconf 70' lang='lat' dir='ltr'>san-</span> 
     </span>
    </p>
   </div>
   <div class='ocr_carea' id='block_1_65' title="bbox 1925 1991 3582 2067">
    <p class='ocr_par' dir='ltr' id='par_1_65' title="bbox 1925 1991 3582 2067">
     <span class='ocr_line' id='line_1_65' title="bbox 1925 1991 3582 2067; baseline -0.001 -17"><span class='ocrx_word' id='word_1_478' title='bbox 1925 1993 2036 2050; x_wconf 89' lang='lat' dir='ltr'>ctis</span> <span class='ocrx_word' id='word_1_479' title='bbox 2056 1991 2145 2049; x_wconf 91' lang='lat' dir='ltr'>vel</span> <span class='ocrx_word' id='word_1_480' title='bbox 2167 1992 2741 2065; x_wconf 63' lang='lat' dir='ltr'>predestinationem</span> <span class='ocrx_word' id='word_1_481' title='bbox 2764 1993 3131 2066; x_wconf 89' lang='lat' dir='ltr'>interpretati</span> <span class='ocrx_word' id='word_1_482' title='bbox 3154 1992 3414 2062; x_wconf 91' lang='lat' dir='ltr'>sunt,vel</span> <span class='ocrx_word' id='word_1_483' title='bbox 3440 2011 3582 2067; x_wconf 73' lang='lat' dir='ltr'>prte-</span> 
     </span>
    </p>
   </div>
   <div class='ocr_carea' id='block_1_66' title="bbox 1925 2080 3579 2155">
    <p class='ocr_par' dir='ltr' id='par_1_66' title="bbox 1925 2080 3579 2155">
     <span class='ocr_line' id='line_1_66' title="bbox 1925 2080 3579 2155; baseline -0.001 -18"><span class='ocrx_word' id='word_1_484' title='bbox 1925 2081 2274 2149; x_wconf 85' lang='lat' dir='ltr'>ﬁnitionem,</span> <span class='ocrx_word' id='word_1_485' title='bbox 2288 2084 2393 2136; x_wconf 91' lang='lat' dir='ltr'>aut</span> <span class='ocrx_word' id='word_1_486' title='bbox 2413 2080 2859 2153; x_wconf 86' lang='lat' dir='ltr'>providentiam,</span> <span class='ocrx_word' id='word_1_487' title='bbox 2876 2081 2996 2137; x_wconf 88' lang='lat' dir='ltr'>sive</span> <span class='ocrx_word' id='word_1_488' title='bbox 3015 2081 3404 2155; x_wconf 90' lang='lat' dir='ltr'>propositum,</span> <span class='ocrx_word' id='word_1_489' title='bbox 3422 2098 3579 2137; x_wconf 89' lang='lat' dir='ltr'>nunc</span> 
     </span>
    </p>
   </div>
   <div class='ocr_carea' id='block_1_67' title="bbox 1923 2168 3579 2243">
    <p class='ocr_par' dir='ltr' id='par_1_67' title="bbox 1923 2168 3579 2243">
     <span class='ocr_line' id='line_1_67' title="bbox 1923 2168 3579 2243; baseline -0.001 -17"><span class='ocrx_word' id='word_1_490' title='bbox 1923 2172 2035 2226; x_wconf 92' lang='lat' dir='ltr'>iste</span> <span class='ocrx_word' id='word_1_491' title='bbox 2064 2168 2204 2226; x_wconf 87' lang='lat' dir='ltr'>velit</span> <span class='ocrx_word' id='word_1_492' title='bbox 2231 2171 2445 2242; x_wconf 86' lang='lat' dir='ltr'>dicere,</span> <span class='ocrx_word' id='word_1_493' title='bbox 2475 2169 2754 2226; x_wconf 86' lang='lat' dir='ltr'>inusitato</span> <span class='ocrx_word' id='word_1_494' title='bbox 2784 2175 2842 2225; x_wconf 86' lang='lat' dir='ltr'>et</span> <span class='ocrx_word' id='word_1_495' title='bbox 2869 2170 3126 2226; x_wconf 89' lang='lat' dir='ltr'>absurdo</span> <span class='ocrx_word' id='word_1_496' title='bbox 3157 2171 3413 2239; x_wconf 89' lang='lat' dir='ltr'>nomine,</span> <span class='ocrx_word' id='word_1_497' title='bbox 3439 2186 3579 2243; x_wconf 75' lang='lat' dir='ltr'>prte-</span> 
     </span>
    </p>
   </div>
   <div class='ocr_carea' id='block_1_68' title="bbox 1922 2258 3577 2331">
    <p class='ocr_par' dir='ltr' id='par_1_68' title="bbox 1922 2258 3577 2331">
     <span class='ocr_line' id='line_1_68' title="bbox 1922 2258 3577 2331; baseline 0.001 -16"><span class='ocrx_word' id='word_1_498' title='bbox 1922 2258 2412 2323; x_wconf 74' lang='lat' dir='ltr'>videntiam.Qu¢e</span> <span class='ocrx_word' id='word_1_499' title='bbox 2443 2262 2501 2314; x_wconf 90' lang='lat' dir='ltr'>et</span> <span class='ocrx_word' id='word_1_500' title='bbox 2520 2259 2953 2331; x_wconf 89' lang='lat' dir='ltr'>ipsa,quamvis</span> <span class='ocrx_word' id='word_1_501' title='bbox 2984 2259 3043 2315; x_wconf 90' lang='lat' dir='ltr'>in</span> <span class='ocrx_word' id='word_1_502' title='bbox 3068 2263 3204 2331; x_wconf 91' lang='lat' dir='ltr'>Deo,</span> <span class='ocrx_word' id='word_1_503' title='bbox 3219 2258 3372 2316; x_wconf 89' lang='lat' dir='ltr'>sicut</span> <span class='ocrx_word' id='word_1_504' title='bbox 3400 2259 3577 2316; x_wconf 84' lang='lat' dir='ltr'>etiam</span> 
     </span>
    </p>
   </div>
   <div class='ocr_carea' id='block_1_69' title="bbox 1924 2348 3579 2425">
    <p class='ocr_par' dir='ltr' id='par_1_69' title="bbox 1924 2348 3579 2425">
     <span class='ocr_line' id='line_1_69' title="bbox 1924 2348 3579 2425; baseline -0.001 -20"><span class='ocrx_word' id='word_1_505' title='bbox 1924 2348 2308 2425; x_wconf 63' lang='lat' dir='ltr'>praescientia,</span> <span class='ocrx_word' id='word_1_506' title='bbox 2333 2348 2662 2405; x_wconf 88' lang='lat' dir='ltr'>certissima</span> <span class='ocrx_word' id='word_1_507' title='bbox 2684 2349 2780 2417; x_wconf 88' lang='lat' dir='ltr'>sit,</span> <span class='ocrx_word' id='word_1_508' title='bbox 2808 2352 3005 2405; x_wconf 89' lang='lat' dir='ltr'>tamen</span> <span class='ocrx_word' id='word_1_509' title='bbox 3039 2365 3107 2405; x_wconf 85' lang='lat' dir='ltr'>ex</span> <span class='ocrx_word' id='word_1_510' title='bbox 3126 2348 3309 2421; x_wconf 83' lang='lat' dir='ltr'>hujus</span> <span class='ocrx_word' id='word_1_511' title='bbox 3326 2348 3579 2405; x_wconf 86' lang='lat' dir='ltr'>novitate</span> 
     </span>
    </p>
   </div>
   <div class='ocr_carea' id='block_1_70' title="bbox 1925 2436 3580 2509">
    <p class='ocr_par' dir='ltr' id='par_1_70' title="bbox 1925 2436 3580 2509">
     <span class='ocr_line' id='line_1_70' title="bbox 1925 2436 3580 2509; baseline -0.003 -13"><span class='ocrx_word' id='word_1_512' title='bbox 1925 2436 2216 2496; x_wconf 87' lang='lat' dir='ltr'>sermonis</span> <span class='ocrx_word' id='word_1_513' title='bbox 2249 2436 2586 2493; x_wconf 88' lang='lat' dir='ltr'>nullatenus</span> <span class='ocrx_word' id='word_1_514' title='bbox 2616 2436 2877 2509; x_wconf 87' lang='lat' dir='ltr'>patimur</span> <span class='ocrx_word' id='word_1_515' title='bbox 2900 2436 3225 2505; x_wconf 84' lang='lat' dir='ltr'>extenuari,</span> <span class='ocrx_word' id='word_1_516' title='bbox 3248 2436 3337 2493; x_wconf 91' lang='lat' dir='ltr'>vel</span> <span class='ocrx_word' id='word_1_517' title='bbox 3358 2437 3580 2493; x_wconf 87' lang='lat' dir='ltr'>destrui</span> 
     </span>
    </p>
   </div>
   <div class='ocr_carea' id='block_1_71' title="bbox 1925 2525 3579 2600">
    <p class='ocr_par' dir='ltr' id='par_1_71' title="bbox 1925 2525 3579 2600">
     <span class='ocr_line' id='line_1_71' title="bbox 1925 2525 3579 2600; baseline -0.002 -15"><span class='ocrx_word' id='word_1_518' title='bbox 1925 2544 2167 2586; x_wconf 85' lang='lat' dir='ltr'>sensum</span> <span class='ocrx_word' id='word_1_519' title='bbox 2213 2526 2762 2600; x_wconf 82' lang='lat' dir='ltr'>praedestinationis,</span> <span class='ocrx_word' id='word_1_520' title='bbox 2796 2527 2935 2599; x_wconf 86' lang='lat' dir='ltr'>quia</span> <span class='ocrx_word' id='word_1_521' title='bbox 2983 2525 3283 2599; x_wconf 76' lang='lat' dir='ltr'>prmvideri</span> <span class='ocrx_word' id='word_1_522' title='bbox 3332 2530 3390 2582; x_wconf 89' lang='lat' dir='ltr'>et</span> <span class='ocrx_word' id='word_1_523' title='bbox 3436 2542 3579 2599; x_wconf 78' lang='lat' dir='ltr'>prte-</span> 
     </span>
    </p>
   </div>
   <div class='ocr_carea' id='block_1_72' title="bbox 1924 2618 3583 2691">
    <p class='ocr_par' dir='ltr' id='par_1_72' title="bbox 1924 2618 3583 2691">
     <span class='ocr_line' id='line_1_72' title="bbox 1924 2618 3583 2691; baseline -0.002 -15"><span class='ocrx_word' id='word_1_524' title='bbox 1924 2619 2062 2676; x_wconf 92' lang='lat' dir='ltr'>sciri</span> <span class='ocrx_word' id='word_1_525' title='bbox 2094 2636 2129 2674; x_wconf 91' lang='lat' dir='ltr'>a</span> <span class='ocrx_word' id='word_1_526' title='bbox 2158 2618 2274 2674; x_wconf 91' lang='lat' dir='ltr'>Deo</span> <span class='ocrx_word' id='word_1_527' title='bbox 2322 2621 2572 2691; x_wconf 89' lang='lat' dir='ltr'>possunt</span> <span class='ocrx_word' id='word_1_528' title='bbox 2621 2618 2799 2675; x_wconf 91' lang='lat' dir='ltr'>etiam</span> <span class='ocrx_word' id='word_1_529' title='bbox 2842 2618 2944 2674; x_wconf 88' lang='lat' dir='ltr'>illa</span> <span class='ocrx_word' id='word_1_530' title='bbox 2972 2634 3099 2691; x_wconf 77' lang='lat' dir='ltr'>quas</span> <span class='ocrx_word' id='word_1_531' title='bbox 3148 2618 3274 2691; x_wconf 89' lang='lat' dir='ltr'>ipse</span> <span class='ocrx_word' id='word_1_532' title='bbox 3321 2618 3583 2674; x_wconf 84' lang='lat' dir='ltr'>facturus</span> 
     </span>
    </p>
   </div>
   <div class='ocr_carea' id='block_1_73' title="bbox 1926 2704 3585 2780">
    <p class='ocr_par' dir='ltr' id='par_1_73' title="bbox 1926 2704 3585 2780">
     <span class='ocr_line' id='line_1_73' title="bbox 1926 2704 3585 2780; baseline -0.003 -15"><span class='ocrx_word' id='word_1_533' title='bbox 1926 2726 2041 2765; x_wconf 91' lang='lat' dir='ltr'>non</span> <span class='ocrx_word' id='word_1_534' title='bbox 2072 2713 2191 2777; x_wconf 90' lang='lat' dir='ltr'>est;</span> <span class='ocrx_word' id='word_1_535' title='bbox 2227 2707 2631 2780; x_wconf 66' lang='lat' dir='ltr'>praadestinari</span> <span class='ocrx_word' id='word_1_536' title='bbox 2662 2712 2858 2764; x_wconf 86' lang='lat' dir='ltr'>autem</span> <span class='ocrx_word' id='word_1_537' title='bbox 2890 2707 2964 2763; x_wconf 91' lang='lat' dir='ltr'>ab</span> <span class='ocrx_word' id='word_1_538' title='bbox 2994 2724 3061 2764; x_wconf 91' lang='lat' dir='ltr'>eo</span> <span class='ocrx_word' id='word_1_539' title='bbox 3086 2724 3203 2764; x_wconf 91' lang='lat' dir='ltr'>non</span> <span class='ocrx_word' id='word_1_540' title='bbox 3236 2706 3352 2764; x_wconf 87' lang='lat' dir='ltr'>alia</span> <span class='ocrx_word' id='word_1_541' title='bbox 3378 2704 3585 2765; x_wconf 86' lang='lat' dir='ltr'>intelli-</span> 
     </span>
    </p>
   </div>
   <div class='ocr_carea' id='block_1_74' title="bbox 1924 2795 3581 2872">
    <p class='ocr_par' dir='ltr' id='par_1_74' title="bbox 1924 2795 3581 2872">
     <span class='ocr_line' id='line_1_74' title="bbox 1924 2795 3581 2872; baseline -0.002 -18"><span class='ocrx_word' id='word_1_542' title='bbox 1924 2802 2163 2872; x_wconf 88' lang='lat' dir='ltr'>guntur,</span> <span class='ocrx_word' id='word_1_543' title='bbox 2187 2796 2302 2853; x_wconf 91' lang='lat' dir='ltr'>nisi</span> <span class='ocrx_word' id='word_1_544' title='bbox 2322 2813 2392 2853; x_wconf 89' lang='lat' dir='ltr'>ea</span> <span class='ocrx_word' id='word_1_545' title='bbox 2412 2814 2539 2869; x_wconf 65' lang='lat' dir='ltr'>quae</span> <span class='ocrx_word' id='word_1_546' title='bbox 2572 2796 2700 2869; x_wconf 89' lang='lat' dir='ltr'>ipse</span> <span class='ocrx_word' id='word_1_547' title='bbox 2728 2797 2993 2854; x_wconf 80' lang='lat' dir='ltr'>facturus</span> <span class='ocrx_word' id='word_1_548' title='bbox 3012 2795 3220 2869; x_wconf 90' lang='lat' dir='ltr'>est,vel</span> <span class='ocrx_word' id='word_1_549' title='bbox 3251 2796 3581 2853; x_wconf 88' lang='lat' dir='ltr'>misericor-</span> 
     </span>
    </p>
   </div>
   <div class='ocr_carea' id='block_1_75' title="bbox 1926 2884 3580 2959">
    <p class='ocr_par' dir='ltr' id='par_1_75' title="bbox 1926 2884 3580 2959">
     <span class='ocr_line' id='line_1_75' title="bbox 1926 2884 3580 2959; baseline -0.002 -14"><span class='ocrx_word' id='word_1_550' title='bbox 1926 2889 2024 2945; x_wconf 91' lang='lat' dir='ltr'>dia</span> <span class='ocrx_word' id='word_1_551' title='bbox 2051 2886 2138 2943; x_wconf 91' lang='lat' dir='ltr'>vel</span> <span class='ocrx_word' id='word_1_552' title='bbox 2161 2886 2389 2958; x_wconf 88' lang='lat' dir='ltr'>judicio</span> <span class='ocrx_word' id='word_1_553' title='bbox 2419 2903 2545 2941; x_wconf 90' lang='lat' dir='ltr'>suo.</span> <span class='ocrx_word' id='word_1_554' title='bbox 2568 2889 2649 2942; x_wconf 84' lang='lat' dir='ltr'>Ac</span> <span class='ocrx_word' id='word_1_555' title='bbox 2670 2901 2772 2959; x_wconf 91' lang='lat' dir='ltr'>per</span> <span class='ocrx_word' id='word_1_556' title='bbox 2791 2886 2902 2943; x_wconf 92' lang='lat' dir='ltr'>hoc</span> <span class='ocrx_word' id='word_1_557' title='bbox 2922 2885 3077 2942; x_wconf 89' lang='lat' dir='ltr'>absit</span> <span class='ocrx_word' id='word_1_558' title='bbox 3095 2885 3335 2943; x_wconf 90' lang='lat' dir='ltr'>omnino</span> <span class='ocrx_word' id='word_1_559' title='bbox 3353 2902 3389 2941; x_wconf 91' lang='lat' dir='ltr'>a</span> <span class='ocrx_word' id='word_1_560' title='bbox 3409 2884 3580 2942; x_wconf 86' lang='lat' dir='ltr'>nobis</span> 
     </span>
    </p>
   </div>
   <div class='ocr_carea' id='block_1_76' title="bbox 1927 2973 3579 3050">
    <p class='ocr_par' dir='ltr' id='par_1_76' title="bbox 1927 2973 3579 3050">
     <span class='ocr_line' id='line_1_76' title="bbox 1927 2973 3579 3050; baseline -0.002 -17"><span class='ocrx_word' id='word_1_561' title='bbox 1927 2978 2084 3050; x_wconf 91' lang='lat' dir='ltr'>quod</span> <span class='ocrx_word' id='word_1_562' title='bbox 2114 2975 2226 3032; x_wconf 90' lang='lat' dir='ltr'>iste</span> <span class='ocrx_word' id='word_1_563' title='bbox 2248 2974 2393 3033; x_wconf 83' lang='lat' dir='ltr'>dixit</span> <span class='ocrx_word' id='word_1_564' title='bbox 2410 2978 2468 3031; x_wconf 90' lang='lat' dir='ltr'>et</span> <span class='ocrx_word' id='word_1_565' title='bbox 2498 2975 2669 3047; x_wconf 89' lang='lat' dir='ltr'>quasi</span> <span class='ocrx_word' id='word_1_566' title='bbox 2699 2974 2982 3044; x_wconf 82' lang='lat' dir='ltr'>definivit,</span> <span class='ocrx_word' id='word_1_567' title='bbox 3007 2973 3579 3047; x_wconf 71' lang='lat' dir='ltr'>prtedestinationem</span> 
     </span>
    </p>
   </div>
   <div class='ocr_carea' id='block_1_77' title="bbox 1927 3061 3579 3140">
    <p class='ocr_par' dir='ltr' id='par_1_77' title="bbox 1927 3061 3579 3140">
     <span class='ocr_line' id='line_1_77' title="bbox 1927 3061 3579 3140; baseline -0.004 -16"><span class='ocrx_word' id='word_1_568' title='bbox 1927 3073 1983 3125; x_wconf 91' lang='lat' dir='ltr'>et</span> <span class='ocrx_word' id='word_1_569' title='bbox 2010 3064 2455 3140; x_wconf 79' lang='lat' dir='ltr'>praefinitionem</span> <span class='ocrx_word' id='word_1_570' title='bbox 2487 3063 2590 3120; x_wconf 91' lang='lat' dir='ltr'>Dei</span> <span class='ocrx_word' id='word_1_571' title='bbox 2621 3064 2767 3121; x_wconf 89' lang='lat' dir='ltr'>nihil</span> <span class='ocrx_word' id='word_1_572' title='bbox 2805 3064 2967 3121; x_wconf 87' lang='lat' dir='ltr'>aliud</span> <span class='ocrx_word' id='word_1_573' title='bbox 3007 3080 3138 3121; x_wconf 91' lang='lat' dir='ltr'>esse</span> <span class='ocrx_word' id='word_1_574' title='bbox 3167 3081 3346 3138; x_wconf 87' lang='lat' dir='ltr'>quam</span> <span class='ocrx_word' id='word_1_575' title='bbox 3377 3061 3579 3137; x_wconf 63' lang='lat' dir='ltr'>praevi-</span> 
     </span>
    </p>
   </div>
   <div class='ocr_carea' id='block_1_78' title="bbox 1928 3153 3583 3227">
    <p class='ocr_par' dir='ltr' id='par_1_78' title="bbox 1928 3153 3583 3227">
     <span class='ocr_line' id='line_1_78' title="bbox 1928 3153 3583 3227; baseline -0.002 -16"><span class='ocrx_word' id='word_1_576' title='bbox 1928 3156 2185 3223; x_wconf 87' lang='lat' dir='ltr'>sionem;</span> <span class='ocrx_word' id='word_1_577' title='bbox 2220 3154 2358 3226; x_wconf 90' lang='lat' dir='ltr'>quia</span> <span class='ocrx_word' id='word_1_578' title='bbox 2385 3153 2496 3210; x_wconf 89' lang='lat' dir='ltr'>iste</span> <span class='ocrx_word' id='word_1_579' title='bbox 2525 3170 2738 3210; x_wconf 76' lang='lat' dir='ltr'>sensus</span> <span class='ocrx_word' id='word_1_580' title='bbox 2780 3154 3090 3211; x_wconf 86' lang='lat' dir='ltr'>manifeste</span> <span class='ocrx_word' id='word_1_581' title='bbox 3122 3153 3342 3227; x_wconf 89' lang='lat' dir='ltr'>impius</span> <span class='ocrx_word' id='word_1_582' title='bbox 3372 3156 3484 3222; x_wconf 88' lang='lat' dir='ltr'>est,</span> <span class='ocrx_word' id='word_1_583' title='bbox 3514 3155 3583 3207; x_wconf 91' lang='lat' dir='ltr'>ut</span> 
     </span>
    </p>
   </div>
   <div class='ocr_carea' id='block_1_79' title="bbox 1928 3242 3582 3319">
    <p class='ocr_par' dir='ltr' id='par_1_79' title="bbox 1928 3242 3582 3319">
     <span class='ocr_line' id='line_1_79' title="bbox 1928 3242 3582 3319; baseline -0.002 -19"><span class='ocrx_word' id='word_1_584' title='bbox 1928 3244 2099 3319; x_wconf 84' lang='lat' dir='ltr'>quasi</span> <span class='ocrx_word' id='word_1_585' title='bbox 2130 3244 2504 3300; x_wconf 87' lang='lat' dir='ltr'>tantummdo</span> <span class='ocrx_word' id='word_1_586' title='bbox 2553 3243 2881 3315; x_wconf 65' lang='lat' dir='ltr'>praeviderit</span> <span class='ocrx_word' id='word_1_587' title='bbox 2934 3243 3091 3300; x_wconf 90' lang='lat' dir='ltr'>Deus</span> <span class='ocrx_word' id='word_1_588' title='bbox 3138 3243 3280 3317; x_wconf 88' lang='lat' dir='ltr'>quid</span> <span class='ocrx_word' id='word_1_589' title='bbox 3328 3242 3582 3315; x_wconf 82' lang='lat' dir='ltr'>quisque</span> 
     </span>
    </p>
   </div>
   <div class='ocr_carea' id='block_1_80' title="bbox 1854 3323 3585 3405">
    <p class='ocr_par' dir='ltr' id='par_1_80' title="bbox 1854 3323 3585 3405">
     <span class='ocr_line' id='line_1_80' title="bbox 1854 3323 3585 3405; baseline -0.002 -16"><span class='ocrx_word' id='word_1_590' title='bbox 1854 3323 1896 3389; x_wconf 88' lang='lat' dir='ltr'>C</span> <span class='ocrx_word' id='word_1_591' title='bbox 1932 3337 2085 3391; x_wconf 83' lang='lat' dir='ltr'>esset</span> <span class='ocrx_word' id='word_1_592' title='bbox 2112 3333 2396 3399; x_wconf 90' lang='lat' dir='ltr'>facturus,</span> <span class='ocrx_word' id='word_1_593' title='bbox 2427 3329 2516 3387; x_wconf 89' lang='lat' dir='ltr'>vel</span> <span class='ocrx_word' id='word_1_594' title='bbox 2562 3331 2705 3404; x_wconf 92' lang='lat' dir='ltr'>quid</span> <span class='ocrx_word' id='word_1_595' title='bbox 2735 3349 2839 3404; x_wconf 93' lang='lat' dir='ltr'>pro</span> <span class='ocrx_word' id='word_1_596' title='bbox 2872 3332 3042 3388; x_wconf 85' lang='lat' dir='ltr'>factis</span> <span class='ocrx_word' id='word_1_597' title='bbox 3093 3332 3219 3388; x_wconf 87' lang='lat' dir='ltr'>suis</span> <span class='ocrx_word' id='word_1_598' title='bbox 3272 3347 3585 3405; x_wconf 84' lang='lat' dir='ltr'>passurus,</span> 
     </span>
    </p>
   </div>
   <div class='ocr_carea' id='block_1_81' title="bbox 1931 3420 3587 3494">
    <p class='ocr_par' dir='ltr' id='par_1_81' title="bbox 1931 3420 3587 3494">
     <span class='ocr_line' id='line_1_81' title="bbox 1931 3420 3587 3494; baseline -0.002 -14"><span class='ocrx_word' id='word_1_599' title='bbox 1931 3428 1989 3480; x_wconf 93' lang='lat' dir='ltr'>et</span> <span class='ocrx_word' id='word_1_600' title='bbox 2018 3421 2163 3478; x_wconf 90' lang='lat' dir='ltr'>nihil</span> <span class='ocrx_word' id='word_1_601' title='bbox 2194 3423 2266 3477; x_wconf 92' lang='lat' dir='ltr'>de</span> <span class='ocrx_word' id='word_1_602' title='bbox 2294 3420 2393 3477; x_wconf 88' lang='lat' dir='ltr'>illo</span> <span class='ocrx_word' id='word_1_603' title='bbox 2441 3421 2543 3494; x_wconf 90' lang='lat' dir='ltr'>qui</span> <span class='ocrx_word' id='word_1_604' title='bbox 2575 3421 2663 3477; x_wconf 92' lang='lat' dir='ltr'>vel</span> <span class='ocrx_word' id='word_1_605' title='bbox 2707 3422 2854 3478; x_wconf 89' lang='lat' dir='ltr'>bene</span> <span class='ocrx_word' id='word_1_606' title='bbox 2883 3420 2973 3477; x_wconf 92' lang='lat' dir='ltr'>vel</span> <span class='ocrx_word' id='word_1_607' title='bbox 3029 3420 3183 3477; x_wconf 87' lang='lat' dir='ltr'>male</span> <span class='ocrx_word' id='word_1_608' title='bbox 3238 3424 3365 3477; x_wconf 89' lang='lat' dir='ltr'>erat</span> <span class='ocrx_word' id='word_1_609' title='bbox 3421 3424 3587 3477; x_wconf 87' lang='lat' dir='ltr'>actu-</span> 
     </span>
    </p>
   </div>
   <div class='ocr_carea' id='block_1_82' title="bbox 1933 3509 3586 3584">
    <p class='ocr_par' dir='ltr' id='par_1_82' title="bbox 1933 3509 3586 3584">
     <span class='ocr_line' id='line_1_82' title="bbox 1933 3509 3586 3584; baseline -0.003 -14"><span class='ocrx_word' id='word_1_610' title='bbox 1933 3530 2054 3582; x_wconf 89' lang='lat' dir='ltr'>rus,</span> <span class='ocrx_word' id='word_1_611' title='bbox 2088 3512 2149 3569; x_wconf 91' lang='lat' dir='ltr'>in</span> <span class='ocrx_word' id='word_1_612' title='bbox 2180 3528 2286 3567; x_wconf 91' lang='lat' dir='ltr'>suo</span> <span class='ocrx_word' id='word_1_613' title='bbox 2315 3516 2529 3568; x_wconf 66' lang='lat' dir='ltr'>aeterno</span> <span class='ocrx_word' id='word_1_614' title='bbox 2565 3510 2791 3583; x_wconf 90' lang='lat' dir='ltr'>judicio</span> <span class='ocrx_word' id='word_1_615' title='bbox 2838 3509 3273 3584; x_wconf 67' lang='lat' dir='ltr'>praedestinavit</span> <span class='ocrx_word' id='word_1_616' title='bbox 3300 3509 3389 3567; x_wconf 89' lang='lat' dir='ltr'>vel</span> <span class='ocrx_word' id='word_1_617' title='bbox 3437 3526 3586 3583; x_wconf 73' lang='lat' dir='ltr'>prae-</span> 
     </span>
    </p>
   </div>
   <div class='ocr_carea' id='block_1_83' title="bbox 1933 3602 2173 3659">
    <p class='ocr_par' dir='ltr' id='par_1_83' title="bbox 1933 3602 2173 3659">
     <span class='ocr_line' id='line_1_83' title="bbox 1933 3602 2173 3659; baseline -0.008 0"><span class='ocrx_word' id='word_1_618' title='bbox 1933 3602 2173 3659; x_wconf 85' lang='lat' dir='ltr'>ﬁnierit.</span> 
     </span>
    </p>
   </div>
   <div class='ocr_carea' id='block_1_84' title="bbox 2004 3689 3585 3762">
    <p class='ocr_par' dir='ltr' id='par_1_84' title="bbox 2004 3689 3585 3762">
     <span class='ocr_line' id='line_1_84' title="bbox 2004 3689 3585 3762; baseline -0.003 -13"><span class='ocrx_word' id='word_1_619' title='bbox 2004 3690 2175 3749; x_wconf 85' lang='lat' dir='ltr'>Addit</span> <span class='ocrx_word' id='word_1_620' title='bbox 2202 3691 2315 3747; x_wconf 89' lang='lat' dir='ltr'>iste</span> <span class='ocrx_word' id='word_1_621' title='bbox 2343 3689 2536 3749; x_wconf 87' lang='lat' dir='ltr'>adhuc</span> <span class='ocrx_word' id='word_1_622' title='bbox 2581 3693 2641 3746; x_wconf 92' lang='lat' dir='ltr'>et</span> <span class='ocrx_word' id='word_1_623' title='bbox 2668 3689 2813 3756; x_wconf 83' lang='lat' dir='ltr'>dicit</span> <span class='ocrx_word' id='word_1_624' title='bbox 2839 3706 2853 3746; x_wconf 90' lang='lat'><strong>:</strong></span> <span class='ocrx_word' id='word_1_625' title='bbox 2880 3692 3057 3746; x_wconf 83' lang='lat' dir='ltr'>Deum</span> <span class='ocrx_word' id='word_1_626' title='bbox 3102 3706 3200 3747; x_wconf 85' lang='lat' dir='ltr'>nec</span> <span class='ocrx_word' id='word_1_627' title='bbox 3239 3689 3585 3762; x_wconf 67' lang='lat' dir='ltr'>praevidisse,</span> 
     </span>
    </p>
   </div>
   <div class='ocr_carea' id='block_1_85' title="bbox 1933 3777 3584 3855">
    <p class='ocr_par' dir='ltr' id='par_1_85' title="bbox 1933 3777 3584 3855">
     <span class='ocr_line' id='line_1_85' title="bbox 1933 3777 3584 3855; baseline -0.004 -17"><span class='ocrx_word' id='word_1_628' title='bbox 1933 3798 2031 3838; x_wconf 87' lang='lat' dir='ltr'>nec</span> <span class='ocrx_word' id='word_1_629' title='bbox 2045 3781 2464 3855; x_wconf 69' lang='lat' dir='ltr'>praedestinasse</span> <span class='ocrx_word' id='word_1_630' title='bbox 2480 3787 2708 3836; x_wconf 85' lang='lat' dir='ltr'>mortem</span> <span class='ocrx_word' id='word_1_631' title='bbox 2726 3787 2778 3836; x_wconf 89' lang='lat' dir='ltr'>et</span> <span class='ocrx_word' id='word_1_632' title='bbox 2791 3796 2998 3852; x_wconf 60' lang='lat' dir='ltr'>poenas,</span> <span class='ocrx_word' id='word_1_633' title='bbox 3012 3781 3110 3852; x_wconf 89' lang='lat' dir='ltr'>qui</span> <span class='ocrx_word' id='word_1_634' title='bbox 3123 3780 3271 3835; x_wconf 90' lang='lat' dir='ltr'>nihil</span> <span class='ocrx_word' id='word_1_635' title='bbox 3283 3777 3584 3844; x_wconf 85' lang='lat' dir='ltr'>sint.Quod</span> 
     </span>
    </p>
   </div>
   <div class='ocr_carea' id='block_1_86' title="bbox 1935 3868 3585 3944">
    <p class='ocr_par' dir='ltr' id='par_1_86' title="bbox 1935 3868 3585 3944">
     <span class='ocr_line' id='line_1_86' title="bbox 1935 3868 3585 3944; baseline -0.002 -17"><span class='ocrx_word' id='word_1_636' title='bbox 1935 3888 2113 3944; x_wconf 86' lang='lat' dir='ltr'>quam</span> <span class='ocrx_word' id='word_1_637' title='bbox 2145 3870 2224 3925; x_wconf 89' lang='lat' dir='ltr'>sit</span> <span class='ocrx_word' id='word_1_638' title='bbox 2250 3886 2467 3925; x_wconf 90' lang='lat' dir='ltr'>vanum</span> <span class='ocrx_word' id='word_1_639' title='bbox 2500 3874 2558 3924; x_wconf 93' lang='lat' dir='ltr'>et</span> <span class='ocrx_word' id='word_1_640' title='bbox 2585 3868 2813 3925; x_wconf 89' lang='lat' dir='ltr'>veritati</span> <span class='ocrx_word' id='word_1_641' title='bbox 2843 3868 3223 3937; x_wconf 86' lang='lat' dir='ltr'>contrarium,</span> <span class='ocrx_word' id='word_1_642' title='bbox 3244 3870 3371 3941; x_wconf 86' lang='lat' dir='ltr'>jam</span> <span class='ocrx_word' id='word_1_643' title='bbox 3403 3884 3585 3941; x_wconf 88' lang='lat' dir='ltr'>supra</span> 
     </span>
    </p>
   </div>
   <div class='ocr_carea' id='block_1_87' title="bbox 1934 3958 3296 4033">
    <p class='ocr_par' dir='ltr' id='par_1_87' title="bbox 1934 3958 3296 4033">
     <span class='ocr_line' id='line_1_87' title="bbox 1934 3958 3296 4033; baseline -0.002 -15"><span class='ocrx_word' id='word_1_644' title='bbox 1934 3961 2099 4029; x_wconf 86' lang='lat' dir='ltr'>satis,</span> <span class='ocrx_word' id='word_1_645' title='bbox 2124 3963 2181 4015; x_wconf 92' lang='lat' dir='ltr'>et</span> <span class='ocrx_word' id='word_1_646' title='bbox 2211 3964 2512 4033; x_wconf 87' lang='lat' dir='ltr'>putamus,</span> <span class='ocrx_word' id='word_1_647' title='bbox 2533 3963 2593 4014; x_wconf 90' lang='lat' dir='ltr'>et</span> <span class='ocrx_word' id='word_1_648' title='bbox 2613 3958 2827 4031; x_wconf 60' lang='lat' dir='ltr'>sapius</span> <span class='ocrx_word' id='word_1_649' title='bbox 2856 3962 3156 4015; x_wconf 85' lang='lat' dir='ltr'>ostensum</span> <span class='ocrx_word' id='word_1_650' title='bbox 3185 3961 3296 4016; x_wconf 87' lang='lat' dir='ltr'>est.</span> 
     </span>
    </p>
   </div>
   <div class='ocr_carea' id='block_1_88' title="bbox 2006 4047 3589 4122">
    <p class='ocr_par' dir='ltr' id='par_1_88' title="bbox 2006 4047 3589 4122">
     <span class='ocr_line' id='line_1_88' title="bbox 2006 4047 3589 4122; baseline -0.002 -16"><span class='ocrx_word' id='word_1_651' title='bbox 2006 4050 2226 4107; x_wconf 90' lang='lat' dir='ltr'>Deinde</span> <span class='ocrx_word' id='word_1_652' title='bbox 2257 4048 2388 4120; x_wconf 89' lang='lat' dir='ltr'>subj</span> <span class='ocrx_word' id='word_1_653' title='bbox 2400 4048 2567 4122; x_wconf 88' lang='lat' dir='ltr'>ungit</span> <span class='ocrx_word' id='word_1_654' title='bbox 2594 4048 2705 4105; x_wconf 91' lang='lat' dir='ltr'>iste</span> <span class='ocrx_word' id='word_1_655' title='bbox 2733 4047 2979 4121; x_wconf 89' lang='lat' dir='ltr'>loquens</span> <span class='ocrx_word' id='word_1_656' title='bbox 2999 4049 3071 4104; x_wconf 91' lang='lat' dir='ltr'>de</span> <span class='ocrx_word' id='word_1_657' title='bbox 3097 4048 3215 4104; x_wconf 92' lang='lat' dir='ltr'>Deo</span> <span class='ocrx_word' id='word_1_658' title='bbox 3240 4064 3252 4103; x_wconf 87' lang='lat'><strong>:</strong></span> <span class='ocrx_word' id='word_1_659' title='bbox 3276 4050 3589 4105; x_wconf 86' lang='lat' dir='ltr'>Peccatores</span> 
     </span>
    </p>
   </div>
   <div class='ocr_carea' id='block_1_89' title="bbox 1938 4136 3591 4209">
    <p class='ocr_par' dir='ltr' id='par_1_89' title="bbox 1938 4136 3591 4209">
     <span class='ocr_line' id='line_1_89' title="bbox 1938 4136 3591 4209; baseline -0.002 -12"><span class='ocrx_word' id='word_1_660' title='bbox 1938 4143 1997 4197; x_wconf 87' lang='lat' dir='ltr'>in</span> <span class='ocrx_word' id='word_1_661' title='bbox 2024 4156 2213 4195; x_wconf 88' lang='lat' dir='ltr'>massa</span> <span class='ocrx_word' id='word_1_662' title='bbox 2239 4138 2533 4208; x_wconf 77' lang='lat' dir='ltr'>originalis</span> <span class='ocrx_word' id='word_1_663' title='bbox 2556 4140 2767 4209; x_wconf 82' lang='lat' dir='ltr'>peccati</span> <span class='ocrx_word' id='word_1_664' title='bbox 2794 4139 3037 4209; x_wconf 72' lang='lat' dir='ltr'>reliquit,</span> <span class='ocrx_word' id='word_1_665' title='bbox 3068 4137 3285 4193; x_wconf 84' lang='lat' dir='ltr'>relictos</span> <span class='ocrx_word' id='word_1_666' title='bbox 3314 4136 3591 4206; x_wconf 80' lang='lat' dir='ltr'>deseruit;</span> 
     </span>
    </p>
   </div>
   <div class='ocr_carea' id='block_1_90' title="bbox 1935 4226 3590 4299">
    <p class='ocr_par' dir='ltr' id='par_1_90' title="bbox 1935 4226 3590 4299">
     <span class='ocr_line' id='line_1_90' title="bbox 1935 4226 3590 4299; baseline -0.004 -13"><span class='ocrx_word' id='word_1_667' title='bbox 1935 4230 2170 4286; x_wconf 86' lang='lat' dir='ltr'>desertos</span> <span class='ocrx_word' id='word_1_668' title='bbox 2198 4228 2409 4283; x_wconf 84' lang='lat' dir='ltr'>lumine</span> <span class='ocrx_word' id='word_1_669' title='bbox 2456 4227 2703 4283; x_wconf 79' lang='lat' dir='ltr'>tenebras</span> <span class='ocrx_word' id='word_1_670' title='bbox 2730 4235 3000 4299; x_wconf 87' lang='lat' dir='ltr'>torquere,</span> <span class='ocrx_word' id='word_1_671' title='bbox 3031 4226 3262 4282; x_wconf 88' lang='lat' dir='ltr'>desertos</span> <span class='ocrx_word' id='word_1_672' title='bbox 3302 4226 3416 4280; x_wconf 81' lang='lat' dir='ltr'>vita</span> <span class='ocrx_word' id='word_1_673' title='bbox 3441 4241 3590 4281; x_wconf 86' lang='lat' dir='ltr'>mor-</span> 
     </span>
    </p>
   </div>
   <div class='ocr_carea' id='block_1_91' title="bbox 1938 4313 3596 4389">
    <p class='ocr_par' dir='ltr' id='par_1_91' title="bbox 1938 4313 3596 4389">
     <span class='ocr_line' id='line_1_91' title="bbox 1938 4313 3596 4389; baseline -0.004 -13"><span class='ocrx_word' id='word_1_674' title='bbox 1938 4327 2045 4377; x_wconf 88' lang='lat' dir='ltr'>tem</span> <span class='ocrx_word' id='word_1_675' title='bbox 2072 4319 2407 4375; x_wconf 80' lang='lat' dir='ltr'>interimere.</span> <span class='ocrx_word' id='word_1_676' title='bbox 2441 4317 2547 4373; x_wconf 85' lang='lat' dir='ltr'>Nec</span> <span class='ocrx_word' id='word_1_677' title='bbox 2576 4316 2718 4389; x_wconf 86' lang='lat' dir='ltr'>quod</span> <span class='ocrx_word' id='word_1_678' title='bbox 2763 4317 2826 4372; x_wconf 86' lang='lat' dir='ltr'>in</span> <span class='ocrx_word' id='word_1_679' title='bbox 2853 4317 2933 4372; x_wconf 85' lang='lat' dir='ltr'>eis</span> <span class='ocrx_word' id='word_1_680' title='bbox 2959 4316 3101 4372; x_wconf 88' lang='lat' dir='ltr'>Deus</span> <span class='ocrx_word' id='word_1_681' title='bbox 3146 4316 3297 4387; x_wconf 81' lang='lat' dir='ltr'>fecit,</span> <span class='ocrx_word' id='word_1_682' title='bbox 3327 4313 3596 4386; x_wconf 78' lang='lat' dir='ltr'>relinquit</span> 
     </span>
    </p>
   </div>
   <div class='ocr_carea' id='block_1_92' title="bbox 1938 4404 3596 4479">
    <p class='ocr_par' dir='ltr' id='par_1_92' title="bbox 1938 4404 3596 4479">
     <span class='ocr_line' id='line_1_92' title="bbox 1938 4404 3596 4479; baseline -0.002 -16"><span class='ocrx_word' id='word_1_683' title='bbox 1938 4409 2023 4464; x_wconf 84' lang='lat' dir='ltr'>vel</span> <span class='ocrx_word' id='word_1_684' title='bbox 2050 4407 2250 4463; x_wconf 84' lang='lat' dir='ltr'>deserit</span> <span class='ocrx_word' id='word_1_685' title='bbox 2280 4422 2293 4462; x_wconf 90' lang='lat'><strong>:</strong></span> <span class='ocrx_word' id='word_1_686' title='bbox 2326 4407 2575 4479; x_wconf 78' lang='lat' dir='ltr'>alioquin</span> <span class='ocrx_word' id='word_1_687' title='bbox 2622 4421 2811 4461; x_wconf 88' lang='lat' dir='ltr'>eorum</span> <span class='ocrx_word' id='word_1_688' title='bbox 2850 4413 3055 4461; x_wconf 84' lang='lat' dir='ltr'>natura</span> <span class='ocrx_word' id='word_1_689' title='bbox 3099 4404 3170 4460; x_wconf 86' lang='lat' dir='ltr'>ad</span> <span class='ocrx_word' id='word_1_690' title='bbox 3214 4404 3459 4461; x_wconf 83' lang='lat' dir='ltr'>nihilum</span> <span class='ocrx_word' id='word_1_691' title='bbox 3504 4418 3596 4460; x_wconf 87' lang='lat' dir='ltr'>re-</span> 
     </span>
    </p>
   </div>
   <div class='ocr_carea' id='block_1_93' title="bbox 1940 4493 3598 4566">
    <p class='ocr_par' dir='ltr' id='par_1_93' title="bbox 1940 4493 3598 4566">
     <span class='ocr_line' id='line_1_93' title="bbox 1940 4493 3598 4566; baseline -0.004 -12"><span class='ocrx_word' id='word_1_692' title='bbox 1940 4498 2101 4565; x_wconf 87' lang='lat' dir='ltr'>diret,</span> <span class='ocrx_word' id='word_1_693' title='bbox 2131 4498 2183 4552; x_wconf 90' lang='lat' dir='ltr'>si</span> <span class='ocrx_word' id='word_1_694' title='bbox 2209 4511 2426 4553; x_wconf 88' lang='lat' dir='ltr'>summa</span> <span class='ocrx_word' id='word_1_695' title='bbox 2467 4497 2701 4553; x_wconf 82' lang='lat' dir='ltr'>essentia</span> <span class='ocrx_word' id='word_1_696' title='bbox 2732 4496 2795 4551; x_wconf 87' lang='lat' dir='ltr'>in</span> <span class='ocrx_word' id='word_1_697' title='bbox 2822 4496 2901 4552; x_wconf 88' lang='lat' dir='ltr'>eis</span> <span class='ocrx_word' id='word_1_698' title='bbox 2950 4510 3063 4552; x_wconf 82' lang='lat' dir='ltr'>non</span> <span class='ocrx_word' id='word_1_699' title='bbox 3105 4502 3242 4551; x_wconf 83' lang='lat' dir='ltr'>esset</span> <span class='ocrx_word' id='word_1_700' title='bbox 3274 4512 3291 4549; x_wconf 88' lang='lat'><strong><em>:</em></strong></span> <span class='ocrx_word' id='word_1_701' title='bbox 3317 4493 3410 4551; x_wconf 89' lang='lat' dir='ltr'>sed</span> <span class='ocrx_word' id='word_1_702' title='bbox 3446 4493 3598 4566; x_wconf 75' lang='lat' dir='ltr'>quod</span> 
     </span>
    </p>
   </div>
   <div class='ocr_carea' id='block_1_94' title="bbox 1942 4583 3598 4658">
    <p class='ocr_par' dir='ltr' id='par_1_94' title="bbox 1942 4583 3598 4658">
     <span class='ocr_line' id='line_1_94' title="bbox 1942 4583 3598 4658; baseline -0.003 -14"><span class='ocrx_word' id='word_1_703' title='bbox 1942 4589 2004 4644; x_wconf 87' lang='lat' dir='ltr'>in</span> <span class='ocrx_word' id='word_1_704' title='bbox 2031 4589 2110 4644; x_wconf 87' lang='lat' dir='ltr'>eis</span> <span class='ocrx_word' id='word_1_705' title='bbox 2136 4602 2250 4643; x_wconf 87' lang='lat' dir='ltr'>non</span> <span class='ocrx_word' id='word_1_706' title='bbox 2275 4586 2426 4658; x_wconf 81' lang='lat' dir='ltr'>fecit,</span> <span class='ocrx_word' id='word_1_707' title='bbox 2460 4584 2517 4641; x_wconf 92' lang='lat' dir='ltr'>id</span> <span class='ocrx_word' id='word_1_708' title='bbox 2555 4593 2633 4641; x_wconf 89' lang='lat' dir='ltr'>est</span> <span class='ocrx_word' id='word_1_709' title='bbox 2668 4586 2983 4657; x_wconf 87' lang='lat' dir='ltr'>superbiam</span> <span class='ocrx_word' id='word_1_710' title='bbox 3011 4586 3234 4657; x_wconf 82' lang='lat' dir='ltr'>sprevit.</span> <span class='ocrx_word' id='word_1_711' title='bbox 3267 4583 3431 4650; x_wconf 88' lang='lat' dir='ltr'>Quod</span> <span class='ocrx_word' id='word_1_712' title='bbox 3458 4597 3598 4656; x_wconf 90' lang='lat' dir='ltr'>ergo</span> 
     </span>
    </p>
   </div>
   <div class='ocr_carea' id='block_1_95' title="bbox 166 4673 3598 4767">
    <p class='ocr_par' dir='ltr' id='par_1_95' title="bbox 166 4673 3598 4767">
     <span class='ocr_line' id='line_1_95' title="bbox 166 4673 3598 4767; baseline -0.002 -32"><span class='ocrx_word' id='word_1_713' title='bbox 166 4681 345 4736; x_wconf 82' lang='lat' dir='ltr'>natio.</span> <span class='ocrx_word' id='word_1_714' title='bbox 380 4678 521 4743; x_wconf 67' lang='lat' dir='ltr'>Quis</span> <span class='ocrx_word' id='word_1_715' title='bbox 554 4675 671 4732; x_wconf 91' lang='lat' dir='ltr'>duo</span> <span class='ocrx_word' id='word_1_716' title='bbox 712 4675 890 4733; x_wconf 89' lang='lat' dir='ltr'>verba</span> <span class='ocrx_word' id='word_1_717' title='bbox 937 4692 1111 4733; x_wconf 87' lang='lat' dir='ltr'>nemo</span> <span class='ocrx_word' id='word_1_718' title='bbox 1141 4692 1406 4748; x_wconf 88' lang='lat' dir='ltr'>unquam</span> <span class='ocrx_word' id='word_1_719' title='bbox 1433 4675 1718 4732; x_wconf 89' lang='lat' dir='ltr'>visionem</span> <span class='ocrx_word' id='word_1_720' title='bbox 1748 4673 1836 4731; x_wconf 92' lang='lat' dir='ltr'>vel</span> <span class='ocrx_word' id='word_1_721' title='bbox 1867 4702 1913 4767; x_wconf 82' lang='lat' dir='ltr'><strong>D</strong></span> <span class='ocrx_word' id='word_1_722' title='bbox 1945 4676 2090 4734; x_wconf 88' lang='lat' dir='ltr'>dicit</span> <span class='ocrx_word' id='word_1_723' title='bbox 2118 4676 2190 4732; x_wconf 92' lang='lat' dir='ltr'>de</span> <span class='ocrx_word' id='word_1_724' title='bbox 2218 4680 2333 4732; x_wconf 88' lang='lat' dir='ltr'>Deo</span> <span class='ocrx_word' id='word_1_725' title='bbox 2359 4676 2493 4748; x_wconf 84' lang='lat' dir='ltr'>quia</span> <span class='ocrx_word' id='word_1_726' title='bbox 2526 4683 2831 4748; x_wconf 85' lang='lat' dir='ltr'>peccatores</span> <span class='ocrx_word' id='word_1_727' title='bbox 2859 4676 2920 4730; x_wconf 88' lang='lat' dir='ltr'>in</span> <span class='ocrx_word' id='word_1_728' title='bbox 2948 4691 3133 4732; x_wconf 81' lang='lat' dir='ltr'>massa</span> <span class='ocrx_word' id='word_1_729' title='bbox 3161 4674 3455 4745; x_wconf 85' lang='lat' dir='ltr'>originalis</span> <span class='ocrx_word' id='word_1_730' title='bbox 3472 4688 3598 4745; x_wconf 85' lang='lat' dir='ltr'>pec-</span> 
     </span>
    </p>
   </div>
   <div class='ocr_carea' id='block_1_96' title="bbox 168 4762 3602 4842">
    <p class='ocr_par' dir='ltr' id='par_1_96' title="bbox 168 4762 3602 4842">
     <span class='ocr_line' id='line_1_96' title="bbox 168 4762 3602 4842; baseline -0.002 -17"><span class='ocrx_word' id='word_1_731' title='bbox 168 4766 587 4842; x_wconf 74' lang='lat' dir='ltr'>przevisionem</span> <span class='ocrx_word' id='word_1_732' title='bbox 610 4764 979 4839; x_wconf 87' lang='lat' dir='ltr'>interpretari</span> <span class='ocrx_word' id='word_1_733' title='bbox 1001 4783 1182 4822; x_wconf 87' lang='lat' dir='ltr'>ausus</span> <span class='ocrx_word' id='word_1_734' title='bbox 1204 4769 1313 4833; x_wconf 90' lang='lat' dir='ltr'>est,</span> <span class='ocrx_word' id='word_1_735' title='bbox 1333 4765 1456 4834; x_wconf 89' lang='lat' dir='ltr'>sed,</span> <span class='ocrx_word' id='word_1_736' title='bbox 1474 4770 1539 4821; x_wconf 89' lang='lat' dir='ltr'>ut</span> <span class='ocrx_word' id='word_1_737' title='bbox 1558 4764 1836 4837; x_wconf 87' lang='lat' dir='ltr'>diximus,</span> <span class='ocrx_word' id='word_1_738' title='bbox 1867 4762 1903 4767; x_wconf 56' lang='grc'><strong><em>⁷</em></strong></span> <span class='ocrx_word' id='word_1_739' title='bbox 1947 4769 2055 4824; x_wconf 88' lang='lat' dir='ltr'>cati</span> <span class='ocrx_word' id='word_1_740' title='bbox 2074 4766 2318 4839; x_wconf 87' lang='lat' dir='ltr'>reliquit,</span> <span class='ocrx_word' id='word_1_741' title='bbox 2344 4765 2393 4822; x_wconf 89' lang='lat' dir='ltr'>si</span> <span class='ocrx_word' id='word_1_742' title='bbox 2426 4764 2668 4821; x_wconf 85' lang='lat' dir='ltr'>dixisset</span> <span class='ocrx_word' id='word_1_743' title='bbox 2698 4765 2976 4838; x_wconf 90' lang='lat' dir='ltr'>reprobos</span> <span class='ocrx_word' id='word_1_744' title='bbox 3005 4768 3105 4821; x_wconf 89' lang='lat' dir='ltr'>aut</span> <span class='ocrx_word' id='word_1_745' title='bbox 3127 4763 3456 4838; x_wconf 87' lang='lat' dir='ltr'>puniendos</span> <span class='ocrx_word' id='word_1_746' title='bbox 3481 4762 3602 4819; x_wconf 90' lang='lat' dir='ltr'>sive</span> 
     </span>
    </p>
   </div>
   <div class='ocr_carea' id='block_1_97' title="bbox 168 4855 1276 4929">
    <p class='ocr_par' dir='ltr' id='par_1_97' title="bbox 168 4855 1276 4929">
     <span class='ocr_line' id='line_1_97' title="bbox 168 4855 1276 4929; baseline -0.005 -13"><span class='ocrx_word' id='word_1_747' title='bbox 168 4858 607 4916; x_wconf 81' lang='lat' dir='ltr'>destinationem</span> <span class='ocrx_word' id='word_1_748' title='bbox 633 4860 692 4912; x_wconf 91' lang='lat' dir='ltr'>et</span> <span class='ocrx_word' id='word_1_749' title='bbox 715 4855 1276 4929; x_wconf 68' lang='lat' dir='ltr'>prwdestinationem.</span> 
     </span>
    </p>
   </div>
   <div class='ocr_carea' id='block_1_98' title="bbox 241 4944 1845 5019">
    <p class='ocr_par' dir='ltr' id='par_1_98' title="bbox 241 4944 1845 5019">
     <span class='ocr_line' id='line_1_98' title="bbox 241 4944 1845 5019; baseline -0.004 -13"><span class='ocrx_word' id='word_1_750' title='bbox 241 4945 539 5006; x_wconf 84' lang='lat' dir='ltr'>Similiter</span> <span class='ocrx_word' id='word_1_751' title='bbox 594 4962 665 5002; x_wconf 84' lang='lat' dir='ltr'>ex</span> <span class='ocrx_word' id='word_1_752' title='bbox 720 4944 923 5002; x_wconf 87' lang='lat' dir='ltr'>eodem</span> <span class='ocrx_word' id='word_1_753' title='bbox 980 4946 1154 5002; x_wconf 88' lang='lat' dir='ltr'>verbo</span> <span class='ocrx_word' id='word_1_754' title='bbox 1183 4953 1281 5019; x_wconf 86' lang='grc' dir='ltr'>ὁρῶ</span> <span class='ocrx_word' id='word_1_755' title='bbox 1313 4945 1559 5003; x_wconf 89' lang='lat' dir='ltr'>derivari</span> <span class='ocrx_word' id='word_1_756' title='bbox 1614 4946 1845 5004; x_wconf 91' lang='lat' dir='ltr'>videtur</span> 
     </span>
    </p>
   </div>
   <div class='ocr_carea' id='block_1_99' title="bbox 170 5034 1845 5113">
    <p class='ocr_par' dir='ltr' id='par_1_99' title="bbox 170 5034 1845 5113">
     <span class='ocr_line' id='line_1_99' title="bbox 170 5034 1845 5113; baseline -0.004 -15"><span class='ocrx_word' id='word_1_757' title='bbox 170 5047 360 5113; x_wconf 71' lang='grc' dir='ltr'>ὅρισιν,</span> <span class='ocrx_word' id='word_1_758' title='bbox 392 5034 553 5108; x_wconf 88' lang='lat' dir='ltr'>quod</span> <span class='ocrx_word' id='word_1_759' title='bbox 584 5037 676 5092; x_wconf 90' lang='lat' dir='ltr'>est</span> <span class='ocrx_word' id='word_1_760' title='bbox 717 5034 1029 5106; x_wconf 86' lang='lat' dir='ltr'>destinavit,</span> <span class='ocrx_word' id='word_1_761' title='bbox 1074 5039 1133 5093; x_wconf 90' lang='lat' dir='ltr'>et</span> <span class='ocrx_word' id='word_1_762' title='bbox 1181 5035 1589 5109; x_wconf 69' lang='lat' dir='ltr'>praepositione</span> <span class='ocrx_word' id='word_1_763' title='bbox 1644 5036 1845 5092; x_wconf 88' lang='lat' dir='ltr'>addita</span> 
     </span>
    </p>
   </div>
   <div class='ocr_carea' id='block_1_100' title="bbox 172 5126 1843 5207">
    <p class='ocr_par' dir='ltr' id='par_1_100' title="bbox 172 5126 1843 5207">
     <span class='ocr_line' id='line_1_100' title="bbox 172 5126 1843 5207; baseline -0.003 -19"><span class='ocrx_word' id='word_1_764' title='bbox 172 5153 463 5207; x_wconf 76' lang='grc' dir='ltr'>προορισεν,</span> <span class='ocrx_word' id='word_1_765' title='bbox 500 5127 557 5184; x_wconf 79' lang='lat' dir='ltr'>id</span> <span class='ocrx_word' id='word_1_766' title='bbox 591 5131 682 5185; x_wconf 87' lang='lat' dir='ltr'>est</span> <span class='ocrx_word' id='word_1_767' title='bbox 703 5127 1144 5199; x_wconf 76' lang='lat' dir='ltr'>praedestinavit.</span> <span class='ocrx_word' id='word_1_768' title='bbox 1177 5126 1371 5184; x_wconf 88' lang='lat' dir='ltr'>Potest</span> <span class='ocrx_word' id='word_1_769' title='bbox 1405 5132 1600 5183; x_wconf 87' lang='lat' dir='ltr'>autem</span> <span class='ocrx_word' id='word_1_770' title='bbox 1630 5151 1843 5200; x_wconf 83' lang='grc' dir='ltr'>προορω,</span> 
     </span>
    </p>
   </div>
   <div class='ocr_carea' id='block_1_101' title="bbox 177 5215 1848 5291">
    <p class='ocr_par' dir='ltr' id='par_1_101' title="bbox 177 5215 1848 5291">
     <span class='ocr_line' id='line_1_101' title="bbox 177 5215 1848 5291; baseline -0.001 -15"><span class='ocrx_word' id='word_1_771' title='bbox 177 5226 243 5276; x_wconf 90' lang='lat' dir='ltr'>ut</span> <span class='ocrx_word' id='word_1_772' title='bbox 291 5235 487 5291; x_wconf 88' lang='lat' dir='ltr'>supra</span> <span class='ocrx_word' id='word_1_773' title='bbox 548 5216 828 5285; x_wconf 83' lang='lat' dir='ltr'>diximus,</span> <span class='ocrx_word' id='word_1_774' title='bbox 876 5215 1254 5289; x_wconf 84' lang='lat' dir='ltr'>interpretari</span> <span class='ocrx_word' id='word_1_775' title='bbox 1311 5217 1487 5273; x_wconf 88' lang='lat' dir='ltr'>etiam</span> <span class='ocrx_word' id='word_1_776' title='bbox 1538 5217 1848 5290; x_wconf 70' lang='lat' dir='ltr'>praevideo;</span> 
     </span>
    </p>
   </div>
   <div class='ocr_carea' id='block_1_102' title="bbox 175 5303 1849 5377">
    <p class='ocr_par' dir='ltr' id='par_1_102' title="bbox 175 5303 1849 5377">
     <span class='ocr_line' id='line_1_102' title="bbox 175 5303 1849 5377; baseline -0.002 -11"><span class='ocrx_word' id='word_1_777' title='bbox 175 5309 339 5366; x_wconf 86' lang='lat' dir='ltr'>sicut</span> <span class='ocrx_word' id='word_1_778' title='bbox 372 5306 431 5362; x_wconf 91' lang='lat' dir='ltr'>in</span> <span class='ocrx_word' id='word_1_779' title='bbox 466 5304 717 5377; x_wconf 87' lang='lat' dir='ltr'>psalmo,</span> <span class='ocrx_word' id='word_1_780' title='bbox 751 5304 852 5361; x_wconf 89' lang='lat' dir='ltr'>ubi</span> <span class='ocrx_word' id='word_1_781' title='bbox 897 5321 1005 5361; x_wconf 89' lang='lat' dir='ltr'>nos</span> <span class='ocrx_word' id='word_1_782' title='bbox 1036 5303 1240 5360; x_wconf 90' lang='lat' dir='ltr'>Latine</span> <span class='ocrx_word' id='word_1_783' title='bbox 1268 5304 1523 5361; x_wconf 92' lang='lat' dir='ltr'>dicimus</span> <span class='ocrx_word' id='word_1_784' title='bbox 1556 5304 1849 5363; x_wconf 57' lang='lat' dir='ltr'>{Provide</span> 
     </span>
    </p>
   </div>
   <div class='ocr_carea' id='block_1_103' title="bbox 180 5395 1848 5467">
    <p class='ocr_par' dir='ltr' id='par_1_103' title="bbox 180 5395 1848 5467">
     <span class='ocr_line' id='line_1_103' title="bbox 180 5395 1848 5467; baseline -0.004 -12"><span class='ocrx_word' id='word_1_785' title='bbox 180 5400 307 5454; x_wconf 86' lang='lat' dir='ltr'>bam</span> <span class='ocrx_word' id='word_1_786' title='bbox 332 5396 634 5451; x_wconf 84' lang='lat' dir='ltr'>Dominum</span> <span class='ocrx_word' id='word_1_787' title='bbox 662 5397 725 5450; x_wconf 90' lang='lat' dir='ltr'>in</span> <span class='ocrx_word' id='word_1_788' title='bbox 753 5401 1037 5467; x_wconf 87' lang='lat' dir='ltr'>conspectu</span> <span class='ocrx_word' id='word_1_789' title='bbox 1057 5410 1175 5449; x_wconf 90' lang='lat' dir='ltr'>meo</span> <span class='ocrx_word' id='word_1_790' title='bbox 1203 5410 1414 5466; x_wconf 86' lang='lat' dir='ltr'>semper</span> <span class='ocrx_word' id='word_1_791' title='bbox 1444 5395 1612 5463; x_wconf 88' lang='lat' dir='ltr'>(Psal.</span> <span class='ocrx_word' id='word_1_792' title='bbox 1646 5413 1739 5467; x_wconf 82' lang='lat' dir='ltr'>xv,</span> <span class='ocrx_word' id='word_1_793' title='bbox 1761 5397 1848 5464; x_wconf 86' lang='lat'>8);</span> 
     </span>
    </p>
   </div>
   <div class='ocr_carea' id='block_1_104' title="bbox 179 5483 1851 5558">
    <p class='ocr_par' dir='ltr' id='par_1_104' title="bbox 179 5483 1851 5558">
     <span class='ocr_line' id='line_1_104' title="bbox 179 5483 1851 5558; baseline -0.003 -15"><span class='ocrx_word' id='word_1_794' title='bbox 179 5487 239 5543; x_wconf 91' lang='lat' dir='ltr'>in</span> <span class='ocrx_word' id='word_1_795' title='bbox 293 5485 500 5543; x_wconf 64' lang='lat' dir='ltr'>Graeco</span> <span class='ocrx_word' id='word_1_796' title='bbox 552 5483 788 5558; x_wconf 88' lang='lat' dir='ltr'>legitur,</span> <span class='ocrx_word' id='word_1_797' title='bbox 820 5507 1110 5557; x_wconf 82' lang='grc' dir='ltr'>προορωμεν</span> <span class='ocrx_word' id='word_1_798' title='bbox 1138 5493 1223 5540; x_wconf 82' lang='grc' dir='ltr'>τὸν</span> <span class='ocrx_word' id='word_1_799' title='bbox 1252 5491 1448 5557; x_wconf 78' lang='grc' dir='ltr'>Κύριον,</span> <span class='ocrx_word' id='word_1_800' title='bbox 1482 5501 1610 5555; x_wconf 65' lang='lat' dir='ltr'>quae</span> <span class='ocrx_word' id='word_1_801' title='bbox 1660 5483 1851 5558; x_wconf 91' lang='lat' dir='ltr'>provi-</span> 
     </span>
    </p>
   </div>
   <div class='ocr_carea' id='block_1_105' title="bbox 183 5572 1851 5647">
    <p class='ocr_par' dir='ltr' id='par_1_105' title="bbox 183 5572 1851 5647">
     <span class='ocr_line' id='line_1_105' title="bbox 183 5572 1851 5647; baseline -0.002 -13"><span class='ocrx_word' id='word_1_802' title='bbox 183 5576 389 5634; x_wconf 86' lang='lat' dir='ltr'>dentia</span> <span class='ocrx_word' id='word_1_803' title='bbox 414 5573 617 5647; x_wconf 88' lang='lat' dir='ltr'>utique</span> <span class='ocrx_word' id='word_1_804' title='bbox 650 5578 878 5631; x_wconf 88' lang='lat' dir='ltr'>certum</span> <span class='ocrx_word' id='word_1_805' title='bbox 912 5572 1156 5646; x_wconf 87' lang='lat' dir='ltr'>aliquid,</span> <span class='ocrx_word' id='word_1_806' title='bbox 1182 5577 1239 5628; x_wconf 87' lang='lat' dir='ltr'>et</span> <span class='ocrx_word' id='word_1_807' title='bbox 1267 5573 1621 5646; x_wconf 66' lang='lat' dir='ltr'>praefinitum</span> <span class='ocrx_word' id='word_1_808' title='bbox 1655 5577 1851 5632; x_wconf 70' lang='lat' dir='ltr'>osten-</span> 
     </span>
    </p>
   </div>
   <div class='ocr_carea' id='block_1_106' title="bbox 182 5662 1855 5739">
    <p class='ocr_par' dir='ltr' id='par_1_106' title="bbox 182 5662 1855 5739">
     <span class='ocr_line' id='line_1_106' title="bbox 182 5662 1855 5739; baseline -0.001 -16"><span class='ocrx_word' id='word_1_809' title='bbox 182 5665 289 5723; x_wconf 90' lang='lat' dir='ltr'>dit.</span> <span class='ocrx_word' id='word_1_810' title='bbox 315 5664 486 5733; x_wconf 85' lang='lat' dir='ltr'>Quod</span> <span class='ocrx_word' id='word_1_811' title='bbox 520 5663 730 5721; x_wconf 84' lang='lat' dir='ltr'>beatus</span> <span class='ocrx_word' id='word_1_812' title='bbox 756 5662 1146 5738; x_wconf 80' lang='lat' dir='ltr'>Hieronymus</span> <span class='ocrx_word' id='word_1_813' title='bbox 1164 5662 1225 5719; x_wconf 91' lang='lat' dir='ltr'>in</span> <span class='ocrx_word' id='word_1_814' title='bbox 1245 5663 1500 5720; x_wconf 89' lang='lat' dir='ltr'>editione</span> <span class='ocrx_word' id='word_1_815' title='bbox 1520 5680 1627 5721; x_wconf 88' lang='lat' dir='ltr'>sua</span> <span class='ocrx_word' id='word_1_816' title='bbox 1644 5663 1728 5721; x_wconf 88' lang='lat' dir='ltr'>ita</span> <span class='ocrx_word' id='word_1_817' title='bbox 1756 5681 1855 5739; x_wconf 90' lang='lat' dir='ltr'>po-</span> 
     </span>
    </p>
   </div>
   <div class='ocr_carea' id='block_1_107' title="bbox 188 5754 1853 5831">
    <p class='ocr_par' dir='ltr' id='par_1_107' title="bbox 188 5754 1853 5831">
     <span class='ocr_line' id='line_1_107' title="bbox 188 5754 1853 5831; baseline -0.002 -15"><span class='ocrx_word' id='word_1_818' title='bbox 188 5755 312 5816; x_wconf 83' lang='lat' dir='ltr'>suit</span> <span class='ocrx_word' id='word_1_819' title='bbox 336 5771 352 5814; x_wconf 87' lang='lat'><strong>:</strong></span> <span class='ocrx_word' id='word_1_820' title='bbox 374 5754 654 5829; x_wconf 89' lang='lat' dir='ltr'>Proposui</span> <span class='ocrx_word' id='word_1_821' title='bbox 675 5754 973 5812; x_wconf 86' lang='lat' dir='ltr'>Dominum</span> <span class='ocrx_word' id='word_1_822' title='bbox 1011 5754 1075 5811; x_wconf 87' lang='lat' dir='ltr'>in</span> <span class='ocrx_word' id='word_1_823' title='bbox 1122 5760 1408 5830; x_wconf 81' lang='lat' dir='ltr'>conspectu</span> <span class='ocrx_word' id='word_1_824' title='bbox 1436 5770 1555 5813; x_wconf 83' lang='lat' dir='ltr'>meo</span> <span class='ocrx_word' id='word_1_825' title='bbox 1597 5770 1806 5831; x_wconf 85' lang='lat' dir='ltr'>semper</span> <span class='ocrx_word' id='word_1_826' title='bbox 1834 5772 1853 5813; x_wconf 89' lang='lat'><strong><em>:</em></strong></span> 
     </span>
    </p>
   </div>
   <div class='ocr_carea' id='block_1_108' title="bbox 520 5881 1048 5948">
    <p class='ocr_par' dir='ltr' id='par_1_108' title="bbox 520 5881 1048 5948">
     <span class='ocr_line' id='line_1_108' title="bbox 520 5881 1048 5948; baseline 0.002 -1"><span class='ocrx_word' id='word_1_827' title='bbox 520 5881 787 5947; x_wconf 73' lang='lat' dir='ltr'>PATROL.</span> <span class='ocrx_word' id='word_1_828' title='bbox 836 5881 1048 5948; x_wconf 85' lang='lat' dir='ltr'>CXIX.</span> 
     </span>
    </p>
   </div>
   <div class='ocr_carea' id='block_1_109' title="bbox 1949 4851 3606 4928">
    <p class='ocr_par' dir='ltr' id='par_1_109' title="bbox 1949 4851 3606 4928">
     <span class='ocr_line' id='line_1_109' title="bbox 1949 4851 3606 4928; baseline -0.004 -14"><span class='ocrx_word' id='word_1_829' title='bbox 1949 4857 2337 4922; x_wconf 88' lang='lat' dir='ltr'>damnandos,</span> <span class='ocrx_word' id='word_1_830' title='bbox 2360 4855 2616 4928; x_wconf 83' lang='lat' dir='ltr'>profecto</span> <span class='ocrx_word' id='word_1_831' title='bbox 2637 4872 2838 4912; x_wconf 89' lang='lat' dir='ltr'>verum</span> <span class='ocrx_word' id='word_1_832' title='bbox 2868 4862 3054 4923; x_wconf 87' lang='lat' dir='ltr'>esset;</span> <span class='ocrx_word' id='word_1_833' title='bbox 3085 4854 3199 4928; x_wconf 89' lang='lat' dir='ltr'>ipsi</span> <span class='ocrx_word' id='word_1_834' title='bbox 3232 4853 3412 4923; x_wconf 90' lang='lat' dir='ltr'>enim,</span> <span class='ocrx_word' id='word_1_835' title='bbox 3432 4851 3492 4908; x_wconf 92' lang='lat' dir='ltr'>id</span> <span class='ocrx_word' id='word_1_836' title='bbox 3516 4855 3606 4908; x_wconf 91' lang='lat' dir='ltr'>est</span> 
     </span>
    </p>
   </div>
   <div class='ocr_carea' id='block_1_110' title="bbox 1950 4940 3604 5019">
    <p class='ocr_par' dir='ltr' id='par_1_110' title="bbox 1950 4940 3604 5019">
     <span class='ocr_line' id='line_1_110' title="bbox 1950 4940 3604 5019; baseline -0.004 -17"><span class='ocrx_word' id='word_1_837' title='bbox 1950 4945 2201 5019; x_wconf 90' lang='lat' dir='ltr'>reprobi,</span> <span class='ocrx_word' id='word_1_838' title='bbox 2237 4944 2545 5018; x_wconf 89' lang='lat' dir='ltr'>puniendi,</span> <span class='ocrx_word' id='word_1_839' title='bbox 2592 4948 2768 5017; x_wconf 86' lang='lat' dir='ltr'>atque</span> <span class='ocrx_word' id='word_1_840' title='bbox 2819 4944 3139 5003; x_wconf 89' lang='lat' dir='ltr'>damnandi</span> <span class='ocrx_word' id='word_1_841' title='bbox 3187 4945 3511 5008; x_wconf 89' lang='lat' dir='ltr'>remanent,</span> <span class='ocrx_word' id='word_1_842' title='bbox 3541 4940 3604 4996; x_wconf 90' lang='lat' dir='ltr'>in</span> 
     </span>
    </p>
   </div>
   <div class='ocr_carea' id='block_1_111' title="bbox 1953 5031 3604 5107">
    <p class='ocr_par' dir='ltr' id='par_1_111' title="bbox 1953 5031 3604 5107">
     <span class='ocr_line' id='line_1_111' title="bbox 1953 5031 3604 5107; baseline -0.003 -17"><span class='ocrx_word' id='word_1_843' title='bbox 1953 5052 2152 5092; x_wconf 90' lang='lat' dir='ltr'>massa</span> <span class='ocrx_word' id='word_1_844' title='bbox 2170 5033 2271 5091; x_wconf 88' lang='lat' dir='ltr'>illa</span> <span class='ocrx_word' id='word_1_845' title='bbox 2289 5051 2357 5090; x_wconf 88' lang='lat' dir='ltr'>ex</span> <span class='ocrx_word' id='word_1_846' title='bbox 2379 5035 2560 5090; x_wconf 84' lang='lat' dir='ltr'>Adam</span> <span class='ocrx_word' id='word_1_847' title='bbox 2581 5034 2932 5107; x_wconf 87' lang='lat' dir='ltr'>generaliter</span> <span class='ocrx_word' id='word_1_848' title='bbox 2951 5033 3306 5100; x_wconf 88' lang='lat' dir='ltr'>damnanda,</span> <span class='ocrx_word' id='word_1_849' title='bbox 3327 5031 3466 5104; x_wconf 89' lang='lat' dir='ltr'>quia</span> <span class='ocrx_word' id='word_1_850' title='bbox 3486 5046 3604 5086; x_wconf 91' lang='lat' dir='ltr'>non</span> 
     </span>
    </p>
   </div>
   <div class='ocr_carea' id='block_1_112' title="bbox 1954 5121 3607 5195">
    <p class='ocr_par' dir='ltr' id='par_1_112' title="bbox 1954 5121 3607 5195">
     <span class='ocr_line' id='line_1_112' title="bbox 1954 5121 3607 5195; baseline -0.004 -13"><span class='ocrx_word' id='word_1_851' title='bbox 1954 5142 2053 5182; x_wconf 88' lang='lat' dir='ltr'>eos</span> <span class='ocrx_word' id='word_1_852' title='bbox 2082 5124 2218 5181; x_wconf 89' lang='lat' dir='ltr'>inde</span> <span class='ocrx_word' id='word_1_853' title='bbox 2264 5124 2543 5180; x_wconf 90' lang='lat' dir='ltr'>discrevit</span> <span class='ocrx_word' id='word_1_854' title='bbox 2588 5125 2793 5195; x_wconf 81' lang='lat' dir='ltr'>ﬁgulus</span> <span class='ocrx_word' id='word_1_855' title='bbox 2830 5123 2928 5180; x_wconf 89' lang='lat' dir='ltr'>ille</span> <span class='ocrx_word' id='word_1_856' title='bbox 2959 5122 3349 5195; x_wconf 90' lang='lat' dir='ltr'>omnipotens,</span> <span class='ocrx_word' id='word_1_857' title='bbox 3377 5121 3509 5194; x_wconf 85' lang='lat' dir='ltr'>quia</span> <span class='ocrx_word' id='word_1_858' title='bbox 3536 5135 3607 5176; x_wconf 76' lang='lat' dir='ltr'>ea:</span> 
     </span>
    </p>
   </div>
   <div class='ocr_carea' id='block_1_113' title="bbox 1955 5208 3609 5287">
    <p class='ocr_par' dir='ltr' id='par_1_113' title="bbox 1955 5208 3609 5287">
     <span class='ocr_line' id='line_1_113' title="bbox 1955 5208 3609 5287; baseline -0.004 -16"><span class='ocrx_word' id='word_1_859' title='bbox 1955 5233 2071 5272; x_wconf 89' lang='lat' dir='ltr'>una</span> <span class='ocrx_word' id='word_1_860' title='bbox 2089 5214 2379 5287; x_wconf 85' lang='lat' dir='ltr'>eademque</span> <span class='ocrx_word' id='word_1_861' title='bbox 2397 5231 2576 5271; x_wconf 87' lang='lat' dir='ltr'>massa</span> <span class='ocrx_word' id='word_1_862' title='bbox 2594 5217 2730 5287; x_wconf 76' lang='lat' dir='ltr'>facit</span> <span class='ocrx_word' id='word_1_863' title='bbox 2756 5213 2913 5269; x_wconf 85' lang='lat' dir='ltr'>aliud</span> <span class='ocrx_word' id='word_1_864' title='bbox 2936 5228 3029 5268; x_wconf 84' lang='lat' dir='ltr'>vas</span> <span class='ocrx_word' id='word_1_865' title='bbox 3058 5213 3116 5268; x_wconf 87' lang='lat' dir='ltr'>in</span> <span class='ocrx_word' id='word_1_866' title='bbox 3147 5211 3425 5279; x_wconf 86' lang='lat' dir='ltr'>honorem,</span> <span class='ocrx_word' id='word_1_867' title='bbox 3450 5208 3609 5265; x_wconf 82' lang='lat' dir='ltr'>aliud</span> 
     </span>
    </p>
   </div>
   <div class='ocr_carea' id='block_1_114' title="bbox 1955 5297 3608 5372">
    <p class='ocr_par' dir='ltr' id='par_1_114' title="bbox 1955 5297 3608 5372">
     <span class='ocr_line' id='line_1_114' title="bbox 1955 5297 3608 5372; baseline -0.005 -11"><span class='ocrx_word' id='word_1_868' title='bbox 1955 5322 2085 5362; x_wconf 86' lang='lat' dir='ltr'>vera</span> <span class='ocrx_word' id='word_1_869' title='bbox 2114 5306 2175 5360; x_wconf 88' lang='lat' dir='ltr'>in</span> <span class='ocrx_word' id='word_1_870' title='bbox 2215 5304 2604 5360; x_wconf 88' lang='lat' dir='ltr'>contumeliam</span> <span class='ocrx_word' id='word_1_871' title='bbox 2630 5304 2804 5372; x_wconf 83' lang='lat' dir='ltr'>(Rom.</span> <span class='ocrx_word' id='word_1_872' title='bbox 2829 5317 2905 5369; x_wconf 78' lang='lat' dir='ltr'>ix,</span> <span class='ocrx_word' id='word_1_873' title='bbox 2932 5302 3045 5369; x_wconf 91' lang='grc'>21).</span> <span class='ocrx_word' id='word_1_874' title='bbox 3073 5300 3240 5356; x_wconf 92' lang='lat' dir='ltr'>Nunc</span> <span class='ocrx_word' id='word_1_875' title='bbox 3267 5316 3402 5356; x_wconf 90' lang='lat' dir='ltr'>vero</span> <span class='ocrx_word' id='word_1_876' title='bbox 3449 5297 3608 5370; x_wconf 91' lang='lat' dir='ltr'>quod</span> 
     </span>
    </p>
   </div>
   <div class='ocr_carea' id='block_1_115' title="bbox 1958 5388 3612 5467">
    <p class='ocr_par' dir='ltr' id='par_1_115' title="bbox 1958 5388 3612 5467">
     <span class='ocr_line' id='line_1_115' title="bbox 1958 5388 3612 5467; baseline -0.005 -16"><span class='ocrx_word' id='word_1_877' title='bbox 1958 5394 2275 5467; x_wconf 88' lang='lat' dir='ltr'>dicit,quod</span> <span class='ocrx_word' id='word_1_878' title='bbox 2293 5394 2433 5451; x_wconf 84' lang='lat' dir='ltr'>Deus</span> <span class='ocrx_word' id='word_1_879' title='bbox 2456 5399 2760 5467; x_wconf 80' lang='lat' dir='ltr'>peccatores</span> <span class='ocrx_word' id='word_1_880' title='bbox 2790 5391 2849 5446; x_wconf 87' lang='lat' dir='ltr'>in</span> <span class='ocrx_word' id='word_1_881' title='bbox 2875 5406 3056 5446; x_wconf 83' lang='lat' dir='ltr'>massa</span> <span class='ocrx_word' id='word_1_882' title='bbox 3083 5390 3378 5463; x_wconf 84' lang='lat' dir='ltr'>originalis</span> <span class='ocrx_word' id='word_1_883' title='bbox 3401 5388 3612 5461; x_wconf 87' lang='lat' dir='ltr'>peccati</span> 
     </span>
    </p>
   </div>
   <div class='ocr_carea' id='block_1_116' title="bbox 1960 5476 3612 5558">
    <p class='ocr_par' dir='ltr' id='par_1_116' title="bbox 1960 5476 3612 5558">
     <span class='ocr_line' id='line_1_116' title="bbox 1960 5476 3612 5558; baseline -0.005 -18"><span class='ocrx_word' id='word_1_884' title='bbox 1960 5485 2207 5558; x_wconf 86' lang='lat' dir='ltr'>reliquit,</span> <span class='ocrx_word' id='word_1_885' title='bbox 2241 5500 2358 5539; x_wconf 91' lang='lat' dir='ltr'>non</span> <span class='ocrx_word' id='word_1_886' title='bbox 2389 5481 2629 5539; x_wconf 90' lang='lat' dir='ltr'>omnino</span> <span class='ocrx_word' id='word_1_887' title='bbox 2658 5484 2851 5553; x_wconf 90' lang='lat' dir='ltr'>potest</span> <span class='ocrx_word' id='word_1_888' title='bbox 2886 5495 3015 5537; x_wconf 90' lang='lat' dir='ltr'>esse</span> <span class='ocrx_word' id='word_1_889' title='bbox 3052 5496 3284 5547; x_wconf 82' lang='lat' dir='ltr'>uerum,</span> <span class='ocrx_word' id='word_1_890' title='bbox 3316 5477 3459 5551; x_wconf 89' lang='lat' dir='ltr'>quia</span> <span class='ocrx_word' id='word_1_891' title='bbox 3490 5476 3612 5533; x_wconf 89' lang='lat' dir='ltr'>uti-</span> 
     </span>
    </p>
   </div>
   <div class='ocr_carea' id='block_1_117' title="bbox 1962 5565 3616 5648">
    <p class='ocr_par' dir='ltr' id='par_1_117' title="bbox 1962 5565 3616 5648">
     <span class='ocr_line' id='line_1_117' title="bbox 1962 5565 3616 5648; baseline -0.005 -17"><span class='ocrx_word' id='word_1_892' title='bbox 1962 5591 2076 5648; x_wconf 90' lang='lat' dir='ltr'>que</span> <span class='ocrx_word' id='word_1_893' title='bbox 2105 5578 2440 5647; x_wconf 89' lang='lat' dir='ltr'>peccatores</span> <span class='ocrx_word' id='word_1_894' title='bbox 2469 5571 2605 5628; x_wconf 90' lang='lat' dir='ltr'>inde</span> <span class='ocrx_word' id='word_1_895' title='bbox 2653 5568 2927 5629; x_wconf 87' lang='lat' dir='ltr'>discrevit</span> <span class='ocrx_word' id='word_1_896' title='bbox 2970 5586 3038 5626; x_wconf 92' lang='lat' dir='ltr'>ac</span> <span class='ocrx_word' id='word_1_897' title='bbox 3090 5567 3356 5627; x_wconf 90' lang='lat' dir='ltr'>liberavit</span> <span class='ocrx_word' id='word_1_898' title='bbox 3384 5565 3483 5625; x_wconf 91' lang='lat' dir='ltr'>ille</span> <span class='ocrx_word' id='word_1_899' title='bbox 3512 5566 3616 5640; x_wconf 76' lang='lat' dir='ltr'>qui</span> 
     </span>
    </p>
   </div>
   <div class='ocr_carea' id='block_1_118' title="bbox 1961 5657 3616 5735">
    <p class='ocr_par' dir='ltr' id='par_1_118' title="bbox 1961 5657 3616 5735">
     <span class='ocr_line' id='line_1_118' title="bbox 1961 5657 3616 5735; baseline -0.005 -13"><span class='ocrx_word' id='word_1_900' title='bbox 1961 5663 2108 5722; x_wconf 88' lang='lat' dir='ltr'>dicit</span> <span class='ocrx_word' id='word_1_901' title='bbox 2139 5680 2152 5720; x_wconf 91' lang='lat'><strong>:</strong></span> <span class='ocrx_word' id='word_1_902' title='bbox 2186 5666 2309 5722; x_wconf 84' lang='lat' dir='ltr'>Non</span> <span class='ocrx_word' id='word_1_903' title='bbox 2339 5661 2467 5720; x_wconf 83' lang='lat' dir='ltr'>veni</span> <span class='ocrx_word' id='word_1_904' title='bbox 2504 5677 2698 5718; x_wconf 83' lang='lat' dir='ltr'>vocare</span> <span class='ocrx_word' id='word_1_905' title='bbox 2724 5662 2921 5735; x_wconf 85' lang='lat' dir='ltr'>justas,</span> <span class='ocrx_word' id='word_1_906' title='bbox 2951 5659 3043 5719; x_wconf 87' lang='lat' dir='ltr'>sed</span> <span class='ocrx_word' id='word_1_907' title='bbox 3076 5666 3378 5735; x_wconf 86' lang='lat' dir='ltr'>peccatores</span> <span class='ocrx_word' id='word_1_908' title='bbox 3411 5657 3616 5734; x_wconf 72' lang='lat' dir='ltr'>(Matth.</span> 
     </span>
    </p>
   </div>
   <div class='ocr_carea' id='block_1_119' title="bbox 1964 5749 3624 5830">
    <p class='ocr_par' dir='ltr' id='par_1_119' title="bbox 1964 5749 3624 5830">
     <span class='ocr_line' id='line_1_119' title="bbox 1964 5749 3624 5830; baseline -0.004 -16"><span class='ocrx_word' id='word_1_909' title='bbox 1964 5772 2027 5829; x_wconf 79' lang='grc' dir='ltr'>ιι,</span> <span class='ocrx_word' id='word_1_910' title='bbox 2063 5756 2186 5827; x_wconf 83' lang='grc'>17);</span> <span class='ocrx_word' id='word_1_911' title='bbox 2219 5756 2277 5812; x_wconf 89' lang='lat' dir='ltr'><strong>et</strong></span> <span class='ocrx_word' id='word_1_912' title='bbox 2306 5752 2377 5811; x_wconf 90' lang='lat' dir='ltr'>de</span> <span class='ocrx_word' id='word_1_913' title='bbox 2421 5766 2537 5830; x_wconf 89' lang='lat' dir='ltr'>quo</span> <span class='ocrx_word' id='word_1_914' title='bbox 2565 5750 2882 5829; x_wconf 86' lang='lat' dir='ltr'>Apostolus</span> <span class='ocrx_word' id='word_1_915' title='bbox 2930 5750 3011 5810; x_wconf 85' lang='lat' dir='ltr'>ait</span> <span class='ocrx_word' id='word_1_916' title='bbox 3041 5767 3055 5809; x_wconf 87' lang='lat'><strong>:</strong></span> <span class='ocrx_word' id='word_1_917' title='bbox 3091 5749 3296 5809; x_wconf 84' lang='lat' dir='ltr'>Fidelis</span> <span class='ocrx_word' id='word_1_918' title='bbox 3342 5765 3540 5823; x_wconf 85' lang='lat' dir='ltr'>sermo,</span> <span class='ocrx_word' id='word_1_919' title='bbox 3571 5754 3624 5808; x_wconf 87' lang='lat' dir='ltr'>et</span> 
     </span>
    </p>
   </div>
   <div class='ocr_carea' id='block_1_120' title="bbox 3264 5879 3305 5951">
    <p class='ocr_par' dir='ltr' id='par_1_120' title="bbox 3264 5879 3305 5951">
     <span class='ocr_line' id='line_1_120' title="bbox 3264 5879 3305 5951; baseline 0 0"><span class='ocrx_word' id='word_1_920' title='bbox 3264 5879 3305 5951; x_wconf 86' lang='lat'><strong>8</strong></span> 
     </span>
    </p>
   </div>
  </div>
