4100 6436
582 416 698 477 235

1722 412 1951 474 FLOR]
1996 409 2310 472 DIACONI
2358 410 2932 474 LUGDUNENSIS.

3885 408 4009 469 236

582 552 733 609 amni
763 550 1072 621 acceptione
1110 548 1332 620 dignus,
1366 550 1497 619 quia
1527 548 1773 603 Christus
1811 551 1973 603 Jesus
2004 546 2151 601 venit
2182 547 2241 599 in
2269 545 2324 611 Α
2353 560 2567 599 summa
2595 546 2832 600 essentia
2862 545 2922 599 in
2968 546 3047 599 eis
3088 551 3241 611 esset,
3276 546 3502 599 tantum
3555 543 3641 598 eis
3689 542 4011 600 attribuere
4072 598 4077 601 .

582 640 728 694 hunc
754 639 1025 694 mundum
1050 647 1353 711 peccatores
1381 638 1555 693 salvos
1582 639 1761 709 facere
1785 636 1833 705 (I
1855 638 1989 691 Tim.
2007 634 2240 707 xv).Ve-

582 746 715 785 rum
732 732 950 795 tamen,
968 727 1106 800 quia
1123 745 1235 783 non
1254 727 1416 795 dixit,
1432 727 1646 783 Omnes
1664 731 1997 799 peccatores
2012 725 2072 779 in
2090 741 2243 780 mas-

584 835 651 874 sa
668 817 771 874 illa
791 817 1057 889 reliquit;
1082 817 1236 889 quod
1271 817 1470 889 utique
1500 815 1872 889 apertissime
1903 814 2118 870 falsum
2149 830 2239 869 es-

585 911 696 974 set,
719 908 820 963 sed
843 906 988 962 dixit
1008 906 1327 975 indeﬁnite,
1353 907 1693 962 Peccatoros
1725 905 1782 959 in
1809 921 2010 960 massa
2031 902 2131 957 illa
2152 919 2239 957 re-

587 995 742 1068 quit;
766 996 919 1067 quod
944 999 1137 1067 potest
1161 994 1405 1067 intelligi
1427 999 1485 1050 et
1508 1012 1577 1050 ex
1605 997 1920 1066 parte,stet
1943 996 2240 1062 utcunque

586 1084 744 1156 quod
770 1083 990 1140 dictum
1022 1087 1129 1138 est.
1154 1083 1316 1147 Quod
1349 1088 1546 1139 autem
1580 1082 1886 1154 subjungit
1915 1082 1986 1137 de
2015 1080 2239 1136 eisdem

586 1172 803 1229 relictis
832 1171 889 1225 in
923 1188 1122 1227 massa
1158 1172 1384 1243 peccati
1411 1190 1423 1226 :
1453 1173 1679 1227 Relictos
1720 1172 1975 1240 deseruit,
2008 1171 2240 1227 desertos

585 1261 793 1317 lumine
821 1263 1071 1317 tenebras
1103 1269 1370 1333 torquere,
1394 1261 1625 1317 desertos
1654 1263 1769 1317 vita
1796 1269 2021 1317 mortem
2045 1261 2239 1315 interi-

582 1366 751 1419 mere,
775 1350 857 1406 ita
886 1367 985 1406 eos
1014 1349 1141 1405 vult
1182 1349 1429 1423 intelligi
1458 1369 1493 1405 a
1520 1350 1635 1406 Dee
1685 1349 1937 1419 relictos,
1961 1353 2018 1405 et
2064 1347 2237 1404 relin-

584 1440 817 1512 quendo
839 1441 1122 1508 desertos,
1138 1444 1203 1494 ut
1224 1439 1363 1511 quia
1385 1439 1601 1495 deserti
1627 1444 1767 1496 sunt
1786 1456 1821 1495 a
1839 1455 1971 1494 vero
1992 1437 2237 1506 lumine,

580 1529 842 1586 tenebris
863 1529 1141 1585 caecitatis
1158 1547 1276 1585 suae
1296 1532 1680 1601 torqueantur
1701 1529 1758 1584 in
1782 1533 1975 1584 mente
1995 1545 2007 1584 :
2029 1530 2085 1583 et
2102 1527 2242 1599 quia

584 1617 801 1675 deserti
848 1622 987 1674 sunt
1018 1636 1052 1674 a
1080 1636 1212 1673 vero
1245 1617 1488 1688 lumine,
1517 1619 1773 1675 tenebris
1812 1616 2079 1674 castitatis
2121 1633 2238 1672 suae

585 1710 974 1779 torqueantur
1005 1708 1062 1762 in
1098 1711 1319 1775 mente;
1354 1711 1411 1763 et
1448 1708 1589 1779 quia
1618 1707 1830 1764 deserti
1875 1710 2016 1763 sunt
2045 1723 2078 1760 a
2105 1721 2242 1761 vera

582 1795 724 1865 vita,
754 1801 939 1852 morte
996 1796 1231 1868 speciali
1273 1796 1333 1851 in
1374 1798 1572 1853 anima
1620 1798 1968 1870 primantur.
2002 1794 2240 1875 Et‘haec

586 1885 665 1941 sit
694 1887 1105 1941 tantummodo
1136 1903 1337 1941 eorum
1378 1904 1549 1958 pmna
1587 1891 1760 1958 atque
1792 1885 2147 1958 supplicium
2178 1882 2238 1938 in
2270 1921 2317 1986 B

583 1973 688 2030 illa
717 1978 933 2031 aeterna
981 1976 1377 2045 damnatione,
1408 1981 1471 2030 ut
1514 1976 1673 2033 nullo
1729 1975 2089 2032 extrinsecus
2120 1978 2236 2029 tor-

585 2067 782 2119 mento
821 2062 1105 2131 adhibito,
1141 2062 1267 2120 sola
1308 2064 1523 2120 mentis
1572 2064 1847 2133 caecitate,
1873 2063 1998 2120 sola
2028 2062 2237 2119 animae

584 2157 772 2209 morte
800 2151 1143 2225 puniantur,
1175 2154 1328 2209 sicut
1357 2157 1414 2209 et
1442 2171 1622 2227 supra
1654 2152 2060 2227 multipliciter
2079 2168 2237 2208 assc-

582 2257 707 2297 rere
731 2246 974 2297 conatus
995 2246 1102 2298 est.
1119 2244 1221 2299 Est
1241 2248 1305 2298 ut
1325 2243 1383 2298 in
1412 2243 1511 2298 illa
1533 2244 1907 2300 damnatione
1938 2258 2239 2300 remanere

582 2330 667 2386 eis
688 2330 925 2402 aliquod
949 2347 1231 2404 magnum
1255 2332 1496 2399 bonum,
1519 2334 1822 2389 ostendere
1842 2333 2127 2402 videatur,
2156 2336 2240 2390 di-

583 2419 663 2474 cit
683 2419 875 2475 adhuc
899 2420 969 2475 de
990 2420 1137 2491 ipsis
1162 2438 1173 2475 :
1199 2422 1304 2476 Nec
1326 2422 1464 2493 quod
1483 2424 1540 2476 in
1560 2424 1639 2477 eis
1661 2424 1801 2479 Deus
1818 2425 1950 2494 fecit
1968 2424 2237 2496 relinquit

581 2508 666 2563 vel
686 2508 903 2580 deserit,
929 2509 1179 2581 alioquin
1203 2526 1392 2565 eorum
1414 2519 1617 2567 natura
1645 2512 1715 2567 ad
1743 2512 1988 2567 nihilum
2015 2514 2232 2581 rediret,

580 2597 634 2651 si
659 2612 875 2652 summa
901 2600 1135 2653 essentia
1164 2600 1223 2652 in
1254 2601 1333 2654 eis
1359 2614 1469 2654 non
1492 2608 1644 2667 esset,
1670 2601 1759 2656 sed
1783 2601 1925 2672 quod
1948 2604 2001 2657 in
2025 2605 2104 2659 eis
2125 2621 2237 2660 non

579 2688 731 2757 fecit,
765 2685 819 2740 id
849 2694 927 2742 est
956 2689 1275 2758 superbiam
1300 2690 1519 2760 sprevit.
1549 2689 1688 2745 Ecce
1712 2690 1882 2761 quale
1907 2692 2125 2748 bonum
2149 2694 2233 2749 eis

582 2774 856 2847 pradicet
880 2777 1252 2844 remansisse,
1270 2778 1441 2848 quale
1463 2779 1641 2833 etiam
1666 2777 2108 2837 insensibilibus
2126 2782 2236 2839 ele-

583 2863 799 2919 mentis
820 2863 975 2918 Deus
1001 2864 1269 2919 exhibere
1296 2865 1589 2937 dignatur,
1616 2869 1680 2921 ut
1710 2866 2096 2939 omnipotenti
2120 2870 2232 2925 vir-

577 2955 703 3008 tute
725 2953 989 3008 essentiae
1014 2970 1131 3008 suae
1151 2954 1247 3008 det
1266 2953 1349 3009 eis
1370 2971 1497 3009 esse
1520 2959 1576 3011 et
1600 2960 1663 3010 ut
1683 2971 1810 3011 esse
1833 2963 2229 3028 permeneant,

532 3082 535 3085 -
579 3056 686 3096 nec
716 3057 918 3096 eorum
952 3046 1161 3097 natura
1182 3042 1252 3096 ad
1286 3041 1535 3098 nihilum
1568 3045 2104 3117 redigatur,eadem
2126 3048 2234 3103 vir-

578 3131 704 3186 tute
725 3146 793 3185 ea
816 3135 1109 3186 sustentat
1130 3135 1186 3186 et
1209 3148 1549 3203 permanere
1574 3132 1729 3188 facit.
1755 3134 1867 3189 Sed
1894 3134 2028 3203 ista,
2054 3136 2110 3191 id
2143 3141 2232 3194 est

575 3216 865 3276 elementa
885 3224 961 3289 (a)
989 3220 1214 3289 mundi,
1243 3221 1302 3276 in
1335 3225 1623 3293 quantum
1679 3228 1839 3289 sunt,
1868 3224 1927 3279 in
1977 3226 2227 3283 naturali

2348 633 2578 689 videtur
2599 633 2698 705 qui
2717 637 2891 689 erunt
2912 634 2967 688 in
2993 631 3094 689 illa
3109 632 3432 705 perditione
3447 632 3732 695 damnati,
3747 637 3812 688 ut
3825 632 4007 688 etiam
4076 660 4083 669 ·

2348 722 2636 795 templum
2680 722 2781 778 Dei
2829 738 2958 779 esse
2983 722 3511 794 videantur(b):Si
3560 722 3718 778 enim
3767 739 4009 779 summa
4078 776 4083 781 .

2349 812 2608 868 essentia
2635 811 2696 867 in
2726 811 2811 867 eis
2841 811 2971 881 erit,
2994 812 3135 884 quia
3160 828 3397 868 summa
3426 812 3682 869 essentia
3710 812 3862 868 Deus
3890 816 4006 884 est,
4082 822 4083 871 ζ

2351 900 2449 973 qui
2472 902 2542 957 de
2564 901 2757 974 seipse
2778 900 2956 957 dicit:
2980 903 3090 970 Ego
3117 918 3242 957 sum
3269 903 3368 973 qui
3391 918 3517 957 sum
3546 902 3747 969 (Exod.
3776 919 3858 969 ιιι,
3887 903 4004 972 14),
4080 958 4081 963 η

2348 1005 2485 1062 ergo
2510 991 2665 1047 Deus
2686 991 2745 1045 in
2770 992 2855 1047 eis
2877 991 3005 1056 erit,
3020 995 3077 1047 et
3097 990 3385 1063 templum
3408 990 3512 1047 Dei
3532 990 3673 1046 dicit
3692 995 4004 1063 poterunt:
4078 1048 4081 1055 ,

2348 1078 2430 1135 ita
2449 1080 2523 1135 iit
2552 1081 2623 1136 de
2644 1079 2789 1153 ipsis
2813 1080 2967 1137 dicat
2990 1081 3145 1138 Deus
3169 1098 3183 1136 :
3212 1085 3275 1137 Et
3296 1080 3615 1137 inhabitabo
3639 1082 3699 1136 in
3718 1082 3853 1137 illis.
3879 1081 4008 1138 Imo
4076 1122 4081 1145 ς

2348 1172 2406 1224 et
2421 1169 2676 1241 amplius
2698 1186 2877 1242 quam
2898 1169 3186 1242 templum
3208 1170 3467 1238 erunt,si
3490 1186 3726 1226 summa
3748 1171 4011 1227 essentia
4078 1216 4081 1221 .

2347 1257 2409 1312 in
2440 1258 2525 1314 eis
2555 1258 2691 1327 erit;
2718 1263 2783 1315 ut
2807 1260 3242 1331 quodammodo
3281 1260 3577 1316 essentiali
3620 1259 3876 1331 quadam
3910 1276 4008 1315 ce-

2347 1347 2646 1419 pulatiene
2673 1348 2789 1405 Deo
2820 1349 2973 1404 uniri
2995 1348 3333 1417 videantur;
3366 1349 3521 1421 quod
3552 1350 3622 1406 de
3647 1365 3763 1405 uno
3792 1354 3850 1405 et
3880 1348 4008 1406 sele

2349 1437 2665 1494 Mediatere
2696 1438 2794 1494 Dei
2854 1442 2911 1493 et
2967 1438 3278 1494 hominum
3317 1438 3555 1495 homine
3584 1439 3814 1495 Christe
3860 1439 4008 1495 Jesu

2347 1526 2724 1599 singulariter
2753 1532 2843 1584 est
2873 1528 3249 1594 credendum,
3275 1545 3451 1600 quem
3478 1528 3589 1585 sibi
3614 1528 3872 1585 Verbum
3901 1529 4007 1585 Dei

2347 1619 2404 1671 et
2432 1615 2689 1672 Verbum
2723 1618 2871 1673 Deus
2902 1615 3201 1673 essentiali
3232 1620 3291 1673 et
3315 1616 3569 1673 naturali
3591 1618 4006 1691 conjunctione

2348 1703 2552 1771 univit,
2573 1704 2629 1760 id
2647 1709 2735 1760 est
2751 1704 2811 1761 in
2830 1705 3113 1761 unitatem
3135 1722 3397 1778 personae
3415 1722 3533 1762 sua:
3551 1707 4003 1779 suscepit.0ued

2347 1793 2395 1849 si
2420 1794 2628 1850 dixerit
2648 1795 2803 1866 quod
2826 1811 3062 1849 summa
3086 1795 3422 1852 substantia
3444 1795 3504 1851 in
3534 1795 3619 1853 eis
3640 1796 4005 1865 erit,virtute

2348 1883 2702 1954 operationis
2732 1901 2851 1940 suae
2882 1885 3129 1957 agendo,
3159 1902 3230 1941 ne
3259 1901 3462 1941 eorum
3493 1886 3832 1942 substantia
3862 1887 4006 1943 abo-

2347 1972 2538 2028 leatur
2567 1977 2624 2028 et
2671 1978 2889 2046 pereat,
2920 1990 3034 2029 non
3093 1991 3194 2046 per
3241 1974 3502 2047 aliquam
3551 1974 4006 2032 inhabitationis

2344 2061 2617 2133 gratiam,
2634 2078 2751 2133 qua
2771 2061 2967 2134 alique
2990 2063 3142 2118 bene
3170 2063 3230 2119 in
3262 2063 3361 2120 illo
3401 2069 3458 2121 et
3478 2080 3548 2121 ex
3568 2064 3666 2122 ille
3692 2066 4009 2138 perfruan-

2345 2154 2474 2219 tur;
2509 2154 2697 2206 mutet
2726 2166 2862 2222 erge
2912 2150 3251 2207 inusitatam
3280 2157 3337 2208 et
3362 2151 3708 2209 insolentem
3755 2153 4007 2210 locutio-

2347 2255 2614 2308 nem,nec
2626 2239 2783 2295 dicat
2798 2240 2857 2294 in
2875 2239 3217 2296 hominibus
3232 2240 3430 2313 impiis
3445 2246 3660 2298 aeterna
3674 2243 4007 2315 perditione

2346 2329 2640 2385 damnatis
2663 2345 2959 2385 summam
2982 2330 3299 2385 essentiam
3322 2348 3472 2399 esse,
3499 2333 3598 2388 sed
3627 2332 3822 2405 potius
3844 2349 4007 2390 sum-

2345 2434 2502 2473 mam
2543 2418 2628 2475 eis
2671 2417 2985 2475 essentiam
3035 2420 3500 2487 adesse,virtute
3540 2422 3858 2494 operantis,
3884 2440 4003 2479 non

2344 2508 2682 2582 dignatione
2713 2507 3121 2565 inhabitantis.
3145 2510 3248 2565 Est
3276 2514 3473 2566 autem
3508 2527 3724 2584 magna
3753 2513 4004 2584 quaestio

2342 2601 2401 2653 et
2422 2596 2578 2653 ﬁdeli
2601 2597 3130 2669 pietate,quantum
3148 2597 3345 2653 divina
3363 2598 3551 2671 gratia
3570 2598 3820 2672 largitur
3840 2599 4005 2656 inda-

2343 2686 2554 2759 ganda,
2582 2686 2876 2758 quomodo
2925 2687 3297 2759 omnipotens
3346 2687 3504 2744 Deus
3552 2689 3882 2745 credendus
3924 2691 4007 2747 sit

2342 2774 2401 2830 in
2448 2775 2826 2831 universitate
2877 2780 3155 2832 creaturae
3203 2793 3435 2849 semper
3482 2777 3700 2849 ubique
3750 2795 3881 2834 esse
3911 2780 4003 2835 vel

2343 2864 2648 2934 adesse,et
2702 2865 3015 2937 aliquando
3061 2865 3235 2921 etiam
3276 2865 3469 2923 inesse
3497 2866 3587 2922 vel
3645 2866 4000 2938 inhabitare,

2343 2970 2522 3026 quam
2554 2958 2748 3011 tamen
2782 2954 2889 3011 hoc
2922 2955 2979 3009 in
3010 2954 3136 3011 loco
3176 2956 3365 3029 magis
3411 2956 3785 3028 quaerendam
3818 2974 4002 3030 quam

2342 3045 2741 3115 exponendam
2773 3044 3179 3117 proponimus,
3207 3049 3273 3101 ut
3300 3062 3335 3100 a
3365 3045 3477 3117 piis
3510 3052 3567 3101 et
3598 3046 3875 3104 ﬁdelibus
3906 3048 4002 3120 pie

2341 3138 2399 3189 et
2428 3133 2675 3190 ﬁdeliter
2693 3133 2871 3205 hujus
2894 3133 2975 3189 rei
2994 3134 3207 3190 veritas
3228 3140 3543 3206 quaratur,
3569 3140 3634 3191 ut
3652 3137 3858 3193 eodem
3884 3142 3999 3194 Deo

2339 3223 2650 3295 adjuvante
2687 3223 2971 3280 veraciter
2995 3223 3344 3280 inveniatur.

526 3362 531 3369 ,
575 3324 684 3364 sua
715 3309 1047 3365 substantia
1077 3291 1517 3380 conservantur,
1546 3317 1892 3383 permanent
1924 3314 2127 3386 utique
2158 3316 2229 3371 ad
2261 3291 2305 3359 (ἶ
2411 3312 2526 3368 Iste
2547 3312 2703 3368 enim
2726 3317 2784 3368 et
2804 3312 3206 3369 ecclesiastica:
3233 3312 3548 3371 locutionis
3569 3320 3627 3372 et
3646 3315 3996 3373 Christianae

522 3440 535 3447 -
572 3396 806 3453 laudem
830 3398 1137 3469 Creatoris,
1155 3403 1211 3454 et
1241 3401 1312 3455 ad
1337 3418 1510 3455 usum
1540 3401 1661 3457 sive
1682 3401 1962 3459 honorem
1986 3404 2234 3461 rationa-

570 3484 644 3543 lis
665 3492 942 3543 creatura:
968 3505 980 3542 ε
1009 3488 1244 3544 illorum
1280 3506 1411 3545 vero
1444 3490 1857 3548 damnatorum
1890 3498 1946 3549 et
1973 3495 2228 3566 perdito-

571 3592 705 3631 rum
727 3582 939 3632 natura
960 3582 1017 3632 et
1046 3578 1430 3650 omnipotenti
1458 3580 1557 3635 Dei
1600 3580 1810 3637 virtute
1852 3588 2116 3639 servatur
2156 3602 2228 3642 ne

572 3668 790 3736 pereat,
823 3669 880 3720 et
921 3667 1084 3737 justo
1116 3666 1215 3722 Dei
1257 3669 1483 3739 judicio
1514 3671 1585 3724 ad
1617 3688 1848 3742 pmnam
1880 3672 1932 3727 ei
1964 3677 2225 3729 tantum-

572 3754 746 3808 modo
776 3755 1008 3825 proﬁcit
1036 3757 1191 3827 qued
1224 3762 1504 3827 servatur,
1528 3776 1601 3814 ne
1630 3777 1892 3832 unquam
1925 3762 2053 3833 ejus
2084 3781 2221 3837 sup-

570 3840 812 3913 plicium
864 3844 1121 3900 ﬁniatur.
1158 3845 1315 3901 Licet
1343 3848 1519 3902 etiam
1571 3848 1713 3904 mihi
1764 3850 2096 3907 laudandus
2145 3854 2223 3910 sit

569 3930 824 3999 Greater,
848 3933 948 4004 qui
974 3935 1193 3991 bonum
1217 3940 1458 4003 naturae,
1476 3939 1632 4009 quod
1656 3940 1937 4012 condidit,
1963 3959 2079 3999 non
2101 3960 2220 3999 em-

564 4019 803 4078 nimodo
835 4022 1013 4079 deleri
1041 4024 1246 4080 voluit.

633 4111 795 4177 Quod
834 4129 967 4169 vero
993 4114 1111 4169 ait:
1135 4115 1393 4187 Alioquin
1424 4133 1614 4174 eorum
1649 4127 1853 4175 natura
1880 4121 1951 4176 ad
1974 4124 2216 4179 nihilum

554 4199 776 4271 rediret,
797 4205 851 4258 si
875 4220 1089 4260 summa
1111 4210 1343 4262 essentia
1366 4209 1423 4263 in
1445 4210 1526 4264 eis
1544 4224 1655 4264 non
1675 4219 1828 4266 esset.
1852 4210 1911 4265 Si
1933 4210 2173 4269 dixisset
2196 4230 2209 4269 :

551 4289 768 4347 Eorum
799 4298 1009 4349 natura
1038 4295 1110 4349 ad
1142 4294 1394 4353 nihilum
1424 4298 1637 4353 rediret
1668 4298 1717 4354 si
1747 4300 1830 4356 eis
1863 4318 2098 4359 summa
2126 4320 2212 4360 es-

550 4380 739 4435 sentia
770 4398 897 4437 esse
929 4399 1043 4438 non
1084 4385 1446 4451 concederet,
1468 4386 1557 4441 vel
1590 4403 1720 4443 esse
1760 4406 1876 4445 non
1909 4407 2210 4448 conserva-

550 4470 659 4539 ret,
688 4474 844 4526 esset
880 4470 1083 4544 utique
1130 4491 1332 4529 verum
1365 4493 1378 4530 :
1414 4477 1553 4548 quia
1599 4478 1799 4534 omnia
1846 4496 2208 4554 quaecunque

551 4554 773 4613 habent
803 4576 951 4628 esse,
978 4562 1050 4616 ab
1082 4562 1182 4618 illa
1207 4580 1441 4620 summa
1463 4571 1521 4621 et
1543 4566 1739 4624 divina
1764 4570 2019 4626 essentia
2050 4587 2207 4627 acce-

2340 3402 2575 3474 pietatis
2596 3402 2795 3459 minus
2816 3406 3087 3475 expertus
3111 3403 3381 3476 adjungit
3401 3404 3590 3460 adhuc
3614 3410 3851 3479 propter
3870 3423 3999 3463 eos-

2339 3492 2471 3547 dem
2504 3491 2719 3564 impios
2749 3492 3079 3559 damnatos,
3105 3496 3162 3548 et
3182 3492 3358 3549 dicit:
3384 3498 3559 3550 Deum
3579 3496 3635 3550 in
3667 3511 3733 3550 ea
3764 3504 3993 3565 natura,

2337 3598 2503 3653 quam
2516 3581 2586 3636 ad
2599 3598 2656 3637 se
2670 3583 2876 3637 creavit
2886 3598 3096 3653 semper
3109 3582 3377 3638 habitare.
3394 3582 3454 3638 In
3469 3584 3687 3656 quibus
3704 3585 3994 3642 nimirum

2332 3669 2526 3727 verbis
2549 3675 2821 3726 naturam
2844 3688 3022 3743 quam
3053 3670 3208 3727 Deus
3230 3672 3302 3727 ad
3326 3688 3389 3729 se
3409 3672 3640 3741 creavit,
3663 3673 3992 3732 humanam

2332 3760 2456 3815 vult
2486 3758 2949 3834 intelligi,quam
2971 3761 3031 3815 in
3055 3765 3250 3818 mente
3278 3762 3549 3818 rationali
3571 3764 3642 3818 ad
3667 3764 3989 3837 imaginem

2332 3853 2390 3904 et
2421 3849 2872 3906 similitudinem
2897 3867 3064 3907 suam
3091 3852 3239 3907 Deus
3262 3852 3414 3919 fecit,
3430 3856 3486 3908 et
3506 3853 3648 3909 dicit
3669 3854 3726 3909 in
3750 3854 3859 3909 hac
3880 3872 3989 3910 na-

2330 3943 2464 3995 tura
2493 3940 2709 3996 mentis
2739 3939 3040 3996 rationalis
3062 3957 3292 4013 semper
3321 3942 3506 3998 Deum
3538 3943 3820 4011 habitare,
3845 3951 3905 4000 et
3924 3946 3985 4001 in

2327 4029 2595 4102 prazsenti
2618 4028 2887 4084 videlicet
2914 4028 3147 4099 saeculo,
3169 4035 3227 4085 et
3258 4030 3317 4085 in
3344 4030 3563 4101 futuro,
3585 4037 3643 4088 et
3662 4032 3721 4088 in
3745 4033 3987 4089 creden-

2322 4120 2503 4187 tibus,
2529 4119 2628 4191 qui
2650 4118 2779 4189 ejus
2800 4118 3001 4174 ﬁdeles
3023 4122 3254 4187 sunt,et
3281 4119 3341 4176 in
3372 4120 3691 4178 incredulis
3722 4139 3788 4179 ac
3810 4140 3988 4195 paga-

2324 4208 2554 4281 nis,qu-i
2587 4209 2714 4281 ipsa
2745 4225 2851 4264 sua
2884 4207 3225 4265 inﬁdelitate
3256 4209 3329 4265 ab
3350 4227 3417 4266 eo
3450 4210 3625 4267 alieni
3656 4216 3816 4279 sunt,
3838 4213 3982 4269 etin

2321 4297 2539 4365 electis,
2564 4315 2714 4370 quos
2762 4296 3048 4370 templum
3100 4315 3276 4353 suum
3327 4299 3481 4369 fecit,
3505 4305 3562 4357 et
3592 4301 3650 4356 in
3712 4284 3980 4374 reprobis

2320 4405 2467 4461 quos
2489 4392 2703 4443 aeterna
2732 4386 3053 4459 perditione
3076 4387 3404 4444 damnavit:
3423 4391 3576 4461 quod
3611 4390 3815 4464 utique
3836 4408 3978 4448 eon-

2316 4477 2563 4533 trarium
2585 4480 2674 4533 est
2703 4476 2834 4532 ﬁdei
2860 4480 2917 4532 et
2935 4475 3193 4544 veritati;
3226 4476 3365 4549 quia
3395 4477 3445 4533 si
3475 4478 3585 4535 hoc
3613 4496 3816 4537 verum
3845 4497 3977 4539 esse

2316 4566 2717 4641 posset,etiam
2736 4566 2794 4621 in
2815 4565 3241 4622 inﬁdelissimis
3257 4566 3477 4625 Judazis
3497 4572 3556 4624 et
3572 4568 3973 4642 paganis,qui,

549 4652 765 4718 perunt
807 4653 871 4702 ut
920 4656 1134 4707 essent.
1170 4653 1335 4709 Nunc
1389 4659 1585 4711 autem
1642 4674 1777 4713 cum
1836 4658 2065 4727 dixerit,
2093 4662 2208 4718 nisi
2234 4668 2282 4734 1)
2313 4662 2604 4736 quantum
2649 4655 2721 4710 ad
2772 4659 3045 4711 naturam
3093 4655 3310 4712 bonam
3339 4660 3396 4713 et
3426 4674 3460 4714 a
3506 4658 3624 4715 Dee
3673 4659 3975 4717 conditam

1535 4817 1749 4874 ΝΟΤίΕ
1788 4819 2129 4880 DUVALLII
2167 4820 2523 4884 DOCTORIS
2563 4815 2965 4875 SORBONICI.

573 4933 688 5017 .(a)
725 4936 847 5018 Non
893 4948 1315 5018 consumantur
1362 4943 1649 5018 elementa
1680 4948 1871 5018 quoad
1922 4950 2196 5007 substan-

542 5008 773 5093 tiam‘et
804 5011 1119 5093 qualitates
1142 5015 1225 5093 eis
1249 5017 1513 5093 proprias
1535 5008 1872 5093 (sunt‘enim
1897 5020 1981 5077 sic
2003 5029 2197 5093 partes

542 5081 806 5165 quaedam
843 5086 1142 5165 praecipua:
1179 5081 1373 5165 ipsius
1408 5081 1635 5165 mundi,
1662 5090 1761 5165 qui
1810 5095 1951 5148 tunc
2000 5081 2193 5165 potius

536 5152 910 5235 perﬁcietur),
963 5152 1062 5210 sed
1119 5152 1271 5235 quqd
1335 5152 1646 5235 qualitates
1679 5152 1803 5235 ἐἰςΔ
1847 5152 2189 5235 ρει-ιῑίὶεῐᾶες

535 5225 677 5297 tunc
708 5225 863 5279 enim
896 5244 1044 5297 pura
1074 5225 1312 5283 omnino
1351 5225 1665 5285 reddentur
1694 5237 1749 5286 et
1781 5225 1978 5291 futuro
2012 5225 2191 5294 statui

534 5289 835 5373 beatorum
868 5289 1287 5373 convenientia.
1324 5300 1533 5372 Sicque
1565 5304 1798 5373 quando
1831 5289 1971 5362 dicit

532 5365 684 5440 trus,
710 5365 778 5433 ll,
808 5385 934 5440 cap.
966 5388 1047 5435 ιιι,
1073 5371 1248 5426 caelos
1280 5365 1635 5429 transituros
1658 5392 1785 5430 esse
1816 5383 1871 5432 et
1902 5365 2189 5438 elementa

532 5434 722 5521 ealore
753 5434 1187 5521 solvenda,_non
1222 5449 1309 5521 est
1341 5446 1528 5521 primo
1560 5445 1705 5521 illud
1742 5434 2184 5521 intelligendum

530 5505 604 5561 de
633 5512 978 5591 chorporihus
1012 5512 1127 5591 illis
1159 5505 1495 5571 cmleslihus
1544 5518 1615 5572 ad
1668 5536 1792 5591 qua:
1844 5505 2078 5578 centeni

530 5577 1006 5661 conﬂagratienis
1054 5584 1250 5656 ignem
1300 5603 1442 5661 non,
1475 5577 1912 5661 perventurum,
1965 5577 2063 5650 sed

530 5648 673 5732 quale
706 5648 857 5721 a'ero,
890 5655 999 5711 hoc
1026 5648 1115 5732 est
1142 5662 1262 5713 toto
1294 5648 1491 5731 spatie
1514 5662 1684 5718 aeris.
1716 5648 1933 5721 Deinde
1966 5648 2183 5725 dieitur

527 5717 675 5779 illud
726 5717 853 5785 esse
906 5730 1296 5789 transiturum
1328 5717 1593 5809 ‘propter
1648 5717 2181 5801 renovatienﬁemV'e-t

2307 4947 2721 5024 perfectionem
2772 4945 3076 5024 majorem,
3127 4944 3281 5024 sicut
3329 4949 3385 5001 et
3431 4944 3971 5024 _elementa__calore

2305 5017 2602 5086 solvenda,
2653 5017 2712 5072 id
2764 5019 2854 5091 est
2901 5017 3383 5091 repurganda.—
3411 5018 3685 5091 August.,
3736 5017 3847 5074 lib.
3894 5037 3970 5076 nt

2302 5095 2368 5151 de
2386 5092 2608 5170 “(inlita--
2627 5105 2794 5170 capp.
2822 5089 2863 5170 εξ
2883 5092 2940 5143 et
2971 5090 3056 5143 18.

2374 5165 2449 5237 (b)
2475 5159 2792 5237 Perl‘ectius
2824 5159 2979 5237 Deus
3028 5160 3231 5237 unitur
3269 5176 3403 5237 cum
3432 5160 3731 5237 damnatis
3781 5179 3966 5237 quam

2300 5254 2366 5292 cu
2378 5231 2438 5291 in
2455 5232 2695 5306 templis
2720 5231 3089 5306 siactienum
3109 5232 3239 5287 vitae
3263 5233 3411 5306 ratio
3432 5232 3736 5306 habeatur,
3754 5231 3813 5290 si
3825 5251 3965 5291 vero

2298 5302 2714 5364 beneﬁciorum
2737 5302 3127 5378 singular-ium
3148 5321 3276 5378 qua:
3296 5304 3639 5378 hominibus
3660 5305 3718 5378 in
3742 5306 3965 5378 templo

2297 5379 2603 5458 orantibus
2634 5376 3035 5458 conferuntur,
3070 5375 3381 5458 magis‘est
3416 5376 3472 5432 in
3508 5375 3963 5458 tem_pl_is_quam

2296 5452 2355 5507 in
2388 5449 2590 5506 inferis
2622 5465 2725 5504 seu
2753 5464 2889 5521 cum
2920 5447 3237 5521 dampatis.
3265 5448 3389 5521 Non
3413 5453 3587 5521 negat
3609 5447 3962 5508 Trinitatem

2293 5541 2421 5580 esse
2452 5524 2510 5578 in
2537 5518 2855 5593 damnatis,
2883 5519 3023 5591 quia
3052 5519 3205 5575 Deus
3224 5519 3467 5593 rubique,
3489 5518 3602 5576 erit
3628 5537 3732 5593 per
3761 5537 3960 5578 essen-

2266 5595 2455 5663 °tiam,
2486 5591 2965 5666 praesentiam__et
3012 5591 3376 5666 potentiam;
3418 5591 3666 5666 ideoque
3722 5597 3958 5651 tantum

2289 5667 2412 5723 vult
2443 5661 2557 5722 non
2590 5679 2719 5721 esse
2750 5662 2807 5719 in
2843 5661 2959 5737 illis
2994 5661 3098 5735 per
3134 5661 3815 5737 gratiam‘habitantem,
3851 5668 3956 5725 sed

2287 5742 2517 5800 tantum
2552 5753 2657 5813 per
2686 5734 3083 5795 ostensionem
3116 5734 3235 5795 suae
3259 5734 3527 5812 justitiae.
