4100 6442
132 417 226 477 237

1082 414 1318 476 LIBER
1358 414 1775 478 ADVERSUS
1818 414 2189 478 JOANNEM
2236 416 2572 481 SCOTUM.

3419 394 3540 481 238

134 548 383 623 pertinet,
418 549 481 603 et
511 547 585 603 ad
619 546 937 619 imaginem
969 549 1026 602 et
1047 546 1495 603 similitudinem
1513 547 1613 602 Dei
1637 547 1773 604 facti
1802 550 1855 617 Α
1888 548 2032 604 mini
2062 549 2409 622 praedixerat
2442 567 2453 606 :
2490 552 2823 625 Quacunquc
2869 551 2974 608 die'
3003 553 3296 609 comederis
3342 570 3412 610 ex
3452 572 3534 625 eo,

131 644 268 705 sunt,
300 640 459 694 recte
498 636 794 693 diceretur
821 635 1087 692 habitare
1118 636 1275 693 Deus
1305 637 1776 703 Pater,habitare

135 726 395 795 Christus,
416 725 693 783 habitare
722 725 899 782 etiam
928 725 1183 797 Spiritus
1214 725 1777 782 sanctus.Etsimili-

134 818 278 873 terde
296 816 417 873 illis
435 820 663 872 aeterna
682 815 1061 872 damnatione
1076 816 1320 888 perditis
1342 816 1497 889 quod
1521 816 1697 872 etiam
1715 815 1774 870 in

134 906 259 980 ipsis
287 906 677 963 habitaturus
708 904 787 961 sit
819 906 969 961 Deus
1000 904 1186 972 Pater,
1212 905 1586 961 habitaturus
1618 905 1779 961 Chri-

134 1002 260 1063 stus,
282 996 672 1052 habitaturus
703 993 956 1067 Spiritus
974 998 1236 1077 sanc‘tus.
1253 996 1376 1061 Quo
1400 1012 1575 1051 sensu
1596 995 1776 1067 impio

133 1090 181 1142 et
199 1086 544 1142 detestanda
576 1084 719 1158 quid
751 1083 1091 1141 horribiliu‘s
1124 1084 1239 1140 dici
1271 1089 1373 1140 aut
1399 1084 1645 1157 cogitari
1674 1100 1775 1157 po-

135 1175 463 1231 test?lstam
486 1191 748 1246 namque
768 1172 1193 1230 absurditatem
1219 1172 1390 1229 etiam
1417 1172 1562 1229 illud
1587 1174 1777 1245 sequi-

136 1266 230 1331 tur,
260 1268 323 1319 ut
352 1262 404 1319 si
428 1261 654 1336 angeli,
675 1260 775 1334 qui
795 1266 934 1317 sunt
954 1261 1159 1333 utique
1181 1259 1583 1333 principaliter
1601 1259 1774 1315 ratio-

135 1352 262 1409 nalis
291 1356 592 1419 creatura,
608 1354 766 1407 recte
780 1350 1099 1406 creduntur
1121 1349 1192 1405 ad
1211 1348 1528 1422 imaginem
1538 1354 1603 1405 et
1617 1348 1777 1405 simi-

136 1441 421 1498 litudinem
453 1440 564 1498 Dei
594 1439 857 1509 conditi;
890 1455 1082 1512 neque
1126 1437 1283 1494 enim
1327 1437 1524 1495 minus
1553 1437 1774 1511 aliquid

138 1531 456 1588 hominibus
487 1529 553 1586 in
584 1547 695 1587 sua
724 1535 936 1586 natura
965 1533 1352 1601 acceperunt;
1376 1527 1553 1584 etiam
1574 1527 1635 1584 in
1657 1527 1777 1584 dia-

138 1620 247 1676 bolo
274 1628 328 1677 et
356 1618 596 1693 angelis
620 1619 770 1691 ejus,
796 1618 896 1692 qui
928 1619 1107 1674 unius
1138 1622 1360 1673 naturae
1390 1634 1526 1673 cum
1558 1617 1778 1673 sanctis

139 1710 335 1784 angelis
363 1709 654 1776 existunt,
688 1713 747 1765 et
771 1709 926 1765 Deus
959 1708 1317 1779 Pater,quod
1346 1707 1591 1775 absit,et
1619 1706 1779 1762 Chri-

139 1805 244 1857 stus
269 1801 418 1872 ejus,
434 1802 497 1855 et
529 1797 786 1871 Spiritus
817 1803 1057 1854 sanctus
1086 1795 1351 1853 habitare
1380 1796 1663 1852 dicendus
1679 1794 1774 1851 sit:

140 1906 250 1946 cum
278 1889 385 1946 hoc
417 1890 649 1945 donum
679 1888 860 1943 beatae
891 1891 948 1943 et
977 1886 1239 1958 benignae
1264 1884 1641 1941 habitationis
1659 1902 1777 1940 suae

142 1977 229 2033 soli
249 1976 442 2035 electae
466 1981 529 2033 et
550 1975 710 2032 ﬁdeli
732 1975 1003 2032 rationali
1027 1979 1325 2043 creaturae,
1342 1974 1495 2031 sicut
1515 1991 1694 2046 supra
1714 1991 1783 2030 ex

143 2065 438 2140 Scripturis
481 2065 879 2131 ostendimus,
911 2063 1109 2138 largiri
1161 2064 1486 2119 credendus
1536 2064 1629 2119 sit.
1669 2062 1784 2118 Piis

144 2172 373 2229 namque
391 2161 453 2212 et
487 2155 767 2211 fidelibus
795 2154 1080 2209 Dominus
1112 2152 1401 2226 promittit
1430 2152 1784 2221 dicenszEgo

146 2254 186 2301 el
208 2250 364 2302 Pater
390 2246 465 2302 ad
497 2261 627 2301 eum
656 2245 956 2312 veniemus,
989 2251 1045 2299 et
1084 2244 1429 2298 mansionem
1473 2243 1618 2314 apud
1659 2258 1785 2298 eum

146 2338 387 2405 faciemus
421 2336 618 2409 (Joan.
649 2334 891 2405 x1v,23).
925 2333 1150 2400 Quibus
1180 2336 1237 2387 et
1265 2332 1336 2387 de
1367 2331 1620 2404 Spiritus
1645 2348 1785 2387 san—

150 2424 213 2481 cti
240 2424 607 2482 habitatione
637 2421 913 2480 similiter
943 2421 1295 2494 repromittit
1323 2421 1524 2478 dicens
1557 2439 1570 2477 :
1604 2423 1669 2478 Et
1693 2438 1787 2493 ego

150 2516 325 2584 rogabo
352 2520 610 2578 Patrem,
639 2520 690 2569 et
716 2514 896 2568 alium
920 2512 1255 2584 paraclitum
1303 2511 1452 2567 dabit
1498 2513 1649 2567 vobis
1693 2512 1790 2583 qui

151 2612 348 2661 maneat
374 2605 662 2661 vobiscum
688 2604 749 2658 in
778 2610 1051 2660 internum
1075 2602 1252 2670 (Joan.
1294 2618 1409 2666 xxv,
1442 2602 1528 2668 16,
1567 2602 1672 2669 17).
1706 2600 1788 2655 De

152 2709 249 2765 quo
276 2693 454 2750 etiam
488 2690 667 2765 paulo
700 2695 835 2764 post
867 2689 1175 2762 subjungit
1208 2707 1220 2745 :
1260 2691 1355 2746 Vos
1385 2697 1565 2745 autem
1591 2705 1788 2759 cogno-

152 2784 287 2838 scetis
314 2799 463 2849 eum,
499 2782 634 2853 quia
664 2780 811 2852 apud
839 2796 930 2836 vos
957 2781 1201 2835 manebit
1226 2787 1278 2834 et
1307 2781 1365 2834 in
1394 2781 1545 2834 vobis
1563 2781 1685 2835 erit.
1716 2780 1789 2834 De

150 2870 346 2929 talibus
375 2872 512 2943 ipse
541 2871 699 2927 Deus
728 2869 991 2925 dicitzEt
1013 2870 1330 2924 inhabitabo
1360 2876 1412 2924 et
1442 2868 1789 2924 inambulabo

154 2963 200 3015 in
229 2962 336 3017 illis
366 2964 444 3030 (Il
472 2962 598 3017 Cor.
630 2975 710 3027 v1,
744 2959 853 3031 16).
895 2959 966 3033 Et
1011 2957 1326 3015 Psalmista
1375 2957 1455 3013 ait
1487 2975 1499 3013 :
1534 2959 1595 3013 In
1624 2966 1791 3015 arter-

152 3067 268 3106 num
293 3050 676 3115 exsultabant,
707 3056 758 3104 et
788 3048 1060 3104 habitabit
1086 3049 1144 3103 in
1176 3048 1255 3103 eis
1284 3047 1452 3113 (Psal.
1478 3046 1649 3118 v,l2).
1683 3046 1790 3110 Qui

154 3138 309 3196 etiam
332 3139 477 3196 alibi
499 3138 867 3195 dicuntzNisi
886 3139 1019 3209 quia
1038 3137 1299 3193 Dominus
1322 3144 1438 3192 erat
1460 3139 1519 3191 in
1540 3136 1696 3192 nobis
1708 3136 1791 3191 di-

156 3238 227 3284 cat
242 3247 386 3285 nunc
405 3229 604 3296 Israel,
627 3229 744 3284 nisi
761 3228 893 3299 quia
920 3227 1183 3283 Dominus
1215 3234 1333 3282 erat
1362 3228 1421 3280 in
1440 3226 1594 3281 nobis
1616 3225 1788 3295 (Psal.

1887 646 2054 694 morte
2080 641 2384 695 morieris?
2414 639 2567 709 (Gen.
2601 657 2662 707 II,
2698 641 2809 711 12.)
2842 640 2991 707 Quia
3037 643 3339 699 comedere
3368 660 3437 700 ex
3467 643 3536 699 i1-

1886 726 1942 783 lo
1964 727 2124 801 ligno
2156 728 2353 796 vetito,
2378 728 2488 785 hoc
2507 728 2618 785 fuit
2636 730 2840 802 utique
2860 735 3189 803 peccatum,
3214 749 3385 805 plena
3401 749 3536 789 vero

1886 818 2107 890 peccati
2130 817 2239 874 hoc
2261 818 2417 891 quod
2439 824 2867 891 consequenter
2887 820 3231 892 adjunctum
3256 825 3538 890 est,morte

1882 907 2333 971 morieris.Quod
2359 907 2564 979 utique
2594 924 2709 964 non
2741 909 2814 964 de
2842 908 2968 965 sola
2996 908 3110 965 ista
3140 909 3333 982 prima
3355 913 3540 966 morte

1886 995 2145 1068 corporis
2175 996 2228 1051 ei
2256 996 2655 1067 comminatus
2685 1001 2775 1053 est
2804 998 3099 1067 Deus,sed
3123 1002 3179 1054 et
3200 999 3271 1055 de
3293 997 3395 1055 illa
3410 1014 3539 1071 quae

1884 1085 2178 1155 peccando
2200 1085 2355 1140 facta
2383 1089 2474 1141 est
2503 1086 2562 1140 in
2591 1086 2964 1159 anima,quia
2994 1089 3184 1144 anima
3205 1103 3331 1160 qua:
3354 1104 3541 1161 pecca-

1885 1175 2041 1243 verit,
2065 1182 2115 1230 et
2135 1176 2255 1246 ipsa
2274 1176 2541 1230 morietur
2562 1174 2772 1247 (Ezech.
2797 1193 2957 1245 xvm,
2982 1178 3071 1246 li);
3096 1181 3154 1234 et
3183 1177 3255 1233 de
3281 1178 3542 1234 secunda

1886 1262 2066 1318 etiam
2098 1267 2304 1331 morte,
2338 1280 2464 1335 quae
2513 1263 2623 1319 erit
2670 1264 2728 1318 in
2775 1264 3149 1321 damnatione
3196 1269 3432 1332 aeterna,
3465 1266 3538 1321 ad

1887 1368 2064 1423 quam
2084 1357 2280 1408 reatus
2295 1351 2455 1408 illius
2475 1352 2650 1425 primi
2670 1354 2888 1425 peccati
2918 1353 3156 1410 omnino
3175 1369 3412 1410 omnem
3435 1354 3538 1410 ho-

1886 1441 2107 1497 minem
2139 1440 2337 1510 trahit,
2372 1440 2487 1497 nisi
2515 1440 2730 1498 Christi
2761 1441 2950 1514 gratia
2978 1442 3277 1500 liberetur.
3519 1439 3544 1454 ’“

1958 1530 2102 1586 Cum
2133 1547 2270 1604 ergo
2302 1530 2424 1586 haec
2455 1535 2609 1587 Deus
2639 1530 2803 1599 dixit,
2820 1548 2937 1587 non
2968 1532 3336 1589 solummodo
3366 1536 3543 1589 terro-

1887 1636 2010 1675 rem
2032 1619 2294 1675 audienti
2317 1620 2578 1675 incutere
2601 1620 2802 1690 voluit,
2827 1622 2928 1677 sed
2952 1622 3107 1694 quod
3123 1622 3355 1693 justum
3377 1626 3540 1678 aster-

1888 1727 1962 1765 no
1972 1709 2197 1780 judicio
2221 1726 2327 1766 suo
2357 1708 2583 1777 statuit,
2605 1709 2707 1766 illa
2727 1710 3182 1785 comminatione
3202 1710 3543 1768 manifesta-

1886 1798 1988 1865 vit,
2014 1803 2079 1853 ut
2097 1797 2366 1854 videlicet
2377 1799 2542 1869 justo
2567 1802 2624 1854 et
2641 1803 2856 1855 aeterno
2882 1800 3010 1870 ejus
3024 1799 3273 1871 judicio,
3298 1800 3347 1855 si
3369 1796 3547 1856 homo

1888 1886 2034 1943 illud
2067 1892 2372 1959 peccatum
2403 1888 2763 1956 admitteret,
2798 1888 2987 1961 primo
3037 1889 3247 1945 animae
3295 1893 3545 1945 mortem

1894 1976 2201 2043 incuteret,
2219 1977 2475 2032 secundo
2492 1977 2668 2033 etiam
2701 1978 2961 2050 corporis
2991 1982 3178 2035 morte
3208 1977 3547 2035 dissolvere-

1894 2070 2011 2133 tur,
2036 2064 2204 2121 tertio
2229 2067 2407 2120 etiam
2431 2067 2689 2121 secunda
2711 2071 2897 2121 morte
2916 2067 3317 2122 damnaretur.
3342 2066 3545 2122 Ethaac

1894 2160 2019 2211 tota
2048 2154 2349 2210 damnatio
2382 2159 2439 2210 et
2466 2154 2526 2209 in
2559 2155 2757 2210 anima
2786 2153 3008 2211 scilicet
3035 2155 3173 2213 etin
3208 2171 3468 2228 corpore,
3487 2159 3546 2211 et

1896 2249 2029 2317 post
2061 2250 2296 2316 tempus
2327 2260 2461 2299 eum
2512 2243 2638 2315 ipso
2689 2248 2924 2315 peccato
2954 2243 3014 2299 in
3047 2260 3251 2300 omnes
3282 2248 3546 2317 posteros

1895 2332 2425 2388 transfunderetur.
2449 2333 2518 2387 Et
2548 2332 2676 2387 ideo
2699 2332 2993 2403 judicium
3015 2333 3216 2388 aeterni
3238 2331 3469 2389 consilii
3491 2337 3550 2389 et

1886 2420 2135 2493 justitiee
2168 2438 2307 2489 suae,
2341 2422 2497 2493 quod
2528 2421 2587 2476 in
2619 2420 2719 2476 illo
2750 2422 2940 2493 primo
2972 2426 3030 2477 et
3062 2439 3177 2478 uno
3206 2420 3446 2478 homine
3467 2422 3551 2475 in-

1897 2510 2345 2581 choandumjud
2356 2509 2611 2579 icavit,in
2625 2527 2858 2566 omnem
2872 2512 3002 2582 ejus
3013 2510 3351 2585 progeniem
3364 2514 3551 2566 trans-

1898 2600 2064 2656 misit
2091 2617 2104 2655 :
2129 2602 2195 2655 ut
2214 2598 2490 2670 illojusto
2512 2599 2879 2672 ejusjudicio
2911 2599 3249 2672 quicunque
3269 2617 3337 2656 ex
3356 2598 3458 2655 illa
3488 2598 3548 2654 in

1895 2690 2081 2745 Adam
2112 2705 2312 2744 massa
2341 2689 2622 2744 damnata
2640 2687 2853 2744 Christi
2875 2688 3065 2761 gratia
3096 2705 3211 2745 non
3242 2689 3550 2747 fuissetdi-

1898 2782 2143 2843 scretus,
2176 2778 2367 2850 prima
2414 2777 2516 2832 illa
2554 2777 2735 2833 divini
2760 2776 2968 2849 judieii
3003 2778 3294 2834 sententia
3321 2780 3546 2834 aeternae

1898 2866 2262 2924 damnationi
2293 2870 2588 2930 teneretur
2615 2867 3083 2939 praedestinatus.
3103 2868 3172 2923 Et
3201 2867 3330 2924 ideo
3356 2884 3549 2941 repro-

1899 2957 2005 3013 bos
2037 2973 2150 3011 non
2202 2954 2442 3028 reliquit
2485 2948 2894 3012 tantummodo
2926 2956 2984 3011 in
3018 2973 3216 3013 massa
3244 2955 3547 3029 originalis

1899 3045 2326 3119 peccati,quasi
2359 3044 2595 3100 nihilde
2624 3044 2708 3100 eis
2738 3049 3003 3102 statuens
3034 3051 3209 3118 atque
3240 3045 3546 3112 deﬁniens,

1901 3136 2000 3191 sed
2035 3135 2211 3190 etiam
2235 3134 2538 3207 judicavit,
2570 3138 2638 3189 ut
2669 3138 2948 3190 aeternum
2979 3138 3037 3191 et
3056 3135 3290 3207 justum
3322 3135 3554 3206 ejusju-

1904 3224 2144 3289 dicium,
2160 3224 2315 3295 quod
2341 3222 2635 3295 praecessit
2655 3223 2716 3278 in
2738 3223 2954 3289 radice,
2979 3228 3322 3295 sequeretur
3342 3223 3400 3278 in
3424 3240 3554 3296 ger-

158 3318 420 3392 cxxm,l).
454 3318 626 3374 Unde
654 3321 713 3372 et
742 3317 948 3372 beatus
977 3315 1232 3372 Joannes
1264 3313 1563 3386 apostolus
1593 3313 1798 3369 distin-
1828 3300 1870 3366 C
1909 3313 2103 3380 mine;
2136 3317 2192 3367 et
2223 3312 2378 3384 quod
2410 3311 2583 3384 coepit
2612 3311 2671 3366 in
2702 3316 2958 3384 parente,
2994 3313 3321 3368 necessario
3351 3310 3559 3384 imple-

159 3422 323 3479 guens
342 3410 505 3464 inter
524 3406 912 3463 habitatorem
938 3406 1174 3477 piorum
1202 3404 1481 3472 Deum,et
1511 3402 1796 3459 habitato-

160 3512 265 3553 rem
294 3497 620 3572 impiorum
652 3494 975 3562 diabolum,
992 3493 1133 3550 dicit
1152 3493 1453 3550 ﬁdelibus:
1474 3497 1583 3549 Vos
1602 3509 1672 3548 ea:
1687 3496 1797 3549 Deo

161 3590 287 3655 estis,
318 3588 512 3659 ﬁlioli,
544 3594 595 3642 et
625 3586 829 3641 vicistis
858 3600 964 3648 eos,
997 3585 1261 3655 quoniam
1298 3584 1477 3655 major
1504 3591 1583 3639 est
1612 3584 1711 3654 qui
1741 3584 1796 3638 in

161 3675 291 3732 vobis
315 3685 395 3734 est
426 3692 597 3750 quam
627 3676 723 3748 qui
750 3677 813 3730 in
839 3673 1043 3730 mundo
1075 3675 1120 3743 (l
1148 3673 1305 3729 Joan.
1329 3690 1406 3739 1v,
1431 3672 1504 3745 4).
1532 3673 1657 3727 Haec
1691 3672 1801 3728 iste

165 3764 205 3820 si
224 3766 427 3840 corrigi
461 3765 777 3831 desiderat,
801 3761 1050 3818 ﬁdeliter
1078 3779 1145 3818 ex
1176 3761 1494 3834 Scripturis
1526 3760 1730 3829 discat,
1746 3763 1804 3816 et

167 3872 264 3911 non
294 3854 576 3912 humanis
591 3858 651 3909 et
666 3853 832 3908 vanis
862 3850 1472 3925 argumentationibus
1494 3867 1598 3906 con
1609 3856 1802 3906 trave-

168 3943 379 4001 ritatem
409 3943 517 4001 Dei
548 3942 756 4015 litiget,
776 3942 877 3997 sed
897 3940 1060 3997 seilli
1083 3939 1209 3995 miti
1232 3940 1441 4012 pietate
1471 3939 1801 3994 submittat.

228 4035 332 4090 Sed
356 4034 503 4107 quia
519 4037 710 4088 totum
733 4031 841 4087 hoc
855 4031 1009 4104 quod
1022 4031 1094 4087 de
1107 4028 1223 4086 illis
1237 4029 1337 4101 qui
1355 4029 1414 4084 in
1429 4045 1627 4086 massa
1637 4027 1807 4101 origi-

173 4123 304 4180 nalis
327 4122 555 4197 peccati
580 4120 765 4177 relicti
788 4124 946 4189 sunt,
967 4118 1129 4187 dicit,
1144 4136 1259 4174 non
1274 4118 1348 4173 ob
1362 4116 1518 4174 aliud
1543 4116 1803 4189 replicat,

172 4212 269 4268 nisi
283 4218 345 4268 ut
360 4230 463 4269 eos
475 4210 886 4267 tantummodo
901 4208 1120 4281 peccati
1134 4207 1437 4281 originalis
1454 4205 1683 4262 vinculo
1706 4207 1807 4263 ob-

174 4299 583 4370 strictos,nullo
594 4300 696 4356 Dei
702 4300 726 4371 j
739 4297 929 4355 adicio
941 4301 1167 4354 asserat
1177 4297 1248 4352 ad
1264 4313 1494 4369 pennam
1518 4295 1812 4369 praedesti-

175 4395 346 4459 natos,
378 4389 766 4464 quaerendum
816 4388 888 4444 ab
940 4404 1007 4444 eo
1051 4390 1140 4443 est
1191 4390 1248 4442 et
1276 4404 1311 4442 a
1340 4385 1564 4442 caeteris
1594 4385 1702 4457 qui
1731 4384 1813 4440 ita

177 4480 444 4548 sentiunt,
460 4483 660 4535 utrum
672 4476 870 4550 aliquo
882 4476 1215 4550 Deijudicio
1229 4476 1445 4532 factum
1469 4475 1546 4532 sit
1566 4479 1631 4530 ut
1652 4478 1816 4530 tanta

180 4568 484 4626 multitudo
506 4567 738 4643 generis
754 4566 999 4622 humani
1018 4565 1102 4622 illi
1121 4570 1359 4639 peccato
1372 4563 1640 4638 originali
1654 4564 1817 4620 fieret

180 4657 432 4729 obnoxia,
467 4676 535 4714 ac
565 4675 668 4731 per
692 4657 801 4712 hoc
827 4655 1001 4712 etiam
1035 4660 1261 4712 aeterna
1293 4654 1467 4711 morti
1499 4654 1716 4722 debita,
1743 4670 1816 4708 an

181 4750 323 4804 non?
352 4749 412 4806 Si
447 4748 606 4805 enim
639 4744 803 4803 nullo
851 4744 953 4802 Dei
989 4744 1235 4817 judicio,
1271 4745 1371 4799 sed
1406 4742 1816 4799 tantummodo

183 4837 422 4894 naturali
452 4855 632 4894 cursu
660 4835 877 4892 vitiatae
906 4833 1150 4909 originis
1178 4834 1287 4890 hoc
1317 4834 1536 4889 factum
1554 4836 1663 4901 est,
1685 4849 1820 4905 ergo

186 4926 257 4982 sic
270 4931 574 5001 peccatum
605 4926 1018 4982 tantummodo
1049 4925 1109 4979 in
1143 4941 1240 4981 eos
1273 4922 1617 4979 naturaliter
1633 4940 1701 4979 ex
1723 4922 1821 4978 illo

185 5016 359 5087 primo
388 5017 629 5074 homine
659 5015 1028 5072 transfusum
1050 5018 1158 5082 est,
1173 5018 1238 5069 ut
1261 5013 1426 5069 nulla
1456 5013 1674 5085 peccati
1693 5013 1822 5084 ejus

191 5105 471 5164 damnatio
486 5107 546 5162 in
561 5123 660 5163 eos
681 5105 1210 5172 transfunderetur,
1227 5108 1282 5160 et
1298 5102 1560 5159 cucurrit
1573 5103 1629 5157 in
1644 5119 1743 5159 eos
1757 5119 1826 5158 ex

187 5194 356 5252 Adam
378 5196 505 5253 sola
524 5194 687 5269 origo
710 5194 955 5268 peccati,
980 5210 1095 5249 non
1119 5194 1295 5250 etiam
1313 5193 1481 5265 justa
1502 5210 1673 5265 plena
1692 5209 1826 5265 pec-

191 5285 308 5355 cati,
341 5288 442 5343 sed
476 5285 787 5342 manifeste
815 5283 1129 5358 Apostolus
1159 5282 1301 5339 dicit
1332 5283 1489 5356 quod
1525 5299 1626 5355 per
1654 5300 1828 5339 unum

192 5371 448 5431 hominem
472 5383 758 5448 peccatum
787 5375 1016 5431 intravit
1043 5375 1104 5429 in
1124 5371 1412 5440 mundum,
1436 5380 1488 5428 et
1512 5390 1613 5444 per
1639 5388 1827 5444 pecca-

193 5469 295 5519 tum
320 5482 484 5534 mors,
515 5473 567 5521 et
598 5467 680 5521 ita
709 5467 771 5521 in
799 5480 982 5522 omnes
1025 5463 1269 5519 homines
1294 5463 1622 5535 pertransiit
1652 5463 1827 5531 (Rom.

192 5568 243 5620 v,
271 5556 376 5625 12).
407 5555 553 5612 Vere
573 5572 711 5630 ergo
732 5572 801 5611 ex
821 5571 939 5610 uno
965 5557 1021 5610 ct
1041 5570 1144 5626 per
1164 5570 1352 5608 unum
1385 5550 1683 5607 hominem
1717 5569 1833 5608 non

198 5641 374 5701 solum
401 5654 704 5719 peccatum,
736 5645 839 5702 sed
887 5643 1065 5701 etiam
1104 5659 1276 5716 pmna
1305 5639 1525 5716 peccati
1558 5658 1716 5698 mors
1746 5645 1832 5698 in-

199 5735 349 5795 travit
376 5736 438 5795 in
463 5736 752 5796 mundum.
785 5734 966 5815 Cujus
991 5732 1236 5808 judicio,
1269 5730 1385 5794 nisi
1415 5730 1576 5791 illius
1606 5731 1708 5809 qui
1737 5731 1837 5794 h0-

1904 3406 2065 3458 retur
2094 3401 2154 3457 in
2185 3401 2566 3457 sobole.Nam
2584 3398 2749 3456 nulla
2777 3400 3016 3456 omnino
3046 3401 3202 3473 apud
3232 3399 3432 3457 ﬁdeles
3458 3400 3560 3456 du-

1906 3490 2109 3547 bitatio
2121 3494 2209 3547 est
2223 3490 2378 3562 quod
2392 3489 2763 3562 omnipotens
2784 3489 2939 3546 Deus
2961 3492 3278 3562 antequam
3295 3494 3559 3562 peccaret

1907 3582 2104 3647 homo,
2137 3578 2424 3653 praescivit
2452 3596 2586 3635 eum
2620 3579 2825 3652 utique
2859 3582 3238 3652 peccaturum
3271 3595 3285 3634 :
3320 3582 3376 3634 et
3406 3579 3560 3635 sicut

1909 3670 2196 3743 praescivit
2224 3671 2551 3742 peceatum,
2583 3667 2667 3725 ita
2722 3668 2899 3725 etiam
2944 3667 3377 3741 praedestinavit
3419 3667 3560 3740 quid

1901 3762 2066 3832 justo
2087 3760 2217 3830 ejus
2229 3759 2455 3831 judicio
2478 3764 2634 3815 esset
2654 3775 2941 3831 passurus
2965 3776 2977 3813 :
3003 3762 3061 3814 et
3081 3759 3235 3831 quod
3260 3759 3319 3813 in
3343 3757 3443 3813 illo
3457 3759 3561 3829 ju-

1912 3854 1999 3906 ste
2019 3849 2341 3920 judicando
2372 3848 2565 3921 cmpit,
2599 3848 2659 3903 in
2695 3847 3007 3904 totaillius
3051 3847 3327 3921 progenie
3359 3847 3562 3903 eadem

1913 3934 2300 4020 praescientia,
2331 3935 2534 3990 eadem
2564 3934 3074 4007 praedestinatione
3095 3935 3325 4006 judicii,
3360 3935 3563 3990 eadem

1906 4024 2136 4097 justitia
2162 4023 2561 4079 damnationis
2591 4023 2872 4096 implevit.
2907 4024 3018 4079 Sed
3050 4023 3172 4079 haec
3200 4024 3377 4079 verba
3407 4023 3568 4078 nulla

1915 4114 2140 4170 ratione
2158 4112 2322 4178 fulta,
2340 4113 2493 4186 quod
2511 4112 2665 4169 Deus
2697 4113 2973 4185 reprobos
2991 4113 3050 4168 in
3069 4129 3270 4169 massa
3284 4112 3386 4167 illa
3402 4112 3567 4168 dam-

1918 4203 2173 4259 nationis
2201 4202 2523 4274 reliquerit,
2544 4218 2649 4257 nec
2681 4201 2902 4274 aliquid
2935 4202 3007 4257 de
3039 4218 3241 4257 eorum
3274 4201 3570 4275 praedesti-

1919 4292 2143 4348 naverit
2163 4290 2633 4355 damnatione,ex
2652 4289 2847 4345 libello
2871 4305 3041 4362 quem
3065 4288 3246 4345 Graeci
3267 4289 3573 4361 Hypogno-

1921 4381 2108 4437 sticon
2142 4378 2458 4452 appellant,
2472 4395 2647 4450 quem
2675 4378 2851 4434 etiam
2870 4395 2939 4434 ex
2954 4377 3100 4435 falso
3116 4377 3287 4434 titulo
3308 4376 3571 4451 plerique

1920 4470 2108 4526 sancti
2134 4468 2449 4542 Augustini
2479 4484 2608 4524 esse
2637 4471 2868 4541 putant,
2890 4467 3287 4540 assumpsisse
3319 4467 3569 4523 videtur.

1925 4562 2109 4627 Quem
2140 4557 2403 4614 libellum
2418 4574 2533 4614 non
2557 4573 2687 4614 esse
2708 4557 2973 4629 ejusdem
2989 4557 3176 4614 sancti
3186 4556 3504 4630 Augustini
3519 4561 3577 4612 et

1847 4677 1893 4741 D
1925 4649 2112 4741 stylus
2136 4647 2747 4741 ipse-demonstratet
2774 4664 3147 4741 sensusznon
3178 4646 3369 4741 solum
3394 4647 3578 4741 S.Au-

1926 4739 2150 4812 gustini
2182 4738 2440 4811 scriptis,
2474 4738 2576 4793 sed
2605 4737 2781 4793 etiam
2816 4738 2948 4794 ﬁdei
2979 4736 3399 4806 contrarius,et
3422 4735 3580 4792 testi-

1929 4828 2130 4884 monia
2156 4845 2227 4884 ex
2254 4844 2403 4883 nova
2446 4827 2564 4883 ista
2605 4826 2877 4895 editione,
2911 4844 3029 4900 qua
3075 4844 3182 4883 nos
3231 4826 3451 4882 utimur
3487 4842 3580 4881 as-

1933 4922 2188 4991 sumpta,
2221 4935 2357 4973 cum
2387 4916 2484 4972 ille
2514 4921 2718 4973 contra
2747 4917 3047 4973 haereticos
3078 4916 3388 4989 disputans
3425 4918 3482 4969 et
3510 4914 3583 4969 de

1935 5009 2129 5064 causis
2158 5008 2295 5064 ﬁdei
2328 5024 2506 5080 agens
2538 5006 2812 5063 continue
2834 5024 2902 5063 ex
2922 5006 3165 5078 antiqua
3184 5006 3437 5062 editione
3454 5020 3586 5060 con-

1932 5099 2128 5154 vincat
2156 5095 2639 5164 contradicentes,
2670 5100 2727 5151 et
2755 5112 2824 5151 ex
2852 5095 2982 5167 ipsa
3008 5095 3262 5150 instruat
3288 5093 3511 5151 ﬁdeles.

2005 5187 2180 5243 Addit
2200 5186 2392 5243 adhuc
2412 5191 2470 5242 et
2487 5184 2629 5242 dicit
2653 5204 2665 5241 :
2692 5187 2795 5242 Dci
2821 5185 3151 5256 sapientiam
3168 5184 3589 5255 prwdestinasse

1937 5279 1997 5333 in
2024 5279 2142 5333 suis
2173 5277 2384 5346 legibus
2412 5275 2596 5333 modos
2625 5276 2774 5331 ultra
2832 5289 2961 5346 quos
3017 5273 3314 5343 impiorum
3367 5273 3592 5328 malitia

1934 5367 2194 5440 progredi
2222 5383 2330 5423 non
2358 5367 2551 5439 possit,
2583 5369 2716 5433 ete.,
2754 5378 2940 5435 usque
2973 5360 3073 5417 ubi
3121 5360 3282 5429 dicit,
3312 5361 3591 5432 cupidinis

1931 5457 2300 5530 justissimum
2328 5456 2653 5511 cruciatum.
2689 5453 2751 5508 In
2784 5451 2877 5507 his
2914 5450 3107 5508 verbis
3156 5450 3424 5522 quaedam
3456 5466 3594 5506 vera

1942 5547 2247 5622 praemissa
2267 5550 2427 5616 sunt,
2446 5549 2510 5601 ut
2528 5562 2598 5602 ex
2618 5544 2703 5601 eis
2726 5542 2873 5601 falsa
2893 5540 3188 5599 conclusio
3208 5539 3594 5596 concinnare-

1942 5642 2059 5694 tur.
2093 5638 2240 5694 Nam
2273 5636 2428 5711 quod
2450 5633 2554 5692 Dei
2575 5634 2865 5709 sapientia
2889 5635 2947 5690 in
2966 5630 3208 5688 occultis
3224 5628 3453 5705 legibus
3475 5647 3593 5687 suae

1945 5728 2350 5808 dispositionis
2381 5725 2881 5805 praedestinaverit
2908 5728 3084 5802 atque
3130 5720 3441 5801 preﬁxerit
3471 5737 3598 5803 mo;
3648 5795 3654 5799 q
