4100 6474
458 339 575 402 247
1562 336 1794 400 FLORI
1838 336 2157 399 DIACONI
2206 334 2777 399 LUGDUNENSIS.
3724 318 3729 325 ’
3766 332 3904 400 ea

461 490 557 531 ces
586 470 795 530 animai
827 470 1133 545 utriusque
1162 474 1439 529 creature
1460 471 1732 546 angelicae
1766 474 1824 529 et
1842 471 2115 528 humanae
2148 473 2205 542 Α,
2226 487 2447 544 serpens
2459 472 2628 527 Evam
2645 470 2864 527 seduxit
2885 469 3090 527 astutia
3103 469 3311 536 sua,ita
3327 477 3755 543 corrumpantur
3766 486 3907 527 sen—

470 563 786 637 aliquando
819 562 937 620 illis
968 561 1276 635 suppliciis
1306 565 1479 618 erunt
1507 565 1735 635 ereptae,
1758 565 1815 617 et
1846 560 2122 618 omnibus
2230 577 2323 617 sus
2338 562 2580 629 vestri,et
2610 560 2922 617 ewcidanta
2951 561 3327 632 simplicitate,
3343 575 3468 633 quae
3494 567 3573 616 est
3591 561 3652 616 in
3674 560 3905 618 Christo

469 658 690 726 naturae
721 651 911 720 bonis,
933 651 1089 709 sicut
1115 650 1240 724 ipse
1269 651 1429 719 dicit,
1456 651 1782 719 refulsurze,
1807 650 1855 707 si
1879 667 1982 724 per
2004 650 2122 706 vim
2236 651 2308 722 (II
2324 653 2443 707 Cor.
2472 651 2665 722 x1,23).
2683 650 2845 706 Unde
2867 654 2923 706 et
2952 648 3091 705 alibi
3118 649 3394 706 admonet
3425 649 3914 723 dicenszlneptas

470 742 630 798 illius
658 741 813 816 ignis
843 741 1187 815 corporibus
1221 741 1346 807 suis
1376 739 1560 796 aereis
1590 741 1864 796 atrociter
1892 740 2124 796 inﬂam-
2234 748 2419 796 autem
2444 748 2495 795 et
2524 740 2700 796 aniles
2725 740 2944 812 fabulas
2972 738 3152 795 devita
3181 739 3228 812 (Ι
3262 741 3398 795 Tim.
3451 757 3527 808 Iv,
3560 741 3635 810 7).
3672 740 3744 795 Et
3797 740 3918 796 ite-

475 831 652 889 matis
679 835 928 888 aeternas
951 831 1247 904 patientur
1271 829 1600 885 aerumnas?
1621 830 1680 886 Si
1714 829 1871 886 enim
1909 829 2126 886 libera-
2238 846 2408 883 rum:
2443 829 2686 901 Profana
2719 836 2902 884 autem
2928 836 2980 885 et
3006 828 3356 900 inaniloquia
3403 828 3583 885 devita
3614 846 3628 883 :
3661 830 3919 885 multum

475 921 703 978 buntur
732 920 850 977 illis
879 917 1491 993 suppliciis,carebunt
1512 917 1717 991 utique
1747 918 2057 986 aerumnis;
2079 918 2127 974 si
2237 919 2387 973 enim
2412 919 2711 990 proﬁciunt
2741 917 2812 973 ad
2842 919 3196 990 impietatem,
3211 926 3261 973 et
3282 934 3457 974 sermo
3476 933 3665 974 eorum
3694 926 3755 974 ut
3775 935 3922 974 can-

478 1014 676 1066 autem
735 1009 796 1064 in
844 1008 1218 1082 sempiternis
1267 1012 1439 1063 erunt
1493 1008 1792 1077 aerumnis,
1824 1024 2131 1080 nunquam
2239 1025 2329 1064 cer
2371 1010 2540 1079 serpit
2570 1008 2642 1081 (ιι
2674 1009 2808 1063 Tim.
2850 1025 2914 1080 ιι,
2948 1009 3057 1077 17).
3090 1007 3255 1063 Unde
3313 1011 3370 1063 et
3427 1008 3636 1064 beatus
3693 1009 3926 1065 Petrus

479 1097 885 1155 liberationem
918 1098 1319 1154 merebuntur.

551 1188 662 1244 Sed
694 1204 987 1260 exponens
1012 1186 1122 1243 iste
1148 1187 1342 1243 adhuc
1391 1187 1634 1242 modum
1683 1186 1937 1259 qualiter
1985 1186 2132 1242 illud

478 1279 599 1332 tam
622 1277 823 1332 ﬁctum
840 1280 899 1332 et
920 1280 1083 1332 tanto
1104 1275 1304 1332 labore
1314 1275 1730 1332 concinnatum
1754 1277 2017 1332 futurum
2034 1294 2137 1348 pu-

478 1369 563 1421 tet
578 1382 707 1422 esse
729 1364 1389 1439 supplicium,adjungit
1408 1368 1465 1421 et
1484 1364 1624 1420 dicit
1647 1383 1660 1420 :
1680 1370 1773 1423 Ita
1786 1367 2057 1423 videlicet
2076 1371 2139 1420 ut

478 1455 641 1512 idem
673 1457 795 1529 ipse
826 1455 980 1527 ignis
1007 1457 1273 1511 omnibus
1304 1454 1771 1527 corporibusﬁat
1797 1455 2143 1529 gloria,quo

481 1545 842 1603 damnandis
857 1545 1160 1601 animabus
1174 1546 1527 1602 intrinsecus
1542 1547 1859 1619 iniquitate
1869 1547 2140 1618 propria,

481 1635 841 1691 extrinsecus
859 1635 1466 1707 cumulabiturpcena.
1484 1637 1546 1691 In
1571 1635 1785 1709 quibus
1819 1636 2014 1692 verbis
2035 1636 2145 1691 hoc

484 1721 717 1779 videtur
747 1740 1009 1782 asserere
1036 1725 1192 1797 quod
1224 1724 1377 1780 idem
1415 1724 1540 1797 ipse
1589 1725 1744 1799 ignis
1790 1730 2041 1782 aeternus
2092 1729 2149 1780 et

2242 1095 2543 1170 apostolus
2566 1097 2770 1153 eadem
2802 1096 3249 1170 pietate,eadem
3283 1096 3677 1153 sollicitudine
3699 1097 3925 1154 ﬁdeles

2244 1187 2541 1255 admonet,
2595 1185 2837 1261 dicens:
2875 1187 2970 1243 Vos
3027 1188 3221 1258 igitur,
3272 1189 3495 1259 fratres,
3549 1189 3926 1259 praescientes

2245 1276 2506 1332 custodite
2534 1277 2899 1348 vosmetipsos,
2931 1293 3000 1332 ne
3032 1276 3415 1348 insipientium
3437 1292 3621 1333 errore
3644 1277 3923 1347 traducti,

2246 1366 2561 1422 excidatisa
2579 1367 2812 1438 propria
2836 1366 3113 1437 ﬁrmitate.
3144 1365 3373 1421 Crescite
3401 1383 3525 1422 vero
3556 1368 3618 1422 in
3639 1369 3837 1436 gratia
3866 1374 3927 1423 et

2247 1457 2555 1525 cognitione
2584 1456 2805 1512 Domini
2830 1457 3006 1512 nostri
3032 1456 3159 1512 Jesu
3189 1455 3394 1512 Christi
3421 1464 3474 1512 et
3507 1455 3819 1513 Satvatoris
3845 1457 3931 1529 (II

2256 1550 2368 1601 l’et.
2402 1562 2484 1612 ιιι,
2513 1546 2597 1612 17,
2633 1547 2743 1614 18).

2325 1635 2451 1690 Νοιι
2482 1635 2651 1690 nobis
2680 1635 3010 1691 efﬁciantur
3035 1634 3151 1691 ista
3178 1634 3336 1691 velut
3356 1635 3561 1707 jocosa
3589 1639 3645 1691 et
3672 1634 3816 1691 ludo
3841 1635 3929 1691 si-

2257 1722 2437 1791 milia,
2456 1724 2595 1797 quia
2625 1728 2683 1780 et
2710 1723 2918 1780 ludum
2941 1724 3207 1781 Ismaelis
3228 1742 3363 1780 cum
3380 1725 3543 1781 Isaac
3559 1725 3928 1798 persecutio-

487 1813 801 1871 animabus
821 1813 1177 1871 intrinsecus
1195 1831 1264 1870 ex
1283 1815 1644 1871 conscientia
1664 1833 1771 1872 sua
1786 1816 2021 1889 propria
2037 1816 2151 1871 ini-
2176 1852 2223 1917 Β
2258 1829 2392 1869 nem
2421 1818 2585 1869 vocat
2605 1814 2939 1886 Apostolus.
2956 1815 3026 1870 Et
3053 1814 3182 1870 ideo
3205 1814 3539 1887 ubicunque
3559 1813 3700 1871 talia
3728 1831 3924 1888 agno-

488 1904 710 1978 quitate
731 1904 1111 1971 damnatis,et
1139 1903 1392 1960 exterius
1423 1921 1625 1961 earum
1656 1922 1900 1978 corpora
1919 1905 2145 1963 inflam-

485 1995 702 2053 mando
725 1998 782 2049 et
796 1992 1218 2051 fervefaciendo
1239 1993 1569 2050 accumulat
1586 1995 2143 2067 pmnam,utscilicet

487 2101 606 2140 non
654 2082 848 2140 solum
895 2082 1146 2140 interius
1195 2087 1580 2156 torqueantur
1625 2083 2005 2152 conscientia,
2039 2087 2143 2143 sed

484 2174 660 2231 etiam
683 2173 936 2229 exterius
956 2173 1297 2247 afﬂigantur
1315 2190 1487 2246 poena
1507 2173 1693 2246 ignita
1715 2191 1728 2230 :
1748 2178 1806 2230 et
1827 2178 2024 2232 tamen
2047 2193 2142 2232 eo-

484 2281 616 2320 rum
640 2262 982 2336 corporibus
1005 2262 1157 2319 aeris
1179 2263 1335 2320 idem
1357 2262 1512 2336 ignis
1534 2265 1854 2336 quamdam
1893 2264 2143 2338 gloriam

487 2354 766 2410 conferat.
802 2352 1086 2409 Putemus
1117 2353 1258 2425 quia
1289 2352 1444 2409 sicut
1462 2353 1571 2408 iste
1601 2352 1757 2427 ignis
1782 2354 1884 2426 qui
1909 2353 2063 2411 lucet
2084 2355 2144 2410 in

490 2441 806 2508 sideribus,
825 2441 1139 2497 obscuram
1159 2443 1218 2496 et
1245 2439 1628 2512 caliginosam
1653 2440 1834 2513 hujus
1856 2442 2008 2498 aeris
2036 2460 2144 2498 na-

490 2535 685 2587 turam
718 2547 829 2586 sua
851 2528 1145 2585 infusione
1174 2528 1492 2599 illuminat,
1507 2546 1613 2585 suo
1644 2529 1869 2604 fulgore
1889 2530 2144 2587 lucidam

491 2620 702 2687 reddit,
731 2620 829 2692 qui
861 2622 952 2675 est
987 2618 1191 2691 utique
1240 2618 1586 2674 naturaliter
1634 2620 2000 2689 tenebrosus,
2031 2621 2144 2677 nisi

496 2709 682 2767 autin
715 2709 808 2765 die
837 2707 1016 2764 radiis
1048 2707 1191 2765 solis
1220 2711 1325 2763 aut
1368 2708 1426 2763 in
1472 2712 1639 2764 nocte
1687 2708 1867 2766 radiis
1904 2709 2057 2765 lunas
2090 2714 2149 2767 et

496 2799 758 2856 siderum
777 2798 1138 2854 illustretur:
1166 2798 1247 2853 ita
1274 2797 1384 2854 iste
1417 2798 1714 2855 existimat
1732 2798 1835 2855 illa
1850 2817 2018 2857 aerea
2037 2802 2148 2857 dte-

495 2905 740 2946 monum
765 2893 823 2945 et
850 2887 1159 2944 hominum
1181 2903 1426 2960 corpora
1443 2892 1659 2945 aeterna
1680 2888 1838 2945 illius
1865 2890 2017 2964 ignis
2041 2891 2150 2947 ful-

494 2995 631 3052 gore
661 2977 1013 3035 illustranda
1043 2981 1100 3033 et
1127 2976 1683 3049 clariﬁcanda,sicut
1711 2979 1885 3035 etiam
1906 2979 2146 3053 nigredo

494 3068 631 3124 ferri
661 3066 852 3124 calore
873 3068 1128 3124 fornacis
1150 3067 1206 3121 in
1228 3066 1486 3123 lucidam
1510 3069 1760 3124 vertitur
1779 3068 2143 3141 qualitatem.

493 3158 793 3222 Quomodo
836 3173 974 3230 ergo
1022 3156 1292 3228 superius
1323 3156 1469 3211 dixit
1501 3173 1513 3211 :
1552 3156 1916 3230 Angelornm
1961 3161 2145 3216 homi-

2252 1902 2494 1973 scimus,
2514 1902 2635 1959 zelo
2658 1902 2793 1961 ﬁdei
2824 1908 3028 1960 contra
3054 1902 3177 1959 haec
3198 1904 3434 1960 excitari
3453 1904 3738 1961 debemus
3765 1921 3779 1959 :
3809 1904 3925 1962 illo

2251 2011 2359 2050 nos
2389 1993 2743 2050 informante
2773 1997 2830 2049 et
2857 1994 3171 2065 adjuvante
3201 1993 3303 2066 qui
3346 1994 3407 2049 in
3454 1993 3684 2067 psalmo
3715 1993 3866 2051 dicit
3905 2011 3920 2050 :

2251 2085 2423 2141 Zelus
2449 2084 2640 2140 domus
2670 2091 2785 2141 tum
2813 2083 3042 2139 comedit
3083 2099 3169 2140 me
3197 2084 3371 2154 (Psal.
3424 2100 3616 2149 vam,
3653 2085 3773 2156 10);
3810 2084 3923 2156 qui

2252 2174 2428 2230 etiam
2455 2172 2683 2246 ﬂagello
2732 2173 2803 2229 de
2834 2171 3110 2230 funiculis
3142 2173 3313 2244 facto,
3343 2172 3651 2230 violatores
3699 2173 3929 2232 domus

2253 2263 2355 2319 Dei
2386 2280 2521 2320 cum
2553 2264 2679 2320 suis
2710 2262 3006 2320 mercibus
3032 2263 3307 2335 ejecit,eo
3330 2265 3486 2337 quod
3517 2265 3787 2321 eamdem
3816 2265 3928 2322 do-

2254 2370 2421 2409 mum
2443 2357 2746 2427 paternam
2779 2353 3023 2410 fecerint
3043 2353 3384 2426 speluncam
3406 2353 3703 2411 latronum
3724 2357 3920 2425 (Joan.

2253 2461 2314 2513 ιι,
2343 2443 2449 2516 15),
2474 2443 2621 2499 Vere
2652 2443 2807 2499 enim
2842 2443 3085 2499 domum
3116 2443 3369 2513 Domini,
3402 2460 3527 2517 quae
3553 2453 3634 2501 est
3673 2446 3928 2502 Ecclesia

2252 2535 2352 2590 Dei
2378 2534 2782 2603 vivi,columna
2809 2542 2862 2589 et
2889 2534 3297 2607 ﬁrmamentum
3324 2534 3569 2590 veritatis
3601 2537 3651 2602 (Ι
3671 2536 3807 2591 Tim.
3825 2553 3919 2605 ιιι,

2255 2626 2343 2694 15)
2364 2624 2422 2679 in
2457 2621 2801 2696 speluncam
2826 2621 3125 2679 latronum
3156 2626 3476 2693 vertunt,et
3502 2640 3635 2681 vere
3652 2622 3923 2682 latrones

2255 2717 2414 2781 sunt,
2449 2711 2551 2785 qui
2583 2712 2688 2767 sub
2721 2716 3000 2784 praetextu
3033 2711 3351 2767 Christiani
3383 2711 3641 2768 nominis
3661 2711 3826 2768 velut
3854 2713 3919 2768 in

2253 2802 2513 2859 Ecclesia
2540 2800 3277 2869 constituti,inﬁdelitatem
3308 2817 3479 2856 suam
3501 2800 3797 2858 occultare
3827 2819 3927 2858 co-

2256 2895 2555 2960 nantur,et
2584 2890 2888 2946 insidiosis
2911 2890 3087 2946 etiam
3111 2907 3178 2946 ac
3218 2889 3530 2946 malitiosis
3560 2889 3922 2963 disputatio-

2255 2982 2433 3037 nibus
2453 2981 2578 3036 vitae
2612 2979 2872 3036 ﬁdelium
2908 2979 3279 3035 insidiantur.
3311 2981 3382 3035 Et
3414 2980 3554 3052 quia
3584 2980 3713 3049 iste,
3744 2981 3924 3053 cujus

2252 3070 2466 3138 verbis,
2501 3068 2818 3125 auxiliante
2849 3069 3115 3136 Domino,
3151 3072 3451 3142 utcunque
3482 3070 3920 3141 respondimus,

2198 3164 2216 3233 '_
2256 3160 2315 3215 in
2341 3157 2761 3233 philosophicis
2781 3158 3001 3231 regulis
3040 3163 3098 3214 et
3128 3157 3504 3232 syllogisticis
3539 3164 3920 3231 argumenta-

491 3264 742 3321 nnmque
771 3262 1057 3316 corporea
1084 3262 1270 3302 aerea
1292 3245 1603 3316 supplicia
1625 3248 1779 3320 ignis
1799 3250 2001 3305 aeterni
2020 3267 2145 3319 per.
2176 3227 2218 3292 (ἶ
2256 3249 2517 3305 tionibus
2539 3248 3161 3321 gloriatur,audiamus
3194 3248 3251 3303 in
3286 3247 3402 3304 ﬁne
3433 3247 3683 3304 fideliter
3700 3252 3759 3303 et
3787 3248 3924 3305 obe-

490 3337 775 3407 pessiu'a?
804 3336 863 3393 Si
917 3335 1075 3392 enim
1125 3334 1482 3408 supplicium
1542 3335 1627 3392 eis
1683 3337 1795 3392 erit
1845 3336 1943 3394 ille
1990 3339 2147 3413 ignis

490 3430 760 3495 aeternus,
781 3443 897 3482 non
930 3425 1041 3482 erit
1072 3425 1274 3498 utique
1303 3424 1520 3498 gloria;
1556 3425 1605 3481 si
1639 3430 1831 3484 autem
1856 3427 2042 3501 gloria
2061 3429 2145 3485 eis

492 3516 684 3583 fuerit,
720 3532 833 3572 non
855 3516 965 3572 erit
996 3532 1186 3587 poma.

560 3605 874 3678 Abigentes
894 3604 1091 3677 itaque
1120 3609 1177 3661 et
1196 3603 1398 3677 procul
1431 3604 1780 3677 repellentes
1803 3606 2143 3679 hujusmodi

488 3697 784 3751 tortuosae
804 3698 863 3749 et
880 3693 1143 3766 vipereas
1166 3693 1461 3766 ambages,
1478 3698 1534 3750 et
1565 3695 1864 3752 anfractus
1894 3696 2142 3753 laborio-

490 3782 761 3839 sissimos
792 3799 859 3838 ac
890 3782 1271 3854 perniciosos,
1293 3786 1597 3839 teneamus
1628 3784 1761 3842 ﬁdei
1801 3785 2143 3858 simplicita-

489 3875 613 3928 tem
645 3888 657 3928 :
688 3888 826 3928 vera
855 3872 1264 3927 damnatorum
1312 3872 1622 3929 hominum
1672 3890 1934 3946 corpora,
1966 3876 2022 3930 id
2056 3880 2145 3933 est

487 3962 739 4025 terrena,
764 3960 1086 4026 credentes,
1104 3964 1161 4015 et
1180 3961 1238 4015 in
1262 3960 1347 4015 eis
1366 3977 1503 4017 vera
1520 3963 1576 4016 et
1596 3964 1811 4017 aeterna
1831 3962 2141 4035 supplicia,

488 4048 590 4122 qui
610 4048 670 4105 in
692 4048 793 4105 illa
804 4048 1020 4105 fuerint
1039 4048 1416 4105 damnatione
1438 4066 1742 4121 passuros:
1761 4050 1899 4122 quia
1913 4052 2143 4109 verissi-

491 4156 625 4195 mus
643 4143 732 4195 est
751 4155 941 4195 sermo
956 4138 1230 4195 Veritatis
1255 4156 1381 4210 qua;
1395 4137 1453 4193 in
1471 4137 1780 4211 Evangelio
1799 4139 1967 4197 dicit:
1982 4144 2143 4213 Quia

487 4230 675 4286 veniet
701 4229 850 4286 hora
864 4229 1103 4303 quando
1129 4244 1324 4283 omnes
1364 4228 1463 4300 qui
1494 4229 1557 4283 in
1600 4233 1981 4287 monumentis
2008 4238 2141 4288 sunt

486 4320 738 4376 audient
760 4336 947 4376 vocem
967 4318 1116 4376 Filii
1134 4318 1235 4374 Dei
1254 4334 1266 4372 :
1291 4326 1346 4373 et
1366 4317 1683 4388 precedent
1703 4320 1805 4391 qui
1825 4321 1974 4377 bona
1993 4321 2141 4396 fece-

487 4415 623 4464 runt
644 4409 706 4464 in
725 4410 1208 4466 resurrectionem
1228 4411 1395 4475 vita’;
1415 4408 1516 4481 qui
1534 4425 1666 4464 vero
1689 4411 1849 4466 mala
1870 4419 2136 4485 egerunt,

488 4500 551 4554 in
580 4500 1061 4554 resurrectionem
1076 4498 1308 4570 judicii
1336 4497 1521 4569 (Joan.
1546 4514 1601 4564 v,
1620 4499 1709 4565 28,
1732 4498 1944 4568 29).Ad
1976 4499 2137 4557 illam

2257 3339 2485 3396 dienter
2504 3337 2913 3395 beatissimum
2939 3336 3154 3393 Christi
3176 3337 3501 3393 antistitem
3533 3342 3590 3394 et
3620 3337 3921 3394 confesso-

2257 3445 2379 3484 rem
2393 3427 2789 3492 Hilarium,ita
2808 3426 3142 3483 istiusmodi
3168 3426 3439 3483 homines
3460 3427 3914 3498 redarguentem

2256 3522 2431 3590 atque
2479 3517 2769 3574 dicentem
2805 3535 2817 3572 :
2857 3517 3224 3589 [Oportuerat
3262 3515 3531 3573 homines
3577 3515 3915 3590 religiosam

2255 3607 2587 3663 divinarum
2622 3623 2816 3662 rerum
2849 3606 3153 3663 scientiam
3183 3605 3580 3677 praeferentes.
3616 3604 3716 3661 ubi
3747 3622 3917 3662 evan-

2253 3696 2449 3769 gelicae
2472 3700 2645 3768 atque
2676 3695 3007 3769 apostolicae
3030 3694 3457 3768 praedicationis
3478 3695 3689 3751 veritas
3714 3694 3912 3767 praefe-

2253 3785 2659 3855 rebat,callide
2690 3785 3072 3858 philosophia:
3102 3788 3399 3841 tortuosae
3430 3783 3783 3856 quaestiones
3814 3786 3911 3841 ab-

2245 3876 2519 3948 jicere,et
2550 3874 2756 3931 sectari
2789 3875 2984 3947 potius
3014 3874 3211 3942 ﬁdem,
3232 3890 3357 3946 quae
3384 3872 3442 3928 in
3474 3874 3585 3929 Deo
3612 3878 3737 3929 est:
3765 3873 3909 3946 quia

2250 3982 2491 4022 sensum
2509 3964 2812 4020 inﬁrmum
2838 3963 3002 4019 facile
3020 3962 3152 4019 ﬁdei
3172 3980 3290 4018 suae
3313 3962 3582 4036 prazdisio
3604 3962 3910 4036 sophisma

2251 4054 2621 4129 syllogisticze
2671 4053 3145 4126 interrogationis
3189 4056 3442 4120 exueret,
3477 4069 3614 4108 cum
3646 4053 3908 4125 captiosa

2250 4144 2570 4217 propositio
2602 4144 3043 4215 responsionem
3077 4141 3427 4215 simplicem,
3453 4141 3683 4215 sibique
3704 4159 3906 4198 secun-

2250 4235 2392 4290 dum
2416 4232 2927 4306 interrogationem
2951 4248 3147 4286 rerum
3161 4230 3761 4300 obsecundantem,ad
3778 4231 3909 4287 ulti-

2251 4339 2414 4379 mum
2438 4323 2563 4393 jam
2598 4339 2809 4378 sensus
2842 4322 2933 4378 sui
2977 4319 3432 4394 interrogatione
3484 4318 3763 4392 spoliaret
3794 4337 3807 4376 :
3842 4326 3906 4377 ut

2249 4412 2403 4484 quod
2438 4412 2799 4485 professione
2830 4410 3147 4477 amisisset,
3174 4410 3231 4465 id
3254 4410 3381 4481 jam
3403 4408 3764 4466 conscientia
3786 4427 3897 4467 non

2248 4502 2510 4572 teneret].
2544 4503 2685 4558 Item
2719 4501 2873 4557 idem
2904 4499 3194 4573 gloriosus
3222 4498 3522 4555 confessor
3562 4516 3697 4555 cum
3726 4500 3900 4557 verba

488 4603 742 4658 namque
767 4604 965 4643 vocem
999 4586 1121 4641 Filii
1158 4587 1253 4642 Dei
1297 4604 1502 4643 omnes
1541 4587 1642 4659 qui
1669 4587 1729 4643 in
1760 4592 2141 4647 monumentis
2174 4608 2217 4670 ι)
2245 4590 2505 4663 Apostoli
2538 4594 2849 4663 exponeret
2879 4588 3127 4645 dicentis
3155 4589 3183 4644 Ἰ
3212 4589 3360 4645 Videt
3388 4605 3457 4644 ne
3485 4590 3609 4661 quis
3639 4605 3728 4645 vos
3773 4605 3898 4662 spo-

483 4682 615 4733 sunt
644 4677 949 4745 precedent
980 4697 998 4731 :
1033 4675 1171 4748 quia
1201 4677 1401 4731 eadem
1434 4693 1677 4749 corpora
1697 4693 1824 4749 quae
1848 4679 1912 4733 in‘
1935 4696 2139 4737 monu-

486 4764 700 4822 mentis
730 4768 896 4821 erant
924 4764 1114 4838 posita
1143 4764 1442 4837 recipient,
1476 4770 1534 4821 et
1563 4765 1621 4820 in
1669 4765 1892 4823 eisdem
1944 4785 2138 4826 resur-

482 4857 640 4928 gent,
671 4853 731 4909 in
757 4854 977 4910 eisdem
1009 4853 1269 4910 habituri
1312 4852 1402 4910 vel
1450 4855 1935 4913 resurrectionem
1983 4858 2135 4931 vitae,

481 4943 569 5000 vel
585 4943 1073 5000 resurrectionem
1090 4943 1299 5015 judicii
1318 4960 1331 5011 ;
1350 4947 1414 4999 ut
1430 4947 1532 4999 aut
1553 4942 1612 4998 in
1636 4943 1780 5015 ipsis
1797 4946 2137 5018 possideant

479 5032 659 5089 vitam
681 5036 979 5102 aeternam,
1004 5038 1106 5088 aut
1128 5032 1188 5087 in
1211 5032 1355 5104 ipsis
1379 5036 1625 5088 mortem
1650 5032 1946 5105 patiantur
1965 5042 2133 5094 aeter-

479 5139 637 5178 nam.
656 5124 875 5179 Bonum
907 5126 998 5179 est
1027 5122 1279 5187 nobis,et
1302 5122 1539 5178 omnino
1562 5120 1738 5178 saluti
1763 5128 1972 5181 nostra:
1996 5134 2131 5185 ante

477 5212 676 5268 omnia
705 5211 1207 5279 necessarium,ut
1235 5211 1291 5265 in
1327 5211 1461 5266 ﬁdei
1484 5211 1726 5268 veritate
1748 5218 1805 5270 et
1844 5214 2127 5289 simplici-

475 5304 591 5356 tate
609 5300 1223 5368 fundanti,timeamus
1240 5299 1567 5367 et,Domino
1591 5301 2129 5372 auxiliante,cavea—

473 5408 607 5445 mus
636 5388 782 5445 illud
816 5389 1039 5445 malum
1072 5390 1226 5461 quod
1248 5388 1560 5463 Apostolus
1590 5391 1858 5448 Ecclesiae
1897 5394 2125 5454 Christo

470 5479 833 5550 desponsata:
853 5482 910 5535 et
931 5483 1093 5534 casta
1116 5478 1248 5534 ﬁdei
1273 5480 1605 5553 virginitate
1628 5482 1880 5552 praeditas
1921 5485 2125 5543 timere

470 5584 530 5623 sc
547 5566 1086 5633 denuntiat,dicens
1110 5584 1123 5622 :
1141 5569 1443 5640 Despondi
1459 5569 1609 5624 enim
1633 5586 1731 5624 vos
1750 5572 1859 5626 uni
1877 5573 2002 5627 viro
2015 5575 2124 5630 eir-

468 5657 657 5729 ginem
678 5662 902 5714 castam
923 5657 1201 5715 exhibere
1213 5657 1461 5716 Christo.
1476 5659 1669 5716 Timeo
1682 5666 1879 5717 autem
1892 5679 1962 5717 ne
1973 5664 2122 5721 sicut

2248 4680 2344 4737 liet
2363 4697 2471 4754 per
2497 4681 2905 4753 philosOphiam
2932 4687 2982 4736 et
3011 4681 3236 4735 inanem
3262 4679 3572 4750 fallaciam,
3602 4679 3895 4736 secundum

2246 4770 2598 4826 traditionem
2629 4769 2937 4837 hominum,
2963 4768 3263 4825 secundum
3289 4770 3555 4825 elementa
3600 4769 3814 4837 mundi,
3847 4779 3897 4826 et

2244 4876 2356 4916 non
2384 4859 2684 4915 secundum
2717 4859 3010 4915 Christum.
3046 4856 3662 4931 [Cavendum,inquit,
3695 4859 3894 4914 adver-

2245 4967 2347 5005 sus
2378 4947 2813 5021 philosophiam
2844 4951 2952 5015 est,
2985 4950 3044 5004 et
3072 4947 3469 5004 humanarum
3509 4946 3890 5005 traditionum

2244 5055 2357 5094 non
2391 5042 2511 5093 tam
2541 5037 2813 5094 evitanda
2842 5042 2981 5093 sunt
3011 5037 3209 5094 studia
3237 5054 3415 5109 quam
3441 5036 3766 5093 refutanda.
3785 5038 3890 5094 Ne-

2243 5145 2355 5200 que
2388 5127 2544 5183 enim
2576 5126 2669 5183 bis
2701 5127 2783 5182 ita
2823 5126 3259 5183 concedendum
3310 5130 3401 5183 est
3449 5124 3619 5198 quasi
3660 5127 3892 5182 vincant

2239 5217 2435 5291 potius
2466 5234 2642 5289 quam
2670 5215 2892 5272 fallant.
2918 5216 3063 5282 Quia
3083 5234 3191 5273 nos
3213 5216 3491 5272 Christum
3510 5218 3617 5272 Dei
3637 5218 3891 5272 virtutem

2236 5316 2287 5364 et
2320 5310 2421 5365 Dei
2446 5308 2779 5378 sapientiam
2797 5308 3176 5379 praedicantes
3206 5300 3563 5378 mquum'est
3602 5305 3887 5363 humanas

2236 5397 2532 5454 doctrinas
2564 5413 2679 5452 non
2711 5400 2829 5452 tam
2860 5397 3133 5470 defugere
3163 5414 3342 5470 quam
3371 5394 3723 5463 refellere,et
3745 5395 3886 5451 sim-

2234 5486 2503 5561 pliciores
2556 5504 2627 5542 ne
2677 5487 2748 5542 ab
2795 5485 2888 5543 his
2929 5485 3255 5559 spolientur
3293 5491 3350 5541 et
3381 5486 3684 5542 obstruere
3708 5489 3766 5541 et
3797 5485 3886 5539 in-

2234 5582 2476 5633 struere.
2512 5577 2658 5632 Nam
2690 5592 2823 5632 cum
2856 5576 3043 5648 possit
3071 5576 3289 5646 omnia,
3325 5581 3382 5632 et
3410 5593 3479 5633 ea
3518 5573 3651 5649 ipsa
3693 5572 3885 5631 omnia

2233 5667 2388 5724 Deus
2421 5668 2608 5740 possit
2638 5665 2952 5739 sapienter,
2987 5670 3044 5723 et
3073 5684 3179 5723 nec
3209 5665 3408 5723 virtuti
3440 5666 3568 5738 ejus
3600 5665 3747 5721 ratio
3781 5681 3879 5721 nec
