4100 6484
185 458 334 520 253

183 590 362 648 Nam
394 589 537 666 pius
572 589 671 648 ille
698 590 886 663 Pater,
920 591 1020 665 qui
1051 590 1183 649 fons
1212 588 1490 650 bonitatis
1519 592 1786 664 habetur,

184 679 285 736 Ut
317 680 410 739 sol
444 685 658 755 sponte
692 680 894 754 micat,
927 698 1033 738 ceu
1065 683 1197 739 fons
1226 682 1519 740 uberrime
1547 689 1769 752 manat,

186 769 408 844 thue
440 770 601 827 ultro
632 770 903 844 placidus
934 776 1091 828 rorat
1123 772 1192 828 de
1215 773 1474 829 nubibus
1504 773 1693 830 imber
1721 791 1735 830 :

188 859 305 916 Sic
335 861 501 917 bona
528 865 742 917 cuncta
771 861 895 917 suis
926 878 1108 935 prono
1141 863 1321 918 donat
1351 862 1594 919 numine
1627 863 1803 932 natis,

191 949 320 1016 Qui
351 953 561 1006 tamen
592 949 751 1006 hunc
770 968 904 1007 vera
935 950 1070 1007 fidei
1100 952 1313 1024 pietate
1341 952 1649 1022 requirunt
1682 971 1694 1009 :

190 1038 318 1106 Qui
350 1040 518 1112 quod
551 1056 656 1112 spe
686 1040 1069 1113 sitiunt,puro
1103 1040 1538 1113 amplectuntur
1563 1060 1760 1100 amore
1789 1060 1802 1099 :

192 1130 318 1194 Qui
350 1129 515 1186 bona
540 1129 662 1186 sive
696 1129 850 1185 mala
879 1130 1165 1187 ﬂuitantis
1194 1135 1412 1187 temere
1442 1132 1648 1188 mundi

189 1218 464 1286 Norunt,
499 1218 863 1292 instantique
893 1220 1080 1276 Deum
1100 1220 1313 1275 virtute
1344 1226 1693 1293 sequuntur.

276 1309 323 1365 Ο
357 1307 615 1366 Domine
646 1309 1122 1382 omnipotens,da
1149 1310 1319 1366 nobis
1352 1314 1547 1366 mente
1576 1311 1769 1368 videre

188 1398 312 1454 Tot
343 1397 531 1464 mala,
558 1400 644 1454 tot
675 1398 907 1468 clades;
940 1402 997 1455 et
1027 1402 1112 1455 tot
1130 1398 1509 1472 lacrymanda
1539 1400 1757 1473 pericla

193 1488 293 1544 Da
321 1504 586 1560 gemere,
616 1492 676 1544 et
707 1491 825 1544 toto
852 1487 941 1544 fac
973 1506 1080 1544 nos
1112 1506 1179 1544 ea
1211 1490 1383 1544 corde
1414 1489 1628 1555 dolere,

195 1577 606 1650 Assiduisque
629 1581 800 1633 tuum
832 1578 1102 1650 precibus
1133 1579 1445 1651 deposcere
1474 1595 1713 1635 numen.

199 1667 318 1733 Qui
346 1666 511 1739 regis
544 1666 744 1735 Israel,
778 1667 872 1723 cui
903 1684 1018 1723 non
1051 1667 1305 1723 dormiat
1334 1668 1395 1723 in
1424 1686 1609 1724 savum

198 1755 427 1812 Omnia
457 1757 828 1830 conspiciens
859 1757 1102 1814 oculus:
1136 1757 1237 1831 qui
1266 1756 1392 1831 lege
1418 1759 1657 1831 perenni

196 1846 405 1919 Erigis
437 1845 638 1914 elisos,
663 1845 834 1903 elidis
865 1851 923 1903 et
952 1846 1078 1920 ipse
1109 1848 1413 1921 superbos,

198 1934 601 2009 Supplicibus
628 1934 1131 2004 veniam,tumidis
1158 1937 1522 2010 properando
1549 1938 1808 1993 ruinam.

196 2026 295 2081 Tu
327 2042 463 2091 nos,
497 2029 699 2081 sancte
732 2025 915 2093 Pater,
947 2024 1042 2081 hic
1071 2026 1308 2083 verbere
1339 2026 1555 2081 caedere
1586 2031 1827 2099 paterno
1854 2045 1866 2083 :

195 2116 294 2171 Tu
326 2114 497 2188 virga
524 2114 853 2187 baculoque
880 2119 982 2170 tuo
1013 2132 1121 2172 nos
1151 2115 1399 2189 corripe,
1434 2117 1606 2171 ﬁrma
1640 2132 1653 2171 :

195 2205 396 2261 Omne
430 2204 657 2261 malum
690 2205 896 2261 mundi
928 2206 1030 2261 fiat
1059 2205 1332 2279 purgatio
1364 2204 1571 2261 nostri.

195 2293 316 2360 Qui
347 2298 407 2350 te
437 2310 673 2367 semper
702 2298 925 2362 amant,
959 2296 1119 2351 omni
1150 2293 1488 2351 discrimine
1514 2298 1797 2362 crescant,

200 2383 508 2450 Quatinus
540 2383 725 2456 erepti
751 2384 941 2458 pelagi
973 2385 1045 2441 de
1076 2385 1351 2441 ﬂuctibus
1383 2383 1546 2453 atris,

199 2473 411 2546 Teque
439 2473 809 2547 gubernante
829 2490 957 2547 jam
989 2478 1221 2547 portum
1248 2472 1409 2546 pacis
1440 2474 1654 2547 adepti,

202 2562 544 2635 Carpamus
569 2561 801 2619 dulcem
831 2563 984 2619 tristi
1015 2563 1086 2619 de
1117 2564 1339 2620 semine
1371 2564 1621 2638 frugem,

202 2651 623 2726 Perpetuaque
656 2655 787 2708 tuos
817 2652 1152 2710 recinamus
1182 2652 1354 2710 laude
1382 2653 1736 2726 triumphos.

308 2910 335 2937 ⁸
366 2910 441 2950 AD
480 2911 790 2951 MODUINUM
830 2911 1391 2953 AUGUSTODUNENSEM
1429 2914 1776 2955 EPISCOPUM.

371 3030 450 3085 De
478 3030 685 3101 injuste
710 3032 995 3087 vexatione
1024 3031 1281 3089 Ecclesia
1306 3033 1704 3104 Lugdunensis.

192 3190 478 3265 Egregia,
513 3189 808 3258 Moduine,
837 3190 961 3247 viro
991 3193 1095 3247 tibi
1127 3192 1296 3249 mitto
1329 3192 1605 3260 salutem,

268 3277 539 3352 Exiguus
571 3294 806 3351 magno,
837 3277 969 3335 vilis
1000 3283 1057 3335 et
1086 3279 1316 3336 eximio.

1610 458 1968 522 CAltMlNA
2011 460 2275 521 VARlA.

3527 460 3649 525 254

1906 593 1962 660 Α
2063 593 2375 667 Cornipeta
2403 591 2462 650 in
2495 590 2812 652 Dominum
2842 593 3080 668 turgida
3107 592 3256 652 colla
3281 594 3499 654 vibras.

1987 683 2140 740 Dum
2174 682 2480 757 phrenesis
2510 683 2718 741 furiale
2750 684 2975 742 malum
3006 687 3110 741 tua
3135 685 3359 743 viscera
3385 685 3538 742 ferro

2060 775 2141 829 Te
2171 773 2405 847 proprio
2436 776 2699 847 expetere
2732 773 2909 843 cobit,
2941 777 3000 830 et
3028 773 3153 846 ipse
3184 775 3396 831 nescis.

1986 862 2216 919 Justius
2247 862 2467 918 invidia
2498 862 2645 918 nihil
2676 866 2784 930 est,
2810 880 2939 936 quas
2966 863 3239 936 protinus
3266 862 3464 936 ipsum

2057 953 2370 1008 Auctorem
2403 952 2577 1022 rodit,
2611 951 3020 1024 excruciatque
3051 952 3341 1011 animum.

1984 1041 2257 1099 Ecclesiae
2287 1042 2643 1099 reverendus
2672 1041 2856 1098 bonos
2887 1058 2922 1097 a
2950 1044 3215 1116 tempore
3245 1041 3460 1115 prisco,

2056 1131 2433 1205 Principibus
2464 1130 2717 1187 summis
2750 1129 3220 1203 praesulibusque
3249 1129 3389 1205 piis,

1984 1220 2291 1281 Curricula
2320 1238 2611 1277 annorum
2641 1221 2854 1277 ﬂorens
2883 1234 2987 1293 per
3014 1219 3273 1293 plurima
3302 1220 3488 1292 fulsit,

2055 1310 2177 1366 Sub
2210 1311 2427 1383 pietate
2456 1313 2692 1383 patrum
2724 1309 2971 1382 pignora
2999 1308 3177 1366 chara
3210 1309 3410 1366 fovens
3443 1327 3457 1365 :

1982 1401 2049 1456 Et
2074 1400 2295 1474 gallina
2324 1399 2451 1474 pios
2482 1415 2806 1473 pennarum
2836 1398 3093 1472 tegmine
3123 1399 3277 1455 fetus

2056 1489 2299 1563 Mystica
2328 1488 2646 1546 mundanis
2674 1487 2817 1545 texit
2848 1489 2919 1545 ab
2950 1486 3204 1545 insidiis.

1981 1578 2286 1653 Agnoscis,
2321 1579 2381 1634 ni
2412 1578 2602 1647 fallor,
2638 1577 2795 1635 enim
2828 1592 2955 1650 quae
2979 1576 3214 1635 nomine
3244 1575 3346 1633 tali

2050 1668 2203 1725 Voce
2233 1667 2570 1742 evangelica
2598 1671 2803 1725 sancta
2835 1670 3069 1724 notetur
3097 1664 3238 1743 avis.

1982 1755 2086 1813 Illa
2115 1756 2382 1814 dolenter
2409 1757 2532 1814 avis
2562 1757 2741 1813 etiam
2775 1773 2932 1812 nunc
2962 1754 3199 1830 garrula
3227 1753 3461 1822 clamat,

2049 1848 2121 1903 Et
2148 1851 2348 1903 nostro
2380 1846 2639 1921 gemitus
2666 1846 2885 1919 promit
2916 1846 2989 1902 ab
3019 1861 3117 1902 ore
3149 1844 3297 1918 pios.

1901 1971 1948 2035 Β
1982 1937 2179 2009 Teque
2209 1936 2374 2009 prius
2407 1953 2585 2009 quam
2616 1934 2772 1993 calce
2803 1940 3163 2008 secet,quam
3183 1935 3450 1991 verberet
3478 1933 3632 2002 aliis,

2049 2026 2352 2098 Quamque
2383 2025 2571 2083 oculis
2603 2026 2834 2099 spoliet,
2869 2025 2952 2082 sic
2984 2024 3206 2098 pietata
3232 2028 3417 2080 vocat.

1979 2114 2024 2171 Ο
2056 2114 2139 2171 illi
2168 2115 2464 2183 Moduine,
2496 2115 2604 2171 tibi
2637 2116 2796 2188 (nam
2829 2115 3045 2188 pignus
3076 2117 3133 2169 et
3160 2113 3287 2185 ipse

2048 2206 2124 2261 Es
2157 2209 2445 2273 nostrum,
2466 2207 2679 2261 nostro
2711 2205 2868 2260 fotus
2898 2208 2954 2259 et
2984 2203 3044 2257 in
3076 2202 3318 2275 gremio)

1979 2293 2126 2362 Quid
2158 2311 2297 2368 rogo
2327 2293 2670 2362 commerui,
2702 2297 2864 2349 tanto
2896 2293 3050 2365 quod
3081 2295 3342 2364 tempore
3374 2293 3522 2358 tuta,

2052 2383 2302 2440 Sedibus
2331 2401 2362 2440 e
2393 2383 2639 2455 placidis
2670 2381 2916 2456 pignora
2943 2386 3148 2438 nostra
3178 2380 3347 2454 fugas
3362 2379 3403 2435 ‘1'

1980 2475 2127 2541 Quid
2158 2473 2304 2529 mihi
2336 2472 2608 2530 tristitias
2635 2471 2934 2529 cumulas?
2947 2470 3087 2543 quid
3119 2470 3334 2543 gaudia
3361 2470 3631 2525 truncas?

2052 2565 2197 2621 Cum
2229 2564 2483 2638 gaudere
2514 2580 2643 2619 mea
2674 2579 2767 2618 me
2796 2560 2994 2617 sobole
3024 2560 3183 2615 haud
3214 2558 3430 2632 pateris
3449 2558 3477 2613 ‘I

1981 2655 2071 2710 Me
2102 2653 2410 2727 pietas,me
2441 2653 2634 2725 prisca
2663 2652 2808 2708 fides
2836 2649 3165 2706 munimine
3198 2646 3331 2705 torti

2050 2743 2337 2811 Cinxerat,
2370 2747 2427 2799 et
2455 2742 2628 2799 certis
2658 2744 2923 2814 sepserat
2952 2738 3208 2796 auxiliis.

1979 2833 2204 2906 Quique
2236 2832 2411 2890 etiam
2442 2831 2748 2904 accipitres
2779 2831 3013 2887 fuerant
3042 2827 3318 2901 milvique
3363 2842 3626 2900 rapaces,

2047 2923 2126 2978 Ac
2156 2922 2313 2979 soliti
2341 2926 2512 2979 natos
2542 2920 2824 2977 dilaniare
2854 2936 3016 2976 meos
3041 2936 3055 2989 ;

1978 3011 2040 3067 In
2072 3011 2331 3085 placidas
2354 3011 2506 3068 versi
2537 3010 2734 3068 subita
2761 3009 2977 3083 pietate
3002 3008 3326 3076 columbas,

2047 3101 2235 3158 Cursu
2268 3100 2434 3158 avido
2464 3105 2698 3157 nostros
2727 3099 3015 3173 expetiere
3040 3099 3207 3155 sinus
3241 3114 3254 3152 :

1974 3191 2365 3270 Depositoque
2394 3195 2557 3247 truce
2587 3189 2821 3264 ingenio
2849 3206 2953 3246 seu
2983 3188 3221 3245 nomine
3244 3190 3428 3256 torvo,

2044 3280 2292 3337 Nomine
2322 3285 2379 3336 et
2406 3280 2639 3354 ingenio
2669 3278 3076 3351 complacuere
3108 3294 3258 3333 meo.

195 3368 355 3425 Sum
388 3366 788 3435 modicus,sed
821 3384 1037 3441 magna
1061 3369 1452 3443 loquarzquia
1481 3371 1735 3428 maxime
1764 3371 1860 3427 ille
1892 3344 1936 3412 (ἶ
1974 3368 2254 3443 Hospitiis
2283 3369 2499 3425 haesere
2530 3368 2699 3435 meis,
2734 3384 2865 3424 mea
2893 3384 3071 3440 parva
3099 3366 3283 3422 secuti

268 3456 461 3529 Cujus
492 3473 586 3513 res
617 3472 792 3529 parvo
823 3458 1080 3514 carmine
1110 3476 1267 3515 nunc
1300 3459 1511 3533 agitur.

192 3548 321 3604 Res
350 3545 550 3602 divina
580 3545 687 3602 tibi
721 3546 1054 3603 cantabitur
1087 3564 1098 3603 :
1129 3548 1340 3621 arrige,
1375 3566 1591 3622 quaeso,

270 3634 572 3693 Sollicitas
604 3652 799 3704 aures,
832 3640 889 3692 et
919 3636 1016 3709 pia
1044 3637 1220 3693 corda
1251 3638 1482 3694 adhibe.

191 3725 341 3782 Esto
374 3742 621 3792 memor,
656 3725 935 3798 quoniam
967 3726 1145 3782 duras
1176 3726 1277 3799 qui
1312 3732 1635 3801 praegravat
1664 3746 1857 3798 auras,

268 3814 360 3870 Ad
392 3813 626 3870 Domini
652 3813 842 3888 legem
872 3819 1001 3871 vcta
1031 3815 1233 3872 odiosa
1261 3816 1400 3873 facit
1432 3833 1445 3873 :

191 3904 269 3959 Et
298 3920 519 3960 vacuas
550 3904 735 3960 defert
765 3905 837 3960 ad
870 3904 1085 3960 Christi
1117 3905 1325 3961 altaria
1353 3922 1541 3975 voces,

268 3992 555 4066 Pauperis
586 3994 658 4050 ad
692 4011 889 4050 vocem
920 3994 1144 4051 viscera
1172 3995 1353 4051 cruda
1382 4012 1612 4067 gerens.

191 4082 371 4150 Quid,
407 4096 625 4155 quaeso,
656 4087 1031 4140 sacrosancta
1061 4084 1168 4140 tibi
1199 4084 1495 4140 nutricula
1525 4090 1745 4157 nostra,

265 4174 460 4245 Atque
492 4173 693 4229 eadem
726 4173 978 4246 genitrix
1006 4173 1265 4230 Ecclesia
1291 4174 1414 4230 haec
1444 4175 1704 4232 meruit?

189 4261 270 4318 Ut
298 4260 509 4318 furiale
540 4262 741 4318 odium
774 4262 938 4319 ferali
968 4268 1201 4335 pectore
1231 4280 1493 4333 versans,

265 4350 461 4407 Moliri
492 4351 642 4408 hanc
674 4356 877 4409 contra
900 4351 1043 4408 talia
1074 4369 1189 4408 non
1222 4356 1470 4411 metuas.

189 4439 496 4497 Discindis
524 4439 703 4515 leges,
739 4458 1031 4498 canonum
1063 4459 1231 4499 sacra
1251 4443 1393 4515 jura
1422 4442 1673 4512 revellis,

264 4530 423 4586 Dum
455 4534 724 4586 materna
753 4531 927 4587 modo
959 4531 1181 4588 viscera
1202 4532 1346 4604 proh
1372 4532 1384 4586 !
1422 4532 1670 4607 subigis,

190 4620 310 4676 Nec
340 4619 561 4675 metuis
592 4621 838 4677 demens
867 4620 1056 4677 calces
1085 4620 1309 4678 illidere
1340 4622 1588 4692 Christo,

261 4709 346 4765 De
375 4709 546 4781 cujus
576 4709 819 4766 stimulo
849 4714 1013 4783 terga
1043 4714 1285 4767 cruenta
1315 4711 1490 4785 geris.

185 4798 381 4872 Terga
409 4802 654 4855 cruenta
683 4798 858 4873 geris,
892 4816 998 4856 nec
1030 4799 1262 4856 sulcum
1294 4800 1558 4874 corrigis,
1586 4806 1643 4858 et
1675 4802 1780 4860 bos

254 4936 277 4962 ι
309 4924 433 4981 Hoc
460 4922 711 4998 alterum
755 4940 990 4981 carmen
1033 4925 1317 4998 scriptum
1366 4929 1454 4982 est
1498 4928 1569 4983 ad
1622 4928 1848 4986 Modoi-

184 5013 330 5052 num
358 4996 958 5069 Augustoduuensem
988 4995 1350 5069 episcopum,
1385 4997 1487 5070 qui

344 5104 573 5169 Augusti
602 5107 800 5154 montis
827 5106 1010 5168 pastor
1028 5102 1083 5153 in
1112 5117 1232 5154 arce
1267 5107 1458 5167 potens

184 5209 492 5284 diciturin
525 5211 641 5268 alio
672 5210 823 5284 Flori
856 5210 1134 5280 carmine,
1168 5211 1324 5284 quod
1370 5211 1714 5270 Petavianus
1747 5230 1841 5271 co-

183 5284 295 5340 de:
366 5282 599 5356 itidem*
640 5282 974 5341 continebat
1058 5282 1204 5356 (vide
1248 5286 1482 5356 infra).
1534 5284 1669 5342 .Hic
1751 5291 1842 5342 est

183 5355 916 5440 Muatwinusepiscopus,
962 5354 1137 5440 quem
1185 5354 1546 5440 Walafridus
1595 5357 1840 5440 St‘ra‘bnus

183 5427 456 5484 versibus
482 5426 689 5484 itidem
721 5426 1332 5500 celebravit,idemque
1354 5427 1459 5500 cui
1475 5428 1839 5486 Theodulfus

180 5499 928 5583 episCOpus‘inscrib‘itlib.
964 5518 1036 5568 IV,
1071 5499 1304 5583 carmen
1335 5499 1500 5583 fil-lic
1530 5516 1663 5557 vero
1686 5518 1839 5583 seve:

180 5572 602 5645 riusicarpitur
634 5572 971 5645 Moduinus,
997 5572 1160 5645 quod
1192 5572 1529 5645 nutriculqm
1565 5589 1746 5645 suam,
1778 5574 1837 5630 id

181 5648 268 5700 est
301 5643 761 5716 Lugdunensem
791 5643 1197 5716 Ecclesiam,in
1228 5645 1399 5716 cujus
1430 5643 1563 5716 sinu
1576 5644 1837 5701 adoleve-

181 5721 271 5772 rat
302 5714 458 5772 male
488 5715 1020 5785 tractaverat,illius
1050 5714 1316 5773 Ecclesiae
1348 5714 1587 5773 clericos
1601 5716 1837 5776 trahens

181 5788 250 5846 ad
280 5786 563 5845 seculare
607 5793 832 5845 storum
883 5793 1086 5846 contra
1132 5804 1424 5846 canonum
1474 5788 1831 5861 praescripta.

1730 3463 1860 3529 [est,

2042 3458 2279 3527 Pabula,
2313 3463 2370 3514 et
2398 3457 2668 3514 innocuis
2696 3457 2885 3513 vivere
2916 3455 3164 3512 deliciis.

1970 3547 2180 3605 Rostra
2212 3564 2557 3620 unguesque
2586 3547 2739 3602 feros
2769 3545 2902 3618 quis
2933 3561 3027 3600 me
3055 3548 3286 3600 vastare
3330 3542 3618 3616 solebant,
3708 3596 3720 3603 .

2038 3637 2275 3694 Vertere
2305 3637 2363 3693 in
2399 3640 2668 3693 nostrum
2699 3635 2947 3691 dulciter
2966 3633 3338 3707 obsequium.

1966 3727 2252 3784 Adversas
2282 3727 2545 3783 volucres
2576 3725 2786 3782 virtute
2817 3728 2990 3798 atque
3016 3741 3115 3780 ore
3145 3722 3457 3796 repellunt,

2040 3818 2132 3873 Me
2158 3816 2317 3890 vigili
2349 3815 2567 3888 studio,
2602 3833 2695 3872 me
2727 3815 2942 3888 pietate
2975 3813 3188 3870 fovent.

1965 3906 2345 3979 Agnoscisne,
2376 3922 2536 3979 rogo,
2569 3904 2913 3961 venerandae
2943 3903 3257 3977 aenigmata
3286 3902 3535 3958 matris?

2038 3998 2106 4052 Et
2135 4014 2267 4052 mea
2297 3996 2437 4070 quid
2470 3997 2706 4069 signent
2732 3995 2981 4068 mystica
3010 3995 3186 4051 verba
3219 3993 3379 4067 capis
3398 3994 3427 4050 ‘I

1963 4088 2051 4143 An
2082 4086 2413 4144 miserande
2438 4102 2631 4142 meam
2661 4102 2767 4142 nec
2791 4085 2880 4141 vis
2902 4101 3251 4158 cognoscere
3280 4100 3504 4152 vocem,

2035 4174 2315 4249 Displicet
2344 4179 2518 4248 atque
2549 4175 2735 4232 oculis
2766 4174 3018 4247 hispada
3046 4174 3234 4229 forma
3258 4172 3378 4229 tuis
3400 4173 3428 4228 ?

1964 4267 2044 4322 Te
2074 4264 2328 4338 gemitus
2353 4269 2553 4321 noster
2580 4265 2824 4337 peperit,
2860 4268 2916 4319 te
2947 4262 3227 4335 parvulus
3258 4266 3450 4317 ortum
3484 4300 3490 4306 ι

2033 4354 2284 4411 Nidulus
2314 4354 2556 4426 excepit,
2588 4358 2645 4410 te
2675 4352 2834 4410 calor
2861 4353 2958 4409 hic
2989 4351 3134 4407 aluit
3159 4370 3172 4421 ;

1963 4445 2026 4501 In
2057 4443 2370 4517 lucemque
2398 4444 2660 4512 trahens,
2693 4443 3007 4499 tenebrosa
3035 4440 3331 4516 ergastula
3354 4440 3537 4514 rapit:

2031 4535 2194 4607 Aque
2224 4533 2383 4589 dedit
2410 4533 2548 4601 vita,
2584 4532 2734 4599 luce,
2768 4531 2957 4588 salute
2983 4531 3118 4588 frui.

1960 4623 2121 4679 Haare
2150 4621 2331 4695 igitur
2362 4619 2555 4689 matri,
2587 4618 2789 4676 dulces
2822 4635 2894 4675 ne
2925 4619 3127 4676 desere
3156 4618 3366 4675 fratres
3396 4634 3410 4673 :

1881 4724 1929 4787 ι)
2031 4712 2250 4768 Horum
2282 4710 2444 4767 solus
2474 4726 2640 4766 amor
2667 4712 2757 4766 est
2784 4708 2893 4764 tibi
2924 4711 3083 4765 certa
3112 4707 3294 4765 salus.

1955 4803 2072 4859 Cur
2099 4800 2250 4857 hanc
2281 4800 2671 4874 persequeris,
2704 4816 2809 4856 cur
2837 4797 3032 4855 dulcia
3062 4798 3309 4872 pignora
3338 4797 3529 4872 carpis
3548 4798 3576 4853 ?

1960 4927 2067 4984 Ubi
2101 4925 2312 4998 mirari
2334 4926 2495 4981 subit
2523 4925 2664 4998 quid
2692 4925 2850 4998 juris
2881 4923 3608 4998 fuerit_Modoino,Lugdu-

1958 4999 2160 5056 nensis
2188 4997 2457 5071 Ecclesiae
2486 4994 2874 5071 suﬂ'raganeo,
2907 4995 2969 5051 in
3015 4994 3383 5071 Metropolim
3413 4994 3604 5071 suam.

1955 5071 2246 5127 Nimirum
2276 5068 2416 5143 quia
2445 5085 2660 5143 magna
2675 5067 2817 5143 'ejus
2845 5072 2972 5143 erat
3020 5068 3175 5143 apud
3203 5067 3603 5143 'Ludovicum.

1955 5142 2092 5199 Pius
2123 5138 2665 5213 auctoritas,facile
2695 5138 2806 5213 ipsi
2837 5139 2949 5213 fuit
2978 5138 3279 5213 exsulante
3298 5138 3604 5213 Agobardo

1952 5213 2412 5287 archiepiscopo,
2468 5212 2527 5267 in
2568 5209 3261 5287 jura—ipsiusEcclesia:
3310 5209 3603 5267 invadere.

1953 5286 2118 5343 Certe
2145 5280 2502 5358 quam-Vibene
2533 5280 2797 5358 audierit
2821 5281 2978 5354 apud
3012 5280 3392 5358 Ludovicum,
3426 5298 3606 5358 argu-

1954 5350 2270 5415 mento-est
2299 5355 2602 5413 Theodulﬁ
2637 5350 2877 5411 carmen
2902 5350 3362 5426 praecitatum,ex
3380 5369 3494 5425 quo
3516 5353 3603 5426 in-

1949 5429 2271 5503 telligimus
2305 5428 2646 5503 Moduinum
2679 5422 3005 5503 Theodulfo
3053 5422 3600 5503 persuadere—moli-

1949 5494 2291 5559 tumvfuisse
2319 5504 2391 5578 ut
2413 5501 2633 5578 crimen
2653 5496 2762 5553 sibi
2795 5497 2866 5553 ab
2895 5494 3600 5578 imperatoreimpositum

1949 5578 2288 5646 agnosceret
2319 5573 2715 5646 fatereturgue
2738 5585 2760 5646 _:
2796 5569 2951 5646 quod
2983 5568 3033 5646 is
3065 5568 3346 5646 innocens
3376 5568 3599 5646 detrec-

1947 5638 2109 5702 tavit.
2143 5648 2216 5702 At
2245 5643 2459 5700 clarius
2491 5638 2753 5698 Mod'uini
2786 5638 3191 5712 auctoritatem
3224 5640 3432 5712 probat
3457 5638 3596 5695 Wa-

1945 5717 2213 5786 lafridus,
2247 5733 2381 5772 eum
2415 5713 2612 5772 Galliae
2638 5721 2918 5786 proretam
2948 5709 3271 5786 appellans.
