4100 6442
465 382 591 449 266
1567 400 1802 465 FLORI
1848 399 2161 465 omnem
2207 401 2792 466 LUGDUNENSIS.
3766 404 3901 469 see

538 520 665 579 Non
696 522 817 580 haec
844 527 1037 585 rostra
1066 526 1173 586 tibi
1206 535 1406 588 nostra
1435 534 1623 607 ﬁgura
1652 535 1831 593 dedit.
2151 536 2205 604 Α
2234 535 2541 592 Infremuit
2570 535 2778 592 mundi
2812 535 3041 593 Christo
3072 535 3333 594 veniente
3364 540 3643 611 potestas,

468 612 673 669 Tunde
703 613 887 688 igitur
910 620 1126 675 tetrum
1153 622 1325 677 rostri
1355 624 1710 682 damnabilis
1742 644 1961 684 uncum
1997 645 2009 683 :
2306 625 2592 682 Gentilem
2624 631 2690 682 ut
2714 626 2944 699 plebem
2972 631 3226 683 necteret
3255 628 3348 700 ipe
3379 626 3513 695 sibi,

536 702 607 757 Et
638 702 774 776 fuge
804 722 1087 778 germana
1113 709 1302 767 vivere
1332 730 1504 769 carne
1536 715 1713 772 ferox.
2230 714 2537 771 Infremuit
2566 720 2784 772 terrore
2813 716 2992 788 gravi,
3028 714 3301 789 legesque
3332 717 3553 774 feroces

467 789 639 848 Utere
669 793 1040 868 simplicibus
1073 800 1381 857 nobiscum
1414 803 1665 860 dulciter
1693 805 1866 874 escis,
2302 804 2518 873 Edidit,
2555 821 2620 860 ac
2650 809 2770 859 toto
2803 805 3009 860 terruit
3040 805 3177 861 orbe
3205 804 3351 878 pios.

536 882 607 937 Et
637 882 764 939 miti
797 884 997 941 mitem
1029 894 1260 959 pectore
1281 907 1472 962 qurere
1504 894 1724 951 cibum.
2231 893 2293 949 In
2328 893 2509 949 servis
2541 898 2735 949 tamen
2764 893 2862 950 ille
2892 895 3017 950 suis
3045 894 3261 950 virtute
3292 895 3534 968 potenti,

466 969 616 1026 Sunt
645 974 741 1044 pia
763 974 900 1045 jura
933 977 1274 1050 ducum;pia
1306 985 1445 1037 sunt
1465 990 1752 1057 praecepta
1781 991 2118 1059 parentum:
2303 984 2454 1039 Dum
2487 988 2725 1056 superat
2754 984 3065 1048 mundum,
3099 984 3307 1040 robora
3336 985 3465 1040 dira
3496 989 3682 1041 necat.

539 1060 678 1126 Quis
709 1078 813 1136 ego
846 1065 919 1119 ab
952 1066 1117 1121 initio
1142 1070 1379 1125 munior
1408 1076 1587 1145 atque
1617 1091 1804 1147 regor.
2231 1073 2305 1130 Ut
2331 1072 2483 1129 male
2513 1073 2667 1145 quod
2700 1073 2865 1141 vixit,
2897 1073 3221 1142 moriatur;
3257 1079 3488 1130 mortua
3511 1092 3683 1147 porro

466 1150 614 1215 Quid
647 1153 915 1209 tenebras
948 1153 1083 1220 luci,
1120 1159 1261 1228 quid
1297 1160 1453 1215 melli
1485 1162 1785 1220 absinthia
1818 1165 2067 1222 misces?
2303 1162 2583 1235 Impietas
2614 1161 2847 1218 (10106111
2878 1167 3109 1235 Promat
3137 1164 3208 1219 ab
3240 1180 3336 1219 0P6
3368 1164 3545 1219 {idem
3578 1182 3591 1219 ε

535 1238 652 1294 Ista
681 1239 785 1295 tibi
819 1259 1050 1317 semper
1080 1246 1398 1305 dissociata
1430 1257 1690 1308 manent.
2230 1251 2512 1323 Quodque
2541 1251 2680 1307 olim
2714 1252 2917 1307 rabido
2949 1251 3186 1308 fremitu
3218 1252 3438 1310 laniare
3472 1254 3736 1326 parabat,

462 1327 543 1383 Ex
569 1345 681 1401 quo
713 1333 1067 1405 conspicuus
1096 1336 1312 1393 Christi
1345 1356 1449 1411 per
1478 1342 1690 1397 saecula
1713 1344 1907 1400 cultus
2303 1342 2419 1397 Hoc
2451 1342 2623 1397 modo
2645 1343 2771 1414 jam
2804 1341 2960 1397 dulci
2994 1342 3265 1414 praedicet
3296 1359 3393 1398 ore
3426 1342 3610 1399 melos
3639 1360 3652 1397 :

536 1419 739 1475 Fulsit.
774 1426 829 1476 et
863 1423 1076 1479 idolica
1106 1426 1259 1499 fugit
1290 1429 1362 1483 ab
1393 1430 1535 1486 urbe
1566 1431 1693 1489 lues
1728 1451 1741 1488 :
2230 1431 2479 1503 Jamque
2510 1430 2712 1487 hmdus
2743 1430 2980 1499 Christi,
3007 1432 3106 1502 qui
3137 1436 3277 1488 tunc
3307 1431 3396 1487 leo
3428 1436 3629 1489 torvus
3660 1432 3894 1504 abibat,

464 1506 779 1581 Nunquam
812 1512 1009 1583 prisca
1040 1531 1203 1571 meos
1230 1523 1512 1575 vexarunt
1530 1522 1671 1592 jura
1702 1523 2028 1593 ministros,
2300 1521 2573 1577 Peccator
2601 1520 2831 1577 veniam
2864 1521 3122 1592 postulet
3151 1520 3276 1593 ipse
3307 1521 3442 1577 sibi.

532 1596 791 1655 Pondere
821 1618 928 1657 nec
960 1603 1111 1659 saecli
1146 1622 1238 1661 res
1265 1613 1504 1665 onerata
1527 1627 1693 1668 sacra
1723 1617 1831 1669 est,
2230 1609 2323 1666 Sic
2357 1611 2662 1666 mundana
2688 1609 2799 1666 sibi
2831 1610 3082 1681 subjecit
3110 1610 3370 1666 culmina
3399 1610 3685 1681 Christus,

464 1685 708 1760 Semper
735 1688 1051 1749 distinctus
1080 1695 1158 1765 (α)
1183 1696 1397 1769 duplex
1426 1698 1523 1755 hic
1553 1701 1694 1757 ordo
1721 1703 2030 1772 cuburrit,,
2301 1700 2524 1755 Cuncta
2552 1705 2609 1755 et
2638 1699 2697 1755 in
2730 1699 3079 1772 obsequium
3113 1700 3289 1756 traxit
3320 1700 3538 1774 ubique
3567 1718 3763 1757 suum.

535 1774 964 1863 Judicibusque
997 1782 1119 1839 suis
1148 1788 1393 1858 utraque
1426 1805 1561 1860 pars
1591 1791 1796 1863 viguit.
2227 1791 2300 1845 At
2327 1794 2390 1845 tu
2424 1789 2473 1844 si
2503 1793 2766 1845 veterum
2800 1789 2993 1846 nescis
3026 1789 3121 1861 pia
3143 1790 3283 1861 jura
3312 1789 3567 1863 piorum,

465 1862 781 1923 Ordinibus
814 1870 996 1927 sacris
1026 1875 1345 1930 reverentia
1371 1877 1567 1935 debita
1596 1862 1773 1936 cessit
1805 1899 1818 1937 :
2142 1909 2191 1974 B
2297 1878 2506 1935 Desine
2536 1879 2692 1951 quod
2724 1878 2916 1935 nescis
2949 1877 3233 1935 dilaniare
3263 1862 3507 1936 benum.

536 1952 756 1974 mm;
932 1958 967 1974 ..
1002 1960 1017 1974 .
1620 1970 1631 1974 _
2220 1968 2279 1974 __
2496 1972 2501 1974 _
2899 1968 2911 1974 _
3043 1967 3053 1974 .
3301 1968 3315 1974 -
3471 1968 3483 1974 _

535 1952 798 2042 Plebeios
829 1958 976 2015 rexit
1002 1960 1094 2017 lex
1114 1978 1224 2019 sua
1254 1981 1549 2039 quemque
1579 1970 1753 2027 viros.
2142 1952 2191 1974 ³³
2219 1968 2290 2023 Et
2317 1984 2459 2040 cape
2487 1966 2865 2039 tranquillus,
2898 1967 3131 2024 brevius
3165 1968 3320 2041 quod
3353 1968 3569 2042 pagina
3597 1970 3793 2026 verbis

464 2040 980 2136 Quid-mihi‘nunc
1009 2055 1260 2109 veterem
1286 2059 1351 2111 tu
1385 2057 1470 2113 vis
1502 2059 1834 2117 subvertere
1866 2077 2064 2136 sepem
2085 2064 2114 2119 ?
2291 2057 2360 2131 (ε)
2391 2056 2586 2113 Altera
2614 2057 2856 2130 paCiiiOO
2888 2058 3153 2131 suggerit
3183 2040 3253 2113 ΕΠ
3277 2040 3470 2114 εωάίδ
3500 2075 3513 2113 ε

533 2131 680 2197 Quid
712 2134 858 2191 mihi
885 2141 1199 2199 maceriam
1230 2144 1416 2202 diruis
1447 2150 1776 2221 oppositam
1793 2152 1828 2207 ,Ἰ
1932 2131 1949 2136 ⁷
2217 2145 2482 2219 Cumque
2512 2150 2778 2202 serenato
2809 2145 3124 2219 perlegeris
3154 2146 3354 2203 omnia
3382 2147 3573 2217 vultu,

460 2217 577 2275 Cur
603 2226 826 2282 veteres
853 2226 1000 2284 ﬁnes
1031 2235 1230 2288 nostro
1255 2217 1576 2293 convellere
1608 2238 1789 2296 fundo
2289 2237 2357 2293 Et
2384 2217 2564 2308 quam
2596 2252 2710 2291 non
2744 2217 2918 2291 noras
2946 2217 3162 2292 videris
3193 2236 3319 2310 ipse
3344 2236 3520 2305 viam,

528 2309 767 2380 Niteris,
800 2318 857 2371 et
887 2319 1114 2377 cunctis
1144 2323 1341 2392 pervia
1370 2342 1510 2381 rura
1540 2326 1726 2383 facis?
2219 2325 2340 2381 Sub
2373 2324 2585 2381 Christi
2617 2329 2834 2382 terrore
2864 2330 3143 2392 tremens,
3177 2309 3393 2398 pietate
3424 2326 3584 2383 fideli

458 2397 608 2489 Audi
636 2402 889 2460 veridico
921 2406 1196 2465 Salomon
1228 2412 1369 2483 quid
1402 2420 1675 2486 personet
1703 2434 1821 2484 ore,
2287 2414 2520 2488 Corrige
2550 2415 2706 2487 quod
2733 2431 2978 2487 pravum
3006 2414 3291 2488 perspicis
3322 2414 3448 2489 ipse
3478 2420 3669 2473 tuum.

530 2488 601 2543 Et
629 2506 907 2549 mucrone
940 2496 1080 2553 time
1107 2501 1164 2554 te
1186 2500 1463 2573 jugulare
1491 2508 1615 2559 tuo.
2216 2503 2435 2576 Nempe
2466 2504 2645 2560 etiam
2676 2504 2725 2559 si
2757 2503 2879 2559 ulla
2907 2521 3163 2576 usquam
3195 2503 3316 2561 haec
3340 2488 3479 2578 jura
3506 2510 3772 2564 vetarent

457 2576 699 2635 Eversor
730 2582 885 2655 sepis
917 2584 1156 2645 colubro
1187 2592 1488 2649 mordente
1520 2595 1750 2667 peribit,
2286 2594 2440 2649 Num
2470 2593 2724 2667 gessisse
2756 2594 2921 2649 decet
2951 2592 3091 2649 talia
3120 2576 3499 2667 pontificem?

530 2667 720 2741 Seque
742 2688 848 2729 suo
880 2675 977 2746 qui
1014 2676 1121 2732 fert
1152 2696 1291 2735 saxa
1320 2680 1517 2739 labore
1541 2690 1782 2756 premet.
2215 2683 2358 2739 Rem
2385 2683 2530 2739 bene
2561 2686 2958 2739 constructam
2983 2686 3146 2738 tanto
3178 2683 3412 2750 sudore,
3436 2687 3522 2739 tot
3552 2684 3724 2740 annis

460 2756 539 2811 Te
567 2773 787 2832 preme,
819 2765 875 2819 te
904 2765 1127 2836 perime
1158 2784 1171 2822 ι
1206 2786 1342 2825 nam
1374 2788 1467 2827 me
1500 2773 1749 2845 spoliare
1775 2777 2066 2850 nequibis,
2287 2772 2601 2840 Subruere,
2635 2775 2689 2828 et
2716 2770 2920 2828 sceleri
2952 2772 3207 2844 pandere
3237 2777 3443 2844 sponte
3466 2771 3620 2828 viam
3643 2774 3671 2829 ?

528 2847 774 2905 Auxiliis
807 2851 1014 2910 fultam
1046 2873 1279 2930 semper
1307 2860 1524 2933 ubique
1554 2863 1674 2918 Dei.
1867 2847 1886 2850 _
2214 2860 2438 2930 Dicere,
2471 2859 2673 2917 nullus
2702 2860 2890 2917 honos
2920 2861 3168 2917 debetur
3198 2861 3458 2931 (credite)
3489 2861 3673 2918 sacris

455 2934 593 2991 Post
623 2940 986 3013 evangelicos
1017 2945 1269 3020 clypeos,
1304 2955 1439 3022 post
1466 2952 1585 3009 tela
1613 2970 1857 3012 corusca
2285 2950 2604 3007 Ordinibus
2638 2967 2651 3005 ε
2680 2955 2921 3006 cunctos
2953 2950 3147 3023 1311130t
3177 2951 3397 3023 ubique
3431 2951 3640 3007 forum-

529 3025 659 3081 Oris
687 3031 1010 3102 apostolici,
1041 3041 1174 3107 post
1204 3037 1302 3110 pia
1332 3038 1462 3109 jura
1491 3041 1615 3113 Dei,
2214 3040 2288 3113 (ά)
2322 3040 2469 3096 Nam
2497 3039 2608 3095 nisi
2637 3040 2965 3096 coenobium
2998 3044 3184 3095 mater
3205 3038 3488 3096 muliebre
3503 3041 3873 3113 gubernans,

458 3113 547 3169 Me
579 3115 999 3179 Constantinus
1028 3129 1337 3184 reverendo
1369 3131 1561 3186 munit
1590 3134 1662 3188 ab
1693 3150 1790 3189 ore
1825 3151 1838 3189 :
2284 3131 2352 3185 Et
2382 3147 2546 3185 sacer
2577 3130 2840 3197 antistes,
2875 3134 3080 3186 callem
3111 3129 3303 3203 ΡυῙνίδ
3328 3134 3518 3185 erunt-

528 3203 881 3297 MeAquoque
910 3212 986 3285 (ὁ)
1017 3214 1382 3274 Theodosius
1413 3221 1665 3295 protegit
1694 3240 1792 3279 ore
1826 3223 1939 3297 pio.
2138 3286 2174 3297 Α
2215 3219 2274 3276 Si
2308 3224 2473 3293 pater
2501 3238 2563 3277 es
2594 3219 2752 3287 cleri,
2786 3219 2904 3276 noli
2937 3224 3309 3276 contemnere
3341 3218 3560 3275 clerum
3596 3237 3610 3275 :

453 3292 696 3352 Arcadio
728 3298 885 3356 dulci
912 3304 1206 3375 perdulcis
1239 3286 1529 3366 Honorius
1558 3286 1785 3369 hvmrens
1826 3286 1845 3297 .
2132 3286 2174 3352 C
2284 3310 2399 3365 Nec
2431 3314 2485 3366 te
2516 3310 2600 3366 sic
2633 3313 2697 3366 ut
2726 3326 2825 3365 eos
2855 3309 3011 3383 erige
3044 3309 3282 3365 deicias.

524 3382 613 3473 Me
644 3386 1060 3464 dulcieloquio
1087 3392 1309 3464 laudat,
1331 3397 1597 3467 honorat,
1632 3405 1810 3457 amat.
2211 3399 2342 3456 Haec
2372 3400 2650 3473 quoniam
2682 3417 2799 3456 non
2832 3382 3071 3455 sanctus
3098 3416 3281 3473 amor,
3307 3400 3409 3456 sed
3441 3400 3713 3473 turgidus
3735 3405 3868 3458 atro

450 3470 595 3536 Quid
628 3480 903 3534 veterana
931 3480 1189 3555 loquar?
1218 3492 1416 3543 nostro
1449 3506 1603 3545 nunc
1632 3508 1763 3547 eccc
1795 3493 1907 3548 sub
1937 3510 2054 3549 aevo
2282 3470 2640 3544 Fumiﬂnum
2673 3488 2906 3561 spirans
2938 3492 3129 3544 ructat
3159 3490 3230 3545 ab
3261 3506 3357 3545 ore
3388 3489 3552 3546 furor
3586 3507 3599 3545 :

518 3564 642 3629 Qua
670 3565 936 3637 placidus
966 3572 1237 3646 princeps
1267 3592 1359 3632 me
1388 3578 1601 3649 pietate
1630 3580 1768 3635 colit
1787 3584 1815 3636 ί]
2209 3577 2339 3633 Haec
2367 3577 2415 3633 si
2450 3582 2641 3634 mente
2671 3578 2768 3650 pia
2790 3577 3035 3650 relegas,
3070 3576 3119 3633 si
3150 3581 3381 3650 pectore
3412 3595 3557 3650 puro

448 3647 557 3706 Pro
588 3668 683 3709 me
713 3657 976 3715 conciliis
1006 3663 1238 3718 sudavit
1262 3647 1412 3738 saepe
1439 3669 1728 3738 verendis,
2277 3666 2564 3739 Accipias,
2598 3647 2837 3739 prodest
2866 3647 3026 3739 potio
3060 3647 3227 3722 sacra
3256 3666 3384 3723 tibi.

518 3741 589 3796 Et
615 3742 805 3801 valido
835 3748 1049 3819 pressit
1079 3751 1226 3808 colla
1254 3757 1507 3827 superba
1517 3759 1685 3831 jugo.
2208 3756 2305 3811 Est
2330 3756 2647 3812 subamara
2676 3756 2914 3828 quidem
2946 3772 2959 3810 :
2995 3756 3094 3812 sed
3131 3755 3179 3812 si
3211 3756 3455 3829 patiare,
3490 3754 3767 3815 salubris.

447 3830 701 3904 Legibus
732 3836 991 3910 antiquis
1021 3841 1212 3899 edicta
1240 3845 1496 3901 recentia
1516 3848 1540 3919 j
1552 3830 1736 3915 unxit,
2277 3846 2488 3902 Insunt
2515 3844 2746 3919 gallinae
2771 3844 2930 3902 zelus
2962 3862 3245 3920 amorque
3276 3845 3474 3902 simul.

516 3922 587 3978 Et
608 3923 758 3981 bona
781 3927 975 3998 prisca
1004 3931 1168 3988 novis
1200 3934 1360 3989 auxit
1388 3936 1606 4008 ubique
1637 3938 1809 3995 bonis
1845 3956 1857 3994 :

2202 3935 2469 4003 Estimo,
2497 3935 2586 3990 vir
2614 3934 2895 4007 prudens,
2928 3931 3089 3990 nullo
3120 3938 3177 3989 te
3209 3934 3339 3991 felle
3370 3935 3608 4002 moveri,

443 4010 525 4067 Ne
554 4028 647 4069 me
677 4031 781 4087 per
804 4016 1014 4091 plagus
1044 4022 1271 4088 mundi,
1305 4040 1409 4096 per
1438 4027 1674 4083 turbida
1703 4045 1843 4084 saxa
2275 4024 2419 4080 Cum
2450 4024 2646 4081 videas
2677 4023 2912 4080 Florum
2944 4027 2999 4079 te
3029 4024 3115 4079 sic
3145 4040 3342 4081 amare
3372 4029 3565 4081 tuum.

514 4102 797 4162 Obrueret
827 4108 1020 4166 subito
1054 4128 1165 4167 nox
1197 4112 1319 4169 fera
1349 4116 1675 4189 naufragio.
2203 4115 2350 4170 Nam
2381 4113 2626 4170 meliora
2654 4113 2737 4186 pii
2769 4117 2908 4169 sunt
2937 4112 3181 4170 vulnera
3211 4130 3443 4187 semper
3473 4114 3711 4187 amoris,

440 4191 586 4249 Vere
617 4194 776 4251 clara
806 4198 1027 4255 micant
1055 4202 1206 4257 sacri
1239 4204 1518 4276 mysteria
1549 4205 1783 4274 Christi,
2274 4203 2535 4260 Subdola
2567 4220 2746 4275 quam
2778 4203 2929 4260 ﬁctis
2962 4202 3163 4260 oscula
3194 4220 3398 4276 pressa
3427 4203 3627 4261 labris.

510 4282 643 4348 Quae
672 4291 936 4343 veterum
966 4288 1204 4363 signant
1232 4297 1397 4366 gesta
1417 4295 1587 4351 beata
1612 4298 1872 4354 Patrum.
2201 4295 2271 4350 Et
2302 4294 2449 4349 bene
2480 4310 2595 4349 non
2629 4296 2823 4359 notus,
2857 4292 3010 4349 male
3041 4292 3087 4349 si
3121 4292 3553 4350 inscrebescere
3583 4295 3813 4351 cunctis

436 4370 569 4427 Jam
597 4372 857 4432 validum
888 4379 1158 4447 Samson,
1194 4382 1333 4438 dum
1365 4383 1489 4439 vult
1519 4387 1826 4459 peregrina
1855 4387 2052 4445 subire
2272 4383 2550 4456 Coeperis,
2586 4382 2824 4438 infamis
2857 4381 3055 4438 fabula
3086 4399 3319 4455 semper
3346 4382 3480 4438 eris.

506 4462 829 4531 Connubia,
863 4467 1116 4540 impetiit
1145 4470 1449 4529 horrisono
1480 4491 1579 4531 ore
1606 4475 1715 4532 leo.

437 4552 641 4621 Quem,
670 4554 846 4611 veluti
881 4561 1143 4615 tenerum
1179 4561 1473 4619 frustatim
1506 4570 1766 4638 carperet
1794 4566 2049 4634 hmdum,

505 4640 606 4698 Ille
635 4660 870 4711 necans,
904 4646 1104 4705 dulces
1135 4653 1389 4725 sumpsit
1418 4654 1491 4709 ab
1520 4671 1618 4711 ore
1649 4656 1829 4712 favos.

434 4731 700 4805 Sumpsit
730 4735 801 4791 ab
831 4753 930 4793 ore
962 4738 1120 4796 favos
1151 4745 1209 4797 et
1239 4742 1435 4798 dulcia
1466 4744 1641 4799 mella
1671 4745 1876 4816 leonis,
2193 4741 2439 4798 Joannis
2466 4740 2750 4814 Paulique
2780 4740 2938 4796 diem
2969 4740 3056 4798 sol
3088 4740 3285 4796 attulit
3317 4740 3463 4810 orbi,

503 4823 608 4889 Qui
640 4824 878 4881 fremuit
904 4828 1150 4902 pridem,
1186 4831 1433 4888 dulciter
1463 4850 1591 4889 esse
1620 4834 1793 4907 sapit.
2263 4832 2369 4898 Qui
2402 4831 2581 4887 rubra
2607 4831 2869 4904 martyrii
2902 4833 3057 4886 serta
3086 4847 3290 4887 cruore
3320 4836 3552 4904 gerunt.

2112 4664 2160 4727 Β
2197 4620 2269 4688 (e)
2309 4632 2547 4672 HYMNUS
2575 4632 2629 4671 NI
2661 4631 2876 4671 NATALE
2913 4632 3257 4672 sucronem
3287 4630 3527 4673 JOANNIS
3566 4633 3633 4673 ει·
3655 4633 3852 4675 PAULI.

502 4949 577 5021 (a)
609 4949 1223 5034 clericorumscilicet
1261 4963 1317 5034 et
1360 4957 1679 5034 laicorum,
1704 4961 2084 5034 quidsemper
2192 4959 2264 5015 ab
2296 4958 2388 5014 his
2416 4956 2684 5014 versibus
2717 4972 2730 5010 :

429 5019 616 5076 forum
650 5022 907 5081 habuere
928 5025 1245 5083 diversum.
1281 5030 1401 5085 Sub
1434 5019 1683 5086 clericali
1722 5019 1927 5089 brdine
1957 5019 2080 5089 mo-
2316 5074 2347 5089 ,η
2525 5074 2675 5089 ..-μμ
2728 5073 2953 5089 μωμ--
2988 5071 3140 5089 an”,

429 5092 817 5201 πυβλιξίηῖξὲἓὲ
847 5097 2035 5201 statuisses9929323391-.--
2050 5194 2075 5201 -
2316 5071 3698 5201 stt‘t'apﬁiiérﬁ‘ébtﬁibiidﬁeﬁiéi‘é’iuﬁim’

499 5164 573 5257 (ρ)
597 5166 818 5257 Quippe
853 5167 1105 5257 Ecclesia
1128 5164 1425 5254 Gallicana
1446 5173 1647 5255 codice
1673 5174 2080 5257 Theo'dosianc
2186 5245 2234 5257 ﬂ
2377 5164 2529 5257 VT"?
2558 5164 2791 5257 iam“
2816 5164 2976 5257 Tim.”
3007 5164 3156 5257 mu”:
3183 5164 3562 5257 “cf.l.6uu.w.u..
3609 5245 3625 5257 .
3677 5245 3689 5257 .

426 5237 725 5320 utebatur,
750 5237 806 5295 et
836 5241 963 5320 eius
992 5240 1231 5300 libertas
1261 5261 1327 5299 ac
1330 5244 1698 5320 _immunitas
1730 5246 2081 5320 legibusim-
2185 5245 2403 5320 _Verum
2434 5248 2555 5320 tota
2584 5242 2986 5320 hmc__epistola
3024 5261 3090 5299 eo
3140 5244 3345 5320 tendit,
3380 5248 3447 5299 ut
3496 5245 3842 5303 Moduinum

426 5312 783 5398 peratp'rum,
818 5311 957 5398 ol‘im
1011 5331 1280 5398 suorum,
1330 5316 1727 5398 Romanorum
1777 5311 2071 5398 utebatur.
2184 5316 2450 5398 hortetur
2477 5316 2553 5398 ad
2585 5311 3184 5398 studium‘sacjarum
3216 5311 3567 5398 litterarum.

494 5380 835 5462 (c)A_lteram
868 5384 976 5440 hac
1001 5386 1071 5441 de
1105 5404 1163 5442 re
1192 5380 1502 5460 epistolam
1522 5388 1639 5444 sive
1662 5407 1895 5446 carmen
1915 5392 2073 5447 aliud
2250 5389 2329 5515 lSd)
2362 5388 2551 5443 Verba
2582 5391 2721 5443 sunt
2751 5387 3028 5456 Modoini,
3065 5405 3239 5515 quem
3264 5387 3468 5471 Florus
3500 5387 3838 5461 loquentem

494 5451 700 5510 ndumo
733 5455 1047 5515 scripserat
1069 5458 1495 5515 Florus.forsan
1531 5459 1668 5515 illud
1705 5462 1899 5515 insum
1917 5465 2072 5515 cnod
2185 5461 2244 5515 in
2292 5460 2411 5515 ucit
2438 5459 2500 5514 in
2531 5459 2687 5515 hunc
2719 5459 2999 5515 modum:
3030 5483 3056 5509 «
3138 5465 3302 5515 rzeter
3332 5476 3639 5515 emsconos
3670 5466 3725 5515 et
3742 5461 3838 5515 ab«

424 5449 700 5545 Modu‘ino
733 5455 1047 5545 scripserat
1069 5449 1495 5541 Floru‘s,forsan
1531 5459 1668 5516 illud
1705 5462 1899 5545 ipsum
1917 5465 2073 5545 quod
2182 5449 2411 5545 inducit
2438 5459 2500 5514 in
2531 5459 2687 5545 hunc
2719 5459 2961 5520 modum
2986 5449 3056 5545 εἰ(
3080 5449 3302 5545 Praeter
3332 5449 3639 5545 episcopps
3670 5466 3725 5543 et
3742 5461 3843 5517 ab-

423 5527 609 5605 exstat
641 5526 695 5605 in
729 5526 925 5605 codice
956 5528 1399 5605 Petaviano,qu_i_
1426 5548 1580 5605 nunc
1612 5538 1698 5587 est
1728 5526 2071 5590 Christianae
2182 5533 2455 5598 batissas,
2490 5532 2674 5587 caeteri
2709 5548 2914 5586 omnes
2961 5530 3152 5587 clerici
3182 5536 3239 5588 et
3267 5526 3590 5605 presbyteri
3620 5531 3838 5590 laicum

422 5595 817 5687 serenissima).
841 5600 1063 5684 S'ueciae.
1093 5595 1613 5687 regipzelHabctur
1640 5606 1877 5687 quidem
1911 5607 2069 5663 aliud
2182 5606 2391 5687 ferunt
2407 5595 2746 5685 agnoscant.
2784 5626 2811 5653 ››
2912 5674 2922 5687 _
3153 5677 3164 5687 Δ
3224 5676 3259 5687 Η

423 5667 562 5721 item
595 5668 664 5723 ad
690 5669 1033 5728 Moduinum
1051 5674 1107 5728 in
1124 5667 1761 5733 collectionevarior'um
1786 5679 2072 5762 epigram-
2251 5680 2322 5747 (θ)
2350 5667 2475 5733 Ηοό
2497 5675 2757 5757 carmine
2788 5690 2892 5732 seu
2909 5674 3295 5803 hymnoActis
3312 5675 3836 5735 sanctorumJoan-

424 5743 647 5797 matum
682 5742 837 5803 typis
869 5742 1203 5802 Morelianis
1233 5745 1387 5803 edita
1414 5764 1567 5803 anno
1600 5750 1757 5803 1550.
1782 5750 2068 5803 ἱυειυὶθῃε
2180 5749 2271 5803 nis
2302 5753 2357 5803 et
2387 5746 2551 5803 Pauli
2582 5746 2928 5803 conciliatur
2972 5748 3117 5803 ides.

424 5743 647 5797 matum
682 5742 837 5813 typis
869 5742 1203 5802 Morelianis
1233 5745 1387 5804 edita
1414 5764 1567 5804 anno
1600 5750 1757 5816 1550,
1782 5742 2068 5824 incipiens
2180 5742 2271 5806 nis
2302 5742 2357 5806 et
2387 5746 2551 5806 Pauli
2582 5746 2928 5804 conciliatur
2950 5742 3117 5804 fides.
