4100 6452
181 384 306 444 257

184 517 412 573 Unicus
444 515 555 572 hos
585 514 829 590 sanguis
860 532 1139 591 germano
1171 515 1384 572 ﬁndere
1405 516 1625 589 junxit,

260 605 453 663 Unica
483 623 622 662 mox
650 606 859 662 fratres
890 623 1167 680 morsque
1202 606 1462 678 ﬁdesque
1491 606 1664 679 parit.

188 694 349 752 Olim
383 695 660 751 Romulei
695 699 995 752 servantes
1027 695 1243 752 muenia
1274 695 1436 768 regni

264 785 621 841 Barbaricoa
652 788 911 841 strarant
942 802 1095 859 sape
1123 802 1399 841 mucrone
1430 784 1633 857 globos
1667 801 1679 840 :

189 876 363 931 Nunc
396 875 597 931 ovium
630 874 847 930 Christi
883 875 1205 947 purissima
1235 878 1402 947 septa
1432 878 1682 942 tuentes,
1748 932 1755 937 ,

266 964 645 1020 Βεεωοῃὶοῖιε
677 968 877 1019 arcent
906 963 960 1018 vi
991 964 1381 1037 precibusque
1413 963 1625 1020 minas.

190 1053 313 1109 Hos
342 1051 524 1109 morti
558 1052 786 1108 addixit
815 1069 983 1109 sacra
1012 1070 1116 1125 pro
1146 1052 1272 1126 lege
1305 1058 1590 1124 tyrannus

266 1143 657 1214 Contemptor
686 1141 902 1198 Christi
931 1141 1202 1199 Julianus
1234 1143 1475 1198 rabidus
1509 1159 1522 1197 :

192 1232 390 1290 Unius
417 1230 521 1286 ille
554 1230 652 1287 Dei
682 1229 907 1287 cultum
940 1230 1105 1303 prius
1137 1248 1233 1286 ore
1267 1232 1506 1299 ferebat,

268 1323 470 1377 Donec
502 1320 573 1376 ad
607 1318 841 1376 culmen
872 1320 1179 1377 scanderet
1208 1319 1460 1393 imperii.

193 1414 302 1467 Ast
326 1410 429 1467 ubi
463 1408 764 1465 convaluit
793 1409 1008 1465 misero
1039 1414 1269 1465 terrena
1297 1414 1578 1483 potestas,

271 1498 509 1556 Idolum
540 1516 674 1555 vero
708 1498 961 1572 praetulit
992 1498 1089 1555 ille
1121 1500 1259 1555 Deo.

196 1592 355 1647 Tum
393 1588 652 1645 famulos
701 1587 915 1643 Christi
959 1587 1210 1658 lanians,
1246 1593 1303 1644 et
1333 1588 1619 1662 sanguine
1662 1594 1868 1661 pastus

274 1680 561 1747 Innocuo,
595 1677 906 1733 horrendis
933 1678 1096 1734 saevit
1121 1677 1336 1751 ubique
1368 1678 1581 1734 modis.

200 1770 428 1824 \‘erum
464 1767 563 1823 ubi
600 1766 818 1822 cmlesti
851 1768 1149 1839 prospexit
1180 1767 1448 1823 Christus
1478 1768 1551 1822 ab
1584 1784 1736 1833 arce,

272 1858 638 1929 Audivitque
667 1856 749 1929 pii
777 1856 1084 1929 sanguinis
1112 1855 1211 1912 ille
1242 1874 1476 1930 preces;

200 1947 537 2004 Confestim
571 1946 785 2002 misero
817 1945 1041 2002 cladem
1073 1946 1386 2002 exitiabilis
1418 1947 1573 2002 hora:

276 2036 576 2103 Destinat,
611 2034 811 2116 hostili
844 2035 1032 2091 hostis
1064 2039 1129 2090 ut
1159 2052 1296 2092 ense
1328 2040 1479 2091 ruat.

201 2127 460 2182 Vastata
488 2124 750 2180 Ecclesia
784 2125 983 2181 Persas
1016 2125 1076 2179 in
1108 2124 1261 2180 bella
1288 2130 1541 2193 vocarat,

276 2220 364 2272 Ac
399 2214 607 2270 multis
639 2218 840 2287 septus
870 2214 1133 2271 millibus
1163 2213 1285 2269 ibat
1316 2219 1480 2271 atrox
1513 2233 1526 2271 :

204 2308 363 2363 Cum
399 2304 594 2361 subito
627 2307 859 2359 arentes
882 2303 1091 2359 deserti
1125 2304 1278 2359 ruris
1308 2304 1368 2359 in
1400 2321 1572 2377 agros

279 2394 555 2461 Devenit,
590 2396 648 2448 et
677 2409 893 2448 cuneos
925 2392 1116 2465 perdit
1147 2393 1364 2465 ubique
1396 2411 1555 2449 suos.

206 2487 340 2551 Qua
376 2499 568 2553 neque
596 2482 784 2537 victus
816 2485 1079 2549 erat,nec
1104 2482 1253 2548 fons,
1273 2499 1379 2537 nec
1411 2482 1670 2537 ﬂuminis
1695 2483 1871 2545 unda,

279 2574 573 2629 Caumate
604 2573 705 2627 sed
736 2572 918 2626 nimio
954 2576 1073 2626 tota
1095 2573 1333 2643 jacebat
1363 2572 1601 2627 humus.

205 2664 494 2735 Dumque
536 2661 792 2717 fremens
840 2665 1091 2726 montes,
1122 2659 1321 2729 valles,
1356 2678 1714 2734 camposque
1747 2678 1876 2734 per-

282 2749 497 2808 Sicubi
527 2750 613 2805 vel
646 2749 873 2805 modico
906 2749 1061 2806 stilla
1090 2749 1315 2823 liquore
1348 2750 1489 2805 fluat
1516 2768 1530 2818 ;
1653 2754 1874 2823 [agrat;

208 2841 437 2899 Incidit
467 2839 741 2895 adversas
774 2839 1065 2913 condigno
1097 2856 1287 2895 errore
1319 2839 1662 2913 phalanges,

285 2929 720 3001 Perfossusque
752 2932 881 2983 atra
909 2927 1148 3001 cuspide
1182 2935 1385 3001 pectus
1416 2928 1557 2984 obit.

209 3020 336 3077 Sed
372 3017 615 3074 rabidus
647 3033 898 3089 semper,
933 3022 989 3073 et
1015 3017 1076 3072 in
1106 3017 1234 3090 ipsa
1264 3020 1450 3073 morte
1481 3016 1734 3083 rebellis,

288 3107 584 3175 Infremit,
614 3110 675 3163 et
705 3123 1008 3162 summum
1038 3106 1147 3162 hac
1176 3123 1313 3163 voce
1355 3106 1593 3163 lacessit
1621 3106 1829 3162 herum
1865 3123 1878 3161 :

212 3198 408 3256 Ebibe
422 3214 583 3253 nunc
596 3200 861 3253 nostrum
889 3214 1060 3269 quem
1079 3197 1311 3269 quaeris,
1328 3196 1574 3266 Christe,
1590 3213 1853 3252 cruorem

290 3289 487 3360 Atque
515 3286 720 3342 avidus
749 3286 866 3341 leto
890 3287 1017 3358 jam
1048 3286 1263 3342 satiare
1294 3303 1443 3342 meo.

216 3378 329 3435 Ille
365 3376 607 3449 quidem
637 3375 785 3431 tales
808 3375 971 3447 justo
1003 3375 1113 3431 sub
1138 3367 1340 3447 judice
1372 3393 1574 3448 poenas

290 3464 577 3534 Exsolvit,
609 3469 743 3538 post
770 3465 893 3521 haec
924 3469 1146 3522 tartara
1177 3482 1328 3521 caeca
1356 3470 1583 3538 petens.

211 3560 291 3617 At
324 3554 564 3613 Domini
593 3560 772 3612 testes
804 3558 1032 3611 sacrato
1065 3555 1351 3628 sanguine
1378 3555 1504 3624 loti,

290 3645 532 3702 Vertice
562 3643 855 3718 laurigero
887 3644 1080 3701 sidera
1110 3644 1266 3701 celsa
1297 3649 1506 3717 petunt
1540 3662 1552 3701 :

215 3737 383 3802 Quos
414 3739 553 3809 toga
580 3734 821 3808 paciﬁco
850 3734 1022 3791 vestit
1050 3734 1397 3807 praefulgida
1427 3734 1612 3802 cultu,

294 3824 626 3899 Regalique
658 3824 842 3880 ambit
871 3841 1135 3897 purpura
1164 3824 1320 3879 clara
1352 3823 1540 3897 peplo.

218 3917 346 3973 Hos
375 3931 486 3971 ceu
518 3914 849 3970 fructiferas
875 3914 1090 3970 ﬂorens
1119 3914 1431 3986 paradisus
1464 3914 1667 3985 olivas,

298 4005 531 4077 Irriguo
563 4003 691 4060 vita:
713 4002 936 4076 jugiter
966 4020 1138 4058 amne
1171 4002 1339 4076 rigat.

221 4096 295 4152 Hi
332 4099 477 4150 sunt
507 4095 721 4149 aeterno
749 4091 1103 4148 candelabra
1132 4091 1358 4165 fulgida
1387 4091 1627 4166 templo,

301 4183 620 4256 Progenies
651 4180 821 4249 lucis,
857 4185 913 4237 et
939 4180 1174 4254 pietatis
1206 4181 1415 4238 honos.

225 4274 475 4330 Sidereo
509 4271 629 4345 regi
663 4270 903 4328 sublimi
936 4288 1170 4344 semper
1197 4270 1258 4326 in
1291 4271 1425 4328 aula

301 4364 626 4418 Adstantes
656 4360 891 4434 populis
923 4360 1024 4433 qui
1055 4360 1152 4433 pia
1181 4365 1316 4417 vota
1346 4361 1559 4417 ferunt.

228 4452 500 4517 Quorum
531 4449 820 4523 prOpitius
849 4449 1121 4523 precibus
1145 4467 1252 4507 nos
1285 4450 1526 4523 respice,
1559 4450 1804 4518 Christe,

306 4543 377 4599 Et
403 4557 596 4615 purga
625 4540 947 4597 obscenum
979 4539 1263 4613 quidquid
1296 4539 1488 4597 inesse
1520 4540 1702 4596 vides.

1032 4710 1125 4766 IV.

229 4825 576 4894 (ahrruws
600 4836 816 4875 LIBELLI
839 4837 910 4875 AD
931 4815 1355 4876 ΑιτΑιιεέΑΝοτι
1381 4836 1657 4875 STEPHANI
1678 4835 1897 4884 osum,

307 4908 689 4949 SANCTISSIMO
718 4909 785 4948 ΕΤ
806 4907 1244 4947 GLORIOSISSIMO
1276 4909 1515 4947 ALUMNO
1544 4908 1613 4947 AC
1646 4907 1901 4946 PATIIONO

309 4981 535 5021 NOSTRO
566 4980 743 5020 BEATO
774 4980 1061 5019 STEPHANO
1092 4980 1525 5020 PROTOMARTYRI
1568 4979 1898 5020 DEDICATUS.

236 5136 412 5192 Hunc
441 5133 572 5204 tibi,
606 5132 794 5208 prime
823 5133 904 5208 pii
933 5133 1100 5191 testis
1128 5134 1444 5191 fortissime
1473 5133 1704 5198 Christi,

237 5225 565 5283 Olferimus
596 5223 754 5281 vario
786 5223 1127 5281 rutilantem
1160 5224 1300 5280 ﬂore
1329 5222 1618 5312 libellum.

237 5315 347 5371 Hic
382 5318 487 5371 tua
507 5313 702 5387 prima
730 5313 910 5371 micat
937 5317 1072 5388 post
1100 5312 1288 5372 indita
1316 5312 1471 5369 bella
1499 5330 1713 5370 corona
1746 5330 1759 5369 :

312 5494 398 5565 (α)
428 5491 667 5565 Titulus
693 5496 783 5550 est
809 5491 997 5565 libelli
1024 5492 1097 5565 ad
1130 5491 1311 5548 altare
1325 5490 1679 5565 S.Stepﬁhani
1704 5491 1904 5562 oblati,

238 5564 533 5648 nempein
546 5564 867 5647 cathedrali
889 5564 1137 5622 ecclesia
1167 5564 1566 5693 Lulgdunensi,
1585 5581 1709 5647 quae
1726 5564 1907 5620 beatae

238 5638 446 5694 Mariae
481 5641 538 5694 et
566 5641 792 5693 sanctis
822 5636 1117 5694 Stephano
1148 5641 1206 5692 et
1272 5653 1448 5693 oanm
1498 5637 1766 5694 dedlcata
1795 5641 1904 5694 est.

238 5678 662 5786 Inuexemplari
694 5678 1022 5783 Petaviaho,
1056 5726 1125 5769 ex
1153 5726 1270 5785 quo
1317 5708 1426 5769 hos
1473 5724 1677 5769 versus
1708 5712 1910 5769 noster

238 5636 446 5709 Mariae
481 5641 538 5694 et
556 5637 792 5709 sanctis
822 5636 1117 5709 stephano
1148 5641 1206 5692 et

1578 380 1931 446 CARMINA
1975 384 2077 444 VA
2092 382 2245 445 RIA.

3504 401 3625 461 258

1886 526 1941 590 Α
1973 516 2178 590 Fulget
2193 517 2379 573 bonos
2399 534 2731 591 nomenque
2749 524 2918 578 tuum
2936 540 2948 591 ;
2964 526 3065 579 tua
3084 527 3327 597 praemia
3347 527 3622 588 clamant.

1972 604 2297 662 Gamalihel
2327 624 2495 663 sacer
2522 606 2619 665 ille
2650 626 2827 666 senex
2857 615 2960 668 tua
2991 613 3220 672 cmlitus
3249 634 3385 674 ossa

1971 694 2123 750 Olim
2152 693 2353 767 ignota
2381 696 2508 751 orbi
2539 701 2853 755 reverendo
2887 701 3148 773 publicat
3173 723 3269 762 ore
3295 725 3308 775 ;

1969 784 2048 838 Ac
2074 789 2175 839 tua
2205 786 2489 852 membra,
2523 789 2706 858 pater,
2742 790 2994 846 radianti
3026 793 3223 866 signat
3253 795 3311 852 in
3340 815 3505 869 auro,

1974 873 2317 945 Martyrium
2348 873 2559 930 illustri
2594 876 2857 951 depingit
2888 880 3027 937 ﬂore
3057 900 3347 941 rosarum.

1974 962 2046 1017 Se
2078 979 2312 1035 quoque
2341 963 2682 1021 Nichodemi
2710 969 3075 1042 conjungcns
3101 978 3257 1029 sorte
3289 976 3516 1047 nepotis
3541 995 3554 1046 ;

1974 1051 2039 1107 In
2069 1050 2320 1124 geminis
2353 1053 2479 1108 auri
2504 1053 2758 1112 'calathis
2785 1056 3119 1117 albentibus
3150 1062 3343 1120 almus

1975 1139 2173 1195 Prodit
2202 1139 2308 1197 rite
2334 1141 2484 1197 rosis
2514 1144 2673 1199 tenui
2706 1145 2798 1201 vix
2828 1148 3113 1222 sanguine
3144 1152 3344 1210 tinctis
3380 1172 3393 1211 :

1973 1223 2398 1303 Virgineosque
2429 1236 2590 1287 artus
2620 1234 2751 1306 puri
2783 1235 3041 1309 fulgente
3071 1241 3325 1299 canistro

1974 1319 2216 1392 Argenti
2248 1324 2304 1375 et
2334 1322 2516 1377 crocei
2548 1326 2921 1382 commendat
2952 1328 3111 1386 ﬂoris
3142 1332 3336 1388 odore.

2119 1427 2249 1483 Hmc
2297 1431 2400 1484 tua
2447 1427 2578 1485 laus
2627 1432 2917 1504 sequitur,
2950 1438 3218 1508 sequitur
3269 1444 3371 1497 tua
3422 1443 3632 1502 ﬂorida

1976 1516 2040 1571 In
2061 1516 2275 1573 Christi
2296 1517 2508 1574 virtute
2528 1524 2735 1592 potens
2764 1522 2979 1593 pietate
3002 1528 3356 1598 redundans,
3400 1532 3630 1605 [virtus,

1978 1605 2207 1662 Gaudia
2234 1606 2382 1662 dans
2415 1608 2661 1680 mmstis,
2695 1610 2946 1670 inﬁrmis
2978 1616 3188 1673 robora
3216 1621 3485 1691 reddens,

1978 1694 2047 1749 Et
2074 1696 2223 1751 dura
2252 1697 2362 1752 sub
2396 1702 2581 1754 morte
2612 1699 2756 1755 sitos
2788 1719 2854 1757 ac
2880 1721 3028 1776 pene
3059 1708 3320 1780 sepultos

1980 1784 2320 1841 llestituens
2348 1786 2498 1852 vitaz,
2531 1788 2659 1842 vita”:
2691 1790 2830 1862 quia
2858 1794 3025 1850 testis
3058 1795 3309 1855 haberis.

1980 1873 2067 1927 Tu
2100 1873 2327 1945 primus
2357 1875 2569 1932 Christi
2601 1878 2824 1937 calcata
2853 1888 3038 1940 morte
3067 1889 3341 1958 perennis

1979 1961 2268 2018 Vexillum
2298 1964 2551 2020 sublimo
2583 1965 2795 2038 ferens,
2831 1970 3065 2029 hostilia
3096 1981 3291 2033 castra

1983 2050 2303 2109 Fulmineis
2331 2052 2545 2126 linguae
2576 2056 2709 2113 telis
2739 2058 3045 2133 signisque
3076 2067 3337 2123 coruscis

1983 2140 2271 2207 Stravisti,
2308 2146 2363 2198 et
2392 2142 2639 2214 pulchra
2667 2146 2923 2218 palmam
2955 2152 3025 2206 de
3051 2159 3238 2211 morte
3267 2156 3475 2213 tulisti.

2126 2249 2205 2302 Te
2224 2249 2490 2320 sequitur
2517 2254 2829 2309 reverenda
2850 2256 3059 2313 cohors
3082 2275 3185 2331 pro
3217 2263 3452 2320 nomine
3470 2283 3634 2323 sacro

1984 2336 2142 2427 Mille
2177 2337 2393 2392 afﬂicta
2420 2340 2633 2406 modis,
2668 2342 2829 2398 mille
2858 2344 3152 2405 illustrata
3181 2352 3523 2427 triumphis.

1986 2426 2339 2497 Martyribus
2371 2433 2590 2501 martyr
2618 2434 2682 2484 tu
2715 2449 2922 2489 norma
2951 2442 3008 2491 et
3039 2439 3241 2511 regula
3271 2426 3518 2511 cunctis,

1986 2515 2316 2586 Purpureos
2348 2517 2515 2573 ducis
2542 2535 2757 2576 cuneos
2790 2540 3106 2599 roseasque
3135 2533 3394 2587 catervas
3424 2550 3436 2588 :

1986 2606 2244 2670 Quorum
2274 2623 2606 2678 purpureus
2639 2610 2709 2664 de
2741 2614 3025 2685 sanguine
3055 2619 3355 2689 praemicat
3385 2622 3564 2693 orbis,

1987 2694 2247 2757 Quorum
2280 2694 2564 2768 ﬂorigeris
2589 2700 2937 2774 praefulgent
2968 2709 3127 2761 astra
3156 2709 3408 2777 coronis,

1988 2785 2245 2847 Quorum
2277 2791 2437 2840 casta
2463 2785 2562 2841 Dei
2593 2789 2945 2847 decorantur
2971 2795 3190 2868 templa
3220 2799 3526 2871 sepulcris,

1988 2872 2247 2935 Quorum
2278 2879 2402 2929 tota
2432 2875 2651 2932 micant
2682 2878 2938 2953 insignia
2968 2888 3233 2957 tempora
3264 2888 3447 2959 festis,

1990 2963 2248 3027 Quorum
2279 2969 2489 3018 cuncta
2517 2967 2701 3022 sacris
2734 2970 2950 3025 cedunt
2979 2971 3352 3032 incommoda
3381 2979 3552 3035 votis.

2133 3069 2249 3124 Hos
2280 3086 2445 3126 sacer
2472 3070 2567 3127 ille
2598 3072 2754 3130 videt
2785 3076 2912 3131 coeli
2944 3076 3003 3132 in
3036 3080 3271 3153 regione
3301 3083 3556 3143 Joannes

1992 3159 2316 3214 Tantorum
2349 3158 2610 3217 illustres
2642 3167 2775 3235 post
2806 3166 3003 3238 praelia
3033 3169 3179 3225 dura
3209 3171 3500 3243 laborum,

1865 3239 1878 3265 ’
1916 3274 1958 3342 Ο
1997 3247 2106 3301 Dat
2135 3248 2350 3342 quibus
2382 3254 2627 3306 aeternas
2659 3252 2795 3308 felix
2822 3255 3065 3312 victoria
3089 3259 3338 3331 palmas,

1995 3336 2182 3406 Atque
2212 3334 2578 3394 immortales
2610 3340 2759 3396 stola
2790 3343 3037 3400 candida
3059 3349 3273 3417 prmbet
3302 3351 3573 3409 amictus.

1998 3424 2124 3480 Non
2153 3423 2243 3479 his
2273 3424 2394 3481 ulla
2425 3433 2600 3500 negat
2631 3446 2737 3484 sua
2785 3430 3043 3490 clemens
3082 3452 3327 3495 munera
3357 3439 3646 3513 Christus,

1999 3515 2153 3579 Quos
2185 3515 2311 3588 ipse
2341 3531 2374 3570 a
2405 3517 2609 3572 mundi
2643 3518 2890 3577 selectos
2922 3526 3077 3580 sorte
3107 3524 3362 3596 diremit,

1998 3601 2401 3677 Plantavitque
2432 3605 2547 3661 Deo
2581 3624 2594 3663 :
2628 3624 2743 3680 quo
2774 3627 3006 3685 semper
3036 3615 3242 3671 robore
3272 3616 3402 3675 laeto

2001 3692 2323 3749 Crescendo
2351 3694 2410 3749 in
2443 3695 2656 3753 caelum
2686 3699 2978 3770 exsiliant,
3005 3703 3348 3779 fructusque
3368 3725 3653 3781 perennes

2002 3782 2246 3839 Pollenti
2279 3784 2493 3840 virtute
2523 3786 2730 3857 ferant,
2766 3793 2823 3845 et
2852 3791 3139 3865 quidquid
3169 3796 3241 3851 ab
3274 3796 3390 3853 alto

2002 3872 2241 3928 Oratum
2276 3875 2536 3946 genitore
2566 3877 2764 3947 velint,
2801 3897 2934 3935 mox
2965 3884 3209 3940 numine
3238 3902 3422 3958 prono

2002 3960 2325 4034 Accipiant,
2358 3964 2737 4038 tribuantque
2767 3967 2880 4039 piis
2916 3987 2927 4025 :
2964 3988 3112 4043 quos
3142 3972 3297 4029 inter
3326 3992 3549 4049 egenus

2003 4049 2239 4106 Censeri
2272 4052 2533 4125 cupiens,
2568 4060 2626 4111 et
2655 4057 2848 4113 cordis
2877 4059 3120 4115 vulnera
3151 4062 3392 4132 deﬂens,

2004 4139 2122 4195 Ista
2150 4144 2409 4197 tremens
2440 4143 2621 4200 cecini
2652 4146 2953 4204 Submisso
2980 4154 3235 4221 pectore,
3268 4152 3492 4223 Florus,

2006 4230 2075 4286 Ut
2104 4229 2332 4287 meritis
2360 4233 2509 4288 tanti
2540 4251 2643 4306 per
2672 4235 2967 4292 Christum
3001 4238 3189 4295 salver
3212 4239 3455 4315 alumni,

2004 4318 2074 4373 Et
2099 4336 2403 4392 procerum
2435 4322 2583 4377 votis
2616 4322 2876 4380 absolvat
2904 4343 3352 4400 purpureorum.

2007 4498 2355 4554 Sanctorum
2386 4500 2617 4558 eximiis
2648 4503 2875 4560 meritis
2900 4506 3292 4581 precibusque
3318 4510 3527 4572 beatis.

2007 4587 2264 4651 Quorum
2295 4594 2608 4662 perpetuos
2641 4598 2928 4650 memorat
2960 4594 3109 4653 liber
3147 4598 3258 4656 iste
3305 4601 3659 4675 triumphos,

1931 4656 1978 4721 D
2008 4677 2111 4746 Da,
2129 4656 2472 4735 Pater-om-ni
2480 4684 2708 4753 potens,
2720 4684 2973 4755 veniam,
2987 4686 3081 4755 da,
3097 4656 3661 4759 Christe,mcdeuam

2008 4767 2111 4824 His
2142 4769 2243 4841 qui
2268 4770 2639 4843 supplicibus
2666 4773 2816 4831 votis
2847 4792 2914 4831 ac
2946 4785 3141 4835 mente
3171 4779 3329 4837 ﬁdeli

2009 4856 2397 4915 Committunt
2428 4877 2554 4917 sese
2583 4863 2763 4919 tantis
2794 4881 2897 4937 per
2926 4865 3097 4923 saecla
3127 4870 3413 4941 patronis,

2012 4947 2121 5014 Qui
2151 4948 2357 5005 zabulo
2386 4950 2536 5006 victo
2569 4951 2761 5008 rutilis
2793 4970 2971 5027 super
3001 4960 3159 5013 astra
3188 4959 3438 5028 coronis,

2012 5036 2345 5110 Conspicui,
2379 5039 2450 5095 de
2480 5044 2534 5096 te
2565 5041 2850 5115 quidquid
2883 5045 3100 5116 petiero
3127 5052 3446 5106 merentur.

2014 5215 2260 5286 Christe,
2293 5235 2497 5290 precor
2525 5221 2754 5278 veniam
2786 5222 2949 5297 segni
2977 5225 3079 5281 des
3110 5225 3272 5282 mitis
3303 5226 3563 5286 alumno.

2086 5308 2315 5364 Tardus
2345 5326 2501 5379 sum,
2534 5312 2698 5368 tarde
2727 5313 2829 5368 sed
2857 5311 2964 5369 tibi
2996 5330 3165 5371 nemo
3190 5317 3366 5372 venit.

2014 5488 2300 5568 Acherius
2330 5491 2625 5568 quondam
2659 5491 2910 5548 describi
2940 5495 3183 5568 curavit,
3217 5500 3443 5554 exstant
3470 5497 3669 5556 hiatus

2018 5577 2119 5617 seu
2153 5562 2343 5645 spatia
2368 5579 2552 5645 vacua
2576 5564 2846 5645 duo,_non
2869 5565 3105 5640 quidem
3136 5562 3241 5644 pro
3268 5570 3668 5644 versibus,sed

2015 5649 2121 5709 pro
2150 5634 2337 5692 titulis
2366 5634 2804 5696 interserendis.
