4100 6440
524 368 643 429 259

523 505 766 579 Longus
798 503 1110 577 praeteritis
1141 499 1331 557 tenuit
1360 514 1465 554 nos
1495 512 1656 554 error
1685 494 1756 552 ab
1784 494 1975 562 annis,

599 594 867 654 Sufficiat
894 591 1126 651 meritis
1157 590 1279 645 haec
1310 603 1449 660 rogo
1477 602 1650 659 poena
1674 584 1842 641 meis.

523 688 658 745 Vita
686 685 879 744 brevis
908 684 1196 756 superest,
1229 679 1291 735 in
1322 679 1571 733 mortem
1600 678 1657 730 et
1681 672 1919 746 pronior
1944 676 2083 729 aetas
2118 689 2130 728 :

596 777 731 834 Jam
761 790 1001 849 peccare
1030 787 1204 829 senex
1233 783 1480 839 nequeo,
1514 763 1650 821 nolo
1680 769 1839 820 tuus.

1321 886 1389 937 V.

1021 978 1100 1049 (α)
1137 990 1355 1031 vsasus
1403 987 1675 1029 EJUSDEH.

634 1080 734 1138 Ubi
755 1095 874 1135 ossa
902 1078 958 1133 S.
979 1073 1246 1147 Cypriani
1276 1070 1530 1143 Lugduni
1558 1068 1775 1126 condita
1803 1067 2072 1157 habentur

519 1187 637 1244 Hac
668 1183 926 1257 locuples
957 1179 1177 1238 Christi
1206 1180 1522 1236 thesaurus
1554 1174 1828 1231 conditur
1857 1189 2010 1241 arca,

518 1275 723 1332 Purior
745 1276 1005 1348 argento,
1040 1270 1196 1327 fulvo
1227 1266 1537 1341 pretiosior
1565 1281 1731 1332 auro,

515 1363 734 1421 Clarior
761 1368 818 1420 et
846 1365 1059 1419 cuncta
1088 1373 1460 1433 gemmarum
1489 1354 1617 1411 luce
1648 1352 1992 1409 micantum.

514 1453 619 1511 Hic
650 1469 861 1527 nempe
891 1449 1111 1524 insigni
1142 1449 1344 1505 doctor
1373 1443 1764 1502 suavissimus
1794 1458 1913 1509 ore,

514 1543 778 1600 Eximius
807 1538 1045 1615 praesul,
1079 1542 1304 1609 martyr
1332 1533 1747 1591 celeberrimus
1777 1530 1957 1599 idem,

514 1632 750 1689 Lucifer
778 1635 844 1687 ut
875 1628 1098 1685 nitidus
1126 1642 1339 1699 magna
1369 1622 1720 1697 Carthagine
1752 1620 1975 1676 missus

512 1721 760 1791 Emicat,
794 1724 855 1776 et
884 1716 1130 1792 pulchra
1158 1715 1482 1789 Cyprianus
1514 1716 1671 1769 sorte
1703 1709 1970 1784 quiescit.

511 1809 762 1865 Additur
791 1808 928 1865 huic
958 1806 1261 1881 geminum
1292 1802 1543 1860 radianti
1573 1800 1799 1857 lumine
1829 1798 2015 1867 sidus,

513 1898 795 1971 Speratus
827 1900 1048 1969 martyr
1075 1912 1209 1951 cum
1244 1897 1496 1966 martyre
1530 1888 1899 1955 Pantaleone,

510 1988 691 2061 Cujus
722 2002 856 2043 cum
889 1985 1079 2058 capite
1108 1983 1201 2039 hic
1227 1981 1447 2055 pollent
1477 1996 1643 2037 sacra
1669 1995 1805 2035 ossa
1833 1976 2117 2051 priorum.

1638 363 1871 423 FLOR]
1916 360 2230 421 DIACONI
2274 358 2854 422 LUGDUNENSIS.
2916 360 2919 363 ’

2212 494 2268 561 Α
2302 492 2430 549 Ηωο
2461 496 2634 549 canat
2662 490 2857 548 almus
2886 506 3073 561 amor,
3105 488 3227 545 haec
3257 485 3413 545 dulci
3442 503 3579 544 voce
3606 488 3873 544 resultet.

3838 354 3975 412 260

2366 581 2711 638 Nasciturin
2731 579 3026 638 Bethleem
3052 582 3258 636 sancta
3285 578 3357 634 de
3385 576 3624 651 Virgine
3653 576 3970 650 Christus,

2293 672 2589 728 Advenere
2620 670 2776 744 Magi
2809 668 3027 727 caelesti
3054 667 3243 724 sidere
3274 666 3456 724 ducti.

2290 762 2508 835 Joseph
2541 778 2677 818 cum
2708 777 2887 835 puero
2918 760 3227 833 Egyptum
3260 757 3513 830 migrare
3534 756 3802 830 jubetur.

2362 851 2678 906 Caaduntur
2702 849 2867 922 pueri
2898 848 3052 921 regis
3081 846 3259 904 livore
3291 846 3542 903 cruenti.

2288 938 2461 995 Jesus
2491 939 2563 995 ab
2590 939 2833 1011 (Egypto
2864 935 3149 993 Nazareth
3183 939 3483 992 revocatur
3514 934 3575 991 in
3606 936 3838 993 urbem.

2286 1028 2542 1084 Joannes
2571 1026 2817 1101 populos
2848 1026 3024 1100 tingit
3050 1024 3325 1082 Jordanis
3355 1024 3415 1080 in
3444 1023 3640 1081 undis.

2358 1116 2614 1190 Suscipit
2645 1121 2701 1172 et
2730 1116 2998 1173 Christus
3031 1114 3273 1171 humilis
3304 1113 3599 1187 baptisma
3626 1114 3898 1172 Joannis.

2286 1206 2425 1263 Inde
2450 1211 2659 1279 quater
2687 1205 2853 1262 denis
2876 1206 3159 1277 jejunans
3188 1204 3315 1276 ipse
3346 1203 3574 1259 diebus.

2284 1296 2567 1352 Tentatus
2596 1294 2810 1351 zabulli
2840 1294 3023 1351 vincit
3052 1292 3361 1350 molimina
3390 1292 3523 1349 diri.

2356 1384 2653 1441 Piscantes
2711 1388 2972 1453 Petrum,
3022 1384 3352 1451 Andraeam,
3417 1382 3705 1439 Jacobum
3763 1387 3962 1456 atque

3624 1471 3957 1546 [Joannem

2282 1562 2510 1619 Evocat.
2547 1562 2637 1619 llli
2669 1562 2842 1619 almis
2874 1566 3080 1636 parent
3108 1579 3243 1618 mox
3272 1559 3474 1618 sedule
3496 1560 3684 1633 jussis
3714 1577 3728 1615 :

2282 1652 2528 1709 Retibus
2559 1652 2824 1724 abjectis,
2858 1657 2916 1708 et
2940 1650 3072 1707 navi
3101 1656 3159 1707 et
3187 1655 3351 1724 patre
3382 1650 3620 1707 relictis.

2351 1741 2453 1797 His
2484 1741 2582 1798 ille
2612 1741 2938 1815 assumptis
2959 1739 3257 1796 Galilaeam
3288 1739 3495 1797 circuit
3524 1757 3782 1809 omnem,

2277 1832 2356 1886 Ac
2387 1831 2577 1887 varios
2609 1830 2916 1887 hominum
2946 1829 3260 1903 languores
3290 1835 3456 1887 curat
3485 1828 3723 1903 ubique,

2279 1919 2607 1993 Discipulos
2638 1921 2918 1976 mandata
2946 1920 3136 1989 docet,
3171 1920 3273 1975 dat
3289 1920 3430 1991 jura
3453 1918 3661 1976 beatis.

2345 2008 2665 2082 Sanguinis
2696 2009 2865 2065 effusi
2894 2009 3194 2065 vitandam
3223 2009 3498 2065 admonet
3528 2008 3696 2065 iram.

509 2076 665 2172 (ἐυρὲ
697 2074 914 2149 Pariter
940 2072 1148 2172 ΡΨΙΡ
1193 2072 1545 2172 Γδίξξῖοῗυφ
1572 2067 1857 2172 ,ΡτξΡθίΡθ
1902 2067 2164 2140 Β²ί⁰δθ⁰³
2275 2067 2519 2155 Munera
2548 2102 2714 2172 grata
2745 2099 2882 2167 Deo,
2918 2100 3236 2154 fraternam
3270 2098 3509 2154 reddere
3541 2114 3765 2171 pacem,

510 2164 695 2222 Gallia
723 2162 1005 2236 suscepit,
1037 2161 1266 2235 Libycis
1298 2160 1484 2216 ditata
1510 2157 1768 2214 talentis.

506 2255 623 2310 Hos
653 2253 837 2327 igitur
867 2252 1035 2309 nobis
1066 2250 1250 2307 oratio
1284 2249 1400 2305 fida
1430 2252 1707 2321 patronos

507 2343 754 2410 Efficiat,
785 2341 1014 2397 Christo
1048 2344 1111 2396 ut
1140 2338 1301 2395 coelis
1330 2337 1598 2392 veniente
1628 2334 1908 2403 coruscis,

507 2430 979 2505 Martyribusque
1009 2429 1135 2485 suis
1163 2427 1497 2483 diademata
1526 2424 1684 2481 clara
1712 2425 1950 2492 ferente,

506 2520 775 2593 Ipsorum
809 2518 1033 2576 meritis
1062 2518 1164 2574 lux
1192 2533 1299 2573 nos
1330 2520 1547 2571 asterna
1574 2517 1846 2586 receptet.

1283 2639 1378 2695 VI.

1283 2639 1333 2694 V
1366 2680 1378 2695 .

1012 2735 1090 2804 (b)
1127 2639 1367 2787 τισι-ωιυέ
1402 2745 1644 2785 Aesms-z.

502 2840 856 2915 Martyribus
886 2840 1088 2897 subter
1115 2836 1466 2894 venerabilis
1496 2834 1709 2892 emicat
1740 2834 1875 2891 aula
1907 2852 1920 2890 :

500 2931 857 3004 Martyribus
886 2945 1067 3003 supra
1095 2927 1361 2983 Christus
1385 2942 1485 2981 rex
1516 2924 1787 2998 presidet
1816 2924 1990 2981 altus.

497 3019 894 3077 Circumstant
924 3017 1091 3074 miris
1124 3015 1404 3073 animalia
1433 3015 1682 3087 mystica
1713 3015 1939 3080 formis,

495 3110 675 3165 Nocte
706 3109 914 3182 dieque
944 3107 1181 3182 hymnis
1210 3107 1431 3162 trinum
1482 3104 1864 3160 inclamantia
1908 3120 2149 3161 numen.

492 3199 696 3254 Adstat
724 3196 1082 3272 apostolicus
1115 3197 1331 3270 pariter
1360 3195 1573 3251 chorus
1604 3210 1701 3250 ore
1732 3210 1993 3261 corusco,

491 3290 635 3345 Cum
668 3287 896 3345 Christo
929 3286 1195 3343 adveniet
1220 3290 1375 3342 certo
1407 3284 1506 3357 qui
1540 3288 1799 3356 tempore
1821 3284 2026 3355 judex.

488 3376 748 3451 Vivaque
778 3376 1133 3446 Hierusales,
1164 3392 1315 3449 agno
1347 3373 1679 3430 illustrante
1709 3373 2025 3446 refulgens,

490 3468 752 3533 Quatuor
780 3484 896 3522 uno
927 3466 1111 3539 agitat
1139 3464 1394 3537 paradisi
1429 3463 1676 3519 flumina
1705 3464 1883 3519 fonte.

489 3555 840 3628 Pignoribus
871 3555 1055 3610 sacris
1085 3554 1278 3610 clerus
1304 3553 1567 3625 Baptista
1595 3552 1851 3608 Joannes

486 3642 683 3699 Altare
714 3642 991 3711 illustrat,
1020 3642 1322 3715 poscentia
1352 3645 1587 3714 pectora
1616 3644 1846 3713 purgat.

860 3747 1270 3848 ’MARTENII
1317 3785 1755 3847 ADMONITIO

1278 3899 1356 3945 DE

567 3990 1056 4053 CABMlNlBUS
1087 3989 1443 4052 PROXIME
1487 3949 2055 4062 SEQUENTIBUS.

560 4117 695 4185 Quae
738 4116 828 4171 hic
872 4114 1065 4171 damus
1111 4116 1363 4170 carmina
1408 4131 1478 4170 ea:
1497 4123 1801 4186 pervetusto
1834 4116 2014 4171 codice
2045 4118 2139 4173 Bi-

480 4192 702 4261 gotiano
727 4190 995 4261 eruimus,
1027 4188 1186 4261 cujus
1215 4188 1497 4242 character
1533 4187 1603 4243 ad
1634 4190 1878 4261 auctoris
1923 4196 2140 4245 aetatem

480 4260 731 4317 accedere
758 4260 991 4315 videtur.
1026 4260 1154 4316 Haec
1195 4267 1377 4315 autem
1423 4260 1640 4314 tametsi
1682 4262 1825 4316 tanti
1868 4276 1978 4316 non
2023 4263 2138 4319 sint

478 4333 761 4399 momenti,
791 4332 1022 4387 minime
1073 4338 1254 4405 tamen
1304 4338 1435 4405 sunt
1488 4338 1813 4405 spernenda,
1859 4335 2137 4405 prwcipue

480 4412 665 4459 autem
687 4405 1028 4474 epigramma
1057 4403 1119 4457 in
1150 4402 1359 4457 librum
1388 4403 1757 4458 Homiliarum
1785 4402 1947 4460 totius
1974 4402 2133 4474 anni,

479 4490 554 4557 ea;
579 4490 682 4547 quo
706 4474 998 4557 didicimus
1027 4489 1193 4545 quam
1217 4490 1406 4557 pauca.
1423 4482 1538 4557 tum
1567 4481 1874 4557 sanctorum
1896 4478 2039 4557 festa
2054 4493 2136 4532 ce-

482 4546 848 4613 lebrarentur,
896 4553 995 4619 aut
1018 4546 1329 4619 _proprium
1385 4547 1647 4602 haberent
1691 4546 1957 4619 ofﬁcium.
1991 4553 2133 4604 Nam

2273 2187 2581 2244 Mmchiam
2612 2187 2805 2244 cordis
2840 2186 3177 2261 fugiendam
3208 2192 3439 2258 pectore
3470 2190 3650 2243 casto.

2340 2276 2627 2334 Scandala
2655 2277 2705 2333 si
2736 2281 3013 2351 generent
3044 2276 3215 2333 oculu
3249 2276 3349 2348 qui
3382 2293 3542 2332 more
3567 2274 3845 2332 coluntur

2268 2367 2397 2425 Sive
2428 2383 2641 2423 manus
2672 2367 2886 2423 dextrae
2917 2364 3072 2439 pulsi
3101 2364 3303 2437 procul
3337 2366 3418 2421 ire
3441 2365 3747 2437 jubentur,
3807 2364 3812 2368 ’

2269 2457 2511 2529 Semper
2540 2472 2688 2512 nexa
2713 2456 2835 2512 viro
2866 2454 2979 2511 nisi
3010 2458 3236 2511 constet
3265 2453 3531 2511 adultera
3559 2456 3792 2526 conjux.

2336 2545 2683 2602 Juramenta
2708 2548 2884 2612 vetat,
2919 2544 3059 2616 quia
3088 2547 3230 2599 sunt
3258 2542 3706 2616 perjuriajuxta
3730 2561 3743 2599 :

2267 2636 2368 2691 Est
2392 2640 2451 2692 et
2477 2634 2602 2691 Non
2634 2632 2842 2691 statuit
2857 2633 3047 2689 veraci
3076 2649 3214 2689 voce
3238 2633 3577 2689 tenendum.

2262 2722 2459 2780 Altera
2488 2723 2729 2780 caedenti
2755 2724 2928 2779 detur
2958 2721 3197 2778 maxilla
3226 2721 3497 2778 libenter.

2334 2813 2405 2869 Et
2435 2812 2568 2886 pius
2599 2818 2793 2869 almus
2822 2828 2987 2868 amor
3013 2809 3285 2868 inimicos
3310 2808 3518 2884 diligat
3546 2810 3726 2883 ipsos,

2266 2901 2337 2957 Ut
2363 2902 2597 2975 pietatis
2628 2918 2777 2974 opus
2807 2900 2933 2957 sine
2963 2899 3105 2956 lzeva
3134 2901 3371 2957 dextera
3401 2899 3627 2969 reddat,

2263 2989 2453 3063 thue
2482 2990 2709 3063 placere
2744 2989 2897 3046 Patri
2927 2990 3130 3063 cupiat
3158 2988 3340 3045 oratio
3373 2987 3502 3045 soli.

2274 3114 2283 3119 -
2333 3081 2405 3136 Ut
2437 3098 2603 3136 mens
2634 3080 2856 3136 munda
2886 3079 3240 3152 Deojejunia
3267 3078 3401 3133 laeta
3433 3078 3780 3151 frequentet,

2261 3170 2376 3226 Nec
2408 3170 2552 3226 facie
2583 3168 2734 3226 tristi
2769 3168 3003 3226 laudem
3034 3171 3194 3241 petat
3222 3166 3325 3223 illa
3348 3168 3651 3235 caducam,

2176 3244 2219 3312 C
2259 3260 2629 3316 Thesaurum
2661 3259 2804 3315 coelo
2836 3258 3206 3315 condendum
3237 3257 3332 3313 fur
3362 3257 3463 3313 ubi
3495 3256 3717 3314 nullus.

2327 3349 2597 3423 Corporis
2626 3353 2715 3405 est
2739 3348 2945 3405 oculus
2975 3347 3167 3421 operis
3198 3347 3446 3403 intentio
3477 3347 3746 3420 simplex.

2254 3438 2384 3494 Haec
2413 3439 2463 3495 si
2493 3456 2642 3512 pura
2660 3439 2835 3511 viget,
2869 3441 3022 3494 totos
3047 3436 3343 3493 illuminat
3374 3439 3557 3505 artus,

2255 3529 2370 3585 Nec
2399 3529 2707 3585 tenebrosa
2736 3528 2898 3597 ﬁent,
2933 3544 3059 3599 quae
3085 3525 3236 3583 lucis
3266 3542 3463 3582 amore
3493 3528 3800 3599 geruntur.

2324 3615 2565 3673 Nullum
2596 3633 2767 3690 posse
2797 3632 2959 3689 aeque
2989 3615 3244 3672 dominis
3277 3614 3490 3671 servire
3520 3615 3776 3682 duobus,

2252 3707 2366 3763 Nec
2398 3723 2685 3763 mamonae
2717 3710 2893 3779 atque
2925 3705 3041 3761 Deo
3072 3704 3259 3762 divisa
3288 3710 3483 3761 mente
3510 3704 3736 3778 placere
3763 3723 3777 3775 ;

2252 3795 2556 3853 Pellendas
2586 3795 2782 3852 animo
2810 3811 2981 3852 curas
3011 3800 3069 3851 et
3094 3796 3272 3851 vestis
3301 3799 3358 3851 et
3385 3811 3551 3850 escae.

2321 3886 2380 3942 Si
2409 3885 2673 3941 volucres
2704 3883 2834 3941 cceli
2867 3886 3055 3958 pascit
3084 3883 3384 3957 opulentia
3415 3884 3623 3954 Patris,

2250 3973 2565 4048 Molliaque
2588 3972 2814 4030 auleolo
2844 3973 3107 4046 depingit
3136 3972 3259 4029 lilia
3285 3973 3445 4043 ﬂore,

2248 4065 2490 4129 Quando
2521 4063 2645 4120 suis
2679 4080 2940 4136 unquam
2973 4062 3127 4118 natis
3158 4062 3256 4135 pia
3284 4062 3438 4118 dona
3468 4062 3748 4136 negabit?

2317 4158 2680 4226 Quapropter
2709 4170 2817 4210 sua
2846 4153 3057 4225 cuique
3088 4152 3235 4208 satis
3267 4151 3343 4207 sit
3370 4168 3512 4207 cura
3541 4151 3675 4222 diei,

2245 4242 2512 4299 Crastina
2537 4260 2653 4299 non
2686 4242 2969 4309 crucient,
3002 4240 3141 4315 quia
3170 4245 3312 4298 sunt
3337 4241 3556 4298 incerta
3586 4242 3847 4300 caducis.

2244 4333 2487 4390 Justitia
2515 4337 2604 4388 est
2641 4332 2956 4405 quaerenda
2984 4331 3106 4401 Dei,
3141 4330 3367 4405 reliqua
3397 4330 3550 4388 ultro
3581 4332 3913 4393 dabuntur.

2316 4422 2556 4480 Occulta
2585 4422 2827 4479 alterius
2852 4422 3093 4478 damnet
3122 4438 3184 4479 se
3206 4421 3407 4493 judice
3439 4437 3632 4491 nemo,

2243 4514 2325 4568 Ex
2353 4511 2521 4569 oculo
2552 4512 2747 4569 fratris
2776 4511 3065 4568 festucam
3097 4511 3342 4568 educere
3374 4528 3664 4583 quaerens,

473 4600 683 4690 praeter
708 4600 847 4689 festa
874 4616 971 4672 SS.
1004 4600 1286 4688 S‘tejohani,
1316 4600 1544 4675 Joannis
1560 4600 2126 4690 fev'ané'etistéﬂ-nno-i

2261 4604 2375 4675 ipse
2405 4602 2570 4675 prius
2599 4602 2834 4675 proprio
2866 4601 3045 4690 pellat
3075 4600 3147 4657 de
3176 4600 3399 4657 lumine
3428 4601 3681 4674 tignum.

477 4690 737 4756 centium,
770 4689 1007 4760 Joannis
1062 4690 1340 4760 Baptistae,
1390 4690 1544 4745 Petri
1590 4698 1641 4745 et
1686 4689 1873 4757 Pauli,
1904 4693 2132 4747 Macha-

480 4760 725 4817 baeorum
752 4767 804 4816 et
825 4759 1076 4828 Andreae,
1109 4759 1207 4832 qui
1237 4762 1415 4817 locum
1462 4763 1519 4817 in
1567 4762 1933 4818 Homitiarum
1991 4764 2133 4820 libro

475 4832 767 4905 habebant,
788 4833 840 4905 si
868 4848 975 4905 qua
1003 4834 1143 4903 forte
1170 4834 1543 4900 occurrebant,
1573 4841 1732 4890 extra
1760 4836 2133 4891 communium

474 4904 705 4960 classem
729 4904 974 4977 ofﬁcium
1001 4920 1113 4961 non
1141 4906 1429 4961 habebant.

904 5138 963 5177 IN
1000 5138 1364 5177 EVANGELIUM
1418 5138 1701 5178 MATER/EI.

549 5228 778 5286 Primus
809 5228 1127 5301 evangelici
1159 5229 1396 5302 scripsit
1424 5229 1706 5303 mysteria
1734 5231 1896 5304 regni

473 5317 783 5375 Matthaeus
814 5335 883 5375 ex
910 5318 1128 5377 telonio
1159 5318 1233 5375 ad
1267 5318 1393 5374 οωιί
1423 5318 1588 5375 lucra
1616 5324 1875 5376 vocatus.

544 5444 619 5517 (a)
642 5443 723 5500 De
740 5444 1124 5518 translatione
1155 5443 1539 5518 reliquiarum
1569 5444 1757 5500 sancti
1782 5445 2052 5518 Cypriani
2070 5450 2129 5503 et

472 5513 720 5589 aliorum
740 5517 796 5571 in
822 5516 1123 5572 ecclesiam
1160 5513 1615 5589 Lugdunensem
1646 5513 1908 5589 tempore
1937 5517 2126 5575 Caroli

471 5586 937 5669 MagniJggendi
952 5605 1155 5669 versus
1171 5586 1460 5669 Agobardi
1495 5586 2128 5669 praesulisLugdunen-

471 5659 667 5728 sis,'et
694 5659 1023 5720 Ch‘ronicon
1050 5659 1271 5715 Adonis
1300 5659 1649 5717 Viennensis

543 5730 617 5813 (ὁ)
639 5730 743 5792 Hic
764 5731 1117 5793 describitur
1136 5730 1339 5793 altaris
1358 5732 1592 5811 priscus
1620 5737 1938 5811 apparatus
1960 5733 2021 5793 in
2038 5748 2125 5795 eo-

2315 4692 2407 4748 Ira
2429 4696 2660 4749 vetusta
2687 4691 2889 4760 trahit,
2919 4689 3098 4748 levior
3118 4690 3342 4747 festuca
3371 4694 3626 4747 notatur.

2244 4782 2457 4855 Purget
2487 4782 2561 4838 ab
2590 4781 2676 4837 ira
2706 4781 2972 4837 animum
3004 4780 3103 4854 qui
3124 4780 3249 4837 vult
3278 4779 3489 4853 pietate
3517 4780 3760 4838 mederi.

2241 4871 2460 4943 Nempe
2491 4872 2624 4927 odio
2653 4871 2978 4927 exstinctus
3011 4869 3092 4926 nil
3124 4875 3348 4927 rectum
3380 4870 3568 4927 cernit
3595 4869 3840 4929 ocellus.

2311 4961 2393 5016 Ne
2422 4961 2803 5034 margaritam
2834 4960 3175 5016 calcandam
3208 4976 3493 5033 exponere
3522 4962 3716 5035 porcis

2240 5050 2382 5117 Quis
2398 5050 2553 5120 velit,
2569 5056 2673 5106 aut
2702 5053 2973 5107 sanctum
2995 5050 3243 5107 canibus
3267 5051 3404 5107 dare
3427 5050 3904 5112 dilacerandum.

2241 5140 2481 5197 Mitibus
2511 5144 2568 5195 et
2597 5139 2838 5196 mundis
2869 5144 3116 5213 prosunt
3144 5140 3422 5213 mysteria
3451 5140 3633 5213 pacis.

2310 5229 2571 5286 Postulet
2602 5229 2759 5286 alma
2786 5230 2950 5299 ﬁdes,
2984 5234 3050 5285 ut
3077 5228 3268 5303 possit
3292 5247 3526 5287 sumere
3554 5232 3727 5289 dona.

2237 5320 2466 5386 Quaerat
2495 5336 2662 5376 amor
2690 5319 2916 5389 sitiens,
2949 5323 3016 5376 ut
3037 5336 3173 5377 mox
3201 5324 3399 5393 optata
3417 5324 3689 5393 reportet,

2236 5445 2426 5520 etesiae
2455 5445 3012 5520 absidaexistentis,
3045 5446 3131 5520 ita
3159 5450 3224 5520 ut
3256 5450 3582 5520 martyrum
3628 5446 3899 5520 reliquiae

2236 5518 2346 5593 sub
2376 5517 2558 5593 altare
2598 5518 3044 5593 collocarentur,
3078 5518 3288 5593 Christi
3319 5535 3349 5574 e
3380 5517 3550 5593 cruce
3581 5517 3899 5593 pendentis

2234 5589 2425 5663 efﬁgie
2474 5589 2743 5662 superius
2800 5595 3009 5663 erecta,
3043 5591 3331 5663 pendente
3380 5589 3725 5663 iuvas—culo
3774 5591 3899 5649 Eu-

2235 5662 2544 5742 charistite,
2599 5666 2936 5722 sanctorum
2994 5662 3355 5740 imaginibus
3421 5662 3644 5722 circum
3701 5681 3897 5742 appo-

2233 5733 2385 5796 sitis.
