4100 6470
174 337 297 398 261

1578 334 1931 398 CARMINA
1978 335 2234 398 VAPJA.

3495 337 3614 399 262

177 469 390 526 Pulset
419 485 573 542 opus
593 467 976 541 studiumque
994 468 1313 540 pium,tum
1332 469 1532 525 clausa
1549 469 1851 542 patebunt.
1883 473 1938 538 Α
1970 468 2105 524 Esse
2136 467 2248 524 sibi
2283 473 2522 534 matres,
2559 467 2643 522 vel
2677 467 2905 535 fratres,
2938 471 3112 540 atque
3142 485 3391 537 sorores,

255 576 506 634 Vitandi
538 593 773 648 semper
803 575 932 632 falsi
957 576 1412 649 exsecrandique
1443 576 1760 650 prophetae,

182 670 344 733 Quos
378 667 495 722 sub
522 665 676 739 pelle
703 665 899 721 ovium
931 665 1123 722 rabies
1154 667 1274 739 agit
1301 672 1431 722 atra
1471 666 1781 738 luporum;

183 757 581 812 Sacramenta
611 755 808 811 ferunt
838 755 1103 824 ﬁdei,sed
1135 756 1336 811 funere
1367 755 1586 810 vivunt.

259 862 637 918 .Ediﬁcanda
665 861 878 917 domus
907 877 1054 916 veras
1086 861 1428 916 fundamine
1459 864 1632 933 petrae
1663 877 1674 914 :

185 953 344 1008 Dum
380 950 590 1025 procul
623 951 815 1006 omnis
848 950 1070 1006 humus
1102 950 1285 1006 fundo
1313 954 1602 1023 purgatur
1621 951 1693 1006 ab
1716 949 1856 1017 imo,

183 1046 266 1099 Ac
297 1043 525 1116 pietate
557 1042 742 1114 proba
773 1039 989 1096 Christi
1021 1041 1300 1096 mandata
1331 1045 1633 1112 geruntur,

257 1150 592 1205 Vitandum
624 1165 865 1220 prorsus
899 1147 1065 1202 ﬂuxae
1098 1147 1417 1203 fundamen
1451 1165 1662 1216 arenae,

185 1241 271 1295 Ne
303 1238 520 1295 leviter
548 1238 804 1311 positam
836 1242 945 1292 sub
980 1237 1141 1291 intus
1175 1242 1305 1292 ruat
1349 1237 1606 1309 impetus
1657 1237 1860 1304 aedem,

185 1328 284 1385 Sic
317 1328 577 1383 immota
607 1327 846 1394 imbres,
879 1331 1103 1393 ventos,
1137 1329 1193 1381 et
1223 1326 1471 1381 ﬂumina
1499 1329 1740 1381 temnet.

261 1443 527 1516 Caligosi
562 1443 782 1498 imbres
813 1458 1078 1498 errorum
1110 1443 1263 1498 nube
1292 1441 1602 1514 pluuntur,

189 1532 370 1588 Venti
405 1531 771 1588 alternantes
802 1531 1046 1587 adversa
1076 1534 1132 1585 et
1162 1547 1442 1603 prospera
1472 1531 1700 1586 mundi.

191 1622 374 1695 Repit
399 1621 586 1677 humo
617 1625 683 1676 ut
713 1619 924 1676 ﬂuvius
955 1619 1150 1676 carnis
1182 1619 1476 1675 lutulenta
1500 1619 1790 1692 voluptas.

262 1729 451 1785 Jesus
483 1728 622 1784 item
656 1728 905 1783 mundat
935 1727 1293 1784 descendens
1325 1732 1522 1784 monte
1545 1727 1863 1800 leprosum,

193 1819 254 1875 Si
285 1819 404 1884 vis,
442 1815 539 1872 ille
571 1817 786 1889 inquit,
816 1821 981 1888 potes
1012 1821 1068 1872 et
1099 1817 1242 1871 mihi
1279 1818 1424 1873 ferre
1456 1818 1764 1874 medelam.

193 1906 488 1980 Ille,volo,
519 1911 586 1962 ut
615 1905 781 1972 dixit,
816 1905 963 1978 fugit
993 1905 1145 1962 illico
1174 1906 1365 1962 lurida
1397 1907 1596 1979 pestis.

267 2023 540 2096 Paralysi
565 2023 1077 2094 fessum,puerum
1110 2039 1342 2094 quoque
1376 2022 1758 2091 centurionis,

195 2115 267 2170 Et
300 2129 545 2169 socrum
580 2111 730 2167 Petri
761 2111 963 2166 lethali
1000 2111 1157 2167 febre
1181 2113 1498 2183 jacentem,

193 2206 399 2275 Atque
431 2200 578 2257 alios
609 2199 808 2272 plures
838 2200 1023 2256 salvat
1051 2200 1264 2256 virtute
1296 2200 1538 2271 potenti.

274 2308 576 2364 Fallacem
611 2307 862 2363 scribam
897 2307 1190 2379 reprobat,
1224 2323 1327 2362 nec
1368 2325 1609 2378 prorsus
1660 2308 1762 2362 hat

199 2402 333 2465 Quo
368 2401 548 2469 ponat
581 2395 797 2452 recline
827 2401 1002 2468 caput
1031 2412 1157 2452 sese
1189 2396 1397 2451 asserit
1427 2414 1699 2468 usquam.

196 2486 507 2559 Vulpibus
538 2485 696 2540 hunc
729 2485 791 2556 [Γ.
827 2484 983 2555 hinc]
1020 2486 1237 2540 foveam
1273 2485 1473 2540 dicens
1508 2486 1696 2557 magis
1746 2501 1875 2542 esse

278 2595 393 2648 Ast
424 2591 606 2646 alium
639 2590 825 2646 functi
849 2590 1110 2663 neglecto
1132 2607 1370 2662 corpore
1390 2591 1572 2663 patris
1613 2591 1870 2661 [dolosis

200 2683 279 2739 Se
305 2681 488 2753 jubet
518 2681 644 2752 ipse
677 2680 868 2751 sequi,
899 2684 958 2735 et
987 2679 1287 2735 morituris
1319 2685 1551 2735 mortua
1581 2680 1788 2752 linqui.

203 2771 523 2843 lmperitat
553 2769 938 2841 ventis,jussu
974 2770 1158 2824 maris
1190 2787 1426 2842 aequora
1457 2771 1642 2825 sedat.

282 2877 688 2933 Daemonicam
722 2875 980 2932 humano
1012 2875 1300 2948 legionem
1333 2893 1572 2948 corpore
1604 2876 1786 2948 pellit,

205 2968 281 3024 Et
318 2965 504 3022 maris
536 2966 686 3022 hanc
714 2969 896 3021 tetras
927 2983 1061 3021 cum
1093 2966 1285 3038 porcis
1317 2967 1530 3039 mergit
1562 2967 1620 3022 in
1663 2968 1872 3024 undas.

206 3054 480 3130 Paralysi
513 3058 778 3128 ereptum
813 3055 1056 3110 mandat
1087 3054 1197 3110 sibi
1229 3055 1378 3110 ferre
1399 3057 1732 3129 grabatum.

289 3145 642 3202 Matthaeum
671 3148 920 3213 vocat,et
949 3145 1153 3200 mundi
1189 3145 1288 3200 dat
1316 3162 1588 3217 spernere
1620 3146 1804 3213 lucra,

207 3239 290 3292 Ac
327 3235 579 3308 propriae
611 3235 862 3307 dignans
893 3233 1236 3306 publicanos
1259 3235 1508 3307 jungere
1538 3251 1774 3305 mensae,

207 3327 486 3399 Egrotos
509 3324 737 3380 medico
768 3323 964 3395 potius
995 3327 1245 3379 testatur
1274 3340 1460 3397 egere.

281 3412 509 3486 Jejunii
543 3413 662 3468 veri
695 3414 1120 3469 commendans
1152 3414 1397 3486 mystice
1427 3412 1680 3482 culmen,

207 3503 542 3576 Discipulis
575 3502 726 3558 sacri
755 3501 1085 3558 zelantibus
1117 3518 1246 3558 ecce
1277 3503 1523 3558 Joannis

208 3592 566 3650 Parabolam
601 3591 801 3664 panni,
831 3590 1436 3664 vinique,utriumque
1467 3593 1715 3665 reponit.

287 3683 471 3739 Fessa
493 3698 699 3737 cruore
730 3681 829 3736 diu
855 3679 1068 3736 mulier
1098 3681 1224 3736 sine
1253 3680 1379 3752 lege
1411 3681 1616 3737 ﬂuenti

206 3775 454 3828 Attactu
485 3787 664 3827 sacrae
692 3770 872 3826 vestis
905 3775 1154 3843 purgata
1185 3771 1420 3825 recedit.

210 3862 508 3918 Redditur
538 3864 594 3915 et
623 3859 750 3915 vitae
775 3860 901 3930 jam
935 3860 1134 3914 funere
1157 3859 1366 3929 juncta
1392 3859 1607 3931 puella.

287 3951 427 4006 Mox
458 3947 682 4004 amissa
713 3948 813 4002 diu
846 3949 1172 4003 redduntur
1202 3947 1429 4002 lumina
1459 3948 1644 4004 caecis.

210 4038 588 4097 Dzeinonium
622 4042 856 4093 mutum
889 4037 1252 4108 surdumque
1283 4037 1518 4109 expellit
1547 4038 1738 4093 Jesus.

206 4132 438 4187 Lumen
466 4127 855 4200 apostolicum
890 4126 1123 4199 populis
1149 4127 1317 4198 jubet
1347 4126 1428 4181 ire
1459 4127 1761 4184 docendis.

289 4220 500 4275 Petrus
531 4221 587 4272 et
615 4215 1172 4279 Andraeas,Jacobus
1195 4215 1574 4288 simul,atque
1597 4217 1877 4284 Joannes,

211 4307 706 4374 Bartholomaeus,
739 4305 1017 4373 Thomas,
1053 4305 1727 4378 Matthaeus,pariterque
1757 4307 1884 4362 Phi-

1638 4396 1879 4470 [lippus,

211 4487 379 4543 Alfaei
413 4483 1262 4553 Jacobus,Thaddzeus,Simon
1293 4488 1350 4540 et
1377 4484 1702 4541 Iscariotes.

287 4577 357 4632 Hi
393 4579 535 4632 sunt
567 4591 716 4646 quos
747 4574 911 4630 misit
938 4574 1182 4629 verbum
1213 4574 1450 4630 reboare
1473 4574 1700 4644 salutis,

214 4666 435 4723 Curare
467 4664 822 4732 inﬁrmos,et
851 4661 1064 4736 pellere
1095 4664 1388 4720 daemones
1421 4667 1599 4720 atros.

213 4756 284 4811 Et
313 4761 518 4812 tamen
551 4770 620 4809 ex
647 4752 793 4826 ipsis
823 4751 1161 4825 periit,quia
1190 4753 1649 4826 prodidit,unus.

287 4843 506 4917 Dirigit
525 4843 599 4899 ad
632 4842 932 4898 Christum
961 4842 1224 4898 Joannes
1256 4858 1484 4897 carcere
1517 4842 1777 4913 clausus,

213 4934 493 5006 Increpat
523 4931 622 4988 ille
654 4932 984 5005 urbes,quae
1015 4935 1101 4987 tot
1129 4931 1402 4987 miranda
1428 4931 1711 5002 videntes,

214 5023 452 5081 Duritia
483 5021 732 5079 immani
762 5039 878 5078 non
911 5020 1234 5094 poenituere
1266 5021 1548 5077 dolentes.

289 5112 611 5169 Exsultans
642 5112 818 5169 Jesus
849 5109 1036 5167 Patris
1067 5110 1346 5184 mysteria
1374 5109 1596 5177 laudat,

214 5205 410 5276 Atque
441 5219 620 5259 suum
652 5201 782 5258 lene
811 5217 940 5258 esse
961 5201 1177 5273 jugum
1209 5199 1558 5256 clementius
1588 5200 1735 5257 inﬁt.

217 5291 508 5364 Discipuli
541 5291 736 5364 spicas
768 5289 1059 5346 solventes
1091 5288 1338 5344 sabbata
1364 5287 1606 5345 vellunt.

286 5385 572 5438 Arentem
605 5381 872 5437 dextram
903 5396 1181 5437 concesso
1214 5380 1419 5436 robore
1451 5384 1640 5436 sanat.

211 5471 519 5529 Damonio
553 5471 756 5542 ejecto,
792 5485 1006 5525 caecum
1043 5473 1392 5542 mutumque
1424 5469 1691 5526 resalvaf.

215 5562 387 5629 Quod
420 5564 661 5618 satanas
694 5565 946 5633 nequeat
975 5563 1242 5617 satanam
1266 5559 1552 5633 depellere
1575 5565 1881 5621 monstrat.

289 5637 570 5711 Tentanti
602 5651 787 5708 turbae
821 5650 1060 5730 signum
1092 5649 1381 5727 promittit
1413 5649 1583 5710 Ionee.

1966 558 2080 613 Hos
2111 562 2340 613 tantum
2373 557 2660 630 agnoscit,
2692 557 2790 630 qui
2823 555 3007 613 Patris
3039 558 3212 628 jussa
3262 564 3614 630 sequuntur.

2037 647 2348 703 Parabolas
2377 647 2574 720 plures
2602 647 2759 702 vario
2791 663 3061 702 sermone
3092 649 3372 718 profatur,

1967 737 2198 792 Secreta
2228 742 2503 793 eructans
2535 738 2824 793 absconsa
2854 737 2925 792 ab
2953 737 3177 809 arigine
3210 738 3437 809 mundi,

1963 825 2128 881 Vatis
2159 829 2215 881 et
2245 825 2472 898 antiqui
2503 825 2802 897 complens
2832 842 2997 881 sacro
3028 825 3231 881 ordine
3265 826 3437 882 dicta.

2037 914 2364 987 Agricolam
2399 915 2564 987 ponit
2594 914 2806 987 triplici
2839 915 2940 987 qui
2975 915 3138 987 fruge
3170 916 3528 984 redundans,

1968 1004 2280 1060 Tricenum
2311 1022 2378 1060 ex
2407 1004 2580 1067 cultis
2612 1006 2866 1059 fructum
2900 1004 3160 1077 percepit
3191 1005 3264 1059 ab
3295 1005 3473 1078 agris.

1969 1094 2267 1166 Sexageno
2299 1093 2475 1149 etiam
2505 1098 2816 1149 centenum
2842 1110 3168 1149 accrescere
3199 1095 3484 1166 gaudens.

2042 1183 2121 1238 De
2153 1182 2290 1239 lolio
2324 1184 2555 1239 mundae
2589 1183 2770 1256 segeti
2802 1183 2957 1255 quod
2991 1188 3289 1255 sparserat
3319 1183 3530 1252 hostis,

1971 1277 2050 1327 De
2081 1289 2262 1344 grano
2289 1272 2520 1328 minimi
2549 1272 2663 1328 late
2692 1275 2985 1328 crescente
3019 1271 3261 1344 sinapis,

1973 1361 2052 1417 De
2079 1362 2363 1417 fermento
2395 1363 2571 1417 etiam
2605 1379 2720 1433 quo
2750 1362 2868 1417 vim
2901 1361 3082 1417 trahit
3111 1361 3369 1433 undique
3403 1378 3620 1418 massa.

2045 1451 2360 1523 Discipulis
2391 1450 2511 1506 lolii
2543 1451 2873 1524 segetisquc
2903 1450 3215 1522 anigmata
3245 1450 3432 1515 solvit,

1973 1539 2317 1596 Parabolam
2349 1540 2549 1595 subdit
2577 1539 2970 1596 thesaurisare
3001 1539 3258 1606 latentis,

1976 1629 2301 1701 Margaritm
2333 1628 2510 1684 etiam
2541 1629 2797 1701 pretiosa
2826 1628 2952 1684 luce
2984 1628 3276 1684 micantis.

2049 1719 2114 1773 Et
2147 1718 2313 1774 missi
2345 1718 2401 1772 in
2433 1717 2677 1791 pelagus
2707 1717 2848 1773 retis
2880 1735 3066 1790 genus
3099 1735 3271 1774 omne
3318 1722 3628 1774 natantum

1896 1851 1942 1915 Β
1978 1808 2138 1874 Quod
2173 1808 2351 1863 trahit
2383 1809 2455 1862 ad
2486 1808 2783 1876 littus,ubi
2816 1808 2882 1862 ﬁt
2913 1807 3185 1862 discretio
3219 1807 3420 1876 solers,

1978 1897 2131 1950 Vasa
2162 1897 2347 1952 bonos
2378 1897 2638 1968 capiunt,
2676 1896 2936 1952 diversos
2971 1894 3202 1967 projicit
3232 1913 3394 1952 usus.

2049 1985 2302 2040 Caeditur
2331 1985 2577 2040 Herodis
2600 1986 2776 2056 jussu
2808 1985 3074 2056 Baptista
3102 1985 3379 2056 Joannes,

1979 2076 2048 2129 Et
2079 2078 2255 2146 caput
2286 2073 2344 2128 in
2379 2073 2538 2129 disco
2572 2072 2853 2129 scelerata
2883 2073 2954 2127 ad
2985 2073 3200 2146 gaudia
3232 2074 3430 2129 fertur.

1981 2162 2262 2235 Discipuli
2293 2162 2894 2221 adveniunt.condunt
2921 2162 3015 2233 pia
3045 2162 3309 2216 membra
3338 2162 3626 2234 sepulcro.

2051 2252 2234 2306 Millia
2265 2252 2525 2323 quinque
2557 2251 2748 2305 virum
2780 2251 2850 2305 de
2880 2268 3099 2321 panum
3135 2251 3393 2323 quinque
3423 2256 3630 2324 paratu

1753 2324 1871 2363 "ere
1982 2341 2246 2395 Piscibus
2277 2345 2334 2395 et
2358 2339 2850 2412 geminis,Christi
2880 2339 3091 2394 virtute
3123 2339 3440 2410 replentur.

1984 2429 2078 2484 Bis
2110 2431 2329 2484 coﬁnos
2355 2429 2530 2484 etiam
2564 2427 2942 2483 cumularunt
2968 2429 3258 2500 fragmina
3287 2445 3479 2484 senos.

1980 2562 1986 2568 .
2055 2520 2228 2575 Jesus
2261 2535 2361 2590 per
2392 2519 2605 2573 ﬂuctus
2637 2518 2920 2590 graditur,
2955 2517 3136 2572 maris
3166 2534 3399 2589 zequora
3423 2517 3634 2584 calent,

1986 2609 2342 2680 Mergentem
2374 2609 2607 2662 Petrum
2640 2605 2870 2678 placida
2899 2607 2998 2661 dat
3020 2605 3225 2662 sistere
3255 2607 3476 2664 dextra.

1987 2699 2283 2752 Cenuesar
2313 2697 2370 2751 in
2405 2695 2636 2768 populis
2669 2695 2988 2750 multorum
3029 2696 3402 2751 incommoda
3450 2700 3632 2752 curat.

2058 2787 2137 2841 De
2170 2803 2455 2841 manuum
2489 2785 2715 2840 lavacro
2742 2783 3068 2856 phariszeus
3099 2790 3431 2840 murmurat
3454 2802 3632 2841 error.

1989 2874 2087 2930 Ille
2118 2875 2287 2930 docet
2309 2874 2500 2930 cordis
2531 2891 2733 2930 verum
2764 2873 3130 2945 interiusque
3160 2873 3478 2929 lavacrum.

1988 2963 2253 3019 Obtinuit
2284 2968 2430 3018 na'tze
2463 2963 2673 3019 mulier
2704 2963 2988 3019 Cananma
3021 2962 3294 3019 salutem.

2059 3053 2254 3108 Monte
2286 3052 2530 3109 Galilaeze
2565 3052 2913 3108 miserorum
2940 3052 3209 3108 examina
3238 3057 3423 3108 curat.

1988 3145 2249 3207 Quatuor
2279 3159 2348 3197 ex
2379 3147 2603 3214 septem
2635 3159 2770 3197 mox
2800 3140 2985 3197 millia
3014 3142 3267 3214 panibus
3307 3141 3531 3214 implet.

1908 3224 1950 3290 C
1990 3232 2382 3298 Fermentum,
2411 3231 2720 3297 Pharisaee,
2746 3233 2913 3286 tuum
2936 3231 3104 3286 docet
3134 3247 3262 3286 esse
3293 3231 3638 3286 cavendum.

2062 3319 2352 3375 Clariﬁcat
2385 3318 2684 3374 Christum
2716 3318 2853 3375 felix
2884 3318 3173 3374 confessio
3206 3319 3380 3384 Petri,

1988 3408 2212 3480 Accipit
2244 3414 2297 3464 et
2328 3407 2516 3463 claves
2547 3407 2711 3479 regni
2741 3407 2996 3463 caelestis
3027 3408 3097 3462 ab
3132 3408 3281 3478 ipso.

1992 3497 2256 3569 Praecipit
2285 3497 2382 3553 ille
2407 3513 2638 3552 crucem
2663 3497 2956 3569 prepriam
2976 3496 3184 3568 cuique
3204 3495 3301 3552 ille
3317 3496 3639 3554 ferendam.

2061 3591 2332 3643 Testatur
2361 3587 2650 3659 quosdam
2683 3587 2890 3642 duram
2923 3602 3040 3640 non
3069 3601 3305 3642 cernere
3335 3590 3604 3654 mortem,

1995 3678 2182 3732 Donec
2212 3677 2270 3731 in
2304 3676 2538 3749 proprio
2570 3675 2869 3732 Christum
2903 3675 3222 3748 fulgescere
3252 3691 3429 3746 regno

1993 3766 2167 3822 Felici
2197 3765 2415 3821 intuitu
2447 3763 2950 3836 videant,c<elique
2982 3767 3314 3836 pavescant.

2063 3855 2378 3928 Discipulis
2408 3854 2468 3910 in
2501 3859 2697 3910 monte
2727 3854 2917 3909 tribus
2949 3871 3010 3909 se
3037 3853 3305 3925 protinus
3335 3852 3460 3925 ipse

1992 3945 2249 4001 leestis
2281 3945 2477 3999 formae
2507 3943 2785 4000 vestitum
2818 3942 3040 3998 lumine
3070 3948 3359 3998 monstrat
3393 3959 3405 3996 :

1993 4035 2097 4091 Cui
2130 4034 2306 4090 simul
2340 4033 2563 4089 Heliam
2597 4033 2954 4104 Moysenque
2985 4033 3259 4087 assistere
3291 4036 3555 4086 cernunt.

2067 4123 2387 4180 Confestim
2418 4122 2678 4194 trepidos
2707 4121 3033 4177 circumdat
3062 4120 3258 4175 lucida
3287 4121 3494 4188 nubes,

1996 4214 2063 4268 Et
2091 4231 2199 4269 vox
2230 4212 2388 4268 clara
2419 4212 2609 4268 Patris
2639 4211 2910 4267 testantis
2940 4210 3011 4264 ab
3039 4209 3250 4264 aethere
3281 4210 3440 4264 venit
3473 4227 3485 4264 :

1993 4303 2175 4360 Filius
2205 4302 2299 4357 hic
2331 4319 2498 4356 meus
2529 4299 2825 4370 est,hujus
2857 4303 3146 4370 praecepta
3175 4302 3383 4354 tenete.

2067 4393 2169 4448 His
2201 4391 2378 4448 etiam
2410 4389 2637 4446 Heliam
2669 4393 2804 4461 post
2833 4388 2954 4444 hac
2994 4388 3053 4442 in
3104 4391 3322 4453 monte,
3355 4393 3649 4445 revertens

1995 4482 2126 4538 Jam
2155 4481 2385 4537 venisse
2410 4480 2588 4545 canit,
2613 4495 2718 4534 nec
2749 4477 2905 4533 hunc
2937 4481 3134 4533 tamen
3167 4494 3294 4533 esse
3325 4482 3648 4551 receptum,

1914 4602 1963 4666 Β
1997 4572 2099 4628 His
2130 4570 2211 4625 illi
2245 4570 2304 4624 in
2335 4569 2529 4626 verbis
2552 4569 2786 4640 justum
2816 4583 3050 4624 sensere
3079 4566 3390 4622 Joannem.

2071 4661 2201 4717 Mox
2231 4676 2480 4733 puerum
2512 4656 2855 4730 curat,fugit
2883 4657 3020 4712 hinc
3051 4656 3312 4712 lunatica
3341 4656 3542 4729 pestis.

1997 4750 2266 4807 Vivacem
2293 4750 2469 4805 ﬁdem
2497 4747 2754 4804 similem
2783 4747 2908 4802 vult
2937 4763 3065 4803 esse
3097 4746 3313 4818 sinapi.

1999 4840 2180 4898 Solvit
2207 4855 2539 4896 caasaraeum
2571 4838 2751 4911 piscis
2783 4854 2850 4892 ex
2882 4854 2978 4893 ore
3009 4836 3317 4891 tributum.

2069 4931 2152 4989 Ad
2183 4930 2350 5002 pueri
2379 4930 2627 4984 formam
2659 4927 2915 4984 humiles
2938 4927 3111 4998 jubet
3141 4941 3268 4981 esse
3299 4924 3522 4980 ﬁdeles.

1994 5019 2494 5076 Scandalizantem
2527 5017 2764 5073 oculum
2795 5017 3033 5089 propria
3059 5015 3184 5071 vult
3213 5015 3350 5070 sede
3400 5013 3615 5069 revelli.

1996 5110 2057 5166 Id
2091 5109 2256 5183 pedis
2289 5113 2462 5180 atque
2497 5123 2712 5163 manus
2738 5105 2914 5161 etiam
2959 5104 3299 5160 discrimine
3349 5107 3657 5160 monstrat.

2069 5201 2184 5256 Nec
2217 5197 2493 5254 minimos
2524 5212 2788 5268 unquam
2821 5195 3166 5251 temnendos
3198 5211 3324 5250 esse
3357 5193 3588 5262 ﬁdeles,

2001 5293 2108 5346 Pro
2142 5289 2360 5362 quibus
2391 5287 2666 5362 angelicae
2700 5282 2966 5357 invigilat
2996 5283 3264 5340 custodia
3292 5301 3468 5340 curae.

1998 5381 2146 5436 Nam
2171 5396 2308 5435 saxo
2341 5393 2660 5450 oppressus
2688 5373 2905 5430 laedens
2935 5371 3224 5446 mergitur
3249 5373 3481 5447 abysso.

2070 5469 2498 5542 Ignoscendum
2533 5464 2692 5521 omni
2724 5462 2996 5519 clementi
3023 5467 3257 5533 pectore
3295 5463 3482 5532 fratri,

2000 5559 2074 5617 Ut
2104 5560 2260 5616 Deus
2292 5559 2576 5631 ignoscat,
2611 5570 2717 5609 nec
2746 5552 2910 5609 duris
2943 5552 3092 5608 dura
3134 5551 3432 5624 rependat.

2001 5649 2269 5726 Conjugii
2295 5645 2553 5707 vinclum
2585 5642 2938 5702 servandum
2961 5641 3094 5717 jure
3125 5636 3304 5700 ﬁdeli.
