4100 6438
515 345 636 408 263

592 477 948 536 Ileunuchos
977 474 1309 548 laudat,qui
1341 473 1467 530 cmli
1504 476 1707 546 regnat
1738 472 2066 544 requirunt,

519 569 723 639 Dilin7t
754 567 1039 623 innocuos
1073 561 1604 638 pueros,benedicit
1632 560 1878 629 eisdem,

520 658 809 715 Divitibus
841 657 986 712 dure
1016 652 1261 710 reserari
1289 652 1496 708 limina
1523 652 1673 707 vitae.

590 762 990 836 Ccntuplicem
1022 761 1277 816 fructum
1309 758 1539 831 capient
1588 756 1689 830 qui
1736 759 1949 812 cuncta
1998 754 2175 811 relin-

520 852 864 912 Paraholam
895 852 1114 924 profert
1144 848 1299 905 varie
1327 847 1523 903 vineta
1552 846 1869 913 colentum,
1951 848 2173 917 [quent.

520 947 645 1012 Qua
673 944 839 1000 docet
868 944 1154 997 extremos
1180 936 1303 993 ﬁeri
1334 935 1681 1009 plerumque
1707 934 1950 1007 priores.

593 1048 836 1107 Zebedei
868 1047 1023 1103 natis
1056 1043 1242 1101 avidis
1273 1045 1346 1100 ad
1378 1042 1612 1100 culmen
1642 1041 1882 1098 honoris

518 1142 664 1197 Ante
694 1137 841 1195 calix
870 1133 1054 1191 tristis
1084 1132 1432 1207 proponitur
1461 1148 1590 1188 esse
1619 1131 1930 1187 bibendus.

522 1225 861 1286 Pretericns
890 1223 1177 1281 Dominus
1208 1220 1461 1295 geminis
1492 1220 1593 1276 dat
1620 1219 1848 1275 lumina
1878 1218 2065 1274 caecis.

590 1332 835 1391 Ducitur
861 1331 932 1387 ad
963 1332 1168 1388 Jesum
1198 1325 1398 1401 pullus
1429 1344 1563 1382 cum
1599 1330 1786 1381 matre
1823 1325 2139 1393 sedendus,

518 1426 839 1480 Mercantes
866 1418 1084 1491 templo
1115 1415 1491 1491 pellit,Patris
1517 1414 1711 1488 expiat
1740 1413 1958 1471 aulam.

521 1513 853 1571 Gaudentes
884 1507 1050 1581 pueri
1084 1507 1177 1580 pie
1204 1504 1436 1561 Christo
1458 1504 1692 1562 Osanna
1721 1503 2030 1559 resultant.

594 1618 954 1675 Frondosam
979 1613 1380 1681 ﬁcum,fructu
1414 1611 1554 1685 quia
1583 1611 1728 1667 forte
1760 1610 2016 1680 carebat,

519 1708 793 1774 Jussit,et
819 1704 1106 1776 extemplo
1138 1704 1418 1757 damnata
1444 1701 1673 1757 exaruit
1701 1700 1875 1756 arbor
1908 1716 1921 1753 :

524 1797 879 1855 Fructiferos
908 1794 1050 1867 quia
1078 1792 1342 1847 Christus
1374 1790 1686 1859 amat,sine
1717 1788 2008 1845 fructibus
2028 1787 2172 1844 odit.

595 1885 905 1943 Pontiﬁces
935 1882 1191 1957 rogitant
1220 1882 1373 1937 unde
1402 1880 1488 1936 illi
1517 1884 1681 1936 tanta
1708 1882 1987 1952 potestas,

525 1976 639 2032 Sed
670 1973 899 2031 confusi
931 1973 1148 2029 abeunt
1177 1971 1450 2027 testantis
1479 1986 1617 2025 voce
1647 1968 1914 2034 Joannis,

522 2066 639 2123 Nec
668 2079 869 2121 verum
900 2061 1032 2119 falsi
1064 2077 1171 2116 nec
1196 2076 1331 2117 vera
1358 2059 1562 2116 audire
1592 2062 1904 2115 merentes.

595 2153 937 2210 Parabolam
968 2150 1169 2207 subdit
1200 2154 1474 2206 natorum
1506 2150 1653 2205 forte
1682 2148 1956 2215 duorum,

522 2245 625 2312 Qui
661 2243 842 2317 patris
876 2240 1135 2314 imperiis
1165 2240 1395 2295 diversa
1426 2244 1581 2295 sorte
1611 2238 1913 2294 resistunt.

520 2340 601 2390 Ac
631 2332 841 2389 scribis
868 2331 1097 2404 praefert
1127 2328 1463 2385 meretrices
1487 2328 1621 2399 jure
1647 2326 1937 2400 superbis.

593 2421 831 2478 Tradita
863 2418 1128 2475 ruricolis
1162 2435 1399 2473 rursum
1428 2418 1623 2473 vineta
1658 2416 1943 2483 feruntur,

522 2510 628 2578 Qui
656 2511 726 2565 ad
759 2525 887 2565 sese
918 2508 1132 2563 missos
1162 2506 1379 2562 crudeli
1411 2511 1597 2562 morte
1627 2509 1931 2571 necarunt,

523 2601 823 2657 Postremo
851 2602 908 2654 et
940 2597 1167 2653 Domini
1198 2596 1552 2669 pcrimentes
1583 2595 1763 2668 impie
1793 2599 2019 2650 natum.

594 2687 879 2745 Parabola
908 2686 1164 2742 invitans
1194 2685 1267 2740 ad
1301 2684 1455 2758 regis
1486 2684 1731 2757 prandia
1761 2683 1979 2756 plures,

521 2780 677 2844 Quos
708 2776 850 2850 quia
878 2778 1417 2848 tempserunt,mox
1446 2773 1591 2830 ultio
1623 2773 1801 2847 digna
1833 2777 2036 2829 secuta
2064 2776 2171 2828 est.

519 2868 692 2924 Veste
719 2882 926 2922 carens
952 2864 1130 2937 digna
1165 2868 1457 2920 mersatur
1489 2866 1545 2919 et
1569 2863 1693 2935 ipse
1712 2863 1991 2919 tenebris.

592 2956 668 3013 Ut
689 2955 887 3010 divina
921 2955 1031 3010 Deo
1062 2952 1571 3025 reddantur,regia
1600 2951 1741 3026 regi,

522 3046 683 3111 Quod
714 3052 958 3100 venturo
988 3060 1105 3098 aevo
1136 3042 1330 3097 carnis
1359 3041 1652 3098 connubia
1680 3044 1931 3110 cessent,

523 3135 684 3200 Quod
718 3133 985 3190 Christus
1019 3131 1190 3189 David
1218 3130 1502 3187 Dominus
1531 3135 1587 3187 et
1621 3130 1803 3187 Filius
1834 3134 2039 3186 exstet.

595 3225 662 3280 In
690 3222 967 3280 cathedra
992 3221 1161 3278 Moisi
1192 3220 1340 3295 legis
1370 3221 1623 3277 residere
1653 3221 1890 3293 peritos,

524 3314 743 3371 Horum
776 3312 931 3368 dicta
960 3310 1320 3384 sequi,vitari
1352 3311 1616 3384 exempla
1636 3311 1940 3383 jubentur.

524 3404 789 3476 Increpat
818 3401 927 3459 hos
956 3400 1411 3473 Christus,quod
1442 3402 1691 3473 perdant
1709 3400 1928 3473 quique
1950 3399 2176 3455 lucran-

2034 3491 2173 3561 [tur.

594 3582 756 3647 Quod
767 3580 1192 3653 jusjurandum
1209 3578 1606 3651 violent,quod
1627 3579 1882 3634 maxime
1904 3583 2175 3635 sanctum

2044 3670 2173 3740 [est.

526 3759 689 3827 Quod
721 3757 959 3814 calicem
992 3757 1275 3823 excolcnt,
1310 3758 1586 3813 studeant
1617 3757 1831 3831 glutire
1862 3757 2173 3813 camelum.

526 3850 829 3907 Sectantes
860 3847 1126 3916 minima,
1159 3852 1487 3904 temnentes
1519 3847 1775 3903 maxima
1802 3847 1968 3920 legis.

598 3938 761 4004 Quod
786 3936 1025 3994 calicem
1048 3941 1105 3992 et
1134 3936 1409 4011 cyathum
1440 3938 1692 3993 exterius
1716 3938 2000 3993 mundare
2018 3936 2177 3993 labo-

2009 4031 2175 4095 [rent,

528 4118 642 4175 Nec
672 4117 864 4173 labem
895 4116 1148 4173 interius
1177 4115 1508 4172 latitantem
1537 4121 1832 4191 extergere
1863 4121 2086 4187 curent,

527 4207 673 4264 Cum
699 4207 840 4263 foris
870 4210 1048 4279 atque
1079 4206 1242 4262 intus
1272 4204 1529 4261 hominis
1560 4206 1640 4261 sit
1671 4206 1937 4262 conditor
1965 4224 2140 4263 unus.

599 4295 852 4370 Ingemit
880 4295 989 4352 hos
1019 4294 1245 4351 similes
1276 4294 1488 4350 albatis
1516 4294 1673 4351 calce
1703 4295 2010 4368 sepulcris,

529 4388 663 4452 Quae
690 4385 957 4458 speciosa
986 4385 1149 4456 foris,
1182 4384 1474 4441 horrenda
1503 4384 1857 4441 intrinsecus
1899 4390 2130 4443 exstant
2163 4403 2175 4445 :

526 4474 687 4531 Sana
716 4474 908 4530 nitent
937 4473 1291 4541 oculis,sunt
1319 4474 1520 4530 omnia
1548 4478 1696 4530 tetra
1726 4474 1989 4532 latebris.

602 4562 922 4637 Splendida
954 4563 1054 4635 qui
1086 4563 1304 4619 sanctis
1333 4564 1596 4620 condunt
1638 4570 2018 4622 monumenta
2047 4584 2179 4640 pro-

1945 4655 2178 4729 [phetis.

530 4741 807 4813 Nihilque
836 4757 905 4796 ex
931 4739 1039 4797 hoc
1069 4740 1228 4797 aliud
1250 4740 1361 4797 nisi
1384 4741 1692 4816 sanguinis
1713 4759 1842 4799 esse
1862 4744 2183 4816 probentur

530 4832 799 4889 Haeredes
828 4835 1047 4900 vatum,
1068 4831 1124 4887 in
1156 4831 1472 4888 Dominum
1504 4831 1643 4905 quia
1673 4833 1905 4889 credere
1935 4833 2178 4890 nollent.

600 4919 928 4979 Jerusalem
962 4920 1206 4994 plangit,
1239 4922 1527 4994 templum
1560 4938 1623 4978 se
1652 4921 1918 4994 linquere
1946 4923 2105 4993 dicit,

530 5010 742 5067 Omnia
770 5015 827 5067 et
859 5011 919 5066 in
951 5011 1177 5067 cineres
1209 5010 1404 5067 subito
1434 5010 1674 5083 lapsura
1703 5010 1983 5080 minatur,

531 5100 749 5172 Hisque
778 5116 918 5155 suos
945 5099 1142 5155 vultus
1174 5104 1305 5172 post
1334 5100 1444 5157 hac
1474 5104 1648 5173 negat
1676 5116 1805 5157 esse
1841 5102 2141 5160 videndos.

601 5199 904 5255 Extremos
935 5215 1061 5271 quae
1096 5198 1266 5272 signa
1296 5198 1421 5255 dies
1452 5216 1807 5273 praecurrere
1840 5204 2066 5257 constet

532 5287 1086 5360 Exsequitur,falsos
1112 5288 1383 5343 meminit
1411 5303 1721 5361 exsurgere
1751 5287 2013 5346 Christos

531 5375 599 5432 Et
630 5376 810 5432 falsos
840 5380 1021 5444 vates,
1054 5374 1350 5431 erroribus
1379 5375 1579 5431 omnia
1598 5374 1789 5448 plena.

599 5474 895 5530 Adventus
926 5473 1143 5546 proprii
1177 5477 1456 5530 terrorem
1489 5477 1546 5530 et
1575 5478 1840 5548 tempora
1869 5478 2094 5550 pandit,

530 5563 805 5620 Decidere
835 5562 1188 5631 stellas,tota
1218 5567 1377 5619 astra
1408 5563 1736 5636 nigrescere
1765 5565 1913 5623 coeli.

531 5652 821 5730 Exemplis
849 5651 1090 5730 vigilare
1120 5652 1650 5732 monet,furemque
1675 5656 2019 5717 cavendum.

1620 338 1853 401 FLORI
1899 335 2215 399 DlACONl
2260 336 2839 401 LUGDUNENSIS.

3824 336 3956 397 264

2206 473 2255 539 Α
2310 447 2337 470 ’
2365 470 2615 526 Lumina
2643 470 2920 545 virgineis
2951 486 3022 526 ne
3052 470 3173 527 sint
3202 470 3492 526 macentia
3519 471 3697 527 vasis.

2289 560 2398 616 Sed
2430 561 2628 634 potius
2660 560 2867 634 pingui
2894 578 3128 634 semper
3157 560 3462 617 foveantur
3490 558 3639 616 olivo
3675 576 3689 616 :

2287 650 2536 723 Sumpta
2562 650 2783 706 talenta
2811 650 2925 724 piis
2954 651 3154 707 usuris
3184 666 3444 707 crescere
3474 649 3738 706 mandat.

2355 739 2571 796 Judicii
2600 740 2661 797 in
2688 740 2833 797 solio
2862 757 2997 797 cum
3024 739 3241 797 sederit
3268 738 3368 795 ille
3396 739 3720 807 tremendo,

2284 830 2331 884 A
2362 829 2580 886 dextris
2611 834 2768 888 stare
2797 829 2928 886 inﬁt
2958 829 3437 901 oves,haedosque
3468 828 3728 886 sinistris
3760 845 3773 883 :

2285 923 2403 976 Hos
2432 918 2516 975 ire
2544 919 2604 975 in
2635 918 3066 987 ﬂammas,illos
3098 919 3169 976 ad
3199 935 3420 991 pascua
3448 917 3595 974 vitae.

2359 1008 2667 1065 Pontiﬁces
2697 1008 3011 1066 Dominum
3037 1011 3307 1081 quaerunt
3334 1007 3597 1064 occidere
3617 1006 3957 1078 Christum,

2288 1096 2594 1170 Unguento
2629 1097 2764 1155 felix
2792 1097 3005 1154 mulier
3034 1097 3332 1170 perfundit
3353 1096 3579 1153 Jesum.

2287 1185 2360 1243 Ut
2390 1186 2686 1243 Christum
2719 1187 2927 1260 prodat
2955 1187 3140 1244 Judas
3169 1187 3323 1242 dona
3346 1184 3512 1241 irrita
3538 1183 3765 1257 quaerit.

2359 1277 2525 1333 Hunc
2555 1276 2843 1333 Dominus
2873 1293 3110 1333 cmnans
3139 1275 3409 1348 designat
3431 1290 3569 1332 voce
3592 1274 3854 1349 gementi

2286 1365 2555 1438 Corporis
2588 1366 2713 1438 ipse
2741 1366 2833 1421 sui
2868 1366 3091 1422 sanctis
3119 1364 3400 1438 mysteria
3426 1363 3625 1420 tradit.

2285 1455 2553 1511 Prmdicit
2579 1455 2745 1512 Petro
2774 1456 2929 1528 quod
2961 1472 3023 1511 se
3051 1459 3140 1511 ter
3169 1458 3337 1510 nocte
3365 1457 3625 1527 negaret.

2358 1544 2497 1600 Orat
2525 1548 2590 1600 ut
2619 1544 2896 1601 instantis
2925 1542 3125 1600 calicis
3153 1546 3519 1615 pertranseat
3550 1542 3692 1598 hora
3726 1558 3739 1595 :

2283 1634 2391 1689 Sed
2419 1634 2608 1707 magis
2643 1638 2708 1690 ut
2738 1633 2928 1690 Patris
2958 1634 3060 1689 ﬁat
3089 1633 3324 1706 preﬁxa
3350 1631 3641 1689 voluntas.

2285 1722 2500 1779 Oscula
2523 1724 2624 1779 dat
2653 1723 2837 1779 Judas
2868 1723 3137 1779 tradendi
3168 1722 3339 1795 signa
3364 1720 3653 1794 magistri.

2356 1812 2614 1868 Consilio
2645 1812 2854 1867 insano
2881 1810 3061 1868 falsos
3094 1811 3412 1884 producere
3442 1814 3619 1867 testes

2286 1902 2349 1957 In
2381 1901 2679 1957 Christum
2712 1901 2965 1974 placuit;
2998 1900 3250 1956 mendax
3270 1900 3380 1957 sibi
3403 1898 3606 1973 lingua
3628 1901 3954 1972 repugnat.

2284 1995 2607 2047 Damnatus
2633 1990 2863 2064 probris
2894 1989 3162 2046 illuditur
3187 1990 3447 2062 undique
3477 1989 3669 2046 Jesus.

2353 2081 2618 2153 Abnegat
2633 2079 2789 2135 hunc
2809 2078 3313 2152 Petrus,lacrymis
3330 2093 3465 2134 mox
3481 2076 3708 2151 plangit
3719 2076 3953 2135 amaris

2282 2169 2527 2225 Vinctus
2559 2168 2739 2225 Pilato
2761 2168 3139 2241 perimendus
3171 2167 3423 2224 traditur
3453 2167 3598 2241 ipse.

2283 2259 2565 2313 Emerunt
2590 2256 2755 2330 ﬁguli
2786 2257 2971 2330 pretio
3002 2257 3072 2313 de
3103 2256 3411 2330 sanguinis
3441 2272 3669 2328 agrum.

2357 2347 2579 2404 Pilatus
2610 2347 2825 2420 populo
2855 2346 3138 2420 permittit
3168 2348 3411 2419 perdere
3439 2345 3773 2416 Christum;

2284 2437 2483 2494 Passio
2514 2454 2680 2493 sacra
2709 2437 2789 2509 pii
2820 2435 3144 2508 completur
3172 2436 3233 2492 in
3262 2434 3465 2491 ordine
3493 2435 3655 2491 Jesu.

2285 2528 2416 2583 Mox
2439 2525 2726 2583 elementa
2755 2530 3034 2590 tremunt,
3060 2524 3275 2581 scindit
3303 2542 3413 2581 sua
3442 2522 3620 2598 pallia
3649 2522 3952 2597 templum

2356 2616 2456 2672 llle
2488 2615 2647 2672 subit
2675 2620 2957 2683 mortem;
2994 2613 3328 2685 Procul,ait,
3362 2617 3613 2682 tartare;
3646 2613 3836 2669 victor

2284 2706 2325 2762 E
2355 2705 2585 2761 tumulo
2618 2704 2841 2776 surgit;
2874 2702 3034 2760 clara
3061 2703 3275 2759 virtute
3308 2702 3575 2775 refulget.

2284 2794 2600 2867 Discipulis
2630 2794 2908 2850 mandata
2937 2793 3118 2865 dedit,
3150 2793 3449 2865 baptisma
3476 2791 3745 2848 sacravit.

2354 2884 2461 2940 Cui
2492 2882 2622 2939 laus
2652 2888 2708 2940 et
2727 2883 2935 2951 virtus,
2964 2883 3061 2939 cui
3092 2881 3278 2955 gloria
3306 2897 3540 2938 summa
3569 2898 3673 2954 per
3712 2897 3910 2937 (svum

2284 2974 2372 3030 Sit
2402 2991 2535 3029 cum
2561 2975 2729 3029 Patre
2759 2972 2875 3029 Deo
2906 2970 3125 3028 caelesti
3158 2971 3219 3027 in
3247 2972 3385 3028 sede
3415 2971 3607 3039 beato,

2280 3062 2521 3137 Spiritui
2554 3067 2754 3119 sancto
2786 3078 3046 3132 consors,
3080 3065 3137 3117 et
3158 3061 3349 3118 sidera
3377 3058 3651 3117 clament.

2423 3154 2627 3209 Amen.

3079 3240 3151 3296 II.

2757 3347 2931 3385 GESTA
2969 3344 3194 3385 CHRISTI
3235 3345 3460 3385 DOMINI.

2358 3420 2599 3477 Innocui
2630 3419 2818 3493 pueri,
2847 3418 3078 3475 Christo
3110 3416 3437 3474 benedicite
3463 3415 3624 3484 Regi.

2286 3510 2373 3567 Sit
2407 3508 2635 3566 Domini
2665 3507 2888 3565 celsum
2920 3507 3295 3564 benedictum
3326 3506 3388 3562 in
3418 3504 3633 3563 saacula
3664 3521 3909 3561 nomen.

2286 3598 2438 3657 Solis
2463 3599 2534 3655 ad
2567 3614 2841 3654 occasum
2872 3595 3060 3653 dulcis
3090 3599 3258 3653 sonet
3286 3596 3541 3669 hymnus
3571 3594 3643 3650 ab
3675 3598 3831 3650 ortu.
3860 3600 3875 3615 ’

2356 3689 2673 3745 Cantemus
2705 3687 3195 3759 Domino,magna
3226 3690 3314 3743 est
3344 3685 3434 3741 cui
3468 3684 3656 3759 gloria
3684 3683 3955 3754 Christo,

2285 3779 2393 3844 Qui
2419 3776 2582 3834 solus
2612 3777 2823 3832 virtute
2856 3793 2966 3831 sua
2995 3775 3243 3831 sessoris
3274 3774 3460 3847 iniqui

2288 3867 2503 3925 Stravit
2524 3883 2765 3939 equum,
2797 3865 3102 3938 victosque
3134 3864 3311 3921 simul
3344 3863 3667 3920 submersit
3705 3863 3954 3936 abysso.

2357 3959 2501 4014 Ecce
2529 3957 2681 4013 Deus
2713 3955 2862 4012 mira
2887 3954 3150 4012 Salvator
3177 3953 3305 4011 luce
3335 3958 3622 4023 coruscat,

2287 4048 2416 4120 Ipse
2448 4046 2609 4103 salus
2639 4044 2963 4117 nobis,ipse
2994 4048 3084 4101 est
3112 4043 3172 4099 in
3205 4042 3421 4101 saecula
3448 4043 3655 4100 virtus.

2287 4136 2557 4194 Conﬁdat
2586 4137 2792 4191 devota
2822 4134 3171 4201 ﬁdes,timor
3200 4134 3393 4190 omnis
3425 4134 3645 4189 abesto.

2361 4225 2638 4281 Libemus
2672 4223 2871 4281 dulces
2895 4224 3035 4280 Jesu
3066 4223 3137 4280 de
3168 4223 3431 4279 fontibus
3460 4223 3671 4290 undas,

2289 4316 2583 4387 Gestaque
2614 4312 2913 4387 magniﬁci
2945 4313 3254 4369 reboemus
3285 4311 3345 4367 in
3369 4310 3571 4368 ordine
3595 4310 3833 4368 Christi.

2289 4406 2419 4462 Haac
2450 4404 2640 4477 polus,
2673 4403 2794 4459 haec
2824 4401 3021 4469 tellus,
3055 4402 3174 4457 haec
3204 4401 3365 4475 ponti
3402 4404 3676 4474 personet
3722 4417 3957 4473 tequor.

2360 4496 2623 4562 Quatuor
2646 4491 2769 4547 haec
2798 4508 2915 4547 uno
2947 4492 3285 4548 cecinerunt
3314 4507 3411 4547 ore
3441 4490 3617 4547 beati.

2213 4605 2258 4670 D
2290 4586 2550 4650 Quatuor
2576 4584 2901 4655 exsurgunt
2932 4580 3190 4652 paradisi
3218 4580 3467 4670 ﬂumina
3495 4579 3673 4647 fonte,

2292 4676 2426 4739 Quae
2458 4676 2737 4728 cunctum
2767 4670 2929 4744 largo
2960 4670 3276 4726 fecundant
3303 4668 3532 4743 gurgite
3562 4668 3872 4725 mundum.

2361 4763 2465 4819 Hic
2494 4761 2674 4836 igitur
2702 4760 3015 4834 paradisus
3046 4758 3335 4828 adest,hic
3367 4759 3572 4816 arbore
3596 4757 3728 4814 vitae

2288 4855 2478 4909 Aurea
2506 4855 2828 4923 carpuntur
2858 4849 3085 4905 ﬂorenti
3112 4848 3327 4905 vertice
3353 4848 3528 4904 mala.

2290 4942 2463 4998 Dirus
2494 4942 2658 4997 abest
2690 4937 3208 5012 anguis,exuberat
3238 4937 3396 4995 alma
3418 4936 3707 5011 voluptas.

2359 5030 2649 5087 Zachariae
2683 5032 2885 5086 sancto
2918 5028 3102 5086 sacris
3128 5028 3369 5085 incensa
3397 5028 3603 5085 ferenti

2287 5120 2545 5195 Angelus
2576 5117 3119 5193 assistit,promittit
3149 5118 3365 5192 gaudia
3395 5117 3539 5185 nati,

2295 5211 2400 5278 Qui
2432 5209 2678 5266 Domino
2711 5209 2942 5265 Christo
2976 5207 3332 5282 populorum
3364 5208 3541 5265 corda
3564 5210 3816 5281 pararet.

2365 5300 2616 5357 Mittitur
2644 5299 2717 5355 ad
2747 5299 2993 5355 Mariam
3024 5296 3254 5356 Gabriel
3285 5314 3450 5354 sacer
3481 5314 3579 5355 ore
3608 5313 3873 5355 corusco.

2295 5388 2538 5446 Nuntiat
2566 5388 2788 5445 intacta
2815 5391 3127 5444 venturum
3158 5386 3395 5457 Virgine
3424 5386 3748 5457 Christum,

2293 5478 2397 5537 Cui
2422 5495 2670 5553 regnum
2702 5478 3113 5547 mternum,cui
3142 5476 3328 5551 gloria
3358 5476 3544 5550 fulget
3572 5476 3633 5534 in
3663 5493 3872 5534 aevum.

2363 5568 2651 5627 Zacharias
2684 5584 2922 5625 uxorem
2954 5567 3129 5642 Virgo
3159 5568 3490 5624 veneranda
3510 5566 3749 5625 salutat.

2295 5660 2566 5720 Protinus
2597 5658 2849 5718 exsultat
2878 5661 3141 5717 materno
3172 5657 3231 5717 in
3260 5661 3460 5718 ventre
3487 5657 3765 5731 Joannes,
