4100 6450
163 414 282 472 265
1555 407 1909 468 CARMINA
1959 406 2216 466 \"AltlA.
3471 401 3589 460 266

167 549 236 604 Et
265 563 448 620 quem
473 561 613 602 voce
645 542 1102 616 nequit,promit
1135 558 1236 613 per
1265 540 1480 612 gaudia
1508 539 1824 594 Christum.
1860 540 1914 607 Α
1946 536 2128 592 Millia
2159 542 2524 592 mercantum
2558 535 2788 592 modico
2821 536 2983 608 fugat
3013 533 3108 590 ille
3137 532 3387 607 ﬂagello.

239 638 372 692 Mox
406 635 586 692 eliam
621 640 869 690 matrem
892 631 1204 703 complevit
1225 629 1477 702 Spiritus
1511 627 1722 683 almus.
1941 627 2226 682 Mirantur
2247 626 2466 698 populi,
2495 625 2818 681 multorum
2849 629 3082 697 pectora
3112 624 3376 678 credunt.

163 726 471 782 Exclamat
492 723 728 780 Domini
758 726 1101 795 praesentem
1135 720 1409 776 assistere
1441 723 1687 773 matrem
2012 715 2276 771 Prcedicit
2305 716 2553 788 propria
2583 713 2779 770 carnis
2805 709 3453 783 venerabiletemplum

165 816 266 873 Illa
295 817 404 872 Dei
437 815 650 871 laudes
680 811 1026 886 pudibundo
1056 808 1309 865 concinit
1339 825 1456 863 ore.
1941 804 2294 860 Solvendum
2327 805 2602 860 manibus
2635 802 2988 875 susceptain
3022 805 3211 856 morte
3243 799 3524 869 cruentis,

229 907 500 962 Joannes
531 905 740 969 oritur,
773 899 1054 975 genitoris
1087 898 1290 971 lingua
1322 897 1602 969 profatur.
1941 896 2130 966 Seque
2162 893 2305 949 illud
2337 893 2509 949 trinis
2539 893 2790 964 spondet
2818 907 3092 963 reparare
3116 889 3346 945 diebus.

162 999 287 1069 Ipse
320 995 510 1052 etiam
541 993 601 1048 in
633 991 796 1048 silvis
828 992 1006 1046 vitam
1040 1006 1183 1060 puer
1210 985 1386 1058 exigit
1411 985 1650 1040 almam.
2013 981 2256 1054 Mystiea
2286 982 2600 1060 Nicodemo
2631 980 2914 1053 baptismi
2947 995 3195 1034 munera
3224 976 3451 1050 pandit,

162 1057 355 1143 Donec
391 1086 466 1140 ad
499 1081 676 1140 lsrael
707 1086 860 1137 certo
886 1097 947 1135 se
983 1057 1240 1150 tempore
1266 1057 1570 1131 monstret.
1941 1072 2291 1127 Credentum
2325 1057 2569 1144 populos
2603 1070 2835 1142 proprio
2866 1069 3219 1141 baptismate
3250 1065 3486 1138 tinguit.

230 1176 516 1232 Nascitur
545 1173 604 1228 in
642 1170 938 1228 Bethleem
971 1172 1175 1223 saneta
1197 1167 1266 1221 de
1283 1165 1521 1236 Virgine
1542 1163 1826 1218 Christus.
1939 1160 2210 1232 Undique
2239 1163 2612 1226 concurrunt,
2645 1158 2846 1214 vitalia
2873 1158 3026 1212 dona
3054 1157 3448 1228 frequentant.

58 1287 60 1290 '
161 1269 439 1323 Pastores
471 1262 741 1336 vigilant,
774 1260 984 1317 affatur
1011 1262 1066 1313 et
1092 1254 1337 1328 angelus
1367 1253 1519 1320 illos,
2011 1248 2275 1304 Exsultat
2303 1249 2565 1320 Baptista
2595 1265 2756 1304 sacer
2785 1263 2851 1302 ac
2881 1250 3154 1319 provocat
3183 1259 3408 1301 omnes.

159 1364 238 1413 Ac
272 1373 478 1429 regem
512 1358 719 1408 natum
753 1349 879 1405 οωιὶ
907 1348 1166 1404 cecinere
1196 1349 1456 1400 catervze.
1937 1341 2086 1394 Nam
2117 1337 2416 1394 Christum
2449 1353 2756 1410 sponsum,
2789 1354 2853 1392 se
2899 1334 3100 1408 sponsi
3147 1333 3290 1389 dicit
3331 1332 3591 1388 amicum

228 1425 504 1517 Suscipit
529 1444 656 1515 ipse
685 1439 929 1496 humilis
958 1435 1168 1494 veteris
1199 1431 1476 1506 mysteria
1507 1429 1672 1503 legis,
1941 1426 2110 1482 Illum
2146 1443 2424 1493 crescere,
2455 1444 2517 1482 se
2548 1426 2732 1481 minui
2766 1425 2976 1482 debere
3004 1425 3240 1480 fatetur.

160 1510 626 1604 Sanctiﬁcatque
660 1529 826 1602 pium
857 1533 1090 1600 patrum
1124 1523 1220 1596 pio
1251 1528 1513 1593 tempore
1542 1519 1742 1584 ritum,
2013 1516 2195 1572 Filius
2226 1516 2323 1572 ille
2351 1517 2454 1572 Dei
2488 1521 2596 1582 est,
2630 1514 2840 1588 inquit,
2876 1515 2976 1587 qui
3011 1513 3196 1569 credit
3225 1513 3285 1567 iu
3325 1510 3516 1579 illum,

159 1627 256 1682 Sic
289 1622 510 1698 priscis
530 1602 721 1677 linem
755 1616 978 1682 statuit,
1005 1631 1150 1670 nova
1180 1627 1416 1684 surgere
1447 1608 1598 1664 fecit.
1938 1605 2204 1663 Possidet
2230 1610 2504 1661 aeternam
2538 1604 2674 1661 felix
2703 1621 2808 1677 per
2837 1603 3051 1659 saecula
3076 1602 3278 1658 vitam.

231 1692 474 1785 Accipit
503 1711 660 1766 hunc
693 1708 841 1764 laetis
873 1706 1111 1762 Simeon
1143 1699 1555 1759 sanctissimus
1578 1696 1754 1765 ulnis,
1938 1695 2045 1758 Qui
2078 1699 2271 1768 negat,
2305 1695 2392 1750 ira
2425 1695 2523 1750 Dei
2546 1711 2723 1767 super
2751 1695 2949 1767 ipsum
2980 1696 3184 1766 regnat
3214 1692 3274 1746 in
3300 1706 3508 1746 savum.

162 1783 442 1876 Dumque
473 1802 589 1858 Deo
620 1799 882 1862 offertur,
916 1796 1060 1850 dum
1091 1793 1192 1849 dat
1222 1791 1318 1863 pia
1343 1804 1591 1844 munera
1610 1785 1828 1857 templo
2010 1784 2235 1840 Interea
2265 1784 2548 1840 Herodem
2581 1783 2874 1840 connubia
2902 1783 3055 1839 faada
3082 1785 3378 1855 petentem

162 1869 684 1951 Hunc-Dominum
715 1885 1057 1981 lucis,liunc
1088 1882 1198 1981 fert
1228 1895 1423 1951 regem
1447 1894 1576 1981 esse
1597 1876 1824 1931 salutis.
1862 1917 1905 1981 Β
2275 1880 2642 1981 mortemque
2674 1874 2792 1946 pati
2823 1889 3002 1945 quam
3032 1887 3169 1971 vera
3197 1869 3369 1926 silere

227 1988 410 2040 Anna
438 1981 614 2037 etiam
649 1979 854 2034 devota
884 1974 1020 2040 Deo,
1055 1971 1290 2026 viduata
1322 1966 1552 2023 marito.
1862 1960 1905 1981 "
1939 1962 2134 2035 Eligit,
2167 1962 2304 2018 hinc
2333 1979 2482 2018 caeco
2514 1963 2834 2018 damnatur
2861 1977 3090 2018 carcere
3113 1960 3336 2031 justus.

157 2077 294 2133 Jam
330 2073 595 2144 longaeva
625 2083 818 2134 annis,
842 2067 968 2136 jam
1002 2060 1280 2133 religione
1312 2061 1557 2125 vetusta,
2008 2052 2158 2107 Tum
2185 2051 2555 2107 Galilaeorum
2590 2052 2647 2106 in
2681 2057 2877 2124 partes
2904 2050 3122 2106 secedit
3152 2050 3336 2104 Iesus.

159 2136 472 2240 Agnoscit,
506 2164 820 2233 gratesque
851 2153 1044 2218 refert,
1081 2147 1431 2222 populisque
1464 2143 1788 2217 prophetat.
1937 2141 2196 2196 Absolvit
2226 2140 2411 2214 reguli
2445 2141 2650 2196 mortis
2681 2141 2752 2196 de
2780 2139 2984 2194 limi~~e
3010 2136 3254 2211 prolem,

181 2225 386 2310 ‘UEece
417 2225 566 2323 Magi
591 2225 909 2304 adveniunt
940 2241 1074 2297 imis
1104 2236 1355 2295 Orientis
1379 2236 1450 2290 ab
1473 2233 1611 2289 oris.
1937 2231 2122 2301 Atque
2153 2229 2520 2301 Capharnaeaa
2548 2233 2814 2284 versatur
2844 2227 3138 2282 moenibus
3169 2225 3354 2281 urbis.

162 2347 234 2402 Se
262 2316 752 2400 stellamvvidisse
783 2336 996 2398 ferunt,
1019 2347 1144 2402 qua:
1179 2326 1387 2382 nuntia
1422 2322 1597 2394 Regis
2009 2319 2309 2390 {Equoreis
2342 2318 2516 2373 undis
2549 2316 2838 2390 piscantis
2867 2316 2987 2371 lina
3018 2316 3269 2370 ferentes

159 2435 420 2498 Clarcat,
457 2434 513 2486 ot
543 2427 840 2484 Christum
865 2422 1070 2494 jubeat
1103 2415 1428 2474 venerarier
1457 2416 1649 2467 ortum
1938 2409 2243 2464 Audraaam
2278 2408 2629 2482 Petrumque
2659 2411 2842 2474 vocat,
2877 2406 3162 2461 Jacobum
3193 2411 3367 2476 atque
3407 2402 3588 2459 Joan-

229 2496 503 2594 Pergunt
522 2518 749 2574 sidereo
771 2513 883 2570 laeti
918 2510 1180 2568 radiante
1210 2506 1448 2594 ducatu,
1944 2587 1974 2594 ﬂ
2101 2587 2112 2594 ι
2346 2586 2356 2594 ι
3411 2496 3588 2559 [neu],

163 2584 487 2669 Inveniunt
517 2621 790 2680 puerum,
822 2600 990 2674 proni
1023 2599 1349 2652 reverenter
1378 2592 1645 2655 adorant,
1938 2587 2154 2642 Omnia
2181 2603 2315 2642 mox
2345 2586 2639 2659 linquunt,
2675 2584 2905 2640 Domini
2930 2584 3211 2657 piajussa
3244 2585 3592 2655 sequuntur.

159 2705 415 2758 Munera
431 2678 574 2753 dant
590 2689 1134 2784 alacres,_(_1hristum
1149 2678 1822 2784 Ibuncpictatefatcntur.
2713 2729 2808 2784 m-
2888 2709 2896 2718 _

226 2789 517 2863 Angelico
549 2783 774 2842 monitu
807 2781 1114 2852 [Egyptum
1146 2771 1494 2863 transfertur
1523 2768 1704 2823 Iesus.

157 2861 489 2938 Caeduntur
519 2874 684 2949 pueri
718 2870 873 2942 regis
904 2867 1082 2922 livore
1111 2861 1358 2918 cruenti.

157 2970 444 3026 Protinus
476 2942 635 3021 hunc
665 2962 805 3024 dira?
837 2957 1102 3028 sequitur
1127 2967 1253 3008 801‘s
1287 2949 1482 3004 debila
1521 2946 1748 3001 IIIOI‘tiS-
2003 2946 2168 3002 Dulci
2204 2945 2578 3018 Evangelium
2613 2948 2917 3000 cantemus
2946 2958 3083 2998 voce
3111 2942 3374 3008 Joannis,

2386 2838 2443 2876 IN
2485 2833 2841 2875 EVANGELIUM
2879 2834 3138 2873 JOANNIS.

228 3061 472 3117 Rursus
503 3055 574 3110 ab
606 3053 846 3123 [Egypto
870 3043 1152 3102 Nazareth
1186 3040 1440 3095 defertur
1470 3038 1651 3101 Iesus,
1931 3037 2000 3092 Et
2028 3035 2259 3092 Domini
2293 3034 2450 3091 clara
2475 3032 2808 3088 moduletur
2835 3033 2894 3086 in
2925 3031 3128 3086 ordine
3158 3034 3340 3102 gesta.

159 3151 333 3208 Unde
363 3143 620 3203 Nazarzei
647 3121 901 3210 sumpsit
931 3148 1251 3206 cognomen
1273 3128 1332 3182 in
1363 3142 1571 3190 aevum,
1932 3127 2018 3180 Sit
2048 3126 2216 3180 nobis
2241 3124 2542 3196 jucundus
2575 3140 2759 3190 amor,
2791 3123 2912 3176 sint
2941 3121 3158 3194 gaudia
3187 3125 3390 3177 sancta

158 3242 230 3298 Ut
263 3238 501 3312 pridem
532 3237 785 3288 veterem
815 3225 1027 3283 cecinit
1057 3238 1163 3277 vox
1193 3234 1450 3276 consona
1477 3219 1699 3312 vatum.
1858 3293 1896 3312 Π
2000 3215 2256 3269 Verbum
2287 3213 2662 3285 Unigenitum
2686 3227 2917 3282 semper
2936 3227 3071 3265 cum
3100 3210 3266 3265 Patre
3289 3210 3583 3266 manebat.

231 3293 498 3386 Piraevius
529 3323 686 3378 hunc
718 3331 950 3389 magno,
985 3312 1231 3368 reboans
1263 3307 1516 3363 clamore
1544 3303 1822 3371 Joannes,
1855 3293 1899 3358 C
1938 3303 2040 3359 Hic
2069 3302 2189 3370 lux,
2223 3301 2306 3358 sic
2329 3302 2537 3368 virtus,
2571 3301 2665 3355 hic
2696 3305 2784 3356 est
2814 3299 3102 3371 sapientia
3130 3298 3338 3364 Patris,

160 3424 460 3477 Austerus
488 3414 666 3476 victu,
701 3411 932 3464 suetoso
965 3402 1232 3458 hirsutus
1263 3395 1503 3460 amictu,

1966 3392 2067 3448 fita
2081 3388 2697 3462 heminum,angelieis
2715 3389 2916 3444 lucens
2927 3404 3106 3460 super
3119 3387 3335 3444 aethera
3349 3387 3585 3455 turmis,

164 3475 419 3581 Surgite
449 3500 726 3560 Jordanis
752 3495 1092 3552 credentum
1123 3487 1388 3544 membra
1421 3482 1667 3538 lavabat.
2009 3483 2115 3537 Per
2143 3481 2298 3535 hunc
2329 3479 2455 3552 ipse
2486 3479 2654 3534 Pater
2682 3481 2739 3533 et
2769 3478 3061 3533 mundum
3092 3481 3150 3533 et
3187 3476 3402 3533 alecula
3431 3475 3588 3546 fecit,

227 3565 428 3656 duudaai
460 3605 730 3666 proceres
757 3584 1052 3642 Christum
1084 3579 1242 3635 hunc
1273 3592 1402 3631 esse
1431 3577 1728 3645 putantes,
1938 3571 2148 3628 Omnia
2175 3569 2480 3627 constituit
2507 3585 2633 3640 quae
2668 3571 2807 3624 sunt
2835 3584 2869 3623 a
2895 3565 3107 3622 vertice
3138 3567 3267 3622 οωιὶ

160 3655 408 3746 Attoniti
441 3655 707 3744 veniunt,
740 3691 914 3748 quem
945 3688 1008 3727 se
1039 3668 1176 3725 velit
1208 3665 1305 3721 ille
1336 3661 1664 3735 requirunt.
1939 3661 2134 3733 Usque
2162 3660 2272 3716 sub
2304 3663 2632 3714 extremum
2665 3657 2914 3712 fundum
2948 3655 3243 3729 nigrantis
3272 3655 3490 3728 abyssi.

159 3743 502 3836 Praeconem
534 3743 841 3825 ChriSti-se
871 3758 1134 3834 supplice
1163 3772 1301 3812 voce
1333 3754 1568 3809 fatetur.
2010 3748 2232 3805 Clarior
2260 3747 2355 3804 hie
2387 3746 2594 3815 stellis,
2629 3745 2750 3802 sole
2780 3749 2868 3801 est
2897 3743 3215 3817 speciosior
3247 3744 3396 3817 ipso,

230 3870 473 3938 Agnum
499 3861 656 3915 hunc
673 3871 801 3912 esse
821 3850 1109 3918 Dci,hune
1131 3843 1379 3902 crimina
1400 3840 1602 3898 tollere
1624 3837 1830 3894 mundi
1940 3839 2108 3894 Omni
2140 3838 2268 3893 lnce
2298 3837 2473 3910 prior,
2499 3853 2678 3907 quam
2709 3852 2824 3890 nox
2853 3835 3102 3891 oﬂ'uscat
3129 3839 3186 3890 et
3217 3835 3445 3890 umbra.

161 3921 469 4018 Clamitat,
501 3950 659 4005 hunc
687 3959 869 4017 prona
895 3937 1124 3996 cunctis
1156 3933 1368 4007 pietate
1392 3929 1759 4001 sequendum
1943 3928 2042 3984 llic
2073 3927 2344 3984 tenebras
2373 3925 2571 3992 vincit,
2615 3925 2941 3996 mediisque
2971 3923 3219 3997 refulget
3253 3924 3310 3978 in
3342 3921 3588 3979 umbris.

163 4013 478 4105 Praedicat,
494 4043 551 4094 et
579 4013 762 4109 digito
795 4030 1140 4105 praesentem
1173 4022 1450 4079 assistere
1484 4019 1791 4084 monstrat.
2009 4016 2179 4073 Venit
2208 4016 2384 4072 homo
2414 4014 2663 4071 eximius
2694 4013 2852 4069 clara
2881 4014 3094 4069 virtute
3123 4014 3401 4082 Joannes,

237 4137 375 4208 Ipse
407 4102 588 4187 etiam
620 4102 1096 4192 sacro—dignatus
1129 4111 1369 4208 flumine
1399 4107 1590 4208 tingui
1622 4195 1634 4208 ‘
1939 4107 2196 4208 leit‘us,
2324 4103 2489 4204 testis
2515 4104 2679 4208 ﬁeret
2708 4105 2779 4159 de
2806 4102 3048 4170 lumine,
3082 4103 3322 4202 missus.

162 4189 567 4284 Jesiisradest,
590 4189 995 4280 humilemque
1024 4204 1178 4261 viam
1211 4201 1295 4257 sic
1327 4198 1554 4256 dedicat
1585 4195 1759 4252 altus.
1940 4196 2065 4252 Non
2097 4196 2197 4251 lux
2229 4195 2323 4252 ille
2354 4192 2484 4258 fuit,
2517 4194 2618 4250 sed
2652 4192 2798 4248 lueis
2831 4208 3016 4265 praeco
3049 4189 3297 4248 refulsit.

165 4278 518 4372 Sanctiﬁcat
545 4278 773 4367 latices,
801 4278 1133 4370 exemplum
1165 4291 1466 4348 consecrat
1496 4286 1723 4359 ingens.
2016 4287 2140 4341 Lux
2160 4283 2405 4340 veraille
2422 4281 3078 4352 aderat,hominumque
3104 4295 3340 4353 pectora
3360 4278 3592 4336 lustrat.

244 4368 598 4462 Panduntur
621 4391 772 4458 cceli,
807 4405 942 4444 mox
970 4368 1224 4458 Spiritus
1249 4395 1346 4435 ore
1375 4376 1657 4433 columbzc
1946 4375 2049 4430 llla
2077 4374 2213 4429 inde
2244 4389 2478 4428 aversos
2509 4370 2736 4426 animos
2767 4386 3111 4441 mersosque
3141 4368 3398 4425 tenebris

170 4459 440 4556 Devolat,
474 4491 533 4543 et
563 4482 788 4559 placido
819 4476 979 4534 mitis
1011 4469 1323 4544 requiescit
1354 4469 1536 4524 Iesus.
1950 4466 2168 4537 Sponte
2199 4479 2307 4518 sua
2337 4461 2599 4528 irradiat,
2633 4461 2872 4531 dignata
2896 4459 3144 4515 invisere
3173 4460 3488 4515 mundum.

172 4549 305 4658 {Pise
340 4549 514 4636 Palel‘
543 4549 744 4632 0.3mm
774 4565 1102 4658 ὓοηοὶειῐῐιεξῐ
1131 4561 1203 4617 ab
1225 4559 1437 4658 wtber‘e
1459 4556 1692 4655 Natum.
1951 4645 1996 4658 ῃ
2020 4555 2148 4626 Ipse
2177 4553 2238 4607 in
2271 4550 2490 4658 mundo
2521 4550 2742 4615 aderat,
2776 4553 2832 4604 et
2863 4549 3154 4649 mundum
3175 4549 3393 4605 fecerat
3424 4549 3550 4622 ipse
3584 4565 3598 4606 :

173 4637 455 4730 Prrotinus
485 4667 644 4721 hunc
666 4658 845 4718 eremi
877 4655 1030 4728 rapit
1058 4652 1116 4707 in
1151 4651 1372 4706 secreta
1401 4645 1690 4717 benignus
1874 4671 1921 4734 Β
1951 4645 2065 4699 Nec
2094 4647 2290 4698 tamen
2313 4641 2470 4696 hunc
2501 4655 2649 4695 casco
2681 4637 2948 4712 cognovit
2975 4643 3208 4710 pectore
3242 4640 3519 4695 mundus.

176 4728 464 4837 Spiritus,
497 4760 554 4812 et
585 4749 778 4810 zabuli
810 4744 1174 4837 tentandum
1192 4736 1466 4794 affatibus
1497 4735 1679 4789 offert.
1874 4728 1912 4734 ’
1955 4735 2017 4790 In
2049 4734 2283 4834 propria
2309 4731 2488 4797 venit,
2507 4728 2735 4837 proprii
2766 4728 2922 4837 hpnc
2949 4746 3214 4801 sprevere
3243 4729 3481 4802 superbi
3516 4746 3528 4785 :

178 4819 376 4909 \l’incit
406 4819 764 4904 vincendum
797 4853 966 4912 prece
988 4830 1327 4905 jejunisquc
1351 4830 1686 4898 tyrannum.
2023 4823 2248 4894 Quique
2278 4826 2473 4878 autem
2504 4819 2664 4875 illius
2695 4819 2998 4875 credentes
3021 4820 3257 4876 nomine
3289 4835 3454 4875 sacro

245 4942 351 4999 llle
387 4935 643 5010 superba
665 4908 932 4994 monens,
964 4925 1022 4978 in
1054 4936 1236 4993 panes
1265 4921 1487 4973 vertere
1515 4930 1657 5010 saxa
1953 4915 2146 4970 Mente
2178 4915 2522 4984 receperunt
2555 4908 2764 4965 humili
2797 4913 2854 4964 et
2884 4909 3098 4982 pietate
3128 4909 3306 4976 ﬁdeli,

176 4997 483 5107 Suggerit:
513 5039 746 5107 summo
774 5017 1079 5088 delapsum
1109 5007 1364 5066 culmine
1395 5003 1691 5060 Christum
1954 5005 2070 5060 Hos
2103 5002 2262 5059 dedit
2291 5018 2417 5058 esse
2439 5000 2553 5056 Deo
2585 4999 2771 5055 claros
2801 4998 2861 5054 in
2893 4997 3107 5055 saecula
3133 5001 3321 5065 natos,

175 5087 499 5197 Angelicas
530 5099 768 5187 sperare
798 5087 1033 5170 manus,
1067 5119 1168 5158 seu
1202 5113 1380 5170 regna
1400 5098 1616 5150 tenere.
2027 5095 2180 5158 Quos
2209 5109 2325 5148 non
2359 5090 2750 5163 sanguinihus
2782 5087 3154 5162 genitos,non
3184 5103 3357 5143 carne
3383 5090 3610 5144 creatos

1242 5189 1252 5197 .
1339 5185 1350 5196 .
1395 5189 1403 5197 .
1602 5181 1637 5197 ..
1956 5185 2001 5197 υ
2420 5180 2456 5197 ιι
2697 5181 2710 5197 .
2954 5194 2969 5197 _
3017 5182 3137 5197 __._
3173 5176 3321 5197 μεηειε

251 5176 356 5270 lljle
391 5207 517 5265 suis
549 5176 836 5260 humilem
869 5196 1208 5253 monstrans
1239 5185 1508 5243 insistere
1533 5181 1760 5249 callem,
1956 5185 2071 5240 Nec
2105 5199 2346 5256 prorsus
2377 5180 2500 5236 una
2531 5179 2803 5236 illecebm
2832 5182 3146 5250 generante
3173 5176 3325 5231 virili

181 5267 500 5372 Praeceptis
530 5291 767 5351 obedire
796 5285 899 5344 Dei
932 5299 1111 5356 super
1141 5277 1343 5335 omnia
1377 5273 1624 5348 praefert.
1965 5274 2233 5329 Divinam
2265 5271 2325 5326 in
2350 5269 2570 5344 prolem
2605 5269 2837 5324 divinus
2868 5267 3121 5339 Spiritus
3151 5267 3288 5322 edit.

313 5354 507 5446 Plato"
536 5380 731 5441 “bum
758 5354 1039 5450 αηὲθλίείέ
1071 5372 1172 5426 dat
1193 5369 1368 5441 jussu
1399 5362 1704 5419 ministris.
2038 5363 2294 5419 Verbum
2316 5361 2490 5416 etiam
2507 5357 2692 5414 Patris
2715 5374 2846 5412 caro
2870 5356 3090 5412 factum
3111 5355 3394 5412 habitavit
3411 5356 3469 5411 in
3493 5354 3618 5424 illo,

261 5485 599 5553 Regressus
633 5470 783 5528 mira
813 5444 872 5524 in
905 5460 1140 5539 populis
1169 5458 1383 5516 virtute
1414 5457 1702 5509 coruscat.
1970 5455 2203 5510 Naturae
2235 5454 2445 5506 nostra:
2478 5446 2709 5502 mortali
2740 5461 2979 5518 corpore
3011 5444 3288 5517 clemens,

191 5539 392 5632 νένιίῖ
419 5582 608 5640 aquas
639 5562 794 5629 vino,
830 5553 1035 5631 pandit
1065 5546 1310 5608 Deitatis
1342 5546 1645 5600 honorem.
1973 5544 2045 5600 Ut
2074 5560 2180 5599 nos
2202 5542 2274 5598 ad
2303 5540 2484 5597 vitam
2516 5539 2714 5609 posset
2743 5552 3010 5592 revocare
3039 5551 3376 5608 perennem.

519 5624 790 5721 credunt;
818 5624 1253 5713 ﬁominumque
1278 5637 1581 5706 Deumque
1611 5647 1866 5705 sequun-
2047 5631 2191 5690 llinc
2222 5630 2406 5688 oculis
2437 5627 2653 5685 mentis
2686 5644 2836 5684 nova
2863 5627 2964 5683 lux
2983 5630 3179 5683 exorta
3208 5624 3437 5683 refulsit
3463 5641 3477 5684 :

269 5716 580 5813 Paschalis
613 5742 742 5800 festi
773 5716 1039 5797 laetanter
1070 5727 1286 5806 gaudia
1315 5723 1535 5798 templo
1728 5721 1862 5796 [tur.
1976 5722 2194 5783 claruit
2223 5721 2361 5780 hinc
2386 5719 2512 5794 ejus
2544 5716 2816 5776 sublimis
2847 5716 3030 5793 gloria
3061 5716 3251 5782 nobis,

523 5880 792 5945 PATROL.
840 5864 1040 5930 ΟΧΙΧο

3257 5849 3293 5918 9
