4100 6470
501 420 618 478 267

503 552 577 608 Ut
608 549 794 608 Patris
824 551 1146 625 unigenum
1176 566 1485 624 possemus
1515 563 1753 605 noscere
1783 549 2007 602 natum.

573 640 680 708 Qui
731 640 943 714 plenus
975 640 1218 696 veritate
1246 639 1405 706 eluit,
1433 639 1527 694 cui
1559 638 1747 712 gratia
1775 652 2011 692 summa
2041 639 2148 691 est.

500 731 647 788 Nam
677 749 852 788 verus
883 748 1018 787 cum
1044 731 1212 786 Patre
1243 734 1394 785 Deus
1426 727 1698 784 mortalia
1724 730 1923 782 nostra

500 821 824 894 Dignanter
853 820 1128 893 sumpsit,
1162 835 1267 875 nec
1297 817 1532 891 propria
1555 818 1819 889 linquere
1850 815 2027 872 novit.

573 910 742 967 Hunc
772 910 941 967 testis
968 926 1141 966 verax
1167 908 1401 965 clamat.
1434 908 1694 979 dixitque
1724 907 1980 962 Joannes
2015 921 2027 958 :

504 1004 646 1057 Post
675 1017 767 1056 me
788 999 876 1056 vir
901 999 1111 1067 veniet,
1147 1013 1323 1070 quem
1357 1013 1450 1052 me
1477 996 1704 1068 majora
1733 995 2045 1061 docebunt,

506 1089 599 1148 Me
628 1089 787 1163 prior
813 1088 910 1144 ille
941 1088 1070 1156 fuit,
1104 1086 1249 1142 mihi
1281 1087 1359 1143 sit
1389 1085 1665 1158 praelatus
1696 1087 1938 1157 oportet.

579 1178 739 1236 Illius
769 1182 980 1234 aeterno
1006 1175 1200 1232 cuncti
1230 1177 1301 1232 de
1331 1176 1491 1231 fonte
1517 1175 1798 1248 rigamur.

505 1269 613 1326 Per
640 1267 877 1340 Moysen
905 1269 1133 1322 terrens
1165 1265 1472 1338 premissa
1495 1268 1584 1319 est
1608 1262 1802 1319 littera
1828 1260 1996 1334 legis,

505 1357 613 1414 Per
628 1355 927 1412 Christum
959 1353 1273 1428 indulgens
1305 1352 1490 1410 aderit
1511 1353 1684 1408 modo
1706 1350 1904 1409 Gratia
1931 1351 2154 1407 Jesum.

577 1445 760 1502 Nemo
788 1443 890 1501 Dei
920 1444 1128 1500 faciem
1161 1443 1424 1499 mortalis
1454 1441 1737 1514 conspicit
1767 1456 2051 1513 unquam.

511 1535 730 1594 Unicus
759 1535 917 1590 hunc
949 1533 1111 1590 solus
1143 1533 1300 1588 novit
1333 1533 1432 1605 qui
1464 1536 1766 1604 permanet
1795 1530 1912 1587 alto

509 1627 574 1684 In
605 1624 829 1698 gremio
860 1623 1068 1679 Patris.
1106 1623 1208 1678 Hic
1240 1623 1436 1696 dignis
1467 1622 1644 1694 digna
1670 1619 1903 1676 revelat.

583 1715 649 1772 In
678 1714 837 1770 hunc
868 1713 1105 1769 sidereae
1133 1711 1298 1768 vultu
1326 1711 1587 1768 radiante
1618 1709 1902 1766 columba:

513 1801 766 1876 Spiritus
797 1801 1109 1858 adveniens
1135 1805 1347 1856 aeterna
1376 1801 1513 1857 sede
1541 1799 1762 1872 quievit
1792 1815 1805 1852 :

518 1891 700 1950 Filius
732 1891 841 1947 iste
871 1891 967 1947 Dei
999 1894 1106 1958 est,
1131 1890 1310 1960 hujus
1341 1889 1485 1944 mihi
1518 1889 1703 1962 gloria
1732 1887 1931 1943 claret.

587 1979 752 2038 Talia
777 1981 920 2035 dum
952 1979 1184 2052 populis
1213 1979 1490 2050 loquitur,
1515 1979 1656 2032 dum
1689 1976 1830 2033 talia
1861 1975 2096 2041 clamat,

516 2070 662 2128 Ecce
692 2070 1025 2126 sacerdotes
1057 2068 1310 2141 Solymis
1333 2084 1540 2124 venere
1574 2071 1864 2140 rogantes,

514 2161 599 2216 An
629 2159 925 2216 Christum
957 2175 1086 2215 sese
1117 2157 1272 2214 credi
1299 2157 1438 2213 velit
1468 2158 1592 2230 ipse
1622 2157 1898 2213 Joannes.

589 2249 860 2306 Protinus
891 2247 988 2305 ille
1016 2265 1238 2321 negans
1272 2265 1284 2301 :
1319 2247 1445 2304 Non
1469 2264 1601 2302 sum
1626 2263 1799 2319 quem
1823 2244 2170 2311 creditis,in-

1929 2333 2094 2407 [quit.

511 2428 636 2486 Vox
664 2445 768 2501 ego
799 2427 1132 2494 clamantis,
1165 2430 1510 2498 praesentem
1538 2425 1743 2481 nuntio
1775 2425 2098 2494 Christum,

515 2519 696 2589 Cujus
727 2535 833 2591 ego
866 2534 982 2573 non
1015 2534 1146 2573 sum
1178 2515 1429 2588 caligam
1461 2515 1796 2588 contingere
1827 2515 2060 2586 dignus.

584 2607 744 2663 Vidit
766 2607 906 2662 item
938 2605 1236 2662 Christum
1269 2621 1466 2661 coram
1495 2603 1744 2660 transire
1769 2604 2047 2671 Joannes,

515 2699 738 2771 Agnus,
771 2696 869 2765 ait,
895 2711 1026 2752 ecce
1057 2695 1158 2750 Dei
1191 2694 1292 2766 qui
1319 2693 1472 2750 tollit
1490 2694 1739 2749 crimina
1764 2693 1989 2749 mundi.

519 2785 801 2858 Discipuli
833 2785 1103 2842 astabant
1131 2782 1370 2857 gemini,
1393 2783 1717 2855 Jesumquc
1750 2787 2096 2856 sequuntur.

591 2877 673 2932 Ex
703 2875 795 2931 his
824 2875 1086 2930 Andreas
1117 2874 1295 2929 frater
1324 2872 1474 2929 Petri
1505 2873 1724 2928 exstitit
1745 2891 1918 2930 unus.

521 2965 798 3039 Repperit
826 2965 921 3020 hic
951 2965 1210 3030 fratrem,
1247 2962 1521 3019 Messiam
1570 2962 1923 3032 invenimus,
1958 2963 2169 3036 inquit.

523 3057 609 3112 Ad
641 3054 939 3112 Christum
968 3053 1228 3121 veniunt,
1247 3069 1380 3108 mox
1407 3051 1619 3107 Christi
1649 3053 1802 3108 dona
1850 3056 2169 3125 reportant.

595 3144 770 3218 Eligit
798 3143 922 3216 ipse
946 3143 1101 3199 viros
1131 3143 1359 3215 dignos,
1390 3147 1555 3197 vocat
1583 3142 1708 3214 ipse
1728 3141 2086 3216 Philippum,

525 3233 766 3290 Nuntiat
792 3232 891 3289 ille
919 3232 1015 3304 pio
1047 3248 1179 3287 mox
1208 3231 1471 3303 gaudens
1502 3231 1843 3287 Nathanaeli

523 3325 704 3390 Quem
730 3323 845 3379 Lex
874 3326 930 3378 et
959 3320 1108 3377 sacri
1140 3320 1438 3376 Christum
1466 3321 1725 3377 cecinere
1749 3321 2062 3394 prophetae.

590 3410 913 3469 Nathanael
945 3416 1237 3484 properat,
1271 3409 1368 3465 ille
1418 3409 1575 3465 hunc
1625 3410 1726 3465 ubi
1773 3411 1916 3467 vidit
1947 3413 2170 3480 adesse,

521 3501 781 3559 Israelita
810 3517 941 3557 ecce
959 3517 1132 3556 verus
1161 3499 1276 3556 huc
1303 3499 1553 3567 advenit,
1588 3499 1800 3572 inquit,

518 3590 622 3648 Cui
656 3589 877 3658 nullus,
908 3590 1018 3646 sub
1050 3589 1220 3646 corde
1251 3588 1444 3656 dolus,
1473 3590 1565 3644 cui
1598 3593 1832 3662 pectora
1860 3607 2026 3663 pura.

592 3681 759 3737 Hunc
788 3680 992 3752 procul
1023 3680 1327 3734 absentem
1355 3678 1501 3734 ﬁcus
1534 3679 1644 3734 sub
1677 3679 1931 3752 tegmine
1961 3681 2095 3739 vidi.

520 3773 665 3826 Cum
695 3784 875 3842 super
902 3767 1127 3840 positus
1159 3767 1433 3823 frondosa
1463 3771 1644 3823 staret
1673 3768 1730 3822 in
1761 3769 1990 3824 umbra.

522 3858 785 3914 Necdum
817 3855 1058 3912 illiﬁdus
1088 3856 1327 3911 dederat
1349 3855 1444 3928 pia
1470 3856 1644 3911 verba
1668 3856 1990 3930 Philippus,

596 3946 696 4004 Ille
727 3945 1053 4002 admiratus
1082 3944 1219 4000 celsi
1250 3944 1535 4017 praesagia
1563 3945 1773 4001 Christi
1799 3963 1812 4002 :

521 4037 686 4106 Vere,
721 4036 821 4105 ait,
854 4052 984 4090 ecce
1004 4034 1105 4091 Dei
1138 4034 1410 4091 sublimis
1440 4033 1620 4090 Filius
1650 4035 1744 4091 hic
1777 4040 1882 4092 est.

522 4127 635 4184 Iste
655 4124 891 4184 Israelis
923 4126 1042 4182 Rex
1069 4129 1159 4180 est
1187 4141 1290 4196 per
1318 4123 1530 4180 saecula
1559 4141 1750 4180 verus.

593 4217 860 4274 Credenti
891 4215 1156 4271 Christus
1187 4214 1435 4286 spondet
1465 4214 1687 4285 majora
1714 4213 1981 4272 videnda.

521 4307 804 4377 Cernetis,
837 4305 1045 4378 inquit,
1079 4303 1324 4360 reserari
1355 4302 1612 4360 culmina
1644 4304 1792 4370 coeli,

517 4396 822 4470 Angelicos
854 4395 1062 4451 choros
1094 4392 1364 4448 famulari
1397 4392 1456 4448 in
1489 4394 1702 4449 saacula
1730 4393 1981 4452 Christo.

592 4485 913 4557 Cujusdam
931 4485 1002 4539 ad
1021 4482 1310 4539 thalamos
1333 4487 1535 4538 sancta
1557 4500 1690 4538 cum
1714 4487 2169 4555 matrevocatus,

521 4573 584 4630 In
615 4574 816 4629 vinum
847 4573 1041 4628 subito
1073 4575 1346 4628 naturam
1376 4573 1547 4628 vertit
1576 4589 1883 4644 aquarum.

518 4663 801 4734 Discipuli
833 4663 1096 4729 credunt,
1129 4661 1325 4717 divina
1353 4666 1410 4717 et
1441 4663 1592 4717 facta
1623 4667 1942 4734 pavescant

590 4752 763 4823 Ejicit
792 4769 858 4807 ex
891 4767 1055 4806 sacro
1088 4754 1453 4806 mercantum
1487 4750 1675 4806 millia
1698 4751 1935 4824 templo.

518 4840 867 4898 Solvendam
895 4839 1138 4913 propriae
1169 4840 1361 4895 carnis
1394 4839 1700 4896 denuntiat
1726 4840 1943 4912 aulam,

517 4931 746 4991 Coclesti
778 4932 944 5004 signo
977 4931 1035 4986 in
1068 4931 1260 4986 triduo
1291 4947 1467 5002 quam
1499 4930 1742 4986 suscitet
1770 4931 1913 5002 ipse.

590 5021 832 5094 Mystica
860 5020 1175 5076 Nicodemo
1205 5018 1482 5091 baptismi
1515 5035 1758 5074 munera
1778 5019 2003 5090 pandit,

515 5110 712 5166 Abluit
741 5111 866 5182 ipse
897 5127 1002 5165 suo
1034 5109 1307 5181 tinguens
1340 5107 1691 5180 baptismate
1721 5109 1947 5164 turbas.

514 5201 883 5258 Concurrunt
909 5199 1148 5265 alacres,
1184 5197 1422 5270 capiunt
1453 5197 1547 5268 pia
1577 5199 1730 5254 dona
1756 5197 1983 5254 salutis.

585 5291 714 5346 Haec
737 5290 833 5345 ubi
865 5288 1152 5361 cognovit,
1185 5292 1422 5344 sanctus
1456 5287 1716 5358 Baptista
1744 5287 2018 5357 Joannes,

510 5379 758 5453 Impleta
787 5379 1074 5435 declamat
1106 5396 1213 5434 sua
1243 5377 1476 5450 gaudia,
1510 5381 1784 5448 provocat
1815 5394 2018 5436 omnes
2055 5398 2067 5436 :

509 5470 581 5527 Se
613 5468 799 5525 minui
824 5470 1058 5542 gaudet,
1093 5467 1260 5522 illum
1293 5483 1657 5522 succrescere
1688 5467 1888 5538 gessit.

578 5559 850 5616 Samaria:
882 5559 954 5614 ad
984 5561 1224 5630 puteum
1260 5555 1489 5612 mulieri
1523 5556 1769 5628 mystica
1800 5557 1975 5617 fatur.

505 5647 714 5705 Pandit
742 5665 958 5723 aquam
988 5647 1138 5714 vitae,
1171 5646 1467 5702 Christum
1500 5663 1628 5702 sese
1658 5662 1786 5702 esse
1807 5646 2042 5706 fatetur.

501 5737 842 5817 Agnoscunt
870 5738 1023 5799 cives
1056 5735 1258 5796 mundi
1290 5735 1594 5796 advenisse
1626 5734 1897 5818 salutem.

1703 412 1933 476 FLORI
1977 410 2296 473 DlACONI
2340 411 2725 472 MONACHI.

2182 546 2238 611 Α
2336 543 2398 600 In
2431 543 2618 616 patria
2639 545 2873 618 propria
2903 545 3045 600 dicit
3074 545 3200 601 sine
3232 544 3450 603 honore
3477 546 3846 619 prophetam,

2262 634 2332 688 Et
2363 634 2551 706 reguli
2582 635 2804 707 prolem
2837 634 3043 691 mortis
3074 652 3142 691 ex
3176 636 3340 691 fauce
3367 637 3612 692 reducit.

2262 727 2540 779 Sermone
2570 724 2873 795 absentem
2903 724 3037 780 vitae
3067 726 3138 781 de
3170 725 3373 782 funere
3395 727 3664 783 reddens.

3801 411 3939 473 268

2337 812 2596 886 Paralysi
2627 815 2870 886 antiqua
2893 816 3021 886 jam
3053 832 3200 888 pene
3231 816 3290 870 in
3323 821 3507 872 morte
3527 817 3849 888 jacentem.

2264 900 2588 956 Bethsaidze
2618 900 2678 956 in
2711 901 2964 976 Solymis
2998 903 3234 975 piscinae
3266 905 3450 960 erexit
3476 904 3548 959 ad
3581 905 3794 962 undas.

2264 989 2472 1045 Exsilit
2502 1007 2652 1063 aeger
2682 1008 2880 1060 ovans,
2904 992 3206 1065 prOprium
3240 993 3389 1067 gerit
3417 993 3542 1066 ipse
3586 995 3934 1066 grabatum,

2336 1080 2556 1136 Judaeis
2588 1079 2850 1152 loquitur
2879 1083 3162 1153 mysteria
3191 1083 3446 1155 plurima
3473 1085 3600 1139 vita-3
3635 1101 3648 1139 :

2268 1170 2340 1226 Sc
2365 1168 2543 1224 simul
2574 1173 2629 1224 et
2661 1170 2890 1226 Patrem
2922 1189 3086 1243 aeque
3117 1173 3303 1229 facere
3334 1173 3532 1229 omnia
3561 1174 3720 1230 dicit.

2268 1257 2376 1324 Qui
2409 1258 2591 1330 Moysi
2623 1259 2888 1327 credunt,
2924 1277 3164 1332 prorsus
3195 1262 3307 1318 sibi
3333 1263 3564 1318 credere
3598 1265 3815 1320 firmat.

2340 1347 2523 1403 Millia
2545 1347 2804 1420 quinque
2834 1349 3023 1405 virum
3055 1350 3252 1423 quinis
3284 1353 3354 1408 de
3385 1352 3635 1425 panibus
3666 1353 3763 1410 ille

2270 1437 2535 1493 Piscibus
2566 1441 2623 1493 et
2653 1436 2904 1509 geminis
2937 1439 3086 1495 mira
3109 1440 3318 1498 virtute
3346 1442 3563 1499 refecit.

2273 1527 2586 1600 Fragmina
2613 1527 2702 1584 bis
2738 1545 2910 1585 senos
2941 1529 3224 1602 cophinos
3251 1531 3447 1588 ablata
3477 1532 3796 1605 replerunt.

2345 1617 2586 1672 Attoniti
2611 1617 2747 1672 hinc
2767 1617 2963 1690 populi
2991 1625 3265 1691 qurerunt
3294 1621 3407 1676 sibi
3428 1639 3642 1693 ponere
3667 1623 3887 1697 Regem
3915 1643 3930 1680 :

2274 1706 2374 1762 Ille
2404 1706 2572 1778 fugit,
2609 1711 2866 1763 montem
2900 1708 3086 1780 petiit,
3123 1709 3215 1765 hic
3247 1710 3407 1767 solus
3438 1712 3658 1768 adorat.

2276 1797 2400 1852 Non
2431 1796 2668 1868 capiunt
2699 1797 2991 1853 Christum
3026 1799 3187 1871 regni
3211 1800 3478 1856 mortalis
3500 1802 3752 1859 honores

2350 1885 2631 1958 Discipuli
2667 1885 2725 1940 in
2759 1885 2962 1960 pelago
2993 1893 3160 1944 vento
3191 1889 3511 1947 obsistente
3542 1891 3812 1948 laborant
3847 1912 3859 1949 :

2281 1974 2546 2030 Christus
2568 1975 2734 2030 adest
2765 1975 3032 2047 placidus
3063 1979 3338 2051 gradiens
3368 1981 3424 2036 in
3455 1981 3734 2040 ﬂuctibus
3765 1984 3939 2056 atris,

2281 2063 2559 2120 Navicula
2587 2069 2850 2137 optatum
2886 2067 3073 2123 tenuit
3103 2085 3236 2124 mox
3265 2069 3447 2126 libera
3469 2077 3724 2143 portum.

2349 2153 2680 2226 Alloquitur
2709 2155 2958 2227 populos
2987 2158 3196 2214 veteris
3227 2159 3299 2214 de
3331 2177 3569 2217 munere
3615 2179 3846 2219 manna:
3885 2182 3898 2219 :

2279 2241 2353 2298 Se
2374 2259 2586 2314 panem
2615 2244 2809 2299 vivum
2843 2244 2969 2300 cmli
2999 2247 3224 2303 venisse
3253 2249 3486 2318 fatetur,

2278 2332 2458 2396 Quem
2483 2333 2818 2407 quicunque
2839 2334 3269 2408 capit,mortem
3293 2341 3613 2396 non’sentit
3638 2341 3696 2396 in
3721 2359 3933 2399 avum.

2349 2422 2632 2494 Discipuli
2663 2423 2860 2496 plures
2892 2442 2960 2480 ex
2985 2425 3094 2481 hoc
3124 2443 3391 2484 sermone
3418 2431 3715 2486 recedunt.

2279 2512 2517 2567 Petrum
2549 2529 2683 2567 cum
2715 2513 2890 2570 sociis
2921 2514 3151 2572 Christo
3183 2518 3506 2590 gaudenter
3533 2521 3811 2588 adhaeret,

2277 2603 2318 2657 E
2346 2601 2562 2674 quibus
2592 2601 2689 2658 ille
2720 2621 2904 2658 unum
2925 2604 3117 2660 zabuli
3149 2607 3258 2661 sub
3291 2609 3526 2665 nomine
3552 2611 3817 2666 damnat.

2351 2692 2523 2747 Festa
2553 2691 2678 2748 dies
2709 2693 2908 2748 aderat
2940 2711 3065 2766 quae
3097 2700 3236 2750 sunt
3267 2698 3611 2754 umbracula
3632 2701 3825 2772 jussa.

2279 2779 2380 2837 Ille
2411 2781 2579 2836 docet
2607 2781 2877 2853 populos,
2912 2784 3201 2854 promittit
3230 2787 3474 2844 flumina
3503 2789 3628 2844 vita:

2281 2869 2534 2942 Spiritus
2566 2871 2661 2926 ille
2693 2872 2813 2940 Dei,
2843 2889 3018 2944 quem
3048 2875 3146 2930 dat
3192 2877 3584 2945 credentibus,
3617 2878 3739 2934 haec
3773 2885 3938 2936 sunt.

2351 2959 2432 3015 De
2462 2959 2691 3016 Christo
2723 2961 2977 3017 exoritur
3005 2965 3296 3021 contentio
3327 2983 3541 3040 magna
3571 2969 3864 3041 superbis.

2281 3047 2663 3105 Nicodemum
2695 3050 3008 3124 exagitant,
3041 3059 3251 3126 urgent
3276 3054 3402 3112 sine
3432 3059 3567 3129 jure
3609 3058 3939 3116 ministros.

2284 3138 2662 3212 Simplicibus
2692 3140 2883 3196 turbis
2917 3141 3277 3201 maledicunt
3306 3163 3403 3203 ore
3433 3152 3716 3220 protervo.

2353 3229 2437 3283 Ad
2471 3229 2785 3285 Dominum
2819 3231 3030 3287 mulier
3049 3233 3310 3290 defertur
3329 3237 3592 3293 adultera
3614 3238 3937 3296 Christum.

2204 3301 2247 3369 Ο
2284 3318 2443 3373 Hanc
2475 3318 2571 3374 ille
2599 3318 2655 3373 in
2688 3319 2934 3376 miseros
2963 3320 3128 3395 larga
3156 3323 3366 3395 pietate
3396 3327 3753 3397 redundans,

2280 3407 2510 3464 Jndicio
2539 3409 2742 3464 mortis
2776 3410 2992 3481 pariter
3019 3415 3075 3466 et
3097 3413 3339 3470 crimine
3371 3415 3557 3471 solvit.

2353 3497 2500 3554 Hinc
2526 3497 2715 3554 lucem
2751 3500 2956 3555 mundi
2987 3501 3141 3558 claro
3167 3520 3228 3558 se
3258 3505 3534 3576 praedicat
3564 3524 3660 3563 ore
3694 3527 3707 3564 :

2284 3586 2573 3659 Effugient
2603 3589 2809 3644 mortis
2839 3590 3109 3647 tenebras
3141 3593 3479 3667 quicunque
3519 3601 3850 3670 sequuntur
3884 3616 3897 3654 :

2284 3675 2406 3731 Lux
2435 3675 2552 3733 illis
2584 3677 2710 3733 vita
2743 3683 2932 3735 totum
2964 3680 3209 3755 fulgebit
3239 3683 3297 3738 in
3331 3702 3538 3740 aevum.

2354 3766 2713 3839 Principium
2745 3768 3015 3826 Christus
3047 3788 3108 3827 se
3140 3773 3504 3844 prmdicatori
3535 3792 3762 3846 sereno,

2281 3857 2442 3922 Quod
2472 3856 2734 3929 loquitur
2754 3859 2919 3930 puris
2955 3859 3251 3934 infulgens
3281 3865 3577 3921 mentibus
3609 3867 3787 3924 intus.

2280 3946 2484 4003 Omnis
2517 3947 2616 4019 qui
2647 3952 2867 4020 peccat,
2900 3950 3120 4022 peccati
3145 3968 3347 4009 servus
3379 3953 3644 4011 habetur.

2351 4036 2638 4093 Mendacii
2669 4041 2884 4093 tetrum
2912 4039 3187 4096 zabulum
3219 4043 3386 4099 docet
3415 4061 3543 4101 esse
3572 4051 3895 4118 parentem,

2281 4126 2383 4182 Hic
2415 4126 2576 4182 necis
2605 4126 2874 4183 humanae
2907 4128 3063 4186 ferus
3085 4131 3307 4186 exstitit
3337 4138 3538 4191 auctor
3563 4136 3634 4191 ab
3667 4154 3804 4206 aivo,

2280 4216 2396 4271 Nec
2429 4216 2587 4271 stetit
2617 4215 2815 4272 infelix
2846 4217 2903 4272 in
2928 4235 3059 4274 vero
3091 4220 3312 4277 lumine
3343 4222 3536 4280 fallax.

2352 4307 2498 4360 Ante
2525 4306 2819 4362 Abraham
2852 4307 3114 4365 Christus
3139 4328 3371 4384 semper
3399 4331 3526 4370 sese
3547 4333 3673 4372 esse
3697 4317 3929 4373 fatetur.

2279 4395 2380 4451 Ille
2411 4395 2586 4451 alacri
2619 4396 2916 4452 Christum
2948 4399 3218 4472 cupiebat
3247 4419 3478 4458 cernere
3511 4410 3659 4461 voto.

2279 4485 2440 4540 Vidit
2471 4489 2528 4540 et
2557 4484 2847 4556 exultans,
2879 4487 3032 4543 felici
3066 4494 3153 4545 est
3182 4495 3375 4548 mente
3405 4494 3659 4566 gavisus.

2353 4574 2494 4630 Cazci
2531 4574 2650 4630 nati
2681 4575 2881 4631 oculos
2911 4582 3083 4649 sputo
3115 4577 3373 4651 limoque
3405 4581 3628 4639 salubri

2202 4683 2250 4746 ι)
2281 4664 2479 4731 Illinit,
2516 4669 2572 4719 et
2590 4663 2743 4720 Siloe
2774 4665 2938 4737 puris
2967 4667 3265 4724 illuminat
3294 4672 3467 4728 undis
3504 4691 3516 4728 :

2277 4755 2505 4810 Caecum
2524 4753 2819 4809 hominem
2833 4755 3380 4830 irradiat,quoniam
3395 4763 3688 4835 baptisma
3700 4766 3927 4824 salutis.

2348 4841 2560 4898 Electis
2587 4843 2793 4899 ovibus
2826 4846 2980 4916 quod
3015 4847 3091 4902 sit
3124 4848 3215 4916 pia
3239 4849 3425 4920 janua
3456 4859 3764 4910 monstrat.

2278 4931 2382 4987 Per
2413 4931 2567 4986 hunc
2599 4931 2885 4989 intrantes
2910 4942 3160 5009 pergunt
3190 4939 3261 4994 ad
3294 4956 3514 5012 pascua
3540 4943 3689 5000 vitae.

2276 5021 2462 5091 Hujus
2493 5023 2737 5096 sanguis
2769 5040 2901 5079 oves
2933 5029 3148 5081 aeterna
3179 5045 3213 5083 a
3243 5035 3427 5085 morte
3461 5034 3726 5090 redemit.

2346 5111 2497 5166 Dum
2528 5112 2794 5184 graditur
2821 5113 3023 5186 templi
3055 5117 3319 5188 speciosa
3347 5136 3449 5192 per
3481 5122 3628 5178 atria
3647 5123 3818 5180 Jesus

2272 5199 2490 5256 Judaeis
2519 5200 2750 5275 populis
2783 5202 2916 5274 quis
2947 5204 3024 5259 sit
3053 5208 3448 5277 qumrentibus
3477 5211 3619 5282 ipse,

2274 5288 2442 5345 Clara
2465 5307 2601 5346 voce
2633 5291 2862 5347 Patrem
2894 5311 3139 5367 seseque
3165 5315 3353 5354 unum
3386 5317 3512 5356 esse
3544 5303 3778 5360 fatetur.

2343 5381 2559 5444 Quarta
2589 5380 2713 5437 dies
2737 5382 3020 5439 Lazarum
3043 5389 3408 5444 monumenti
3434 5389 3920 5466 clauseratantro,

2267 5470 2553 5526 Astabant
2577 5470 2729 5526 tristi
2760 5471 3053 5543 plorantes
3079 5493 3214 5534 voce
3245 5496 3472 5537 sorores
3507 5498 3518 5536 :

2271 5559 2468 5614 Turba
2499 5559 2704 5632 ingens
2727 5562 2928 5619 aderat
2957 5564 3166 5622 solatia
3194 5573 3402 5626 mmsta
3431 5570 3740 5628 ferentum.

2336 5647 2552 5705 Allevat
2581 5648 2677 5705 ille
2708 5651 2928 5722 oculos,
2962 5655 3118 5710 Patri
3145 5657 3246 5714 dat
3276 5675 3523 5717 munera
3543 5661 3757 5730 laudis,

2262 5739 2613 5797 Defunctum
2647 5740 2945 5815 inclamat,
2977 5745 3170 5820 prodit
3200 5765 3334 5808 mox
3363 5749 3460 5810 ille
3492 5751 3760 5830 sepulcro
3794 5770 3809 5814 :
