4100 6442
163 398 287 457 269

162 528 432 584 Nexibus
465 528 721 604 exuitur,
747 530 804 583 et
830 527 1025 584 dulcia
1056 531 1207 583 tecta
1236 526 1453 584 revisit.

235 617 555 691 Unguento
585 617 788 673 Jesum
820 616 1116 690 perfundit
1145 633 1312 672 sacra
1342 617 1525 672 Maria
1557 634 1569 671 :

154 706 437 763 Jucundo
472 707 758 779 impletur
784 706 901 762 late
932 707 1147 762 domus
1173 707 1368 762 omnis
1401 707 1595 773 odore,

155 796 231 852 Ut
260 796 495 852 redolet
522 801 646 852 toto
680 796 815 851 felix
844 795 1104 852 Ecclesia
1132 796 1375 851 mundo.

226 886 350 942 Rex
382 885 551 942 mitis
582 884 811 958 placido
842 884 1016 941 Jesus
1048 884 1314 941 concedit
1345 882 1542 940 asello.

154 975 516 1048 Palmigeris
544 975 730 1030 turba:
763 974 1039 1030 manibus
1072 974 1214 1029 dant
1242 973 1469 1029 cantica
1499 972 1763 1027 laudum.

153 1065 245 1120 Sic
276 1064 592 1137 Solymam
625 1064 974 1138 ingreditur,
1000 1064 1121 1119 adit
1141 1066 1198 1118 et
1224 1063 1320 1134 pia
1351 1063 1565 1117 moenia
1584 1061 1786 1135 templi
1812 1078 1824 1117 :

224 1153 499 1210 Gentiles
528 1153 755 1209 clarum
785 1152 1126 1224 quaerebant
1157 1167 1391 1206 cernere
1421 1151 1644 1206 Jesum.

156 1243 469 1299 Frumenti
506 1258 756 1316 granum
786 1240 925 1295 dicit
956 1258 1018 1297 se
1049 1240 1319 1313 protinus
1350 1238 1468 1306 ille,

156 1333 322 1397 Quod
355 1338 528 1389 terrae
559 1331 903 1387 immoriens
935 1330 1125 1385 multa
1153 1346 1288 1384 cum
1320 1330 1487 1400 fruge
1515 1328 1789 1402 resurgit.

227 1423 441 1478 Oranti
466 1438 579 1478 vox
608 1420 767 1476 clara
795 1418 983 1476 Patris
1018 1418 1289 1491 rependit
1317 1418 1390 1473 ab
1421 1418 1599 1474 astris
1631 1435 1645 1473 :

154 1509 511 1579 Clariﬁcavi,
538 1508 753 1583 inquit,
779 1513 856 1575 te,
880 1512 1036 1575 nate,
1062 1513 1121 1563 et
1149 1506 1501 1562 cloriﬁcabo.

154 1601 407 1675 Expavit
438 1599 695 1673 populus
727 1598 933 1654 divina:
961 1596 1124 1653 vocis
1152 1596 1457 1652 honorem.

222 1690 403 1748 Multi
436 1706 470 1745 e
498 1688 866 1762 principibus
897 1686 1196 1759 magnalia
1224 1688 1385 1741 tanta
1412 1684 1696 1752 videntes,

148 1781 398 1837 Pectore
427 1778 766 1845 credebant,
796 1776 1138 1832 metuebant
1169 1791 1268 1830 ore
1298 1773 1489 1839 fateri,

147 1873 274 1928 Non
310 1867 519 1924 divina
546 1866 701 1932 illos,
724 1866 826 1922 sed
859 1864 1067 1919 mundi
1098 1862 1284 1936 gloria
1312 1862 1507 1928 traxit,

218 1956 441 2016 Abluit
472 1955 568 2011 ille
598 1955 779 2028 pedes
808 1954 1140 2009 veneranda
1167 1952 1228 2007 in
1259 1956 1428 2007 nocte
1458 1966 1724 2007 suorum.
1776 1976 1783 1979 -

154 2048 315 2104 Pelvi
349 2043 614 2102 infundit
641 2060 848 2117 aquas,
882 2041 1179 2115 tergentia
1210 2041 1391 2097 lintea
1417 2043 1627 2113 gestat.

156 2141 200 2204 Ο
233 2140 474 2212 quanta
499 2133 810 2191 humilitas
834 2132 846 2187 l
884 2136 1108 2205 quanta
1135 2135 1224 2187 est
1254 2129 1563 2186 clementia
1591 2126 1829 2183 Christi.

232 2227 529 2299 Designat
550 2223 766 2279 Judam
798 2221 1059 2277 buccella
1089 2219 1258 2293 panis
1287 2219 1580 2291 iniquum.

160 2320 280 2375 Ter
314 2332 448 2372 sese
477 2331 511 2370 a
543 2313 712 2368 Petro
741 2310 1101 2384 praenuntiat
1130 2325 1258 2365 esse
1287 2307 1645 2381 negandum.

161 2403 494 2477 Discipulis
527 2400 781 2475 propriis
810 2399 1047 2473 signum
1079 2397 1404 2471 praescribit
1432 2395 1671 2451 amoris.

242 2496 398 2553 Inde
428 2509 569 2550 suos
599 2490 761 2547 nosci
792 2489 975 2544 voluit
1002 2487 1052 2543 si
1084 2492 1320 2559 pectora
1348 2486 1596 2541 fratrum

167 2587 420 2643 Alterna
450 2580 733 2639 cbaritate
763 2579 873 2634 sibi
906 2594 1165 2633 connexa
1192 2575 1471 2649 vigerent,

169 2674 349 2740 Quali
384 2689 492 2728 nos
524 2669 752 2743 primus
783 2668 986 2722 dilexit
1014 2665 1242 2722 caelitus
1273 2666 1417 2737 ipse.

244 2766 328 2821 Se
360 2764 530 2818 docet
555 2760 616 2815 in
649 2758 816 2814 Patre
843 2761 899 2812 et
932 2756 1159 2811 Patrem
1197 2753 1525 2810 venerarier
1556 2753 1613 2806 in
1649 2768 1729 2808 se.

172 2856 469 2927 Majestas
498 2866 619 2906 una
649 2853 760 2915 est,
783 2852 842 2903 et
869 2845 1055 2919 gloria
1084 2861 1324 2916 compar
1353 2842 1607 2914 utrique.

172 2939 487 3015 Quidquid
513 2938 636 3012 agit
659 2936 915 3011 genitus,
937 2939 1129 2990 totum
1154 2938 1243 2989 est
1272 2932 1531 3005 operatio
1560 2928 1768 2986 Patris.

248 3028 614 3089 Paraclitum
644 3025 896 3099 spondet
924 3040 986 3079 se
1016 3022 1249 3078 mittere
1286 3021 1552 3094 protinus
1581 3018 1662 3074 illi

173 3127 331 3183 Cum
364 3136 503 3175 mox
533 3135 564 3173 e
591 3113 822 3172 tumulo
855 3113 1079 3169 devicta
1110 3116 1294 3167 morte
1324 3125 1655 3182 resurgens,

180 3211 455 3284 lnclytus
485 3206 810 3263 ascendens
841 3200 1228 3276 penetraverit
1257 3200 1442 3255 ardua
1470 3197 1617 3253 coeli.

252 3303 334 3358 Se
361 3298 547 3354 vitem
575 3311 775 3352 veram
806 3292 1088 3365 loquitur,
1114 3289 1496 3363 propriosque
1526 3284 1729 3341 fideles

182 3388 545 3449 Palmitibus
576 3383 803 3441 similes
830 3381 890 3437 in
922 3398 984 3437 se
1013 3383 1211 3436 monet
1237 3378 1335 3434 ille
1367 3393 1621 3446 manere,

179 3484 268 3539 Ne
294 3480 540 3553 jaceant
569 3472 821 3540 steriles,
849 3470 979 3544 jugi
1008 3470 1319 3525 tradantur
1348 3471 1405 3522 et
1431 3465 1573 3538 igni.

256 3565 600 3640 Discipulos
630 3563 888 3619 clemens
919 3558 1075 3615 Patri
1103 3556 1477 3614 commendat
1506 3555 1689 3621 Iesus,

182 3659 478 3719 Traditur
508 3672 542 3711 a
569 3653 741 3719 Juda,
773 3651 954 3706 Pilato
982 3647 1274 3704 addicitur
1302 3646 1526 3702 insons.

182 3746 551 3807 Verberibus
582 3758 769 3799 caesus
801 3738 1015 3813 populo
1046 3738 1219 3793 datur
1245 3736 1371 3808 ipse
1401 3733 1723 3791 necandus.

259 3838 424 3896 Exiit
452 3836 577 3907 ipse
610 3847 843 3888 crucem
874 3827 1112 3885 sibimet
1140 3825 1452 3881 mitissime
1481 3827 1741 3896 portans.

189 3927 398 3990 Passio
430 3925 665 3997 gustato
695 3917 914 3975 Christi
945 3915 1270 3989 completur
1300 3919 1482 3970 aceto.

188 4017 515 4078 Mandatur
539 4009 791 4077 tumulo,
825 4008 1123 4063 destructa
1149 4007 1336 4059 morte
1366 4001 1639 4073 resurgit.

262 4107 352 4164 Ad
384 4101 685 4160 tumulum
718 4096 904 4153 Maria
928 4095 1220 4167 lacrymas
1251 4090 1531 4147 fundebat
1561 4086 1799 4156 amoris,

191 4195 520 4256 Sublatum
549 4186 783 4246 insidiis
812 4201 1025 4259 corpus
1056 4181 1330 4239 credebat
1361 4180 1510 4236 Iesu.

193 4287 301 4345 Ille
332 4284 577 4356 repente
607 4277 806 4343 micat,
842 4276 942 4331 dat
969 4272 1107 4329 huic
1140 4271 1417 4326 mandata
1448 4267 1674 4324 salutis.

268 4376 312 4432 E
346 4355 582 4429 tumulo
613 4384 792 4424 sacrae
822 4365 1071 4420 redeunt
1101 4360 1407 4436 gaudendo
1439 4355 1670 4414 sodales
1702 4372 1716 4410 :

195 4466 303 4522 His
333 4478 517 4520 cursu
547 4459 609 4514 in
639 4455 835 4512 medio
867 4453 1099 4527 fulgens
1128 4448 1382 4506 occurrit
1412 4449 1576 4504 [esus
1608 4463 1622 4501 :

196 4557 310 4613 Dat
341 4550 663 4610 clementer
683 4547 819 4613 Ave,
842 4542 1092 4616 pedibus
1122 4538 1235 4594 illae
1266 4535 1467 4594 oscula
1493 4535 1703 4608 ﬁgunt.

272 4642 485 4701 Flebat
512 4653 710 4694 amare
739 4633 919 4690 nimis
947 4628 1163 4687 Christi
1195 4633 1403 4684 Petrus
1432 4624 1529 4680 ille
1559 4622 1753 4696 negati

197 4735 462 4800 Crimen,
495 4726 633 4784 huic
661 4723 920 4781 clemens
951 4723 1192 4793 apparet
1220 4715 1486 4790 protinus
1516 4712 1635 4780 ille,

199 4823 445 4882 Solatur
476 4820 775 4882 moestum,
807 4808 1156 4885 trepidantis
1187 4811 1418 4879 pectora
1450 4805 1665 4859 firmat.

276 4914 452 4970 Ibant
482 4908 626 4964 forte
659 4905 776 4960 duo
805 4899 1112 4959 castellum
1144 4896 1394 4953 invisere
1425 4892 1719 4965 quoddam
1755 4907 1767 4947 :

204 5005 309 5061 His
341 4999 543 5057 subito
572 4997 635 5052 in
665 4992 874 5050 habitu
911 4987 1205 5065 peregrini
1235 4983 1488 5042 occurrit
1516 4982 1680 5038 Iesus
1711 4997 1724 5035 :

205 5096 392 5151 Tecta
422 5091 663 5162 rogatus
693 5083 834 5151 adit,
858 5079 1066 5154 pandit
1095 5094 1159 5134 se
1188 5076 1249 5131 in
1280 5073 1569 5147 fragmine
1598 5069 1788 5143 panis.

278 5176 573 5251 Discipuli
604 5173 804 5231 clauso
836 5169 1171 5227 residebant
1200 5167 1347 5222 forte
1376 5163 1649 5219 timentes

207 5268 504 5336 Conclavi,
539 5266 635 5321 his
664 5262 861 5320 subito
892 5259 1130 5317 radians
1156 5253 1384 5312 assistit
1414 5253 1597 5311 Iesus.

205 5359 562 5435 Agnoscunt
589 5351 926 5419 Dominum,
947 5348 1240 5404 clavorum
1267 5344 1436 5415 signa
1456 5341 1781 5435 recensent.

283 5428 550 5506 Thomas
581 5442 865 5508 defuerat,
890 5454 1035 5495 cum
1055 5452 1117 5492 se
1143 5436 1296 5491 Deus
1324 5432 1421 5488 ille
1453 5428 1734 5501 magister

211 5538 578 5604 Monstrarat
608 5530 805 5598 sociis,
835 5527 1036 5585 lateris
1067 5527 1166 5599 pia
1190 5523 1433 5580 vulnera
1462 5518 1726 5593 pandens
1751 5531 1765 5570 :

212 5629 490 5689 Christus
538 5623 708 5683 adest
752 5620 990 5689 iterum,
1032 5616 1351 5676 Dominum
1394 5610 1492 5668 ille
1538 5607 1842 5768 lacumque

586 5756 593 5763 .
816 5749 825 5759 .
1595 5711 1805 5756 acum

1595 5711 1805 5756 utetur.

1558 395 1914 458 CARMINA
1960 396 2227 457 VAllIA.

1863 528 1915 595 Α
2018 527 2162 583 Cum
2194 527 2372 584 sociis
2400 528 2604 585 Petrus
2634 529 2868 603 piscans
2896 531 2979 587 nil
3010 538 3241 607 ceperat
3271 535 3468 594 undis.

3474 406 3595 467 970

1944 615 2160 672 Littore
2190 621 2305 673 stat
2335 617 2629 690 Christus,
2643 621 2858 690 jactari
2891 621 3037 677 retia
3065 624 3324 691 mandat,

1942 705 2033 761 Fit
2061 709 2305 777 captura
2334 706 2565 780 ingens,
2591 707 2788 764 clarus
2818 711 3185 768 convescitur
3212 711 3351 769 illis.

2012 795 2206 850 Monte
2232 794 2492 864 Calilaem,
2519 798 2672 853 sicut
2700 798 3051 870 promiserat
3082 801 3226 874 ipse,

1940 881 2271 939 Clarilicum
2300 886 2486 940 sancti
2516 886 2718 942 Jesum
2750 893 3082 944 reverenter
3109 891 3375 960 adorant,

1941 972 2005 1027 In
2038 971 2181 1028 coelo
2210 978 2268 1027 et
2295 973 2467 1030 terris
2493 974 2634 1030 dicit
2662 975 2773 1031 sibi
2806 976 3045 1034 subdita
3072 984 3304 1035 cuncta.

2011 1059 2226 1116 Ultima
2256 1055 2562 1134 discipulis
2584 1064 2841 1137 jungens
2873 1066 3135 1123 convivia
3163 1070 3369 1138 sacris,

1939 1148 2180 1204 Mandat
2208 1149 2583 1222 Evangelium
2614 1169 2717 1224 per
2747 1152 2853 1209 hos
2884 1157 3001 1210 toto
3033 1156 3171 1212 orbe
3201 1165 3486 1229 coruscet,

1938 1237 2367 1310 Credentesque
2397 1256 2602 1296 omnes
2633 1247 2834 1298 sancto
2864 1243 3216 1316 baptismate
3245 1247 3455 1321 tingui.

2010 1327 2226 1384 Montis
2256 1327 2461 1385 Oliveti
2494 1331 2659 1402 petiit
2688 1348 2822 1388 mox
2851 1331 2948 1388 ille
2976 1350 3278 1393 cacumen.

1936 1416 2238 1473 Assistunt
2266 1418 2477 1486 sancti,
2512 1419 2801 1476 benedicit
2829 1420 3056 1479 caelitus
3085 1424 3220 1492 illis,

1937 1505 2233 1562 Sideream
2265 1510 2579 1579 penetrans
2608 1508 2753 1581 ipsis
2783 1512 3160 1569 cernentibus
3190 1515 3407 1573 aulam.

2004 1596 2052 1649 A
2082 1595 2302 1651 dextris
2334 1597 2497 1652 sedet
2526 1596 2623 1653 ille
2655 1598 2778 1667 Dei,
2810 1599 3123 1657 virtutibus
3153 1602 3298 1676 ipsis

1934 1682 2152 1739 Celsior
2181 1685 2485 1757 angelicis,
2506 1690 2790 1743 venturus
2821 1693 2878 1744 et
2906 1688 3044 1746 inde
3073 1707 3372 1765 coruscus,

1931 1771 2166 1828 Judicet
2195 1774 2426 1830 aternis
2457 1778 2522 1830 ut
2552 1778 2741 1833 totum
2773 1775 3005 1851 legibus
3035 1780 3257 1838 orbem.

1851 1899 1898 1963 Β
1942 1861 2357 1963 "Huncccelum
2373 1869 2430 1919 et
2444 1864 2803 1963 tellus,hunc
2820 1870 3079 1926 tartarus
3097 1869 3224 1942 ipse
3239 1872 3597 1962 profundus,

1939 1950 2298 2007 Cunctorum
2318 1953 2657 2022 Dominum,
2671 1971 2805 2010 cum
2828 1956 2995 2013 Patre
3018 1957 3078 2012 in
3105 1959 3278 2015 saecla
3297 1950 3594 2033 potentem

1938 2040 2017 2095 Ac
2046 2039 2262 2113 Spiritu
2293 2046 2494 2097 sancto
2524 2041 2746 2113 laudet,
2780 2044 2915 2100 huic
2946 2046 3139 2102 sidera
3167 2048 3438 2106 clament.

2187 2131 2391 2186 Arnen.

2723 2221 2813 2277 IV.

2665 2326 2869 2367 ORATIO

2018 2396 2151 2451 Cum
2190 2399 2702 2472 commemoratione
2740 2401 3095 2472 antiquorum
3126 2406 3526 2465 miraculorum

2499 2469 2704 2526 Christi
2730 2471 2828 2526 Dei
2850 2469 3042 2530 nostri.

2019 2575 2063 2631 Ο
2092 2574 2278 2630 virtus
2309 2579 2524 2632 aeterna
2558 2577 2674 2645 Dei,
2708 2594 2885 2650 quam
2918 2579 3191 2638 machina
3220 2585 3426 2640 mundi

1949 2663 2210 2736 Suscipit
2240 2670 2561 2733 auctorem,
2583 2666 2678 2721 cui
2710 2667 2885 2723 servit
2912 2672 3069 2725 terra
3096 2671 3405 2746 polusque,

1952 2752 2308 2825 Principium
2341 2771 2559 2823 rerum,
2594 2771 2697 2827 per
2727 2772 2904 2828 quam
2936 2758 3107 2814 Pater
3133 2762 3333 2818 omnia
3361 2762 3513 2819 fecit.

1951 2842 2098 2896 Cum
2131 2842 2295 2897 Flatu
2329 2848 2543 2898 aeterno
2573 2861 2752 2917 super
2780 2862 3015 2918 sequere.
3042 2854 3205 2905 vasta
3232 2851 3503 2921 cubante,

1951 2932 2038 2986 Tu
2070 2948 2310 3003 pressus
2342 2933 2641 3004 quondam
2672 2935 2928 2991 tenebris
2958 2935 3333 2997 horrentibus
3356 2943 3545 2999 undas

1952 3020 2105 3075 Luce
2136 3037 2284 3076 nova
2310 3020 2623 3090 irradians,
2647 3026 2996 3096 noctemque
3017 3024 3290 3101 diemque
3311 3031 3543 3087 creasti.

1952 3109 2026 3165 Ut
2050 3109 2240 3166 varios
2267 3109 2577 3165 hominum
2604 3110 2814 3167 revelet
2839 3113 2939 3168 lux
2965 3113 3181 3173 blanda
3208 3117 3457 3190 labores,

1953 3199 2023 3253 Et
2053 3203 2340 3254 nocturna
2370 3199 2537 3271 quies
2566 3199 2795 3256 attritos
2825 3207 3043 3258 recreet
3071 3209 3254 3263 artus.

1873 3272 1917 3340 C
1955 3287 2041 3342 Tu
2072 3287 2339 3359 geminas
2369 3288 2538 3344 sedes
2567 3288 2838 3346 discretis
2866 3290 3141 3349 ﬂuctibus
3174 3299 3405 3367 aptans,

1955 3375 2071 3431 Hos
2102 3374 2229 3447 agis
2259 3374 2316 3430 in
2349 3374 2613 3449 pelagus,
2649 3376 2780 3433 illos
2811 3394 2990 3451 super
3018 3385 3175 3437 astra
3203 3385 3492 3442 recondis.

1955 3464 2131 3519 Arida
2160 3481 2276 3536 quo
2307 3469 2507 3536 posset
2536 3464 2791 3522 fructum
2821 3469 3138 3539 producere
3167 3471 3342 3529 tellus

1957 3554 2237 3610 Hastibus
2269 3558 2328 3609 et
2357 3554 2541 3626 gratis
2573 3555 2898 3613 animantia
2927 3564 3136 3617 cuncta
3163 3561 3401 3633 foveret,

1958 3644 2045 3699 Tu
2078 3642 2231 3698 lunae
2263 3642 2522 3715 solisque
2551 3644 2813 3717 globum,
2838 3646 3152 3721 stellasque
3181 3651 3487 3723 micantes,

1961 3733 2025 3788 In
2054 3731 2244 3787 varias
2275 3749 2486 3789 causas
2517 3750 2619 3806 per
2649 3734 2911 3791 culmina
2942 3736 3097 3793 celsa
3124 3737 3351 3797 locasti.

1961 3822 2049 3877 Tu
2080 3825 2247 3876 terra:
2277 3838 2345 3877 ex
2374 3826 2536 3877 utero
2568 3824 2821 3894 pecudes
2852 3843 2885 3881 a
2922 3827 3125 3899 reptile
3155 3834 3435 3888 cunctum

1964 3911 2027 3965 In
2059 3909 2249 3965 lucem
2282 3911 2408 3966 sola
2438 3912 2751 3982 procedere
2779 3931 2918 3970 voce
2949 3915 3185 3974 dedisti.

1963 4000 2050 4055 Tu
2081 3998 2338 4072 lymphis
2369 3998 2545 4055 etiam
2573 4000 2859 4072 spirantia
2885 4019 3129 4076 corpora
3154 4009 3437 4080 condens,

1961 4088 2215 4144 Alitibus
2243 4092 2467 4154 ventos,
2490 4089 2686 4145 ditasti
2717 4091 2975 4163 piscibus
3003 4110 3219 4165 aequor.

1964 4178 2052 4233 Tu
2083 4176 2370 4248 torpentis
2400 4177 2565 4232 humi
2597 4194 2810 4250 corpus
2842 4180 2913 4236 de
2943 4197 3183 4254 corpore
3213 4189 3521 4258 sumptum

1963 4265 2200 4321 Viviﬁco
2230 4266 2380 4321 sacri
2410 4265 2750 4338 spiraminis
2779 4268 2956 4342 erigis
2990 4269 3206 4327 haustu
3242 4288 3255 4329 :

1965 4356 2146 4427 quue
2172 4353 2469 4409 hominem
2497 4355 2982 4425 vocitans,totum
3009 4374 3251 4433 regnare
3281 4378 3387 4435 per
3414 4363 3617 4424 orbem

1968 4442 2238 4515 Praecipis
2260 4446 2317 4498 et
2343 4443 2525 4499 totius
2554 4443 2795 4500 rationis
2825 4445 3054 4519 legibus
3084 4448 3317 4523 imples.

1966 4534 2089 4598 Quo
2120 4548 2306 4606 genus
2335 4532 2395 4587 in
2424 4532 2598 4588 terris
2630 4550 2744 4590 uno
2777 4534 2991 4592 factore
3021 4543 3303 4598 creatum.

1891 4643 1938 4707 Ι)
1969 4622 2044 4679 Ut
2071 4638 2259 4694 genus
2286 4619 2346 4676 in
2377 4620 2538 4678 ccelis
2569 4638 2687 4678 uno
2716 4627 2939 4681 rectore
2969 4631 3227 4699 regatur.

2043 4711 2086 4767 Ο
2117 4711 2304 4766 virtus
2333 4714 2547 4767 aeterna
2577 4711 2676 4767 Dei
2708 4729 2885 4785 quam
2918 4715 3195 4773 machina
3224 4720 3453 4777 mundi.

1973 4797 2231 4872 Suscipit
2260 4803 2576 4869 auctorem,
2594 4801 2688 4857 cui
2720 4803 2900 4858 servit
2930 4807 3085 4862 terra
3113 4806 3419 4883 polusque.

1973 4890 2061 4945 Tu
2094 4887 2353 4961 primum
2382 4904 2498 4943 non
2530 4905 2707 4961 passa
2734 4890 2924 4948 virum
2954 4894 3274 4952 consistere
3306 4896 3500 4955 solum

1977 4976 2256 5050 Conjugis
2286 4977 2527 5050 egregia:
2560 4978 2769 5036 solatia
2798 4985 2958 5037 casta
2989 4985 3219 5054 creasti,

1979 5066 2165 5130 Quam
2197 5082 2303 5122 nec
2334 5071 2489 5123 terra
2517 5066 2672 5136 tulit,
2696 5072 2962 5125 materna
2991 5087 3097 5127 nec
3124 5073 3306 5129 edidit
3336 5073 3520 5145 alvus,

1981 5155 2094 5213 Sed
2125 5158 2230 5210 tua
2258 5156 2328 5211 de
2358 5162 2519 5212 costa
2548 5156 2820 5214 formavit
2850 5159 3051 5214 dextra
3078 5160 3254 5218 virili.

1979 5245 2065 5301 Tu
2097 5244 2289 5300 scelus
2318 5245 2624 5302 amborum
2658 5246 2879 5319 punisti
2910 5252 3095 5304 morte
3124 5249 3399 5324 benigna,

1980 5336 2053 5392 Et
2083 5335 2481 5407 serpentinam
2511 5336 2803 5391 damnasti
2835 5337 3068 5408 pulvere
3098 5338 3384 5412 linguam,

1984 5426 2118 5489 Quae
2150 5424 2350 5480 docuit
2378 5425 2623 5481 miseros
2656 5428 3026 5483 contemnere
3054 5428 3229 5499 jussa
3257 5427 3560 5498 Tonantis,

1984 5511 2257 5569 Numinis
2287 5517 2345 5569 et
2373 5513 2591 5570 summi
2622 5530 2926 5571 summum
2965 5514 3077 5572 sibi
3111 5533 3367 5590 quaerere
3394 5533 3634 5580 nomen.

2057 5601 2100 5657 Ο
2129 5600 2292 5659 virus
2321 5607 2536 5659 aeterna
2563 5602 2685 5670 Dei,
2710 5619 2890 5674 quam
2924 5605 3201 5663 machina
3227 5607 3437 5667 mundi

1987 5690 2248 5769 Suscipit
2275 5698 2593 5767 auctorem,
2621 5693 2715 5753 cui
2745 5694 2923 5755 servit
2948 5698 3105 5758 terra
3133 5695 3442 5777 polusque,
