4100 6452
484 392 551 450 2'1
568 390 594 448 1

485 525 572 580 Tu
596 523 745 595 justi
778 523 1102 590 interitum,
1132 541 1303 598 quem
1337 523 1534 579 fratris
1563 522 1766 577 dextra
1796 518 2060 593 peremit,

486 613 550 668 In
581 630 815 685 pmnam
846 614 1102 670 auctoris
1124 615 1290 686 justa
1319 614 1428 668 sub
1461 611 1584 683 lege
1614 615 1938 682 retorques.

482 700 567 756 Tu
599 703 916 774 quemdam
947 719 1016 759 ex
1045 702 1252 774 primis
1283 701 1456 774 primi
1490 699 1837 756 mortalibus
1866 697 1968 754 aevi

487 789 763 863 Ignarum
795 793 1002 848 mortis
1032 791 1158 847 vitae
1187 793 1259 846 ad
1294 794 1515 847 secreta
1545 788 1751 844 tulisti.

487 879 634 936 Cum
668 885 865 938 tamen
897 882 1120 937 interea
1146 881 1301 936 vitiis
1333 879 1692 936 ferventibus
1722 894 1926 934 omnes

487 965 822 1024 Polluerent
851 967 1162 1041 pulchrum
1192 984 1296 1040 per
1325 967 1484 1023 mille
1515 966 1747 1040 piacula
1777 965 2088 1022 mundum.

490 1057 578 1112 Tu
609 1060 798 1112 totum
828 1057 1034 1114 validis
1067 1056 1362 1114 involvens
1395 1057 1672 1113 ﬂuctibus
1703 1056 1925 1122 orbem,

491 1145 822 1220 Terrigenis
853 1150 1036 1203 terras
1067 1145 1342 1215 viduasti,
1378 1146 1624 1203 ﬂumina
1652 1145 1819 1218 ripis.

490 1235 575 1290 Tu
598 1236 831 1306 justum
863 1237 1180 1308 quemdam
1210 1237 1448 1309 propria
1477 1253 1610 1292 cum
1649 1234 1812 1308 prole
1853 1233 2145 1305 domoque

489 1323 699 1380 Diluvii
730 1342 798 1381 ex
828 1325 1003 1382 undis
1030 1343 1163 1383 arca
1190 1326 1437 1382 vectrice
1467 1342 1750 1392 reservas,

489 1413 564 1470 Ut
592 1430 777 1487 genus
807 1415 866 1469 in
899 1415 1072 1471 terris
1103 1432 1219 1472 uno
1247 1416 1317 1472 de
1348 1415 1570 1472 semine
1601 1431 1849 1488 surgens

489 1501 618 1559 Una
647 1506 832 1559 morte
865 1520 1064 1570 ruens,
1099 1521 1218 1559 una
1247 1503 1318 1559 de
1351 1502 1530 1575 stirpe
1560 1505 1846 1575 resurgat,

488 1593 677 1664 Atque
705 1592 976 1648 homines
1007 1593 1259 1648 mundos
1293 1591 1466 1648 tellus
1495 1592 1783 1647 mundata
1814 1591 2050 1661 foveret,

492 1681 608 1737 Nec
637 1682 758 1738 vita
783 1681 1012 1753 indigni
1043 1681 1376 1738 fruerentur
1405 1699 1647 1738 munere
1675 1680 1803 1736 vitae

568 1770 612 1825 Ο
641 1770 826 1826 virtus
859 1775 1074 1826 aeterna
1103 1770 1224 1838 Dei,
1259 1788 1433 1844 quam
1469 1770 1742 1827 machina
1771 1767 1976 1826 mundi

495 1859 753 1933 Suscipit
784 1863 1100 1926 auctorem,
1132 1860 1223 1915 cui
1257 1861 1432 1916 servit
1460 1864 1615 1916 terra
1642 1860 1952 1932 polusque,

499 1951 586 2006 Tu
619 1948 723 2004 tibi
753 1948 1038 2006 sublimes
1069 1967 1338 2021 quaerens
1365 1951 1719 2022 conjungere
1750 1949 1990 2016 amicos,

498 2038 738 2113 Ignibus
769 2056 836 2094 ex
867 2038 1077 2094 mediis
1111 2039 1371 2112 primum
1402 2040 1528 2095 sine
1559 2037 1688 2094 labe
1719 2038 1958 2106 vocasti,

498 2127 605 2194 Qui
638 2127 837 2200 patriae
871 2128 1015 2183 ﬁnes
1047 2131 1104 2184 et
1133 2127 1324 2184 tristia
1355 2144 1534 2200 regna
1566 2128 1924 2199 relinquens,

500 2216 688 2274 Crevit
715 2217 775 2272 in
806 2217 1074 2290 ingentes
1105 2216 1410 2290 peregrino
1443 2217 1501 2272 in
1535 2217 1720 2274 limite
1745 2223 1968 2291 gentes.

499 2307 646 2362 Nam
677 2305 1131 2379 primogenitum
1165 2324 1330 2362 serva
1353 2323 1527 2379 quem
1556 2312 1743 2362 matre
1773 2307 2005 2374 creavit,

500 2395 598 2451 Bis
630 2412 802 2452 senos
831 2413 1142 2469 generasse
1172 2397 1352 2454 duces
1382 2395 1472 2452 lex
1501 2413 1676 2453 aurea
1705 2396 1881 2464 canit,

501 2483 793 2540 Posterior
823 2487 964 2540 natu
995 2483 1244 2557 genitrix
1275 2501 1451 2557 quem
1483 2485 1668 2541 libera
1697 2485 1865 2555 fudit,

501 2571 772 2645 Suscepit
800 2572 1066 2646 geminos
1099 2590 1218 2630 una
1243 2573 1313 2630 de
1342 2575 1590 2647 conjuge
1620 2579 1808 2632 natos.

501 2661 661 2717 Alter
689 2661 975 2718 Idumaeos
1006 2661 1182 2717 misto
1210 2663 1282 2717 de
1313 2662 1599 2734 sanguine
1630 2663 1856 2732 condit;

502 2751 774 2807 Hebreos
805 2751 952 2807 alter
981 2751 1251 2807 duodena
1279 2768 1346 2806 ex
1378 2751 1558 2825 stirpe
1588 2757 1891 2825 propagat.

499 2840 603 2896 Hic
633 2839 841 2897 habuit
869 2839 1136 2913 geminas
1167 2840 1358 2914 prisco
1389 2841 1460 2898 de
1489 2858 1649 2898 more
1672 2842 1926 2915 jugales,

497 2929 568 2984 Et
597 2929 840 2986 totidem
873 2945 1070 2985 servas
1102 2947 1348 2986 uxorum
1381 2947 1623 2987 munere
1653 2935 1944 3004 sumptas,

498 3019 541 3074 E
566 3016 781 3091 quibus
811 3019 1116 3091 antiquam
1139 3023 1373 3092 gentem
1394 3019 1798 3094 populumque
1819 3025 2116 3094 potentem

500 3106 768 3175 Protulit,
803 3112 860 3163 et
889 3107 1065 3165 claris
1097 3126 1204 3164 sua
1234 3109 1462 3166 semina
1489 3109 1737 3166 contulit
1764 3111 1959 3166 astris.

505 3196 649 3252 Cum
681 3200 876 3254 tamen
907 3197 1146 3254 infando
1177 3215 1384 3255 rursus
1403 3216 1546 3272 gens
1569 3199 1752 3272 impia
1773 3200 2089 3272 quemdam

503 3286 805 3342 Fluctibus
835 3286 1100 3342 ablutum
1134 3287 1455 3343 macularet
1483 3287 1728 3345 crimine
1758 3292 2066 3346 mundum.

504 3377 682 3442 Quem
705 3376 898 3432 delere
917 3393 1154 3449 parans,
1180 3376 1537 3433 Sodomitica
1561 3379 1778 3434 moenia
1809 3379 2065 3437 ﬂammis

505 3463 948 3537 Sulphureoque
978 3465 1101 3538 igni
1133 3464 1422 3522 subvertis
1453 3470 1604 3522 tecta
1633 3467 1991 3537 Gomorrhae,

505 3553 654 3620 Quin
684 3558 744 3610 et
773 3554 1056 3610 ﬁnitimas
1086 3553 1318 3610 miseris
1347 3572 1482 3610 cum
1524 3555 1749 3613 civibus
1779 3559 1972 3625 urbes,

503 3644 568 3698 In
599 3642 851 3698 cinerem
882 3642 1076 3710 solvis,
1110 3647 1165 3698 et
1191 3643 1419 3716 gurgite
1450 3644 1734 3716 deprimis
1766 3645 1901 3704 alto.

500 3731 729 3787 Judicio
762 3736 901 3787 sunt
932 3749 1104 3804 poma
1131 3731 1276 3788 locis
1306 3749 1426 3804 qoaz
1458 3737 1595 3788 nata
1627 3735 1735 3790 sub
1767 3735 1997 3793 hisdem

501 3820 752 3879 Pulchra
782 3820 922 3876 foris
953 3821 1151 3877 vacuis
1181 3821 1340 3877 intus
1368 3827 1508 3877 sunt
1541 3822 1710 3895 plena
1739 3825 1972 3883 favillis.

497 3912 770 3966 Attamen
803 3927 871 3966 ex
901 3910 1046 3987 ipsis
1078 3911 1390 3984 quemdam
1428 3915 1526 3967 tua
1558 3913 1790 3970 dextera
1812 3916 2045 3986 justum

498 4000 777 4072 Ereptum
808 4000 1065 4056 ﬂammis
1095 3999 1376 4058 scelerata
1404 4003 1604 4058 eduxit
1634 4004 1706 4058 ab
1737 4005 1880 4062 urbe

499 4092 680 4156 Quem
701 4089 944 4163 gemina:
969 4094 1116 4146 natae
1146 4090 1359 4147 misera
1379 4108 1513 4147 cum
1547 4096 1733 4150 matre
1763 4099 2112 4167 sequuntur,

497 4181 567 4236 Et
597 4184 877 4238 montana
907 4184 1134 4253 petunt,
1171 4184 1335 4236 tanta
1368 4197 1440 4237 ne
1469 4181 1528 4236 in
1560 4185 1755 4254 strage
1784 4183 2074 4256 perirent:

499 4270 607 4326 Sed
643 4269 893 4326 nimium
925 4269 1125 4325 infelix
1155 4269 1347 4326 snbito
1375 4269 1644 4342 perculsa
1674 4271 1900 4346 fragore

499 4359 776 4432 Rexpexit
805 4376 908 4415 con
910 4359 1039 4431 jux,
1072 4376 1424 4432 pcenamque
1455 4364 1690 4432 experta
1719 4363 2023 4431 remansit,

498 4447 600 4503 Hic
631 4452 779 4503 natae
810 4448 934 4504 solo
966 4447 1101 4504 solae
1133 4465 1266 4504 cum
1298 4453 1461 4521 patre
1491 4449 1702 4506 relictae

498 4536 773 4592 Mortales
804 4536 1047 4609 periisse
1078 4542 1233 4603 ratae,
1267 4538 1352 4594 sic
1383 4539 1690 4597 fraudibus
1720 4557 1860 4608 usa,

495 4626 646 4682 Vina
675 4627 798 4681 seni
831 4627 1098 4695 miscent,
1135 4627 1273 4683 bina
1301 4632 1358 4683 et
1387 4629 1496 4685 sub
1527 4633 1696 4684 nocte
1728 4629 1988 4688 vicissim

496 4716 901 4771 Succumbunt
931 4716 1104 4788 patri,
1129 4720 1184 4772 et
1214 4723 1492 4790 concepto
1527 4718 1750 4774 semine
1781 4725 2060 4792 surgunt;

495 4805 640 4859 Hinc
673 4806 786 4860 duo
819 4805 1144 4878 gignuntur
1169 4811 1299 4879 post
1329 4825 1481 4862 saeva
1510 4807 1781 4864 incendia
1810 4808 2036 4877 fratres,

492 4895 559 4950 Et
592 4895 836 4952 mortale
866 4912 1050 4966 genus
1082 4896 1352 4952 Sodomis
1381 4897 1762 4969 pereuntibus
1793 4903 2026 4970 augent.

491 4984 648 5038 Alter
677 4987 883 5051 Amen,
910 4984 1057 5040 alter
1086 4985 1243 5041 vario
1276 4986 1622 5058 cognomine
1656 4986 1825 5042 Moab

489 5073 732 5139 Dicitur,
752 5077 807 5128 et
836 5074 1101 5145 geminas
1131 5075 1390 5130 condunt
1421 5075 1493 5129 ab
1527 5074 1749 5145 origine
1771 5079 1997 5147 gentes.

561 5163 606 5216 Ο
636 5163 818 5217 virtus
851 5167 1063 5218 aeterna
1093 5163 1214 5226 Dei,
1251 5180 1425 5235 quam
1460 5163 1734 5219 machina
1765 5166 1970 5220 mundi

491 5251 747 5323 Suscipit
776 5256 1092 5319 auctorem,
1126 5253 1216 5307 cui
1249 5253 1423 5308 servit
1455 5257 1608 5308 terra
1639 5252 1947 5325 polusque.

490 5341 576 5396 Tu
602 5342 832 5412 justum
867 5342 1181 5412 quemdam
1227 5341 1571 5396 distractum
1614 5342 1858 5398 crimine
1890 5343 2137 5400 fratrum

491 5428 910 5504 Memphycolis
941 5431 1166 5502 przefes,
1191 5435 1364 5502 atque
1391 5431 1591 5486 orbem
1625 5431 1816 5503 pascis
1847 5438 2134 5504 egentem.

491 5520 578 5575 Tu
609 5518 892 5594 populum
925 5525 1197 5575 sanctum
1228 5521 1372 5575 duro
1402 5522 1510 5575 sub
1545 5522 1699 5576 fasce
1731 5526 2082 5593 gementem,

490 5609 572 5664 Ad
604 5609 821 5680 patrias
853 5610 1022 5667 sedes
1056 5610 1205 5666 mira
1233 5610 1445 5666 virtute
1475 5610 1727 5666 reducis.

489 5697 575 5760 0b
605 5696 757 5759 hanc
786 5699 1095 5777 [Egyptum
1128 5698 1304 5779 quino
1335 5697 1425 5758 bis
1455 5699 1688 5758 verbere
1719 5700 1925 5776 plectis

1678 387 1910 449 FLOHI
1956 385 2270 447 DIACONI
2315 382 2698 446 MONAGHI.

2164 519 2216 587 Α
2248 518 2290 573 Ε
2322 517 2485 585 coelo,
2517 534 2547 574 e
2578 517 2750 575 terris
2777 517 3016 576 mittens
3043 522 3332 591 portenta,
3353 516 3442 574 vel
3472 518 3663 574 undas

3782 383 3914 442 2'72

2249 607 2500 675 Scindis,
2535 624 2895 679 purpureum
2927 608 3184 681 lymphis
3214 608 3565 664 durantibus
3595 624 3820 680 equor,

2249 696 2512 752 Callibus
2541 700 2598 753 et
2627 697 2799 753 siccis
2830 696 3061 770 plebem
3089 698 3332 754 deducis
3364 702 3653 754 ovantem.

2249 785 2350 840 Cui
2382 789 2557 841 noctu
2590 787 2707 841 dux
2739 786 2894 859 ignis
2925 789 3069 855 erat,
3103 792 3400 858 praeeunte
3431 785 3736 853 columna;

2251 875 2319 929 Et
2349 874 2562 931 mediis
2588 875 2771 947 gratis
2802 875 2993 932 nubes
3023 876 3201 931 dabat
3232 875 3476 932 aestibus
3507 875 3771 931 umbras.

2251 963 2490 1019 Pastum
2523 964 2776 1022 caelestis
2809 965 3103 1038 praebebat
3134 964 3328 1037 panis,
3359 969 3416 1019 et
3447 963 3608 1020 omni

2250 1053 2427 1110 Nocte
2456 1053 2644 1110 ﬂuens
2671 1053 2829 1110 dulci
2862 1053 3194 1127 complebat
3222 1057 3453 1110 nectare
3484 1069 3744 1133 campos.

2252 1144 2407 1208 Quas
2439 1143 2676 1202 conviva
2705 1144 2886 1216 dapes
2917 1149 3173 1216 cuperet,
3199 1159 3586 1216 quoscunque
3617 1159 3866 1215 sapores

2251 1233 2582 1304 Appeteret,
2616 1249 2734 1289 una
2764 1232 2930 1289 laetus
2959 1233 3226 1306 capiebat
3256 1233 3316 1288 in
3347 1249 3502 1289 esca.

2254 1321 2461 1378 Potum
2493 1339 2632 1379 saxa
2660 1322 2899 1390 dabant,
2932 1321 3104 1395 virgae
3137 1339 3265 1394 quae
3297 1321 3492 1378 mollis
3522 1322 3595 1377 ad
3627 1321 3783 1378 ictus

2253 1409 2541 1466 Duritiam
2574 1415 2880 1482 rumpunt,
2903 1415 2963 1467 et
2992 1411 3241 1468 ﬂumina
3271 1411 3435 1485 larga
3465 1410 3831 1467 ministrant.

2252 1500 2562 1556 Carniﬂuis
2591 1500 2780 1573 epulis
2809 1500 2986 1556 servit
3014 1517 3330 1558 numerosa
3359 1500 3656 1568 coturnix,

2254 1588 2436 1646 Discit
2464 1595 2522 1646 et
2552 1589 2744 1646 exosis
2774 1589 2927 1646 ultro
2961 1606 3024 1646 se
3054 1589 3362 1646 infundere
3394 1590 3639 1647 mensis.

2325 1682 2370 1734 Ο
2399 1679 2582 1736 virtus
2612 1683 2829 1736 aeterna
2857 1679 2981 1748 Dei,
3011 1697 3190 1752 quam
3224 1680 3498 1737 machina
3527 1679 3733 1737 mundi

2256 1768 2513 1842 Suscipit
2542 1769 2972 1836 auctorem,cui
3002 1769 3180 1826 servit
3209 1773 3368 1825 terra
3397 1769 3705 1842 polusque,

2257 1858 2342 1913 'lu
2375 1861 2645 1914 sanctum
2679 1857 2832 1914 tristi
2862 1857 3056 1914 texisti
3089 1858 3338 1914 fulmine
3369 1863 3650 1926 montem,

2261 1947 2328 2001 Et
2357 1963 2552 2002 vocem
2587 1945 2941 2003 horrendam
2973 1964 3138 2003 sacra
3167 1947 3237 2002 de
3268 1948 3422 2004 nube
3453 1948 3689 2006 dedisti.

2260 2037 2347 2091 Tu
2378 2035 2494 2091 vati
2523 2036 2704 2091 accito
2735 2035 2881 2108 legis
2913 2041 3201 2110 praecepta
3231 2053 3497 2109 supernae

2258 2126 2485 2193 Tradis,
2507 2130 2564 2182 et
2593 2124 2848 2198 alloquio
2879 2125 3168 2182 famulum
3196 2125 3461 2200 dignaris
3489 2128 3696 2184 amico.

2260 2214 2602 2270 Pontiﬁcem
2634 2213 2866 2281 statuis,
2901 2214 3172 2286 precibus
3203 2215 3434 2288 placare
3465 2216 3788 2274 Tonantem

2262 2304 2371 2372 Qui
2405 2307 2601 2377 queat,
2633 2307 2691 2361 et
2722 2308 2923 2360 sancto
2953 2303 3148 2360 cultus
3178 2305 3453 2376 procedat
3482 2306 3721 2376 amictu,

2261 2393 2444 2450 Intret
2471 2397 2530 2449 et
2559 2393 2884 2449 horrendos
2911 2392 3021 2449 veli
3056 2398 3188 2466 post
3217 2393 3473 2450 claustra
3505 2412 3772 2454 recessus

2261 2484 2332 2538 Et
2363 2482 2550 2540 Patris
2578 2481 2776 2538 mterni
2807 2481 2970 2538 solus
3001 2486 3227 2540 secreta
3257 2483 3486 2540 revisat.

2263 2573 2488 2628 Interea
2515 2571 2742 2628 varium
2772 2571 3008 2630 turbata
3035 2588 3138 2643 per
3169 2573 3406 2645 agmina
3432 2590 3704 2630 murmur

2262 2660 2567 2733 Pestrepit,
2590 2665 2647 2716 et
2675 2661 2869 2717 densae
2901 2666 3177 2718 resonant
3207 2677 3312 2734 per
3341 2667 3532 2718 castra
3563 2663 3835 2736 querelae.

2261 2750 2600 2806 Detrahitur
2630 2751 2768 2819 vati,
2801 2751 3198 2806 contemnitur
3227 2751 3354 2824 ipse
3384 2753 3676 2820 sacerdos,

2260 2841 2340 2895 Ac
2372 2839 2550 2896 nimis
2580 2856 2822 2896 accenso
2853 2839 3190 2912 lapidantur
3219 2857 3367 2913 pene
3397 2841 3682 2910 tumultu,

2261 2931 2572 3002 Egyptum
2605 2931 2878 3000 repedare
2910 2934 3136 3002 parant,
3170 2947 3321 2986 vana
3343 2929 3500 2986 idola
3532 2932 3765 3005 ﬁngunt

2264 3019 2714 3091 Solemnemque
2743 3019 2898 3074 diem
2930 3018 3086 3075 ludis
3118 3023 3176 3075 et
3206 3019 3464 3076 carmine
3495 3021 3737 3078 ducunt.

2264 3108 2356 3164 Ira
2385 3109 2560 3164 etiam
2583 3109 2748 3180 justo
2775 3108 3014 3164 tandem
3047 3113 3340 3165 commota
3367 3109 3582 3177 furore,

2265 3196 2504 3254 Illicitos
2534 3215 2715 3254 ausus
2747 3197 2850 3254 tali
2877 3198 2988 3254 sub
3012 3198 3148 3269 jure
3181 3215 3440 3268 coerces;

2184 3271 2227 3339 C
2265 3287 2382 3343 Hos
2414 3287 2657 3360 perimis
2688 3287 2965 3355 ﬂammis,
2999 3292 3056 3343 et
3083 3292 3204 3343 toto
3235 3288 3463 3345 caelitus
3492 3288 3613 3362 igni

2263 3376 2400 3433 Illos
2431 3377 2722 3434 sulfureas
2753 3375 2909 3432 erebi
2939 3377 3231 3451 demergis
3261 3377 3321 3433 in
3355 3379 3564 3446 undas,

2265 3471 2420 3534 Quos
2451 3466 2660 3523 retinet
2688 3465 2883 3534 tellus,
2913 3466 3040 3523 coeli
3071 3467 3158 3522 vis
3190 3467 3361 3540 ignea
3390 3468 3590 3540 punit;

2263 3558 2418 3622 Quos
2448 3560 2604 3612 terra
2635 3557 2928 3624 absorbet,
2958 3555 3215 3613 viventes
3245 3556 3468 3613 inferus
3501 3557 3715 3613 haurit.

2262 3647 2353 3702 Sic
2385 3651 2597 3702 natura
2624 3650 2758 3702 tuos
2789 3645 3054 3702 certatim
3084 3647 3322 3702 devorat
3351 3645 3568 3715 hostes,

2264 3736 2358 3792 Sic
2390 3735 2676 3792 scelerum
2708 3735 2918 3791 vindex
2946 3739 3104 3792 totus
3135 3735 3240 3791 tibi
3273 3735 3486 3792 militat
3519 3736 3700 3803 orbis,

2263 3826 2376 3882 Nec
2407 3825 2628 3898 patitur
2657 3841 3019 3897 quemquam
3048 3825 3253 3881 vitales
3285 3842 3520 3898 carpere
3551 3825 3747 3894 ﬂatus,

2262 3919 2445 3983 Quem
2476 3914 2581 3970 tibi
2613 3931 2729 3970 non
2759 3919 2880 3971 toto
2912 3914 3244 3970 credentem
3278 3919 3508 3987 pectore
3539 3915 3744 3970 cernit.

2265 4005 2361 4060 llis
2391 4008 2588 4060 tamen
2621 4021 2689 4060 ex
2721 4004 2979 4060 ﬂammis
3009 4007 3290 4076 tantoque
3319 4021 3388 4060 ex
3417 4004 3620 4060 funere
3651 4003 3774 4060 bini

2261 4094 2581 4151 Servantur
2602 4095 2848 4166 juvenes
2880 4093 3016 4149 ﬁdei
3046 4093 3259 4149 virtute
3289 4093 3481 4150 decori
3518 4112 3531 4150 :

2259 4184 2413 4249 Quos
2446 4200 2595 4239 nova
2625 4181 2930 4256 progenies
2959 4186 3016 4238 et
3049 4182 3248 4238 nescia
3277 4181 3544 4238 criminis
3575 4187 3715 4240 astas

2257 4274 2342 4329 Ad
2375 4289 2622 4346 regnum
2653 4273 2930 4328 comitata
2960 4272 3074 4327 ﬁde
3103 4275 3206 4327 tua
3236 4272 3477 4344 praemia
3503 4272 3782 4345 sumpsit,

2257 4364 2403 4418 Nam
2439 4366 2662 4434 septem
2693 4367 2898 4435 gentes
2926 4364 2984 4417 et
3013 4377 3195 4433 regna
3221 4361 3481 4433 potentia
3511 4365 3734 4435 septem

2256 4451 2358 4508 His
2389 4451 2604 4508 servire
2627 4451 2823 4522 jubes,
2856 4454 2914 4506 et
2941 4453 3158 4506 terram
3178 4450 3364 4506 tradis
3396 4451 3684 4523 opimam;

2256 4543 2390 4608 Quae
2423 4541 2575 4597 rivos
2605 4539 2772 4595 lactis
2802 4543 2860 4595 et
2890 4537 3082 4595 mellis
3115 4538 3362 4594 ﬂumina
3391 4540 3604 4610 fundit,

2172 4649 2221 4714 Β
2257 4630 2482 4703 Pingua
2513 4647 2639 4701 quae
2670 4628 2853 4684 sacris
2885 4627 3166 4684 deludant
3195 4627 3461 4684 balsama
3492 4628 3694 4696 ramis,

2253 4720 2438 4783 Quam
2467 4719 2634 4774 Pater
2661 4718 2788 4791 ipse
2817 4717 2911 4790 pio
2943 4718 3244 4789 despectat
3273 4716 3498 4773 lumine
3528 4735 3780 4792 semper,

2257 4807 2559 4864 Mensibus
2588 4812 2647 4862 et
2677 4807 2852 4864 certis
2884 4805 3218 4864 coelestibus
3247 4805 3453 4879 irrigat
3483 4807 3674 4866 undis.

2326 4898 2370 4954 Ο
2403 4898 2584 4953 virtus
2617 4900 2833 4952 aeterna
2860 4895 2982 4964 Dei,
3010 4913 3188 4968 quam
3222 4895 3497 4952 machina
3525 4897 3731 4954 mundi

2255 4985 2511 5059 Suscipit
2541 4983 2973 5054 auctorem,cui
3005 4984 3182 5042 servit
3209 4990 3366 5042 terra
3395 4985 3704 5058 polusque.

2253 5078 2339 5132 Tu
2371 5077 2606 5149 rapidos
2640 5075 2853 5131 ﬂuctus
2882 5073 3141 5146 cohibes,
3177 5080 3234 5130 et
3265 5075 3508 5130 ﬂumine
3538 5075 3692 5132 sicco

2251 5165 2608 5222 Transducis
2640 5167 2902 5220 sanctam
2937 5165 3115 5220 tantis
3146 5181 3282 5220 cum
3313 5163 3577 5220 millibus
3609 5182 3846 5222 arcam:

2249 5257 2334 5311 Tu
2369 5271 2645 5328 magnam
2673 5253 2815 5310 solis
2846 5255 3144 5326 quondam
3175 5254 3533 5311 clamoribus
3565 5255 3770 5312 urbem

2249 5344 2430 5401 Solvit
2457 5344 2516 5398 in
2549 5348 2795 5400 aeternas
2825 5343 3040 5416 populo
3069 5347 3351 5416 pereunte
3383 5344 3615 5412 ruinas;

2248 5435 2358 5491 Sed
2391 5433 2665 5490 meretrix
2694 5435 2963 5506 quaedam
3002 5439 3261 5506 superat,
3287 5451 3466 5506 quam
3496 5435 3686 5491 vivere
3716 5435 3903 5493 solam

2249 5523 2522 5580 Praestitit
2551 5522 2706 5579 alma
2737 5523 2881 5579 ﬁdes
2909 5539 2924 5578 :
2959 5523 3193 5595 proprio
3225 5540 3357 5579 cum
3392 5527 3556 5596 patre
3587 5525 3902 5599 domoque,

2245 5616 2324 5669 Ac
2356 5629 2427 5670 ne
2456 5612 2628 5687 plura
2657 5628 2867 5681 morer,
2901 5610 3076 5669 tellus
3109 5613 3374 5685 subjecta
3403 5613 3674 5686 quiescit,

2245 5704 2314 5762 Et
2343 5719 2614 5778 possessa
2644 5702 2744 5761 Dei
2775 5701 2935 5762 varia
2967 5703 3077 5761 sub
3109 5706 3264 5764 sorte
3297 5707 3548 5766 tenetur.
