4100 6474
165 394 281 457 273

164 527 487 588 Judicibus
517 529 748 604 regitur
776 529 1081 599 duodenis,
1115 549 1264 607 quos
1293 536 1433 590 tuus
1461 531 1670 608 implet

165 620 449 694 Spiritus,
489 625 548 676 et
579 622 728 677 miro
754 622 987 679 virtutis
1018 623 1225 679 robore
1256 623 1470 678 ﬁrmat.

163 709 407 766 Viribus
442 714 513 765 ut
543 712 780 783 magnis
811 729 991 767 saevos
1023 729 1303 785 superare
1333 713 1551 778 leones,

167 799 234 854 Et
259 798 504 855 validos
535 799 715 855 vincti
748 805 988 872 possent
1017 801 1382 874 disrumpere
1409 819 1618 870 nexus,

166 889 330 944 Nunc
355 889 510 945 urbe
540 889 779 956 inclusi,
812 895 868 945 et
898 891 1008 945 sub
1041 895 1271 947 noctem
1303 891 1487 946 milite
1518 890 1708 947 multo

166 978 380 1034 Vallati
415 979 648 1034 foribus
680 984 864 1052 raptis
894 981 1283 1036 conscendere
1315 985 1565 1037 montes.

166 1069 331 1123 Nunc
363 1067 575 1124 tristes
606 1085 845 1134 cuneos,
879 1073 936 1124 et
967 1074 1159 1126 castra
1191 1070 1448 1126 minacia
1470 1071 1620 1125 ferro

169 1157 446 1213 Sternere
481 1174 599 1212 non
627 1156 840 1231 gladio,
875 1159 975 1214 sed
1010 1158 1163 1214 malo
1194 1159 1325 1214 vilis
1359 1158 1546 1226 aselli,

169 1250 424 1302 Vomere
457 1246 604 1318 quin
638 1246 814 1302 etiam
842 1252 1040 1303 vastas
1072 1247 1270 1304 fudere
1302 1251 1584 1315 catervas,

171 1335 416 1392 Restitit
434 1339 495 1390 et
523 1335 660 1392 telis
690 1336 863 1392 terris
895 1354 988 1393 res
1018 1340 1153 1409 apta
1185 1336 1443 1393 colendis

172 1425 264 1480 Sic
287 1429 502 1481 arcent
530 1425 752 1492 hostes,
787 1425 870 1482 sic
893 1431 1123 1499 sceptra
1155 1425 1412 1500 potentia
1451 1430 1690 1493 terrent,

174 1513 641 1586 Defenduntque
662 1531 830 1570 suam
861 1515 993 1570 ﬁdei
1027 1515 1356 1571 munimine
1386 1519 1640 1588 gentem.

170 1605 246 1659 Ac
279 1603 514 1676 patrias
545 1603 704 1677 leges
730 1604 1043 1677 divinaque
1065 1606 1204 1677 jura
1232 1606 1444 1678 quietis

170 1694 466 1749 Exercent
496 1693 731 1765 populis
762 1693 1104 1766 meritisque
1133 1699 1189 1749 et
1211 1694 1430 1749 honore
1459 1692 1694 1748 verendi

173 1783 338 1838 Idem
373 1781 558 1838 armis
589 1781 868 1855 prompti,
903 1783 1093 1838 devoti
1124 1782 1352 1856 legibus
1381 1783 1560 1849 idem,

171 1873 338 1929 Idem
372 1872 509 1928 odio
539 1872 815 1941 externis,
849 1874 1058 1929 affectu
1090 1873 1314 1929 civibus
1344 1874 1523 1937 idem,

173 1964 366 2019 Fraus
393 1963 596 2018 aberat
617 1961 810 2026 fallax,
844 1962 1160 2035 languebat
1191 1963 1341 2017 victa
1373 1961 1607 2034 cupido,

169 2050 432 2108 Justitiae
464 2049 651 2106 virtus
683 2051 813 2123 ipsa
845 2051 999 2107 inter
1027 2051 1182 2108 bella
1208 2051 1460 2124 vigebat.

246 2142 292 2198 0
327 2140 520 2197 virtus
550 2145 768 2196 aeterna
798 2140 919 2204 Dei,
945 2158 1124 2213 quam
1157 2141 1431 2196 machina
1461 2138 1667 2195 mundi

174 2230 449 2303 Suscipit
479 2233 800 2298 auctorem,
834 2229 927 2285 cui
963 2231 1140 2286 servit
1169 2233 1324 2286 terra
1354 2229 1642 2302 polusque
1667 2247 1680 2297 ;

171 2322 259 2377 Tu
295 2333 555 2394 puerum
589 2324 860 2374 sanctum
893 2324 1120 2376 sacrato
1153 2319 1471 2374 chrismate
1499 2318 1749 2374 tinctum

177 2411 499 2466 Pastorum
529 2425 598 2464 ex
631 2426 874 2465 numero
907 2426 1102 2483 regem
1136 2409 1279 2465 facis
1297 2425 1425 2465 esse
1445 2407 1836 2463 tremendum.

177 2500 298 2556 Iste
331 2497 659 2571 gigantzeas
690 2497 994 2570 pulsantes
1023 2497 1216 2554 sidera
1241 2497 1425 2553 moles

175 2589 356 2646 Nunc
387 2604 548 2655 saxo,
583 2603 742 2642 nune
771 2603 908 2643 ense
937 2592 1142 2660 potens
1173 2587 1283 2643 sub
1315 2591 1537 2642 tartara
1559 2585 1741 2651 misit,

176 2680 250 2734 Et
286 2694 444 2750 quos
477 2675 641 2732 nulla
673 2676 836 2748 prius
867 2680 1136 2748 poterant
1168 2676 1502 2732 subvertere
1534 2675 1707 2740 bella,

176 2767 376 2825 Unius
397 2766 509 2821 hos
541 2766 704 2838 pueri
741 2765 1030 2832 contrivit,
1064 2768 1119 2821 te
1150 2765 1316 2831 duce,
1349 2766 1574 2831 dextra,

177 2859 675 2926 Conservansque
705 2859 840 2910 tuos
865 2873 878 2922 ;
915 2853 1253 2927 alienosque
1284 2854 1546 2926 undique
1569 2854 1844 2926 perdens,

176 2944 575 3004 Abramidum
606 2944 756 2999 miro
785 2943 931 2999 rexit
961 2944 1630 3017 moderaminegentem.

253 3037 303 3093 0
335 3035 525 3090 virtus
556 3038 774 3089 aeterna
807 3033 923 3099 Dei,
957 3050 1133 3106 quam
1167 3033 1442 3089 machina
1472 3032 1676 3088 mundi

180 3123 455 3196 Suscipit
476 3129 795 3187 auctorem,
831 3121 924 3178 cui
958 3123 1134 3179 servit
1155 3126 1310 3178 terra
1342 3121 1648 3195 polusque.

182 3218 276 3273 Tu
313 3213 415 3288 pia
444 3210 664 3268 caelesti
699 3212 1003 3285 perfundis
1033 3217 1268 3285 pectora
1298 3212 1461 3281 ﬂatu,

180 3306 258 3361 Et
289 3306 544 3359 ventura
574 3300 764 3357 modis
786 3301 1051 3373 praedicis
1079 3301 1140 3356 in
1171 3301 1374 3357 ordine
1405 3299 1595 3368 miris,

183 3393 474 3466 Virgineo
506 3396 744 3463 partum
776 3407 844 3446 ex
874 3394 1059 3457 utero,
1094 3407 1410 3463 rerumque
1441 3389 1692 3446 salutem

187 3482 487 3556 Spondes,
522 3485 579 3536 et
608 3479 837 3536 mmstis
863 3479 1161 3535 uberrima
1190 3480 1406 3552 gaudia
1435 3478 1626 3536 terris.

187 3570 364 3630 Talia
387 3569 607 3626 divinis
637 3572 803 3624 arent
828 3567 1066 3624 oracula
1095 3569 1302 3642 signis,

191 3664 677 3730 Praesentemque
708 3659 884 3713 ﬁdem
917 3658 1092 3714 rebus
1123 3659 1266 3714 dant
1295 3663 1508 3714 cuncta
1545 3657 1780 3714 futuris.

189 3753 266 3808 Et
298 3765 460 3806 nunc
492 3745 819 3821 praerapido
843 3749 929 3803 sol
962 3748 1229 3804 concitus
1259 3765 1362 3803 axe
1388 3747 1651 3804 volantes

193 3840 369 3897 Sistit
400 3853 605 3910 equos,
638 3837 940 3909 tenditque
971 3835 1148 3904 diem,
1188 3841 1537 3908 noctemque
1595 3840 1859 3892 moratur

195 3930 373 3986 Nunc
404 3943 643 3982 currum
677 3925 938 3982 occiduis
970 3930 1123 3981 retro
1146 3929 1431 3982 converttt
1460 3927 1532 3982 ab
1563 3925 1702 3998 oris,

194 4018 612 4089 Deciduasque
645 4016 801 4072 faces
832 4016 977 4072 Eoos
1008 4015 1192 4072 ﬂectit
1218 4016 1288 4070 ad
1322 4019 1507 4083 ortus,

195 4109 422 4166 Eneus
451 4104 648 4162 hastili
679 4121 921 4178 serpens
953 4122 1277 4177 suspensus
1306 4104 1366 4159 in
1400 4104 1514 4160 alto

197 4198 384 4252 Virus
417 4195 539 4268 agit
558 4195 744 4264 venis,
779 4197 837 4251 et
868 4195 1026 4250 diros
1057 4194 1275 4267 eii'ugat
1306 4211 1546 4267 angues.

201 4285 601 4358 Flammigero
633 4299 809 4340 curru
841 4283 1074 4340 mortali
1105 4283 1162 4338 in
1197 4299 1370 4339 carne
1401 4283 1688 4357 propheta

204 4375 466 4434 Tollitur
496 4374 555 4429 in
587 4373 820 4441 cmlum,
847 4377 1082 4429 tantum
1113 4390 1219 4429 nec
1249 4371 1481 4428 laeditur
1510 4372 1632 4446 igni

207 4466 471 4523 Creditur
500 4463 726 4520 excelso
758 4463 977 4519 montis
1009 4463 1079 4518 de
1110 4461 1320 4519 vertice
1351 4479 1578 4531 saxum,

210 4557 481 4622 Quatuor
508 4556 566 4607 et
593 4551 817 4623 species
847 4568 964 4606 uno
995 4567 1130 4607 mox
1160 4550 1407 4606 conterit
1437 4550 1578 4618 ictu,

1553 399 1905 463 CARMINA
1946 399 2215 464 VARIA.

3475 391 3596 461 274

1856 534 1911 603 Α
1943 533 2160 593 Illaasos
2190 531 2402 605 crines,
2437 532 2621 592 illaesa
2647 532 2924 593 sarabara
2951 531 3160 591 crines.

1939 627 2020 681 Ac
2051 626 2185 682 ﬁdei
2215 625 2472 682 ﬂammis
2503 627 2666 698 ignes
2698 625 2945 681 cessisse
2976 625 3252 690 minaces,

1940 715 2430 789 Terricreposque
2461 715 2619 770 focos
2650 715 2937 788 perculsis
2963 714 3260 769 mentibus
3285 711 3527 767 horrent

1940 803 2278 877 Undivagus
2307 808 2468 861 vates
2500 809 2640 860 casto
2671 805 2945 860 sorbente
2978 807 3236 869 voratus,

1942 892 2162 948 Vitales
2197 892 2312 948 alto
2345 893 2518 948 ﬂatus
2549 893 2658 950 sub
2685 893 2916 965 gurgite
2947 892 3132 958 duxit,

1943 983 2014 1038 Et
2041 982 2232 1038 tribus
2263 983 2482 1037 exactis
2513 981 2725 1054 triplici
2759 998 2893 1036 cum
2927 985 3096 1036 nocte
3127 979 3356 1043 diebus,

1941 1071 2172 1144 Integer
2201 1071 2273 1126 ad
2301 1088 2545 1143 superos
2576 1071 2712 1126 imis
2742 1069 3025 1142 processit
3051 1070 3123 1124 ab
3150 1069 3350 1123 undis.

2015 1161 2060 1216 Ο
2089 1161 2275 1216 virtus
2305 1164 2521 1216 aeterna
2551 1160 2856 1232 Dei,quam
2888 1159 3162 1215 machina
3193 1156 3396 1212 mundi

1944 1249 2203 1322 Suscipit
2233 1249 2650 1316 auctorem,cui
2684 1249 2862 1304 servit
2893 1252 3048 1304 terra
3078 1246 3388 1320 polusque.

1944 1340 2032 1396 Tu
2055 1339 2276 1412 gremio
2309 1338 2411 1394 lati
2437 1339 2695 1412 projecta
2726 1338 3008 1394 cadavera
3029 1335 3219 1409 campi

1942 1429 2133 1484 Anida
2161 1445 2288 1500 quae
2321 1427 2496 1482 nudis
2527 1427 2819 1482 vestibant
2849 1427 3082 1482 ossibus
3113 1442 3251 1480 arva

1945 1517 2230 1573 Carnibus
2257 1522 2313 1573 et
2343 1517 2620 1581 nervis,et
2648 1515 2774 1572 vivo
2808 1515 3066 1590 tegmine
3095 1514 3263 1588 pellis

1945 1606 2230 1672 Induis,et
2259 1607 2454 1678 prisca
2482 1606 2702 1662 refoves
2735 1623 2881 1662 nova
2912 1608 3142 1678 pectora
3173 1604 3309 1658 vita.

1945 1695 2210 1752 Cerneris
2241 1695 2550 1768 ignicomis
2581 1694 2707 1750 cmli
2738 1712 2871 1750 cum
2906 1693 3163 1750 nubibus
3194 1692 3296 1760 ire,

1945 1786 2015 1840 Et
2043 1785 2291 1858 populos
2323 1801 2548 1849 omnes,
2575 1784 3263 1858 linguasque,tribusque
3294 1786 3508 1836 tenere.

1867 1907 1915 1973 Β
1948 1874 2199 1931 Sedibus
2228 1875 2366 1931 hinc
2398 1873 2605 1947 positis
2637 1875 2926 1946 patefacta
2954 1872 3254 1928 volumina
3285 1870 3479 1927 cordis

1944 1963 2214 2036 Inspicis,
2248 1968 2305 2018 et
2335 1962 2588 2037 geminis
2621 1963 2890 2019 mortalia
2918 1961 3131 2018 dividis
3163 1960 3301 2016 oris.

1946 2053 2063 2108 Hos
2090 2051 2266 2108 morti
2297 2057 2594 2125 exemptos
2626 2056 2683 2106 et
2713 2053 2841 2106 vita:
2874 2051 3003 2106 luce
3034 2066 3308 2106 coruscos

1945 2142 2204 2198 Cmtibus
2234 2141 2511 2214 angelicis
2543 2140 2878 2196 coelestibus
2909 2139 3121 2195 inseris
3152 2137 3303 2193 aulis
3334 2154 3348 2192 :

1948 2231 2084 2288 Illos
2116 2230 2396 2304 praecipiti
2430 2230 2802 2285 ﬂammarum
2834 2229 3068 2285 turbine
3098 2232 3295 2299 raptos

1947 2321 2188 2394 Ignibus
2218 2320 2470 2388 aeternis,
2505 2324 2760 2391 atraeque
2791 2318 3092 2389 immergis
3125 2316 3336 2389 abysso

1950 2410 2074 2466 Illic
2105 2409 2317 2466 laatitize
2346 2426 2514 2464 voces
2542 2413 2599 2464 et
2629 2408 2857 2464 cantica
2884 2407 3127 2463 laudum
3163 2421 3177 2459 ι

1951 2500 2053 2555 Hic
2083 2498 2250 2555 dolor
2279 2502 2335 2554 et
2358 2497 2611 2572 gemitus
2640 2500 2830 2553 totum
2864 2495 3154 2552 resonavit
3183 2494 3242 2548 in
3275 2509 3482 2549 aevum.

1952 2588 2096 2644 Hinc
2127 2603 2240 2655 me,
2274 2605 2492 2660 quaeso,
2520 2602 2685 2643 reum
2718 2585 2936 2660 peccati
2969 2584 3097 2639 labe
3129 2582 3354 2656 piatum

1952 2677 2143 2748 Eripe,
2178 2676 2407 2732 Christe
2438 2681 2664 2750 potens,
2698 2674 2966 2731 clementi
3002 2672 3246 2728 numine
3278 2672 3510 2726 ﬂorum.

2024 2767 2068 2822 0
2098 2766 2284 2822 virtus
2306 2769 2521 2821 aeterna
2552 2765 2674 2832 Dei,
2709 2782 2886 2838 quam
2918 2762 3192 2818 machina
3221 2759 3427 2816 mundi

1953 2854 2212 2928 Suscipit
2242 2859 2559 2920 auctorem,
2595 2853 2688 2909 cui
2718 2853 2895 2909 servit
2925 2856 3079 2907 terra
3108 2849 3417 2923 polusque,

1954 2948 2041 3004 Sit
2067 2945 2172 3000 tibi
2205 2961 2476 3000 summus
2505 2942 2798 3009 honor,sit
2818 2940 3226 3016 glqria,sitque
3247 2937 3607 3010 triumphus,

1955 3036 2043 3093 Sit
2072 3050 2318 3107 regnum
2350 3032 2475 3090 sine
2507 3033 2622 3088 ﬁne
2655 3049 2922 3099 manens,
2958 3029 3035 3087 sit
3066 3029 3256 3103 gratia
3284 3045 3512 3100 perpes,

1956 3123 2218 3181 Mortalis
2247 3127 2304 3179 te
2335 3121 2538 3195 lingua
2566 3125 2759 3192 canat,
2787 3124 2843 3176 te
2874 3119 3075 3176 caalica
3097 3119 3272 3173 turba

1957 3215 2250 3280 Personet,
2284 3215 2340 3268 et
2368 3215 2527 3268 totus
2561 3209 2619 3265 in
2653 3209 2886 3266 laudem
2918 3211 3226 3280 concrepet
3257 3205 3435 3261 orbis.

1877 3283 1919 3350 (ἶ
1959 3307 2038 3360 Te
2068 3301 2344 3375 pavidum
2376 3302 2600 3372 pectus,
2634 3303 2690 3354 te
2720 3299 2895 3354 corda
2915 3294 3245 3363 trementia,
3278 3298 3336 3349 te
3363 3309 3490 3360 vox,

1957 3395 2039 3450 Te
2063 3392 2158 3465 pia
2189 3406 2355 3446 mens
2388 3387 2628 3457 recinat,
2661 3391 2718 3443 te
2745 3387 2971 3442 viscera
3000 3388 3120 3440 tota
3150 3382 3450 3438 resultent.

2111 3585 2451 3626 EPIGRAMMA
2491 3583 2642 3622 LIBRI
2685 3581 3050 3621 HOMILIARUM
3089 3577 3291 3618 TOTIUS
3328 3577 3465 3616 ANNI

2117 3675 2187 3714 ea:
2217 3657 2553 3712 diversorum
2582 3657 2812 3710 Patrum
2841 3653 3161 3708 tractatibus
3194 3649 3453 3707 ordinati.

1965 3751 2008 3807 Ο
2039 3748 2298 3822 prudens
2327 3745 2528 3810 lector,
2558 3743 2688 3799 vitae
2714 3743 2806 3800 cui
2829 3760 2970 3799 cura
2999 3739 3292 3814 perennis,

1967 3837 2200 3910 Perlege
2230 3837 2576 3908 praesentem
2610 3833 2876 3888 studioso
2907 3835 3139 3903 pectore
3170 3828 3408 3896 librum,

1967 3929 2050 3984 Ex
2075 3930 2336 3982 veterum
2369 3923 2542 3978 dictis
2574 3921 2852 3977 callectus
2882 3918 3134 3992 denique
3166 3918 3427 3983 Patrum,

1971 4020 2126 4084 Quos
2157 4013 2440 4087 probitas,
2471 4029 2620 4084 quos
2649 4015 2806 4067 recta
2831 4010 2976 4066 ﬁdes
3008 4009 3078 4064 ad
3107 4007 3300 4063 sidera
3327 4004 3499 4074 vexit,

1972 4106 2194 4162 Emicat
2223 4120 2290 4159 ac
2315 4106 2472 4158 totus
2505 4099 2779 4156 doctrinae
2805 4097 3076 4170 lampade
3109 4095 3311 4168 fulget.

2047 4193 2254 4252 Pandit
2284 4190 2506 4248 luciﬂui
2540 4189 2818 4262 mysteria
2850 4191 3051 4242 sancta
3081 4181 3216 4251 diei,

1974 4288 2096 4352 Quo
2128 4282 2316 4339 Patris
2342 4279 2537 4336 aeterni
2572 4279 2834 4350 genitum
2867 4277 2993 4332 sine
3023 4279 3282 4346 tempore
3319 4271 3575 4326 Verbum

1976 4375 2100 4430 Non
2133 4390 2200 4428 ex
2230 4371 2359 4426 labe
2391 4368 2517 4433 viri,
2541 4368 2642 4423 sed
2672 4367 2740 4421 de
2769 4365 2980 4420 virtute
3007 4363 3287 4418 Tonantis

2046 4463 2268 4519 Nostra:
2302 4458 2509 4513 habitu
2537 4458 2756 4522 formae,
2791 4454 2948 4510 dictu
2987 4451 3287 4508 mirabile!
3321 4453 3557 4523 sumpto

1978 4555 2243 4625 Sponsus
2275 4553 2340 4604 ut
2367 4566 2397 4603 e
2426 4545 2684 4602 thalamo
2717 4544 2802 4600 sic
2828 4542 3088 4616 Virginis
3119 4542 3314 4597 editus
3344 4539 3470 4596 alvo

208 4643 977 4713 Es.aurum,argentum,et
998 4643 1160 4695 testa:
1181 4657 1314 4694 cum
1330 4640 1617 4712 fragmine
1642 4640 1860 4696 ferrum
1900 4660 1945 4724 ι)
1978 4640 2219 4707 Prodiit,
2251 4643 2308 4694 et
2340 4640 2544 4692 mmsto
2575 4651 2721 4689 nova
2751 4632 2966 4724 gaudia
2994 4631 3204 4687 detulit
3233 4630 3380 4687 orbi.

209 4731 490 4794 Solvitur,
520 4735 578 4785 et
607 4729 838 4801 stipulae
870 4731 1137 4801 raptatur
1167 4728 1225 4783 in
1259 4746 1393 4784 aera
1424 4745 1605 4785 more.

206 4826 316 4879 Ast
349 4820 501 4893 lapis
529 4818 752 4892 ingenti
786 4835 1161 4874 succrescens
1189 4819 1407 4874 vertice
1438 4824 1700 4874 montem

211 4910 436 4975 Efﬁcit,
469 4913 527 4964 et
555 4912 723 4964 vasta
746 4912 937 4964 totum
965 4907 1117 4964 mole
1149 4912 1396 4980 occupat
1426 4908 1648 4963 orbem.

214 4999 484 5058 xEstibus
514 4997 771 5053 horriﬁci
806 4997 1046 5053 ﬂamma
1075 4997 1409 5053 exundante
1431 4997 1646 5053 camini

220 5093 368 5148 Tres
391 5089 572 5161 jussu
601 5086 770 5160 pueri
801 5086 956 5160 regis
985 5087 1301 5142 traduntur
1329 5086 1538 5159 iniqui.

220 5178 486 5253 Angelus
516 5177 711 5233 almus
742 5177 911 5233 adest
941 5176 1173 5232 medius
1202 5176 1475 5244 fornacis,
1510 5179 1563 5231 et
1590 5193 1745 5231 aurae

226 5269 485 5326 Roscida
515 5267 700 5322 ﬂabra
723 5265 892 5338 jacit,
926 5265 1266 5338 dirimitque
1297 5265 1569 5321 incendia
1599 5269 1789 5322 vento.

227 5359 318 5416 llli
351 5357 702 5430 magniﬁcas
731 5356 985 5430 gratanti
1018 5361 1252 5429 pectore
1280 5355 1485 5411 laudes

225 5452 540 5506 Astrorum
571 5451 626 5502 et
657 5449 823 5501 terra:
857 5446 1116 5502 referunt
1146 5444 1451 5519 pelagique
1483 5445 1708 5518 parenti

230 5538 566 5595 Persistunt
593 5535 833 5605 hilares,
858 5535 1104 5608 ipsoque
1131 5541 1375 5591 vocante
1404 5538 1673 5608 tyranno,

230 5630 315 5685 Ex
347 5625 545 5682 medio
575 5625 724 5682 laetis
755 5626 1080 5698 procedunt
1107 5625 1367 5680 vultibus
1390 5624 1532 5698 igni.

235 5719 534 5776 Mirantur
566 5719 842 5789 satrapae,
868 5715 1161 5773 mirantur
1191 5715 1439 5771 barbara
1469 5716 1645 5770 Corda

2050 4731 2237 4786 Haeret
2265 4727 2400 4782 huic
2436 4729 2658 4797 martyr
2685 4722 3099 4779 celeberrimus
3131 4738 3227 4777 ore
3259 4736 3527 4788 corusco,

1984 4820 2300 4877 lntendens
2331 4815 2543 4872 coelum
2575 4817 2899 4886 natumque
2931 4829 3000 4867 ex
3029 4811 3268 4884 Virgine
3315 4808 3634 4874 Christum,

1985 4911 2068 4966 Ad
2101 4907 2291 4963 Patris
2321 4906 2583 4961 dextram
2619 4907 2873 4958 stantem
2905 4917 3083 4973 super
3112 4899 3328 4954 aethera
3371 4914 3635 4966 cernens,

1986 4999 2138 5055 Dum
2171 4999 2373 5053 sancto
2406 4993 2614 5067 plenus
2647 4990 2966 5065 spiramine
2997 5006 3169 5046 saxea
3192 4987 3386 5043 corda.

1988 5089 2278 5159 Increpat,
2311 5087 2369 5139 et
2396 5082 2659 5155 lapidum
2693 5083 3011 5153 quassatus
3043 5077 3196 5133 mole
3228 5077 3498 5148 precatur
3525 5091 3538 5129 :

1990 5171 2834 5248 Accipe,quzeso,meam,Jesu,
2871 5185 2968 5223 rex
2997 5165 3502 5237 inclyte,mentem

1991 5268 2059 5323 Et
2086 5264 2336 5338 genibus
2367 5261 2528 5318 ﬂexis
2561 5277 2662 5333 pro
2695 5257 2861 5331 queis
2891 5256 2996 5310 tibi
3030 5253 3317 5326 supplico,
3341 5269 3535 5324 parce.

1993 5357 2143 5429 Ergo
2175 5354 2288 5409 ﬁde
2321 5351 2515 5408 clarus
2545 5347 2822 5405 doctrinas
2856 5344 3100 5399 fulmine
3131 5341 3377 5415 pollens,

1997 5442 2303 5501 Terribilis
2325 5439 2511 5514 signis
2544 5436 2800 5512 pretiosa
2830 5438 3016 5490 morte
3043 5435 3328 5498 sacratus,

1997 5533 2267 5590 Nominis
2297 5531 2421 5603 ipse
2453 5529 2544 5584 sui
2577 5517 2920 5600 préecelsum
2953 5540 3174 5578 munus
3204 5521 3470 5593 adeptus,

1999 5623 2307 5680 Ctelestem
2340 5619 2522 5676 sumit
2554 5619 2719 5690 parta
2753 5631 2855 5687 pro
2884 5613 3056 5668 laude
3087 5627 3382 5667 coronam.

2077 5709 2335 5783 Martyrii
2370 5709 2572 5763 ﬂorem
2601 5704 2869 5776 sequitur
2898 5703 3005 5763 ﬂos
3030 5699 3405 5774 virginitatis,
