4100 6446
504 368 630 434 275
1729 362 1958 427 FLOBI
2000 359 2316 424 DlACONI
2359 359 2741 424 MONACHI.
3807 354 3952 417 2'76

511 508 581 564 In
606 504 830 581 gremio
860 502 1075 562 Christi
1108 501 1394 560 recubans
1424 516 1587 557 sacer
1614 497 1711 555 ille
1742 499 2019 555 Joannes.

514 595 805 654 Maximus
827 594 1027 650 aterni
1058 610 1245 665 praeco
1276 609 1379 663 per
1410 589 1623 646 saecula
1650 587 1846 655 Verbi,

513 685 676 752 Quod
708 699 843 741 cum
877 682 1043 739 Patre
1070 682 1185 737 Deo
1213 696 1443 752 semper
1472 684 1625 733 Deus
1656 675 1857 733 omnia
1888 674 2040 743 fecit,

513 774 757 839 leum,
791 770 1084 838 tellurem,
1116 785 1295 837 mare,
1330 770 1568 836 tartara,
1603 766 1816 833 sidera,
1849 768 2072 830 ventos,

513 865 585 921 Et
612 878 977 936 quaecunque
1007 859 1124 932 poli
1153 875 1329 932 gyrus
1360 855 1767 929 complectitur
1791 854 2019 929 ingens,

517 953 584 1009 Et
615 949 902 1025 quidquid
933 965 1176 1021 superos
1206 947 1488 1003 excedens
1520 944 1723 1001 incolit
1753 960 1913 1010 axos,

517 1042 744 1114 Proque
774 1040 899 1113 ipso
930 1038 1067 1094 felix
1096 1036 1373 1093 Pathmaei
1403 1034 1655 1108 gurgitis
1686 1031 1870 1089 exsul.

517 1128 681 1187 Unde
709 1132 941 1202 repente
972 1125 1089 1198 poli
1110 1125 1266 1182 celsa
1292 1125 1366 1181 ad
1398 1123 1633 1196 fastigia
1659 1126 1880 1194 raptus,

515 1220 709 1275 Aurea
736 1216 1042 1289 perculsus
1070 1214 1215 1271 vidit
1246 1213 1597 1270 candelabra
1625 1215 1871 1283 septem,

517 1306 697 1379 Inque
727 1306 939 1362 horum
972 1304 1165 1360 medio
1187 1303 1465 1359 dilectum
1496 1301 1765 1357 incedere
1809 1297 2130 1364 Christum,

512 1395 802 1453 Vestitum
835 1394 1068 1468 poderis
1101 1393 1304 1462 sacris,
1338 1392 1431 1447 cui
1460 1409 1605 1447 zona
1635 1388 1929 1445 mamillas

512 1486 706 1541 Aurea
733 1481 1437 1556 praecingens,candentia
1466 1484 1699 1553 pectora
1728 1477 1924 1547 comit,

513 1573 758 1631 Caasaris
789 1573 954 1629 niveo
986 1573 1153 1628 ﬂoret
1180 1570 1515 1628 veneranda
1544 1568 1774 1642 capillo,

512 1661 834 1720 Horribiles
863 1660 1017 1716 oculi
1046 1659 1373 1716 ﬂammanti
1402 1658 1530 1715 luce
1560 1661 1889 1723 coruscant,

513 1754 587 1809 Et
616 1752 794 1808 facies
816 1750 976 1805 rutili
1007 1748 1313 1823 praefulget
1337 1749 1478 1805 solis
1508 1748 1581 1804 ad
1611 1748 1820 1816 instar,

515 1840 808 1915 Ignitique
838 1840 1014 1912 pedes
1045 1837 1362 1895 auricalchi
1395 1854 1554 1893 more
1584 1837 1924 1902 rubescunt,

516 1930 639 1995 Quo
670 1928 877 2002 rapida
902 1927 1132 1984 validus
1156 1928 1393 1983 fornace
1422 1925 1719 1983 examinat
1749 1924 1925 1998 ignis,

514 2020 586 2076 Et
613 2023 838 2092 septem
871 2016 1057 2073 stellis
1088 2021 1331 2073 ornatur
1362 2017 1597 2072 dextera
1626 2014 1881 2088 fulgens,

516 2107 906 2181 Terribilique
935 2106 1133 2179 biceps
1166 2106 1323 2161 ensis
1355 2104 1642 2179 processit
1666 2104 1739 2160 ab
1762 2120 1879 2160 ore.

514 2196 743 2253 Corruit
769 2196 879 2252 hoc
909 2195 1034 2252 viso
1065 2212 1169 2251 ceu
1204 2199 1491 2251 mortuus.
1528 2193 1631 2251 Ille
1662 2196 2030 2250 trementem.

513 2284 750 2342 Solatur
777 2284 991 2342 blando
1023 2284 1301 2358 alloquio,
1334 2285 1652 2356 dextraque
1682 2281 1940 2355 benigna

510 2374 716 2447 Erigit,
748 2379 804 2430 et
834 2374 963 2429 coeli
993 2379 1225 2431 sacrata
1253 2391 1356 2447 per
1384 2373 1582 2429 omnia
1613 2371 1774 2427 ducit

511 2466 647 2530 Quae
678 2480 841 2519 sacro
872 2463 1165 2535 descripta
1194 2462 1488 2518 volumine
1519 2478 1636 2517 non
1668 2461 1820 2532 capit
1852 2458 2031 2526 ullus,

508 2550 579 2607 Ni
614 2568 779 2607 sacer
805 2550 1097 2607 internam
1130 2555 1351 2608 reserat
1380 2551 1475 2606 cui
1506 2550 1760 2623 Spiritus
1787 2566 2009 2605 aurem.

582 2640 684 2696 His
710 2640 857 2696 liber
885 2640 981 2696 hic
1010 2640 1215 2697 laudes
1246 2640 1539 2696 infantum
1570 2657 1640 2695 ex
1663 2639 1867 2694 ordine
1890 2638 2094 2712 jungit

510 2728 618 2795 Qui
649 2729 826 2802 primi
856 2729 931 2786 ob
962 2730 1259 2785 Christum
1292 2728 1512 2785 crudeli
1543 2733 1697 2786 sorte
1728 2728 2035 2801 perempti,

510 2818 792 2891 Perpetuo
822 2818 1037 2900 Christi
1069 2836 1225 2875 nunc
1256 2835 1432 2892 regno
1463 2823 1521 2875 et
1549 2835 1689 2891 pace
1721 2818 2015 2873 fruuntur.

580 2908 796 2964 Edocet
825 2908 1049 2964 Octava;
1080 2909 1223 2980 quid
1255 2909 1432 2965 sectio
1465 2907 1711 2982 mystica
1740 2906 1891 2962 lucis

510 2998 723 3055 Innuat
753 2998 1008 3070 antiquae
1038 3016 1307 3054 reserans
1338 2998 1652 3071 aenigmata
1682 2995 1846 3069 legis.

582 3086 819 3143 Transit
847 3088 918 3143 ad
945 3087 1160 3161 egregii
1192 3086 1478 3144 solemnia
1507 3103 1673 3143 sacra
1698 3086 1813 3141 diei

511 3176 634 3241 Quo
665 3175 820 3249 regis
850 3177 1036 3232 nostri
1067 3176 1358 3233 cunabula
1385 3176 1523 3232 vilia
1552 3174 1768 3232 Christi

509 3264 853 3321 Muneribus
880 3265 1052 3322 trinis
1083 3265 1268 3338 pietas
1296 3270 1569 3322 venerata
1599 3266 1923 3338 Magorum,

506 3352 703 3409 Thure
731 3358 912 3409 Deum
949 3355 1168 3422 docuit,
1202 3356 1418 3429 Regem
1450 3354 1707 3428 signavit
1736 3353 1795 3409 in
1830 3370 1992 3422 auro,

505 3441 926 3516 Mortalemque
958 3443 1257 3500 hominem
1290 3444 1529 3517 myrrha
1559 3443 1819 3515 depinxit
1848 3460 2068 3511 amara,

504 3529 685 3595 Quem
717 3531 829 3588 sibi
860 3533 1125 3589 sidereus
1152 3538 1511 3590 monstrarat
1542 3534 1615 3589 ab
1643 3532 1854 3589 aethere
1905 3530 2118 3605 fulgor,

577 3620 677 3676 His
707 3620 891 3677 sociat
911 3621 1135 3678 clarum
1168 3640 1482 3679 numeroso
1512 3622 1739 3678 lumine
1770 3621 2007 3689 festum,

502 3708 625 3774 Quo
654 3713 818 3766 tener
846 3711 917 3766 ad
950 3711 1102 3767 sacri
1126 3712 1396 3768 devectus
1430 3710 1635 3766 limina
1663 3710 1883 3782 templi,

502 3798 857 3855 Turturibus
887 3800 1141 3872 geminis
1162 3800 1380 3874 duplici
1412 3818 1513 3858 seu
1545 3800 1703 3873 prole
1734 3801 2017 3857 columba:

499 3886 724 3943 Divinis
754 3887 973 3961 placuit
997 3890 1429 3963 conspectibus,
1463 3908 1529 3947 ac
1560 3890 1719 3947 scnis
1750 3889 1889 3945 almi

498 3973 814 4048 Complexu
846 3978 1144 4045 astrictus,
1176 3980 1388 4035 Judaeae
1420 3978 1607 4051 gloria
1636 3979 1830 4053 gentis

496 4063 566 4119 Et
596 4063 697 4120 lux
725 4065 908 4121 totius
937 4065 1227 4124 Christius
1258 4068 1625 4141 promittitur
1654 4068 1832 4123 orbis.

566 4152 708 4209 Inde
740 4159 947 4227 quater
976 4156 1110 4212 deni
1142 4157 1571 4228 nectitjejunia
1602 4156 1763 4213 solis.

495 4242 629 4309 Quae
659 4242 945 4300 Dominus
966 4246 1173 4317 juncto
1204 4246 1489 4318 transegit
1520 4250 1778 4318 tempore
1809 4245 1981 4313 lunae,

492 4329 797 4387 Debellans
827 4332 1061 4389 rabidas
1093 4335 1318 4407 antiqui
1353 4335 1634 4391 daemonis
1666 4335 1805 4406 iras,

493 4420 675 4486 Quem
706 4420 926 4493 gemini
956 4427 1115 4479 vates
1147 4424 1389 4479 totidem
1422 4425 1736 4497 pugnando
1758 4424 1965 4481 diebus

492 4507 733 4580 Impasti
765 4510 926 4565 nullo
957 4517 1226 4583 poterant
1253 4513 1581 4586 pervincere
1615 4519 1804 4586 pacto.

492 4597 606 4653 Ter
634 4614 762 4654 sese
787 4598 1099 4657 horrendis
1131 4607 1390 4659 erexerat
1421 4603 1725 4676 improbus
1757 4604 1959 4674 armis,

490 4685 603 4742 Ter
632 4685 844 4743 Christi
876 4688 1066 4745 valida
1092 4693 1399 4748 confossus
1430 4692 1669 4765 cuspide
1700 4693 1894 4749 cessit.

489 4774 650 4831 Unde
682 4792 848 4832 sacer
876 4782 1065 4835 totum
1096 4780 1262 4837 ﬂoret
1292 4799 1419 4837 mos
1441 4780 1536 4836 ille
1568 4798 1672 4854 per
1701 4782 1922 4850 orbem,

485 4863 707 4921 Vicinis
738 4865 971 4924 Pascha:
1002 4868 1380 4928 solemnibus.
1418 4870 1478 4926 in
1512 4870 1728 4943 quibus
1759 4872 1868 4927 atri

485 4949 738 5007 Guttura
767 4970 918 5010 sava
944 4954 1067 5028 lupi
1101 4963 1393 5014 mactatus
1423 4958 1672 5031 perculit
1700 4961 1920 5033 Agnus,

484 5038 558 5094 Ut
578 5040 788 5112 jejuna
817 5043 942 5115 pari
969 5044 1335 5102 celebrentur
1364 5051 1631 5119 tempora
1657 5054 1809 5117 voto,

482 5125 552 5181 Et
583 5128 865 5203 castigato
898 5138 1177 5189 curentur
1202 5151 1444 5207 corpora
1469 5136 1646 5203 victu,

482 5214 846 5275 Christicolis
878 5221 1095 5293 quibus
1126 5222 1322 5279 infesti
1350 5224 1510 5280 furor
1539 5225 1807 5281 imminet
1834 5226 2038 5283 hostis.

554 5304 671 5362 Ista
700 5306 986 5365 salutiferi
1018 5312 1289 5384 sequitur
1316 5312 1446 5369 laus
1479 5313 1694 5387 inclyta
1723 5315 1887 5389 ligni,

481 5393 604 5459 Quo
634 5396 843 5454 veteris
877 5398 1021 5455 mire
1047 5400 1237 5457 deleta
1265 5406 1353 5459 est
1378 5404 1570 5458 cautio
1601 5404 1806 5477 culpae,

479 5481 628 5539 Dum
659 5501 844 5557 genus
876 5487 1206 5546 humanum
1228 5491 1383 5547 vetiti
1412 5493 1566 5565 quod
1600 5495 1775 5550 tactio
1807 5494 1948 5567 ligni

480 5569 776 5645 Perpetua:
808 5578 1016 5635 mortis
1046 5579 1195 5636 dura
1226 5579 1445 5637 ditione
1474 5588 1763 5656 gravaret,

479 5658 585 5717 Per
614 5661 839 5734 lignum
875 5669 1338 5743 aetermﬁrecipit
1368 5687 1515 5728 nova
1545 5672 1761 5745 gaudia
1784 5673 1932 5743 vitae,

2194 495 2250 562 Α
2277 494 2424 551 Cum
2457 494 2722 552 Christus
2753 512 2951 553 sacras
2981 496 3317 570 expandens
3347 496 3406 552 in
3441 511 3612 553 cruce
3638 493 3907 569 palmas,

2272 585 2409 640 Adae
2436 585 2570 640 dira
2600 585 2694 657 pio
2725 584 2893 641 tersit
2922 586 3134 642 delicta
3162 586 3373 660 priore.

2346 674 2576 730 Eminet
2605 674 2740 730 hinc
2770 676 2888 731 veri
2919 676 3133 732 festum
3162 675 3427 731 mirabile
3455 674 3710 742 Paschaa,

2276 764 2439 829 Quod
2470 763 2738 820 Christus
2768 765 2995 821 tumulo
3023 765 3249 821 devicta
3278 769 3463 820 morte
3492 780 3831 837 resurgens,

2273 853 2358 907 Ad
2382 853 2590 926 jugem
2622 854 2799 909 vitam
2834 855 3218 911 moribundos
3248 853 3549 910 transtulit
3573 859 3757 922 artus,

2274 943 2581 998 Auctorem
2615 941 2755 999 lethi
2789 944 3036 1011 domuit,
3070 943 3414 1015 lethumque
3445 944 3712 1017 peremit,

2276 1029 2504 1101 Eripuit
2535 1030 2757 1102 priscos
2789 1031 2943 1086 erebi
2976 1032 3046 1087 de
3076 1047 3305 1087 carcere
3327 1031 3544 1104 justos,

2275 1119 2356 1174 Ac
2387 1136 2587 1175 secum
2618 1118 2817 1191 plures
2850 1120 3105 1176 rediviva
3132 1120 3193 1175 in
3223 1137 3396 1176 carne
3429 1120 3733 1186 reducens,

2279 1207 2546 1264 Ostendit
2575 1208 2730 1264 smcli
2762 1209 2954 1265 felicia
2983 1210 3137 1265 dona
3167 1209 3369 1265 futuri.

2350 1298 2486 1353 Post
2516 1297 2637 1353 haec
2668 1298 2965 1371 magniﬁci
2991 1298 3268 1371 praeclara
3295 1298 3558 1356 ascensio
3589 1298 3826 1369 Christi,

2280 1386 2483 1461 Fulget
2508 1388 2580 1443 ad
2613 1388 2844 1444 aetherei
2878 1388 3192 1445 remeantis
3222 1388 3483 1445 culmina
3512 1388 3736 1461 templi,

2350 1480 2473 1544 Quo
2504 1493 2608 1533 nec
2634 1494 2887 1551 magnus
2918 1477 3114 1534 Enoch
3146 1479 3341 1551 rapuit
3371 1495 3546 1551 quem
3588 1479 3790 1535 dextra
3824 1480 3951 1534 To-

3687 1569 3949 1640 [nantis,

2278 1658 2392 1713 Nec
2423 1674 2587 1714 sacer
2615 1656 2771 1713 Elias
2802 1675 2977 1713 curru
3012 1659 3352 1714 flammante
3385 1661 3620 1731 repente

2279 1744 2558 1800 Sublatus
2590 1744 2791 1817 rapido
2817 1745 3006 1817 potuit
3038 1751 3341 1818 penetrare
3372 1745 3601 1816 volatu;

2199 1872 2247 1937 B
2277 1834 2384 1889 Sed
2416 1834 2606 1906 potuit
2635 1834 3074 1905 Christus,ccelo
3105 1835 3207 1907 qui
3240 1839 3447 1907 sponte
3477 1852 3752 1908 supremo

2280 1923 2629 1990 Adveniens,
2664 1924 2817 1979 ultro
2850 1923 3126 1980 mortales
3159 1924 3353 1980 induit
3377 1928 3563 1994 artus,

2278 2011 2422 2068 Cum
2456 2012 2639 2069 voluit
2665 2014 2901 2086 propria
2929 2013 2987 2068 in
3021 2013 3234 2087 coelum
3261 2014 3474 2071 virtute
3505 2015 3712 2072 redire.

2278 2102 2403 2166 Qua
2431 2102 2618 2175 patria
2648 2103 2848 2157 dexter
2876 2102 3090 2158 residet
3114 2102 3387 2159 sublimis
3409 2104 3482 2159 ab
3512 2121 3664 2172 arce,

2278 2192 2417 2248 Inde
2447 2192 2558 2247 sub
2584 2196 2841 2247 extremo
2874 2195 3155 2248 venturus
3185 2196 3446 2266 tempore
3471 2194 3698 2263 mundi,

2275 2280 2570 2355 Angelicis
2594 2280 2806 2337 turmis
2829 2286 3004 2353 atque
3036 2280 3190 2355 ignis
3220 2282 3452 2339 turbine
3474 2287 3712 2357 septus;

2277 2369 2641 2443 Supplicium
2670 2371 2863 2443 pravis
2894 2388 3001 2426 sua
3032 2372 3273 2443 praemia
3301 2373 3543 2428 reddere
3566 2372 3771 2444 justis.

2348 2461 2448 2516 His
2480 2460 2702 2516 adnexa
2734 2460 2923 2514 nitent
2950 2459 3278 2517 clarissima
3310 2462 3456 2517 festa
3487 2463 3726 2535 superni

2276 2548 2535 2605 Muneris
2566 2567 2599 2605 a
2630 2549 2857 2605 Christo
2891 2548 3167 2622 promissi
3198 2550 3270 2605 ab
3294 2549 3506 2607 aethere
3537 2552 3724 2621 missi,

2274 2641 2418 2695 Cum
2453 2656 2616 2695 sacer
2645 2656 2674 2695 e
2702 2638 2845 2695 coalo
2874 2637 3110 2694 violenti
3145 2639 3397 2696 turbinis
3430 2640 3616 2697 instar

2272 2729 2525 2801 Spiritus
2555 2727 3157 2794 exsiliens,credentia
3185 2730 3363 2785 corda
3392 2730 3614 2802 petivit,

2273 2816 2705 2890 Discipulisque
2732 2817 2831 2872 Dei
2860 2835 3041 2889 supra
3069 2822 3244 2891 caput
3274 2817 3483 2892 igneus
3503 2823 3725 2890 astans,

2273 2906 2580 2962 Multiﬁdis
2610 2907 2770 2962 visus
2801 2908 3046 2980 ﬂagrare
3079 2907 3137 2962 in
3168 2908 3381 2964 vertice
3414 2908 3655 2981 linguis,

2271 2996 2549 3051 Accendit
2578 2995 3099 3067 tepidos,inﬂrmos
3131 2996 3338 3053 robore
3366 2996 3551 3065 fulsit,

2273 3085 2512 3159 Ignaros
2541 3086 2756 3153 docuit,
2793 3084 3130 3159 linguarum
3160 3103 3405 3142 munera
3437 3087 3605 3143 fudit.

2346 3176 2470 3230 Hac
2500 3191 2678 3248 super
2710 3176 3010 3231 adduntur
3037 3176 3272 3231 Patrum
3305 3176 3401 3249 pia
3431 3177 3587 3234 dicta
3618 3196 3925 3238 sacrorum

2191 3249 2231 3314 C
2271 3265 2641 3333 Sanctorum,
2675 3282 2707 3321 o
2737 3263 2939 3333 lector,
2969 3264 3143 3321 claris
3173 3268 3551 3323 accommoda
3588 3268 3775 3338 festis,

2268 3354 2340 3409 Ut
2370 3353 2547 3426 capiti
2579 3370 2809 3427 semper
2840 3353 3099 3410 haereant
3123 3372 3233 3410 sua
3262 3357 3527 3412 membra
3555 3374 3832 3430 superno.

2262 3445 2343 3498 Ac
2372 3443 2630 3515 primum
2660 3442 2907 3498 eximius
2940 3444 3157 3499 residet
3180 3445 3444 3518 Baptista
3471 3445 3749 3517 Joannes,

2264 3533 2346 3587 Ex
2376 3533 2537 3589 senio
2571 3533 2741 3588 fessis
2771 3532 2919 3588 mire
2949 3534 3315 3605 genitoribus
3346 3539 3532 3606 ortus,

2263 3621 2718 3693 Vaticinansque
2750 3622 2915 3693 prius
2944 3627 3291 3696 conceptum
3323 3623 3560 3697 Virgine
3592 3624 3918 3698 Christum,

2260 3709 2597 3766 Visceribus
2630 3711 2835 3767 matris
2866 3728 3043 3782 quam
3076 3711 3202 3767 vitae
3230 3712 3409 3768 exiret
3436 3712 3497 3768 in
3529 3731 3725 3785 auras,

2261 3802 2383 3867 Quo
2416 3798 2614 3855 nullus
2646 3800 2833 3871 major
2863 3800 3129 3857 mulieris
3159 3806 3331 3857 natus
3363 3802 3633 3875 habetur,

2258 3889 2483 3961 Quique
2514 3889 2613 3945 Dei
2646 3891 2866 3945 mundo
2897 3891 3245 3946 monstravit
3275 3891 3517 3949 sedulus
3546 3910 3788 3966 agnum,

2257 3979 2327 4033 Et
2356 3996 2598 4051 pravum
2624 3984 2778 4035 recto
2811 3983 3183 4036 commutans
3216 3980 3402 4037 limite
3429 3980 3660 4050 callem,

2257 4068 2526 4124 Ostendit
2556 4069 2783 4125 cunctis
2816 4086 2930 4141 quo
2964 4069 3200 4125 tramite
3232 4070 3387 4127 celsa
3410 4071 3680 4144 polorum

2256 4157 2454 4231 Regna
2485 4162 2684 4230 petant
2713 4158 2925 4213 veteris
2958 4159 3205 4215 maculis
3238 4160 3452 4217 erroris
3484 4162 3797 4236 ademptis.

2255 4246 2394 4301 Inde
2423 4246 2572 4301 Petri
2605 4252 2662 4302 et
2692 4246 2855 4302 Pauli
2887 4248 3101 4303 festum
3132 4249 3448 4320 praenobile
3479 4250 3682 4324 fulget,

2253 4336 2408 4402 Quos
2441 4336 2635 4391 Romae
2669 4336 2911 4392 infausti
2943 4336 3134 4393 rabies
3162 4355 3378 4395 vesana
3408 4339 3657 4397 Neronis

2251 4423 2519 4480 Ecclesiae
2552 4424 2741 4481 claros
2772 4426 2905 4481 ﬁdei
2938 4426 3149 4499 pietate
3173 4429 3510 4500 magistros.

2250 4512 2525 4569 Doctrina
2556 4515 2837 4588 insignes,
2868 4514 3168 4588 signorum
3204 4517 3332 4573 luce
3363 4535 3661 4588 coruscos,

2170 4620 2218 4686 D
2248 4602 2476 4660 Virtute
2509 4604 2756 4661 invictos
2777 4605 3009 4661 diversa
3040 4611 3195 4662 sorte
3224 4608 3489 4679 peremit.

2250 4693 2395 4748 Nam
2428 4710 2568 4749 crux
2598 4695 2670 4749 ad
2702 4693 2912 4750 ccelum
2940 4694 3089 4752 versi
3119 4696 3365 4769 vestigia
3395 4697 3545 4753 Petri

2250 4781 2487 4849 Direxit,
2521 4782 2866 4855 Christoque
2898 4801 3005 4840 suo
3030 4785 3316 4841 revocavit
3343 4790 3633 4843 ovantem.

2249 4871 2322 4926 At
2351 4870 2539 4927 cervix
2569 4871 2733 4927 Pauli
2762 4872 2957 4945 gladio
2988 4874 3221 4930 desecta
3251 4875 3503 4932 nefando

2248 4958 2554 5016 Doctorem
2588 4961 2839 5017 nitidum
2867 4960 3100 5017 vestivit
3126 4964 3436 5038 sanguinis
3465 4969 3643 5035 ostro,

2245 5052 2733 5122 Purpureumque
2767 5049 2897 5121 polo
2930 5056 3061 5123 post
3091 5052 3289 5125 praelia
3318 5052 3478 5109 mille
3511 5054 3759 5111 remisit.

2316 5138 2647 5195 Machabzea
2678 5140 2885 5195 dehinc
2919 5141 3238 5197 certamina
3266 5141 3544 5199 laudibus
3572 5143 3746 5201 almis

2242 5227 2619 5300 Prosequitur
2648 5228 2858 5302 stylus,
2893 5235 2950 5284 et
2988 5230 3233 5302 pulchro
3283 5248 3554 5289 sermone
3600 5240 3893 5306 perornat,

2241 5315 2347 5383 Qui
2379 5322 2604 5390 septem
2638 5318 2846 5375 fratres
2879 5337 2996 5375 una
3026 5319 3309 5391 genitrice
3339 5323 3519 5378 creati

2237 5406 2505 5462 Antiochi
2537 5424 2717 5463 saevas
2747 5409 3012 5464 vicerunt
3043 5410 3269 5466 fortiter
3300 5413 3437 5479 iras,

2237 5497 2315 5551 Ac
2348 5501 2478 5568 post
2509 5497 2890 5553 multimodos
2923 5516 3105 5571 pugnae
3131 5500 3475 5557 bacchantis
3508 5518 3746 5572 agones,

2238 5584 2511 5643 Coelestes
2543 5605 2678 5643 cum
2712 5593 2897 5644 matre
2924 5589 3024 5663 pia
3054 5605 3321 5647 meruere
3349 5608 3616 5663 coronas,

2240 5675 2421 5733 Matre
2452 5677 2609 5749 piam
2643 5694 2767 5749 quae
2800 5682 2939 5734 tunc
2971 5682 3209 5751 septeno
3241 5680 3485 5754 pignore
3525 5682 3742 5747 foetam,
