4100 6480
149 361 258 424 277
1536 355 1888 424 CABMINA
1928 357 2194 421 VARIA.

145 501 517 572 Septenoque
549 492 730 554 simul
762 499 1035 554 natorum
1067 495 1269 554 funere
1299 497 1470 564 torta,

146 588 520 663 Supplicium
552 587 735 662 prolis
765 589 927 644 obitu
959 589 1238 644 comitata
1257 588 1450 652 beato,

144 677 590 733 Hebdomadem
623 676 877 748 priscam
903 677 1188 748 Ogdoadas
1211 675 1372 730 dedit
1399 690 1526 730 esse
1549 671 1806 739 novellae,

144 766 499 839 Perticipem
533 782 851 839 regemque
881 767 1068 820 ferum
1099 766 1310 838 pietate
1342 763 1592 835 subegit.

144 856 299 911 Nunc
319 854 615 927 praeclara
632 871 738 911 suo
757 854 1116 927 amplectens
1136 854 1465 910 diademate
1485 851 1807 916 Christum,

146 945 419 1018 Septenis
456 943 664 1000 rutilat
693 948 966 1000 natorum
1000 943 1189 999 cincta
1218 943 1468 999 coronis.

210 1034 355 1089 Exin
392 1034 758 1106 martyribus
789 1049 1130 1088 communes
1161 1032 1353 1087 dulcis
1381 1031 1634 1087 honores

144 1122 365 1196 Pagina
399 1121 718 1194 depromit,
753 1121 968 1178 Christi
997 1139 1145 1194 quos
1173 1120 1293 1177 lota
1322 1137 1526 1176 cruore

143 1212 502 1286 Palmigeris
533 1211 722 1267 claros
752 1211 1029 1267 manibus
1065 1211 1213 1266 stola
1244 1210 1493 1265 candida
1524 1208 1719 1264 comit.

206 1304 311 1360 His
345 1303 756 1359 confessorum
790 1301 1222 1374 pulcherrimus
1247 1301 1388 1355 ordo
1421 1300 1671 1356 cohaeret

141 1395 295 1460 Quos
329 1393 550 1448 ardens
584 1391 718 1447 ﬁdei
755 1390 1012 1463 provexit
1043 1391 1113 1446 ad
1147 1389 1363 1445 aethera
1391 1388 1594 1443 virtus.

205 1488 343 1539 Mox
375 1489 435 1538 et
467 1482 740 1554 virginea
772 1483 1047 1535 resonant
1067 1497 1134 1535 ex
1163 1480 1366 1534 ordine
1395 1478 1601 1534 laudes

142 1574 563 1643 Prudenteque
594 1570 755 1626 chori
787 1569 1072 1625 virtutum
1107 1569 1377 1640 lampade
1408 1567 1570 1633 clari,

141 1665 257 1720 Nec
288 1663 501 1718 minus
528 1661 762 1716 interno
793 1658 1116 1731 locupletes
1149 1675 1380 1729 semper
1409 1656 1579 1724 olivo,

144 1753 423 1809 Sidereos
450 1751 676 1805 intrant
703 1748 1019 1819 thalamos,
1047 1746 1392 1818 Christoque
1414 1747 1704 1818 jugantur
1736 1760 1748 1799 :

144 1843 332 1914 Cujus
367 1857 469 1896 eos
495 1840 721 1905 dextra,
755 1843 968 1893 zeterno
1002 1836 1352 1908 constringit
1382 1850 1597 1890 amore.

144 1931 293 1988 Hinc
314 1929 498 1986 etiam
525 1927 676 1984 sacri
711 1927 984 2000 quotiens
1013 1926 1358 1980 fundamina
1386 1923 1586 1996 templi

143 2021 554 2092 Consurgunt,
589 2017 861 2088 aedesque
890 2016 1006 2071 Deo
1037 2032 1185 2070 nova
1215 2013 1486 2069 conditur
1516 2012 1651 2080 alto,

143 2107 473 2183 Tinguitur
501 2112 558 2162 et
587 2111 747 2162 tactu
779 2105 958 2160 divini
991 2103 1329 2159 chrismatis
1361 2102 1529 2173 altar,

143 2201 282 2264 Quze
317 2197 633 2270 relegenda
663 2195 796 2268 pius
825 2212 927 2267 pro
959 2197 1220 2266 tempore
1245 2192 1502 2265 postulat
1532 2208 1676 2248 usus

144 2289 228 2344 Ex
260 2293 528 2343 veterum
563 2285 740 2340 dictis
769 2287 968 2339 vatum
1000 2281 1241 2338 collecta
1271 2285 1622 2354 sequuntur.

219 2380 381 2434 Tum
413 2392 581 2431 sacer
610 2375 885 2429 Andraeas
913 2371 1046 2426 miri
1079 2388 1212 2427 cum
1242 2371 1414 2426 laude
1443 2369 1726 2442 triumphi

146 2465 502 2524 Concinitur
530 2463 877 2535 Christoque
895 2478 1001 2517 suo
1026 2462 1152 2533 jam
1187 2459 1488 2533 proximus
1517 2460 1696 2516 haeret

148 2559 372 2630 Optata
403 2553 496 2610 cui
530 2556 717 2608 morte
747 2550 957 2617 crucis,
991 2550 1084 2606 cui
1117 2556 1311 2606 mente
1343 2549 1498 2605 ﬁdeli

149 2649 444 2712 Haeserat,
477 2649 532 2700 et
563 2647 685 2699 toto
717 2642 909 2698 cordis
942 2641 1284 2714 ﬂagraverat
1315 2644 1480 2707 aestu,

149 2738 282 2794 Non
321 2734 494 2790 illum
530 2733 738 2799 fustes,
771 2748 888 2786 non
911 2731 1023 2786 diri
1055 2731 1305 2786 carceris
1336 2729 1560 2796 horror,

152 2827 286 2882 Non
324 2829 566 2879 centum
594 2821 815 2893 fregere
848 2821 1040 2888 minas,
1076 2837 1190 2876 non
1223 2819 1455 2874 vincula
1481 2818 1640 2874 laeva.

154 2916 342 2973 Binos
369 2911 469 2967 ille
497 2911 622 2967 dies
645 2910 794 2966 sacri
826 2911 898 2965 de
926 2909 1138 2964 vertice
1169 2908 1286 2981 igni

154 3001 458 3070 Intonuit,
487 3000 662 3056 verbo
695 2999 930 3055 aetherio
959 2997 1230 3054 mortalia
1258 2998 1433 3053 corda

157 3091 546 3156 Terriﬁcans,
577 3089 956 3160 lustransque
987 3086 1164 3142 simul
1189 3105 1304 3143 non
1329 3087 1451 3160 ipse
1481 3091 1787 3160 tyrannus,

158 3186 292 3242 Non
326 3182 490 3238 hunc
521 3178 862 3234 carniﬁcum
913 3178 1034 3234 fera
1081 3177 1319 3234 brachia
1357 3178 1649 3250 turbaque
1680 3194 1825 3250 prae-

3453 350 3572 418 278

1839 492 1893 560 Α
1921 493 2175 550 Cmtibus
2206 490 2488 568 angelicis
2520 491 2619 550 ubi
2650 490 2822 550 smcla
2852 507 2955 568 per
2983 491 3180 550 omnia
3196 492 3464 566 junctus,

1919 581 2202 654 Perpetuo
2232 582 2381 638 latis
2414 583 2688 639 decantes
2716 583 2985 639 faucibus
3014 583 3284 656 hymnos,

1918 670 2316 744 Invictamque
2338 673 2532 728 terens
2562 672 2772 728 Christi
2809 673 2879 728 de
2911 689 3152 728 munere
3182 673 3462 746 palmam,

1918 764 2156 816 Eterna
2186 761 2390 817 rutiles
2421 763 2546 834 ipso
2578 761 2872 818 tribuente
2905 779 3138 818 corona.

2034 984 2107 1024 AD
2149 986 2453 1024 MODOINUM
2490 987 3064 1026 AUGUSTODUNENSEM
3103 987 3449 1027 EPISCOPUM.

1920 1076 2108 1145 Salve,
2138 1081 2337 1132 sancte
2370 1093 2600 1148 parens,
2631 1075 2846 1133 Christi
2874 1078 3201 1133 venerande
3230 1077 3524 1144 sacerdos,

1991 1165 2066 1237 (η)
2097 1165 2347 1238 Augusti
2379 1165 2616 1233 montis,
2649 1169 2848 1238 pastor
2874 1166 2932 1220 in
2964 1183 3092 1222 arce
3123 1170 3351 1238 potens.

1921 1257 2102 1322 Quem
2135 1270 2300 1310 sacer
2324 1253 2580 1310 illustrat
2611 1255 2835 1310 meritis
2867 1254 3312 1327 splendentibus
3343 1257 3484 1312 ordo

1993 1344 2278 1400 Doctrina:
2310 1347 2366 1399 et
2396 1343 2659 1399 studium
2691 1343 2842 1400 tollit
2871 1345 2943 1400 ad
2975 1344 3094 1400 alta
3122 1345 3213 1417 pie

1922 1434 2044 1497 Quo
2074 1433 2306 1506 generis
2334 1432 2474 1488 clari
2506 1432 2706 1488 lumen
2736 1437 3082 1506 torrensque
3113 1434 3390 1507 loquendi

1992 1522 2277 1590 Vincitur,
2311 1526 2369 1576 et
2398 1539 2610 1596 magno
2642 1523 2835 1578 sidera
2865 1521 2988 1579 sole
3017 1522 3219 1578 latent.

1923 1611 2131 1683 Accepi
2165 1610 2392 1670 niveam
2424 1616 2612 1666 vestro
2644 1611 2715 1666 de
2746 1629 2986 1667 munere
3015 1617 3233 1668 vestem

1995 1701 2416 1773 Tergendoque
2448 1699 2531 1756 ori
2555 1700 2733 1756 lintea
2763 1700 2920 1756 clara
2951 1703 3117 1759 satis.

1923 1792 2001 1845 Ac
2027 1789 2245 1863 pariter
2269 1789 2544 1846 manibus
2574 1791 2884 1862 praedulcis
2913 1792 3162 1864 epistola
3187 1793 3406 1849 nostris

1843 1871 1890 1934 B
1992 1879 2231 1936 Tradita
2261 1897 2388 1935 rore
2419 1897 2526 1936 suo
2557 1886 2792 1953 pectora
2812 1886 3014 1938 nostra
3045 1882 3215 1956 rigat.

1925 1973 2190 2037 Quantus
2223 1968 2302 2024 ibi
2338 1969 2542 2041 ﬂagret
2572 1970 2781 2026 sinceri
2817 1971 3005 2027 fervor
3035 1971 3275 2027 amoris.

1995 2061 2066 2116 Et
2095 2059 2190 2132 pia
2221 2075 2388 2115 mens
2419 2064 2641 2131 quanta
2669 2059 2797 2116 luce
2820 2077 3063 2117 corusca
3093 2062 3288 2118 micet.

1925 2151 2060 2216 Quae
2091 2148 2250 2217 tuba,
2287 2165 2483 2220 quaeve
2512 2147 2637 2220 lyra
2666 2150 2806 2205 ﬂatu
2843 2150 3175 2222 ﬁdibusque
3196 2168 3410 2207 canora

1997 2237 2264 2310 Explicit,
2297 2242 2351 2293 et
2380 2236 2558 2310 digna
2586 2236 2758 2294 laude
2788 2239 2938 2296 ciere
2967 2241 3179 2311 queat?

1927 2329 2052 2384 Non
2085 2327 2229 2382 mihi
2260 2333 2382 2383 tam
2415 2328 2640 2384 fervens
2670 2332 2898 2401 vegetat
2929 2329 3248 2402 praecordia
3277 2329 3541 2403 sanguis.

1999 2417 2115 2473 Nec
2145 2421 2264 2472 tam
2297 2416 2460 2489 larga
2489 2435 2618 2474 meo
2651 2417 2898 2474 ﬂumina
2927 2419 2998 2474 ab
3030 2437 3127 2475 ore
3159 2421 3368 2487 ﬂuunt,

1931 2507 2002 2562 Ut
2030 2507 2158 2575 tibi,
2195 2511 2390 2564 sancte
2421 2523 2652 2579 parens,
2686 2507 2778 2580 pie
2807 2513 2987 2574 vates,
3021 2508 3175 2564 clare
3205 2509 3497 2576 sacerdos,

2001 2597 2300 2670 Condigne
2331 2597 2552 2653 valeam
2587 2596 2806 2653 solvere
2840 2596 3032 2653 laudis
3057 2616 3224 2671 opus.

1929 2686 2029 2743 Ille
2060 2687 2192 2759 pius
2222 2686 2468 2759 cmlique
2500 2704 2709 2760 parens
2744 2692 3023 2761 terraeque
3056 2692 3316 2760 repertor

2001 2775 2263 2849 Agminis
2295 2776 2539 2848 angelici
2571 2793 2690 2846 rex,
2723 2777 3152 2850 hominumque
3183 2782 3362 2843 sator,

1931 2866 2114 2937 Cujus
2145 2865 2303 2921 clara
2329 2865 2425 2937 pio
2457 2865 2718 2937 sequeris
2748 2867 2992 2940 vestigia
3023 2867 3215 2938 corde,

2004 2955 2155 3010 Dum
2187 2954 2378 3010 celsus
2409 2955 2694 3011 humilem
2727 2956 2991 3030 respicis,
3025 2960 3200 3028 atque
3231 2956 3406 3012 foves.

1936 3043 2036 3100 Ille
2066 3045 2206 3112 tuis,
2240 3044 2505 3116 inquam,
2540 3045 2764 3100 meritis
2792 3045 3084 3119 condigna
3113 3047 3326 3101 referre

2004 3133 2297 3200 Praevalet,
2331 3151 2396 3190 ac
2427 3135 2653 3207 frugem
2684 3134 3075 3207 centuplicare
3103 3139 3265 3190 tuam
3295 3150 3309 3188 :

1599 3222 1795 3333 Eget];
1859 3247 1900 3312 ρ
1941 3223 2012 3278 Ut
2038 3223 2193 3294 quod
2227 3240 2383 3278 nunc
2414 3222 2574 3296 largo
2606 3223 2896 3296 dispergis
2926 3225 3149 3282 semine
3180 3223 3372 3293 terris,

2015 3313 2037 3333 '
2066 3311 2258 3333 -—-!—-—
2285 3311 2455 3333 ηιξ-ε-
2493 3315 2632 3333 L__,__
2666 3312 2891 3333 ___:__A
2919 3316 3102 3333 ___‘A_

159 3359 458 3433 Amplexu
490 3355 652 3412 chari
685 3355 874 3428 potuit
903 3354 1174 3411 divellere
1205 3354 1370 3428 ligni,

161 3451 364 3507 Donec
390 3444 748 3520 splendiﬂua
778 3443 1175 3501 circumdatus
1206 3443 1467 3516 undique
1497 3443 1673 3501 nube.

164 3537 330 3596 Nulli
363 3536 726 3608 conspicuus
760 3533 1025 3590 mortalis
1057 3534 1216 3589 exuit
1245 3539 1429 3600 artus,

167 3627 464 3701 Fulgidus
497 3625 572 3680 ad
603 3623 903 3679 Christum
936 3623 1180 3697 fulgenti
1215 3624 1448 3680 tramite
1478 3640 1746 3697 pergens.

238 3717 548 3774 Adventus
580 3712 799 3769 Christi
831 3713 1121 3784 praeconia
1151 3713 1266 3768 ﬁne
1298 3713 1408 3768 sub
1442 3713 1570 3786 ipso

167 3803 448 3863 Terribili
479 3818 749 3858 sermone
781 3805 946 3856 tonat
977 3817 1092 3873 quo
1122 3801 1385 3857 concitus
1416 3803 1554 3858 anni

170 3894 447 3954 Circulus
479 3890 732 3946 almiﬂco
766 3889 978 3945 Christi
1009 3891 1298 3946 deductus
1328 3891 1400 3945 ab
1427 3897 1579 3947 ortu.

169 3984 518 4044 Almificum
547 3979 760 4036 Christi
792 3984 1102 4036 concurrat
1131 3997 1363 4053 semper
1391 3979 1450 4035 in
1481 3985 1696 4038 ortum.

171 4075 402 4146 Nempe
424 4071 520 4126 hic
541 4068 1276 4142 principium,cunctorum
1297 4069 1392 4124 hic
1416 4070 1550 4125 finis
1571 4070 1837 4126 habetur.

173 4167 222 4221 Α
254 4163 422 4237 prior
451 4158 700 4230 cunctis,
733 4163 772 4206 Ω
803 4159 1029 4214 cunctis
1061 4158 1307 4216 ultimus
1336 4164 1544 4214 exstat.

253 4254 388 4309 Haec
420 4250 602 4323 igitur
630 4249 960 4304 veneranda
989 4248 1225 4305 Patrum
1276 4249 1453 4316 dicta,
1505 4249 1723 4323 optime
1761 4249 1842 4305 le-

1605 4340 1772 4410 [ctor,

179 4431 424 4502 Perlege
455 4427 741 4484 sollicitus
772 4427 1012 4484 memori
1045 4427 1154 4483 sub
1187 4429 1357 4484 corde
1388 4429 1656 4500 reconde,

178 4521 431 4578 Actibus
464 4535 685 4585 exerce,
721 4518 836 4574 fido
869 4534 1139 4573 sermone
1169 4519 1418 4590 profare,

181 4613 310 4667 Non
343 4609 443 4664 hic
476 4608 776 4663 mortifero
808 4611 1038 4662 metuas
1068 4604 1174 4662 lita
1200 4607 1315 4662 tela
1348 4623 1587 4679 veneno,

183 4701 301 4756 Nec
333 4695 562 4752 levibus
590 4695 812 4769 linguis
844 4695 1043 4769 paleas
1073 4713 1188 4752 non
1220 4695 1436 4767 pabula
1465 4696 1650 4763 fusas,

183 4789 375 4844 Totus
407 4783 692 4840 catholico
725 4783 1056 4857 resplendet
1086 4785 1226 4840 ﬂore
1248 4783 1502 4842 libellus.

185 4879 375 4934 Totus
409 4875 585 4930 habet
617 4874 882 4947 gravium
916 4873 1244 4930 certissima
1272 4873 1428 4930 dicta
1456 4875 1736 4942 virorum,

185 4967 293 5022 Hic
326 4964 435 5020 tibi
472 4968 630 5019 recta
661 4963 806 5019 ﬁdes
837 4962 992 5019 claro
1024 4980 1293 5019 sermone
1325 4964 1566 5035 patebit.

189 5057 295 5113 Hic
329 5071 468 5127 spes
501 5057 659 5108 certa
687 5056 849 5108 tuam
883 5052 1152 5109 sustollet
1179 5053 1250 5108 ad
1283 5053 1500 5109 aethera
1531 5057 1783 5110 mentem

190 5147 261 5202 Et
293 5143 529 5200 sincera
554 5141 720 5214 pium
752 5145 939 5214 terget
968 5141 1199 5198 dilectio
1233 5146 1453 5214 pectus.

191 5238 319 5302 Quo
353 5233 604 5289 ducente
637 5232 770 5300 fide,
804 5230 1065 5304 locuples
1096 5249 1217 5304 spe,
1253 5249 1436 5305 purus
1467 5249 1663 5289 amore

192 5322 575 5382 Conscendas
609 5321 813 5394 rapido
844 5319 1103 5376 ccelestia
1133 5337 1315 5394 regna
1338 5321 1554 5390 volatu,

2015 3311 2260 3384 Largius
2285 3311 2464 3368 Elisia
2493 3315 2636 3367 tunc
2666 3312 2897 3384 regione
2918 3316 3127 3368 metas.

1945 3404 2171 3457 Interea
2199 3401 2276 3457 sit
2304 3400 2422 3456 vita
2450 3401 2577 3468 tibi,
2614 3400 2731 3456 sint
2763 3400 2925 3474 larga
2955 3401 3165 3458 salutis

2017 3488 2262 3558 Gaudia,
2295 3488 2470 3561 longa
2498 3489 2644 3557 dies,
2678 3489 2835 3546 altus
2867 3489 3104 3546 honoris
3135 3507 3300 3564 apex.

1947 3578 2163 3635 Divina:
2195 3577 2272 3633 sit
2301 3577 2448 3650 legis
2478 3595 2662 3645 amor,
2688 3579 2832 3635 tuba
2855 3579 3014 3635 clara
3043 3581 3309 3650 docendi,

2017 3667 2246 3741 Egregii
2279 3684 2490 3732 mores,
2525 3685 2625 3723 cor
2655 3669 2942 3741 probitate
2974 3669 3188 3727 nitens.

1948 3759 2099 3814 Grex
2126 3757 2233 3813 tibi
2265 3756 2621 3813 commissus
2650 3757 2856 3830 vigeat,
2891 3760 3154 3832 torvique
3183 3761 3370 3818 leonis

2020 3848 2182 3902 Sazva
2213 3847 2323 3901 fide
2357 3845 2520 3901 fortis
2549 3851 2789 3918 guttura
2817 3847 2972 3904 calce
3004 3853 3170 3906 terat.

1950 3937 2023 3993 Ut
2052 3953 2186 3992 cum
2216 3935 2435 3990 cmlesti
2469 3935 2721 3991 vallatus
2753 3936 2938 3993 milite
2969 3956 3245 3996 summus

2021 4029 2228 4081 Pastor
2257 4025 2328 4080 ab
2358 4024 2567 4080 excelsi
2599 4024 2828 4081 fulserit
2857 4044 2961 4082 axe
2992 4028 3129 4099 poli,

1951 4117 2101 4172 Tum
2134 4115 2279 4170 bene
2309 4113 2555 4170 servatis
2584 4115 2653 4170 ad
2683 4115 2945 4171 dextram
2968 4122 3024 4172 te
3054 4117 3203 4173 locet
3231 4119 3420 4192 agnis,

2024 4205 2360 4260 Restituens
2393 4205 2607 4258 studiis
2639 4205 2878 4274 praemia
2904 4207 3085 4278 digna
3112 4207 3250 4263 tuis.

1953 4296 2118 4350 Tunc
2146 4293 2304 4348 velut
2332 4291 2551 4348 electus
2584 4293 2734 4349 aries
2767 4294 2827 4348 in
2859 4296 3012 4350 nube
3042 4312 3285 4352 corusca

2023 4381 2266 4438 Velleris
2295 4381 2483 4436 aurati
2516 4386 2824 4437 stemmate
2854 4383 3048 4440 clarus
3077 4402 3194 4441 eas.

1955 4473 2138 4537 Quem
2171 4470 2344 4525 nivea:
2375 4471 2728 4527 comitentur
2747 4488 2881 4528 oves
2906 4473 3158 4548 agnique
3189 4475 3461 4547 nitentes,

2029 4559 2333 4633 Sumpturi
2366 4560 2494 4615 vitro
2528 4577 2746 4632 pascua
2778 4567 3088 4635 perpetuae.

2723 4678 2845 4734 VII.

2114 4783 2354 4824 TITULUS
2395 4785 2452 4823 IN
2491 4783 2693 4825 ABSIDE
2733 4786 3011 4827 MEMORle
3048 4789 3247 4829 SANCTI
3283 4789 3455 4832 JUSTI.

1963 4874 2173 4932 Christi
2209 4879 2413 4930 sancta
2442 4875 2674 4943 domus,
2713 4876 3059 4950 praepollens
3090 4879 3226 4935 aula
3256 4880 3487 4953 piorum

1965 4965 2204 5037 Hospita
2235 4969 2592 5034 sanctorum,
2625 4965 2909 5022 virtutum
2942 4968 3146 5026 sedula
3178 4975 3382 5039 mater,

1966 5055 2095 5110 Haec
2126 5058 2216 5111 est
2245 5072 2422 5126 quam
2454 5055 2643 5111 cernis
2674 5073 2924 5129 semper,
2958 5057 3056 5113 ubi
3090 5058 3196 5114 rite
3225 5061 3504 5130 precanti,

1967 5143 2166 5201 Gratia
2194 5143 2357 5218 larga
2385 5148 2543 5216 patet
2563 5163 2667 5217 per
2696 5150 2782 5201 tot
2811 5147 3108 5202 cumulata
3136 5152 3433 5219 patronos.

1967 5235 2122 5298 Quos
2154 5234 2405 5306 propriis
2437 5234 2627 5291 titulis
2659 5235 2966 5308 distinguit
2995 5235 3182 5308 gloria
3211 5253 3470 5295 consors.

1969 5324 2227 5378 Convexo
2259 5324 2420 5379 varia
2450 5324 2692 5381 rutilant
2721 5343 2825 5380 ceu
2855 5324 3049 5380 sidera
3079 5326 3241 5382 caelo.

266 5440 348 5513 (α)
384 5439 446 5495 Id
479 5443 569 5494 est
600 5437 1026 5511 Augustoduni.
1060 5439 1208 5494 Nam
1241 5441 1464 5495 veteres
1495 5442 1754 5495 montem
1784 5440 1995 5496 dunum
2024 5440 2340 5513 appellant.

1458 5674 2372 5715 ᾝ--ςκοωθ--η
