4100 6460
131 401 235 467 281

998 401 1412 465 EXPOSI'I‘IO
1457 401 1536 462 IN
1581 399 1754 463 EPP.
1802 400 2060 462 PAULI.
2097 435 2169 444 —-
2201 401 2322 462 ΕΡ.
2371 401 2472 461 AD
2502 399 2710 462 'ROM.

3434 398 3551 461 282

132 539 391 599 deretur.
451 536 534 614 (S.
586 538 766 613 Aug.,
805 537 958 611 epist.
1012 535 1082 592 ad
1127 537 1365 606 Sixtum,
1413 539 1553 593 tom.
1587 535 1656 604 II,
1690 533 1796 592 col.
1828 540 1883 608 Α
1911 539 2170 592 tuerunt.
2207 535 2288 609 (S.
2331 536 2504 608 Aug.,
2561 534 2658 591 lib.
2699 533 2764 592 de
2815 533 3035 602 Trinit.,
3083 537 3224 591 tom.
3264 534 3411 604 VIII,
3441 532 3556 591 col.

129 634 271 688 8’77).

197 635 228 686 7
258 674 271 686 .

197 632 394 786 (gratia
423 729 586 785 nobis
617 736 669 784 et
693 744 810 800 pax
838 744 871 782 α
900 728 1006 784 Deo
1037 731 1202 783 Patre
1239 733 1290 782 et
1332 727 1563 782 Domi-no
1608 732 1794 780 nostra

128 822 246 878 Iesu
281 820 529 875 Christo.
552 815 752 874 Gratia
780 815 1164 888 Dei_qua...et
1194 815 1794 888 prophetzc.(S.Aug.,

133 912 223 966 lib.
259 928 274 965 1
308 908 810 971 Retractationum,
844 910 982 961 tom.
1022 905 1064 971 Ι,
1099 903 1207 960 col.
1240 905 1390 977 623.)

199 1019 469 1074 Primum
481 1014 721 1087 quidem.
733 1015 834 1068 ..in
849 1015 1098 1068 universo
1107 1011 1552 1067 mundaBeatus
1569 1010 1794 1066 enim...

132 1124 244 1162 non
291 1106 514 1162 Deum.
551 1104 632 1175 (S.
673 1104 847 1175 Aug.,
890 1102 987 1157 lib.
1021 1101 1085 1156 de
1131 1101 1350 1167 Ovibus,
1385 1106 1524 1155 tom.
1563 1103 1630 1166 V,
1665 1117 1722 1171 p.
1757 1116 1796 1166 1,

134 1193 238 1252 σοι
271 1193 430 1265 315)

204 1293 384 1348 Testis
415 1291 570 1346 enim
595 1290 742 1345 mihi
766 1295 843 1345 est
870 1291 1078 1345 Deus...
1099 1289 1244 1344 sicut
1270 1295 1322 1344 et
1349 1290 1410 1343 in
1440 1289 1649 1344 caeteris
1670 1274 1798 1358 gen-

136 1384 278 1438 tibus
313 1381 526 1437 Graecis
552 1394 616 1434 ac
641 1379 911 1434 barbaris.
945 1379 1064 1450 Ego
1095 1381 1292 1433 autem
1323 1377 1452 1432 dico
1483 1377 1800 1443 vobis,non

129 1472 408 1543 jurare...
443 1467 602 1524 malo
632 1472 724 1524 est
756 1467 936 1523 illius.
970 1468 1050 1534 (S.
1083 1468 1256 1540 Aug.,
1290 1467 1385 1522 lib.
1421 1483 1439 1520 1
1461 1465 1526 1521 de
1553 1481 1802 1521 sermone

136 1562 375 1618 Domini
403 1561 468 1614 in
494 1565 699 1624 monte,
733 1561 876 1612 tom.
910 1555 1008 1621 III,
1041 1573 1096 1628 p.
1131 1573 1171 1621 1,
1205 1553 1312 1611 col.
1351 1557 1491 1610 1255
1520 1559 1577 1610 et
1607 1555 1753 1626 seq).

207 1666 570 1740 Sapientibus
598 1673 651 1720 et
682 1664 1067 1736 insipientibus
1079 1662 1294 1718 debitor
1317 1664 1547 1728 sum,ita
1581 1663 1721 1734 quod
1745 1665 1804 1718 in

137 1775 224 1814 me
246 1764 575 1830 prompt-um
598 1761 675 1810 est
701 1761 752 1809 et
779 1755 950 1810 vobis.
983 1755 1080 1826 qui
1110 1755 1292 1809 Romw
1328 1755 1474 1822 estis,
1521 1754 1804 1824 evangeli-

139 1864 287 1903 πιανέ.
327 1847 422 1901 Tu
472 1842 766 1917 perfecisti
812 1841 994 1898 solem
1027 1847 1084 1898 et
1129 1841 1352 1898 lunam.
1388 1840 1582 1897 Solem
1633 1841 1805 1913 spiri-

1907 625 2085 697 1034p

1977 724 2039 779 In
2070 723 2288 779 talibus
2320 722 2477 778 enim
2507 721 2710 778 formis
2739 722 2916 778 etiam
2966 721 3123 778 idola
3151 719 3554 794 instituerunt,

1905 815 2040 880 etc.,
2072 829 2239 884 usque
2269 813 2337 866 ad
2367 812 2765 868 destruantur.
2798 811 2931 880 (Id.,
2960 812 3056 867 lib.
3086 811 3283 882 Serm,
3308 817 3452 869 tom.
3485 818 3556 883 V,

1906 919 1964 974 p.
1998 919 2036 968 1,
2073 901 2180 956 col.
2218 901 2358 956 1022
2388 904 2443 955 et
2470 905 2616 973 seq.)
2656 900 2763 970 Id.,
2797 917 2865 957 ex
2914 899 3082 973 bapt.,
3115 905 3258 958 tom.
3309 901 3399 970 IX,
3447 903 3554 959 col.

1907 992 2010 1045 454
2041 996 2098 1047 et
2128 991 2274 1063 seq.)
2478 1060 2479 1063 η

1978 1089 2253 1153 Quamvis
2302 1089 2460 1144 enim
2508 1088 2682 1144 homo
2735 1087 3103 1143 Christianus
3152 1087 3382 1157 litteris,
3424 1094 3558 1158 etc.,

1907 1195 2079 1252 usque
2124 1178 2193 1233 ad
2243 1177 2376 1234 fecit
2427 1176 2695 1251 intelligi.
2731 1178 2862 1248 (Id.,
2896 1177 2960 1233 de
2989 1177 3130 1233 Civit
3159 1179 3280 1245 Dei,
3310 1182 3454 1235 tom.
3487 1177 3557 1249 V,

1910 1265 2020 1321 col.
2050 1268 2198 1321 2311).

1910 1268 2020 1322 col.
2050 1268 2198 1340 2311).

1980 1365 2222 1420 Hermes
2253 1364 2757 1438 Egyptius,quem
2788 1363 3372 1438 Trimegistum,etc.,
3391 1382 3565 1439 usque

1911 1453 1980 1510 ad
2015 1454 2135 1508 fieri
2169 1453 2593 1510 daemoniorum
2628 1455 2758 1526 (Id.,
2793 1455 2890 1510 lib.
2920 1455 2984 1510 de
3033 1455 3271 1511 Civitate
3309 1458 3412 1511 Dei
3436 1473 3561 1524 v111,

1910 1547 2054 1599 tom.
2086 1543 2204 1611 VII,
2241 1543 2349 1599 col.
2386 1545 2490 1598 447
2522 1548 2577 1599 et
2610 1544 2758 1616 seq.)

1984 1641 2286 1697 Daemones
2319 1641 2519 1713 itaque
2551 1641 2651 1713 qui
2684 1641 2962 1697 coluntur
2990 1639 3050 1696 in
3081 1639 3319 1714 templis
3348 1658 3452 1714 per
3480 1660 3567 1698 ar-

1913 1735 2031 1785 tem
2064 1730 2281 1795 nescio,
2315 1735 2449 1798 etc.,
2482 1747 2654 1803 usque
2681 1731 2751 1786 ad
2781 1730 3163 1804 providentia.
3197 1731 3328 1801 (Id.,
3360 1730 3426 1787 de
3445 1733 3564 1788 Civ.

1915 1820 2031 1886 Dei,
2067 1824 2208 1875 tom.
2241 1820 2362 1887 VII,
2389 1819 2495 1875 col.
2525 1820 2675 1891 252).

139 1936 435 2003 tnales,...
487 1932 718 1989 debitor
767 1947 920 1987 sum.
972 1931 1055 2001 (S.
1104 1933 1274 2002 Aug.,
1326 1933 1383 1986 in
1432 1931 1801 2002 psal.1.xxm,
1839 1917 1882 1981 Β
1985 1917 2220 1989 δΡθθίθε
2253 1918 2653 1974 membrorum
2685 1922 2820 1983 θῖοη
2871 1929 3040 1991 usque
3083 1918 3154 1973 ad
3199 1917 3393 1975 Videre
3432 1936 3570 1975 00n-

141 2032 287 2082 tom.
325 2023 424 2090 IV,
461 2027 611 2096 part.
645 2039 684 2092 1,
719 2020 828 2076 col.
860 2021 1009 2092 941).

213 2133 339 2188 Non
389 2131 539 2186 enim
599 2129 918 2184 erubesco...
965 2126 1154 2184 Iudaeo
1201 2129 1443 2198 primum
1492 2135 1543 2182 et
1600 2126 1805 2183 Graeco.

142 2219 622 2293 Objiciebatur...
656 2222 778 2273 tam
809 2215 1011 2272 libera.
1047 2216 1126 2288 (S.
1153 2217 1324 2288 Aug.,
1350 2218 1406 2271 in
1435 2217 1578 2288 psal.
1615 2230 1805 2285 vam,

140 2316 292 2368 tom.
335 2309 430 2376 ιν,
466 2325 521 2381 p.
554 2325 593 2374 1,
628 2307 736 2364 col.
769 2307 874 2362 856
901 2308 959 2361 et
989 2307 1135 2378 seq,)

217 2418 463 2473 Justitia
490 2417 640 2471 enim
668 2416 766 2470 Dei
794 2417 852 2470 in
891 2430 951 2470 eo
985 2414 1256 2470 revelatur
1285 2431 1353 2469 ea:
1393 2413 1497 2485 ﬁde
1541 2416 1599 2468 in
1626 2414 1809 2484 ﬁdem.

145 2506 515 2579 Intelligitur
545 2504 782 2577 quidem
815 2504 960 2559 fides
1000 2520 1119 2575 qua
1166 2504 1486 2559 creduntur
1517 2522 1583 2558 ea
1616 2522 1810 2575 quae.,.

144 2594 660 2671 praestantissimae
692 2592 972 2648 veritatis.
1008 2592 1088 2663 (S.
1121 2595 1291 2665 Aug.,
1327 2593 1422 2648 lib.
1450 2594 1816 2664 quaestionum

145 2686 473 2754 Evangelii,
508 2701 565 2755 q.
597 2686 650 2750 2,
685 2687 826 2738 tom.
862 2682 959 2751 III,
994 2699 1049 2754 p.
1084 2699 1121 2750 1,
1156 2682 1265 2737 col.
1303 2683 1441 2736 1352
1471 2686 1528 2737 et
1559 2682 1706 2753 seq.)

222 2794 466 2851 Idem...
499 2790 918 2862 consequentia
949 2791 1174 2846 docent.
1199 2792 1284 2858 (S.
1317 2792 1488 2862 Aug.,
1513 2790 1684 2845 lib.de
1699 2790 1819 2862 Spi-

148 2887 268 2941 ritu
298 2891 352 2939 et
382 2884 588 2948 littera,
623 2884 767 2935 tom.
800 2877 865 2946 X,
901 2897 956 2951 p.
991 2897 1030 2946 1,
1065 2877 1173 2934 col.
1206 2880 1306 2933 211
1341 2883 1397 2933 et
1429 2880 1572 2951 seq).

217 2991 323 3047 Ait
353 2987 642 3044 Dominus
667 2987 974 3057 Jesus.Ego
1003 3003 1127 3041 sum
1159 2987 1267 3051 via,
1305 2988 1502 3041 veritas
1531 2995 1582 3042 et
1612 2988 1815 3055 vita...,

149 3079 479 3152 iniquitate
510 3076 794 3132 detinent.
830 3076 910 3147 (S.
943 3077 1116 3147 Aug,
1150 3083 1303 3131 tract.
1337 3076 1401 3130 de
1452 3076 1633 3132 Verbis
1663 3092 1818 3148 apos-

151 3171 248 3226 tin
279 3170 376 3234 55,
404 3172 548 3222 tom.
579 3163 649 3231 V,
684 3168 835 3236 part.
872 3182 910 3232 1,
945 3163 1052 3219 col.
1085 3165 1234 3235 776).

223 3274 375 3340 Quis
424 3272 586 3328 novit
636 3274 982 3344 potestatem
1035 3271 1129 3325 irae
1178 3275 1312 3338 tuae,
1345 3275 1477 3339 etc.,
1531 3287 1701 3343 usque
1752 3271 1822 3327 ad

152 3365 512 3437 impiorum.
548 3361 678 3432 (Id.,
713 3362 774 3415 in
799 3360 944 3432 psal.
977 3377 1198 3428 LXXXIX,
1233 3365 1375 3415 tom.
1412 3359 1502 3427 IV,
1542 3377 1592 3432 p.
1630 3361 1817 3428 11,001.

158 3455 352 3520 1145).

230 3549 526 3622 Nunquid
558 3547 722 3615 dixit,
757 3551 888 3616 etc.,
929 3563 1100 3619 usque
1146 3546 1215 3602 ad
1263 3546 1428 3602 stulti
1476 3547 1610 3603 facti
1664 3551 1822 3604 sunt.

164 3642 301 3712 (Id.,
334 3656 503 3695 ,εει-ιη.
537 3638 626 3705 56,
658 3636 723 3692 de
773 3636 950 3693 verbis
998 3638 1228 3707 Evang.,
1276 3640 1418 3691 tom.
1470 3637 1536 3704 V,
1590 3640 1740 3708 part.
1785 3654 1822 3706 1,

161 3729 275 3786 col.
304 3729 419 3783 776
449 3731 508 3783 et
541 3727 687 3799 seq.)

234 3827 408 3883 Unde
442 3825 680 3898 probas,
712 3828 845 3889 etc.,
895 3839 1065 3896 usque
1113 3825 1183 3879 ad
1229 3823 1451 3879 fortiter
1499 3824 1820 3880 ambulare.

160 3917 301 3986 (Id.,
335 3915 507 3982 ibid.,
538 3917 682 3970 tom.
713 3913 785 3980 V,
813 3927 869 3986 p.
901 3931 939 3981 1,
975 3913 1082 3969 col.
1114 3915 1221 3968 777
1252 3917 1306 3968 et
1331 3914 1477 3985 seq.)

227 4023 344 4077 Via
377 4020 613 4076 Domini
646 4023 748 4076 aut
776 4037 891 4075 non
924 4024 1066 4089 erat,
1101 4024 1202 4075 aut
1230 4019 1466 4088 latebat,
1492 4023 1622 4087 etc.,
1661 4037 1829 4092 usque

157 4111 233 4168 ad
261 4109 377 4167 nisi
415 4109 473 4164 in
505 4113 580 4166 te.
616 4109 748 4182 (Id.,
779 4125 941 4164 serm.
977 4111 1028 4177 8,
1064 4108 1128 4164 de
1156 4110 1334 4164 verbis
1361 4109 1663 4180 Evangelii,
1681 4114 1823 4164 tom.

157 4202 228 4271 V,
264 4218 324 4274 p.
362 4218 405 4268 1,
433 4197 545 4254 col.
579 4199 682 4254 436
712 4201 769 4254 et
800 4201 948 4271 seq.)

229 4307 561 4365 Invisibilia
591 4308 739 4363 enim
767 4307 884 4378 ejus
899 4322 1000 4378 per
1018 4323 1082 4362 ea
1109 4321 1234 4378 qum
1258 4308 1408 4379 facta
1423 4313 1550 4362 sunt
1581 4308 1825 4363 intellec-

161 4407 219 4454 ta
242 4397 689 4470 conspiciuntur.
724 4395 887 4451 Unde
935 4399 1265 4468 arguuntur
1311 4396 1370 4450 in
1401 4395 1551 4452 libro
1582 4397 1828 4468 Sapien-

163 4488 278 4556 tiae,
315 4491 456 4553 etc.,
491 4502 658 4558 usque
689 4485 760 4540 ad
789 4503 923 4542 cum
954 4485 1138 4541 Deum
1189 4485 1528 4557 quaerimus.
1563 4486 1690 4558 (Id.,
1728 4487 1824 4541 lib.

165 4578 229 4634 de
266 4577 543 4633 Trinitate
571 4592 664 4641 xv,
699 4579 841 4630 tom.
874 4575 1022 4643 VIII,
1057 4572 1167 4630 col.
1204 4575 1382 4646 1058).

235 4684 537 4740 Viderunt
567 4698 704 4754 ergo
735 4682 856 4750 isti,
887 4687 1022 4748 etc.,
1053 4697 1225 4754 usque
1265 4682 1336 4737 all
1383 4686 1593 4738 cuncta
1638 4687 1833 4739 creata
1861 4669 1906 4734 D

171 4779 330 4830 sunt.
373 4772 510 4845 (Id.,
555 4773 654 4829 lib.
703 4772 768 4828 de
798 4771 1032 4828 Civile-te
1076 4773 1175 4829 Dei
1219 4789 1340 4838 vm,
1371 4774 1514 4839 tom,
1561 4771 1681 4840 VII,
1718 4772 1826 4829 col.

165 4865 267 4920 231
299 4867 363 4919 et
396 4861 543 4934 seq.)

236 4967 660 5041 Philosophus,
690 4972 824 5037 etc.,
853 4981 1024 5040 usque
1072 4968 1142 5023 ad
1186 4967 1446 5040 inii-gero.
1479 4965 1611 5039 (Id.,
1641 4967 1736 5023 lib.
1770 4968 1834 5024 de

173 5062 448 5116 Trinitate
478 5073 558 5126 1v,
588 5062 736 5114 tom.
767 5054 920 5124 VIII,
956 5056 1064 5113 col.
1097 5057 1248 5129 903.)

237 5168 360 5223 Nec
393 5166 468 5220 ad
501 5164 660 5221 aliud
695 5166 933 5237 quidem
968 5164 1130 5237 digni
1159 5163 1344 5220 habiti
1397 5167 1537 5219 sunt
1562 5168 1626 5219 ut
1658 5164 1715 5219 in
1751 5165 1833 5222 eis

169 5255 284 5312 ista
314 5272 426 5328 per
455 5259 693 5310 sanctos
738 5255 976 5328 angelos
1025 5254 1460 5320 nuntiarentur,
1499 5253 1617 5314 sive
1663 5254 1838 5310 forin-

171 5362 346 5401 secus
383 5360 488 5416 per
519 5361 730 5400 sensus
757 5345 1037 5416 corporis,
1072 5345 1190 5399 sive
1221 5342 1598 5398 interioribus
1628 5343 1838 5399 revela-

171 5435 449 5491 tionibus-
476 5432 536 5488 in
569 5433 778 5506 spiritu
811 5433 1123 5507 expressis,
1158 5435 1290 5499 etc.,
1323 5447 1490 5505 usque
1538 5432 1607 5488 ad
1638 5449 1839 5505 perve.

177 5526 326 5580 nire.
363 5523 493 5594 (Id.,
529 5530 681 5579 tract.
717 5525 1006 5593 Evangelii
1049 5522 1347 5579 secundum
1390 5523 1546 5578 Joan.
1581 5539 1640 5588 1|,
1692 5526 1835 5578 tom.

179 5615 274 5683 ΙΙΙ,
310 5613 422 5668 col.
464 5609 603 5668 1390
633 5615 685 5669 et
720 5616 869 5686 seq.)

253 5720 542 5793 Prtecipui
575 5722 838 5793 gentium
869 5718 1224 5794 philosophi,
1257 5722 1566 5792 etc.,usque
1593 5720 1663 5776 ad
1680 5718 1844 5777 insti-

1918 2007 2122 2062 suevit.
2160 2007 2287 2080 (Id.,
2325 2010 2382 2063 in
2428 2010 2574 2079 psal.
2607 2023 2762 2076 cx.11,
2797 2011 2940 2062 tom.
2976 2007 3069 2074 IV,
3103 2024 3158 2080 p.
3193 2025 3254 2076 11,
3289 2007 3396 2063 col.
3433 2009 3573 2064 1483

1953 2100 1974 2150 t
1998 2111 2120 2150 seu.

1917 2100 1974 2151 et
1998 2111 2060 2152 se
2109 2140 2120 2150 .

1988 2100 2275 2240 Vige)runt
2325 2151 2446 2240 haec
2511 2183 3015 2257 intelligentiores,
3077 2188 3208 2250 etc.,
3270 2201 3441 2257 usque
3499 2186 3573 2242 ad

1920 2274 2221 2329 subvertit.
2255 2276 2384 2346 (Id.,
2417 2275 2514 2330 lib.
2548 2292 2605 2329 1v
2632 2274 2695 2330 de
2727 2271 2954 2329 Civitate
2982 2274 3098 2341 Dei,
3135 2277 3279 2329 tom.
3311 2272 3433 2342 VlI,
3459 2273 3570 2346 col,

1923 2365 2026 2418 136
2058 2368 2115 2418 et
2146 2368 2294 2435 seq.)

1994 2464 2181 2517 Brevis
2231 2463 2477 2518 omnium
2525 2476 2651 2533 qutc
2694 2461 2950 2516 adversus
3001 2460 3273 2515 idolorum
3319 2460 3572 2528 culteres,

1922 2555 2036 2608 sive
2065 2554 2399 2608 institutores
2425 2568 2594 2622 supra
2640 2551 2707 2606 ab
2753 2551 2990 2622 apostolo
3033 2549 3178 2605 dicta
3209 2557 3338 2606 sunt
3366 2552 3575 2622 recapi-

1925 2642 2290 2705 tulatio.Quia
2320 2657 2451 2695 cum
2485 2640 2896 2712 cognovissent
2925 2639 3130 2705 Deum,
3152 2643 3284 2705 etc.,
3311 2655 3480 2711 usque
3510 2640 3579 2695 ad

1927 2729 2286 2786 illuminabit
2311 2734 2365 2785 te
2396 2729 2932 2798 Christus.(ld.,lib,
2960 2729 3024 2784 de
3054 2727 3260 2784 Natura
3282 2736 3332 2784 et
3359 2730 3578 2794 Gratia,

1929 2823 2072 2874 tom.
2106 2820 2169 2886 X,
2205 2837 2258 2892 p.
2295 2837 2334 2884 1,
2364 2818 2474 2874 col.
2506 2820 2611 2873 258
2638 2821 2693 2873 et
2726 2821 2872 2890 seq.)

2001 2919 2142 2973 Item
2177 2917 2366 2973 brevis
2405 2917 2742 2972 eorumdem
2792 2916 3102 2971 verborum
3153 2912 3577 2987 recapitulatio.

1927 3009 2216 3064 R—evelatur
2261 3010 2411 3062 enim
2460 3008 2550 3061 ira
2598 3007 2704 3061 Dei
2755 3003 2820 3061 de
2865 3005 2994 3061 caelo
3041 3019 3206 3076 super
3233 3016 3448 3061 omnem
3476 3007 3582 3060 im-

1924 3100 2202 3169 pietatem.
2228 3100 2512 3162 Quorum,
2543 3100 2675 3165 etc.,
2704 3111 2874 3166 usque
2905 3095 2974 3149 ad
3018 3109 3198 3166 quam
3231 3094 3580 3149 Creatorem.

1930 3187 2063 3254 (Id.,
2093 3203 2255 3241 serm.
2287 3185 2353 3242 de
2377 3184 2612 3241 Kalend.
2645 3185 2935 3249 Januarii,
2962 3187 3106 3238 tom.
3138 3183 3208 3254 V,
3241 3187 3390 3256 part.
3425 3181 3580 3251 1,col.

1851 3291 1893 3357 ρ
1933 3275 2065 3331 1021
2101 3280 2156 3330 et
2188 3278 2337 3347 seq.)

2006 3371 2117 3427 Sed
2148 3389 2230 3426 ve
2260 3369 2441 3438 tibi,si
2474 3368 2760 3425 amaveris
2791 3368 3024 3424 condita
3039 3371 3095 3424 et
3111 3368 3440 3424 deserueris
3453 3379 3586 3424 conn-

1935 3461 2180 3516 ditorem
2234 3461 2338 3531 (Ea:
2382 3474 2627 3515 sermone
2679 3458 2942 3514 secundae
2987 3457 3249 3529 Epistolas
3302 3458 3582 3530 Joannis).

1936 3549 2183 3605 Pulchra
2209 3548 2313 3604 tibi
2348 3552 2508 3619 sunt,
2533 3547 2633 3604 sed
2667 3550 2898 3620 quanto
2923 3551 3012 3602 est
3041 3543 3140 3602 ille
3169 3544 3588 3620 pulchriorqui'

1934 3639 2048 3695 ista
2079 3639 2369 3695 formavit.
2406 3638 2675 3693 Intendat
2705 3635 2961 3692 charitas
2988 3635 3286 3692 vestra.Ne
3317 3639 3590 3709 surrepat

1933 3730 2098 3785 vobis
2129 3731 2397 3794 Satanas,
2423 3728 2641 3795 dicens,
2669 3743 2794 3799 qua:
2828 3726 2978 3782 solet
3007 3724 3217 3782 dicere.
3237 3726 3389 3782 Bene
3418 3726 3588 3781 nobis

1936 3820 2013 3876 sit
2041 3819 2100 3874 in
2133 3824 2399 3874 creatura
2440 3817 2562 3872 Dei.
2596 3819 2784 3882 Quare
2811 3815 2973 3872 illam
3003 3815 3136 3871 fecit
3166 3816 3341 3883 Deus,
3377 3814 3490 3871 nisi
3522 3818 3589 3870 ut

1935 3910 2082 3965 bene
2112 3909 2280 3964 nobis
2311 3907 2423 3964 sit?
2451 3910 2509 3962 et
2537 3905 2924 3972 inebriantur,
2957 3908 3014 3961 et
3064 3908 3331 3976 pereunt,
3364 3907 3422 3960 et
3449 3903 3592 3960 obli-

1934 3999 2239 4054 viscuntur
2269 4001 2587 4053 creatorem
2619 4012 2816 4062 suum,
2834 3995 3018 4050 duum
3050 4009 3167 4050 non
3198 3997 3600 4066 temperanter

1937 4089 2039 4144 sed
2069 4087 2389 4160 cupiditate
2418 4090 2669 4141 utuntur
2697 4083 2992 4151 creatis,et
3020 4087 3244 4138 creator
3272 4083 3593 4138 contemni-

1936 4178 2137 4234 tur.De
2168 4176 2388 4232 talibus
2419 4175 2563 4230 dicit
2590 4173 2925 4247 Apostolus:
2945 4172 3261 4228 Goluertmt
3290 4175 3346 4226 et
3377 4172 3590 4227 servie-

1938 4272 2077 4321 runt
2107 4269 2380 4322 creaturae
2410 4263 2605 4336 potius
2639 4273 2816 4335 quam
2849 4261 3116 4328 creatori,
3150 4259 3251 4333 qui
3299 4262 3388 4316 est
3416 4260 3592 4315 bene-

1937 4356 2127 4411 dictus
2153 4355 2211 4408 in
2246 4353 2474 4410 saecula.
2507 4352 2633 4408 Non
2663 4356 2718 4406 te
2750 4349 3020 4423 prohibet
3041 4350 3195 4405 Deus
3227 4357 3426 4404 amare
3455 4348 3588 4417 ista,

1938 4445 2036 4500 sed
2074 4462 2186 4499 non
2219 4443 2462 4516 diligere
2492 4443 2564 4497 ad
2599 4439 3154 4506 beatitu-dinem,sed
3186 4439 3509 4511 approbare
3539 4441 3596 4495 et

1938 4533 2180 4590 laudare
2228 4536 2295 4588 ut
2339 4547 2500 4587 ames
2549 4533 2894 4586 creatorem.
2928 4530 3079 4601 Ergo
3111 4527 3270 4583 dedit
3300 4528 3408 4583 "tibi
3439 4528 3596 4583 Deus

1937 4624 2051 4679 ista
2079 4621 2296 4689 omnia,
2328 4637 2463 4677 ama
2491 4618 2660 4674 illum
2696 4617 2796 4691 qui
2829 4618 2985 4673 fecit.
3018 4616 3157 4674 Plus
3187 4621 3278 4673 est
3306 4617 3463 4688 quod
3489 4615 3595 4671 tibi

1937 4713 2062 4769 vult
2093 4714 2250 4779 dare,
2282 4711 2340 4766 id
2372 4713 2461 4765 est
2493 4708 2757 4781 sei'psum
2789 4707 2890 4780 qui
2941 4708 3070 4762 ista“
3106 4707 3256 4763 fecit.
3289 4705 3599 4761 Gred‘imus

1942 4803 2119 4858 etiam
2152 4801 2308 4873 quod
2338 4800 2500 4855 sedet
2530 4797 2798 4854 Christus
2830 4797 2902 4852 ad
2931 4797 3227 4852 dexteram
3243 4794 3594 4861 Patris,et'c.,

1940 4909 2110 4966 usque
2139 4891 2211 4947 ad
2242 4891 2438 4944 futura
2467 4887 2563 4943 sit.
2597 4888 2729 4960 (Id.,
2760 4903 2906 4943 serm
2932 4887 2996 4942 de
3025 4887 3302 4960 Symbolo,
3321 4888 3468 4940 tom.
3500 4883 3595 4951 VI,

1944 4982 2053 5039 col.
2083 4983 2229 5050 188).

2014 5087 2243 5152 Pr0pter
2265 5077 2406 5151 quod
2432 5075 2660 5132 tradidit
2689 5077 2841 5132 ill-ias
2875 5079 3021 5130 Deus-
3031 5076 3091 5128 in
3114 5071 3391 5128 desideria
3418 5069 3598 5125 cordis

1942 5187 2148 5239 eorum,
2176 5171 2236 5224 in
2267 5165 2694 5224 immunditiam.
2729 5163 2898 5220 Dedit
2929 5161 3060 5218 illos
3091 5162 3244 5216 Deus
3291 5159 3350 5213 in
3386 5175 3598 5214 concu-

1948 5259 2342 5334 cupiscentias
2372 5256 2564 5312 cordis
2595 5271 2820 5319 eorum,
2855 5256 2946 5308 etc
2976 5293 2988 5319 ,
3022 5266 3190 5322 usque
3239 5249 3308 5304 ad
3348 5265 3598 5304 consen-

1948 5353 2150 5407 serunt
2178 5345 2496 5420 iniquitati.
2531 5345 2660 5415 (Id.,
2694 5344 2789 5398 lib.
2823 5341 2888 5397 de
2917 5341 3134 5413 Spiritu
3162 5347 3214 5395 et
3242 5339 3598 5405 littera,tom.

1947 5441 2014 5509 X,
2045 5442 2194 5512 part.
2231 5455 2270 5504 1,
2304 5435 2412 5492 col.
2447 5435 2596 5505 235).

2019 5538 2121 5594 His
2168 5540 2224 5592 et
2266 5534 2482 5590 talibus
2527 5529 2901 5597 testimoniis,
2935 5533 3067 5597 etc.,
3101 5543 3271 5600 usque
3315 5524 3386 5581 ad
3431 5519 3604 5579 malis

1948 5627 2147 5686 bona?
2177 5627 2308 5697 (Id.,
2344 5624 2420 5679 lib
2449 5621 2513 5678 de
2545 5619 2732 5678 Gratia
2760 5627 2813 5676 et
2861 5620 3032 5676 libero
3070 5617 3327 5686 arbitrio,
3359 5618 3502 5672 tom.
3531 5609 3606 5680 X,

1952 5737 2010 5792 p.
2046 5737 2083 5787 1,
2119 5715 2227 5774 col.
2261 5713 2408 5783 909).
