4100 6472
126 394 242 456 285

195 525 382 586 Verbi
407 523 627 602 gratia,
657 525 887 598 potens,
921 526 1057 589 etc.,
1086 536 1257 593 usque
1306 517 1376 575 ad
1435 516 1507 574 ad
1564 520 1621 572 te
1669 513 1796 572 vult
1824 515 1876 583 Α

127 618 540 676 mendacium.
594 616 675 685 (S.
726 615 899 686 Aug.,
946 612 1043 667 lib.
1076 627 1265 679 serm.,
1292 612 1433 664 tom.
1464 607 1534 675 V,
1566 610 1715 679 part.
1750 620 1790 674 1,

128 709 232 766 col.
264 711 374 765 501
414 711 477 763 et
510 705 656 779 seq.)

200 809 260 865 Ut
272 805 710 880 justiﬁceris,...
742 809 793 858 et
819 816 917 869 ego
945 805 1215 871 tanquam
1253 784 1502 868 peccator
1533 793 1798 880 judicor?

129 897 225 954 Cui
255 879 449 964 dicat,
487 891 726 949 difﬁcile
756 894 845 947 est
873 889 1187 954 advertere,
1222 890 1537 956 etc.,usque
1568 882 1637 937 ad
1662 879 1798 935 facti

130 991 265 1045 sunt
294 984 604 1041 homines.
636 981 769 1049 (Id.,
802 981 859 1035 in
887 978 1031 1051 psal.
1066 995 1117 1044 L,
1146 980 1290 1031 tom.
1327 973 1419 1042 IV,
1455 976 1660 1045 part.1,
1685 968 1795 1024 col.

128 1079 231 1133 590
260 1080 322 1133 et
350 1078 512 1147 seq.)

199 1169 265 1224 Et
306 1182 430 1222 non
475 1165 617 1221 sicut
647 1160 1102 1232 blasphemamur,
1135 1163 1185 1211 et
1212 1156 1356 1210 sicut
1384 1154 1544 1208 aiunt
1571 1149 1801 1223 quidam

128 1274 226 1314 nos
254 1256 470 1319 dicere,
503 1253 776 1324 faciamus
829 1247 988 1303 mala
1028 1253 1088 1301 ut
1123 1247 1349 1300 veniant
1379 1244 1536 1307 bona,
1569 1254 1803 1312 quorum

130 1346 424 1403 damnatio
460 1344 617 1414 justa
647 1347 744 1396 est.
778 1335 1035 1393 Perversi
1093 1332 1384 1399 homines,
1449 1335 1581 1396 etc.,
1632 1343 1802 1400 usque

131 1437 200 1493 ad
231 1433 496 1492 cantabo
546 1428 671 1495 tibi,
717 1426 982 1483 Domine.
1014 1424 1146 1493 (Id.,
1182 1422 1278 1478 lib.
1311 1421 1376 1477 de
1407 1420 1594 1477 Gratia
1622 1427 1673 1475 et
1702 1418 1800 1473 lib.

132 1528 331 1591 arbit.,
367 1528 516 1578 tom.
548 1520 614 1588 X,
650 1521 801 1591 part.
833 1533 872 1585 1,
906 1513 1017 1571 col.
1044 1512 1194 1584 910.)

203 1621 359 1693 Quid
403 1634 535 1689 ergo
578 1613 960 1690 praecellimus
991 1628 1078 1667 eos
1098 1611 1126 1665 ‘t
1155 1611 1525 1681 Nequaquam.
1560 1608 1805 1661 Conten-

131 1714 366 1770 tionem
383 1710 599 1782 ipsam,
613 1709 723 1761 etc.
730 1718 933 1775 ,usque
954 1701 1023 1756 ad
1044 1697 1517 1754 interfectoribus
1544 1693 1799 1750 Domini.

134 1804 266 1877 (Id.,
285 1804 355 1857 in
384 1813 570 1870 cmpos.
604 1795 673 1850 ad
697 1793 896 1855 Galat..
919 1796 1062 1846 tom.
1089 1788 1186 1854 ΙΙΙ,
1210 1790 1361 1877 part.
1388 1804 1448 1853 11,
1474 1785 1581 1841 col.
1615 1782 1802 1855 2107.)

206 1889 453 1950 Causati
496 1886 645 1942 enim
687 1897 877 1939 sumus
931 1878 1146 1935 Iudaeos
1174 1884 1225 1932 et
1253 1875 1464 1932 Graecos
1493 1889 1677 1928 omnes
1703 1872 1803 1925 sub
1834 1891 1881 1955 B
1913 1872 2475 1955 ιθῐῐὶιωῐῐιοιᾶῐὶξξυω
2498 1872 2685 1955 ιιξιιξω
2709 1872 2840 1955 ΗΒΚ]

798 1977 876 2027 εει
916 1969 1198 2040 requirens
1238 1969 1424 2021 Deum
1459 1962 1656 2033 Usque
1688 1976 1803 2014 non
1834 1937 1881 1955 υ
1910 1951 2095 2000 teram
2119 1941 2386 2008 armavit,
2408 1940 2564 2013 quod
2588 1940 2718 2012 jam
2739 1937 2937 1994 feriret
2958 1937 3073 1994 nisi
3092 1953 3231 1994 voce
3249 1940 3567 2004 teneretur,

198 1990 363 2037 ccato
392 1993 549 2043 esse,.
561 2018 573 2030 .

129 2000 363 2056 ρεσεαιο
392 2000 597 2043 αδδεδ...
627 2000 743 2028 non
798 2000 875 2027 σὸι
918 2000 1197 2040 Icquuww
1238 2000 1424 2021 νοιιηιη.
1465 2000 1656 2033 υσιιιιυ
1692 2000 1803 2014 nun

134 2076 229 2129 est
285 2070 475 2125 timor
529 2062 628 2120 Dei
679 2065 815 2117 ante
870 2056 1072 2115 oculos
1126 2071 1351 2111 eorum.
1400 2050 1685 2108 Dominus
1737 2049 1807 2104 de

134 2160 311 2226 c0310,
372 2160 511 2219 etc.,
569 2166 740 2223 usque
798 2148 867 2205 ad
925 2163 1043 2202 non
1086 2144 1299 2199 timent
1340 2142 1547 2197 Deum.
1583 2139 1711 2211 (Id.,
1746 2138 1809 2192 in

133 2251 286 2325 psal.
323 2264 450 2314 x111,
481 2248 624 2299 tom.
659 2238 751 2307 1V,
785 2241 936 2311 part.
963 2253 1003 2302 1,
1037 2233 1144 2289 col.
1178 2233 1277 2287 141
1313 2236 1369 2287 et
1399 2229 1545 2301 seq.)

211 2349 440 2406 Scimus
483 2348 666 2397 autem
711 2336 970 2409 quoniam
1021 2346 1362 2405 quaecunque
1406 2329 1496 2383 lea:
1544 2327 1806 2397 loquitur,

135 2441 225 2494 his
256 2437 364 2510 qui
392 2436 457 2489 in
487 2433 599 2502 lege
626 2434 756 2484 sunt
786 2425 1051 2497 loquitur.
1087 2421 1149 2476 In
1181 2419 1313 2474 istis
1341 2417 1522 2481 enim,
1549 2419 1684 2480 etc.,
1717 2431 1809 2510 us:

138 2544 245 2602 que
266 2501 355 2581 ad
382 2519 753 2578 misereatur.
806 2514 934 2587 (Id.,
996 2513 1058 2567 in
1109 2508 1445 2578 expositione
1500 2505 1682 2577 Epist.
1742 2501 1813 2557 ad

142 2596 333 2675 Galat.
368 2616 512 2667 tom.
546 2607 643 2676 Ill,
674 2608 825 2677 part.
858 2618 922 2670 ιι,
956 2599 1064 2656 col.
1095 2596 1286 2668 2123.)

213 2708 531 2770 Conclusit
559 2703 863 2775 Scriptura
895 2697 1095 2755 omnia
1124 2696 1234 2752 sub
1266 2696 1521 2766 peccato,
1555 2697 1687 2759 etc.,
1720 2707 1815 2744 us-

142 2821 249 2879 que
282 2801 359 2857 ad
391 2812 590 2855 coram
620 2798 698 2849 te.
734 2790 864 2865 (Id.,
888 2790 948 2845 in
972 2787 1117 2859 psal.
1154 2800 1345 2850 cxvm,
1378 2778 1630 2848 tom.IV,
1663 2782 1813 2852 part.

145 2912 210 2964 11,
236 2890 356 2949 col.
396 2888 581 2953 1581.)

223 2983 377 3052 Quia
407 2995 478 3034 ea:
508 2972 760 3047 operibus
781 2970 911 3041 legis
932 2983 1042 3023 non
1065 2963 1466 3037 justi/imbitur
1495 2960 1674 3017 omnis
1694 2973 1819 3014 caro

152 3048 351 3130 eorum
382 3068 503 3124 illo.
542 3064 621 3120 Ex
651 3059 924 3134 operibus
953 3055 1120 3128 legis,
1153 3057 1285 3119 etc.,
1318 3068 1486 3123 usque
1517 3050 1586 3104 ad
1619 3048 1820 3103 crede-

153 3166 392 3219 rentur.
408 3155 543 3226 (ld.,
562 3154 624 3208 in
634 3149 971 3222 expositione
990 3144 1250 3216 Epistola?
1272 3141 1341 3197 ad
1353 3140 1700 3208 Galat.,tom.
1722 3135 1819 3202 III,

155 3254 317 3325 part.
351 3264 417 3313 ιι,
450 3241 557 3300 col.
587 3240 731 3296 2114
760 3242 816 3293 et
846 3251 969 3307 seq.
1007 3234 1079 3288 ad
1108 3230 1292 3303 2116.)

228 3353 349 3404 Per
378 3346 553 3414 legem
571 3340 721 3396 enim
746 3335 982 3405 cognitio
1007 3332 1234 3404 peccati.
1254 3325 1516 3401 Cognitio
1540 3323 1685 3380 dixit
1704 3340 1821 3378 non

154 3412 624 3496 consummatio,
647 3431 963 3495 etc.,usque
992 3419 1062 3477 ad
1092 3418 1246 3491 quod
1277 3416 1366 3472 lex
1392 3415 1659 3487 imperat.
1688 3412 1819 3484 (1d,,

156 3528 258 3585 lib.
294 3524 362 3581 de
411 3520 600 3578 Gratia
646 3524 698 3573 et
745 3515 913 3570 libero
961 3510 1150 3575 arbit.,
1180 3511 1322 3562 tom.
1353 3505 1420 3572 X,
1453 3507 1603 3577 part.
1636 3520 1676 3572 1,
1711 3501 1820 3557 col.

155 3618 288 3674 894.

162 3703 174 3713 ’
226 3705 387 3761 Nam
431 3699 560 3756 sine
607 3695 708 3753 Dei
757 3694 928 3759 dono,
958 3693 1091 3757 etc.,
1124 3702 1294 3759 usque
1345 3684 1416 3740 ad
1462 3681 1818 3756 prophetari.

155 3796 299 3866 (Id.,
333 3791 434 3848 lib.
467 3785 763 3851 enchirid.,
798 3788 937 3838 tom.
973 3779 1069 3848 VI,
1101 3776 1209 3833 col.
1243 3774 1393 3846 287.)

230 3889 390 3954 Quia
426 3900 544 3940 non
586 3876 1030 3954 justiﬁcabitur,
1062 3877 1195 3939 etc.,
1228 3888 1396 3944 usque
1425 3869 1493 3924 ad
1525 3885 1631 3924 nec
1664 3867 1824 3923 indi-

158 3997 309 4057 gens
336 3976 491 4049 lege.
522 3972 651 4045 (Id.,
671 3968 850 4026 lib.de
879 3965 1093 4038 Spiritu
1119 3967 1172 4018 et
1205 3958 1648 4027 littera,tom.X,
1669 3962 1819 4030 part.

158 4088 200 4137 1,
227 4068 343 4125 col.
378 4064 491 4120 208
520 4065 577 4117 et
610 4057 754 4131 seq.)

233 4165 399 4221 Nunc
426 4168 610 4217 autem
638 4158 760 4213 sine
790 4155 904 4223 lege
929 4151 1153 4225 justitia
1198 4149 1297 4204 Dei
1339 4147 1695 4218 manifestata
1723 4151 1821 4210 est,

161 4255 462 4327 testiﬁcata
484 4265 587 4322 per
615 4248 787 4317 legem
815 4252 866 4300 et
888 4240 1197 4314 prophetas.
1239 4234 1622 4327 Evangelium
1667 4233 1824 4327 enim

159 4322 582 4402 testimonium
612 4336 791 4392 habet
820 4350 855 4388 a
882 4331 1007 4405 lege
1039 4333 1096 4384 et
1120 4324 1619 4401 prophetis.Unde
1648 4322 1824 4379 etiam

160 4435 223 4490 in
247 4434 455 4489 monte
471 4428 624 4483 inter
645 4429 957 4494 utramque
974 4432 1285 4492 personam
1314 4412 1546 4470 medius
1576 4412 1829 4469 salvator

162 4522 415 4581 effulsit.
437 4522 638 4577 Omnes
666 4515 819 4571 enim
840 4514 1219 4584 peccaverunt,
1243 4508 1375 4569 etc.,
1398 4519 1567 4574 usque
1594 4501 1664 4558 ad
1689 4501 1825 4557 cha-

986 385 1405 449 EXPOSITIO
1448 383 1527 446 IN
1571 380 1744 445 EPP.
1795 381 2053 459 PAULI.
2087 414 2164 426 ——
2196 381 2313 441 EP.
2368 380 2470 441 AD
2520 375 2705 440 ROM.

3432 366 3553 432 286

1975 513 2107 584 (Id.,
2141 514 2203 569 in
2228 512 2374 586 psal.
2407 512 2602 580 cxvn.)
2633 508 2741 567 Ubi
2790 511 2881 566 est
2928 523 3063 581 ergo
3097 504 3367 581 gloriatio
3402 503 3552 564 tua?

1904 603 2149 659 Exclusa
2179 607 2288 659 est.
2323 602 2428 657 Per
2460 617 2637 673 quam
2668 597 2896 673 legem?
2927 597 3254 654 factorum?
3284 596 3552 652 Non.Sed

1904 710 2008 766 per
2036 692 2224 765 legem
2257 691 2412 747 fidei.
2447 690 2577 746 Haec
2622 692 2710 746 est
2739 688 2830 744 lex
2864 687 3000 743 ﬁdei
3031 704 3149 759 qua
3176 687 3470 742 credimus
3499 689 3557 741 et

1906 799 2145 838 oramus
2166 798 2266 852 per
2288 780 2536 853 gratiam
2560 777 2731 833 nobis
2752 776 2979 845 donari,
3007 779 3073 831 ut
3095 774 3377 831 faciamus
3398 773 3555 846 quod

1910 888 2009 944 per
2030 871 2423 942 nosmetipsos
2444 867 2686 941 implere
2712 884 2826 922 non
2850 880 3269 939 possumus,ne
3289 862 3558 935 ignoran-

1906 964 1993 1017 tes
2017 961 2118 1016 Dei
2140 961 2458 1032 justitiam,
2492 962 2549 1013 et
2578 960 2841 1013 nostram
2882 954 3142 1012 volentes
3181 953 3557 1019 constituere,

1901 1050 2146 1122 justitiaa
2177 1049 2277 1105 Dei
2306 1066 2421 1104 non
2454 1063 2660 1103 sumus
2692 1044 3042 1117 subjecti.In
3074 1043 3199 1117 lege
3228 1042 3428 1115 itaque
3449 1042 3563 1096 fac-

1908 1145 2101 1195 torum
2133 1143 2221 1194 est
2252 1138 2347 1193 Dei
2373 1135 2639 1208 jubentis
2660 1133 2916 1207 justitia,
2949 1131 3008 1188 in
3037 1132 3163 1205 lege
3193 1135 3392 1187 autem
3424 1129 3559 1186 ﬁdei

1910 1228 2308 1285 subvenientis
2339 1224 2757 1282 misericordia.

1980 1319 2334 1374 Arbitramur
2352 1319 2501 1373 enim
2519 1316 2822 1386 justiﬁeari
2849 1314 3121 1370 hominem
3149 1328 3247 1384 per
3259 1311 3421 1383 ﬁdem
3440 1312 3562 1367 sine

1910 1409 2163 1481 operibus
2194 1407 2347 1476 legis.
2382 1405 2464 1459 An
2492 1403 2808 1461 Iudaeorum
2838 1404 2979 1458 Deus
3009 1401 3265 1458 tantum?
3293 1402 3481 1457 Nonne
3510 1408 3562 1457 et

1911 1497 2194 1567 gentium?
2224 1498 2334 1551 [mo
2362 1502 2414 1550 et
2440 1495 2710 1568 gentium.
2748 1492 2878 1565 (Id.,
2904 1508 3066 1548 serm.
3099 1491 3165 1547 de
3190 1491 3563 1547 Immolatione

1911 1589 2062 1643 Isaac
2079 1585 2147 1641 ad
2166 1585 2280 1641 Gal.
2297 1584 2397 1650 1v.)
2421 1582 2680 1638 Credidit
2697 1581 2992 1637 Abraham
3017 1587 3127 1637 Deo
3147 1584 3203 1636 et
3225 1583 3562 1653 reputatum

1912 1680 2001 1732 est
2014 1675 2096 1730 illi
2111 1675 2181 1731 ad
2193 1673 2490 1746 justitiam
2502 1677 2576 1739 ,et
2590 1671 2815 1727 amicus
2828 1670 2930 1726 Dei
2944 1669 3273 1743 appellatus
3285 1667 3563 1732 εει.ουοὰ

1914 1764 2159 1821 credidit
2170 1762 2482 1830 Deo,intus
2506 1762 2565 1816 in
2588 1760 2781 1829 corde,
2796 1759 2856 1814 in
2879 1758 3005 1815 sola
3024 1760 3140 1815 ﬁde
3162 1762 3269 1816 est.
3284 1758 3447 1823 Quod
3461 1774 3567 1813 au-

1913 1858 2031 1909 tem
2047 1852 2475 1909 immolandum
2498 1850 2685 1905 ﬁlium
2709 1850 2894 1917 duxit,
2911 1850 3067 1921 quod
3089 1848 3419 1921 intrepidus
3432 1848 3566 1903 dex-

1914 2048 2129 2105 magna
2141 2030 2285 2086 ﬁdes
2297 2034 2387 2086 est
2401 2028 2731 2100 utique,sed
2744 2030 2801 2083 et
2814 2043 3094 2100 magnum
3109 2044 3277 2099 opus.
3292 2024 3569 2098 Etipsum

1914 2139 2063 2195 opus
2083 2118 2341 2175 laudavit
2360 2119 2535 2184 Deus,
2560 2133 2693 2171 cum
2721 2114 2954 2184 diceret,
2980 2115 3259 2187 quoniam
3281 2113 3569 2171 exaudisti

1914 2226 2115 2266 vocem
2151 2224 2365 2263 meam.
2399 2209 2586 2273 Quare
2636 2221 2772 2277 ergo
2823 2203 3127 2277 apostolus
3179 2203 3396 2259 Paulus
3442 2203 3565 2259 ait:

1915 2294 2611 2367 Arbitramurjustiﬁeari
2633 2293 2935 2349 hominem
2962 2310 3066 2365 per
3086 2293 3262 2349 ﬁdem
3285 2292 3411 2348 sine
3442 2309 3570 2364 ope-

1919 2389 2082 2443 ribus
2107 2386 2293 2461 legis?
2327 2386 2391 2440 Et
2420 2383 2533 2440 alio
2563 2383 2690 2439 loco
2722 2382 2882 2438 dicit.
2915 2383 3016 2437 Est
3042 2383 3172 2459 ﬁdes
3201 2398 3327 2455 quae
3351 2398 3450 2454 per
3477 2381 3568 2437 di—

1921 2479 2204 2534 lectionem
2251 2483 2524 2547 operatur.
2560 2472 2860 2539 Quomodo
2892 2472 3037 2527 ﬁdcs
3070 2487 3172 2544 per
3202 2471 3571 2528 dilectionem

1922 2571 2216 2639 operatur,
2246 2568 2300 2621 et
2331 2563 2624 2636 quomodo
2665 2561 3030 2634 justiﬁcatur
3058 2560 3234 2617 homo
3266 2577 3369 2634 per
3396 2560 3573 2615 ﬁdem

1924 2655 2050 2711 sine
2082 2653 2356 2726 operibus
2387 2651 2576 2724 legis?
2600 2650 2855 2705 Credidit
2885 2649 3119 2722 aliquis,
3152 2647 3411 2722 percepit
3439 2648 3575 2704 ﬁdei

1925 2746 2311 2809 sacramenta,
2360 2747 2417 2797 et
2462 2745 2731 2796 mortuus
2780 2743 2888 2806 est,
2939 2738 3124 2795 defuit
3164 2738 3247 2794 illi
3296 2737 3576 2811 operandi

1924 2839 2180 2904 tempus.
2215 2830 2363 2898 Quid
2411 2829 2663 2885 dicimus
2684 2830 2712 2884 ‘l
2736 2828 2883 2892 Quia
2913 2845 3029 2884 non
3060 2832 3149 2885 est
3168 2827 3579 2900 justiﬁcatus?

1928 2921 2102 2978 Plane
2135 2921 2387 2977 dicimus
2406 2919 2823 2991 justiﬁcatum,
2855 2918 3189 2974 credentem
3220 2916 3281 2972 in
3311 2932 3446 2973 eum
3477 2914 3579 2988 qui

1920 3011 2209 3084 justiﬁcat
2230 3008 2501 3082 impium.
2524 3009 2672 3079 Ergo
2694 3007 2805 3062 iste
2827 3005 3190 3078 justiﬁcatus
3221 3010 3330 3074 est,
3363 3009 3420 3061 et
3449 3022 3581 3078 ope-

1930 3104 2095 3155 ratus
2125 3117 2241 3154 non
2273 3095 2683 3169 est.Impletur
2710 3094 3002 3152 sententia
3031 3094 3278 3168 apostoli
3308 3094 3576 3151 dicentis:

1929 3186 2509 3260 Arbitrorjustiﬁcari
2533 3184 2833 3241 hominem
2849 3201 2951 3257 per
2966 3184 3143 3240 ﬁdem
3162 3183 3287 3240 sine
3308 3183 3580 3256 operibus

1852 3259 1894 3327 C
1931 3278 2096 3350 legis.
2129 3259 2298 3332 Latro
2331 3275 2431 3347 qui
2462 3291 2597 3330 eum
2648 3272 2894 3329 Domino
2943 3272 3256 3329 cruciﬁxus
3292 3276 3381 3328 est
3410 3272 3583 3327 corde

1933 3365 2178 3423 credidit
2207 3366 2277 3421 ad
2300 3362 2730 3437 justitiam,ore
2761 3362 3063 3417 confessus
3085 3365 3175 3417 est
3199 3361 3271 3416 ad
3304 3360 3578 3417 salutem.

1932 3457 2078 3512 Nam
2111 3455 2258 3510 ﬁdes
2288 3470 2415 3526 quae
2448 3468 2551 3525 per
2579 3449 2950 3507 dilectionem
2982 3452 3274 3522 operatur,
3298 3453 3355 3505 et
3384 3447 3434 3505 si
3464 3465 3580 3504 non

1932 3545 2010 3602 sit
2028 3546 2087 3600 in
2110 3562 2225 3617 quo
2249 3542 2502 3599 exterius
2524 3544 2814 3614 operetur,
2840 3539 2900 3594 in
2921 3539 3093 3594 corde
3112 3542 3309 3594 tamen
3332 3537 3433 3593 illa
3462 3537 3581 3594 fer—

1932 3652 2073 3692 vens
2108 3638 2390 3690 servatur.
2424 3632 2571 3687 Nam
2621 3633 2789 3686 erant
2833 3628 3073 3700 quidam
3121 3627 3182 3682 in
3225 3627 3351 3701 lege
3383 3626 3485 3700 qui
3511 3626 3581 3682 de

1933 3724 2207 3797 operibus
2237 3722 2385 3796 legis
2410 3720 2832 3795 gloriabantur,
2865 3735 2992 3790 quae
3020 3717 3265 3774 fortasse
3295 3733 3412 3772 non
3444 3715 3585 3772 dile-

1935 3815 2146 3879 ctione,
2180 3812 2280 3868 sed
2311 3812 2520 3867 timore
2552 3807 2844 3865 faciebant
2873 3824 2887 3863 :
2922 3811 2978 3863 et
3005 3807 3276 3863 volebant
3302 3823 3365 3862 se
3386 3807 3583 3878 justos

1932 3902 2137 3971 videri,
2161 3906 2219 3960 et
2241 3899 2496 3973 praeponi
2529 3898 2825 3971 gentibus,
2849 3913 2976 3969 quae
3007 3913 3156 3969 opus
3186 3895 3334 3969 legis
3360 3912 3475 3952 non
3507 3895 3585 3950 fe-

1934 3995 2153 4049 cerant.
2175 3988 2488 4062 Apostolus
2511 3992 2707 4044 autem
2731 3985 3054 4058 praedicans
3074 3985 3252 4040 ﬁdem
3283 3984 3581 4056 gentibus,

1934 4099 2069 4139 cum
2102 4098 2200 4137 eos
2232 4079 2334 4152 qui
2381 4077 2734 4134 accedebant
2760 4075 2833 4130 ad
2871 4074 3203 4141 Dominum,
3234 4073 3455 4129 videret
3483 4074 3582 4145 ju-

1934 4172 2215 4229 stiﬁcatos
2246 4185 2316 4224 ex
2347 4168 2479 4235 ﬁde,
2513 4171 2577 4221 ut
2590 4168 2717 4237 jam
2748 4164 2848 4237 qui
2881 4163 3249 4219 crediderant
3276 4163 3425 4218 bene
3455 4178 3585 4233 ope-

1933 4264 2225 4331 rarentur,
2247 4275 2364 4313 non
2407 4256 2547 4328 quia
2593 4255 2739 4310 bene
2780 4252 3003 4326 operati
3033 4254 3172 4307 sunt
3200 4252 3434 4307 credere
3460 4266 3584 4305 me-

1935 4354 2220 4415 rerentur,
2246 4344 2590 4403 exclamavit
2618 4359 2860 4399 securus
2889 4347 2948 4398 et
2978 4341 3079 4408 ait,
3102 4340 3241 4414 quia
3270 4343 3464 4412 potest
3484 4339 3583 4411 ju-

1935 4437 2173 4495 stiﬁcari
2196 4436 2371 4491 homo
2394 4450 2463 4489 ex
2484 4433 2596 4488 ﬁde
2618 4432 2743 4487 sine
2761 4431 3036 4503 operibus
3066 4428 3234 4502 legis,
3254 4432 3321 4484 ut
3348 4426 3435 4483 illi
3467 4445 3588 4484 ma-

1936 4527 2025 4603 gis
2050 4544 2163 4582 non
2189 4524 2407 4580 fuerint
2431 4521 2604 4593 justi,
2630 4519 2731 4592 qui
2762 4519 2917 4591 quod
2943 4519 3232 4574 faciebant
3262 4516 3472 4573 timore
3502 4518 3586 4572 fa-

164 4614 312 4670 ritas
344 4606 690 4680 inspiretur.
725 4602 856 4675 (Id.,
875 4601 937 4655 in
963 4598 1085 4699 psal
1123 4615 1189 4653 xc
1217 4594 1278 4649 in
1308 4591 1589 4666 prooemio
1611 4601 1661 4648 et
1676 4592 1814 4663 psal.

1936 4591 2168 4674 ciebant
2186 4630 2318 4669 cum
2344 4612 2490 4667 ﬁdes
2507 4628 2609 4683 per
2620 4608 2993 4664 dilectionem
3015 4611 3289 4680 operetur
3307 4606 3367 4662 in
3390 4607 3584 4674 corde,

164 4717 364 4767 cxv111,
397 4700 545 4753 tom.
580 4692 674 4762 ιν,
708 4709 766 4765 p.
799 4708 862 4759 ιι,
896 4685 1006 4744 col.
1045 4685 1182 4741 1574
1211 4687 1268 4739 et
1296 4685 1446 4754 seq.)

235 4799 444 4856 Omnes
471 4796 829 4867 peccaverunt
876 4794 927 4843 et
972 4790 1130 4855 egent
1155 4780 1336 4851 gloria
1363 4782 1484 4836 Dei.
1518 4778 1641 4835 Etsi
1669 4778 1829 4835 enim

157 4891 284 4963 jam
320 4899 539 4944 sumus
564 4880 624 4937 in
655 4878 885 4936 Christo
912 4891 1061 4931 nova
1083 4874 1371 4936 creatura,
1397 4873 1536 4936 etc.,
1561 4885 1731 4940 usque
1759 4868 1831 4924 ad

165 4958 534 5036 damnantis.
561 4970 692 5041 (Id.,
718 4968 810 5024 lib.
837 4965 902 5022 de
921 4964 1133 5020 Natura
1150 4968 1202 5017 et
1218 4961 1419 5030 gratia,
1440 4962 1583 5013 tom.
1609 4958 1675 5024 X,
1699 4975 1756 5031 p.
1786 4975 1826 5031 1,

164 5067 275 5125 col.
308 5064 424 5121 249
448 5065 507 5118 et
536 5058 680 5133 seq.)

241 5165 350 5224 Ubi
378 5169 461 5219 est
481 5176 610 5229 ergo
656 5155 914 5228 gloriatio
960 5149 1099 5208 tua?
1129 5150 1365 5204 Erectusa
1404 5154 1499 5203 est.
1534 5147 1639 5202 Per
1668 5163 1834 5217 quam

166 5252 389 5329 legem?
418 5246 752 5307 Factorum?
778 5245 916 5301 Non.
970 5240 1075 5298 Sed
1118 5255 1217 5329 per
1274 5239 1441 5308 legem
1494 5236 1655 5329 ﬁdei.
1703 5235 1827 5329 Sive

164 5322 606 5421 gloriationem,
633 5341 765 5405 etc.,
787 5349 957 5406 usque
977 5331 1047 5421 ad
1069 5328 1455 5421 deﬂuxerunt.
1480 5322 1611 5397 (Id.,
1635 5328 1691 5381 in
1727 5327 1823 5382 lib.

165 5416 230 5492 de
252 5433 478 5507 Spiritu
501 5437 553 5486 et
584 5429 787 5494 littera,
804 5428 946 5480 tom.
980 5420 1046 5490 X,
1078 5436 1135 5491 p.
1168 5434 1209 5490 1,
1243 5416 1352 5473 col.
1385 5416 1490 5472 210
1520 5420 1577 5471 et
1607 5421 1757 5488 seq.)

240 5534 363 5590 Lex
393 5544 532 5602 ergo
560 5527 869 5589 factorum,
884 5524 1018 5587 etc.,
1042 5533 1211 5591 usque
1238 5516 1308 5573 ad
1337 5513 1592 5590 gratuita
1620 5514 1825 5588 gratia.

169 5624 300 5697 (Id.,
333 5621 436 5677 lib.
469 5618 535 5676 de
580 5616 795 5689 Spiritu
834 5620 885 5671 et
912 5612 1115 5679 littera,
1147 5610 1290 5664 tom.
1324 5606 1389 5674 X,
1423 5622 1477 5679 p.
1512 5623 1551 5674 1,
1584 5603 1691 5661 col.
1725 5603 1831 5661 213

167 5716 225 5769 et
250 5712 408 5782 seq.)

1936 4707 2112 4763 etiam
2144 4703 2193 4760 si
2227 4700 2366 4757 foris
2414 4717 2530 4756 non
2580 4698 2697 4754 exit
2725 4697 2785 4752 in
2817 4713 3010 4770 opere.
3043 4695 3350 4769 Apostolus
3374 4696 3590 4768 praedi-

1938 4813 2102 4863 cans,
2126 4797 2259 4863 etc.,
2282 4806 2452 4862 usque
2472 4789 2542 4845 ad
2564 4787 2769 4843 multis
2790 4786 2849 4842 in
2888 4786 3035 4843 locis
3072 4784 3347 4843 ostendit.
3382 4785 3488 4858 (Id.
3520 4801 3590 4841 ea:

1939 4887 2083 4942 libro
2115 4884 2313 4952 Quaest.
2346 4880 2434 4947 83,
2460 4882 2602 4933 tom.
2636 4877 2730 4946 VI,
2757 4874 2867 4933 col.
2902 4877 2971 4931 87
2999 4880 3057 4932 et
3085 4878 3234 4948 seq.)

2010 4974 2157 5030 Cum
2187 4986 2322 5043 ergo
2357 4967 2515 5035 dicit,
2549 4970 2683 5035 etc.,
2718 4982 2888 5038 usque
2914 4964 2987 5021 ad
3024 4982 3150 5038 qua
3200 4963 3588 5036 caeteri,Apo-

1940 5063 2094 5121 stoli.
2128 5061 2259 5135 (Id.,
2295 5059 2390 5115 lib.
2414 5057 2480 5113 de
2506 5056 2641 5113 Fide
2669 5064 2722 5112 et
2747 5055 3017 5128 operibus,
3050 5057 3194 5110 tom.
3227 5054 3324 5123 VI,
3358 5052 3586 5109 001.211

1942 5158 1999 5211 et
2028 5152 2175 5224 seq.)

2005 5241 2282 5313 Quoniam
2311 5236 2532 5311 quidem
2559 5251 2703 5290 unus
2731 5241 2810 5291 est
2846 5236 2989 5289 Deus
3037 5233 3136 5304 qui
3171 5231 3439 5305 justiﬁeat
3475 5233 3591 5287 cir-

1934 5332 2322 5390 cumcisionem
2349 5343 2420 5382 ex
2448 5325 2571 5397 ﬁde,
2604 5332 2657 5380 et
2678 5323 3018 5395 praeputium
3061 5336 3162 5392 per
3215 5319 3393 5391 ﬁdem.
3429 5320 3592 5376 Unus

1937 5421 2094 5479 enim
2112 5421 2266 5476 Deus
2285 5416 2383 5488 qui
2395 5414 3018 5487 justiﬁcat,etc.,usque
3038 5410 3108 5466 ad
3125 5426 3227 5482 per
3247 5409 3443 5463 ﬁdem.
3458 5409 3591 5480 tld.,

1940 5511 2035 5569 lib.
2058 5509 2123 5565 de
2146 5508 2358 5578 Spiritu
2390 5512 2443 5559 et
2471 5504 2670 5571 littera,
2696 5504 2836 5556 tom.
2858 5499 2923 5569 X,
2946 5517 3003 5572 p.
3040 5516 3079 5565 1,
3104 5498 3211 5554 col.
3234 5498 3334 5553 231
3360 5500 3417 5553 et
3442 5494 3590 5570 seq.)

2012 5602 2199 5672 Legem
2226 5612 2352 5667 ergo
2383 5594 2714 5650 destruimus
2737 5607 2838 5665 per
2856 5589 3065 5663 ﬁdem?
3094 5588 3264 5646 Absit.
3288 5586 3391 5645 Sed
3422 5587 3597 5661 legem

1938 5691 2250 5749 statuimus.
2282 5687 2390 5742 Per
2436 5682 2625 5756 legem
2676 5679 2928 5753 cognitio
2978 5678 3223 5753 peccati,
3262 5680 3396 5748 etc.,
3426 5694 3597 5752 usque
