4100 6448
523 370 644 435 287

1726 361 1960 427 FLORI
2002 360 2324 429 DIACONI
2368 361 2748 427 MONACHI.

3826 360 3953 425 288

525 506 597 565 ad
618 502 786 564 liberi
806 501 971 563 estis.
994 502 1077 576 (Β.
1100 503 1270 578 Aug,
1293 503 1438 559 tom.
1459 498 1526 567 X,
1551 516 1609 574 p.
1632 514 1673 569 1,
1696 496 1804 556 col.
1826 496 1935 554 233
1953 503 2007 554 et
2028 498 2180 570 seq.)
2208 499 2263 567 Α
2364 496 2424 554 Si
2437 494 2647 554 veteris
2658 494 3279 572 populi,etc.,usquead
3293 493 3625 554 manebitin
3637 496 3955 555 aeternum.

1169 644 1401 703 CAPUT
1439 642 1532 700 1V.

596 776 749 848 Quid
773 786 902 847 ergo
928 775 1189 840 dicemus,
1218 780 1341 838 etc.,
1396 784 1584 841 usque
1630 766 1702 823 ad
1752 767 1845 823 sed
1893 781 2003 822 non
2034 764 2181 837 apud

522 864 715 923 Deum.
739 863 1054 938 Apostolus
1076 880 1210 918 cum
1233 858 1670 917 commendaret
1691 854 2009 947 justitiam,
2043 858 2175 947 etc.,

524 972 697 1030 usque
719 955 791 1012 ad
818 958 1017 1011 tamen
1064 954 1265 1007 secuta
1310 951 1468 1005 sunt.
1502 947 1630 1020 (Id.,
1664 947 1726 1001 in
1752 945 1895 1016 psal.
1930 956 2084 1010 XXXI,
2115 945 2181 999 in

522 1047 869 1120 praefatione,
894 1047 1037 1098 tom.
1074 1039 1164 1106 IV,
1197 1055 1254 1110 p.
1290 1055 1332 1101 1,
1365 1036 1475 1093 col.
1504 1037 1610 1091 258
1639 1038 1696 1090 et
1727 1033 1876 1106 seq.)

601 1134 741 1204 Quid
775 1134 926 1189 enim
965 1130 1254 1201 Scriptura
1283 1127 1464 1183 dicit?
1494 1124 1733 1181 Credidit
1765 1122 2049 1179 Abraham
2074 1123 2180 1179 Deo

523 1229 578 1280 et
594 1230 904 1297 reputatum
925 1227 1002 1276 est
1032 1219 1122 1274 illi
1150 1217 1220 1273 ad
1242 1215 1545 1289 justitiam.
1568 1214 1805 1268 Factum
1826 1215 1917 1268 est
1935 1210 2179 1267 verbum

522 1309 755 1367 Domini
786 1308 860 1363 ad
888 1304 1206 1370 Abraham,
1253 1307 1386 1372 etc.,
1435 1316 1608 1373 usque
1652 1298 1723 1355 ad
1772 1298 2177 1355 circumcisus.

521 1399 631 1471 (Id.
666 1399 764 1454 lib.
798 1396 863 1452 de
893 1396 1052 1453 Civit.
1075 1395 1194 1449 Dei.
1228 1392 1316 1461 46,
1349 1396 1494 1445 tom.
1521 1389 1645 1456 VII,
1679 1388 1789 1444 col.
1820 1389 1974 1457 500.)

594 1488 661 1544 Et
684 1489 783 1559 qui
809 1502 921 1541 non
950 1488 1229 1556 operatur,
1261 1479 1501 1536 credenti
1555 1485 1737 1534 autem
1791 1479 1854 1533 in
1907 1493 2034 1534 eum
2084 1478 2183 1550 qui

512 1576 786 1650 justiﬁcat
829 1575 1088 1646 impium,
1120 1578 1406 1643 reputatur
1450 1568 1581 1642 ﬁdes
1630 1568 1749 1639 ejus
1789 1566 1861 1621 ad
1897 1568 2180 1639 justitiam

521 1664 822 1724 secundum
843 1663 1182 1736 propositum
1209 1660 1410 1729 gratim
1438 1659 1560 1714 Dei.
1584 1658 1717 1726 (Id.,
1740 1655 1812 1712 ad
1831 1656 2181 1728 Boni/actum

519 1768 725 1829 papam
770 1751 972 1825 Urbis.)
1012 1750 1071 1806 Si
1123 1762 1383 1821 quarere
1432 1745 1681 1802 voluerit
1735 1749 1871 1800 ante
1928 1743 2179 1817 gratiam

525 1844 670 1918 quid
698 1840 980 1899 meruerit
1009 1843 1074 1896 ut
1105 1838 1392 1911 acciperet
1421 1851 1573 1902 eam,
1604 1834 1764 1890 mala
1811 1847 1921 1890 sua
1968 1833 2181 1906 poterit

525 1934 703 1990 homo
731 1930 991 1988 invenire
1018 1944 1135 1986 non
1164 1929 1335 1994 bona,
1368 1924 1600 1982 etiamsi
1650 1937 1784 1981 eum
1835 1923 2014 1979 unius
2063 1921 2179 1978 diei

521 2024 703 2079 vitam
731 2021 1045 2077 habentem
1079 2033 1257 2090 super
1283 2020 1499 2071 terram
1521 2012 1710 2088 gratia
1740 2012 2057 2069 Salvatoris
2087 2011 2178 2067 in-

521 2110 766 2169 venerit.
788 2108 936 2176 Quia
954 2108 1005 2164 si
1028 2106 1250 2179 aliquid
1271 2105 1407 2161 boni
1440 2107 1715 2176 operatur
1744 2102 1919 2158 homo
1953 2105 2018 2158 ut
2046 2118 2179 2175 gra-

522 2201 667 2259 tiam
698 2202 1012 2267 mereatur,
1028 2210 1145 2253 non
1162 2195 1213 2252 ei
1236 2211 1459 2251 merces
1490 2194 1819 2266 imputatur
1849 2192 2176 2249 secundum

522 2291 795 2367 gratiam,
815 2289 915 2346 sed
939 2287 1267 2343 secundum
1299 2282 1584 2340 debitum.
1610 2282 1670 2339 Si
1692 2286 1888 2338 autem
1910 2280 2097 2338 credit
2116 2281 2178 2336 in

521 2394 657 2439 eum
681 2379 781 2452 qui
790 2377 1078 2451 justiﬁcat
1098 2374 1371 2447 impium,
1388 2376 1451 2428 ut
1464 2373 1777 2444 deputetur
1799 2371 1944 2427 ﬁdes
1959 2371 2087 2443 ejus
2103 2370 2179 2426 ad

517 2468 814 2543 justitiam
844 2467 1064 2539 (justus
1093 2462 1250 2520 enim
1278 2476 1346 2519 ex
1376 2463 1490 2517 ﬁde
1517 2459 1699 2532 vivit),
1733 2459 1987 2532 profecto
2019 2463 2181 2515 ante-

523 2573 704 2632 quam
733 2555 922 2630 gratia
943 2553 1322 2626 justiﬁcetur,
1352 2551 1461 2607 hoc
1511 2553 1602 2606 est
1637 2551 1841 2622 justus
1890 2547 2181 2605 efﬁciatur

522 2647 765 2721 impius,
789 2644 929 2717 quid
952 2646 1042 2699 est
1062 2640 1178 2697 nisi
1202 2640 1422 2713 impius
1441 2639 1469 2695 ?
1498 2641 1682 2705 Quem
1715 2639 1765 2694 si
1797 2636 2062 2694 debitum
2093 2653 2180 2694 se-

524 2738 819 2809 queretur,
842 2732 979 2805 quid
1000 2732 1129 2803 ejus
1151 2729 1359 2786 merito
1387 2726 1500 2785 nisi
1523 2726 1879 2800 supplicium
1902 2727 2179 2783 reddere-

523 2830 641 2882 tur.
655 2823 716 2881 Si
726 2838 865 2897 ergo
876 2820 1085 2897 gratia,
1093 2821 1116 2892 j
1126 2837 1219 2875 am
1233 2836 1349 2876 non
1362 2835 1431 2874 ex
1452 2817 1750 2890 operibus,
1765 2816 2025 2888 alioquin
2046 2832 2178 2890 gra-

521 2914 608 2972 tia
626 2915 753 2986 jam
786 2927 898 2968 non
922 2914 1012 2967 est
1029 2909 1238 2984 gratia.
1255 2907 1540 2981 Operibus
1570 2907 1728 2964 enim
1759 2907 2025 2962 debitum
2048 2907 2179 2961 red-

525 3003 702 3070 ditur,
735 3001 926 3076 gratia
954 2999 1137 3073 gratis
1167 3000 1362 3066 datm,
1394 2998 1548 3054 nnde
1578 2997 1754 3053 etiam
1782 2999 2176 3068 nuncupatur.

524 3093 644 3150 Hoc
663 3095 752 3148 est
774 3103 923 3164 opus
945 3089 1068 3155 Dei,
1097 3091 1232 3155 etc.,
1262 3103 1438 3160 usque
1467 3086 1537 3142 ad
1568 3085 1939 3142 dilectionem
1969 3101 2180 3157 opera-

523 3185 641 3238 tur.
682 3179 816 3250 (Id.,
871 3186 1030 3235 tract.
1079 3178 1371 3247 Evangelii
1415 3175 1716 3233 secundum
1759 3176 2045 3242 Joannem,
2084 3174 2176 3242 29,

519 3274 665 3328 tam.
697 3270 799 3338 111,
833 3285 980 3342 p.11,
1013 3266 1121 3323 col.
1157 3267 1315 3323 1631.

589 3357 868 3431 Nunquid
898 3356 1052 3412 inter
1084 3356 1408 3423 credentes,
1440 3356 1577 3421 etc.,
1607 3365 1777 3425 usque
1803 3352 1873 3409 ad
1904 3356 1971 3408 ut
1998 3350 2175 3407 facia-

521 3464 655 3506 mus
682 3452 740 3505 et
767 3464 897 3504 nos.
937 3446 1072 3516 (Id.,
1121 3453 1280 3502 tract.
1331 3443 1621 3513 Evangelii
1663 3442 1964 3499 secundum
2005 3442 2176 3499 Joan-

517 3537 760 3603 ncm72,
784 3541 928 3593 tom.
963 3536 1070 3603 Ill,
1099 3551 1158 3607 p.
1192 3550 1253 3600 11,
1287 3532 1396 3589 col.
1433 3534 1573 3588 1823
1602 3535 1660 3588 et
1692 3544 1815 3604 seq.

594 3625 740 3682 Dicit
780 3623 1115 3698 Apostolus,
1147 3622 1199 3679 si
1227 3622 1546 3687 Abraham,
1579 3626 1714 3688 etc.,
1746 3637 1915 3694 usque
1936 3620 2007 3676 ad
2037 3637 2180 3693 ope-

520 3713 686 3770 ribus
715 3712 904 3770 bonis.
937 3714 1074 3783 (Id.,
1115 3718 1278 3767 tract.
1323 3711 1616 3780 Evangelii
1660 3710 1960 3766 secundum
2006 3711 2178 3766 Joan-

517 3819 668 3871 nem,
696 3803 790 3869 80,
816 3806 961 3858 tom.
994 3802 1096 3869 IlI,
1130 3817 1187 3873 p.
1222 3818 1281 3870 ιι,
1315 3799 1423 3856 col.
1458 3799 1646 3869 1843.)

591 3892 747 3949 Sicut
771 3900 824 3948 et
853 3891 1025 3947 David
1052 3890 1208 3959 dicit,
1240 3897 1363 3957 etc.,
1397 3902 1586 3961 usque
1614 3889 1687 3945 ad
1725 3890 1894 3945 etiam
1941 3890 2002 3945 in
2028 3900 2181 3961 prg-

515 3983 672 4056 putio
692 3980 720 4037 ‘I
751 3981 1085 4055 Propterea,
1109 3978 1322 4053 inquit,
1347 3978 1454 4034 tibi
1478 3977 1588 4033 hoc
1607 3977 1745 4046 dixi,
1771 3993 1804 4034 ο
1825 3976 2021 4047 homo,
2043 3981 2176 4043 etc.,

520 4087 690 4145 usque
712 4070 785 4127 ad
812 4069 1015 4126 oculos
1047 4068 1462 4126 misericOrdim
1494 4067 1616 4124 Dei.
1641 4068 1751 4140 (ld.
1777 4069 1833 4123 in
1852 4069 1996 4140 psal.
2025 4082 2179 4134 χχχι,

519 4164 662 4217 tom.
696 4159 791 4227 IV,
822 4173 879 4233 p.
915 4175 957 4229 ι,
986 4158 1096 4215 col.
1132 4158 1234 4214 261
1268 4162 1326 4213 et
1356 4160 1506 4229 seq.)

593 4251 765 4307 Fides
786 4248 1215 4314 commendari,
1240 4250 1372 4315 etc.,
1398 4262 1569 4319 usque
1586 4246 1656 4302 ad
1677 4262 1783 4319 per
1810 4245 2182 4303 dilectionem

520 4343 797 4413 operatur
826 4339 961 4413 (Id.,
988 4338 1048 4394 in
1064 4336 1208 4411 psal.
1236 4352 1406 4403 vau,
1439 4340 1583 4391 tom.
1612 4334 1704 4403 IV,
1739 4352 1795 4407 p.
1824 4352 1863 4405 1,
1888 4334 1997 4391 col.
2031 4335 2185 4408 838.)

596 4429 810 4502 Magna
857 4426 1013 4484 enim
1065 4440 1243 4499 opera
1289 4424 1544 4492 Domini,
1574 4423 1868 4497 exquisita
1893 4424 1952 4479 in
1977 4441 2183 4481 omnes

525 4516 859 4574 voluntates
886 4517 1035 4588 ejus.
1071 4514 1219 4579 Quid
1252 4514 2089 4588 megnilicentius,etc.,usque
2113 4514 2185 4571 ad

2289 585 2366 658 (Β.
2398 588 2568 658 Aug,
2622 589 2781 660 epist.
2829 588 2901 644 ad
2945 588 3310 644 Maximinum
3351 587 3647 657 Arianum,
3692 591 3838 644 tom.
3876 588 3955 661 II,

2288 675 2397 731 col.
2433 675 2550 745 96.)
3066 686 3071 689 ‘

2356 766 2475 822 Non
2503 767 2653 822 enim
2675 783 2777 839 per
2805 767 2974 838 legem
3004 767 3292 838 promissio
3321 764 3564 824 Abrahae
3581 768 3785 824 semini
3802 768 3951 839 ejus,

2287 862 2349 910 ut
2378 855 2549 911 haeres
2576 864 2711 912 esset
2740 856 2998 922 mundus,
3028 856 3120 912 sed
3146 873 3247 928 per
3263 857 3548 928 justitiam
3582 856 3739 927 ﬁdei.
3776 856 3953 915 Fides

2286 943 2551 1013 Abrahae,
2577 948 2709 1013 etc.,
2733 961 2902 1017 usque
2926 943 2995 999 ad
3017 944 3489 1016 promissionem.
3525 944 3654 1017 (Id.,
3687 945 3784 1002 lib.
3818 945 3957 1003 Sen-

2289 1035 2591 1089 tentiarum
2619 1035 2894 1107 Prosperi,
2928 1037 3072 1089 tom.
3106 1033 3173 1101 X,
3206 1051 3263 1106 p.
3297 1036 3350 1099 2,
3385 1032 3493 1089 col.
3527 1034 3712 1104 1878.)

2360 1122 2420 1178 Si
2449 1122 2608 1178 enim
2638 1121 2731 1179 lex
2750 1122 3062 1196 justificat,
3095 1126 3230 1192 etc.,
3262 1136 3435 1195 usque
3462 1122 3534 1179 ad
3566 1123 3806 1196 gavisus
3837 1126 3951 1180 est.

2286 1210 2422 1280 (Id.,
2455 1213 2516 1267 in
2545 1213 2886 1284 expositione
2912 1212 3086 1284 Epist.
3109 1212 3180 1268 ad
3211 1211 3451 1280 Galatas,
3483 1216 3627 1268 tom.
3661 1213 3763 1282 III,
3792 1229 3857 1286 p.
3890 1231 3959 1282 11,

2288 1298 2397 1356 col.
2429 1300 2619 1373 2121.)

2358 1388 2423 1445 Si
2448 1392 2598 1446 enim
2643 1392 2742 1463 qui
2787 1406 2857 1447 ea:
2903 1390 3017 1463 lege
3064 1389 3309 1449 haeredes
3361 1399 3513 1458 sunt,
3542 1391 3841 1448 exinanita
3869 1398 3957 1449 est

2286 1478 2437 1550 ﬁdes,
2457 1478 2663 1535 abolita
2692 1487 2769 1535 est
2794 1481 3084 1552 promissio
3106 1480 3593 1552 (exlib.11,oontra
3611 1481 3955 1554 lulianum.)

2290 1569 2412 1623 Imo
2443 1567 2845 1624 destrueretur
2872 1568 3209 1641 promissio,
3242 1568 3293 1625 si
3340 1586 3410 1626 ex
3451 1568 3577 1643 lege
3626 1569 3950 1643 quisquam

2286 1656 2483 1728 justus
2510 1660 2683 1713 esset.
2704 1656 2765 1713 Si
2794 1656 2953 1714 enim
2982 1658 3084 1730 qui
3115 1675 3185 1714 ex
3203 1657 3331 1731 lege
3353 1658 3614 1715 hzeredes
3633 1664 3797 1727 sunt,
3829 1659 3953 1716 exi-

2287 1745 2513 1801 manita
2543 1749 2633 1801 est
2663 1747 2828 1814 ﬁdes,
2861 1751 3143 1803 evacuata
3170 1751 3263 1803 est
3292 1746 3627 1820 promissio.
3660 1748 3770 1805 Lex
3797 1750 3956 1805 enim

2286 1836 2434 1891 iram
2461 1842 2734 1907 operatur.
2750 1836 2836 1892 Ad
2857 1835 2967 1892 hoc
2990 1836 3214 1909 utique,
3236 1841 3300 1893 ut
3314 1838 3385 1893 ad
3412 1837 3561 1894 iram
3581 1838 3951 1895 evadendam

2287 1923 2476 1998 gratia
2504 1925 2604 1980 Dei
2632 1924 2985 1998 requiratur.

2360 2015 2464 2072 Ubi
2489 2016 2641 2071 enim
2666 2031 2780 2070 non
2819 2022 2899 2071 est
2924 2015 3034 2083 lex,
3066 2031 3163 2070 nec
3187 2017 3593 2088 praevaricatio.
3628 2015 3837 2074 Omnis
3865 2016 3951 2075 le-

2287 2119 2422 2177 gem
2453 2101 2811 2176 praeteriens,
2844 2107 2982 2172 etc.,
3013 2121 3185 2177 usque
3210 2105 3282 2161 ad
3312 2105 3524 2163 merita
3553 2123 3683 2163 sua.
3715 2107 3852 2177 (Id.,
3886 2110 3953 2164 in

2282 2193 2427 2265 psal.
2461 2210 2587 2259 Lxx,
2620 2195 2761 2248 tom.
2797 2192 2890 2262 IV,
2925 2210 2983 2266 p.
3016 2210 3057 2263 1,
3093 2191 3203 2250 col.
3231 2195 3338 2251 879
3366 2198 3424 2251 et
3453 2194 3604 2268 seq.)

2360 2282 2463 2355 (Ex
2481 2281 2584 2338 lib.
2610 2290 2800 2339 contra
2815 2283 3151 2352 Iulianum.)
3173 2283 3290 2340 Cur
3320 2301 3436 2340 non
3467 2284 3747 2354 attendis,
3782 2302 3950 2361 rogo,

2286 2369 2417 2426 ideo
2447 2388 2562 2427 non
2595 2388 2723 2428 esse
2753 2371 3013 2428 haeredes
3045 2371 3118 2429 de
3146 2372 3293 2447 lege,
3328 2373 3469 2446 quia
3509 2372 3604 2431 lex
3631 2374 3780 2431 iram
3811 2392 3955 2448 ope-

2288 2460 2492 2517 ratur?
2510 2460 2618 2516 Ubi
2639 2461 2798 2516 enim
2824 2478 2942 2517 non
2974 2466 3065 2518 est
3095 2460 3208 2530 lex,
3233 2479 3338 2518 nec
3358 2463 3777 2536 pravaricatio.
3813 2464 3953 2521 Ideo

2288 2553 2485 2606 autem
2517 2566 2587 2606 ex
2616 2550 3028 2623 promissione,
3063 2551 3202 2624 quia
3253 2556 3408 2609 Deus
3467 2553 3627 2626 quod
3673 2553 3957 2626 promisit

2288 2638 2415 2713 ipse
2438 2639 2594 2695 facit.
2622 2640 2730 2706 Qui
2762 2639 2918 2696 enim
2940 2645 3231 2714 praecepta
3248 2640 3398 2715 legis
3419 2640 3662 2715 implere
3684 2659 3748 2699 se
3778 2647 3954 2716 putat

2288 2744 2391 2801 per
2406 2728 2715 2784 arbitrium
2734 2728 2979 2802 propriae
3000 2728 3320 2787 voluntatis
3338 2729 3464 2788 sine
3487 2730 3698 2804 spiritu
3722 2732 3951 2806 gratiae,

2289 2832 2457 2874 suam
2482 2817 2779 2890 justitiam
2810 2818 2936 2875 vult
2964 2820 3341 2892 constituere,
3373 2837 3490 2876 non
3516 2819 3816 2893 justitiam
3848 2820 3956 2879 Dei

2289 2922 2540 2963 sumere.

2356 2994 2478 3052 Ideo
2507 3011 2577 3053 ea:
2603 2994 2729 3068 ﬁde,
2742 3004 2803 3052 ut
2830 2996 3131 3053 secundum
3159 2998 3408 3068 gratiam
3434 2997 3598 3071 firma
3614 3000 3689 3055 sit
3710 3002 3952 3072 promis-

2286 3085 2368 3141 sio
2397 3086 2549 3141 omni
2574 3086 2795 3153 semini,
2809 3102 2923 3142 non
2938 3088 2994 3142 ei
3018 3088 3115 3159 qui
3144 3076 3214 3143 ex
3244 3087 3360 3158 lege
3388 3096 3469 3144 est
3495 3087 3691 3145 solum.
3717 3086 3946 3161 (Exlib.

2288 3191 2350 3242 11,
2382 3173 2448 3230 de
2475 3173 2754 3247 Baptismo
2780 3175 3185 3250 parvulorum.)
3226 3172 3288 3232 Id
3350 3179 3442 3233 est
3495 3175 3595 3250 qui
3637 3194 3706 3234 ex
3750 3176 3945 3234 Veteri

2204 3252 2248 3321 C
2287 3263 2663 3320 Testamento
2691 3262 2849 3320 venit
2877 3264 2950 3320 ad
2979 3258 3227 3322 Novum.

2361 3351 2467 3408 Sed
2493 3361 2544 3409 et
2571 3354 2626 3409 ei
2647 3355 2744 3426 qui
2769 3370 2840 3410 ex
2867 3353 2976 3426 ﬁde
2994 3361 3073 3411 est
3094 3354 3350 3413 Abrahae.
3364 3353 3491 3414 Non
3513 3355 3626 3413 sibi
3642 3355 3954 3430 praemissa

2285 3440 2432 3515 lege.
2474 3441 2556 3497 Ex
2598 3441 2712 3499 {ide
2759 3446 2957 3499 autem
3012 3442 3308 3501 Abraham
3361 3443 3420 3500 id
3473 3448 3563 3502 est
3618 3445 3951 3504 imitatores

2284 3531 2581 3587 Abraham
2614 3531 2769 3588 ﬁdei.

2356 3622 2467 3690 Qui
2493 3627 2574 3677 est
2592 3628 2753 3693 pater
2777 3623 3029 3678 omnium
3056 3630 3323 3692 nostrum,
3355 3624 3498 3679 sicut
3537 3625 3805 3697 scriptum
3842 3631 3950 3684 est.

2285 3710 2435 3780 Quia
2460 3718 2673 3782 patrem
2698 3712 3010 3768 multarum
3046 3714 3295 3781 gentium
3316 3714 3481 3785 posui
3507 3721 3576 3769 te.
3610 3710 3756 3769 Cum
3786 3714 3948 3787 Apo-

2288 3797 2476 3855 stolus
2510 3799 3108 3873 dicat,etc.,usquead
3135 3801 3359 3858 donum
3389 3804 3478 3858 est
3507 3800 3676 3859 fides.
3700 3800 3946 3873 (Id.,lib.

2287 3888 2354 3944 de
2377 3889 2862 3961 praedestinatione
2907 3897 3105 3959 sanet,
3158 3893 3301 3946 tom.
3352 3890 3423 3958 X,
3472 3907 3529 3964 p.
3564 3909 3604 3960 1,
3652 3891 3763 3949 col.
3793 3893 3950 3967 976.)

2360 3979 2507 4048 Quia
2530 3986 2747 4050 patrem
2774 3980 3081 4036 multarum
3107 3981 3353 4050 gentium
3377 3981 3544 4053 posui
3569 3988 3639 4037 tr.
3673 3979 3733 4038 Si
3764 3980 3947 4051 enim,

2289 4070 2425 4135 etc.,
2457 4084 2628 4140 usque
2656 4069 2727 4123 ad
2754 4069 3006 4125 servient
3031 4068 3267 4126 minori.
3301 4064 3433 4142 (Id.,
3468 4072 3530 4125 in
3553 4071 3699 4143 psal.
3731 4071 3875 4143 c111.)

2360 4153 2605 4220 Quando
2636 4168 2772 4230 ergo
2802 4155 3094 4231 promisit.
3119 4162 3256 4226 etc.,
3289 4174 3459 4243 usque
3479 4158 3551 4216 ad
3578 4160 3760 4217 donat
3788 4164 3847 4217 et
3876 4161 3953 4216 ﬁ-

2290 4242 2444 4302 dem.
2474 4245 2605 4318 (Id.,
2625 4244 2721 4302 lib.
2756 4246 2822 4303 de
2844 4246 3332 4321 praedestinatione
3360 4242 3559 4319 sanet,
3590 4243 3949 4324 tem.X,p.r,

2291 4335 2398 4391 cci.
2431 4332 2581 4409 975.)

2361 4426 2498 4481 Ante
2526 4429 2721 4495 Deum,
2755 4435 2878 4496 etc.,
2912 4442 3102 4501 usque
3149 4428 3222 4484 ad
3269 4436 3321 4485 et
3372 4442 3560 4487 arenae
3614 4431 3808 4486 maris.
3840 4422 3952 4495 Qui

2289 4518 2457 4571 Vocat
2488 4530 2576 4587 ea,
2609 4518 2743 4586 etc.,
2775 4532 2948 4588 usque
2976 4515 3046 4571 ad
3077 4514 3283 4573 fideles
3306 4515 3442 4574 facti
3472 4532 3702 4574 sumus.
3737 4516 3866 4592 (Id.,
3891 4519 3957 4575 in

528 4605 966 4679 magniﬁcentia
995 4621 1143 4676 opus
1172 4604 1320 4697 ejus.
1356 4604 1486 4677 (Id.,
1518 4605 1580 4660 in
1604 4604 1748 4676 psal.
1782 4621 1872 4673 cx,
1907 4608 2050 4660 tom.
2085 4604 2179 4672 IV,
2215 4633 2265 4697 Β
2288 4605 2432 4679 psal.
2465 4620 2553 4673 cv,
2587 4620 2798 4697 cxvm;
2831 4618 2994 4662 serm.
3024 4605 3117 4697 77,
3148 4606 3421 4697 verbis
3450 4609 3736 4697 Apostoli.)

526 4713 584 4769 p.
622 4712 680 4759 11,
713 4692 821 4749 col.
860 4693 998 4748 1464
1029 4696 1086 4747 et
1119 4692 1267 4764 seq.)

594 4784 839 4839 Dicimus
866 4784 1020 4839 enim
1069 4783 1198 4855 quia
1247 4789 1501 4854 reputate
1542 4790 1624 4838 est
1663 4782 1899 4839 Abrahae
1934 4783 2068 4854 ﬁdes
2117 4784 2187 4840 ad

519 4874 823 4947 justitiam.
860 4872 1135 4941 Quomodo
1180 4884 1307 4944 ergo
1354 4880 1605 4945 reputate
1643 4880 1721 4928 est
1746 4890 1766 4928 :
1798 4873 1863 4927 In
1891 4873 2185 4929 circumci-

525 4966 698 5031 sione,
730 4975 805 5019 an
835 4964 898 5018 in
918 4962 1244 5034 prmputio?
1272 4962 1392 5018 Non
1438 4963 1499 5017 in
1545 4962 1980 5029 circumcisione,
2008 4963 2100 5019 sed
2124 4965 2188 5019 in

524 5050 1559 5126 prmputzb.Adhibetexerhplum,etc.
1570 5058 1762 5123 ,usque
1773 5051 1844 5107 ad
1856 5051 2041 5108 multo
2056 5057 2189 5125 post

528 5143 665 5198 data
695 5146 804 5197 est.
849 5139 980 5214 (Id.,
1013 5142 1073 5195 in
1102 5142 1441 5212 expositione
1481 5141 1740 5213 Epistolas
1780 5141 1851 5197 ad
1889 5140 2067 5199 Galat.
2100 5156 2184 5213 111,

530 5235 673 5287 tom.
709 5231 810 5295 l-ll,
843 5246 899 5301 p.
935 5245 993 5298 11,
1027 5228 1137 5286 col.
1168 5229 1356 5300 2118.)

604 5325 673 5377 Et
713 5321 937 5389 signum
981 5320 1187 5392 accepit
1226 5320 1680 5386 circumcisionis,
1722 5327 1845 5389 etc.,
1877 5338 2066 5394 usque
2116 5324 2187 5379 ad

533 5424 657 5482 quae
679 5416 759 5464 est
780 5410 840 5464 in
854 5410 1132 5482 praeputio
1147 5411 1327 5481 patris
1348 5410 1529 5465 nostri
1548 5408 2190 5470 Abrahaeﬂircumcisio

2364 4697 2431 4751 Et
2456 4712 2570 4750 non
2600 4695 2909 4767 inﬁnnatus
2952 4703 3031 4752 est
3057 4696 3119 4751 in
3144 4695 3276 4769 ﬁde,
3308 4710 3408 4754 nec
3437 4694 3802 4755 consideravit
3830 4712 3954 4754 cor-

2288 4796 2393 4857 pus
2448 4801 2612 4840 suum
2661 4791 2985 4856 emortuum,
3030 4802 3156 4841 cum
3203 4786 3327 4859 jam
3378 4787 3494 4860 fere
3547 4795 3765 4844 ceruum
3817 4796 3954 4845 esset

2294 4890 2589 4944 annorum,
2617 4880 2671 4932 et
2695 4882 3001 4932 emortuam
3027 4876 3249 4932 vulvam
3294 4876 3505 4936 Sarrae.
3537 4877 3831 4951 Scriptum
3863 4882 3958 4934 est
3986 4946 3995 4953 _

2296 4964 2356 5019 in
2388 4962 2649 5037 Epistula
2703 4964 2777 5020 ad
2831 4962 3123 5022 Hebraeos.
3182 4964 3342 5033 Fide,
3374 4970 3506 5037 etc.,
3538 4978 3713 5041 usque
3752 4965 3825 5023 ad
3864 4971 3955 5024 est

2296 5054 2534 5110 mortui.
2566 5054 2698 5124 (Id.,
2728 5055 2825 5111 lib.
2857 5053 2923 5111 de
2955 5055 3072 5112 Civ.
3104 5054 3534 5125 Dei.,xv1.tom.
3564 5052 3689 5125 VH,
3720 5054 3958 5113 1:01.507

2296 5148 2355 5202 et
2376 5146 2529 5218 seq.)

2367 5236 2433 5290 In
2460 5236 2880 5307 repmmissione
2907 5236 3058 5292 enim
3079 5235 3345 5308 Dei,etc.,
3364 5237 3639 5309 usquead
3661 5234 3957 5293 Dominum

2294 5332 2546 5381 nostrum
2570 5340 2605 5380 a
2640 5326 2893 5381 mortuis.
2926 5322 3293 5381 Promittenti
3341 5325 3594 5384 credidit
3634 5325 3952 5395 Abraham,

2298 5419 2435 5483 etc.,
2464 5430 2635 5487 usque
2664 5414 2737 5470 ad
2762 5428 2878 5471 non
2909 5415 3148 5471 fuerunt
3177 5414 3499 5489 (Id.,lib.de
3526 5416 3652 5475 Cor.
3685 5417 3952 5490 eli-gratia,

533 5497 726 5555 carnis
756 5495 885 5571 lege
915 5501 1203 5571 praecepta
1242 5502 1348 5567 est,
1389 5502 1523 5565 etc.,
1564 5514 1733 5572 usque
1771 5500 1843 5555 ad
1873 5500 2000 5572 jam
2044 5500 2195 5558 liber
2300 5508 2441 5561 tom.
2475 5503 2541 5573 X,
2574 5521 2632 5578 p.
2666 5522 2706 5574 1,
2740 5504 2850 5561 col.
2880 5505 3033 5578 938.)

535 5591 646 5645 est.
677 5587 813 5660 (Id.,
845 5588 942 5643 lib.
993 5586 1399 5645 Sententian
1446 5590 1725 5661 Prosperi,
1755 5591 1898 5645 tom.
1933 5590 2001 5659 X,
2037 5607 2093 5664 p.
2127 5610 2190 5661 11,

538 5676 650 5734 col.
686 5676 869 5747 1-885.)

2370 5594 2703 5651 Cavendum
2733 5596 2841 5665 est,
2874 5598 3010 5662 etc.,
3045 5608 3216 5669 usque
3245 5596 3315 5652 ad
3345 5598 3659 5654 mereatur.
3689 5593 3823 5669 (Id.,
3855 5595 3950 5652 lib.

2301 5683 2367 5741 de
2390 5683 2570 5757 prazd.
2606 5692 2781 5742 sanet.
2814 5688 2959 5742 tom.
2991 5684 3058 5756 X,
3092 5702 3150 5759 p.
3186 5704 3223 5757 1,
3256 5684 3366 5743 col.
3398 5686 3552 5757 963.)
