4100 6470
129 412 243 472 289

999 415 1411 479 EXPOSI'I‘IO
1454 417 1531 477 IN
1582 416 1747 477 EPP.
1797 418 2054 480 PAULI.
2088 452 2165 462 —
2197 419 2319 479 ΕΡ.
2365 421 2468 480 AD
2518 420 2706 482 ROM.

3440 424 3559 488 290

196 549 316 603 Hoc
368 546 675 619 promittit
717 551 893 616 Deus,
921 552 1058 619 etc.,
1086 565 1257 622 usque
1294 549 1366 605 ad
1394 549 1680 606 debitum.
1715 550 1796 623 (S.
1830 552 1884 620 Α
1913 549 2109 623 impiis
2138 554 2408 608 mortuus
2436 554 2544 609 est.
2568 552 2953 615 Desiderabas
2983 558 3179 611 autem
3210 555 3412 614 omnia
3430 573 3561 630 pos-

127 639 294 710 Aug.,
333 636 442 692 lib.
479 636 893 694 Sententian
918 639 1220 711 Prosperi.)

197 726 303 794 Qui
332 727 591 783 traditus
617 735 698 785 est
721 736 947 801 propter
978 729 1172 785 delicta
1200 736 1389 785 nostra
1415 736 1468 786 et
1496 730 1803 789 resurrexit

122 823 345 889 propter
354 817 826 888 justiﬁcationem
840 826 1107 875 nostram.
1130 817 1237 882 Qui
1260 822 1430 875 senat
1449 834 1654 875 omnes
1677 818 1800 875 lan-

124 922 340 978 guores
374 910 537 974 tuos,
560 910 697 976 etc.,
728 923 900 980 usque
935 908 1007 963 ad
1046 908 1107 963 in
1146 897 1377 963 coelum.
1402 908 1533 977 (Id.,
1565 910 1625 964 in
1654 908 1796 981 psal.

128 1012 217 1063 cu,
246 999 407 1051 tom.
443 995 544 1065 IV,
572 1012 630 1068 p.
666 999 722 1063 2,
758 995 863 1053 col.
901 996 1085 1070 4321.)
1606 986 1613 991 “

197 1084 492 1141 Traditus
516 1090 609 1143 est
639 1089 874 1158 propter
902 1085 1115 1142 delicta
1141 1090 1361 1155 nostra,
1386 1090 1520 1154 etc.,
1542 1103 1710 1160 usque
1731 1087 1802 1142 ad

127 1178 412 1247 resurgat
464 1174 721 1247 justitia.
772 1174 858 1248 (Id
916 1191 1080 1232 serm.
1137 1177 1203 1233 de
1251 1178 1481 1245 Pascha,
1542 1181 1687 1233 tom.
1726 1175 1798 1245 V,

126 1267 279 1336 part.
316 1279 364 1333 ι,
395 1263 511 1319 col.
546 1264 735 1334 1120.)

804 1351 1037 1411 CAPUT
1074 1352 1144 1407 V.

193 1441 523 1512 Justiﬁeati
549 1456 699 1513 ergo,
730 1448 853 1509 etc.,
887 1459 1076 1515 usque
1105 1442 1178 1501 ad
1210 1444 1271 1499 in
1298 1459 1391 1516 spe
1418 1444 1617 1513 glorise
1655 1444 1803 1515 ﬁlio-

129 1547 251 1585 rum
284 1531 415 1593 Dei.
442 1529 763 1591 Justiﬁeati
794 1534 990 1591 autem
1015 1531 1198 1605 gratis
1225 1548 1348 1604 per,
1371 1536 1508 1600 etc.,
1530 1548 1703 1606 usque
1735 1533 1805 1591 ad

129 1617 427 1693 suscepit.
452 1618 586 1689 (Id.,
609 1619 683 1679 ad
722 1621 907 1693 Bonif.
935 1637 1138 1693 papam
1184 1622 1361 1690 Urbis,
1395 1624 1536 1679 tom.
1568 1621 1635 1693 X,
1669 1638 1726 1695 p.
1760 1639 1802 1694 1,

129 1708 239 1765 col.
271 1709 392 1765 579
421 1712 482 1765 et
511 1711 661 1782 seq.)

194 1798 319 1855 Non
355 1799 540 1854 solum
566 1806 770 1867 autem,
802 1806 926 1867 etc.,
959 1816 1148 1873 usque
1190 1800 1261 1857 ad
1294 1801 1393 1872 qui
1419 1800 1578 1861 datus
1602 1808 1683 1857 est
1710 1817 1806 1861 no-

131 1889 232 1944 bis.
268 1888 408 1944 Non
440 1887 643 1961 itaque
671 1904 776 1962 per
804 1905 933 1957 nos,
958 1893 1091 1961 etc.,
1123 1905 1294 1964 usque
1330 1890 1400 1951 ad
1438 1890 1803 1967 patientiam.

131 1978 264 2047 (Id.,
286 1977 479 2034 Iib.de
497 1977 627 2033 Cra.
652 1984 707 2033 et
726 1977 882 2034 liber.
904 1979 1130 2045 arbitr.,
1152 1978 1373 2047 tom.X,
1393 1996 1451 2053 p.
1471 1996 1510 2048 1,
1527 1978 1635 2034 col.
1654 1979 1807 2051 905.)

196 2066 325 2121 Nec
352 2082 462 2120 nos
484 2070 735 2136 moveat,
759 2069 891 2133 etc.,
915 2082 1084 2138 usque
1104 2066 1175 2121 ad
1204 2083 1311 2123 nos
1332 2066 1804 2125 immutabimur.

131 2154 264 2223 (Id.,
284 2154 360 2210 de
387 2155 571 2231 Agone
601 2155 939 2225 Christiano,
964 2160 1109 2213 tom.
1132 2154 1227 2225 VI,
1252 2154 1361 2211 col.
1382 2156 1536 2226 295.)

200 2243 278 2299 Ut
313 2247 518 2298 autem
551 2242 692 2299 mali
724 2244 915 2312 bonis,
941 2249 1075 2313 etc.,
1097 2261 1268 2316 usque
1296 2245 1366 2300 ad
1396 2246 1569 2302 datus
1602 2250 1690 2302 est
1712 2262 1810 2301 no-

127 2334 242 2389 bis.
268 2332 412 2406 (Id.,
446 2332 543 2389 lib.
577 2337 787 2404 Quaest.
820 2335 912 2401 83,
946 2338 1087 2391 tom.
1121 2334 1217 2399 VI,
1252 2333 1363 2392 col.
1395 2335 1509 2407 93.)
1776 2396 1785 2403 I

196 2423 343 2495 Spes
371 2430 559 2481 autem
589 2439 701 2481 non
730 2423 1036 2496 confundit.
1060 2424 1203 2495 Quis
1234 2428 1324 2480 est
1355 2424 1458 2496 qui
1499 2424 1810 2479 confundi-

126 2512 265 2568 tur?
278 2516 611 2585 etc.,usque
631 2512 702 2568 ad
721 2512 1079 2569 conscientia
1095 2513 1360 2586 sua.(Id.,
1377 2515 1433 2568 in
1456 2513 1597 2586 psal.
1617 2531 1809 2571 χχχιι.

129 2608 277 2658 tom.
319 2600 416 2670 ιν,
449 2618 508 2675 p.
542 2618 584 2668 ι,
615 2600 727 2658 col.
760 2604 867 2658 368
896 2605 955 2657 et
983 2606 1132 2677 seq.)

202 2692 360 2761 Quia
389 2691 636 2746 charitas
666 2692 771 2751 Dei
798 2690 1007 2764 diﬂ‘usa
1027 2698 1107 2749 est
1136 2692 1197 2745 in
1227 2690 1480 2748 cordibus
1502 2693 1701 2749 nostris
1717 2708 1818 2764 per

130 2781 424 2855 Spiritum
452 2788 705 2835 sanctum
730 2781 832 2853 qui
860 2779 1023 2836 datus
1052 2788 1130 2836 est
1160 2781 1338 2836 nobis.
1369 2782 1416 2837 A
1447 2798 1563 2854 quo
1597 2781 1710 2836 nisi
1742 2780 1816 2841 ab

133 2869 263 2937 illo,
292 2873 408 2925 etc.
420 2909 435 2937 ,
460 2885 634 2941 usque
666 2869 739 2924 ad
773 2869 1028 2942 cooperit
1067 2868 1512 2925 multitudinem
1551 2874 1818 2943 peccato-

134 2977 302 3016 rum.
332 2958 467 3028 (Id.,
493 2958 597 3015 lib.
624 2957 691 3014 de
713 2962 839 3017 Nat.
864 2967 915 3015 et
933 2975 1078 3029 gra.,
1102 2975 1172 3018 ea:
1198 2975 1443 3017 sermone
1461 2960 1531 3020 ad
1554 2961 1820 3034 populum

138 3050 207 3106 de
240 3048 463 3121 blasph.
494 3046 741 3121 Spiritus
770 3050 964 3105 sancti.

213 3139 347 3212 Ego
379 3136 652 3205 arbitror,
678 3140 811 3194 etc..
834 3154 1006 3210 usque
1023 3138 1095 3194 ad
1124 3138 1435 3212 coagulum
1459 3156 1573 3196 non
1596 3142 1815 3195 tenent.

141 3229 286 3299 (Id.,
314 3243 483 3284 serm.
508 3227 697 3283 Ascon.
723 3228 966 3296 Domini,
990 3231 1034 3284 t.
1057 3226 1126 3294 V,
1151 3245 1209 3301 p.
1233 3245 1272 3297 ι,
1298 3227 1408 3284 col.
1434 3228 1574 3284 1223
1593 3231 1649 3284 et
1670 3229 1817 3301 seq.)

1907 637 2115 707 sidere,
2150 639 2268 696 noli
2307 657 2413 713 per
2442 640 2769 709 avaritiam,
2810 643 2912 699 sed
2972 659 3076 715 per
3130 643 3404 716 pietatem
3449 645 3560 702 hoc

1906 744 2183 801 querere.
2207 727 2268 784 Si
2297 729 2455 785 enim
2487 730 2570 786 ita
2599 730 2923 803 qumsieris,
2946 731 3294 803 possidebis.
3312 733 3560 792 Tonrbis

1906 817 2065 873 enim
2097 833 2232 873 eum
2263 835 2368 890 per
2391 836 2565 892 quem
2596 819 2749 876 facta
2777 826 2916 877 sunt
2938 822 3156 890 omnia,
3180 826 3237 878 et
3266 839 3401 879 cum
3430 823 3559 897 ipso

1906 906 2108 962 omnia
2143 907 2491 979 possidebis.

1979 994 2329 1052 Conunendat
2365 1006 2549 1053 autem
2576 1015 2735 1054 suam
2763 1000 3088 1057 charitatem
3125 1005 3271 1057 Deus
3296 1003 3359 1057 in
3382 1002 3559 1073 nobis,

1905 1092 2033 1155 etc.,
2065 1101 2254 1157 usque
2283 1086 2353 1141 ad
2382 1080 2526 1142 salui
2552 1089 2760 1144 erimus
2790 1090 2850 1144 in
2874 1091 2990 1146 vita
3017 1091 3210 1162 ipsius.
3236 1091 3562 1165 Incompre~

1908 1171 2220 1230 hensibilis
2250 1179 2340 1230 est
2385 1174 2619 1232 dilectio
2649 1193 2784 1249 qua,
2807 1180 2942 1243 etc.,
2964 1195 3136 1251 usque
3164 1179 3235 1235 ad
3280 1182 3424 1237 socii
3455 1182 3562 1239 de-

1909 1260 2203 1319 beremus.
2230 1263 2358 1335 (Id.,
2381 1281 2452 1321 ex
2491 1273 2723 1321 tractatu
2751 1268 3038 1337 Evangelii
3076 1270 3374 1326 secundum
3399 1273 3559 1335 Joan.

1909 1367 2000 1418 cx,
2046 1354 2103 1407 et
2150 1354 2211 1408 in
2253 1354 2397 1426 psal.
2432 1371 2633 1427 uxxv,
2666 1358 2810 1411 tom.
2845 1356 2944 1424 IlI,
2993 1374 3049 1430 p.
3082 1375 3143 1427 ιι,
3179 1357 3287 1415 col.
3322 1361 3460 1416 1923
3505 1364 3565 1417 et

1909 1442 2062 1513 seq.)

1981 1530 2344 1588 Testimonia
2386 1532 2604 1606 quippe
2652 1532 2774 1600 Dei,
2808 1538 2941 1604 etc.,
2966 1552 3136 1608 usque
3160 1538 3231 1594 ad
3257 1538 3427 1598 nobis
3454 1539 3564 1603 do-

1910 1619 2091 1674 navit.
2125 1620 2254 1689 (Id.,
2299 1637 2371 1677 ea:
2413 1629 2653 1678 tractatu
2692 1623 2835 1695 psal.
2876 1640 3070 1694 cxvnl,
3120 1629 3263 1681 tom.
3288 1627 3381 1683 IV.
3413 1645 3472 1702 p.
3504 1631 3563 1699 2,

1909 1707 2023 1765 col.
2065 1710 2249 1778 1515.)

1983 1795 2246 1853 Primum
2274 1798 2445 1854 nobis
2475 1800 2975 1872 persuadendum,
2996 1806 3131 1870 etc.,
3154 1821 3329 1878 usque
3355 1805 3426 1861 ad
3444 1823 3572 1879 per.

1914 1885 2243 1942 licerentur.
2279 1888 2410 1958 (Id.,
2440 1889 2536 1945 lib.
2578 1890 2644 1946 de
2684 1891 2949 1948 Trinitate
2985 1906 3064 1962 tv,
3098 1897 3241 1950 tom.
3274 1894 3423 1965 VIII,
3456 1896 3567 1953 col.

1914 1977 2019 2030 887
2048 1981 2107 2031 et
2132 1978 2283 2049 seq.)

1915 2067 2195 2137 Quoniam
2221 2083 2346 2121 eum
2372 2067 2551 2123 adhuc
2573 2077 2878 2139 peccatores
2914 2087 3167 2140 essenms,
3200 2072 3447 2131 Christus
3468 2091 3575 2147 pro.

1916 2154 2069 2209 nobis
2094 2162 2339 2211 mortuus
2379 2161 2482 2222 est,
2514 2161 2626 2211 etc.
2651 2157 2778 2212 Non
2811 2157 2992 2214 alium
3048 2161 3286 2217 modum
3316 2163 3570 2235 possibi-

1915 2240 2055 2307 lem,
2077 2247 2209 2309 etc.,
2238 2260 2408 2316 usque
2438 2244 2507 2300 ad
2544 2245 2753 2301 fortius
2793 2250 2882 2302 est
2919 2248 3280 2306 hominibus.
3305 2252 3435 2321 (Id.,
3470 2253 3568 2310 lib.

1916 2332 1980 2388 de
2011 2333 2204 2388 Trinit.
2238 2350 2359 2399 xm,
2382 2338 2525 2389 tom.
2551 2333 2705 2405 VIII,
2736 2335 2845 2391 col.
2880 2337 3018 2392 4024
3049 2342 3107 2393 et
3138 2340 3283 2412 seq.)

1988 2421 2050 2477 Si
2078 2423 2245 2489 enim,
2269 2427 2403 2491 etc.,
2424 2440 2611 2495 usque
2640 2425 2711 2480 ad
2742 2426 2885 2480 salvi
2913 2428 3119 2487 erimus
3150 2430 3211 2483 in
3234 2431 3345 2487 vita
3376 2432 3568 2503 ipsius,

1921 2511 2067 2583 Ergo
2090 2529 2191 2583 pro
2223 2511 2423 2584 impiis
2441 2512 2712 2568 Christus
2735 2520 3007 2571 mortuus
3028 2519 3136 2583 est,
3159 2520 3291 2586 etc.,
3314 2535 3486 2591 usque
3504 2520 3575 2576 ad

1921 2601 2023 2656 sed
2053 2617 2158 2672 pro
2190 2601 2378 2656 nobis.
2404 2602 2535 2674 (Id.,
2561 2619 2725 2658 serm.
2757 2604 2821 2660 de
2852 2607 3114 2665 Passim
3142 2606 3409 2681 Domini.)

1922 2690 2097 2747 Multo
2125 2691 2301 2761 magis
2327 2707 2477 2746 nunc
2495 2691 2788 2763 justiﬁcati
2817 2695 2879 2748 in
2906 2698 3180 2764 sanguine
3210 2698 3402 2768 ipsius,
3434 2699 3578 2755 salvi

1922 2780 2128 2838 erimus
2159 2781 2229 2834 ab
2260 2782 2347 2834 ira
2388 2796 2488 2851 per
2534 2782 2734 2853 ipsum.
2765 2781 2946 2839 Filius
2977 2783 3100 2851 Dei,
3124 2790 3257 2851 etc.,
3291 2803 3463 2859 usque
3506 2788 3578 2851 ad

1925 2868 2176 2941 impium
2209 2867 2501 2940 relinquet
2532 2869 2718 2942 pium.
2746 2870 2850 2944 (Id.
2884 2874 2943 2927 in
2968 2874 3112 2945 psal.
3144 2879 3319 2944 xcvr)

1997 2960 2113 3013 Cur
2141 2974 2276 3031 ergo
2306 2974 2424 3014 non
2464 2958 2627 3016 ﬁeret
2656 2976 2814 3016 mors
2846 2961 3079 3031 Christi,
3112 2966 3247 3031 etc.,
3293 2964 3462 3038 usque
3506 2966 3579 3023 ad

1927 3046 2271 3119 spiritaliter
2318 3052 2708 3121 regeneratos.
2730 3050 2865 3118 (Id.,
2900 3051 2997 3107 lib.
3029 3052 3095 3108 de
3138 3054 3336 3111 Trinit.
3368 3074 3491 3126 xm,
3525 3074 3575 3114 c.

1926 3152 2041 3202 xw,
2073 3140 2214 3191 tom.
2247 3137 2396 3203 VIII,
2424 3137 2533 3193 col.
2567 3138 2708 3193 4030
2735 3143 2794 3194 at
2824 3140 2971 3212 seq.)

1999 3227 2292 3295 Propterea
2320 3227 2463 3281 sicut
2505 3242 2605 3298 per
2643 3243 2818 3282 unum
2845 3228 3119 3285 hominem
3163 3243 3444 3303 peccatum
3491 3237 3578 3291 in-

214 3315 498 3373 Charitas
528 3320 845 3390 congregat
873 3333 1001 3373 nos.
1027 3318 1174 3384 Quia
1205 3334 1341 3374 vero
1385 3317 1545 3383 dicit,
1567 3321 1701 3387 etc.,
1722 3335 1815 3375 us-
1845 3302 1889 3368 C
1927 3316 2092 3370 travit
2121 3315 2182 3369 iu
2211 3315 2357 3370 hunc
2382 3315 2670 3383 mundum,
2703 3325 2756 3375 et
2793 3333 2894 3388 per
2922 3302 3205 3389 peccatum
3231 3339 3396 3392 mors,
3424 3333 3477 3380 et
3499 3326 3581 3381 ita

139 3423 252 3481 que
307 3405 381 3462 ad
432 3403 688 3479 Spiritus
736 3405 861 3462 Dei.
885 3405 1104 3476 (Id.,in
1153 3422 1399 3463 sermone
1449 3408 1618 3479 Epist.
1658 3409 1816 3463 Joan.

142 3503 297 3553 tom.
334 3494 441 3563 III,
474 3511 533 3568 p.
566 3511 629 3564 ιι,
666 3493 777 3551 col.
811 3494 1000 3566 2032.)

215 3585 395 3641 Unde
426 3582 673 3653 scimus,
698 3588 832 3652 etc.,
855 3602 1027 3659 usque
1054 3585 1124 3642 ad
1145 3587 1319 3643 datus
1350 3589 1438 3641 est
1467 3585 1658 3642 nobis.
1686 3586 1817 3659 (Id.,

140 3692 316 3733 εει-τη.
351 3674 451 3753 Ep.
482 3675 537 3742 8,
568 3675 750 3742 Joan.,
782 3678 929 3731 tom.
961 3675 1060 3745 III,
1094 3692 1150 3749 p.
1181 3679 1236 3743 2,
1270 3674 1377 3731 col.
1403 3676 1592 3746 2043.)

217 3764 402 3822 Dedit
430 3764 589 3820 dona
615 3762 979 3832 hominibus,
1012 3767 1144 3831 etc.,
1176 3780 1348 3839 usque
1376 3764 1446 3820 ad
1485 3765 1587 3837 qui
1620 3764 1822 3822 dilexit

145 3871 280 3911 nos.
318 3852 454 3927 (Id.,
486 3868 651 3908 serm.
682 3869 834 3919 xuv,
867 3852 932 3908 de
960 3854 1109 3909 verb.
1141 3853 1373 3926 Evang.)

216 3944 382 4017 Eego
414 3941 574 3998 unde
606 3942 713 3997 tibi
746 3941 1023 4011 charitas,
1058 3947 1191 4010 etc.,
1226 3959 1395 4016 usque
1424 3942 1495 3999 ad
1527 3943 1699 4000 datus
1732 3946 1821 4000 est

142 4032 326 4089 nobis
384 4032 464 4104 (Β.
504 4030 677 4104 Aug.,
712 4047 875 4087 serm.
924 4030 990 4087 de
1044 4030 1189 4088 verb.
1239 4032 1418 4104 Apost.
1450 4032 1541 4104 81,
1573 4034 1714 4088 tom.
1745 4031 1814 4105 V,

143 4125 304 4195 part.
342 4138 382 4188 ι,
417 4118 526 4175 col.
558 4118 711 4191 923.)

222 4211 482 4267 Prorsus
512 4208 855 4265 donumst
901 4208 1028 4279 Dei,
1058 4212 1191 4280 etc.,
1216 4225 1387 4282 usque
1430 4209 1502 4266 ad
1547 4212 1604 4266 et
1652 4209 1815 4267 Filio.

142 4301 285 4372 (Id..
313 4299 416 4356 lib.
450 4298 578 4355 Sen.
611 4299 886 4371 Prosperi,
914 4302 1056 4355 tom.
1089 4298 1154 4365 X,
1189 4316 1248 4372 p.
1277 4302 1331 4369 2,
1361 4298 1471 4355 col.
1504 4299 1687 4373 4894.)

223 4390 293 4447 Ut
320 4387 461 4461 quid
491 4389 643 4444 enim
674 4387 939 4456 Christus,
969 4393 1104 4455 etc.,
1133 4390 1257 4461 quis
1284 4388 1485 4445 audeat
1510 4391 1673 4446 mori.
1706 4390 1822 4446 Aut

142 4496 284 4536 vero
318 4494 429 4552 pro
461 4476 728 4547 minimo,
761 4482 894 4545 etc.,
927 4493 1101 4550 usque
1136 4478 1208 4533 ad
1248 4482 1558 4535 secuturus
1590 4495 1672 4535 es.
1704 4479 1814 4550 (Id.

144 4571 209 4626 in
235 4567 391 4642 psal.
416 4582 645 4636 cnvm,
680 4571 824 4623 tem.
857 4566 953 4649 IY,
984 4585 1042 4641 p.
1077 4584 1137 4635 ιι,
1172 4566 1282 4624 col.
1311 4567 1493 4641 4942).

221 4657 433 4715 Omnia
459 4657 603 4712 mihi
632 4655 837 4713 tradita
864 4663 1011 4725 sunt,
1035 4654 1251 4729 inquit,
1278 4674 1311 4712 a
1339 4658 1504 4714 Patre
1524 4673 1660 4713 meo.
1686 4657 1817 4714 For-
1847 4679 1894 4743 D

143 4753 311 4805 tasse
363 4745 630 4802 dicturus
675 4762 759 4802 es.
792 4744 1023 4801 Christo
1080 4749 1221 4801 sunt
1273 4746 1489 4802 tradita
1546 4747 1815 4819 nunquid

145 4835 346 4894 mihi?
364 4834 514 4892 Audi
536 4834 881 4908 Apostolum
905 4834 1195 4892 dicentem
1217 4852 1230 4891 :
1254 4836 1424 4905 Audi,
1448 4840 1515 4891 ut
1534 4835 1650 4891 dixi
1664 4829 1813 4910 jam-

145 4927 409 4994 dudum,
443 4941 517 4980 ne
546 4923 949 4997 desperatione
990 4923 1297 4998 frangaris.
1330 4925 1480 4980 Audi
1520 4925 1813 4998 quomodo

146 5020 394 5073 amatus
438 5029 501 5071 es
547 5029 666 5071 non
717 5014 1030 5070 amandus.
1057 5014 1209 5070 Audi
1241 5014 1535 5087 quomodo
1583 5018 1814 5071 amatus

146 5122 210 5163 es
241 5102 466 5177 turpis,
492 5102 699 5173 icedus,
725 5106 1041 5176 antequam
1083 5106 1238 5162 esset
1265 5102 1327 5158 in
1359 5105 1416 5159 te
1445 5103 1601 5175 quod
1631 5103 1815 5160 amari

146 5195 407 5269 dignum
455 5195 632 5249 esset.
665 5193 909 5249 Amatus
950 5208 1012 5248 es
1055 5192 1222 5266 prius
1272 5196 1338 5248 ut
1387 5193 1603 5267 dignus
1650 5194 1818 5250 ﬁeres

147 5284 253 5357 qui
287 5282 598 5339 amatoris.
623 5280 852 5339 Etenim
888 5282 1133 5339 Christus
1158 5282 1335 5351 (sicut
1371 5281 1453 5338 ait
1479 5281 1814 5355 Apostolus)

140 5389 247 5448 pro
278 5373 477 5445 impiis
502 5379 754 5429 mortuus
782 5378 880 5428 est.
913 5373 1002 5428 An
1032 5371 1182 5429 forte
1222 5371 1443 5445 impius
1483 5373 1817 5429 merebatur

146 5460 388 5518 amari?
425 5461 629 5527 Quaero
676 5460 818 5534 quid
858 5461 1194 5518 merebatur
1237 5461 1499 5535 impius?
1544 5462 1815 5518 damnari

144 5549 501 5626 respondes.
544 5549 814 5607 Christus
870 5553 1068 5607 tamen
1127 5568 1232 5624 pro
1288 5550 1489 5625 impiis
1547 5555 1816 5608 mortuus

145 5645 262 5701 est.
283 5639 432 5697 Ecce
451 5638 593 5713 quid
615 5638 723 5699 tibi
744 5638 1072 5713 prestitum
1087 5643 1178 5697 est
1194 5639 1395 5715 impio.
1408 5641 1441 5698 3
1447 5657 1542 5698 am
1558 5639 1654 5715 pio
1672 5639 1816 5715 quid

144 5731 465 5792 servatur?
488 5728 637 5802 Quid
675 5727 1004 5807 prestitum
1034 5732 1124 5799 est
1152 5728 1374 5809 impio?
1413 5729 1680 5792 Christus
1711 5745 1816 5808 pro

1927 3406 1989 3460 in
2016 3419 2200 3460 omnes
2228 3404 2472 3459 homines
2495 3406 2840 3476 pertransiit.
2864 3405 3068 3462 Prima:
3092 3411 3580 3483 transgressionis

1927 3496 2231 3567 peccatum
2262 3509 2376 3549 non
2409 3492 2846 3566 propagatione.
2874 3499 3009 3563 etc.,
3032 3512 3202 3570 usque
3229 3499 3300 3554 ad
3324 3501 3425 3556 sed
3459 3518 3579 3559 una

1928 3599 2082 3638 caro.
2108 3581 2239 3655 (Id.,
2273 3581 2372 3637 lib.
2412 3598 2428 3637 ι
2467 3580 2532 3638 de
2576 3584 2857 3655 Baptismo
2906 3587 3287 3657 parvulorum,
3337 3592 3479 3646 tom.
3512 3589 3579 3661 X,

1928 3688 1985 3744 p.
2019 3690 2054 3738 ι,
2088 3669 2196 3726 col.
2234 3671 2337 3726 114
2368 3674 2426 3727 et
2458 3675 2606 3744 seq.)

2000 3761 2113 3817 Sed
2143 3760 2320 3817 homo
2349 3760 2526 3818 habet
2553 3765 2611 3818 et
2639 3779 2872 3835 pcnnam
2904 3764 3222 3838 propriam,
3244 3769 3376 3834 etc.,
3411 3785 3585 3842 usque

1928 3851 1997 3907 ad
2028 3867 2216 3924 genus
2263 3849 2613 3906 humanum.
2646 3851 2778 3924 (Id.,
2824 3852 3133 3921 Enchirid.,
3165 3858 3307 3913 tom.
3341 3857 3436 3927 VI,
3470 3856 3582 3914 col.

1928 3942 2034 3996 244
2062 3944 2121 3996 et
2150 3940 2301 4012 seq.)

1988 4029 2210 4084 'Praater
2238 4027 2348 4086 hoc
2378 4028 2703 4097 vinculum,
2736 4034 2870 4099 etc.,
2902 4047 3072 4104 usque
3118 4031 3189 4087 ad
3232 4032 3417 4089 Adam
3465 4052 3583 4099 non

1928 4122 2018 4175 est
2046 4122 2240 4174 natus.
2264 4118 2394 4191 (Id.,
2430 4119 2486 4174 in
2514 4120 2660 4191 psal.
2695 4137 2745 4186 ι.,
2778 4123 2921 4175 tom.
2955 4120 3050 4188 1V,
3083 4137 3141 4193 p.
3175 4136 3216 4189 ι,
3248 4122 3357 4178 col.
3388 4124 3490 4179 591
3525 4128 3583 4181 et

1928 4207 2077 4280 seq.)

1996 4297 2201 4352 Videte
2248 4313 2404 4370 ergo,
2456 4296 2684 4365 fratres,
2729 4300 2861 4368 etc.,
2892 4314 3064 4371 usque
3110 4297 3181 4355 ad
3229 4302 3287 4355 te
3337 4298 3576 4357 invenit.

1927 4387 2058 4459 (Id.,
2083 4386 2258 4442 Serm.
2294 4404 2347 4442 IV
2372 4386 2437 4443 de
2464 4388 2618 4442 verb.
2651 4387 2940 4459 Apostoli.)

1999 4475 2148 4531 Illud
2179 4474 2335 4531 enim
2365 4475 2467 4531 ubi
2500 4475 2586 4531 vel
2616 4475 2869 4533 maxime
2906 4477 3050 4533 fides
3082 4477 3414 4537 Christiana
3441 4496 3579 4537 con-

1928 4565 2100 4633 sistit,
2126 4569 2262 4631 etc.,
2283 4581 2454 4637 usque
2484 4564 2553 4619 ad
2583 4580 2770 4637 genus
2800 4564 3153 4623 humanum.
3177 4567 3311 4639 (Id.,
3333 4571 3488 4641 epist.
3513 4569 3583 4627 ad

1928 4654 2103 4728 Optat.
2135 4656 2463 4727 episcopum,
2494 4658 2639 4710 tom.
2676 4654 2746 4723 II,
2782 4654 2892 4711 col.
2925 4657 3032 4712 858
3062 4662 3120 4713 et
3150 4660 3301 4731 seq.)

1998 4743 2099 4801 Ille
2128 4761 2283 4800 unus
2312 4760 2495 4799 unum
2529 4748 2855 4816 peccatum,
2890 4750 3025 4814 etc.,
3058 4763 3228 4819 usque
3257 4747 3327 4803 ad
3355 4764 3391 4803 ι
3420 4748 3582 4805 dam-

1921 4833 2159 4889 natione
2212 4833 2467 4890 liberari.
2529 4834 2659 4903 (Id.,
2719 4834 3029 4907 Enchirid.,
3089 4840 3232 4893 tom.
3292 4836 3388 4906 VI,
3467 4837 3577 4895 col.

1993 5016 2117 5069 Non
2136 5012 2414 5085 judicium
2442 5030 2512 5069 ex
2539 5030 2647 5069 uno
2691 5015 2754 5069 in
2785 5014 3305 5083 condemnationem,
3331 5018 3440 5070 etc.
3466 5015 3578 5072 Sed

1925 5119 2049 5171 cur,
2073 5102 2293 5175 inquis,
2318 5102 2506 5176 gratia
2530 5102 2630 5159 Dei
2654 5120 2771 5159 non
2793 5104 3140 5172 secundum,
3165 5107 3296 5170 etc.,
3317 5120 3490 5176 usque
3506 5104 3579 5159 ad

1926 5192 2081 5265 apud
2113 5191 2299 5247 Deum
2331 5191 2643 5248 invenitur.
2669 5192 2799 5265 (Id.,
2839 5193 2937 5248 lib.
2968 5192 3032 5248 de
3060 5192 3199 5249 dono
3224 5208 3576 5264 perseveran-

1922 5283 2039 5350 tiae,
2064 5285 2207 5337 tom.
2232 5281 2299 5350 X,
2331 5298 2389 5354 p.
2422 5297 2485 5350 ιι,
2515 5280 2623 5339 col.
2660 5283 2844 5350 1002.)

1990 5372 2171 5440 Igitur
2195 5372 2336 5427 sicut
2363 5387 2463 5444 per
2509 5372 2678 5427 unius
2715 5369 2996 5439 delictum,
3029 5378 3153 5443 etc.,
3194 5388 3384 5445 usque
3413 5371 3481 5427 ad
3514 5373 3577 5428 in

1913 5459 2367 5533 justiﬁcationem
2412 5463 2563 5518 vitae.
2604 5459 3110 5527 Quemadmodum
3161 5460 3320 5516 enim
3372 5477 3576 5518 omnes

1922 5550 2183 5618 omnino,
2225 5555 2361 5619 etc.,
2405 5566 2576 5623 usque
2625 5548 2697 5605 ad
2754 5565 2926 5605 nemo
2984 5549 3179 5606 discit.
3203 5549 3333 5623 (Id.,
3368 5550 3466 5606 lib.
3510 5549 3578 5608 de

1920 5639 2200 5712 Baptismo
2255 5640 2639 5714 parvulorum,
2698 5639 2841 5696 tom.
2893 5636 2959 5707 X,
3002 5655 3059 5714 p.
3111 5656 3146 5710 ι,
3193 5637 3304 5695 col.
3360 5638 3464 5697 140
3518 5640 3578 5698 et

1925 5728 2071 5806 seq.)
