4100 6436
526 361 646 427 287

1728 352 1962 418 FLORI
2004 351 2327 419 DIACONI
2371 351 2751 418 MONAGHI.

3830 350 3966 415 288

526 498 600 556 ιιι
621 494 788 555 liberi
808 493 972 555 estis.
997 493 1080 567 (8.
1102 494 1273 569 Aug.,
1296 494 1439 550 tom.
1463 488 1528 557 X,
1553 507 1612 565 p.
1635 505 1676 560 1,
1698 487 1807 547 col.
1828 487 1937 545 233
1955 493 2009 545 et
2029 490 2183 561 seq.)
2211 489 2266 558 Α
2368 487 2426 545 Si
2439 485 2649 545 veteris
2661 485 3282 562 populi,etc.,usquead
3296 484 3627 544 manebitin
3639 487 3967 545 sternam.

1171 635 1403 695 CAPUT
1442 634 1534 691 1V.

598 767 750 840 Quid
776 778 904 838 ergo
931 766 1192 831 dicemus,
1221 771 1344 829 etc.,
1399 775 1587 832 usque
1633 758 1706 814 ad
1754 757 1848 813 sed
1896 772 2005 812 non
2037 755 2183 828 apud

527 855 718 915 Deum.
742 855 1057 929 Apostolus
1079 871 1211 909 cum
1236 850 1673 908 commendaret
1693 845 2012 919 justitiam,
2045 849 2178 913 etc.,

527 963 700 1021 usque
723 946 794 1003 ad
820 950 1019 1002 tamen
1067 946 1267 998 secuta
1313 942 1470 996 sunt.
1505 938 1633 1010 (Id.,
1668 939 1729 992 in
1754 936 1898 1008 psal.
1933 950 2087 1002 xxx1,
2114 930 2184 989 in

525 1038 872 1112 praefatione,
898 1038 1039 1090 tom.
1075 1030 1166 1097 IV,
1200 1046 1255 1102 p.
1293 1046 1334 1092 1.
1367 1026 1478 1084 col.
1507 1028 1612 1082 258
1642 1029 1699 1081 et
1729 1024 1878 1097 seq.)

603 1126 744 1195 Quid
778 1125 929 1180 enim
967 1121 1255 1193 Scriptura
1286 1118 1467 1174 dicit?
1496 1115 1736 1172 Credidit
1768 1114 2051 1170 Abraham
2077 1114 2183 1169 Deo

526 1221 580 1272 et
597 1220 907 1288 reputatum
928 1218 1004 1267 est
1034 1210 1125 1265 illi
1152 1208 1223 1264 ad
1245 1207 1548 1281 justitiam.
1572 1204 1808 1259 Factum
1829 1206 1919 1259 est
1938 1201 2182 1258 verbum

526 1299 757 1358 Domini
788 1299 862 1355 ad
891 1295 1209 1363 Abraham,
1256 1298 1389 1362 etc.,
1437 1306 1611 1364 usque
1655 1289 1727 1346 ad
1775 1288 2179 1346 circumcisus.

523 1390 634 1462 (Id.
668 1390 766 1446 lib.
800 1387 866 1444 de
896 1387 1055 1444 Civit.
1077 1386 1196 1440 Dei.
1231 1383 1319 1452 16,
1352 1387 1496 1437 tom.
1523 1380 1648 1447 VII,
1681 1378 1791 1434 col.
1822 1380 1976 1447 500.)

596 1479 785 1550 thui
810 1492 923 1532 non
952 1479 1231 1547 operafur,
1263 1470 1503 1527 credenti
1557 1476 1741 1525 autem
1795 1469 1857 1524 in
1910 1484 2037 1524 eum
2087 1468 2185 1540 qui

515 1568 789 1642 justiﬁcat
832 1567 1091 1638 impium,
1122 1568 1409 1634 reputatur
1453 1559 1583 1632 ﬁdes
1633 1558 1751 1630 ejus
1792 1556 1865 1612 ad
1900 1558 2183 1630 justitiam

523 1656 824 1715 secundum
847 1654 1186 1727 propositum
1212 1651 1413 1720 gratiae
1441 1650 1562 1705 Dei.
1586 1648 1720 1717 (Id.,
1743 1646 1815 1702 ad
1835 1647 2185 1718 Boni/asiam

522 1760 727 1820 papam
772 1742 975 1816 Urbis.)
1015 1741 1073 1796 Si
1125 1754 1385 1813 quaerere
1435 1736 1684 1794 voluerit
1738 1740 1873 1791 ante
1931 1734 2182 1808 gratiam

528 1836 674 1909 quid
701 1831 983 1890 meruerit
1012 1834 1077 1887 ut
1108 1829 1395 1902 acciperet
1423 1842 1576 1893 eam,
1608 1825 1767 1882 mala
1814 1840 1924 1881 sua
1972 1824 2185 1897 poterit

526 1925 707 1982 homo
734 1922 994 1979 invenire
1021 1935 1137 1977 non
1166 1920 1339 1984 bona,
1371 1916 1603 1973 etiamsi
1652 1929 1788 1972 eum
1839 1916 2018 1970 unius
2065 1912 2182 1969 diei

524 2015 706 2071 vitam
733 2012 1047 2069 habentem
1082 2024 1260 2081 super
1287 2011 1502 2062 terram
1524 2004 1713 2079 gratia
1743 2003 2060 2061 Salvatoris
2090 2002 2183 2058 in-

524 2102 769 2160 venerit.
791 2099 939 2168 Quia
957 2099 1007 2155 si
1030 2097 1253 2170 aliquid
1274 2096 1411 2152 boni
1443 2098 1718 2167 operatur
1747 2093 1923 2150 homo
1956 2096 2021 2149 ut
2049 2108 2183 2166 gra-

525 2192 669 2250 tiam
700 2193 1014 2258 mereatur,
1030 2202 1148 2244 non
1165 2186 1216 2243 ei
1238 2202 1463 2242 merces
1492 2184 1823 2257 imputatur
1852 2182 2181 2240 secundum

524 2282 797 2358 gratiam,
817 2280 918 2337 sed
941 2278 1270 2336 secundum
1302 2274 1587 2332 debitum.
1614 2272 1672 2330 Si
1695 2277 1891 2330 autem
1913 2271 2101 2328 credit
2120 2271 2181 2327 in

524 2386 661 2430 eum
683 2368 1081 2443 quijustiticat
1100 2366 1374 2439 impium,
1390 2367 1455 2419 ut
1467 2364 1780 2435 deputetur
1803 2362 1947 2418 ﬁdes
1962 2362 2090 2434 ejus
2107 2361 2181 2416 ad

520 2459 816 2534 justitiam
847 2458 1066 2529 (justus
1095 2454 1254 2511 enim
1281 2466 1350 2509 ex
1379 2454 1493 2508 ﬁde
1520 2450 1702 2523 vivit),
1736 2450 1990 2523 profecto
2023 2453 2184 2505 ante-

526 2564 707 2623 quam
736 2546 925 2622 gratia
945 2544 1326 2617 justiﬁcetur,
1356 2542 1464 2598 hoc
1514 2544 1604 2597 est
1641 2542 1844 2612 justus
1894 2538 2185 2595 efﬁciatur

525 2638 768 2712 hupius,
792 2635 932 2708 quid
955 2637 1046 2691 est
1066 2631 1181 2688 nisi
1204 2630 1425 2704 impius
1444 2630 1473 2687 ’ἲ
1501 2632 1685 2697 Quem
1719 2630 1767 2685 si
1800 2627 2064 2684 debitum
2096 2643 2184 2685 se-

526 2730 823 2800 queretur,
845 2723 983 2796 quid
1002 2723 1132 2794 ejus
1155 2720 1363 2776 merito
1390 2718 1504 2776 nisi
1526 2717 1883 2791 supplicium
1906 2717 2182 2774 reddere—

525 2820 645 2873 tur.
658 2815 719 2873 Si
729 2829 868 2889 ergo
879 2812 1088 2888 gratia,
1095 2812 1222 2884 jam
1236 2827 1352 2866 non
1366 2826 1434 2865 ex
1455 2808 1753 2882 operibus,
1769 2806 2027 2879 alioquin
2049 2824 2181 2880 gra-

524 2905 610 2963 tia
629 2906 755 2977 jam
788 2918 901 2960 non
925 2906 1015 2958 est
1033 2900 1241 2975 gratia.
1258 2898 1543 2972 Operibus
1574 2897 1731 2955 enim
1763 2897 2028 2952 debitum
2051 2897 2182 2952 red-

528 2995 705 3061 ditur,
739 2992 929 3068 gratia
957 2991 1140 3065 gratis
1169 2991 1366 3057 datm,
1396 2989 1552 3045 Unde
1581 2988 1758 3043 etiam
1785 2989 2179 3059 nuncupatur.

526 3084 646 3141 Hoc
666 3087 756 3140 est
777 3094 927 3155 Opus
948 3080 1072 3147 Dei,
1100 3083 1236 3146 etc.,
1266 3094 1441 3151 usque
1470 3077 1540 3133 ad
1571 3075 1942 3132 dilectionem
1971 3092 2184 3148 opera-

526 3176 645 3229 tur.
685 3171 818 3241 (Id.,
873 3177 1032 3227 tract.
1083 3168 1374 3238 Evangelii
1418 3165 1720 3224 secundum
1762 3167 2048 3231 Joannem,
2088 3164 2179 3233 29,

522 3265 668 3319 tam.
700 3260 802 3329 ΙΙΙ,
836 3277 894 3333 p.
922 3276 983 3326 11,
1015 3257 1124 3315 col.
1159 3258 1319 3314 1631.

593 3348 871 3422 Nunquid
902 3348 1055 3404 inter
1087 3347 1412 3413 credentes,
1442 3348 1580 3412 etc.,
1611 3356 1779 3416 usque
1806 3343 1877 3399 ad
1907 3347 1974 3399 ut
2001 3341 2178 3399 facia-

524 3456 658 3497 mus
686 3443 744 3496 et
771 3456 899 3495 nos.
940 3438 1075 3507 (Id.,
1125 3444 1283 3493 tract.
1333 3434 1624 3504 Evangelii
1666 3433 1967 3490 secundum
2008 3434 2180 3490 Joan-

520 3528 763 3594 nem72,
788 3532 932 3584 tom.
967 3527 1073 3593 III,
1102 3543 1161 3598 p.
1195 3541 1256 3590 11,
1290 3523 1399 3580 col.
1436 3525 1577 3579 1823
1605 3527 1663 3580 et
1695 3536 1818 3596 seq.

597 3616 743 3673 Dicit
784 3614 1118 3688 Apostolus,
1150 3613 1200 3670 si
1232 3613 1549 3678 Abraham,
1582 3617 1718 3679 etc.,
1749 3628 1918 3685 usque
1939 3611 2010 3667 ad
2040 3628 2183 3684 ope-

523 3704 689 3761 ribus
718 3703 908 3761 bonis.
941 3704 1077 3774 (Id.,
1118 3708 1281 3758 tract.
1327 3702 1619 3770 Evangelii
1663 3701 1964 3756 secundum
2009 3702 2182 3757 Joan-

520 3810 670 3862 nem,
699 3794 793 3859 80,
820 3796 964 3848 tom.
997 3793 1100 3859 III,
1133 3808 1190 3863 p.
1226 3808 1284 3859 11,
1319 3790 1427 3847 col.
1462 3790 1649 3860 1843.)

594 3883 750 3939 Sicut
775 3890 827 3938 et
856 3881 1028 3938 David
1055 3881 1211 3950 dicit,
1243 3887 1366 3946 etc.,
1400 3894 1589 3951 usque
1618 3880 1690 3935 ad
1729 3880 1897 3935 etiam
1945 3880 2006 3935 in
2031 3892 2185 3951 prm-

518 3974 676 4046 putio
694 3971 724 4027 ‘t
753 3972 1089 4045 Propterea,
1113 3969 1325 4043 inquit,
1351 3968 1457 4024 tibi
1483 3968 1592 4024 hoc
1611 3967 1749 4036 dixi,
1775 3983 1808 4024 ο
1829 3967 2024 4037 homo,
2046 3972 2180 4033 etc.,

523 4078 693 4135 usque
716 4060 789 4118 ad
815 4060 1018 4117 oculos
1051 4058 1466 4116 miseriCOrdise
1497 4057 1621 4114 Dei.
1645 4058 1756 4131 (Id.
1781 4059 1838 4114 in
1857 4059 2000 4131 psal.
2028 4073 2182 4125 χχχι,

522 4154 666 4208 tom.
700 4150 794 4218 IV,
826 4164 883 4224 p.
919 4165 961 4219 ι,
990 4148 1100 4206 col.
1135 4149 1237 4205 261
1272 4151 1329 4204 et
1359 4150 1510 4218 seq.)

597 4241 768 4298 Fides
789 4238 1218 4304 commendari,
1243 4241 1376 4306 etc.,
1401 4252 1573 4309 usque
1590 4236 1661 4292 ad
1682 4252 1787 4310 per
1814 4235 2185 4294 dilectionem

524 4334 800 4403 operatur
829 4329 965 4403 (Id.,
990 4330 1051 4385 in
1067 4327 1211 4401 psal.
1239 4344 1409 4395 van,
1443 4330 1587 4381 tom.
1616 4325 1708 4393 IV,
1742 4343 1799 4399 p.
1828 4343 1867 4395 1,
1892 4324 2001 4382 col.
2035 4326 2186 4399 838.)

599 4419 813 4492 Magna
860 4417 1017 4475 enim
1069 4432 1246 4490 opera
1292 4415 1548 4483 Domini,
1578 4414 1870 4488 exquisita
1897 4414 1956 4470 in
1981 4430 2185 4472 omnes

527 4506 862 4564 voluntates
890 4508 1038 4577 ejus.
1074 4506 1223 4570 Quid
1256 4505 1903 4578 magniﬁcentius,eto.,
1922 4522 2093 4578 usque
2116 4505 2188 4561 ad

2292 576 2369 649 (8.
2401 580 2571 648 Aug.,
2625 581 2784 650 epist.
2832 578 2904 635 ad
2947 579 3313 635 Maximinum
3354 577 3648 647 Arianum,
3694 581 3843 634 tom.
3883 578 3967 651 II,

2290 666 2400 722 col.
2436 666 2552 735 96.)

2359 757 2479 813 Non
2506 757 2655 812 enim
2679 774 2780 830 per
2808 757 2977 829 legem
3007 758 3295 828 promissio
3324 755 3567 814 Abrahae
3584 758 3790 814 semini
3806 758 3961 829 ejus,

2289 852 2353 900 ut
2382 845 2552 902 haeres
2579 854 2714 903 esset
2744 846 3001 912 mundus,
3030 846 3123 902 sed
3149 863 3251 918 per
3265 846 3551 918 justitiam
3585 846 3742 917 ﬁdei.
3781 846 3963 904 Fides

2289 934 2555 1003 Abrahae,
2580 938 2713 1003 etc.,
2736 952 2905 1007 usque
2929 934 2998 990 ad
3020 934 3492 1007 promissionem.
3528 934 3656 1007 (Id.,
3690 935 3789 992 lib.
3821 935 3968 993 Sen-

2291 1026 2594 1079 tentiarum
2622 1025 2897 1097 Prosperi,
2931 1027 3075 1080 tom.
3109 1024 3176 1091 X,
3208 1042 3266 1097 p.
3300 1026 3353 1090 2,
3389 1022 3497 1079 col.
3531 1024 3715 1095 1878.)

2363 1113 2423 1169 Si
2452 1113 2611 1169 enim
2641 1112 2733 1169 lex
2753 1112 3065 1187 justificat,
3097 1117 3234 1182 etc.,
3264 1127 3438 1186 usque
3465 1113 3537 1169 ad
3569 1114 3809 1187 gavisus
3839 1117 3959 1170 est.

2289 1201 2425 1272 (Id.,
2458 1204 2519 1258 in
2547 1204 2889 1275 expositione
2916 1203 3089 1275 Epist.
3112 1202 3183 1259 ad
3214 1202 3455 1271 Galatas,
3487 1207 3631 1259 tom.
3664 1203 3767 1272 ΙΙΙ,
3796 1219 3863 1276 p.
3896 1221 3966 1272 11,

2292 1289 2400 1347 col.
2432 1291 2622 1365 2121.)

2361 1379 2426 1436 Si
2451 1382 2601 1437 enim
2645 1382 2745 1454 qui
2790 1396 2860 1437 ea:
2906 1381 3020 1453 lege
3068 1380 3311 1440 hzeredes
3364 1389 3516 1449 sunt,
3546 1381 3844 1439 exinanita
3873 1389 3964 1439 est

2288 1469 2441 1541 ﬁdes,
2460 1469 2666 1525 abolita
2695 1477 2773 1526 est
2797 1472 3087 1543 promissio
3109 1470 3199 1543 (ex
3218 1470 3314 1527 lib.
3334 1478 3597 1542 11,oontra
3615 1470 3960 1544 lulianum.)

2293 1559 2416 1614 Imo
2446 1558 2847 1615 destrueretur
2876 1559 3211 1632 promissio,
3244 1558 3295 1616 si
3343 1576 3412 1616 ex
3454 1558 3581 1634 lege
3629 1559 3954 1633 quisquam

2290 1646 2486 1718 juslus
2513 1651 2686 1704 esset.
2708 1648 2767 1704 Si
2797 1647 2956 1704 enim
2985 1648 3086 1721 qui
3118 1666 3188 1705 ex
3207 1647 3334 1722 lege
3356 1648 3617 1706 heredes
3636 1655 3799 1717 sunt,
3831 1650 3956 1706 exi-

2291 1736 2516 1792 munita
2546 1739 2637 1792 est
2666 1737 2831 1805 ﬁdes,
2864 1741 3146 1794 evacuata
3174 1742 3266 1793 est
3295 1736 3630 1811 promissio.
3661 1738 3773 1796 Lex
3800 1741 3960 1795 enim

2290 1826 2437 1881 iram
2465 1833 2738 1898 operatur.
2752 1827 2839 1882 Ad
2860 1826 2970 1883 hoc
2993 1826 3217 1899 utique,
3239 1832 3303 1883 ut
3316 1828 3388 1883 ad
3415 1827 3564 1885 iram
3584 1829 3953 1886 evadendam

2290 1914 2480 1989 gratia
2507 1915 2608 1971 Dei
2635 1915 2988 1989 requiratur.

2364 2005 2468 2063 Ubi
2492 2006 2643 2062 enim
2669 2021 2783 2061 non
2822 2013 2902 2061 est
2927 2005 3037 2073 lex,
3068 2022 3166 2062 nec
3189 2007 3596 2079 praevaricatio.
3631 2006 3839 2064 Omnis
3867 2006 3953 2065 le-

2290 2110 2425 2168 gem
2456 2092 2815 2167 prmteriens,
2847 2098 2985 2162 etc.,
3016 2112 3188 2168 usque
3214 2096 3286 2152 ad
3315 2095 3527 2153 merita
3555 2113 3686 2153 sua.
3719 2097 3854 2168 (Id.,
3891 2101 3955 2153 in

2285 2183 2430 2256 psal.
2464 2200 2590 2250 ωας,
2623 2186 2765 2238 tom.
2800 2182 2893 2252 IV,
2928 2200 2986 2256 p.
3019 2200 3060 2253 1,
3096 2182 3206 2241 col.
3234 2186 3342 2241 879
3370 2189 3427 2241 et
3457 2185 3606 2258 seq.)

2363 2272 2466 2345 (Ex
2484 2271 2588 2329 lib.
2612 2281 2803 2329 contra
2819 2274 3154 2342 Iulianum.)
3176 2273 3293 2330 Cur
3323 2291 3439 2331 non
3471 2274 3750 2343 attendis,
3784 2292 3952 2350 rogo,

2289 2358 2420 2417 ideo
2450 2379 2565 2418 non
2598 2378 2726 2418 esse
2757 2361 3016 2418 heredes
3049 2362 3121 2419 de
3149 2362 3296 2438 lege,
3331 2363 3472 2437 quia
3512 2362 3606 2421 lex
3633 2364 3783 2421 iram
3813 2382 3956 2438 ope-

2291 2450 2496 2507 ratur?
2515 2450 2622 2507 Ubi
2643 2452 2801 2507 enim
2828 2468 2946 2507 non
2978 2457 3068 2508 est
3099 2451 3211 2520 lex,
3236 2470 3341 2509 nec
3360 2453 3780 2527 praevaricatio.
3816 2455 3954 2511 Ideo

2292 2544 2488 2597 autem
2521 2557 2591 2596 ex
2620 2541 3030 2613 promissione,
3066 2541 3205 2615 quia
3257 2547 3411 2599 Deus
3470 2544 3629 2616 quod
3676 2543 3958 2617 promisit

2291 2629 2418 2702 ipse
2441 2630 2598 2685 facit.
2626 2630 2733 2697 Qui
2765 2630 2922 2686 enim
2945 2635 3234 2704 praecepta
3251 2631 3401 2706 legis
3423 2630 3665 2705 implere
3687 2649 3750 2689 se
3781 2637 3955 2705 putat

2291 2735 2395 2792 per
2410 2718 2718 2775 arbitrium
2738 2718 2982 2793 propriae
3003 2718 3323 2778 voluntatis
3341 2720 3467 2778 sine
3490 2721 3701 2795 spiritu
3725 2722 3951 2796 gratiae,

2292 2822 2461 2865 suam
2486 2808 2783 2880 justitiam
2814 2808 2940 2865 vult
2967 2810 3344 2883 constituere,
3376 2827 3494 2867 non
3519 2810 3819 2884 justitiam
3850 2810 3957 2869 Dei

2293 2913 2544 2953 sumere.

2360 2985 2482 3042 Ideo
2510 3002 2581 3043 ea:
2606 2984 2732 3057 ﬁde,
2746 2994 2807 3042 ut
2834 2986 3134 3043 secundum
3163 2988 3411 3058 gratiam
3437 2987 3602 3061 ﬁrma
3617 2990 3693 3045 sit
3713 2992 3953 3062 promis-

2289 3076 2372 3132 sio
2401 3077 2552 3132 omni
2578 3076 2798 3143 semini,
2812 3092 2926 3133 non
2942 3078 2997 3133 ei
3021 3079 3119 3150 qui
3147 3067 3218 3133 ea:
3248 3078 3363 3148 lege
3391 3086 3472 3134 est
3497 3078 3694 3134 solum.
3721 3076 3947 3151 (Exlib.

2290 3181 2353 3233 11,
2385 3163 2452 3221 de
2478 3164 2758 3238 Baptismo
2784 3164 3189 3240 parvulorum.)
3229 3164 3293 3223 Id
3354 3168 3445 3224 est
3498 3166 3599 3241 qui
3640 3184 3710 3224 ex
3753 3164 3946 3225 Veteri

2207 3243 2251 3312 C
2290 3254 2666 3311 Testamento
2695 3253 2853 3311 venit
2880 3255 2953 3311 ad
2982 3252 3230 3312 Novum.

2364 3341 2471 3400 Sed
2496 3352 2547 3400 et
2575 3346 2629 3400 ei
2650 3346 2748 3417 qui
2773 3360 2843 3401 ex
2870 3343 2980 3416 ﬁde
2997 3352 3076 3401 est
3098 3345 3352 3404 Abrahae.
3366 3344 3494 3404 Non
3516 3345 3628 3404 sibi
3646 3346 3955 3420 praemissa

2288 3431 2435 3506 lege.
2477 3431 2560 3488 Ex
2602 3433 2715 3490 fide
2762 3437 2961 3489 autem
3016 3433 3311 3491 Abraham
3364 3432 3424 3491 id
3476 3439 3567 3492 est
3622 3435 3951 3494 imitatores

2287 3521 2584 3578 Abraham
2618 3521 2773 3578 ﬁdei.

2359 3611 2471 3681 Qui
2498 3617 2577 3667 est
2596 3618 2756 3684 pater
2781 3613 3032 3669 omnium
3059 3621 3327 3683 nostrum,
3359 3614 3501 3670 sicut
3541 3616 3808 3687 scriptum
3844 3620 3950 3675 est.

2288 3701 2439 3770 Quia
2464 3708 2676 3772 patrem
2702 3702 3013 3758 multarum
3049 3704 3299 3772 gentium
3320 3704 3484 3775 posui
3511 3711 3580 3760 te.
3613 3701 3759 3760 Cum
3789 3705 3948 3777 Apo-

2291 3788 2480 3845 stolus
2514 3789 3111 3863 dicat,etc.,usquead
3139 3792 3362 3848 donum
3392 3795 3482 3849 est
3512 3790 3679 3850 ﬁdes.
3703 3790 3946 3863 (Id.,lib.

2291 3878 2357 3935 de
2381 3878 2866 3951 prmdestinatione
2910 3887 3109 3950 sanct.,
3162 3884 3305 3937 tom.
3356 3880 3426 3949 X,
3476 3898 3533 3954 p.
3567 3899 3608 3950 1,
3655 3881 3767 3939 col.
3796 3884 3949 3957 976.)

2363 3969 2509 4038 Quia
2535 3977 2751 4041 patrem
2777 3970 3085 4026 multarum
3110 3972 3357 4040 gentium
3380 3972 3548 4044 posui
3573 3978 3643 4027 te.
3677 3970 3737 4028 Si
3767 3970 3947 4042 enim,

2292 4061 2428 4127 etc.,
2460 4075 2631 4130 usque
2660 4059 2730 4114 ad
2758 4058 3009 4116 servient
3034 4059 3271 4117 minori.
3305 4052 3437 4133 (Id.,
3471 4062 3534 4116 in
3556 4061 3701 4134 psal.
3734 4062 3878 4134 c111.)

2362 4144 2609 4211 Quando
2640 4158 2776 4221 ergo
2807 4145 3098 4221 promisit,
3123 4153 3260 4217 etc.,
3292 4162 3463 4235 usque
3483 4148 3555 4206 ad
3582 4151 3769 4235 donat
3792 4154 3849 4208 et
3877 4152 3952 4207 ﬁ-

2293 4234 2447 4293 dem.
2477 4235 2609 4309 (ld.,
2629 4237 2726 4293 lib.
2759 4236 2825 4294 de
2848 4236 3336 4311 praedestinatione
3363 4245 3562 4310 sanet,
3594 4234 3949 4315 tom.X,p.1,

2293 4325 2402 4382 col.
2435 4325 2585 4399 975.)

2364 4416 2502 4472 Ante
2530 4420 2724 4485 Deum,
2758 4425 2882 4487 etc.,
2916 4432 3106 4491 usque
3152 4419 3225 4474 ad
3272 4427 3324 4475 et
3375 4431 3565 4477 aretur
3617 4421 3811 4477 mam.
3843 4412 3950 4485 Qui

2292 4508 2460 4561 vocat
2491 4520 2580 4577 ea,
2612 4509 2747 4576 etc.,
2780 4523 2952 4579 usque
2979 4506 3050 4562 ad
3080 4504 3285 4564 ﬁdeles
3310 4506 3445 4565 facti
3476 4522 3705 4565 sumus.
3740 4507 3869 4583 (Id.,
3894 4510 3957 4565 in

531 4595 970 4687 magniﬁcentia
997 4612 1146 4667 opus
1174 4596 1323 4687 ejus.
1359 4596 1489 4667 (Id.,
1521 4596 1584 4651 in
1608 4595 1751 4667 psal.
1785 4611 1875 4664 cx,
1910 4599 2053 4651 tom.
2088 4594 2183 4663 IV,
2219 4623 2269 4687 Β
2292 4595 2436 4669 psal.
2468 4611 2557 4664 cv,
2590 4611 2801 4687 cxvm;
2834 4610 2997 4653 serm.
3028 4596 3120 4687 77,
3151 4597 3425 4687 verbis
3454 4599 3739 4687 Apostoli.)

529 4702 588 4759 p.
626 4702 683 4749 11,
716 4682 825 4739 col.
863 4684 1002 4738 1464
1032 4687 1089 4737 et
1122 4683 1270 4754 seq.)

598 4775 843 4829 Dicimus
870 4774 1023 4829 enim
1073 4774 1203 4845 quia
1252 4779 1505 4844 reputate
1546 4780 1627 4828 est
1667 4773 1903 4829 Abrahae
1938 4774 2072 4843 ﬁdes
2120 4774 2191 4830 ad

523 4864 826 4937 justitiam.
863 4861 1140 4931 Quomodo
1185 4876 1311 4933 ergo
1358 4869 1609 4934 reputata
1647 4869 1770 4917 est:
1803 4862 1866 4917 In
1895 4864 2189 4919 circumci-

527 4955 702 5020 sione,
733 4966 809 5008 an
840 4953 901 5007 in
923 4952 1248 5023 prwputio?
1276 4950 1396 5007 Non
1442 4953 1503 5006 in
1548 4952 1983 5019 circumcisione,
2012 4952 2103 5009 sed
2128 4954 2191 5009 in

527 5039 1562 5116 prmpntio.Adhibete11e111plum,etc.
1575 5050 1767 5113 ,usque
1776 5040 1848 5097 ad
1860 5041 2045 5098 multo
2060 5047 2193 5115 post

531 5132 669 5188 data
699 5136 807 5188 est.
852 5130 983 5204 (Id.,
1016 5132 1077 5186 in
1106 5131 1445 5203 expositione
1485 5130 1743 5203 Epistolas
1784 5131 1855 5187 ad
1894 5130 2070 5189 Galat.
2103 5149 2188 5204 111,

532 5226 677 5277 tom.
713 5222 812 5287 III,
846 5237 903 5292 p.
939 5236 997 5287 11,
1031 5219 1140 5276 col.
1172 5219 1359 5291 2118.)

608 5315 675 5367 Et
716 5311 940 5379 signum
984 5310 1191 5382 accepit
1230 5311 1683 5377 circumcisionis,
1725 5318 1848 5378 etc.,
1881 5329 2069 5385 usque
2118 5315 2189 5371 ad

537 5415 661 5472 quae
683 5406 761 5454 est
783 5400 844 5453 in
857 5400 1135 5471 przeputio
1152 5400 1331 5470 patris
1351 5400 1532 5455 nostri
1551 5399 2192 5461 AbrahaCircumcisio

2367 4687 2434 4741 Et
2460 4702 2573 4741 non
2603 4685 2913 4757 inﬁrmatus
2955 4694 3033 4743 est
3060 4686 3123 4741 in
3149 4684 3281 4760 ﬁde,
3312 4700 3412 4744 nec
3441 4686 3805 4745 consideravit
3833 4703 3954 4745 cor-

2292 4788 2397 4848 pus
2452 4791 2616 4831 suum
2658 4782 2988 4845 emortuum,
3034 4792 3159 4832 cum
3206 4777 3329 4849 jam
3381 4778 3498 4850 fere
3551 4785 3769 4834 centum
3820 4787 3955 4835 esset

2298 4880 2592 4935 annorum,
2620 4872 2675 4922 et
2698 4873 3004 4923 emortuam
3030 4867 3252 4922 vulvam
3298 4866 3508 4926 Sarrae.
3540 4867 3834 4941 Scriptum
3865 4873 3959 4924 est
3986 4936 3999 4943 -

2300 4954 2360 5009 in
2390 4954 2652 5027 Epistola
2707 4955 2779 5012 ad
2835 4954 3126 5013 Hebraeos.
3186 4954 3346 5023 Fide,
3377 4960 3509 5028 etc.,
3542 4968 3717 5031 usque
3756 4955 3827 5013 ad
3866 4961 3957 5014 est

2300 5044 2536 5101 mortui.
2569 5045 2702 5115 (Id.,
2731 5046 2828 5102 lib.
2860 5044 2927 5103 de
2959 5046 3075 5103 Civ.
3107 5045 3538 5115 Dei.,xv1.tom.
3568 5043 3692 5116 VH,
3724 5044 3958 5104 1:01.507

2299 5139 2359 5193 et
2380 5137 2532 5209 seq.)

2369 5226 2435 5281 In
2464 5227 2884 5298 repromissione
2911 5226 3061 5282 enim
3083 5227 3349 5299 Dei,etc.,
3367 5228 3641 5299 usquead
3665 5226 3959 5284 Dominum

2296 5323 2549 5373 nostrum
2574 5331 2607 5371 α
2644 5316 2896 5372 mortuis.
2930 5312 3297 5371 Promittenti
3345 5316 3596 5374 credidit
3636 5316 3953 5385 Abraham,

2301 5410 2438 5473 etc.,
2468 5420 2639 5478 usque
2667 5404 2740 5460 ad
2766 5420 2882 5461 non
2913 5405 3151 5461 fuerunt
3180 5404 3503 5479 (Id.,tib.de
3528 5408 3655 5465 Cor.
3688 5407 3954 5480 aegrotis,

536 5486 730 5544 carnis
760 5485 889 5560 lege
919 5490 1208 5560 praecepta
1245 5493 1351 5557 est,
1392 5492 1526 5556 etc.,
1567 5505 1736 5563 usque
1774 5491 1844 5547 ad
1875 5491 2002 5564 jam
2047 5492 2198 5550 liber
2302 5499 2445 5551 tom.
2479 5494 2545 5563 X,
2579 5511 2635 5567 p.
2669 5511 2709 5564 1,
2743 5494 2854 5551 col.
2884 5495 3036 5569 938.)

538 5581 649 5724 :21.
849 5577 945 5738 gib.
997 5575 1403 5635 Sententian
1449 5580 1727 5653 Prosperi,
1758 5583 1900 5637 tom.
1937 5581 2004 5651 X,
2039 5599 2096 5655 p.
2130 5600 2193 5653 11,

2372 5585 2706 5641 Cavendum
2737 5587 2844 5656 est,
2877 5589 3013 5654 etc.,
3048 5600 3220 5659 usque
3248 5586 3318 5642 ad
3348 5589 3663 5645 mereatur.
3693 5585 3826 5659 (Id.,
3858 5585 3951 5642 lib.

2304 5674 2369 5732 de
2394 5673 2573 5747 prwd.
2609 5683 2785 5733 sanet.
2819 5679 2962 5733 tom.
2994 5674 3062 5746 X,
3096 5692 3153 5749 p.
3189 5694 3226 5746 1,
3259 5675 3370 5734 col.
3401 5676 3555 5747 963.)
