4100 6436
108 408 235 470 289

983 410 1393 473 EXPOSITIO
1438 412 1515 472 IN
1564 411 1731 471 EPP.
1781 413 2037 474 PAULI.
2071 445 2149 455 —
2180 412 2302 472 ΕΡ.
2348 414 2452 473 AD
2501 412 2689 475 ROM.

3424 416 3542 479 290

185 546 314 600 Hoc
363 542 660 615 promittit
701 547 877 611 Deus,
906 547 1042 615 etc.,
1070 560 1240 617 usque
1278 544 1349 600 ad
1378 543 1664 600 debitum.
1698 544 1779 617 (S.
1814 545 1867 613 Α
1896 543 2092 616 impiis
2122 548 2391 601 mortuus
2419 547 2527 602 est.
2552 545 2936 607 Desiderabss
2965 550 3162 603 autem
3193 546 3394 605 omnia
3414 564 3545 621 pos-

108 635 292 706 Aug.,
332 632 432 689 lib.
466 632 877 690 Sententiarum
902 634 1204 706 Prosperi.)

185 722 301 791 Qui
330 722 575 780 traditus
602 731 683 780 est
705 732 931 796 propter
962 724 1156 780 delicta
1184 731 1373 779 nostra
1400 731 1453 780 et
1481 724 1787 781 resurrexit

103 819 341 886 propter
348 813 810 885 justiﬁcationem
825 821 1091 870 nostram.
1115 812 1222 877 Qui
1245 816 1414 870 senat
1434 829 1638 869 omnes
1660 812 1784 868 lan-

107 918 336 974 guores
364 906 522 969 tuos,
545 907 683 972 etc.,
713 919 884 975 usque
920 902 991 958 ad
1030 903 1091 958 in
1131 892 1362 958 malum.
1387 902 1517 972 (Id.,
1550 904 1609 958 in
1638 902 1780 975 psal.

110 1009 209 1059 cu,
243 995 397 1047 tom.
433 990 530 1061 IV,
558 1008 616 1064 p.
650 995 706 1059 2,
741 990 848 1048 col.
886 992 1069 1065 I321.)
1590 980 1597 985 ’

186 1079 477 1138 Traditus
501 1085 594 1139 est
623 1085 859 1154 propter
886 1080 1100 1137 delicta
1125 1085 1346 1150 nostra,
1371 1085 1504 1149 etc.,
1526 1097 1695 1154 usque
1715 1080 1787 1137 ad

113 1173 401 1243 resurgat
451 1170 704 1243 justitia.
756 1170 843 1243 (Id
902 1186 1064 1228 serm.
1123 1171 1188 1229 de
1236 1172 1466 1239 Pascha,
1528 1174 1672 1227 tom.
1711 1170 1783 1239 V,

112 1262 275 1332 part.
314 1275 355 1329 ι,
383 1258 496 1315 col.
532 1259 719 1329 1120.)

789 1347 1023 1406 CAPUT
1059 1347 1130 1402 V.

184 1437 509 1508 Justiﬁeati
535 1452 684 1509 ergo,
714 1444 839 1504 etc.,
872 1454 1061 1510 usque
1090 1437 1163 1495 ad
1196 1438 1256 1495 in
1283 1454 1376 1511 spe
1403 1438 1602 1507 gloria?
1641 1438 1788 1509 ﬁlio-

117 1543 243 1582 rum
277 1526 402 1587 Dei.
430 1525 748 1587 Justiﬁcati
779 1530 975 1586 autem
1000 1526 1185 1600 gratis
1211 1543 1333 1599 per,
1356 1530 1493 1595 etc.,
1516 1541 1688 1600 usque
1720 1526 1790 1585 ad

116 1614 415 1689 suscepit.
438 1614 571 1685 (Id.,
595 1615 669 1675 ad
707 1616 894 1688 Boni].
922 1632 1124 1688 papam
1169 1617 1347 1685 Urbis,
1380 1619 1522 1675 tom.
1554 1616 1621 1686 X,
1655 1633 1712 1689 p.
1745 1633 1787 1688 ι,

116 1704 232 1761 col.
266 1705 380 1761 579
409 1708 466 1761 et
497 1707 649 1777 seq.)

187 1794 313 1851 Non
342 1795 525 1851 solum
551 1802 755 1863 autem,
787 1802 913 1862 etc.,
946 1811 1134 1868 usque
1176 1795 1248 1851 ad
1280 1797 1379 1867 qui
1404 1794 1564 1853 datus
1590 1803 1669 1852 est
1697 1811 1792 1855 no-

120 1885 226 1941 bis.
262 1883 397 1940 Non
427 1883 629 1956 itaque
658 1900 762 1958 per
791 1901 919 1952 nos,
944 1888 1078 1956 etc.,
1109 1900 1280 1959 usque
1316 1884 1387 1945 ad
1424 1884 1788 1961 patientiam.

121 1974 260 2044 (Id.,
280 1972 464 2030 lib.de
482 1973 614 2029 Gra.
639 1980 692 2029 et
712 1973 869 2031 liber.
891 1975 1117 2040 arbitra,
1138 1973 1359 2041 tom.X,
1380 1990 1437 2048 p.
1457 1990 1496 2042 ι,
1513 1972 1621 2029 col.
1640 1973 1793 2045 905.)

190 2061 316 2117 Nec
340 2078 447 2117 nos
469 2066 721 2132 moveat,
746 2065 879 2129 etc.,
902 2078 1071 2134 usque
1090 2061 1161 2116 ad
1191 2078 1297 2118 nos
1318 2061 1791 2121 immutabimur.

122 2151 259 2219 (Id.,
278 2149 347 2206 de
375 2150 557 2223 Agone
588 2150 927 2220 Christiano,
951 2156 1095 2211 tom.
1118 2149 1214 2220 VI,
1238 2149 1348 2206 col.
1368 2151 1523 2221 295.)

194 2238 274 2296 Ut
305 2242 505 2295 autem
536 2237 679 2295 mali
711 2239 902 2307 bonis,
929 2244 1062 2309 etc.,
1084 2256 1255 2311 usque
1283 2240 1353 2311 ad
1383 2240 1555 2297 datus
1588 2244 1676 2297 est
1698 2257 1797 2296 no-

119 2329 236 2385 bis.
262 2328 400 2403 (Id.,
432 2328 529 2385 lib.
564 2332 774 2400 Onam.
808 2330 900 2396 83,
933 2334 1074 2386 tom.
1109 2329 1204 2394 VI,
1239 2328 1350 2386 col.
1382 2330 1496 2402 93.)
1764 2390 1773 2398 ο

189 2419 330 2492 Spes
360 2427 546 2477 autem
577 2435 688 2477 non
717 2418 1023 2491 confundit.
1047 2419 1190 2491 Quis
1220 2423 1311 2475 est
1341 2419 1444 2491 qui
1486 2418 1797 2474 confundi—

118 2507 259 2564 tur?
273 2512 599 2581 etc.,usque
619 2507 689 2564 ad
708 2508 1067 2565 conscientia
1082 2508 1348 2582 sua.(Id.,
1365 2509 1421 2563 in
1444 2508 1584 2581 psal.
1605 2525 1795 2565 XXXVI.

119 2603 271 2654 tom.
309 2596 404 2665 IV,
435 2615 495 2672 p.
528 2614 571 2664 ι,
603 2596 715 2654 col.
747 2599 854 2653 368
884 2600 943 2653 et
970 2601 1120 2671 seq.)

195 2688 349 2757 Quia
379 2687 624 2742 charitas
655 2688 759 2747 Dei
785 2686 995 2759 diffusa
1015 2693 1095 2744 est
1124 2687 1185 2741 in
1214 2685 1468 2743 cordibus
1490 2687 1689 2743 nostris
1705 2702 1805 2758 per

124 2777 411 2851 Spiritum
439 2783 693 2831 sanctum
718 2776 819 2849 qui
848 2774 1010 2831 datus
1040 2784 1117 2831 est
1148 2776 1326 2831 nobis.
1357 2776 1404 2831 A
1434 2792 1551 2849 quo
1584 2775 1697 2831 nisi
1730 2775 1804 2835 ab

125 2865 257 2933 illo,
284 2868 422 2933 etc.,
448 2881 623 2937 usque
655 2864 727 2920 ad
761 2864 1016 2937 cooperit
1055 2863 1499 2920 multitudinem
1539 2868 1806 2938 peccato-

127 2972 293 3012 rum.
322 2954 455 3023 (Id.,
481 2953 585 3011 lib.
612 2952 679 3011 de
701 2958 827 3013 Nat.
852 2962 903 3010 et
921 2970 1066 3025 97's.,
1090 2970 1161 3013 ea:
1186 2969 1431 3013 sermom:
1448 2954 1519 3015 ad
1541 2956 1809 3028 populum

132 3045 199 3101 de
233 3044 452 3116 blasph.
483 3042 729 3117 Spiritus
758 3045 953 3100 sancti.

206 3134 337 3207 Ego
370 3132 641 3201 arbitror,
666 3136 798 3189 etc..
822 3149 994 3205 usque
1012 3133 1083 3189 ad
1112 3132 1423 3207 coagulum
1447 3150 1561 3190 non
1584 3136 1803 3189 tenent.

134 3225 278 3295 (Id.,
303 3239 472 3279 serm.
497 3222 685 3279 Ascen.
712 3223 954 3291 Domini,
979 3226 1022 3279 t.
1045 3222 1115 3290 V,
1140 3240 1197 3296 p.
1221 3241 1261 3292 1,
1286 3221 1396 3278 col.
1423 3223 1562 3279 1223
1581 3226 1637 3279 et
1659 3223 1805 3296 seq.)

1891 631 2099 701 sidere,
2133 632 2251 689 noli
2290 650 2396 706 per
2426 632 2753 701 avaritiam,
2793 635 2896 690 sed
2954 651 3059 707 per
3113 635 3387 707 pietatem
3433 636 3544 693 hoc

1890 738 2167 794 querere.
2191 721 2251 777 Si
2281 722 2439 779 enim
2471 723 2553 778 ita
2582 722 2906 794 quaesieris,
2929 722 3278 795 possidebis.
3296 724 3544 783 Toar‘bis

1890 810 2050 866 enim
2081 826 2216 866 eum
2247 828 2351 884 per
2374 829 2549 885 quem
2580 812 2733 868 facta
2761 818 2899 869 sunt
2921 813 3140 881 omnia,
3164 817 3220 869 et
3249 831 3385 870 cum
3413 814 3543 888 ipso

1891 898 2092 955 omnia
2126 900 2476 972 possidebis.

1964 987 2313 1045 Commendat
2350 999 2533 1049 autem
2560 1008 2719 1047 suam
2747 992 3072 1049 charitatem
3109 996 3255 1049 Deus
3280 995 3343 1049 in
3365 993 3543 1064 nobis,

1891 1085 2017 1148 etc.,
2050 1094 2239 1151 usque
2267 1078 2339 1134 ad
2367 1080 2511 1135 salvi
2537 1081 2744 1136 erimus
2774 1082 2835 1136 in
2858 1083 2975 1137 vita
3001 1083 3195 1154 ipsius.
3221 1083 3545 1157 Incompre-

1893 1165 2205 1223 hensibilis
2236 1172 2324 1223 est
2371 1167 2603 1224 dilectio
2633 1186 2769 1242 qua,
2792 1172 2927 1235 etc.,
2949 1187 3120 1243 usque
3149 1171 3220 1227 ad
3265 1173 3409 1228 socii
3440 1173 3546 1230 de-

1894 1254 2188 1312 beremus.
2215 1256 2343 1329 (Id.,
2367 1273 2437 1313 ex
2476 1265 2707 1314 tractatu
2738 1260 3023 1329 Evangelii
3062 1261 3359 1318 secundum
3384 1264 3544 1325 Joan.

1894 1361 1986 1411 cx,
2031 1348 2089 1401 et
2135 1347 2195 1401 in
2238 1346 2382 1419 psal.
2418 1364 2618 1419 mxxv,
2652 1352 2795 1402 tom.
2831 1348 2929 1416 III,
2978 1366 3035 1421 p.
3067 1367 3129 1419 ιι,
3164 1349 3272 1407 col.
3308 1353 3446 1407 1923
3491 1355 3550 1408 et

1895 1436 2047 1506 seq.)

1967 1524 2329 1581 Testimonia
2371 1525 2589 1599 quippe
2636 1525 2760 1591 Dei,
2793 1530 2926 1595 etc.,
2951 1544 3122 1600 usque
3146 1530 3217 1585 ad
3243 1530 3412 1589 nobis
3440 1530 3549 1595 do-

1896 1613 2077 1668 navit.
2111 1614 2240 1682 (Id.,
2285 1630 2355 1670 ea:
2399 1622 2638 1670 tractatu
2677 1614 2820 1687 psal.
2862 1632 3056 1685 cxvm,
3104 1620 3248 1673 tom.
3274 1618 3367 1674 IV.
3398 1637 3458 1693 p.
3489 1622 3549 1690 2,

1895 1701 2009 1758 col.
2050 1703 2234 1771 1515.)

1968 1789 2231 1846 Primum
2261 1791 2431 1847 nobis
2460 1792 2961 1865 persuadendum,
2982 1797 3118 1861 etc.,
3141 1812 3314 1869 usque
3341 1796 3411 1853 ad
3430 1814 3558 1871 por-

1900 1879 2230 1935 ficerentur.
2265 1881 2396 1952 (Id.,
2426 1882 2522 1937 lib.
2564 1882 2630 1937 de
2670 1884 2935 1940 Trinitate
2971 1898 3050 1953 IV,
3085 1888 3227 1941 tom.
3260 1886 3409 1957 VIII,
3442 1887 3553 1944 col.

1900 1970 2006 2023 887
2035 1974 2093 2025 et
2119 1970 2269 2042 seq.)

1902 2060 2182 2130 Quoniam
2208 2076 2334 2115 cum
2359 2061 2538 2116 adhuc
2561 2070 2864 2133 peccatores
2900 2079 3154 2132 essemus,
3187 2064 3434 2122 Christus
3454 2082 3561 2139 pro,

1902 2148 2056 2203 nobis
2081 2156 2326 2205 mortuus
2367 2154 2469 2215 est,
2502 2154 2613 2205 etc.
2638 2150 2765 2205 Non
2799 2150 2980 2207 alium
3034 2153 3272 2209 modum
3304 2155 3557 2227 possibi-

1903 2234 2042 2301 lem,
2065 2241 2197 2304 etc.,
2224 2254 2396 2310 usque
2426 2238 2495 2293 ad
2531 2238 2741 2294 fortius
2781 2244 2871 2296 est
2907 2240 3267 2299 hominibus.
3292 2244 3422 2314 (Id.,
3456 2245 3555 2302 lib.

1904 2326 1968 2383 de
1998 2327 2191 2382 Trinit.
2225 2344 2347 2393 xm,
2370 2331 2513 2383 tom.
2539 2327 2693 2398 VIII,
2724 2328 2833 2387 col.
2869 2330 3006 2384 1024
3037 2334 3096 2386 et
3125 2332 3270 2405 seq.)

1975 2415 2037 2471 Si
2066 2416 2232 2483 enim,
2256 2420 2390 2484 etc.,
2411 2433 2598 2489 usque
2628 2417 2699 2473 ad
2729 2419 2873 2474 salvi
2900 2420 3106 2479 erimus
3137 2422 3198 2476 in
3222 2423 3331 2479 vita
3364 2424 3555 2495 ipsius,

1909 2504 2055 2577 Ergo
2076 2522 2179 2577 pro
2211 2505 2410 2577 impiis
2429 2505 2699 2562 Christus
2723 2513 2994 2565 mortuus
3015 2512 3123 2576 est,
3146 2514 3279 2580 etc.,
3302 2528 3473 2584 usque
3490 2512 3562 2569 ad

1908 2594 2009 2650 sed
2042 2611 2145 2666 pro
2176 2594 2366 2650 nobis.
2391 2595 2522 2667 (Id.,
2548 2612 2713 2651 serm.
2745 2596 2809 2653 de
2838 2600 3101 2657 Passione
3130 2598 3396 2673 Domini.)

1909 2684 2084 2742 Multo
2112 2684 2288 2755 magis
2314 2700 2463 2739 nunc
2482 2684 2775 2756 justi/icati
2804 2688 2866 2741 in
2894 2691 3167 2757 sanguine
3197 2691 3389 2761 ipsius,
3421 2692 3564 2748 salvi

1910 2775 2115 2833 erimus
2147 2774 2215 2827 ab
2247 2775 2334 2828 ira
2375 2790 2476 2845 per
2522 2776 2721 2845 ipsum.
2752 2775 2933 2831 Filius
2964 2776 3088 2845 Dei,
3111 2783 3244 2844 etc.,
3278 2796 3449 2852 usque
3493 2781 3565 2845 ad

1912 2862 2163 2934 impium
2196 2860 2489 2934 relinquet
2520 2861 2706 2935 pium.
2733 2863 2837 2936 (Id.
2871 2867 2930 2920 in
2954 2867 3099 2937 psal.
3131 2873 3307 2937 xcvr)

1984 2954 2100 3007 Cur
2129 2968 2264 3025 ergo
2295 2968 2412 3007 non
2451 2952 2615 3008 fieret
2643 2969 2802 3009 mors
2834 2954 3066 3023 Christi,
3099 2960 3234 3023 etc.,
3280 2975 3450 3031 usque
3494 2959 3567 3016 ad

1914 3040 2259 3114 spiritaliter
2306 3044 2695 3115 regeneratos.
2718 3042 2852 3111 (Id.,
2887 3044 2985 3099 lib.
3017 3044 3082 3101 de
3125 3047 3323 3104 Trinit.
3355 3066 3478 3119 xm,
3512 3067 3562 3107 c.

1913 3146 2029 3197 XVI,
2061 3134 2202 3186 tom.
2235 3130 2385 3197 VIII,
2413 3130 2521 3187 col.
2555 3131 2696 3186 4030
2723 3134 2782 3187 at
2812 3132 2959 3205 seq.)

1987 3222 2281 3290 Propterea
2309 3221 2452 3275 sicut
2494 3236 2594 3291 per
2632 3236 2807 3275 unum
2833 3221 3108 3278 hominem
3151 3236 3432 3296 peccatum
3479 3230 3566 3285 in-

206 3310 487 3369 Gharitas
518 3316 833 3386 congregat
861 3328 990 3369 nos.
1015 3313 1162 3379 Quia
1194 3329 1328 3369 vero
1374 3311 1533 3379 dicit,
1556 3316 1689 3381 etc.,
1710 3330 1804 3369 us-
1834 3296 1877 3362 C
1916 3311 2081 3365 travit
2110 3311 2171 3363 in
2199 3310 2346 3364 hunc
2371 3309 2659 3377 mundum,
2692 3318 2744 3369 et
2782 3326 2882 3382 per
2911 3319 3193 3382 peccatum
3218 3331 3385 3385 mors,
3413 3326 3465 3373 et
3488 3320 3570 3375 ita

133 3419 243 3476 que
297 3400 373 3457 ad
421 3399 677 3475 Spiritus
724 3400 1093 3471 Dei.(Id.,in
1141 3417 1388 3459 sermone
1437 3402 1607 3474 Epist.
1647 3403 1804 3459 Joan.

134 3498 287 3549 tom.
324 3489 430 3559 III,
464 3507 523 3563 p.
555 3507 618 3559 ιι,
655 3488 765 3547 col.
799 3490 988 3561 2032.)

208 3580 386 3637 Unde
415 3578 662 3648 scimus,
686 3583 820 3647 etc.,
843 3597 1015 3654 usque
1042 3580 1113 3637 ad
1134 3582 1307 3637 datus
1338 3583 1427 3636 est
1456 3580 1647 3637 nobis.
1674 3581 1806 3654 (Id.,

134 3688 307 3729 sem.
343 3669 442 3747 Ep.
472 3671 526 3738 8,
558 3670 739 3737 Joan.,
771 3674 917 3726 tom.
950 3670 1049 3740 III,
1081 3687 1140 3744 p.
1169 3674 1225 3738 2,
1259 3669 1366 3726 col.
1391 3671 1580 3740 2043.)

209 3760 392 3817 Dedit
421 3759 578 3815 dona
604 3758 968 3827 hominibus,
1001 3763 1132 3826 etc.,
1165 3776 1337 3834 usque
1365 3759 1436 3815 ad
1474 3759 1577 3832 qui
1609 3758 1810 3816 dilexit

138 3866 272 3906 nos.
310 3847 445 3923 (Id.,
476 3864 639 3904 serm.
672 3865 823 3915 XLIV,
856 3847 921 3903 de
949 3850 1097 3904 verb.
1130 3848 1362 3920 Evang.)

208 3939 373 4013 Eego
404 3937 563 3993 unde
596 3937 703 3992 tibi
736 3936 1012 4006 Charitas,
1047 3943 1180 4005 etc.,
1214 3953 1385 4011 usque
1413 3937 1485 3993 ad
1516 3938 1689 3994 datus
1721 3941 1810 3994 est

136 4027 316 4085 nobis
373 4026 454 4100 (S.
493 4026 667 4100 Aug.,
701 4042 864 4083 serm.
912 4025 979 4082 de
1033 4026 1178 4083 verb.
1229 4028 1407 4099 Apost.
1439 4027 1530 4099 81,
1561 4029 1704 4082 tom.
1735 4025 1804 4099 V,

136 4120 295 4190 part.
333 4134 372 4183 l,
407 4113 515 4171 col.
548 4114 701 4188 923.)

212 4207 471 4263 Prorsus
501 4203 844 4261 donumst
889 4203 1017 4274 Dei,
1048 4207 1180 4275 etc.,
1205 4221 1376 4278 usque
1419 4204 1491 4260 ad
1536 4208 1594 4261 et
1641 4203 1805 4262 Filio.

135 4297 276 4368 (Id..
303 4294 407 4352 lib.
439 4294 568 4350 Sen.
600 4294 875 4367 Prosperi,
902 4297 1046 4350 tom.
1078 4293 1144 4360 X,
1177 4311 1237 4368 p.
1266 4297 1320 4365 2,
1351 4293 1461 4351 col.
1494 4293 1677 4367 l894.)

214 4386 283 4444 Ut
311 4383 449 4457 quid
481 4384 633 4440 enim
664 4382 928 4452 Christus,
958 4387 1094 4450 etc.,
1123 4384 1246 4456 quis
1275 4383 1474 4441 audeat
1500 4385 1663 4441 mori.
1696 4385 1812 4440 Aut

136 4491 274 4533 vero
308 4490 418 4548 pro
451 4472 717 4542 minimo,
751 4477 884 4541 etc.,
918 4488 1090 4545 usque
1125 4473 1197 4529 ad
1237 4477 1547 4530 secuturus
1579 4490 1661 4530 es.
1694 4474 1803 4545 (Id.

138 4567 197 4622 in
223 4563 381 4638 psal.
405 4578 634 4632 cxnvm,
670 4566 813 4619 tom.
847 4561 942 4647 IY,
973 4580 1031 4636 p.
1066 4579 1127 4630 ιι,
1161 4561 1271 4619 col.
1301 4562 1483 4635 4942).

1916 3400 1977 3454 in
2005 3415 2188 3454 omnes
2217 3399 2461 3453 homines
2484 3400 2829 3470 pertransiit.
2854 3399 3058 3455 Prima:
3080 3405 3569 3475 transgressionis

1916 3491 2220 3561 peccatum
2251 3504 2365 3543 non
2397 3487 2836 3560 propagatione.
2863 3492 2998 3557 etc.,
3021 3507 3191 3564 usque
3217 3492 3288 3547 ad
3314 3493 3414 3549 sed
3448 3511 3567 3551 una

1916 3593 2071 3632 caro.
2097 3576 2227 3649 (Id.,
2262 3575 2361 3631 lib.
2401 3593 2417 3631 ι
2456 3575 2521 3632 de
2565 3578 2847 3648 Baptismo
2896 3580 3276 3651 parvulorum,
3326 3585 3468 3638 tom.
3500 3582 3568 3654 X,

1916 3683 1973 3738 p.
2008 3684 2043 3733 ι,
2076 3664 2185 3720 col.
2222 3666 2327 3720 114
2356 3668 2415 3721 et
2447 3668 2595 3738 seq.)

1988 3755 2101 3811 Sed
2131 3755 2308 3811 homo
2338 3754 2515 3811 habet
2542 3759 2600 3812 et
2628 3772 2861 3829 pcenam
2893 3759 3211 3831 propriam,
3232 3762 3365 3829 etc.,
3400 3778 3573 3835 usque

1916 3845 1986 3901 ad
2017 3861 2205 3919 genus
2252 3843 2601 3900 humanum.
2635 3845 2767 3918 (Id.,
2813 3847 3122 3914 Enchirid.,
3154 3852 3296 3906 tom.
3329 3850 3424 3920 γι,
3459 3850 3570 3908 col.

1916 3935 2022 3991 244
2050 3938 2111 3990 et
2138 3934 2289 4005 seq.)

1977 4023 2199 4078 'Praeter
2228 4022 2337 4080 hoc
2366 4022 2692 4090 vinculum,
2725 4027 2859 4092 etc.,
2890 4040 3060 4097 usque
3106 4025 3178 4081 ad
3221 4026 3406 4082 Adam
3454 4045 3572 4093 non

1918 4116 2006 4169 est
2036 4116 2229 4168 natus.
2253 4112 2382 4185 (Id.,
2419 4113 2475 4168 in
2503 4113 2649 4185 psal.
2685 4131 2734 4181 ι.,
2767 4118 2911 4169 tom.
2944 4114 3039 4182 1V,
3072 4131 3129 4186 p.
3163 4129 3205 4183 l,
3236 4115 3345 4172 col.
3377 4116 3478 4172 591
3514 4122 3573 4175 et

1917 4201 2066 4274 seq.)

1984 4291 2190 4347 Videte
2237 4307 2393 4364 ergo,
2445 4291 2674 4359 fratres,
2718 4296 2852 4363 etc.,
2882 4309 3053 4366 usque
3100 4292 3169 4350 ad
3217 4297 3276 4349 te
3326 4292 3566 4351 invenit.

1916 4381 2047 4452 (Id.,
2072 4380 2247 4436 Serm.
2283 4399 2336 4437 IV
2362 4380 2426 4438 de
2453 4383 2607 4437 verb.
2641 4383 2930 4454 Apostoli.)

1988 4469 2138 4526 Illud
2168 4469 2325 4526 enim
2355 4469 2457 4525 ubi
2489 4470 2576 4525 vel
2607 4470 2859 4527 maxime
2896 4472 3040 4529 ﬁdes
3073 4471 3404 4531 Christiana
3432 4490 3569 4531 con-

1917 4559 2090 4628 sistit,
2115 4563 2252 4626 etc.,
2273 4575 2444 4631 usque
2474 4558 2543 4613 ad
2573 4575 2760 4632 genus
2790 4558 3143 4617 humanum.
3168 4561 3301 4633 (Id.,
3322 4564 3478 4636 epist.
3502 4563 3573 4620 ad

210 4653 422 4710 Omnia
449 4652 594 4707 mihi
621 4651 827 4707 tradita
853 4658 1001 4721 sunt,
1025 4650 1240 4724 inquit,
1267 4670 1301 4707 a
1327 4653 1493 4708 Patre
1514 4668 1650 4709 meo.
1675 4652 1807 4708 For-
1836 4673 1884 4738 Β
1918 4649 2092 4722 Optat.
2124 4650 2453 4721 episcopum,
2485 4652 2629 4704 tom.
2666 4647 2735 4717 II,
2771 4648 2881 4705 col.
2915 4651 3021 4705 858
3052 4655 3109 4707 et
3140 4654 3290 4724 seq.)

136 4750 299 4801 tasse
351 4740 620 4797 dicturus
664 4758 749 4797 es.
781 4740 1013 4797 Christo
1070 4744 1210 4797 sunt
1264 4741 1479 4797 tradita
1536 4742 1804 4814 nunquid

137 4832 333 4891 mihi?
354 4829 504 4887 Audi
525 4830 871 4904 Apostolum
894 4830 1185 4887 dicentem
1206 4846 1219 4885 :
1244 4830 1415 4900 Audi,
1438 4834 1504 4886 ut
1523 4830 1640 4886 dixi
1653 4832 1803 4905 jam-

137 4924 398 4989 dudum,
432 4936 506 4976 ne
536 4919 938 4993 desperatione
979 4918 1287 4993 frangaris.
1320 4920 1470 4975 Audi
1510 4921 1803 4993 quomodo

136 5016 383 5069 amatus
426 5025 490 5066 es
538 5025 656 5069 non
706 5008 1020 5065 amandus.
1047 5009 1198 5065 Audi
1231 5009 1525 5082 quomodo
1573 5013 1804 5065 amatus

136 5119 194 5159 es
226 5098 455 5173 turpis,
481 5097 689 5169 fwdus,
714 5101 1030 5171 antequam
1073 5102 1227 5157 esset
1255 5097 1316 5153 in
1348 5101 1405 5154 te
1435 5098 1591 5171 quod
1621 5098 1805 5155 amari

138 5191 396 5267 dignum
445 5191 622 5245 esset.
654 5188 899 5244 Amatus
940 5204 1002 5244 es
1044 5188 1212 5261 prius
1262 5192 1328 5244 ut
1377 5188 1592 5262 dignus
1641 5188 1808 5244 fieres

138 5281 235 5354 qui
270 5277 588 5337 amareris.
613 5276 841 5335 Etenim
878 5278 1123 5334 Christus
1148 5277 1325 5347 (sicut
1361 5276 1443 5333 ait
1469 5276 1804 5351 Apostolus)

133 5388 231 5444 pro
262 5369 467 5441 impiis
492 5374 744 5424 mortuus
772 5373 870 5423 est.
903 5368 992 5423 An
1022 5367 1172 5424 forte
1213 5366 1433 5441 impius
1473 5368 1807 5424 merebatur

138 5456 375 5516 amari?
414 5457 619 5523 Qumro
667 5456 809 5529 quid
849 5456 1184 5513 merebatur
1228 5456 1488 5531 impius?
1534 5456 1805 5513 damnari

136 5545 491 5624 respondes.
532 5544 805 5603 Christus
860 5549 1059 5603 tamen
1117 5564 1223 5620 pro
1277 5546 1479 5620 impiis
1537 5550 1806 5603 mortuus

138 5642 246 5697 est.
268 5638 423 5695 ane
442 5634 583 5709 quid
606 5633 713 5694 tibi
734 5634 1062 5708 prestitum
1077 5639 1169 5692 est
1183 5635 1384 5710 impio.
1398 5636 1531 5693 Jam
1549 5634 1644 5709 pio
1662 5634 1807 5710 quid

137 5726 456 5788 servatur?
479 5724 627 5797 Quid
666 5723 994 5803 praestitum
1024 5728 1114 5795 est
1143 5723 1364 5804 impio?
1403 5724 1670 5787 Christus
1702 5740 1807 5803 pro

1987 4738 2089 4795 Ille
2117 4755 2273 4794 unus
2302 4754 2484 4793 unum
2520 4741 2845 4809 peccatum,
2879 4743 3014 4807 etc.,
3048 4756 3217 4812 usque
3246 4741 3317 4795 ad
3344 4757 3379 4795 ι
3409 4741 3571 4797 dam-

1910 4828 2148 4884 natione
2202 4827 2457 4884 liberari.
2519 4828 2649 4896 (Id.,
2709 4828 3017 4901 Enchirid.,
3076 4832 3220 4886 tom.
3280 4829 3377 4899 VI,
3454 4830 3566 4888 col.

1983 5011 2107 5064 Non
2125 5007 2404 5080 judicium
2432 5024 2502 5063 ea:
2529 5024 2637 5063 uno
2680 5009 2744 5063 in
2775 5008 3294 5077 condemnationem,
3320 5011 3429 5064 etc.
3455 5008 3567 5067 Sed

1915 5113 2039 5165 cur,
2063 5096 2282 5169 inquis,
2307 5096 2496 5170 gratia
2520 5096 2620 5153 Dei
2645 5114 2761 5152 non
2783 5099 3130 5167 secundum,
3155 5101 3286 5165 etc.,
3306 5114 3480 5171 usque
3496 5098 3569 5154 ad

1917 5187 2072 5259 apud
2103 5186 2288 5241 Deum
2322 5186 2633 5242 invenitur.
2658 5186 2789 5259 (Id.,
2828 5186 2926 5241 lib.
2958 5186 3022 5243 de
3051 5187 3190 5244 dono
3214 5204 3566 5260 perseveran-

1912 5277 2030 5345 tiae,
2053 5279 2197 5331 tom.
2222 5275 2289 5344 Χ,
2321 5292 2379 5348 p.
2412 5291 2475 5345 ιι,
2505 5274 2613 5332 col.
2650 5276 2833 5344 1002.)

1980 5367 2160 5435 Igitur
2185 5367 2326 5421 sicut
2353 5382 2453 5439 per
2499 5366 2668 5421 unius
2705 5364 2986 5433 delictum,
3020 5373 3143 5437 etc.,
3186 5384 3374 5440 usque
3403 5367 3472 5423 ad
3505 5369 3568 5424 in

1904 5455 2357 5528 justiﬁcationem
2402 5458 2553 5513 vitae.
2594 5454 3100 5522 Quemadmodum
3151 5454 3310 5511 enim
3362 5473 3566 5514 omnes

1913 5545 2173 5613 omnino,
2216 5549 2352 5614 etc.,
2394 5561 2567 5618 usque
2616 5543 2688 5601 ad
2745 5560 2917 5599 nemo
2974 5544 3169 5600 discit.
3192 5544 3323 5617 (Id.,
3358 5545 3456 5601 lib.
3500 5545 3569 5603 de

1911 5634 2190 5707 Baptismo
2246 5634 2630 5708 parvulomm,
2689 5635 2832 5691 tom.
2884 5631 2949 5702 X,
2993 5649 3049 5708 p.
3100 5650 3136 5705 ι,
3184 5630 3294 5690 col.
3349 5632 3455 5690 140
3508 5635 3569 5693 et

1915 5723 2061 5801 seq.)
