4100 6442
572 405 687 469 291

1779 402 2009 463 FLOHI
2055 401 2372 463 omnem
2421 366 2799 462 MONACHI.

3879 399 4025 456 292

647 539 809 595 Sicut
834 538 1060 594 dictum
1089 540 1199 605 est,
1227 537 1379 593 sicut
1404 552 1507 608 per
1526 534 1703 591 unius
1726 534 2003 591 delictum
2030 536 2087 589 in
2113 550 2233 590 om-
2261 536 2317 602 Α
2346 533 2416 589 ad
2444 531 2834 588 Christianus.
2863 532 2996 602 (Id.,
3029 533 3091 587 in
3126 530 3268 603 psal.
3311 545 3494 597 cxxvn,
3536 532 3678 584 tom.
3722 528 3810 595 IV,
3843 545 3903 601 p.
3942 546 4027 599 II,

575 646 678 684 nes
708 626 978 684 homines
1005 626 1065 681 in
1096 625 1668 690 condemnationem,
1693 628 1759 679 ut
1778 623 1977 680 nullus
2000 628 2235 696 praeter-

575 716 926 783 mitteretur,
951 715 1037 772 sic
1067 719 1125 770 et
1155 714 1215 769 in
1246 730 1312 770 eo
1344 714 1499 786 quod
1527 713 1750 768 dictum
1783 717 1890 780 est,
1925 728 2028 784 per
2058 711 2237 768 unius

565 805 866 878 justitiam
894 803 954 859 in
977 820 1182 860 omnes
1202 802 1473 858 homines
1495 802 1553 857 in
1569 801 2062 874 justiﬁcationem
2083 799 2233 867 vita,

573 893 773 950 nullus
804 892 1235 967 praetermissus
1266 893 1529 949 est.,Non
1562 890 1703 963 quia
1742 907 1948 946 omnes
1989 890 2050 945 in
2098 906 2233 945 eum

573 984 821 1040 credunt
839 987 896 1038 et
920 980 1212 1054 baptismo
1238 980 1365 1051 ejus
1396 981 1740 1046 abluuntur,
1767 980 1866 1035 sed
1901 978 2040 1051 quia
2060 994 2234 1035 nemo

563 1072 932 1144 justiﬁoatur
973 1069 1087 1125 nisi
1133 1069 1193 1125 in
1225 1086 1361 1125 eum
1409 1069 1609 1125 credat
1658 1073 1716 1124 et
1762 1068 2057 1140 baptismo
2105 1069 2234 1140 ejus

572 1160 861 1216 abluatur.
896 1163 1102 1230 Itaque
1133 1175 1340 1214 omnes
1364 1159 1585 1213 dictum
1613 1162 1720 1225 est,
1747 1174 1819 1213 ne
1843 1156 2039 1228 aliquo
2062 1157 2233 1212 modo

569 1248 682 1304 alio
713 1252 925 1322 praeter
950 1247 1150 1320 ipsum
1191 1247 1448 1320 quisque
1480 1246 1678 1303 salvus
1728 1246 1854 1301 ﬁeri
1904 1262 2076 1319 posse
2106 1261 2233 1302 cre-

567 1340 764 1394 datur.

634 1428 754 1501 Ego
788 1427 917 1483 dico
950 1426 1260 1499 parvulum
1294 1429 1498 1481 natum
1551 1426 1611 1480 in
1663 1441 1729 1481 eo
1778 1425 1904 1481 loco
1939 1424 2062 1493 ubi,
2096 1427 2229 1492 etc.,

564 1533 735 1590 usque
761 1517 831 1573 ad
863 1516 1195 1573 secundum
1224 1516 1405 1571 verba
1435 1532 1562 1571 sua.
1599 1514 1729 1587 (Id.,
1762 1531 1831 1570 ex
1861 1515 2001 1570 libro
2030 1513 2094 1570 de
2124 1518 2232 1571 Na-

564 1615 692 1662 tura
721 1614 770 1662 et
799 1607 1009 1675 gratia,
1041 1609 1184 1660 tom.
1220 1604 1286 1667 X,
1319 1620 1377 1676 p.
1410 1618 1449 1672 ι,
1474 1602 1584 1658 col.
1616 1604 1718 1658 251
1754 1608 1811 1659 et
1843 1603 1992 1675 seq.)

634 1694 789 1750 Sicut
815 1696 965 1750 enim
995 1710 1094 1764 per
1138 1692 1562 1749 inobedientia-m
1609 1694 1778 1748 unius
1821 1692 2062 1748 hominis
2105 1709 2228 1764 pec-

563 1791 768 1841 catores
799 1784 1083 1839 constituti
1126 1790 1254 1838 sunt
1291 1782 1474 1850 multi,
1508 1783 1587 1838 ita
1627 1798 1731 1854 per
1760 1784 1929 1837 unius
1974 1781 2232 1837 obeditio-

562 1889 689 1929 nem
707 1874 854 1945 justi
883 1872 1283 1928 constituentur
1308 1872 1493 1927 multi.
1520 1870 1862 1927 Obedientia
1892 1875 1981 1927 est
2008 1871 2068 1925 in
2100 1887 2225 1926 om-

2346 621 2455 678 col.
2492 623 2671 689 1673.)

2420 710 2568 780 Quod
2596 718 2778 767 autem
2804 718 3053 767 mortuus
3080 717 3157 766 est
3189 717 3427 781 peccato,
3459 712 3593 777 etc.,
3617 725 3805 782 usque
3837 709 3914 765 ad
3955 711 4026 764 in

2349 802 2568 857 Christo
2596 804 2747 857 Jesu.
2782 804 3091 856 Peccatum
3115 799 3165 854 ei
3198 816 3314 855 non
3345 799 3554 867 inerat,
3577 802 3710 867 etc.,
3733 814 3911 872 usque
3942 800 4033 856 ad

2346 891 2500 962 quod
2536 890 2827 945 nascendo
2870 892 3190 944 traxerunt.
3225 889 3355 962 (Id.,
3388 888 3693 955 Enchirid.,
3725 892 3873 948 tom.
3907 890 3966 942 ν
3972 890 4023 958 Ι,

2345 978 2454 1034 col.
2482 979 2632 1050 253.)

2413 1070 2531 1125 Non
2559 1085 2686 1137 ergo
2730 1076 2916 1137 regnet
2950 1075 3248 1138 peccatum,
3279 1075 3401 1135 etc.,
3431 1084 3619 1140 usque
3649 1068 3719 1124 ad
3749 1076 3805 1124 et
3829 1085 4023 1124 mem-

2346 1159 2445 1212 bra
2475 1165 2649 1213 vestra
2678 1173 2836 1212 arma
2858 1157 3097 1228 justiti}?
3126 1157 3253 1213 Deo.
3287 1156 3348 1212 Si
3380 1173 3496 1212 non
3529 1160 3694 1229 potes
3744 1175 3863 1212 non
3897 1158 4023 1214 ha-

2343 1246 2478 1303 bere
2500 1246 2957 1315 malitiam,etc.,
2983 1262 3153 1319 usque
3172 1246 3242 1300 ad
3255 1246 3380 1316 jam
3409 1262 3521 1301 non
3545 1247 3861 1320 pugnabis.
3884 1249 3958 1303 Id
3974 1294 3981 1297 .
3998 1291 4016 1316 ,

2344 1339 2404 1391 in
2429 1337 2572 1408 psal.
2607 1353 2772 1403 xxxv,
2797 1339 2939 1391 tom.
2966 1335 3060 1402 IV,
3094 1352 3150 1407 p.
3185 1353 3225 1401 ι,
3249 1334 3358 1391 col.
3390 1334 3542 1408 345.)

2413 1434 2537 1490 Non
2579 1450 2715 1506 ergo
2764 1436 2969 1506 regnet
3017 1438 3344 1506 peccatum,
3377 1437 3511 1505 etc.,
3541 1450 3712 1507 usque
3756 1435 3831 1491 ad
3881 1436 4013 1492 nisi

2339 1529 2514 1580 Deus.
2549 1524 2679 1596 (Id.,
2713 1524 2774 1579 in
2800 1522 2941 1595 psal.
2975 1540 3024 1589 L,
3058 1526 3203 1579 tom.
3235 1522 3328 1590 IV,
3362 1539 3421 1595 p.
3452 1542 3486 1590 ι,
3520 1522 3628 1579 col.
3659 1525 3812 1598 587.)

2412 1623 2537 1679 Non
2565 1621 2710 1677 dixit
2736 1620 3070 1693 Apostolus,
3102 1637 3218 1676 non
3250 1621 3327 1677 sit
3369 1626 3696 1694 peccatum,
3737 1627 3876 1692 etc.,
3911 1642 4014 1681 us-

2343 1728 2445 1784 que
2472 1712 2543 1767 ad
2572 1711 2631 1766 in
2679 1715 2735 1766 te
2784 1714 2991 1783 regnat
3021 1715 3348 1782 peccatum.
3382 1711 3512 1782 (Id.,
3545 1712 3607 1767 in
3649 1713 3792 1784 psal.
3833 1731 4009 1782 xxxv,

2343 1805 2486 1857 tom.
2522 1801 2613 1869 IV,
2648 1816 2705 1872 p.
2739 1818 2778 1867 I,
2812 1799 2920 1855 col.
2954 1800 3105 1867 960.)

2257 1909 2302 1974 Β
2411 1897 2557 1964 Quid
2591 1901 2699 1964 est,
2733 1915 2805 1953 ne
2845 1896 3199 1964 dominetur,
3232 1901 3364 1966 etc.,
3399 1913 3571 1970 usque
3600 1899 3671 1955 ad
3698 1916 3815 1954 non
3850 1901 4009 1957 mihi

562 1962 760 2060 ηίδξλθν
801 1966 935 2060 etc'f
978 1977 1169 2060 αδίῖίξξ-
1197 1960 1268 2016 ad
1317 1960 1753 2060 θοηδξίίξῗξηῑξτ
1801 1958 1993 2060 mlflti-
2022 1960 2126 2029 (Μ’
2161 1961 2221 2015 in
2257 1958 2302 1974 υ
2334 1958 2906 2043 dominetur'omnis
2947 1958 3251 2059 iniquitas.
3287 1958 3416 2060 (Id.,
3448 1958 3609 2043 serm.
3643 1988 3712 2044 3O
3741 1989 3806 2045 de
3838 1991 4003 2046 l’erb.

556 2052 698 2123 psal.
734 2068 882 2117 LXXI,
917 2054 1059 2106 tom.
1096 2051 1189 2118 IV,
1225 2068 1280 2122 p.
1316 2067 1355 2118 ι,
1388 2048 1495 2106 col.
1529 2050 1635 2104 904
1665 2054 1723 2105 et
1749 2050 1894 2121 seq.)

627 2138 962 2212 Apostolus,
997 2142 1135 2209 etc.,
1165 2155 1336 2212 usque
1383 2138 1453 2194 ad
1505 2138 1752 2194 secerni.
1785 2138 1913 2209 (Id.,
1936 2137 2000 2192 de
2030 2138 2221 2194 Genesi

2328 2082 2539 2149 Apost.,
2570 2081 2712 2131 tom.
2746 2076 2813 2145 V,
2844 2093 2899 2148 p.
2934 2093 2972 2142 1,
3007 2075 3113 2132 col.
3150 2075 3253 2131 190
3282 2079 3336 2132 et
3369 2077 3516 2149 seq.)

2400 2180 2683 2231 Peccatum
2722 2176 2873 2230 enim
2902 2174 3052 2230 vobis
3072 2190 3182 2230 non
3203 2174 3597 2245 dominabitur,
3633 2179 3768 2245 etc.,
3796 2194 3998 2251 usque

558 2229 628 2284 ad
658 2230 792 2298 litt.)

627 2318 745 2374 Hoc
783 2318 1056 2389 proderat
1104 2316 1395 2389 superbis,
1420 2319 1486 2372 ut
1534 2316 1859 2372 abundaret
1910 2314 2211 2385 delictum,

554 2411 689 2475 etc.,
722 2423 889 2479 usque
919 2407 989 2462 ad
1021 2423 1124 2478 per
1166 2406 1371 2461 Jesum
1404 2406 1706 2461 Christum
1757 2406 1910 2461 facta
1939 2410 2045 2462 est.
2081 2406 2210 2478 (Id.,

555 2514 625 2553 ea:
654 2504 888 2552 tractatu
919 2497 953 2551 3
980 2498 1198 2565 Fvang.
1231 2495 1529 2551 secundum
1555 2500 1743 2562 Joan.,
1770 2498 1914 2550 tom.
1945 2494 2043 2562 III,
2068 2512 2123 2568 p.
2148 2512 2210 2563 II,

555 2585 666 2642 col.
699 2585 837 2641 4401
874 2588 931 2641 et
961 2584 1107 2657 seq.)

625 2675 814 2730 Etiam
859 2673 1228 2746 temporibus
1284 2672 1707 2746 apostolorum,
1740 2677 1873 2741 etc.,
1926 2690 2096 2746 usque
2142 2673 2213 2730 ad

554 2767 759 2838 postea
789 2761 1275 2819 acceleraverunt.
1310 2762 1444 2834 (Id.,
1476 2762 1572 2817 lib.
1607 2762 1672 2821 de
1702 2762 1835 2819 Fide
1861 2771 1913 2818 et
1939 2752 2208 2835 operibus,

551 2858 696 2911 tom.
728 2851 824 2921 VI,
860 2850 967 2907 col.
1003 2851 1159 2919 2-H.)

624 2941 795 3016 Legis
826 2940 1021 2996 littera
1061 2957 1191 3013 quae
1241 2941 1428 3008 docet,
1480 2943 1613 3006 etc.,
1664 2957 1835 3012 usque
1880 2939 1951 2995 ad
1999 2940 2212 2996 videbi-

553 3049 687 3088 mus
717 3033 938 3087 lumen.
964 3030 1096 3101 (Id.,
1131 3030 1227 3085 lib.
1270 3030 1335 3085 de
1372 3029 1586 3102 Spiritu
1632 3038 1684 3085 et
1732 3030 1934 3099 littera,
1968 3035 2111 3086 tom.
2141 3030 2207 3099 X,
2355 3029 3156 3104 ,ῗξῖῗβυίῧζέιῗῖσζξέῗέυῗζ,
3178 3029 3390 3104 υοξιίιυδ·
3415 3029 3549 3104 cf”:
3782 3029 3959 3104 ““f‘f;

552 3085 683 3193 ii},
717 3085 1009 3189 tonost)
1083 3085 1096 3097 ’
1409 3085 1425 3102 ⁵
1826 3085 1831 3086 ί
1920 3085 1933 3099 ’
2103 3085 2107 3086 ί
2193 3085 2206 3099 ’

2355 3086 2563 3143 isibilis
2585 3085 3205 3158 pulchritudinis.(1d.,
3223 3103 3387 3142 serm.
3413 3086 3477 3143 de
3500 3090 3690 3145 Verbis
3711 3089 3978 3162 Apostoli,

621 3173 737 3266 Iter
757 3173 1004 3282 liiojrsen
1028 3208 1164 3264 data
1193 3212 1285 3264 est
1314 3208 1425 3280 lex,
1458 3212 1593 3280 etc.,
1625 3225 1796 3281 usque
1824 3208 1896 3264 ad
1927 3210 2209 3281 quaeritur

2355 3193 2458 3232 )m.
2500 3179 2563 3241 V,
2595 3192 2651 3247 p.
2688 3191 2726 3242 I,
2754 3173 2861 3230 col.
2891 3176 2996 3229 870
3025 3179 3082 3230 et
3112 3175 3259 3247 seq.)

551 3299 835 3356 medicus.
856 3273 986 3369 (Id.,
1021 3301 1083 3354 in
1122 3299 1267 3370 psal.
1301 3273 1588 3368 cu,'tom.'
1615 3273 1715 3366 ΙΙΓ,⁸
1742 3315 1799 3370 p.
1833 3273 2026 3366 11,0.01.
2073 3299 2211 3354 1329
2239 3285 2281 3351 C
2355 3366 2363 3370 _
2394 3275 2529 3370 cui"
2555 3275 2706 3370 θῖἦίητ
2732 3274 2879 3328 servi
2920 3273 3099 3370 εδδθίέδ
3141 3275 3366 3370 Ρθθεαίβ
3396 3274 3775 3370 [uisus
3790 3281 3978 3350 justi'

548 3393 605 3445 et
630 3389 777 3461 seq.)
863 3362 872 3369 ’
973 3362 982 3368 ⁷
1122 3362 1140 3370 ’
1381 3362 1390 3368 ⁷
1693 3362 1701 3366 ⁷
1742 3362 1760 3370 ’
1882 3362 1889 3366 ⁷
2317 3362 2686 3461 Qualis,
2721 3366 3170 3461 quaesoupotest
3192 3362 3355 3461 ser-vi-
3373 3365 3609 3461 addicti.
3642 3370 3776 3461 etc.,
3803 3385 3979 3441 usque

620 3451 929 3534 Lei'data
982 3480 1090 3544 est,
1151 3480 1285 3545 etc.,
1331 3493 1500 3550 usque
1553 3476 1624 3532 ad
1684 3478 2015 3532 sanandum
2075 3477 2202 3532 fuit.
2315 3452 2609 3550 admliberi
2677 3451 2863 3508 eritis.
2924 3451 3071 3522 (Id.,
3126 3452 3433 3521 Enchirid.,
3489 3458 3630 3510 tom.
3690 3454 3796 3522 VI,
3860 3456 3975 3513 col.

551 3567 683 3634 (Id.,
714 3567 811 3622 lib.
854 3544 1277 3622 Sententiarum,
1314 3544 1592 3638 Prosperi,
1625 3569 1769 3622 tom.
1802 3567 1869 3636 X,
1901 3584 1957 3639 p.
1993 3585 2054 3635 II,
2092 3566 2203 3623 col.
2313 3544 2479 3641 24:0.
2683 3630 2697 3641 ‘
2970 3631 2992 3641 η
3065 3631 3075 3641 ,

551 3630 735 3726 ἀξίας.)
1450 3630 1465 3638 ’
1579 3630 1587 3635 ’
1857 3630 1921 3639 ”
2044 3630 2053 3635 ’
2316 3720 2330 3726 _
2387 3630 2802 3726 quaedam
2851 3631 3138 3726 conl’usio,
3188 3634 3322 3726 etc.,
3568 3632 3640 3689 ad
3692 3638 3977 3726 aeternam

623 3719 933 3815 ϐοήθεραίιί
958 3744 1108 3798 enim
1135 3759 1324 3799 sumus
1354 3761 1477 3799 cum
1509 3745 1607 3800 illo
1646 3761 1745 3816 per
1787 3744 2117 3816 baptismum
2146 3745 2207 3799 in
2315 3720 2572 3816 habébit'
2610 3719 2740 3792 ad"
2774 3721 2833 3775 ίπ
2860 3721 3003 3792 Ρδαί·
3036 3737 3166 3787 xxx,
3198 3725 3342 3777 tom'
3377 3721 3468 3791 Ῑνν
3492 3739 3550 3794 Ρ·
3580 3740 3619 3789 ⁸»
3646 3722 3756 3780 εοιο
3787 3726 3896 3780 232
3916 3730 3979 3783 et

549 3812 800 3890 mortem:
828 3832 1140 3904 Ignoratis,
1172 3831 1385 3903 inquit,
1421 3812 1702 3904 quoniam
1734 3812 2072 3906 quicunque
2098 3834 2205 3889 ba-
2316 3812 2465 3906 se?)

546 3921 748 3996 ptizati
797 3938 1025 3988 sumus,
1059 3925 1190 3989 etc.,
1226 3938 1393 3992 usque
1439 3923 1509 3977 ad
1555 3923 1615 3977 in
1667 3940 1839 3978 carne
1871 3923 2197 3980 vetustatis.

548 4013 678 4087 (Id.,
711 4010 781 4066 ad
809 4012 1068 4078 Januar.,
1102 4014 1240 4066 tom.
1280 4010 1348 4077 ΙΙ,
1375 4010 1483 4066 col.
1514 4012 1619 4067 216
1652 4016 1709 4068 et
1743 4012 1890 4086 seq.)

613 4099 1005 4157 Ambulamus
1027 4116 1163 4172 ergo
1187 4100 1245 4154 in
1269 4117 1329 4155 re
1360 4099 1597 4169 laboris,
1624 4102 1724 4157 sed
1751 4101 1811 4156 in
1841 4119 1943 4174 spe
1965 4101 2200 4174 quietis,

542 4191 602 4246 in
636 4206 809 4246 carne
837 4188 1166 4245 vetustatis.
1202 4189 1392 4245 Semel
1426 4189 1768 4246 immolatus
1809 4196 1898 4247 est
1938 4191 2203 4249 Christus

543 4280 601 4334 in
635 4280 849 4352 seipso,
881 4285 1016 4346 etc.,
1042 4295 1211 4351 usque
1240 4278 1312 4334 ad
1340 4278 1659 4336 salubriter
1690 4280 1952 4354 percipit.
1976 4281 2109 4349 (Id.,
2134 4282 2203 4337 ad

541 4371 728 4439 Bonif.
759 4371 950 4440 episc.,
983 4372 1128 4425 tom.
1160 4369 1230 4437 II,
1265 4386 1323 4442 p.
1357 4370 1465 4424 360
1493 4372 1550 4425 et
1574 4374 1727 4443 seq.)

613 4458 849 4513 Scientes
879 4459 1013 4529 quia
1058 4466 1211 4514 vetus
1260 4460 1419 4515 homo
1448 4468 1633 4517 noster
1678 4462 1848 4517 simul
1896 4458 2202 4532 cruciﬁam

2355 4435 2382 4503 ζ,
2414 4434 2526 4490 col.
2556 4435 2705 4508 881.)

541 4553 639 4601 est.
674 4545 996 4601 Mortalitas
1036 4548 1194 4602 unde
1242 4547 1337 4616 sit,
1372 4553 1576 4604 notum
1625 4553 1733 4617 est,
1764 4554 1897 4617 etc.,
1930 4567 2102 4623 usque
2131 4550 2202 4606 ad
2348 4621 2356 4623 4
2384 4532 2827 4623 ἶῒθῐῒιίῙθοίίίοηίε
2856 4533 3122 4603 θᾶυδάθῐη
3144 4533 3333 4591 Ῑπθνίε
3357 4538 3415 4590 et
3435 4535 3779 4594 continuata
3798 4554 3971 4611 θΧΡο·

542 4633 602 4689 in
634 4649 804 4688 cruce
852 4633 1218 4706 triumphata
1263 4642 1421 4692 sunt.
1448 4637 1577 4710 (Id.,
1605 4641 1660 4694 in
1713 4621 2052 4712 expositione
2081 4640 2207 4711 Epi.
2234 4659 2280 4723 D
2313 4621 2466 4690 δίῖίον
2501 4622 2572 4723 32b
2614 4639 2688 4721 θο.
2730 4622 2830 4678 “bi
2883 4623 3104 4723 diotu‘m
3136 4628 3227 4723 es}
3260 4623 3820 4723 i‘PmPtereaﬁicuf
3865 4645 3971 4701 P9P

539 4721 697 4778 stolae
724 4719 794 4775 ad
826 4719 1027 4787 Galat.,
1061 4725 1205 4776 tom.
1242 4723 1338 4790 III,
1375 4741 1431 4795 p.
1466 4742 1528 4792 II,
1562 4726 1670 4781 col.
1704 4710 1845 4781 21ἒο
1875 4732 1932 4783 et
1962 4710 2133 4800 seq.)

2357 4728 2498 4766 num
2532 4710 2829 4767 hominem
2860 4716 3165 4784 peccatum
3195 4713 3254 4767 in
3283 4712 3440 4768 hunc
3470 4716 3758 4771 mundum
3791 4716 3973 4774 intra-

616 4812 680 4869 Ut
705 4808 1023 4866 destruatur
1052 4827 1250 4882 corpus
1285 4814 1510 4882 peccati,
1538 4818 1672 4881 etc.,
1696 4832 1884 4888 usque
1931 4818 2000 4872 ad
2047 4819 2193 4872 υίυε-
2304 4801 2406 4866 vit,
2440 4817 2610 4873 usque
2639 4800 2709 4856 ad
2737 4801 2938 4857 Gratia
2967 4806 3163 4858 autem
3190 4802 3291 4857 Dei
3322 4801 3441 4858 vita
3465 4807 3699 4874 aeterna,
3725 4804 3785 4859 in
3808 4805 3974 4861 Chri-

538 4915 661 4955 mus
688 4915 813 4955 cum
862 4899 1093 4956 Christo.
1119 4899 1315 4956 Gratia
1366 4901 1466 4957 Dei
1516 4919 1619 4974 per
1666 4904 2027 4977 baptismum
2068 4907 2196 4978 ejus
2306 4895 2394 4946 8ῐο
2425 4890 2564 4946 33311
2601 4890 2845 4947 Domino
2880 4894 3100 4947 DOStI‘O-

539 4989 638 5061 qui
667 4988 842 5057 venit,
878 4994 1011 5057 etc.,
1043 5006 1214 5061 usque
1255 4990 1324 5045 ad
1368 4990 1631 5047 servituti
1664 4994 2036 5065 subjicimus.
2061 4995 2193 5064 (Id.,
2375 4988 2535 5044 Sicut
2566 4989 2637 5044 ab
2671 4988 2769 5045 illo
2802 5006 2918 5045 uno
2959 4989 3217 5055 homine,
3252 4994 3384 5057 etc.,
3417 5007 3589 5063 usque
3624 4991 3695 5048 ad
3730 4991 3829 5048 ille
3866 5008 3971 5066 ge-

539 5079 635 5135 tib.
670 5079 734 5136 de
780 5082 1058 5152 Baptismo
1092 5080 1473 5152 parvulorum,
1508 5085 1649 5137 tom.
1692 5083 1757 5150 X,
1792 5101 1848 5156 p.
1879 5101 1917 5153 ι,
1955 5084 2064 5140 co].
2094 5084 2196 5140 456
2306 5077 2543 5133 neratis.
2579 5078 2709 5146 (Id.,
2741 5080 2826 5133 Ex
2871 5080 3025 5151 epist.
3059 5078 3130 5134 ad
3175 5080 3423 5136 consulta
3452 5082 3679 5146 Hilarii,
3714 5085 3856 5139 tom.
3893 5082 3965 5151 II,

2305 5166 2413 5222 col.
2446 5168 2553 5222 683
2585 5172 2644 5222 et
2676 5171 2824 5239 seq.)

2375 5256 2757 5328 Disputamus
2789 5257 2948 5314 enim
2992 5275 3109 5315 non
3145 5259 3216 5314 de
3256 5275 3610 5332 quocunque
3640 5265 3962 5333 peccatore,

2305 5350 2438 5414 etc.,
2472 5363 2643 5419 usque
2672 5347 2743 5403 ad
2785 5347 2845 5404 in
2877 5348 3190 5404 mundum.
3224 5348 3333 5416 Id.,
3369 5350 3467 5406 lib.
3501 5368 3541 5406 ιι
3590 5358 3781 5407 contra
3825 5352 3964 5421 Jul.,

2304 5438 2447 5491 tom.
2480 5436 2545 5505 X,
2580 5453 2638 5509 p.
2671 5454 2738 5508 II,
2766 5437 2876 5493 col.
2912 5438 3096 5510 1163.)

2376 5534 2654 5607 Nunquid
2689 5535 2844 5592 enim
2875 5537 3053 5593 Evam
3098 5554 3215 5593 non
3265 5537 3593 5607 imitantur,
3625 5543 3760 5609 etc.,
3792 5556 3963 5612 usque

2306 5624 2376 5681 ad
2404 5632 2578 5682 natus
2607 5642 2676 5682 ex
2703 5625 2939 5684 femina.
2970 5627 3103 5700 (Id.,
3140 5628 3238 5685 lib.
3273 5644 3313 5685 ιι
3342 5636 3535 5687 contra
3561 5630 3701 5701 Jul.,
3726 5632 3869 5688 tom.
3893 5630 3956 5703 X,

2307 5731 2367 5792 p.
2399 5732 2463 5786 II,
2497 5714 2606 5773 col.
2641 5716 2823 5793 1166.)

2326 2265 2398 2321 ad
2428 2265 2575 2321 servi
2600 2265 2738 2337 facti
2783 2265 2911 2319 estis
2944 2264 3207 2335 justitia’.
3243 2263 3364 2319 Sub
3393 2263 3519 2337 lege
3569 2266 3725 2321 enim
3773 2268 3995 2339 positis

2323 2372 2441 2411 non
2473 2355 2584 2410 sub
2616 2353 2804 2427 gratia
2834 2352 3236 2409 dominabitur
3264 2358 3591 2426 peccatum,
3636 2358 3768 2424 etc.,
3812 2373 3994 2428 usque

2324 2445 2393 2500 ad
2438 2443 2756 2501 excidistis.
2792 2442 2924 2513 (Id.,
2976 2443 3074 2497 lib.
3123 2443 3189 2499 de
3235 2442 3423 2500 Gratia
3467 2452 3517 2499 et
3567 2445 3737 2500 libero
3785 2448 3986 2516 arbit.,

2320 2538 2464 2589 tom.
2497 2532 2561 2601 X,
2591 2549 2648 2605 p.
2686 2549 2721 2600 ι,
2754 2531 2863 2587 col.
2897 2531 3046 2600 896.)

2391 2633 2704 2687 Humanum
2734 2629 2872 2698 dico,
2898 2634 3030 2701 etc.,
3053 2647 3242 2703 usque
3273 2632 3345 2687 ad
3378 2633 3439 2687 in
3467 2634 3978 2704 sanctiﬁcationem,

2319 2718 2632 2792 Apostolus
2676 2720 2971 2774 admonet.
3008 2719 3365 2789 Humanum,
3408 2726 3540 2790 etc.,
3576 2739 3744 2794 usque
3770 2724 3841 2779 ad
3873 2725 3983 2797 qui

2320 2810 2494 2865 datus
2524 2812 2613 2864 est
2642 2808 2831 2864 nobis.
2867 2808 2998 2878 (Id.,
3029 2811 3182 2881 epist.
3215 2810 3285 2865 ad
3316 2813 3698 2879 Anastasium,
3731 2816 3877 2868 tom.
3906 2815 3979 2881 ll,

2320 2898 2430 2955 col.
2462 2898 2567 2954 954
2597 2902 2655 2954 et
2684 2900 2833 2969 seq.)

2390 2996 2716 3070 Praeponite
2760 2995 3129 3052 delectationi
3178 2997 3390 3053 carnis.
3415 3002 3549 3069 etc.,
3580 3015 3752 3071 usque
3782 3000 3853 3056 ad
3885 3002 3979 3057 in-

2383 3898 2674 3971 Stipendia
2701 3899 2851 3955 enim
2877 3901 3092 3971 peccati
3127 3916 3292 3956 mors.
3327 3900 3529 3957 Merito
3568 3901 3971 3974 stipendium:

2315 3988 2455 4059 quia
2502 3987 2747 4057 militia,
2787 3992 2925 4056 etc.,
2956 4005 3125 4062 usque
3154 3989 3224 4045 ad
3256 4006 3470 4047 corona
3517 3991 3797 4048 redditur.
3835 3995 3968 4063 (Id.,

2314 4078 2409 4133 lib.
2465 4077 2531 4134 de
2593 4077 2783 4134 Gratia
2838 4087 2889 4134 et
2945 4078 3114 4135 libero
3174 4078 3362 4148 arbit.,
3422 4083 3564 4135 tom.
3596 4081 3660 4145 Χ,
3690 4097 3749 4153 p.
3782 4099 3821 4151 ι,
3857 4082 3969 4139 col.

2311 4168 2436 4222 893.

2384 4168 2436 4222 3.

2384 4167 2490 4311 Ubi
2523 4260 2720 4313 autem
2773 4256 3124 4322 invenimus,
3177 4263 3309 4325 etc.,
3343 4275 3517 4337 usque,
3558 4260 3628 4315 ad
3676 4260 3803 4316 sine
3853 4262 3969 4317 ﬁne

2309 4344 2592 4401 vivemus.
2626 4346 2758 4415 (Id.,
2802 4347 2973 4418 Epist.
3009 4348 3078 4403 ad
3121 4347 3344 4403 Sixtum
3380 4350 3788 4422 presbyterum,
3820 4353 3968 4407 tom.

537 5172 595 5223 et
623 5171 775 5240 seq.)

607 5258 846 5313 Scientes
892 5258 1034 5331 quod
1080 5259 1333 5317 Christus
1382 5275 1679 5333 resurgens
1728 5278 1762 5316 a
1806 5265 2038 5319 mortuis
2076 5265 2198 5336 jam

536 5362 645 5401 non
674 5348 930 5412 moritur,
962 5365 1109 5404 mors
1139 5350 1231 5405 illi
1279 5349 1430 5405 ultra
1483 5366 1595 5405 non
1635 5350 2035 5407 dominabitur.
2070 5352 2195 5407 Non

537 5435 736 5491 Lazari
770 5438 1139 5505 resurrectio,
1164 5442 1297 5506 etc.,
1330 5456 1504 5512 usque
1534 5440 1603 5495 ad
1632 5439 1691 5496 in
1724 5446 2029 5497 aeternum.
2064 5441 2194 5514 (Id.,

535 5524 632 5580 lib.
664 5533 853 5582 contra
897 5543 951 5582 vn
1003 5530 1329 5601 quaestiones
1382 5532 1753 5601 Paganorum,
1802 5535 1943 5588 tom.
1980 5531 2048 5602 II,
2082 5531 2193 5588 col.

538 5613 693 5685 371.)

608 5700 771 5764 Unus
801 5706 1115 5765 resurrexit
1155 5706 1283 5780 jam
1333 5724 1449 5766 non
1484 5709 1832 5782 moriturus,
1856 5714 1993 5784 etc.,
2030 5728 2198 5789 usque
