4100 6448
117 435 239 497 293

984 432 1403 498 EXPOSITIO
1452 434 1529 496 IN
1575 432 1749 496 EPP.
1795 433 2051 497 PAULI.
2086 471 2163 480 —
2200 436 2322 498 ΕΡ.
2372 439 2475 499 AD
2522 438 2710 500 ROM.

3432 406 3556 505 .294

188 571 259 623 In
294 581 369 625 eo
397 565 639 640 quidem
673 564 976 635 loco,etc.,
1005 582 1173 639 usque
1201 566 1271 622 ad
1291 565 1539 623 transire
1570 565 1792 641 suppli—
1820 570 1875 637 Α
1904 565 2069 623 tollat
2114 572 2421 642 peccatum
2467 569 2558 625 lex
2612 572 2831 645 gratiae.
2867 572 2994 646 (Id.,
3027 590 3185 633 serm.
3247 575 3313 632 de
3374 577 3557 634 Verbis

121 657 305 714 cium.
343 657 482 727 (Id.,
512 655 674 729 ibid,
702 660 843 713 tom.
877 656 940 726 X,
966 674 1022 730 p.
1055 674 1117 725 ιι,
1148 656 1256 713 col.
1292 657 1479 727 1169.)

192 746 354 812 Quid
385 750 587 803 autem
609 745 767 801 aliud
799 744 1064 802 indicant
1092 746 1269 802 etiam
1294 745 1602 819 sequentia
1621 746 1797 802 verba

121 834 500 909 apostolica?
530 838 665 903 etc.,
690 851 858 907 usque
881 833 954 890 ad
973 835 1099 891 sine
1125 834 1237 891 ﬁne
1260 834 1469 891 victnri
1491 840 1648 891 sunt.
1665 835 1793 905 (Id.,

122 925 289 994 ibid.,
324 929 476 981 tom.
508 924 575 993 X,
611 940 668 996 p.
704 941 766 994 ιι,
800 923 908 980 col.
947 924 1129 998 1171.)

197 1013 372 1081 Quod
398 1029 536 1071 vero
567 1013 650 1069 ait
687 1012 862 1085 paulo
912 1013 1203 1086 superius.
1237 1013 1435 1087 Usque
1486 1015 1557 1069 ad
1607 1013 1795 1087 legem

121 1107 445 1179 peccatum
471 1101 532 1157 in
554 1102 775 1158 mundo
806 1100 934 1173 fuit,
958 1106 1091 1173 etc.,
1124 1120 1293 1176 usque
1320 1103 1391 1160 ad
1412 1102 1536 1159 fieri
1558 1101 1798 1159 omnino

122 1208 248 1247 non
281 1189 541 1264 possint.
577 1189 707 1261 (Id.,
742 1189 901 1257 ibid.,
933 1193 1077 1246 tom.
1111 1192 1178 1258 X,
1216 1210 1273 1265 p.
1310 1208 1367 1263 ιι,
1399 1192 1509 1247 col.
1543 1192 1727 1261 1176.)

197 1279 432 1336 Verum
490 1281 581 1335 est
632 1282 829 1334 autem
876 1279 1030 1351 quod
1078 1280 1391 1352 Apostolus
1448 1279 1549 1348 ait,
1584 1279 1799 1337 falsum

125 1386 297 1442 ergo,
330 1372 469 1437 etc.,
500 1384 673 1441 usque
711 1368 782 1424 ad
821 1372 1015 1425 vestra
1052 1369 1309 1426 falsitate
1346 1370 1795 1428 convincamini.

127 1459 268 1532 (Id.,
304 1457 471 1526 ibid.,
500 1461 644 1514 tom.
676 1456 741 1526 Χ,
775 1475 831 1532 p.
866 1474 927 1524 ιι,
960 1456 1068 1515 col.
1102 1458 1242 1515 1203
1263 1464 1319 1514 et
1349 1462 1495 1533 seq.)

205 1549 274 1604 Et
295 1563 410 1604 non
442 1547 606 1615 sicut,
636 1550 773 1614 etc.,
806 1563 996 1620 usque
1044 1548 1116 1603 ad
1164 1547 1686 1606 condemnationem.
1722 1551 1802 1607 Ex

130 1654 253 1694 uno
284 1652 451 1710 ergo,
483 1640 619 1705 etc.,
645 1652 815 1709 usque
844 1635 916 1691 ad
946 1636 1059 1693 nisi
1089 1636 1234 1711 ipse.
1267 1638 1401 1709 (Id.,
1426 1639 1496 1695 ad
1524 1641 1800 1713 Boni/aa,

130 1732 281 1784 tom.
317 1725 391 1792 II,
423 1728 483 1782 et
510 1732 702 1783 contra
722 1726 958 1793 Julian,
989 1729 1130 1784 tom.
1160 1726 1275 1800 IX.)

203 1815 465 1872 Eosdem
496 1819 693 1871 autem
723 1832 928 1871 omnes
975 1816 1150 1872 etiam
1197 1816 1436 1889 multos,
1470 1822 1603 1885 etc.,
1636 1836 1805 1892 usque

1906 661 2122 729 Apost,
2153 661 2295 714 tom.
2329 658 2398 726 V,
2433 676 2489 732 p.
2525 676 2565 732 ι,
2600 660 2709 717 col.
2733 662 2840 716 820
2861 666 2917 718 et
2946 664 3092 736 seq.)

1976 746 2154 815 Igitur
2183 749 2295 819 ipse
2323 763 2417 820 ego
2446 757 2626 805 mente
2653 753 2829 807 servio
2877 752 2986 822 legi
3016 755 3132 825 Dei,
3166 770 3329 812 carne
3379 765 3560 813 autem

1907 834 2017 904 legi
2040 838 2263 908 peccati.
2296 836 2360 892 In
2393 854 2510 910 qua
2539 838 2933 909 conclusione,
2968 846 3101 910 etc.,
3130 861 3299 917 usque
3327 845 3399 901 ad
3426 864 3557 920 pro-

1905 927 2036 995 pter
2065 941 2312 981 munera
2342 943 2470 982 sua.
2502 926 2632 1000 (Id.,
2664 928 2820 999 ivid.,
2856 934 2998 986 tom.
3034 931 3102 1000 V,
3134 950 3191 1006 p.
3228 952 3267 1003 1,
3314 934 3423 992 col.
3457 938 3556 992 841

1907 1015 1966 1068 et
1994 1014 2142 1085 seq.)

1977 1103 2119 1172 Ergo
2175 1105 2427 1161 evacuati
2468 1122 2676 1174 sumus,
2727 1112 2905 1177 etc...,
2942 1111 3003 1166 in
3053 1120 3310 1169 vetustate
3339 1115 3559 1175 litterae.

1909 1191 2193 1258 Quoniam
2218 1192 2310 1248 lex
2328 1192 2520 1250 littera
2540 1199 2647 1264 est,
2663 1200 2797 1265 etc.,
2816 1214 2984 1271 usque
3009 1200 3079 1255 ad
3100 1202 3342 1274 spiritus
3365 1210 3562 1262 autem

1907 1279 2180 1335 viviﬁcat.
2212 1281 2346 1350 (Id.,
2378 1283 2474 1338 lib.
2509 1284 2580 1340 ad
2609 1285 3029 1358 Simplicianum
3060 1293 3246 1362 episc.,
3281 1296 3423 1349 tom.
3466 1294 3559 1365 VI,

1909 1367 2017 1423 col.
2057 1368 2159 1424 110
2188 1373 2245 1424 et
2277 1370 2424 1443 seq.)

1979 1459 2050 1513 Et
2094 1458 2231 1532 quia
2280 1458 2501 1517 dixerat
2555 1466 2803 1521 evacuati
2851 1482 3061 1538 sumus,
3090 1474 3224 1540 etc.,
3268 1488 3438 1545 usque
3493 1474 3565 1530 ad

1909 1546 2097 1620 possit
2143 1547 2394 1621 impleri.
2452 1550 2579 1621 (Id.,
2633 1552 2791 1623 zbid.,
2846 1558 2990 1612 tom.
3038 1556 3134 1627 Vl,
3182 1560 3297 1617 col.
3352 1562 3455 1619 103
3509 1568 3566 1620 et

1910 1638 2063 1708 seq.)

1980 1725 2131 1781 Vera
2161 1744 2380 1799 sponsa
2428 1728 2642 1786 Christi
2688 1731 2966 1807 intelligit
3013 1736 3156 1808 quid
3209 1737 3388 1795 distet
3417 1740 3570 1798 inter

1909 1814 2165 1870 litteram
2196 1820 2254 1872 et
2286 1816 2585 1891 spiritum,
2618 1837 2745 1892 qua
2778 1822 2893 1879 duo
2926 1823 3204 1882 dicuntur
3233 1826 3345 1885 alio
3396 1831 3569 1887 modo

131 1906 206 1962 ad
236 1904 347 1978 qui
370 1905 545 2012 dath
574 1908 665 1961 est
694 1904 883 1961 nobis.
917 1905 1165 2012 gld.,lib.
1197 1907 1267 1962 ad
1297 1908 1548 1964 consulta
1569 1910 1800 1977 Hilarii,
1836 1948 1882 2012 B
1912 1902 2002 1959 lex
2031 1908 2087 2012 ﬁt
2116 1906 2303 2012 gratia
2352 1911 2413 2012 et
2444 1925 2557 2012 nim
2582 1910 2711 1981 jam
2736 1910 2801 2010 .in
2833 1917 3120 1970 vetustate
3147 1913 3353 1972 litterae
3385 1920 3485 1974 sed
3509 1919 3570 1976 in

132 2000 281 2051 tom.
320 1993 390 2060 ΙΙ,
425 1992 537 2049 col.
563 1994 672 2048 680
703 1997 760 2048 et
788 1994 936 2066 seq.)

210 2085 277 2141 Ut
309 2082 790 2155 quemadmodum,
823 2087 960 2152 etc.,
994 2100 1184 2157 usque
1216 2086 1287 2141 ad
1335 2089 1628 2143 Dominum
1672 2105 1807 2144 nos-

135 2183 311 2230 trum.
348 2172 522 2228 Modo
550 2187 688 2227 cum
719 2171 983 2241 dixisset,
1005 2177 1322 2248 etc.,usque
1349 2175 1420 2232 ad
1441 2177 1804 2248 justificatio.

136 2263 275 2337 (1d,,
314 2260 646 2331 Enchirid.,
678 2264 823 2319 tom.
854 2261 946 2330 Vl,
980 2261 1090 2319 col.
1123 2265 1229 2320 256
1254 2269 1310 2321 et
1340 2269 1487 2339 seq.)

801 2376 1033 2435 CAPUT
1071 2377 1168 2435 VI.

214 2484 375 2556 Quid
424 2500 551 2555 ergo
591 2484 872 2541 dicemus?
898 2487 1339 2557 permanebimus
1390 2490 1452 2545 in
1494 2500 1708 2564 peccato
1756 2499 1819 2547 ut

156 2577 367 2631 Gratia
391 2573 667 2630 abundet?
694 2573 931 2630 Dixerat
959 2574 1116 2631 enim
1165 2576 1456 2649 superius,
1480 2587 1613 2647 etc.,
1648 2598 1819 2654 usque

151 2663 226 2719 ad
291 2663 590 2719 morimur
646 2667 902 2735 peccato.
937 2664 1067 2736 (Id.,
1100 2665 1271 2737 Epist.
1304 2670 1340 2721 2
1393 2668 1464 2723 ad
1518 2670 1724 2738 Valen.,
1755 2672 1820 2727 de

155 2752 351 2810 Gratia
379 2760 434 2809 et
453 2751 625 2809 libero
654 2751 842 2817 arbit.,
866 2756 1006 2809 tom.
1040 2753 1112 2821 ll,
1146 2754 1255 2810 col.
1288 2755 1439 2829 974.)

225 2840 459 2898 Deinde
489 2845 555 2896 ut
583 2840 921 2897 ostenderet
950 2848 1235 2915 mortuos,
1259 2848 1568 2920 etc.,usque
1596 2849 1666 2904 ad
1687 2865 1821 2905 cum

158 2930 401 2987 Christo
432 2928 494 2986 in
520 2929 638 2987 Deo
671 2929 801 3002 (Id.,
832 2931 1144 3000 Enchirid.,
1174 2936 1318 2990 tom.
1344 2933 1438 3004 VI,
1474 2936 1584 2993 col.
1612 2940 1720 2995 256
1766 2943 1825 2996 et

154 3022 312 3095 θεῷ)

223 3109 540 3169 Interioris
567 3110 728 3167 enim
761 3109 1036 3179 hominis,
1069 3117 1201 3181 etc.,
1233 3131 1405 3187 usque
1430 3122 1499 3172 ad
1544 3117 1605 3173 in
1653 3120 1826 3175 corde

154 3218 288 3259 suo.
323 3201 461 3274 (Id.,
492 3201 593 3256 lib.
624 3200 691 3257 de
725 3202 1008 3269 Trinitate,
1041 3206 1181 3259 tom.
1217 3204 1362 3276 VIII,
1392 3205 1500 3262 col.
1534 3207 1684 3280 891.)

515 3290 526 3300 υ
1937 3290 2082 3314 ’νἸ“Ι

225 3290 607 3405 ἓῖίῗῗιῗῗῗῗὶ,
644 3294 1711 3405 ﬂammise}:3mg.
1750 3298 1820 3353 ad
1851 3321 1895 3388 C
2002 3332 2106 3386 Sed
2131 3340 2428 3405 peccatum,
2455 3339 2609 3391 etc...

154 3380 280 3437 vita
299 3380 633 3451 justorum.
669 3379 796 3451 (Id.,
830 3396 992 3437 semi.
1024 3381 1089 3438 de
1120 3382 1417 3440 Resurrect.
1449 3385 1713 3457 Domini.)

226 3473 359 3528 Non
402 3484 533 3538 ergo
582 3477 767 3540 regnet
810 3478 1109 3542 peccatum,
1143 3476 1280 3539 etc.,
1306 3489 1475 3546 usque
1520 3473 1590 3530 ad
1639 3475 1825 3532 servio

156 3556 275 3631 legi
307 3557 437 3614 Dei.
472 3556 601 3629 (Id.,
624 3565 781 3614 tract.
809 3560 1108 3630 Evangelii
1131 3562 1431 3618 secundum
1456 3566 1726 3620 Joannem
1746 3581 1822 3635 ιν,

156 3648 250 3717 41,
277 3652 428 3705 tom.
458 3646 556 3713 III,
588 3665 645 3721 p.
683 3663 747 3713 ιι,
779 3648 889 3705 col.
924 3651 1063 3705 1698
1092 3654 1149 3707 et
1177 3656 1328 3725 seq.)

229 3738 515 3794 Liberum
561 3736 873 3793 arbitrium
919 3756 1109 3812 usque
1160 3741 1324 3809 adee,
1354 3746 1487 3811 etc.,
1535 3760 1704 3816 usque
1757 3745 1827 3801 ad

156 3826 374 3883 facere.
400 3825 507 3895 (Id.
539 3824 612 3881 ad
639 3826 827 3899 Bonif.
853 3844 1076 3899 papam,
1111 3832 1253 3886 tom.
1286 3831 1351 3899 X,
1385 3848 1441 3903 p.
1476 3849 1514 3901 ι,
1567 3833 1676 3889 col.
1720 3836 1829 3890 552

157 3922 215 3973 et
238 3914 558 3984 Enchirid.,
592 3918 732 3972 tom.
765 3916 860 3984 VI,
895 3916 1006 3972 col.
1038 3918 1186 3989 282.)

808 4032 1041 4090 CAPUT
1070 4034 1190 4091 VII.

230 4144 315 4197 An
346 4140 642 4208 ignoratis,
674 4141 896 4212 fratres,
930 4144 1109 4209 etc...,
1151 4151 1353 4215 quanto
1384 4151 1618 4218 tempore
1648 4147 1828 4205 vivit?

160 4228 367 4302 Usque
398 4229 471 4284 ad
521 4245 655 4284 eum
703 4228 899 4286 locum
945 4229 1005 4286 in
1053 4248 1168 4304 quo
1218 4233 1503 4305 scriptum
1552 4241 1659 4303 est,
1692 4242 1824 4307 etc.,

159 4335 340 4391 usque
370 4317 441 4374 ad
470 4318 923 4376 deserueramus
972 4325 1172 4377 Deum.
1196 4322 1326 4394 (Id.,
1350 4340 1419 4380 ex
1448 4326 1588 4382 libro
1620 4331 1824 4398 Quaest.

160 4409 253 4478 83,
288 4412 436 4464 tom.
470 4407 565 4475 VI,
598 4408 706 4464 col.
740 4410 812 4465 60
840 4413 897 4466 et
919 4410 1067 4484 seq.)

234 4498 388 4555 Item
416 4495 687 4555 lectionis
718 4499 981 4571 ejusdem
1013 4500 1361 4574 explanatio.
1398 4504 1531 4560 Cum
1559 4507 1708 4562 enim
1744 4522 1829 4563 es-

157 4605 350 4645 semus
381 4588 444 4643 in
472 4603 656 4655 carne,
691 4588 772 4644 ait
799 4589 1132 4663 Apostolus,
1161 4594 1443 4665 passiones
1486 4603 1829 4667 peccatorum

159 4694 292 4752 qua:
315 4693 424 4751 per
453 4676 625 4747 legem
656 4686 803 4746 sunt,
838 4683 973 4748 etc.,
996 4696 1165 4753 usque
1193 4681 1263 4737 ad
1298 4700 1403 4739 nec
1432 4685 1828 4756 praevaricatio
1860 4697 1906 4762 ί)

158 4771 272 4824 est.
308 4766 448 4836 (Id.,
479 4783 641 4823 serm.
676 4768 736 4823 in
764 4769 905 4825 hanc
935 4769 1238 4838 lectionem,
1272 4775 1414 4829 tom.
1446 4772 1514 4842 V,
1547 4790 1603 4847 p.
1637 4791 1676 4845 ι,
1719 4774 1826 4832 col.

155 4859 266 4914 826
295 4861 362 4913 et
392 4873 515 4929 seq.

227 4948 479 5015 Scimus,
509 4944 722 5020 inquit,
755 4950 887 5022 quia
917 4950 1007 5006 lea:
1034 4951 1328 5024 spiritalis,
1356 4967 1452 5023 ego
1482 4960 1663 5009 autem
1707 4971 1828 5011 car-

1916 1994 2169 2049 novitate
2200 1995 2444 2067 spiritus
2465 1996 2579 2052 Deo
2602 1999 3003 2069 serviens,non
3036 2008 3124 2059 est
3152 2005 3271 2077 jam
3294 2007 3405 2063 sub
3423 2007 3569 2080 lege,

1915 2081 2016 2137 sed
2048 2082 2158 2137 sub
2188 2083 2396 2156 gratia.
2423 2085 2508 2140 Ita
2531 2085 2727 2144 littera
2748 2104 2883 2145 cum
2910 2091 3142 2163 spiritu,
3159 2099 3291 2165 etc.,
3311 2113 3481 2169 usque
3502 2098 3573 2153 ad

1918 2169 2165 2227 delectat
2213 2171 2342 2245 ipsa
2375 2174 2630 2245 justitia.
2686 2176 2811 2248 (Id.,
2847 2179 2941 2234 lib.
2988 2198 3080 2249 xv,
3123 2192 3311 2240 contra
3356 2190 3569 2255 Faust.,

1918 2264 2059 2316 tom.
2091 2260 2233 2330 VIII,
2269 2261 2375 2318 col.
2408 2263 2514 2319 312
2542 2268 2598 2320 et
2629 2270 2778 2339 seq.)

1992 2349 2134 2405 Ecce
2164 2351 2319 2407 unde
2351 2351 2487 2407 facti
2515 2370 2742 2424 sumus,
2779 2360 2912 2425 etc.,
2942 2376 3112 2433 usque
3142 2362 3212 2418 ad
3252 2367 3439 2422 terras
3484 2383 3574 2424 ca-

1923 2437 2157 2527 ptivitas
2188 2439 2344 2496 Sion.
2381 2441 2511 2511 (Id.,
2544 2443 2604 2498 in
2622 2445 2765 2516 psal.
2800 2463 2963 2515 cxxv,
2998 2453 3137 2507 tom.
3162 2450 3254 2521 IV,
3279 2470 3334 2527 ρ.
3368 2472 3428 2526 ιι,
3464 2455 3573 2514 col.

1928 2526 2108 2600 1658.)

1997 2615 2209 2673 Scimus
2237 2620 2385 2675 enim
2412 2622 2545 2693 quia
2575 2622 2665 2678 lea:
2691 2626 2962 2696 spiritalis
2992 2635 3091 2695 est,
3122 2645 3217 2700 ego
3248 2640 3429 2689 autem
3456 2652 3580 2692 car-

1927 2706 2076 2760 nalis
2106 2723 2248 2776 sum,
2284 2709 2595 2766 etc.Etiam
2627 2712 2909 2784 spiritalis
2930 2715 3187 2774 hominis
3202 2721 3447 2795 jamque
3470 2725 3580 2781 sub

1930 2796 2120 2867 gratia
2145 2796 2466 2868 constituti,
2492 2804 2624 2869 etc.,
2646 2818 2823 2874 usque
2848 2804 2920 2860 ad
2940 2804 3053 2862 ista
3083 2808 3297 2865 omnia.
3334 2812 3461 2884 (Id.,
3482 2814 3581 2874 lib.

1932 2902 1951 2941 ι
1980 2886 2236 2956 Retract,
2270 2889 2410 2942 tom.
2444 2887 2487 2957 Ι,
2522 2888 2631 2945 col.
2663 2891 2814 2962 621.)
3026 2954 3029 2957 _

2005 2973 2155 3042 Quod
2191 2991 2316 3047 ergo
2365 2993 2573 3049 operor,
2610 2979 2711 3049 ait,
2745 2983 2953 3053 ignoro.
2996 2985 3122 3042 Non
3171 2988 3328 3050 enim
3377 2990 3460 3048 ita
3496 2992 3584 3050 di-

1935 3066 2095 3118 ctum
2125 3068 2232 3133 est,
2265 3069 2402 3135 etc.,
2423 3083 2589 3139 usque
2607 3068 2677 3125 ad
2707 3070 2776 3126 de
2801 3076 2955 3128 terra
2983 3078 3329 3136 memoriam
3359 3097 3581 3140 eorum.

1934 3153 2064 3222 (Id.,
2112 3154 2209 3209 lib.
2260 3154 2330 3210 ad
2384 3154 2565 3212 Simul
2618 3160 2805 3231 episc.,
2865 3164 3007 3217 tom.
3060 3163 3153 3234 VI,
3204 3167 3312 3224 col.
3375 3170 3480 3228 105
3531 3178 3589 3230 et

1937 3242 2084 3314 seq.)

2623 3381 2637 3405 ,
2668 3354 2779 3393 non
2825 3342 3187 3412 concupisces.
3234 3344 3378 3402 Cum
3429 3349 3588 3405 enim

1933 3420 2145 3477 dicitur
2162 3439 2271 3479 non
2292 3427 2654 3497 concupisces,
2671 3432 2802 3497 etc.,
2818 3444 2989 3501 usque
3009 3430 3080 3486 ad
3101 3432 3200 3487 ubi
3226 3433 3317 3490 lex
3338 3453 3449 3492 nos
3476 3442 3587 3495 est.

1933 3510 2062 3582 (Id.,
2095 3512 2189 3567 lib.
2222 3512 2287 3568 de
2314 3512 2461 3586 Spir.
2506 3522 2558 3571 et
2603 3515 2731 3585 litt.,
2784 3519 2925 3572 tom.
2978 3518 3043 3589 X,
3077 3537 3133 3593 p.
3163 3539 3204 3587 1,
3238 3522 3346 3580 col.
3382 3526 3486 3582 203
3533 3532 3592 3584 et

1934 3602 2084 3675 seq.)

2004 3690 2345 3765 Concupivit
2376 3692 2574 3750 anima
2603 3711 2735 3751 mea
2763 3695 3096 3756 desiderare
3135 3701 3590 3772 justiﬁcationes

1934 3782 2067 3836 tuas
2098 3779 2157 3836 in
2189 3782 2347 3837 omni
2379 3787 2661 3857 tempore.
2696 3785 3035 3843 Laudabilis
3066 3793 3155 3846 est
3186 3790 3317 3862 ista,
3345 3797 3478 3862 etc.,
3507 3812 3593 3852 us-

1934 3886 2036 3942 que
2067 3869 2136 3925 ad
2181 3870 2295 3927 nisi
2346 3870 2563 3928 malam
2613 3874 3169 3948 concupiscentiam.
3204 3879 3333 3950 (Id.,
3358 3884 3417 3937 in
3443 3885 3587 3956 psal.

1934 3975 2123 4030 cxvm,
2151 3963 2292 4015 tom.
2327 3960 2419 4029 IV,
2450 3978 2505 4034 p.
2540 3977 2602 4028 ιι,
2639 3961 2746 4019 col.
2786 3964 2969 4035 1520.)

2004 4052 2129 4105 Non
2157 4052 2305 4105 enim
2334 4057 2474 4122 quod
2502 4052 2619 4108 volo
2645 4054 2791 4124 facio
2822 4055 3042 4126 bonum,
3075 4058 3168 4112 sed
3197 4059 3339 4131 quod
3368 4061 3460 4117 odi
3480 4079 3594 4119 ma-

1936 4138 2051 4194 lum
2080 4140 2175 4194 hoc
2194 4156 2315 4209 ago.
2350 4140 2571 4195 Bonum
2597 4145 2686 4196 est
2716 4143 2872 4197 enim
2906 4161 3021 4199 non
3068 4148 3500 4220 concupiscere,
3535 4157 3593 4209 et

1935 4226 2045 4283 hoc
2073 4228 2316 4295 bonum,
2350 4232 2481 4298 etc.,
2515 4246 2685 4302 usque
2717 4231 2785 4285 ad
2815 4231 2875 4286 in
2916 4234 3196 4291 membris
3244 4238 3394 4308 ejus,
3429 4239 3592 4296 nulla

1935 4318 2065 4373 erit.
2100 4318 2227 4389 (Id.,
2262 4318 2358 4373 lib.
2392 4318 2458 4374 de
2486 4321 2717 4391 Perfect.
2744 4321 2879 4393 just.
2908 4323 3166 4394 hominis,
3202 4329 3345 4383 tom.
3377 4328 3444 4397 X,
3467 4346 3524 4402 p.
3550 4347 3588 4400 ι,

1936 4405 2045 4462 col.
2078 4407 2185 4461 305
2212 4411 2269 4463 et
2298 4407 2444 4479 seq.)

2005 4496 2148 4563 Scio,
2183 4495 2396 4569 inquit,
2428 4500 2561 4569 quia
2605 4515 2717 4554 non
2765 4500 2975 4556 habitat
3024 4504 3086 4557 in
3130 4520 3236 4575 me,
3268 4505 3367 4561 hoc
3406 4514 3484 4565 est
3532 4509 3593 4564 in

1935 4602 2098 4642 carne
2130 4602 2271 4652 mea,
2308 4587 2525 4642 bonum.
2580 4591 2699 4644 Hoc
2749 4589 2953 4662 utique
3000 4591 3103 4665 ait,
3139 4597 3272 4661 etc.,
3308 4612 3477 4667 usque
3523 4597 3593 4654 ad

1936 4675 2102 4732 labor
2147 4674 2366 4731 nullus.
2401 4676 2534 4744 (1d,,
2568 4677 2661 4733 lib.
2705 4677 3049 4751 Sermonum,
3100 4682 3165 4739 de
3224 4683 3589 4755 Continentia,

1940 4771 2081 4821 tom.
2114 4764 2209 4833 VI,
2244 4764 2351 4822 col.
2385 4765 2480 4823 361
2519 4769 2574 4822 et
2607 4767 2752 4841 seq.)

2008 4855 2167 4911 Bona
2196 4855 2393 4928 itaque
2426 4872 2601 4928 opera
2630 4862 2848 4928 nostra,
2874 4863 3006 4928 etc.,
3031 4878 3198 4935 usque
3227 4863 3297 4919 ad
3324 4881 3439 4920 non
3461 4881 3594 4921 con-

1937 4945 2254 5014 cupiscere.
2288 4945 2420 5016 (Id.,
2458 4943 2557 5001 lib.
2591 4964 2672 5017 ιιι,
2705 4957 2895 5005 contra
2921 4950 3231 5022 Julian-um,
3263 4956 3405 5009 tom.
3437 4954 3501 5023 X,
3531 4972 3590 5027 p.

153 5038 311 5094 nalis
361 5053 505 5106 sum,
540 5038 881 5095 venundatus
930 5040 1031 5095 sub
1069 5048 1306 5113 peccato,
1339 5049 1460 5112 etc.,
1514 5059 1702 5117 usque
1755 5044 1827 5101 ad
1936 5052 1975 5105 Ι,
2010 5035 2116 5090 601-
2143 5036 2295 5103 734-)

154 5128 253 5183 sed
282 5127 475 5197 gratia
502 5126 603 5183 Dei
623 5144 725 5199 per
750 5129 929 5186 Iesum
951 5129 1229 5187 Christum
1246 5132 1539 5188 Dominum
1558 5141 1824 5190 nostrum.

2005 5125 2119 5180 Non
2143 5125 2288 5179 enim
2305 5124 2445 5196 quod
2466 5126 2581 5180 volo
2602 5141 2701 5195 ago
2725 5127 3040 5199 bonum,sed
3061 5130 3201 5200 quod
3219 5132 3440 5188 noloma
3451 5130 3590 5204 lum,

158 5217 296 5288 (1d,,
328 5232 497 5273 εενγη,
530 5217 596 5273 de
627 5218 810 5275 γενδίε
837 5219 1095 5292 Αροδιοιί,
1131 5223 1271 5277 tom,
1304 5220 1374 5293 ν,
1405 5239 1463 5295 ρ,
1499 5240 1538 5290 ι,
1571 5222 1681 5279 col,
1723 5224 1828 5280 833
1936 5214 2034 5270 hoc
2060 5230 2178 5285 ago.
2214 5214 2274 5270 Si
2302 5216 2498 5269 autem
2522 5213 2696 5281 (sicut
2726 5215 2935 5271 melius
2986 5218 3172 5273 sensit
3219 5220 3592 5295 Ambrosius)

159 5311 219 5363 et
250 5306 407 5379 seq.)

1941 5304 2051 5360 hoc
2072 5302 2246 5360 etiam
2265 5303 2335 5358 de
2353 5303 2544 5376 seipso
2564 5303 2703 5360 dicit
2724 5305 3170 5377 Apostolus,nec
3183 5308 3483 5379 justorum
3504 5316 3593 5367 est

1940 5392 2001 5448 in
2026 5392 2134 5449 hac
2163 5392 2284 5449 vita
2313 5394 2385 5449 ad
2416 5392 2835 5466 perﬁciendum
2884 5393 3106 5450 bonum
3152 5400 3314 5453 tanta
3352 5396 3592 5455 libertas

1942 5482 2188 5557 propriis
2219 5481 2554 5551 voluntatis,
2590 5485 2811 5554 quanta
2841 5482 3031 5539 eritin
3060 5483 3162 5542 illa
3189 5485 3444 5554 vita,ubi
3475 5505 3591 5544 non

1943 5574 2189 5642 dicetur,
2218 5589 2325 5631 non
2355 5572 2501 5645 quod
2526 5571 2645 5628 volo
2676 5587 2797 5642 ago.
2817 5571 3021 5629 Omnis
3052 5574 3153 5648 qui
3183 5574 3431 5648 proﬁcit,
3456 5582 3590 5648 etc.,

1943 5680 2112 5737 usque
2139 5662 2210 5720 ad
2231 5661 2579 5736 perfectione
2609 5665 2749 5718 tunc
2780 5662 2908 5720 erit.
2942 5663 3073 5734 (Id.,
3109 5664 3206 5723 lib.
3228 5665 3294 5725 de
3309 5667 3595 5746 Per/.jus-

1944 5753 2086 5813 tiliae
2114 5753 2375 5824 hominis,
2407 5754 2549 5812 tom.
2582 5750 2648 5825 X,
2675 5769 2732 5830 p.
2770 5771 2807 5826 ι,
2840 5752 2946 5814 col.
2978 5754 3127 5832 308.)

234 5396 379 5451 Vita
395 5395 548 5468 justi
578 5395 636 5452 in
672 5397 783 5455 isto
815 5415 1075 5473 corpore,
1095 5403 1414 5474 etc.,usque
1433 5401 1502 5458 ad
1534 5404 1607 5459 ad
1630 5420 1832 5476 pacem

160 5486 390 5544 venire.
427 5485 554 5558 (Id.,
586 5503 750 5544 ser-m.
795 5488 860 5546 de
911 5489 1093 5547 Verbis
1132 5490 1397 5563 Apostoli,
1427 5495 1569 5549 tom.
1600 5492 1667 5565 V,
1700 5511 1757 5567 p.
1790 5512 1830 5564 1,

163 5576 426 5723 militi:
444 5579 571 5741 irgo
616 5669 992 5729 condemnatio
1031 5677 1111 5729 est
1152 5687 1303 5728 nunc
1348 5671 1435 5728 his
1481 5674 1580 5746 qui
1619 5680 1747 5730 sunt
1775 5674 1836 5730 in

167 5756 387 5817 Christo
415 5757 562 5817 Iesu.
596 5758 666 5819 Et
696 5759 747 5818 si
775 5759 996 5821 habent
1045 5760 1354 5833 desideria,
1386 5765 1517 5837 etc.,
1551 5781 1720 5842 usque
1766 5763 1837 5824 ad
