4100 6436
563 394 683 459 295

564 635 703 675 vens
735 617 795 673 in
826 615 938 673 viis
967 615 1200 672 Domini
1223 612 1587 679 ambulabas,
1612 612 1869 670 habebas
1890 617 2217 685 peccatum,

564 725 636 764 an
657 707 783 763 sine
806 710 1043 781 peccato
1064 708 1229 762 eras?
1249 703 1577 759 Audiamus
1602 706 1801 759 utrum
1820 719 1881 758 se
1906 701 2031 774 ipse
2051 702 2221 757 sedu-

562 803 675 865 cat,
707 815 782 857 an
811 812 947 851 vero
978 795 1134 867 quod
1166 794 1373 850 beatus
1402 792 1658 849 Joannes
1688 792 1817 862 ejus
1849 791 2219 863 coapostolus

561 887 777 960 sapiat,
810 884 1088 958 quoniam
1122 882 1336 939 veritas
1364 884 1489 937 erat
1519 881 1578 937 in
1626 881 1730 938 eis.
1766 880 1869 936 Hic
1916 897 2053 953 ergo
2097 897 2218 937 res-

561 977 798 1049 pondet.
831 975 1034 1030 Nonne
1091 971 1317 1044 legistis
1375 970 1476 1025 ubi
1527 969 1809 1026 conﬁteor
1846 969 2068 1025 dicens.
2098 968 2220 1026 Non

560 1067 710 1122 enim
740 1063 879 1138 quod
908 1064 1024 1119 volo
1050 1063 1195 1135 facio
1227 1059 1548 1127 bonum,sed
1578 1059 1718 1132 quod
1746 1059 1871 1116 nolo
1892 1059 2106 1114 malum
2121 1059 2219 1115 hoc

557 1172 679 1227 ago.
712 1154 781 1209 Et
808 1153 917 1209 hoc
948 1150 1302 1208 audivimus.
1325 1150 1459 1206 Jam
1488 1148 1687 1221 itaque
1719 1147 1865 1203 illud
1898 1148 2217 1221 interroga-

556 1260 690 1301 mus
715 1259 727 1297 :
754 1260 867 1315 quo
891 1242 952 1297 in
968 1240 1079 1297 viis
1099 1238 1333 1295 Domini
1355 1236 1780 1305 ambulabas,si
1812 1235 2035 1293 malum
2059 1235 2215 1309 quod

552 1332 792 1390 nolebas
823 1331 933 1387 hoc
963 1330 1198 1403 agebas.
1242 1327 1389 1384 Cum
1415 1326 1682 1400 psalmus
1712 1330 1953 1382 sanctus
1984 1325 2217 1382 insonet

552 1421 774 1477 dicens.
799 1421 926 1477 Non
957 1418 1115 1477 enim
1147 1418 1247 1491 qui
1276 1420 1597 1491 operantur
1624 1414 1999 1487 iniquitatem
2023 1414 2081 1470 in
2103 1413 2214 1471 viis

552 1512 680 1584 ejus
728 1509 1195 1572 ambulaverunt.
1230 1504 1383 1562 Audi
1433 1503 1709 1561 continuo
1759 1503 2210 1576 respondentem

549 1617 654 1673 per
679 1597 1031 1656 sententiam
1062 1598 1535 1667 consequentem.

620 1690 682 1744 Si
735 1687 875 1760 quod
930 1688 1054 1742 nolo
1093 1684 1286 1761 inquit
1334 1700 1429 1755 ego
1474 1683 1573 1740 hoc
1616 1685 1783 1756 facio,
1807 1683 1932 1756 jam
1972 1698 2067 1752 ego
2099 1698 2212 1737 non

551 1795 743 1853 operor
770 1776 933 1846 illud,
964 1775 1058 1832 sed
1088 1773 1228 1849 quod
1257 1773 1468 1830 habitat
1499 1774 1559 1828 in
1604 1788 1691 1831 me
1734 1779 2033 1846 peccatum.
2065 1771 2210 1828 Ecce

1767 391 1997 453 FLORI
2043 390 2359 451 DIACONI
2405 391 2785 453 MONACHI.

636 527 758 600 Dic,
782 527 1043 598 obsecro,
1066 525 1363 599 Apostole,
1383 524 1617 597 quando
1650 523 1841 580 adhuc
1862 523 1922 580 in
1944 540 2118 580 carne
2138 522 2216 578 vi-
2245 526 2298 594 Α
2325 526 2552 595 peccati,
2584 532 2636 581 et
2664 524 2730 582 de
2768 532 2984 598 peccato
3031 525 3315 583 damnavit
3354 523 3639 599 peccatum
3689 526 3751 586 in
3786 540 3980 583 carne.
4066 534 4069 565 i

2329 613 2492 669 Dicet
2516 613 2766 687 aliquis:
2794 614 2853 671 Si
2876 615 2997 671 hac
3020 618 3232 671 natura
3260 633 3474 690 pura...
3509 613 3702 671 carnis
3732 613 3980 687 peccati.

2327 703 2410 772 (S.
2445 704 2616 777 Aug.,
2650 705 2689 773 ι,
2720 721 2738 759 1
2769 704 2833 760 de
2863 705 3005 777 bapt.
3034 706 3278 778 parvul.,
3304 710 3447 762 tom.
3475 704 3541 775 Χ,
3566 721 3623 776 p.
3646 721 3686 775 1,
3711 702 3981 774 col.M9.)
4064 714 4069 745 3

2399 791 2667 848 Cilicium
2698 793 2946 850 fortasse
2977 793 3291 868 appellavit
3317 793 3603 850 Dominus
3633 792 3828 855 carnis
3857 809 3980 848 suae
4064 830 4069 835 -

2327 880 2766 952 mortalitatem,
2802 887 2933 951 etc.,
2967 899 3138 955 usque
3161 883 3231 939 ad
3260 881 3506 939 delenda
3549 886 3804 955 peccata.
3840 881 3979 953 (Id.,

2325 972 2387 1027 in
2410 972 2554 1043 psal.
2586 989 2776 1039 xxxrv,
2808 976 2927 1027 tom
2962 971 3057 1039 IV,
3087 989 3144 1045 p.
3174 990 3212 1040 1,
3246 970 3356 1028 col.
3386 971 3536 1045 335.)
4068 1006 4069 1013 η

2394 1059 2543 1125 Quid
2574 1061 2716 1116 dicit
2736 1060 3125 1134 Pelagianista
3139 1062 3166 1117 ‘I
3181 1061 3392 1117 Audite
3410 1061 3548 1134 quid
3568 1058 3977 1117 dicit.Videtur
4066 1098 4067 1103 η

2324 1149 2588 1206 conﬁteri
2613 1150 2907 1207 Christum
2941 1150 3000 1206 in
3032 1168 3204 1207 carne
3235 1149 3484 1219 venisse,
3513 1150 3614 1207 sed
3662 1150 3976 1207 discussus

2321 1237 2635 1295 invenitur.
2670 1238 2933 1297 Christus
2963 1240 3122 1297 enim
3152 1239 3213 1296 in
3244 1256 3418 1297 carne
3443 1239 3636 1301 venit:
3662 1256 3790 1312 qua;
3812 1238 3977 1295 simi-

2320 1326 2507 1385 litudo
2538 1332 2693 1385 esset
2723 1327 2916 1385 carnis
2947 1328 3188 1402 peccati,
3221 1346 3339 1385 non
3368 1333 3523 1387 esset
3548 1344 3682 1389 caro
3724 1327 3969 1401 peccati.

2318 1417 2579 1489 Apostoli
2611 1412 2787 1474 verba
2815 1420 3143 1475 sunt.Mtsit
3168 1421 3310 1475 Deus
3329 1419 3537 1475 Filium
3560 1434 3720 1487 suum
3740 1419 3799 1477 in
3818 1419 3976 1485 simi-

2322 1506 2613 1563 litudinem
2627 1509 2812 1564 carnis
2821 1508 3185 1580 peccati.Non
3204 1506 3262 1563 in
3282 1506 3732 1567 similitudinem
3750 1506 3968 1578 carnis,

2319 1595 2488 1669 quasi
2520 1613 2652 1653 caro
2685 1613 2800 1652 non
2832 1600 2988 1653 esset
3015 1597 3276 1667 caro,sed
3310 1598 3373 1653 in
3398 1595 3823 1657 similitudinem
3849 1612 3971 1652 car—

2316 1686 2407 1741 nis
2435 1685 2808 1759 peccati,quia
2837 1703 2970 1743 caro
3002 1686 3250 1752 erat,sed
3274 1686 3497 1759 peccati
3522 1702 3655 1745 caro
3677 1702 3794 1753 non
3819 1690 3965 1753 erat.

2318 1775 2433 1832 Iste
2481 1779 2677 1832 autem
2714 1774 2977 1848 Pelagius
3006 1780 3062 1832 et
3091 1780 3359 1833 caeteram
3389 1792 3624 1831 carnem
3652 1774 3846 1832 omnis
3873 1774 3968 1831 in-

550 1867 1074 1944 quemadmodum,
1107 1868 1240 1931 etc.,
1272 1879 1441 1937 usque
1466 1861 1541 1919 ad
1572 1861 1697 1966 ipse
1727 1864 2056 1966 sanaretan
2074 1860 2204 1931 (Id.,
2235 1900 2284 1966 Β
2318 1864 2494 1920 fantis
2542 1864 2756 1921 Christi
2807 1864 2968 1922 carni
3013 1869 3257 1922 conatur
3303 1881 3552 1938 aequare.
3583 1865 3711 1922 Non
3742 1865 3824 1923 ita
3851 1868 3965 1935 est,

550 1962 610 2016 in
638 1959 778 2032 psal.
813 1973 1008 2025 cxvm,
1039 1959 1180 2010 tom.
1217 1952 1310 2022 IV,
1335 1969 1394 2025 p.
1424 1955 1479 2020 2,
1511 1950 1620 2007 col.
1658 1951 1797 2006 1506
1826 1954 1882 2005 et
1912 1949 2059 2021 seq.)

616 2049 680 2104 Si
705 2055 889 2103 autem
916 2044 1057 2117 quod
1084 2043 1210 2099 nolo
1241 2041 1383 2098 illud
1410 2042 1578 2113 facio,
1609 2056 1718 2096 non
1763 2056 1860 2109 ego
1909 2054 2102 2111 operor
2130 2038 2200 2093 il-

548 2137 662 2204 lud,
695 2136 786 2197 sed
815 2133 957 2210 quod
984 2134 1195 2189 habitat
1225 2132 1285 2187 in
1331 2147 1417 2189 me
1463 2138 1763 2202 peccatum.
1800 2128 1999 2184 Potest
2030 2131 2201 2200 puta-

445 2214 467 2230 ’
546 2227 647 2297 ris,
683 2231 815 2294 etc.,
847 2240 1017 2297 usque
1057 2221 1127 2278 ad
1174 2221 1236 2276 in
1276 2217 1573 2276 voluntate
1621 2216 2030 2273 committitur.
2066 2217 2198 2289 (Id.,

546 2317 644 2372 lib.
679 2315 1145 2382 retractationum,
1178 2315 1320 2366 tom.
1350 2310 1392 2376 Ι,
1426 2308 1517 2364 col
1542 2310 1648 2364 608
1677 2311 1733 2363 et
1762 2306 1911 2379 seq.)

617 2405 970 2462 Condelector
996 2402 1145 2457 enim
1176 2400 1286 2469 legi
1314 2399 1412 2453 Dei
1432 2403 1827 2469 repugnantem
1866 2395 1973 2466 legi
2001 2393 2199 2450 mentis

546 2510 707 2563 mea},
739 2498 849 2549 etc.
883 2491 1046 2558 Caro,
1079 2488 1290 2560 inquit,
1324 2485 1704 2558 concupiscit,
1741 2490 1878 2551 etc.,
1912 2499 2081 2554 usque
2127 2480 2199 2537 ad

544 2578 1032 2656 concupiscentiis
1087 2576 1208 2633 tuis
1263 2576 1432 2631 vires.
1488 2575 1618 2648 (Id.,
1667 2582 1824 2630 tract.
1855 2573 2193 2641 Evang.sec.

542 2675 681 2732 Joan
709 2689 820 2740 ιιι,
853 2674 995 2727 tom.
1031 2666 1125 2735 ΙΙΙ,
1157 2684 1212 2739 p.
1246 2683 1309 2733 11,
1343 2664 1450 2721 col.
1483 2665 1619 2719 1697
1652 2669 1708 2719 et
1734 2662 1881 2735 seq.)
1927 2687 1936 2694 -

574 2756 581 2763 ’
615 2762 789 2825 Aliud
819 2764 907 2816 est
934 2775 1049 2814 non
1098 2772 1379 2829 pugnare,
1413 2758 1469 2809 et
1491 2770 1620 2809 esse
1653 2752 1710 2807 in
1745 2768 1904 2825 pace,
1937 2756 2070 2819 etc.,
2102 2768 2193 2805 us-

543 2869 648 2925 que
675 2851 747 2907 ad
773 2850 976 2906 Jesum
998 2844 1299 2902 Christum
1326 2842 1643 2901 Dominum
1674 2845 1965 2897 nostrum.
1998 2840 2197 2910 (ld.,in

538 2942 685 3016 psal.
716 2956 886 3010 xxxv,
917 2941 1059 2993 tom.
1094 2935 1188 3002 IV,
1222 2951 1279 3008 p.
1306 2950 1346 3000 1,
1380 2931 1489 2989 col.
1523 2933 1675 3002 345.)

616 3036 699 3087 De
722 3043 944 3101 corpore
972 3026 1164 3081 mortis
1194 3023 1359 3097 hujus
1392 3039 1504 3079 non
1541 3019 1756 3085 omnis,
1781 3025 1916 3086 etc.,
1940 3036 2107 3093 usque
2126 3019 2196 3075 ad

543 3119 821 3195 quoniam
855 3115 966 3189 ipsi
998 3113 1441 3172 saturabuntur.
1477 3112 1607 3183 (Id.,
1638 3111 1734 3166 lib.
1758 3110 1823 3166 (te
1851 3110 2196 3182 Perfect.jus-

540 3212 683 3268 tiliae
710 3207 968 3273 hominis,
1003 3209 1144 3260 tom.
1176 3202 1242 3269 Χ,
1276 3220 1333 3274 p,
1368 3218 1406 3270 1,
1440 3200 1548 3256 col.
1579 3199 1731 3269 299.)

2312 1952 2791 2020 charissimi,non
2822 1971 2927 2027 pro
2959 1970 3173 2027 magno
3194 1954 3705 2013 commendaretur
3724 1953 3783 2010 in
3806 1953 3969 2010 Chri-

2312 2047 2402 2099 sto
2433 2042 2758 2100 similitudo
2787 2043 2981 2099 carnis
3012 2044 3253 2117 peccati,
3286 2043 3398 2100 nisi
3430 2043 3625 2101 omnis
3645 2049 3855 2101 eastern
3874 2060 3968 2101 ca-

2311 2149 2375 2187 ro
2406 2136 2559 2189 esset
2588 2150 2720 2190 caro
2753 2132 2995 2206 peccati.

2381 2222 2528 2285 Quid
2562 2238 2697 2296 ergo
2726 2223 2965 2296 prodest
2994 2221 3133 2295 quia
3163 2221 3309 2278 dicis
3339 2222 3635 2279 Christum
3677 2222 3736 2278 in
3788 2239 3963 2279 carne

2307 2311 2560 2379 venisse,
2596 2316 2652 2367 et
2682 2312 2946 2368 omnium
2977 2311 3293 2368 infantium
3338 2312 3501 2368 carni
3548 2329 3681 2368 eum
3730 2313 3961 2369 conaris

2308 2400 2584 2472 aequare?
2616 2400 2683 2456 Et
2711 2400 2818 2455 tibi
2849 2400 2957 2456 hoc
2988 2401 3116 2456 dico
3149 2402 3305 2474 quod
3355 2401 3690 2470 Donatistae,
3725 2418 3841 2457 non
3872 2407 3961 2457 est

2305 2489 2602 2562 ipse.Ecce
2618 2489 2784 2544 video
2798 2490 3115 2546 Ecclesiam
3141 2494 3385 2546 matrem
3408 2490 3812 2547 testimonium
3836 2492 3962 2547 red-

2305 2579 2542 2634 dentem
2572 2578 2719 2651 ipsis
2751 2580 3032 2636 uberibus
3062 2579 3546 2635 suis.Accurrunt
3574 2585 3793 2635 matres
3823 2596 3957 2635 cum

2307 2666 2566 2740 parvulis
2600 2667 3039 2741 ﬁliis,ingerunt
3069 2668 3353 2725 Salvatori
3383 2667 3834 2734 salvandos,non
3864 2669 3962 2725 Pe-

2305 2755 2459 2829 lagio
2509 2757 2896 2812 damnandos.
2933 2758 3117 2813 Mater
3164 2756 3437 2830 quaelibet
3486 2759 3699 2814 mulier
3745 2758 3961 2831 pietate

2305 2863 2549 2903 currens
2580 2864 2715 2903 cum
2746 2846 2988 2920 parvulo
3021 2846 3138 2904 filio
3171 2846 3673 2921 dicit,baptizetur
3700 2854 3763 2902 ut
3782 2846 3963 2903 salve-

2303 2939 2417 2992 tur.
2453 2934 2725 3009 Pelagius
2756 2939 2978 2992 contra.

2377 3024 2524 3091 Quid
2556 3024 2852 3081 salvetur?
2880 3026 3006 3081 Non
3037 3031 3128 3083 est
3158 3027 3315 3098 quod
3349 3025 3408 3080 in
3436 3042 3502 3082 eo
3525 3028 3786 3097 sanetur,
3812 3025 3960 3081 nihil

2305 3113 2480 3170 habet
2508 3114 2650 3182 vitii,
2684 3115 2828 3170 nihil
2861 3131 2930 3171 ex
2966 3116 3206 3171 traduce
3254 3114 3650 3172 damnationis
3699 3115 3957 3173 attraxit.

2305 3203 2365 3259 Si
2394 3204 2635 3276 aequalis
2660 3209 2748 3260 est
2768 3204 2846 3259 Ch
2856 3205 2899 3259 ri
2909 3209 3205 3277 sto,quare
3226 3205 3435 3277 quaerit
3450 3205 3748 3261 Christum
3765 3205 3793 3260 ?
3812 3205 3957 3262 Ecce

611 3297 840 3356 Fideles
867 3295 1023 3353 enim
1055 3297 1289 3350 orantes
1337 3291 1558 3359 dicunt,
1594 3294 1728 3357 etc.,
1759 3304 1930 3362 usque
1961 3288 2031 3345 ad
2060 3304 2187 3344 cor-
2222 3275 2265 3342 (ἶ
2302 3293 2430 3348 dico
2461 3275 2567 3350 tibi
2601 3311 2613 3350 :
2647 3295 2913 3367 Sponsus
2945 3275 3125 3351 Fili—us
3155 3275 3261 3349 Dei
3296 3294 3397 3367 qui
3443 3293 3601 3350 venit
3644 3294 3705 3350 in
3756 3310 3953 3363 carne,

541 3406 680 3463 pore
728 3386 936 3443 mortis
984 3383 1183 3457 hujus.
1217 3382 1350 3454 (Id.,
1392 3381 1488 3436 lib.
1521 3380 1586 3436 de
1614 3387 1732 3435 nat.
1761 3386 1812 3435 et
1840 3386 2011 3448 grat.,
2044 3382 2188 3435 tom.

540 3480 606 3544 X,
640 3495 697 3551 p.
732 3495 772 3541 1,
806 3473 914 3532 col.
947 3475 1098 3541 2‘77.)

614 3569 702 3624 Ita
730 3571 855 3622 erat
883 3569 1024 3620 tunc
1056 3561 1292 3617 illorum
1332 3559 1641 3615 hominum
1671 3574 1885 3630 corpus
1915 3554 2190 3624 animale,

543 3662 679 3724 etc.,
704 3670 873 3727 usque
904 3653 974 3708 ad
1002 3649 1290 3724 supplicio
1322 3649 1423 3704 ﬁat
1453 3648 1749 3703 meritum.
1786 3647 1916 3715 (Id.,
1940 3647 2017 3702 lib
2046 3663 2104 3701 1x
2130 3645 2195 3701 de

547 3745 742 3803 Genesi
768 3742 840 3798 ad
887 3743 1146 3809 litteram,
1179 3744 1320 3796 tom.
1354 3738 1454 3803 Ill,
1487 3755 1543 3811 p.
1578 3755 1617 3801 1,
1649 3735 1759 3793 col.
1791 3737 1897 3791 398
1920 3741 1977 3791 et
2008 3737 2159 3808 seq.)

616 3831 896 3904 Quisquis
926 3828 1219 3885 carnalem
1262 3825 1727 3893 delectationem,
1759 3828 1897 3892 etc.,
1928 3840 2097 3896 usque
2126 3823 2198 3879 ad

545 3920 1028 3980 consolabuntur.
1062 3917 1194 3985 (1d,,
1228 3916 1325 3972 lib.
1358 3915 1422 3972 de
1451 3916 1623 3971 Serm.
1647 3915 1869 3971 Domini
1900 3915 1961 3970 in
1989 3920 2192 3983 monte,

542 4018 688 4071 tom.
725 4011 823 4079 III,
854 4028 911 4084 p.
943 4026 982 4076 1,
1018 4006 1126 4063 col.
1163 4006 1343 4074 1286.)

614 4100 763 4167 Quid
796 4104 886 4156 est
916 4097 1069 4171 quod
1096 4099 1153 4152 te
1177 4094 1409 4168 jactas?
1439 4094 1583 4167 quid
1617 4097 1705 4150 est
1735 4095 1912 4167 quod,
1945 4096 2079 4161 etc.,
2110 4108 2200 4147 us-

542 4208 646 4267 que
673 4190 745 4247 ad
774 4193 947 4264 egent
975 4185 1162 4260 gloria
1189 4184 1312 4240 Dei.
1347 4184 1479 4257 (Id.,
1514 4185 1573 4239 in
1598 4184 1743 4257 psal.
1767 4200 1899 4251 xxx,
1922 4186 2065 4239 tom.
2101 4180 2193 4253 IV,

544 4300 600 4355 p.
635 4299 675 4349 1,
708 4279 818 4337 col.
844 4279 954 4334 233
983 4280 1040 4332 et
1069 4273 1216 4347 seq.)

618 4366 876 4426 Liberari
906 4370 997 4422 est
1027 4382 1061 4421 a
1093 4380 1334 4436 corpore
1374 4362 1601 4430 mortis,
1635 4366 1769 4431 etc.,
1803 4376 1973 4434 usque
1998 4360 2069 4417 ad
2098 4358 2199 4417 sed

544 4460 617 4517 ad
649 4457 913 4532 gloriam.
950 4455 1081 4528 (Id.,
1113 4471 1182 4510 ea:
1231 4454 1329 4510 lib.
1372 4452 1523 4509 Sent.
1556 4452 1832 4526 Prosperi,
1866 4455 2008 4507 tom.
2038 4449 2104 4517 X,
2137 4466 2196 4522 p.

543 4567 607 4616 ιι,
640 4545 747 4603 col.
785 4544 964 4618 1886.)

614 4637 791 4705 Igitur
822 4636 935 4707 ipse
964 4649 1059 4703 ego
1088 4640 1263 4689 mente
1291 4633 1465 4688 servio
1496 4632 1607 4701 legi
1635 4632 1739 4688 Dei
1764 4648 1782 4686 :
1812 4646 1976 4687 carne
2017 4637 2199 4685 autem
2226 4654 2273 4720 D

545 4727 655 4796 legi
680 4724 906 4798 peccati.
938 4722 1222 4777 Indicitur
1249 4722 1405 4777 enim
1432 4720 1537 4776 tibi
1572 4721 1866 4793 quaedam,
1888 4725 2196 4791 etc.,usque

545 4816 615 4872 ad
663 4815 878 4871 habere
936 4830 1069 4870 cum
1120 4813 1255 4869 Deo.
1294 4812 1424 4886 (Id.,
1457 4812 1518 4867 in
1544 4811 1688 4884 psal.
1726 4827 1889 4877 Lxxv,
1922 4813 2060 4865 tom.
2100 4807 2191 4877 IV,

544 4922 602 4979 p.
630 4922 668 4972 1,
702 4903 809 4959 col.
841 4903 947 4958 959
977 4906 1034 4959 et
1065 4904 1211 4975 seq.)

614 4994 777 5058 Quod
810 4992 1051 5059 dixerat,
1083 4993 1205 5047 sine
1235 4992 1351 5060 lege
1377 4992 1548 5058 enim,
1567 4992 1883 5061 etc.,usque
1900 4988 1972 5044 ad
2004 4987 2197 5061 potius

544 5101 721 5158 quam
752 5082 1045 5139 edomare.
1081 5081 1211 5153 (Id.,
1240 5082 1337 5136 lib.
1365 5080 1434 5135 ad
1466 5081 1648 5151 Bonif.
1671 5095 1876 5152 papam
1894 5079 2198 5135 cont.Pela-

541 5176 717 5247 gium,
750 5176 894 5229 tom.
925 5171 990 5240 X,
1020 5188 1076 5244 p.
1112 5186 1151 5237 1,
1186 5169 1296 5226 col.
1327 5169 1435 5225 559
1464 5173 1521 5225 et
1549 5172 1698 5241 seq.)

1163 5257 1396 5316 CAPUT
1434 5257 1580 5314 VIII.

613 5353 751 5409 Nam
780 5350 921 5424 quod
952 5349 1288 5424 impossibile
1313 5356 1431 5404 erat
1461 5348 1568 5420 legi
1597 5348 1657 5404 in
1687 5363 1789 5420 quo
1812 5347 2199 5419 inﬁrmabatur

537 5460 639 5516 per
665 5458 906 5499 carnem.
940 5438 1278 5513 Segregavit
1309 5438 1508 5510 itaque
1558 5436 1708 5492 hanc
1747 5435 2025 5509 pluviam,
2062 5441 2195 5505 etc.,

543 5548 715 5604 usque
743 5531 814 5587 ad
844 5529 944 5605 qui
975 5529 1150 5586 datus
1181 5533 1270 5584 est
1301 5526 1492 5583 nobis.
1527 5526 1657 5600 (Id.,
1689 5543 1759 5583 ex
1786 5534 2023 5583 tractatu
2048 5528 2195 5600 psal.

546 5637 719 5693 vau,
753 5626 897 5677 tom.
934 5617 1028 5692 Ν,
1060 5636 1119 5692 p.
1152 5634 1191 5687 1,
1226 5633 1277 5673 ο.
1310 5618 1463 5685 818.)

613 5713 756 5774 Dius
785 5710 992 5772 Filium
1018 5724 1184 5769 suum
1204 5707 1424 5769 mittens
1456 5707 1515 5766 in
1543 5706 1972 5767 similitudinem
2012 5708 2200 5768 carnis

2303 3381 2555 3439 salvator
2574 3388 2664 3440 est
2685 3385 2976 3455 majorum
2999 3388 3055 3439 et
3081 3383 3660 3452 minorum,salvator
3679 3388 3768 3440 est
3783 3399 3957 3456 gran-

2301 3473 2467 3528 dium
2496 3475 2554 3527 et
2580 3472 2920 3541 infantium,
2951 3476 3008 3529 et
3036 3473 3162 3546 ipse
3193 3477 3282 3529 est
3310 3472 3598 3530 Christus.
3632 3473 3717 3530 Tu
3750 3478 3951 3529 autem

2302 3561 2450 3619 dicis
2480 3561 2840 3618 Salvatorem
2873 3562 3171 3619 Christum
3203 3563 3496 3635 majorum
3526 3566 3583 3618 et
3613 3579 3726 3618 non
3761 3562 3955 3619 mino-

2303 3667 2581 3719 rum,non
2612 3655 2703 3708 est
2732 3651 2944 3724 ipse.Si
2976 3669 3091 3708 non
3123 3656 3213 3708 est
3242 3644 3389 3725 ipse,
3425 3669 3605 3725 negas
3636 3655 3692 3709 et
3712 3655 3775 3708 tu
3798 3651 3959 3708 Chri-

2303 3744 2463 3797 stum
2494 3739 2554 3795 in
2585 3757 2757 3796 carne
2777 3741 3029 3797 venisse.

2376 3830 2653 3903 Magnum
2687 3830 2828 3902 quid
2862 3830 2975 3886 huc
3018 3830 3216 3886 attulit
3258 3832 3548 3887 mercator
3594 3828 3726 3886 iste.
3761 3829 3843 3887 De
3869 3847 3961 3887 re-

2303 3917 2476 3990 gione
2501 3933 2612 3973 sua
2639 3916 2878 3973 veniens
2908 3916 3020 3974 iste
3051 3922 3341 3974 mercator
3368 3917 3590 3973 invenit
3618 3917 3677 3973 in
3726 3919 3963 3993 regione

2306 4009 2506 4061 nostra
2536 4006 2692 4078 quod
2724 4005 2819 4061 hic
2848 4007 3153 4063 abundat?
3181 4007 3349 4067 Nasci
3381 4011 3437 4061 et
3467 4006 3637 4079 mori,
3670 4006 3844 4080 plena
3873 4013 3968 4064 est

2304 4099 2462 4152 terra
2491 4094 2583 4151 his
2616 4095 3100 4165 mercibus,nasci
3131 4100 3191 4152 et
3224 4095 3587 4153 mori.Natus
3606 4100 3697 4153 est
3725 4100 3784 4153 et
3812 4114 3969 4155 mor-

2304 4188 2446 4240 tuus
2478 4185 2704 4241 est.Sed
2731 4202 2848 4257 qua
2876 4185 2971 4241 via
3002 4189 3177 4242 natus
3208 4185 3434 4242 estPAd
3456 4186 3633 4242 istam
3663 4186 3964 4259 regionem

2304 4274 2591 4346 venit,sed
2627 4290 2740 4329 non
2773 4290 2840 4330 ea
2868 4275 2961 4329 via
2992 4292 3108 4347 qua
3137 4274 3352 4332 nos.De
3382 4273 3524 4331 ccelo
3556 4274 3714 4332 enim
3741 4275 3901 4331 venit
3930 4293 3967 4343 ᾳ

2308 4362 2557 4431 Patre,et
2582 4367 2779 4419 tamen
2812 4367 2985 4419 natus
3014 4369 3102 4421 est
3122 4364 3594 4433 mortalis,natus
3623 4369 3713 4421 est
3741 4365 3813 4423 de
3836 4366 3964 4438 Spi-

2307 4452 2423 4507 ritu
2456 4456 2656 4508 sancto
2683 4469 2751 4508 ex
2782 4452 2967 4509 Maria
2995 4453 3525 4533 virgineNunquid
3556 4470 3663 4512 nos
3692 4453 3821 4511 sic?
3842 4455 3961 4512 Nos

2307 4543 2377 4599 de
2407 4542 2592 4599 Adam
2625 4546 2681 4597 et
2710 4542 2828 4597 Eva
2861 4558 2874 4597 :
2908 4541 3010 4598 illa
3036 4559 3141 4615 per
3168 4543 3700 4616 concupiscentiam
3730 4544 3956 4615 carnis;

2305 4630 2401 4687 ille
2452 4635 2647 4687 autem
2702 4647 2817 4687 non
2863 4648 2965 4705 per
2994 4631 3206 4705 ipsam.
3241 4632 3423 4688 Maria
3452 4632 3609 4689 enim
3640 4633 3800 4707 virgo
3830 4633 3960 4693 sine

2305 4720 2455 4777 virili
2486 4720 2921 4793 amplexu,sine
2950 4722 3441 4796 conscupiscenize
3471 4727 3616 4779 aestu
3640 4739 3653 4778 :
3678 4723 3959 4796 quoniam

2307 4828 2379 4866 ne
2412 4814 2709 4883 pateretur
2739 4809 2897 4867 hunc
2929 4816 3136 4867 aestum
3167 4810 3294 4868 ideo
3322 4811 3375 4867 ei
3408 4811 3631 4868 dictum
3662 4818 3753 4870 est
3784 4829 3799 4867 :
3831 4812 3962 4887 Spi-

2304 4902 2448 4956 ritus
2503 4906 2724 4955 sanctus
2780 4901 3125 4971 superveniet
3168 4901 3227 4956 in
3276 4907 3344 4966 te,
3376 4906 3429 4955 et
3471 4901 3647 4956 virtus
3701 4900 3964 4967 altissimi

2306 4989 2655 5048 obumbrabit
2684 4988 2788 5044 tibi
2820 4988 2967 5061 (Luc.
3003 4991 3065 5059 1).

2374 5077 2551 5153 Virgo
2581 5094 2717 5152 ergo
2760 5077 2942 5135 Maria
2963 5095 3078 5134 non
3111 5078 3428 5136 concubuit
3456 5082 3514 5135 et
3542 5079 3824 5154 concepit,
3858 5081 3963 5139 sed

2305 5167 2550 5224 credidit
2578 5170 2635 5223 et
2664 5167 2953 5240 concepit.
2987 5167 3172 5223 Natus
3203 5174 3290 5224 est
3320 5167 3475 5224 enim
3507 5169 3774 5227 mortalis
3804 5186 3966 5227 mor-

2304 5257 2737 5323 talibus.Quare
2767 5255 3238 5323 mortalis?Quia
3269 5257 3326 5312 in
3359 5257 3810 5317 similitudinem
3834 5276 3966 5316 car-

2305 5348 2397 5403 nis
2415 5345 2787 5421 peccati.Non
2806 5345 2865 5401 in
2883 5362 3059 5402 carne
3079 5346 3430 5421 peccati,sed
3453 5349 3516 5404 in
3536 5349 3965 5406 similitudinem

2304 5438 2490 5493 carnis
2514 5437 2743 5510 peccati.
2781 5434 2928 5503 Quid
2960 5435 3138 5493 habet
3168 5453 3301 5494 caro
3338 5437 3605 5510 peccati?
3632 5442 3875 5497 Mortem
3904 5444 3965 5507 et

2307 5530 2632 5600 peccatum.
2668 5524 2817 5592 Quid
2850 5524 3059 5581 habuit
3088 5524 3414 5583 similitudo
3455 5527 3650 5585 carnis
3696 5528 3962 5601 peccati?

2307 5617 2553 5673 Mortem
2597 5614 2725 5670 sine
2773 5618 3031 5688 peccato.
3067 5614 3125 5672 Si
3176 5614 3417 5672 haberet
3462 5621 3793 5691 peccatum,
3825 5635 3963 5677 caro

2308 5710 2465 5769 esset
2520 5702 2777 5783 peccati;
2804 5703 2854 5763 si
2913 5709 3164 5766 mortem
3222 5722 3340 5766 non
3397 5704 3662 5782 haberet,
3693 5725 3811 5768 non
3869 5726 3962 5771 es-

3861 391 3983 452 296
4053 386 4058 399 .
