4100 6456
456 381 578 444 303

1656 378 1889 441 FLORI
1933 378 2248 443 DIACONI
2297 376 2678 440 MONAGHI.

3751 373 3882 434 304

458 514 694 587 adoptio
728 511 1129 571 Israelitarum
1151 511 1259 570 aisi
1280 529 1385 586 per
1401 511 1615 569 Filium
1635 511 1758 580 Dei,
1778 514 2103 583 etc.,usque,
2134 511 2191 580 Α
2288 510 2486 583 Neque
2515 510 2673 567 enim
2695 509 2875 566 habet
2896 507 3079 565 ullam
3099 506 3882 577 cunctationem,etc.,usque

459 603 532 660 ad
555 602 869 659 anathema
911 601 1010 658 sit.
1044 602 1174 674 (Id.,
1205 609 1395 658 contra
1439 602 1703 658 Faustum
1749 600 2116 658 Manichaaum

458 696 602 749 tom.
634 688 785 761 VIII,
819 691 927 747 col.
960 692 1069 748 255
1095 695 1153 747 et
1181 694 1330 763 seq.)

531 781 627 839 Sic
656 798 795 856 ergo
820 781 1078 856 pepercit
1100 780 1188 836 illi
1213 780 1375 853 genti
1406 784 1492 848 ut,
1524 784 1657 849 etc.,
1686 796 1858 853 usque
1885 779 1957 837 ad
1987 796 2115 853 pro-

461 875 593 944 pter
637 870 855 944 ipsum.
910 871 1039 944 (Id.,
1073 872 1131 927 in
1158 870 1299 942 psal.
1335 886 1544 941 Lxxvu,
1577 874 1722 926 tom.
1756 869 1850 938 IV,
1883 873 2036 943 part.
2073 886 2113 939 1,

464 959 575 1017 col.
605 959 756 1033 997.)

536 1049 599 1108 Si
628 1066 746 1106 non
776 1049 1003 1122 Moyses
1032 1047 1253 1106 electus
1292 1049 1422 1121 ejus
1469 1048 1746 1117 stetisset,
1779 1052 1916 1117 etc.,
1948 1063 2118 1120 usque

466 1138 537 1196 ad
566 1138 927 1212 disperderet
956 1154 1074 1194 eos.
1110 1137 1241 1211 (Id.,
1274 1139 1337 1193 in
1361 1138 1507 1211 psal.
1540 1154 1630 1208 cv,
1657 1141 1801 1194 tom.
1836 1136 1930 1206 IV,
1963 1140 2114 1209 part.

464 1244 530 1299 11,
563 1227 673 1285 col.
700 1227 886 1299 1412.)

535 1314 659 1373 lllle
688 1332 825 1389 ergo
856 1332 957 1373 rex
1004 1316 1135 1388 ejus
1179 1314 1303 1388 qui,
1336 1319 1470 1383 etc.,
1500 1332 1669 1389 usque
1715 1316 1786 1372 ad
1830 1313 2119 1372 Dominus

467 1405 667 1463 David.
720 1406 852 1480 (Id.,
894 1407 956 1461 in
995 1406 1140 1478 psal.
1175 1422 1290 1475 1.111,
1318 1407 1464 1461 tom.
1496 1404 1589 1473 1V,
1623 1409 1770 1477 part.
1802 1422 1842 1475 1,
1871 1403 1977 1461 col.
2010 1404 2115 1461 731

465 1499 525 1552 et
552 1497 704 1568 seq.)

537 1583 816 1650 Quamvis
845 1600 951 1641 nec
995 1583 1079 1640 sic
1126 1584 1365 1656 quidem
1412 1583 1650 1657 (inquit)
1682 1584 1950 1656 dignum,
1983 1586 2117 1651 etc.,

465 1690 637 1749 usque
682 1673 754 1730 ad
797 1674 869 1730 de
923 1672 1150 1747 virgine
1209 1678 1564 1730 nasceretur.
1612 1674 1745 1744 (Id.,
1779 1672 1882 1729 lib.
1931 1680 2121 1729 contra

466 1768 739 1823 Faustum
764 1763 1313 1830 Manicheumﬁom.
1345 1762 1491 1831 VIll,
1522 1761 1632 1818 col.
1663 1764 1767 1818 257
1796 1766 1855 1819 et
1882 1764 2031 1834 seq.)

541 1853 663 1911 Non
690 1860 872 1910 autem
899 1851 1044 1925 quod
1070 1852 1335 1909 exciderit
1361 1853 1587 1908 verbum
1614 1854 1733 1920 Dei,
1765 1857 1899 1920 etc.,
1933 1867 2121 1923 usque

470 1942 544 1999 ad
572 1949 625 1999 et
652 1943 758 1998 erit
781 1943 942 1999 Sara
968 1940 1381 2012 ﬁlius.Dixerat
1409 1940 1653 1998 Abrahae
1694 1940 1850 1997 Deus
1879 1956 2015 1997 cum
2046 1939 2118 1996 de

469 2030 707 2099 ancilla,
741 2034 875 2099 etc.,
928 2046 1100 2103 usque
1141 2029 1214 2085 ad
1260 2034 1709 2104 congregantur,
1749 2030 1886 2101 (Id.,
1916 2029 2021 2085 lib.
2053 2029 2122 2086 de

471 2122 632 2182 Civil.
663 2122 785 2189 Dei,
821 2124 962 2175 tom.
996 2118 1119 2189 VII,
1152 2117 1260 2176 col.
1285 2120 1396 2175 510
1422 2124 1479 2175 et
1508 2120 1656 2193 seq.)

536 2209 752 2266 Volens
781 2208 963 2283 igitur
989 2208 1195 2264 beatus
1227 2208 1445 2265 Paulus
1465 2208 1789 2278 ostendere,
1813 2213 2125 2280 etc.,usque

466 2299 537 2356 ad
564 2302 772 2372 potens
801 2301 892 2354 est
937 2301 995 2353 et
1042 2296 1250 2367 facere,
1279 2296 1415 2370 (Id.,
1445 2297 1548 2354 lib.
1582 2305 1771 2355 contra
1809 2299 2119 2368 lulianum,

466 2388 684 2456 tom.X,
716 2390 865 2460 part.
899 2404 962 2453 11,
989 2386 1098 2443 col.
1126 2386 1267 2442 1139
1295 2390 1355 2443 et
1384 2389 1536 2459 seq.)

547 2478 745 2548 Neque
773 2475 931 2531 enim
961 2474 1257 2531 nesciebat
1285 2475 1425 2549 quid
1447 2475 2125 2549 loqueretur,etc.,usque

475 2564 547 2621 ad
594 2567 984 2638 congruenter
1038 2563 1542 2621 ministraverunt.
1588 2565 1718 2635 (Id.,
1747 2564 1851 2622 lib.
1882 2565 1948 2623 de
1976 2568 2121 2623 Gest.

474 2653 690 2726 Pelag.,
723 2657 866 2709 tom.
900 2652 966 2721 X,
999 2652 1110 2709 col.
1141 2653 1294 2724 328.)

543 2744 665 2800 Non
690 2743 871 2799 solum
900 2749 1081 2798 autem
1109 2742 1256 2807 illa.,
1285 2745 1417 2810 etc.,
1449 2759 1620 2815 usque
1645 2744 1716 2800 ad
1752 2746 1899 2800 Esau
1942 2752 2126 2801 autem

470 2831 595 2889 odio
625 2830 1071 2898 habui.Quando
1100 2831 1257 2886 enim
1289 2831 1512 2889 dictum
1552 2835 1660 2905 est,
1692 2838 1826 2902 etc.,
1857 2850 2027 2906 usque
2053 2834 2124 2890 ad

471 2920 838 2977 benedicitur
865 2920 1066 2978 Jacob.
1100 2920 1231 2990 (Id.,
1266 2919 1368 2976 lib.
1400 2921 1465 2977 de
1493 2921 1656 2978 Civit.
1687 2925 1806 2992 Dei,
1831 2928 1973 2980 tom.
1998 2922 2122 2990 VII,

469 3009 580 3067 col.
609 3009 761 3083 516.)

539 3099 668 3156 Non
698 3099 895 3172 itaque
925 3097 1337 3156 misericordias
1365 3102 1633 3174 gratuitas
1663 3101 1787 3169 Dei,
1819 3105 1928 3171 etc,
1952 3118 2123 3174 usque

470 3188 541 3245 ad
571 3192 638 3245 ut
667 3187 856 3244 fidelis
887 3205 1099 3246 essem.
1133 3188 1263 3258 (Id.,
1294 3191 1454 3262 epist.
1487 3190 1557 3246 ad
1595 3190 1837 3260 Sixtum,
1869 3196 2012 3246 tom.
2047 3192 2118 3260 II,

469 3277 579 3336 col.
611 3279 716 3333 886
745 3281 804 3334 et
832 3281 982 3350 seq.)

536 3368 658 3424 Non
684 3368 865 3425 solum
892 3376 1094 3437 autem,
1124 3368 1266 3441 quod
1293 3377 1345 3426 et
1374 3370 1605 3426 Rebecca
1646 3387 1717 3427 ea:
1761 3386 1873 3427 uno
1919 3387 2117 3426 concu-

469 3458 585 3514 bitu
605 3457 807 3514 habens
830 3462 988 3514 Isaac
1030 3460 1206 3531 patris
1246 3461 1443 3515 nostri.
1474 3458 1601 3515 Non
1648 3459 1841 3516 solum
1894 3463 2115 3529 autem,

466 3550 599 3616 etc.,
632 3563 802 3619 usque
827 3546 897 3602 ad
928 3563 1045 3602 uno
1074 3551 1336 3620 tempore
1375 3548 1662 3620 concepti.
1697 3547 1828 3620 (Id.,
1859 3550 2015 3619 epist.
2047 3548 2119 3605 ad

464 3636 662 3708 Simpl.
694 3636 882 3708 episc.,
914 3639 1057 3691 tom.
1087 3636 1154 3703 Χ,
1186 3640 1335 3709 part.
1370 3654 1432 3703 11,
1466 3636 1576 3693 col.
1614 3637 1794 3709 1850).

536 3725 697 3791 Quod
731 3729 931 3780 autem
960 3723 1183 3780 dictum
1213 3729 1322 3792 est,
1355 3730 1488 3792 etc.,
1519 3742 1690 3798 usque
1718 3725 1788 3782 ad
1816 3730 1874 3782 et
1892 3727 2001 3783 hoc
2024 3728 2119 3785 ab-

464 3813 560 3870 sit.
588 3813 718 3887 (Id.,
753 3812 858 3869 lib.
888 3812 953 3869 de
984 3813 1142 3869 Civil.
1168 3815 1283 3880 Dei,
1315 3814 1719 3882 tom.VII,col.
1747 3816 1853 3871 513
1881 3819 1939 3872 et
1967 3819 2115 3889 seq.)

530 3904 715 3976 Moysi
739 3904 891 3959 enim
917 3901 1073 3969 dicit,
1103 3906 1237 3971 etc.,
1272 3919 1460 3976 usque
1488 3904 1560 3960 ad
1588 3903 1682 3961 sed
1708 3907 2020 3962 miserentis
2038 3914 2116 3964 est

460 3993 715 4050 Dei.Hoc
740 3991 791 4048 si
823 3992 1298 4063 attenderes,non
1329 3993 1689 4064 extenderes,
1706 3998 2025 4069 etc.,usque
2042 3996 2115 4052 ad

462 4087 519 4138 et
547 4098 722 4156 quem
782 4080 908 4138 vult
965 4082 1222 4138 obturat.
1271 4082 1403 4155 (Id.,
1449 4081 1552 4140 lib.
1583 4090 1774 4140 contra
1800 4085 2109 4155 lulianum,

460 4174 602 4228 tom.
634 4170 701 4240 X,
735 4174 885 4243 part.
919 4188 981 4240 11,
1016 4170 1126 4227 col.
1163 4171 1347 4244 1140.)

532 4262 647 4318 Sed
679 4260 991 4318 miseretur
1020 4260 1244 4333 utique,
1278 4265 1413 4334 etc.,
1444 4278 1615 4334 usque
1653 4262 1724 4318 ad
1769 4262 2109 4333 ambulatis,

462 4350 595 4421 (Id.,
627 4350 731 4407 lib.
763 4350 836 4406 ad
858 4349 1055 4423 Simpl.
1088 4351 1252 4422 episc.
1286 4354 1428 4413 tom.
1460 4349 1556 4419 VI,
1591 4350 1700 4407 col.
1742 4352 1838 4407 I20
1866 4355 1924 4408 et
1962 4355 2112 4425 seq.)

532 4439 796 4512 Nunquid
822 4439 959 4495 ditit
986 4440 1323 4512 ﬁgmentum,
1358 4443 1491 4511 etc.,
1523 4457 1711 4512 usque
1755 4441 1829 4496 ad
1868 4442 2025 4498 aliud
2051 4444 2109 4498 in

460 4529 888 4585 contumeliam?
917 4527 1028 4584 Ubi
1058 4529 1331 4584 universa
1360 4529 1475 4585 ista
1504 4545 1703 4585 massa
1722 4530 1951 4597 merito,
1973 4535 2108 4597 etc.,

2222 598 2293 656 ad
2321 599 2440 657 sive
2468 598 2606 656 boni
2639 597 2759 656 sive
2787 597 2948 656 mali.
2984 598 3116 671 (1d,,
3147 596 3251 654 lib.
3281 597 3348 654 de
3373 595 3562 654 Genesi
3605 595 3675 652 ad
3720 595 3876 653 litto-

2170 728 2180 738 .
2221 706 2364 756 ram,
2396 692 2539 744 tom.
2573 692 2676 757 III,
2710 692 2863 761 part.
2898 705 2939 757 1,
2972 687 3082 744 col.
3113 688 3266 757 545.)

2294 777 2435 845 Quis
2463 794 2635 850 porro
2666 782 2789 835 tam
2818 777 2998 850 impie
3028 776 3299 849 desipiat,
3333 779 3399 832 ut
3426 775 3602 843 dicat,
3636 779 3889 844 etc.,us-

2224 882 2326 940 que
2353 866 2424 922 ad
2450 865 2511 921 in
2544 866 2786 923 Domino
2818 864 3117 940 glorietur.
3150 866 3284 937 (Id.,
3313 864 3886 934 Enchirid.,tom.VI,

2224 954 2334 1013 col.
2364 957 2472 1011 277
2501 958 2558 1012 et
2587 956 2736 1028 seq.)

2297 1043 2467 1101 Multi
2497 1044 2572 1101 de
2597 1044 2712 1101 isto
2742 1045 3031 1118 profundo
3061 1047 3389 1118 quaerentes
3418 1043 3660 1101 reddere
3697 1044 3888 1101 ratio—

2226 1150 2383 1203 nem,
2416 1136 2548 1202 etc.,
2582 1148 2751 1207 usque
2779 1133 2851 1190 ad
2876 1132 2968 1190 vel
2999 1133 3138 1190 boni
3165 1132 3255 1189 vel
3285 1132 3882 1203 mali.(Id.,serm.vu,

2225 1222 2290 1280 de
2318 1223 2734 1295 verb.Apostoli,
2766 1226 2910 1279 tom.
2938 1223 3007 1290 V,
3038 1226 3189 1295 part.
3222 1240 3263 1292 1,
3295 1221 3406 1279 col.
3438 1222 3549 1278 905
3578 1227 3636 1279 et
3655 1224 3805 1295 seq.)

2302 1313 2364 1370 Ut
2385 1312 2684 1369 secundum
2717 1313 3034 1370 electionem
3072 1314 3419 1386 propositum
3462 1313 3569 1369 Dei
3613 1321 3882 1380 maneret,

2224 1417 2337 1459 non
2359 1418 2430 1458 ex
2457 1403 2733 1474 operibus,
2762 1402 2855 1458 sed
2882 1419 2952 1459 ea:
2979 1409 3202 1459 vocante
3229 1401 3440 1458 dictum
3465 1410 3560 1471 est,
3593 1403 3726 1475 quia
3753 1419 3882 1458 ma-

2218 1492 2314 1564 jor
2340 1492 2536 1548 serviet
2583 1493 2811 1548 minori.
2840 1496 2907 1546 In
2937 1508 3004 1548 eo
3038 1492 3194 1564 quod
3232 1491 3518 1548 Dominus
3566 1492 3888 1564 respondet

2230 1580 2563 1648 Rebbeccae,
2585 1585 2718 1648 etc.,
2745 1597 2917 1654 usque
2939 1580 3010 1637 ad
3031 1597 3062 1638 θ
3083 1580 3304 1637 cervice
3324 1596 3435 1636 sua
3459 1581 3881 1654 deposuerunt.

2228 1670 2363 1743 (Id.,
2413 1668 2515 1726 lib.
2567 1671 2770 1739 Qwest.
2824 1672 2882 1725 in
2925 1670 3055 1726 Gen.
3088 1687 3189 1743 qu.
3218 1671 3311 1737 73,
3342 1673 3486 1727 tom.
3520 1675 3622 1738 III,
3655 1674 3808 1743 part.
3842 1687 3884 1740 1,

2230 1757 2337 1815 col.
2369 1759 2521 1832 567.)

2299 1848 2452 1904 Sicut
2498 1849 2769 1921 scriptum
2814 1857 2931 1905 est:
2951 1850 3112 1906 Jacob
3141 1848 3337 1918 dilexi,
3368 1851 3525 1905 Esau
3551 1857 3733 1906 autem
3760 1850 3887 1906 odio

2229 1936 2617 1994 habui.Habes
2646 1943 2844 2011 aperte
2870 1937 3257 2008 Scripturam,
3291 1943 3426 2008 etc.,
3451 1955 3623 2012 usque
3651 1938 3723 1995 ad
3751 1939 3886 1996 odio

2228 2026 2430 2083 habui.
2470 2026 2602 2097 (Id.,
2635 2034 2851 2084 tractat.
2888 2044 2947 2095 11,
2994 2029 3060 2083 in
3103 2029 3261 2085 Joan.
3313 2030 3457 2085 tom.
3505 2031 3608 2083 III.
3656 2031 3789 2101 part
3816 2044 3882 2098 11,

2230 2115 2340 2185 col,
2375 2116 2515 2171 1480
2547 2119 2606 2170 et
2624 2120 2775 2188 seq.)

2303 2204 2446 2273 Quid
2472 2221 2600 2275 ergo
2637 2204 2916 2262 dicemus?
2943 2210 3075 2275 etc.,
3110 2222 3299 2278 usque
3345 2206 3417 2262 ad
3464 2208 3720 2263 misertus
3765 2223 3883 2264 ero.

2230 2292 2334 2350 Ille
2364 2293 2713 2367 intelligitur
2742 2294 2924 2368 loqui,
2960 2299 3092 2361 etc.,
3127 2312 3295 2368 usque
3317 2296 3388 2352 ad
3410 2300 3474 2351 ut
3491 2296 3756 2353 omnium
3778 2297 3890 2354 mi-

2233 2388 2514 2440 sereatur.
2548 2382 2790 2453 (Id.,lib.
2825 2386 3028 2453 Quwst.
3061 2384 3256 2455 Exod,
3299 2401 3399 2456 qu.
3435 2386 3557 2454 154,
3602 2389 3746 2442 tom.
3777 2391 3886 2454 III,

2232 2476 2381 2546 part.
2415 2490 2455 2541 1,
2488 2471 2597 2530 col.
2627 2474 2752 2540 648,
2786 2478 2845 2529 et
2875 2473 3022 2546 seq.)

2304 2562 2385 2617 Ex
2423 2561 2616 2635 prima
2660 2563 2817 2619 enim
2865 2561 3334 2637 transgressione
3382 2563 3557 2637 primi
3603 2563 3886 2636 hominis,

2232 2654 2366 2721 etc.,
2398 2668 2569 2724 usque
2598 2650 2669 2707 ad
2699 2656 2837 2709 nota
2859 2652 3027 2710 vobis
3057 2652 3187 2709 feci.
3212 2653 3343 2727 (Id.,
3364 2670 3526 2710 serm.
3549 2654 3713 2722 xx,de
3734 2657 3884 2712 verb.

2231 2741 2436 2814 Apost.)

2301 2832 2480 2902 Igitur
2506 2847 2617 2887 non
2643 2831 2871 2888 volentis
2895 2848 3069 2905 neque
3117 2834 3409 2900 currentis,
3439 2832 3531 2889 sed
3576 2835 3889 2890 miserentis

2230 2928 2309 2976 est
2336 2921 2458 2976 Dei.
2482 2919 2583 2976 Dei
2611 2921 2862 2994 gratiam
2892 2921 2981 2977 vel
3002 2921 3464 2979 misericordiam
3485 2921 3756 2979 volumus
3776 2922 3888 2979 im-

2230 3013 2479 3081 petrare,
2511 3014 2643 3074 etc.,
2675 3027 2846 3084 usque
2874 3010 2945 3066 ad
2974 3011 3348 3068 sermonibus
3372 3011 3539 3068 meis.
3564 3011 3886 3082 (Id.,lib.de

2230 3101 2379 3171 Per].
2402 3100 2665 3171 justitiae,
2698 3104 2842 3156 tom.
2873 3099 2939 3169 X,
2976 3105 3126 3173 part.
3159 3118 3198 3170 1,
3231 3101 3383 3170 314.)

2302 3187 2375 3244 Ut
2406 3189 2464 3244 in
2493 3189 2678 3245 Deum
2708 3188 3039 3259 credamus,
3064 3194 3193 3247 etc..
3220 3206 3390 3263 usque
3417 3189 3487 3246 ad
3509 3209 3543 3246 a
3563 3190 3730 3247 Patre
3752 3208 3881 3248 meo

2149 3262 2193 3330 G
2231 3278 2365 3348 (Id.,
2396 3280 2551 3351 epist.
2585 3278 2656 3334 ad
2691 3278 2937 3348 Vitalem,
2970 3283 3113 3335 tom.
3147 3283 3223 3347 11,
3254 3270 3371 3336 col.
3395 3280 3546 3353 983.)

2298 3367 2379 3424 Ne
2409 3367 2727 3441 quisquam
2759 3368 2866 3424 etsi
2899 3384 3016 3424 non
3050 3368 3120 3424 de
3150 3368 3447 3443 Operibus,
3481 3372 3791 3442 etc.,usque
3812 3371 3883 3427 ad

2227 3473 2300 3513 ne
2330 3457 2550 3513 frustra
2578 3457 3612 3529 velit.(ld.,Enchir.,tom.VI,col.2!17
3643 3463 3700 3516 et
3730 3461 3880 3533 seq.)

2296 3546 2413 3602 Sisi
2442 3548 2715 3603 Dominus
2742 3546 3100 3618 wdiﬁcaverit
3128 3547 3372 3613 domum,
3407 3550 3467 3604 in
3495 3564 3699 3604 vanum
3729 3549 3882 3606 labo-

2223 3643 2488 3692 raverunt
2510 3636 2847 3708 aediﬁcantes
2874 3637 3322 3703 eam.Quomodo
3348 3654 3505 3712 ergo,
3534 3638 3710 3709 Deus,
3743 3643 3877 3709 etc.,

2223 3741 2396 3798 usque
2449 3724 2520 3781 ad
2575 3724 2895 3796 adjuvaret.
2949 3726 3081 3799 (Id.,
3123 3729 3282 3799 epist.
3313 3726 3385 3782 ad
3412 3727 3576 3783 Paul.
3607 3727 3880 3783 Nolanum

2223 3817 2387 3888 episc.
2420 3818 2563 3869 tom.
2598 3817 2696 3885 II.)

2295 3905 2449 3961 Dicit
2475 3905 2625 3960 enim
2651 3904 2939 3978 Scriptura
2966 3905 3272 3974 Pharaoni,
3305 3908 3439 3979 quia
3467 3907 3529 3962 in
3555 3907 3654 3962 hoc
3696 3908 3877 3978 ipsum

2221 3995 2461 4050 excitavi
2489 4001 2558 4062 te,
2590 4002 2653 4051 ut
2679 3995 2958 4051 ostendam
2987 3997 3048 4051 in
3078 4003 3129 4052 te
3151 3997 3428 4065 virtutem,
3444 3997 3630 4053 etc.Et
3641 4001 3878 4069 propter

2221 4083 2332 4139 hoc
2361 4083 2559 4156 ipsum
2591 4088 2968 4141 conservatus
2998 4101 3082 4153 es,
3115 4088 3249 4154 etc.,
3276 4101 3447 4158 usque
3476 4085 3546 4141 ad
3586 4090 3644 4141 et
3685 4085 3874 4142 exitus

2221 4173 2407 4229 docet.
2441 4172 2573 4245 (Id.,
2606 4172 2919 4242 lib.Quaest.
2951 4174 3252 4247 Exod.,qu.
3284 4176 3523 4241 32,tom.
3547 4179 3651 4247 III,
3674 4179 3871 4248 part.1,

2222 4262 2330 4319 col.
2362 4263 2517 4334 606.)

2291 4352 2530 4408 Nullum
2561 4352 2716 4408 Deus
2745 4352 2832 4410 vel
2864 4353 3232 4426 angelorum,
3264 4358 3399 4423 etc.,
3431 4370 3600 4427 usque
3629 4353 3699 4410 ad
3731 4353 3876 4411 anti-

2218 4440 2396 4497 thetis
2445 4440 2801 4498 honestaret.
2856 4443 2986 4516 (Id.,
3028 4442 3130 4500 lib.
3162 4444 3311 4501 Sent.
3344 4446 3602 4517 Prosperi
3628 4448 3770 4500 tom.
3801 4444 3868 4518 X,

2219 4533 2369 4603 part.
2404 4547 2465 4599 11,
2501 4530 2609 4587 col.
2646 4531 2829 4604 1870.)

460 4632 631 4689 usque
659 4616 730 4672 ad
758 4614 862 4671 viae
892 4616 1176 4688 ejus.(Id.,
1209 4619 1366 4690 epist.
1396 4618 1467 4674 ad
1501 4619 1721 4676 Sixtum
1759 4635 1930 4691 pres.,
1964 4624 2007 4676 t.
2037 4620 2107 4690 II,
2139 4639 2187 4705 D
2287 4620 2431 4689 Ergo
2472 4619 2630 4692 cujus
2675 4620 2795 4675 vult
2839 4622 3203 4688 miseretur,et
3251 4639 3409 4696 quem
3453 4624 3571 4680 vult
3616 4623 3867 4681 obdurat.

461 4705 572 4762 col.
604 4707 755 4774 884.)

532 4795 680 4861 Quid
712 4795 982 4868 Apostolo
1012 4796 1352 4869 responsuri
1382 4800 1540 4864 sunt,
1573 4797 1675 4871 qui
1717 4815 1853 4854 cum
1902 4803 1960 4855 et
2002 4799 2110 4858 hos

460 4884 747 4958 geminos,
784 4889 918 4952 etc.,
950 4902 1120 4957 usque
1149 4885 1221 4941 ad
1245 4903 1351 4943 nec
1371 4887 1665 4956 judicium
1698 4893 1934 4944 accuset
1961 4888 2107 4945 invi-

459 4978 564 5030 tat.
599 4974 728 5040 (Id.,
756 4975 854 5030 lib.
887 4974 959 5030 ad
986 4975 1339 5048 Bonifacium
1365 4984 1557 5032 contra
1585 4977 1934 5049 Pelagianos,
1966 4983 2005 5033 t.
2037 4979 2104 5048 X,

460 5069 610 5136 part.
644 5080 682 5133 1,
713 5063 822 5119 col.
854 5065 953 5120 581
987 5070 1045 5119 et
1074 5082 1196 5136 seq.
1230 5068 1286 5121 et
1313 5065 1462 5137 621.)

532 5152 666 5208 Cum
696 5155 845 5209 enim
874 5153 1118 5210 nondum
1139 5156 1260 5210 nati
1287 5156 1538 5226 fuissent,
1573 5163 1668 5210 aut
1697 5156 1913 5228 aliquid
1960 5159 2107 5228 egis-

457 5249 578 5298 sent
606 5243 807 5298 bonum
828 5251 926 5299 aut
950 5244 1180 5299 malum.
1201 5244 1343 5299 Cum
1377 5244 1539 5299 Isaac
1571 5249 1751 5299 Deum
1782 5247 2009 5318 roganti
2043 5251 2108 5303 ut

455 5335 688 5405 pareret
706 5348 869 5400 uxor,
886 5337 1200 5406 etc.,usque
1230 5332 1300 5388 ad
1329 5349 1532 5388 eorum
1564 5332 1792 5389 nullum
1822 5335 2106 5410 erat.(ld.,

455 5420 559 5478 lib.
585 5425 671 5477 De
700 5422 814 5477 Civ.
847 5422 963 5490 Dei,
999 5424 1144 5478 tom.
1175 5421 1298 5488 VII,
1333 5420 1440 5477 col.
1474 5422 1627 5492 513.)

524 5513 615 5566 An
646 5510 795 5567 forte
824 5509 970 5566 illud
990 5512 1117 5583 jam
1148 5510 1619 5583 explosum,etc.,
1640 5528 1812 5585 usque
1839 5513 1908 5569 ad
1938 5514 2107 5571 mini-

454 5614 549 5656 me
576 5598 936 5657 dubitemus.
969 5601 1104 5670 (Id.,
1133 5598 1235 5656 lib.
1268 5616 1309 5668 1,
1330 5599 1396 5655 de
1424 5602 2100 5674 Bap.parvulorum,tom.

448 5686 519 5767 Χ,
551 5693 702 5769 part.
733 5706 773 5762 1,
806 5688 915 5751 col.
946 5690 1051 5750 126
1079 5693 1137 5750 et
1166 5688 1313 5768 seq.)

2217 4708 2459 4773 Quando
2481 4725 2617 4782 ergo
2650 4708 2818 4765 Pater
2846 4709 3008 4767 intus
3039 4711 3296 4780 auditur,
3328 4718 3462 4778 etc.,
3481 4730 3652 4786 usque
3679 4713 3749 4770 ad
3778 4729 3868 4768 re-

2218 4799 2508 4871 spondeas
2557 4798 2694 4855 Deo.
2727 4800 2861 4869 (Id.,
2913 4799 3014 4856 lib.
3067 4802 3140 4857 de
3184 4802 3369 4860 Praed.
3400 4810 3596 4873 sanet,
3629 4807 3769 4859 tom.
3798 4802 3866 4876 X,

2218 4891 2368 4960 part.
2402 4905 2442 4954 1,
2476 4888 2582 4941 976
2606 4892 2663 4943 et
2692 4889 2841 4962 seq.)

2288 4978 2585 5042 Quantum
2613 4977 2684 5033 ad
2709 4978 3007 5049 justitiam
3055 4984 3282 5053 spectat
3327 4986 3386 5037 et
3425 4982 3696 5055 gratiam,
3730 4986 3867 5051 etc.,

2213 5081 2383 5138 usque
2411 5065 2724 5137 adjudicia
2751 5069 2899 5140 ejus.
2934 5069 3015 5140 (S.
3046 5070 3220 5143 Aug.,
3255 5071 3331 5128 lib
3358 5070 3425 5127 de
3456 5072 3613 5129 Dono
3656 5087 3864 5144 persev.

2214 5159 2358 5210 tom.
2392 5154 2457 5224 X,
2492 5160 2643 5227 part.
2676 5173 2750 5226 11;
2785 5157 2896 5212 col.
2929 5158 3116 5228 1003.)

2285 5244 2446 5302 None
2477 5243 2586 5300 hoc
2615 5244 2739 5301 loco
2767 5247 3081 5318 Apostolus
3111 5253 3345 5306 sanctos
3375 5249 3696 5323 prohibuit,
3728 5255 3864 5319 etc.,

2212 5349 2380 5406 usque
2409 5333 2480 5389 ad
2501 5334 2558 5389 id
2590 5335 2747 5405 quod
2773 5338 2882 5392 est.
2915 5337 3047 5410 (Id.,
3080 5338 3158 5395 lib
3186 5340 3258 5396 68
3288 5340 3695 5413 Quaestionum,
3716 5344 3863 5397 tom.

2214 5423 2311 5493 VI,
2345 5422 2453 5479 col.
2483 5425 2574 5493 70,
2607 5428 2663 5480 et
2692 5429 2840 5497 seq.)

2282 5513 2365 5569 An
2392 5529 2503 5570 non
2531 5513 2691 5570 habet
2706 5522 3022 5587 potestatem
3043 5518 3248 5590 ﬁgulus
3268 5521 3375 5577 tuti
3389 5536 3460 5577 ea:
3476 5519 3667 5578 eadem
3683 5536 3866 5578 massa

2208 5605 2391 5676 facere
2435 5602 2590 5659 aliud
2636 5603 2855 5675 quidem
2901 5623 2994 5665 vas
3044 5609 3101 5663 in
3141 5610 3419 5678 honorem,
3454 5610 3621 5668 aliud
3644 5626 3771 5668 vero
3799 5612 3864 5668 in

2210 5693 2594 5753 contumeliam
2612 5697 2638 5749 γ
2669 5693 2910 5769 Figulus
2939 5700 3032 5756 est
3059 5714 3194 5757 cum
3227 5699 3780 5777 fragiles,inﬁrmos,
3801 5706 3864 5762 et
