4100 6466
191 418 313 482 305

1063 419 1478 483 EXPOSITIO
1521 419 1601 482 IN
1645 421 1816 483 EPP.
1865 419 2126 485 PAULI.
2159 457 2237 467 —-
2266 423 2392 485 ΕΡ.
2438 422 2541 486 AD
2586 423 2778 488 ROM.

3501 423 3620 489 306

190 557 465 610 terrenos
497 551 658 622 facit,
690 554 824 621 etc.,
853 567 1026 626 usque
1054 552 1340 610 adoculos
1369 553 1742 624 fecerat.(ld.,
1773 557 1858 611 Ea:
1885 557 1938 624 Α
1968 572 2026 612 τη
2043 556 2190 629 psal.
2224 575 2340 630 CIII,
2372 561 2514 616 tom.
2551 557 2645 627 IV,
2688 561 2840 632 part.
2891 575 2954 627 ιι,
3005 558 3114 617 col.
3169 560 3309 618 1375
3365 563 3423 617 et
3468 577 3616 635 seq.,

193 651 444 700 tractatu
459 645 518 699 in
551 644 755 716 psalm.
778 659 939 712 xcnl,
963 646 1106 699 tom.
1142 643 1235 709 IV,
1260 648 1409 716 part.
1435 661 1494 711 ιι,
1527 643 1635 699 col.
1671 645 1857 714 1211.)

264 735 368 790 Sic
398 749 539 806 ergo
572 733 762 788 factus
812 736 902 787 est
925 732 1102 788 homo
1151 736 1365 800 rectus,
1421 737 1554 801 etc.,
1588 749 1761 805 usque
1789 734 1858 789 ad

191 841 300 880 nec
329 825 392 878 in
427 841 509 880 se.
544 824 679 893 (Id.,
711 824 959 888 Enchir.,
991 827 1135 878 tom.
1167 822 1262 888 VI,
1296 823 1404 878 col.
1435 824 1587 891 282.)

264 915 330 969 Si
367 915 440 970 de
472 913 716 981 mundo,
751 912 964 984 inquit,
989 911 1484 980 essetis,mundus
1505 914 1658 984 quod
1682 929 1856 969 suum

191 1008 323 1060 erat
353 1003 976 1076 diligeret,etc.,usque
1005 1001 1075 1056 ad
1088 1002 1215 1072 jam
1247 1018 1363 1057 non
1396 1007 1486 1058 est
1506 1002 1855 1074 gratiu.(Id.,

189 1101 443 1149 tractatu
474 1094 541 1147 87
574 1094 636 1147 in
664 1094 821 1150 Joan.
854 1090 1111 1157 tom.'lII,
1144 1094 1292 1163 part.
1328 1108 1389 1158 ιι,
1423 1090 1532 1146 col.
1564 1091 1750 1161 4853.)

262 1183 328 1239 Si
357 1199 479 1254 qua
510 1181 715 1254 igitur,
768 1183 901 1249 etc.,
935 1196 1106 1252 usque
1163 1180 1235 1235 ad
1289 1181 1500 1236 caeteri.
1553 1181 1658 1252 (Id.
1690 1197 1852 1236 serm.

191 1275 282 1341 11,
317 1272 387 1328 de
417 1271 596 1329 verbis
627 1271 834 1343 Apost.)

259 1364 402 1419 Ecce
432 1362 622 1432 Agnus
655 1362 780 1426 Dei,
810 1363 946 1426 etc.,
1001 1375 1171 1431 usque
1213 1359 1284 1415 ad
1325 1366 1525 1432 posset
1571 1374 1700 1416 esse
1729 1361 1855 1415 vin-

191 1451 472 1523 dicta.(S.
505 1452 680 1523 Aug.,
716 1450 814 1506 lib.
846 1450 994 1506 Sent.
1028 1450 1301 1521 Prosperi,
1334 1452 1477 1506 tom.
1511 1449 1576 1518 Χ,
1609 1454 1758 1522 part.
1793 1467 1853 1506 ιι.

191 1541 283 1598 col
317 1539 509 1610 4886.)

1969 647 2108 702 1363
2135 651 2191 702 et
2220 650 2367 720 seq.)

2040 736 2180 803 Quid
2209 753 2333 809 ergo
2363 738 2623 804 dicemus,
2655 742 2790 808 etc.,
2821 756 3007 812 usque
3038 741 3109 796 ad
3152 743 3312 812 quasi
3339 757 3408 797 ex
3445 742 3620 814 operi-

1968 825 2083 881 bus.
2108 827 2318 882 Gentes
2367 845 2494 900 quae
2544 845 2660 883 non
2721 829 3119 897 sectabantur,
3163 835 3296 898 etc.,
3347 848 3518 904 usque
3547 832 3618 888 ad

1967 914 2163 970 salvus
2193 915 2322 972 erit.
2353 917 2459 988 (Id.
2493 917 2589 972 lib.
2622 919 2686 974 de
2712 918 2862 990 Spir.
2893 926 2947 974 et
2972 921 3124 990 Litt.,
3158 923 3280 975 tom
3318 920 3385 986 X,
3417 925 3613 993 parta,

1966 1002 2074 1059 col.
2109 1006 2216 1060 232
2245 1009 2303 1061 et
2333 1007 2479 1078 seq.)

2036 1093 2250 1150 Gentes
2281 1111 2408 1167 quas
2439 1113 2555 1152 non
2587 1097 2963 1152 sectabantur
2981 1097 3617 1172 justitiam,etc.,usque

1964 1181 2036 1236 ad
2061 1199 2175 1238 non
2203 1183 2573 1254 adjuvantur.
2607 1186 2740 1256 (Id.,
2771 1203 2931 1243 serm.
2965 1187 3030 1243 de
3058 1187 3204 1243 verb.
3238 1188 3438 1260 Apost.,
3467 1191 3612 1244 tom.

1965 1270 2033 1338 V,
2065 1277 2213 1344 part.
2249 1291 2286 1341 ι,
2320 1273 2428 1329 col.
2461 1273 2568 1330 920
2595 1279 2651 1330 et
2689 1276 2838 1347 seq.)

2617 1417 2849 1475 CAPUT
2887 1419 2952 1475 X.

2037 1540 2378 1614 Ignorantes
2411 1542 2509 1598 Dei
2529 1543 2848 1615 justitiam,
2897 1547 3029 1613 etc.,
3063 1560 3232 1617 usque
3287 1543 3358 1600 ad
3398 1545 3614 1602 habere

263 1630 435 1705 Quod
462 1633 514 1686 si
560 1633 729 1696 Deus,
780 1631 914 1700 etc.,
965 1645 1154 1701 usque
1202 1628 1274 1683 ad
1335 1630 1394 1683 in
1436 1629 1692 1697 gloriam.
1743 1630 1859 1685 Cur
1957 1630 2276 1701 justitiam.
2314 1632 2444 1704 (Id.,
2481 1634 2578 1688 lib.
2611 1641 2798 1689 contra
2854 1634 3160 1702 lulianum,
3209 1637 3358 1692 tom.
3398 1634 3464 1703 Χ,
3499 1634 3609 1691 col.

191 1722 376 1777 etiam
412 1718 643 1792 aliquos
665 1716 1510 1789 Creatorvoluit,etc.,usquead
1524 1718 1854 1775 meritadici

191 1809 454 1884 possint.
482 1809 564 1882 (S.
596 1810 768 1881 Aug.,
815 1809 970 1879 epist.
1021 1807 1091 1863 ad
1138 1807 1411 1880 Optatum,
1443 1811 1587 1862 tom.
1641 1808 1709 1875 II,
1744 1808 1852 1863 col.

189 1899 301 1955 859
332 1902 392 1954 et
425 1896 573 1969 seq.)

1965 1721 2090 1774 867.

2038 1721 2090 1774 7.

2038 1721 2400 1882 0/)fenderunt
2429 1813 2490 1867 in
2529 1813 2766 1884 lapidem
2814 1813 3148 1886 offensionis,
3182 1818 3290 1870 etc.
3346 1813 3614 1872 Christus

1886 1931 1932 1998 Β
1965 1899 2310 1970 sperabatur
2338 1905 2640 1969 venturus,
2673 1907 2806 1970 etc.,
2841 1919 3015 1974 usque
3046 1902 3116 1958 ad
3147 1920 3261 1959 non
3289 1904 3615 1960 confunde-

263 1989 412 2044 Deus
441 2003 595 2043 meus
625 1986 1039 2051 aemonstravit,
1071 1988 1205 2056 etc.,
1254 2001 1426 2057 usque
1475 1986 1544 2040 ad
1589 1984 1850 2040 debitum
1886 1984 1930 1998 "
1961 1990 2077 2042 tur.
2108 1987 2423 2060 (Id.,ser-m.
2458 1993 2520 2045 in
2548 1993 2706 2063 epist.
2729 1993 2885 2048 Joan.
2917 2007 3000 2060 ιιι,
3035 1996 3176 2048 tom.
3217 1993 3312 2060 III,
3363 1998 3513 2066 part.
3549 2011 3613 2062 ιι,

191 2076 517 2133 relaxatur.
553 2075 635 2147 (S.
657 2076 829 2147 Aug...
854 2076 911 2129 in
938 2074 1081 2146 psal.
1134 2091 1286 2142 LVIII,
1317 2077 1460 2129 tom.
1505 2075 1597 2139 IV,
1628 2077 1778 2145 part.
1811 2091 1849 2138 ι,

191 2166 306 2223 col.
337 2166 497 2233 704.)

261 2255 440 2328 Apud
471 2253 640 2308 illum
673 2256 954 2324 potestas,
990 2255 1126 2318 etc.,
1157 2268 1327 2324 usque
1373 2253 1443 2307 ad
1481 2268 1654 2324 spera
1683 2251 1855 2307 mise-

189 2344 514 2402 ricordiam
563 2343 713 2414 ejus.
763 2342 843 2414 (S.
889 2343 1060 2414 Aug.,
1112 2344 1173 2397 in
1223 2343 1366 2414 psal.
1419 2359 1530 2409 Lx1,
1579 2345 1722 2396 tom.
1758 2340 1850 2410 IV,

190 2440 347 2509 part.
380 2453 420 2502 I,
454 2432 565 2489 col.
596 2433 751 2500 743.)

263 2523 480 2581 Debita
519 2519 785 2578 redditur
832 2537 1004 2592 poena
1060 2521 1360 2587 damnato,
1405 2525 1540 2588 etc.,
1586 2536 1757 2593 usque
1785 2521 1856 2576 ad

190 2613 360 2672 aliud
403 2614 465 2667 in
515 2609 954 2668 contumeliam.
1006 2610 1088 2681 (S.
1145 2611 1316 2683 Aug.,
1374 2613 1532 2682 epist.
1591 2611 1662 2666 ad
1708 2611 1851 2666 Simt.

186 2706 400 2777 presb.,
435 2707 576 2757 tom.
611 2701 685 2767 II,
717 2699 827 2755 col.
861 2701 967 2755 875
994 2703 1052 2755 et
1081 2716 1204 2771 seq.

265 2793 330 2848 Si
363 2795 564 2848 autem
596 2789 796 2845 volens
826 2789 980 2844 Deus
1011 2789 1315 2844 ostendere
1335 2788 1505 2856 iram,
1539 2793 1857 2861 etc.,usque

188 2883 354 2941 videt
385 2878 680 2952 supplicia
709 2885 1100 2950 peccatorum.
1136 2879 1216 2950 (S.
1250 2879 1422 2950 Aug.,
1455 2879 1629 2933 lib.ad
1657 2879 1852 2950 Simpl.

190 2974 396 3045 episc.,
419 2975 564 3025 tom.
595 2967 692 3035 VI,
727 2967 834 3022 col.
867 2967 1016 3035 423.)

267 3062 388 3117 Dat
419 3058 637 3131 quibus
667 3056 810 3124 vult,
843 3061 975 3124 etc.,
1009 3073 1182 3129 usque
1233 3056 1303 3112 ad
1340 3056 1544 3112 fraude
1582 3057 1853 3112 donatur.

192 3152 279 3223 (S.
311 3151 488 3221 Aug.,
523 3147 620 3202 lib.
654 3145 720 3201 de
747 3146 894 3201 Dono
923 3162 1154 3217 persev.,
1186 3149 1330 3201 tom.
1367 3145 1432 3211 Χ,
1465 3150 1614 3217 part.
1649 3163 1711 3212 ιι,
1743 3144 1854 3211 col,

195 3240 302 3295 109
325 3241 388 3294 et
419 3236 567 3308 seq.)

1963 2075 2072 2131 col.
2104 2079 2292 2146 2000.)

2034 2165 2271 2230 Omnes,
2305 2167 2517 2239 inquit,
2551 2175 2936 2241 peccaverunt
2967 2175 3024 2227 et
3053 2175 3225 2244 egent
3271 2172 3456 2244 gloria
3485 2173 3610 2240 Dei,

1963 2257 2028 2308 ut
2059 2255 2156 2326 qui
2189 2255 2541 2312 crediderint
2571 2257 2629 2312 in
2661 2275 2796 2314 eum
2830 2276 2947 2315 non
2971 2260 3404 2316 confundantur
3435 2262 3608 2333 (Rom.

1965 2358 2049 2411 ιιι,
2082 2347 2180 2413 1x).
2215 2345 2379 2400 Sicut
2407 2350 2464 2401 et
2509 2347 2778 2404 Psalmus
2821 2349 2995 2405 dicit:
3028 2350 3269 2406 Accedite
3311 2350 3380 2406 ad
3408 2367 3534 2406 eum
3560 2359 3613 2406 et

1964 2433 2446 2504 illuminamini,et
2471 2437 2655 2493 vultus
2685 2440 2853 2494 vestri
2874 2454 2984 2494 non
3004 2437 3409 2510 confundentur
3439 2439 3608 2511 (Psal.

1962 2527 2179 2590 XXXIII).
2215 2524 2322 2590 Qui
2346 2541 2482 2597 ergo
2512 2525 2574 2580 in
2620 2543 2683 2582 se
2729 2525 3015 2598 gloriatur
3044 2527 3450 2583 confundetur.
3484 2527 3610 2584 Non

1965 2610 2122 2665 enim
2147 2611 2274 2667 sine
2303 2614 2561 2684 peccatis
2592 2613 2940 2671 invenietur.
2973 2615 3076 2671 Ille
3125 2615 3322 2688 itaque
3350 2619 3612 2670 tantum-

1965 2701 2137 2756 modo
2165 2718 2282 2756 non
2313 2703 2706 2759 confundetur
2737 2703 2835 2777 qui
2866 2704 2924 2760 in
2957 2704 3202 2760 Domino
3234 2703 3537 2777 gloriatur.

2036 2790 2381 2862 Quicunque
2419 2791 2586 2848 illum
2619 2794 2733 2848 ﬁde
2783 2797 3142 2867 exspectant,
3177 2797 3310 2860 etc.,
3343 2809 3514 2867 usque
3542 2794 3613 2850 ad

1965 2893 2100 2932 cum
2142 2879 2381 2935 venerit.
2433 2881 2564 2952 (Id.,
2614 2898 2776 2938 serm.
2838 2884 2899 2937 in
2954 2885 3112 2954 epist.
3144 2887 3308 2941 Joan.
3357 2900 3434 2952 ιν,
3464 2886 3608 2938 tom.

1965 2971 2065 3034 III,
2100 2972 2250 3039 part.
2285 2986 2346 3037 ιι,
2381 2969 2468 3024 col
2497 2971 2684 3042 2006.)

2039 3062 2256 3113 Fratres
2288 3057 2429 3114 bona
2455 3061 2732 3128 voluntas,
2762 3065 2895 3130 etc.,
2930 3077 3117 3134 usque
3161 3062 3233 3117 ad
3281 3063 3344 3134 ﬁt
3368 3078 3468 3135 pro
3499 3061 3616 3118 illis

1967 3148 2028 3201 in
2057 3147 2310 3203 salutem.
2346 3148 2493 3211 Quid
2530 3165 2668 3222 ergo
2711 3166 2948 3206 oramus
2986 3168 3090 3222 pro
3137 3149 3475 3207 nolentibus
3502 3166 3620 3207 cre-

1966 3234 2122 3301 dere,
2156 3239 2290 3300 etc.,
2324 3252 2493 3308 usque
2522 3238 2594 3292 ad
2619 3238 2765 3293 fides
2796 3238 2926 3310 ipsa
2955 3239 3225 3294 donetur.
3263 3239 3391 3312 (Id.,
3413 3239 3514 3294 lib.
3553 3238 3619 3295 de

265 3307 509 3384 Etenim
527 3307 705 3381 etiam
738 3323 881 3379 illud
915 3323 1027 3378 dici
1061 3327 1287 3396 potest:
1323 3341 1426 3378 cur
1453 3322 1855 3391 omnino,etc.,
1889 3307 1934 3373 Ο
1970 3322 2158 3379 Praed.
2190 3307 2566 3388 sanct.,rtom.
2599 3327 2663 3393 X,
2697 3307 2844 3400 part.
2875 3346 2913 3396 ι,
2951 3327 3057 3383 col.
3092 3328 3241 3396 972.)

194 3433 375 3490 usque
395 3415 466 3471 ad
495 3414 555 3469 in
588 3413 836 3470 Domino
867 3412 1433 3486 glorietur.(S.Aug.,
1459 3413 1556 3468 lib.
1578 3412 1648 3467 ad
1672 3413 1856 3487 Bonif.

192 3523 406 3580 papam
439 3505 619 3574 Urbis,
642 3509 784 3558 tom.
819 3502 884 3570 X,
920 3505 1069 3574 part.
1104 3520 1142 3570 1,
1179 3501 1288 3557 col.
1319 3501 1426 3556 619
1456 3505 1512 3556 et
1541 3503 1690 3573 seq.)

2039 3410 2325 3468 Voluntas
2357 3417 2424 3469 ut
2481 3415 2552 3469 ad
2601 3431 2736 3471 vera
2789 3416 3077 3472 credenda
3119 3418 3444 3482 moventur,
3478 3419 3614 3488 etc.,

1967 3517 2136 3573 usque
2165 3502 2236 3557 ad
2265 3502 2324 3557 in
2357 3502 2629 3560 salutem.
2659 3506 2791 3574 (Id.,
2827 3505 2921 3561 lib.
2955 3506 3036 3562 ad
3074 3506 3297 3561 Paulin.
3343 3505 3619 3560 Nolanum

273 3597 422 3664 Quos
452 3602 504 3650 et
532 3595 744 3649 vocavit
772 3608 891 3660 nos,
924 3595 1058 3661 etc.,
1092 3607 1280 3663 usque
1322 3591 1394 3646 ad
1428 3591 1863 3647 misericordiam
1969 3592 2158 3662 episc.,
2189 3596 2330 3647 tom.
2363 3597 2438 3659 II,
2467 3593 2574 3648 col.
2618 3595 2762 3663 181.)

199 3691 551 3742 consecutam
582 3682 653 3754 (II
680 3681 806 3736 Cor.
860 3681 939 3752 Χ).
993 3679 1120 3735 Una
1174 3684 1265 3736 est
1319 3679 1472 3735 enim
1532 3696 1601 3734 ex
1650 3680 1859 3747 Adam,

2046 3682 2430 3737 Testimonium
2455 3683 2730 3754 perhibeo,
2765 3688 3075 3757 etc.,usque
3096 3683 3166 3740 ad
3185 3700 3293 3739 non
3318 3682 3618 3739 secundum

199 3790 424 3841 massa,
459 3775 595 3837 etc.,
626 3787 798 3842 usque
847 3770 918 3824 ad
966 3768 1462 3840 conspersionem.
1498 3768 1630 3839 (Id.,
1661 3769 1762 3824 lib.
1793 3767 1864 3822 ad
1969 3771 2281 3826 scientiam.
2317 3771 2536 3839 Zelum,
2571 3772 2784 3844 inquit,
2813 3773 2910 3830 Dei
2943 3773 3181 3842 habent,
3215 3777 3324 3829 etc.
3348 3789 3519 3846 usque
3547 3771 3618 3828 ad

198 3865 380 3936 Simp.
411 3863 605 3933 episc.,
630 3862 774 3915 tom.
806 3858 903 3924 VI,
931 3857 1040 3914 col.
1074 3857 1221 3928 124.)

271 3955 354 4009 Et
380 3951 490 4006 erit
520 3951 579 4005 in
611 3949 743 4015 loco,
776 3952 910 4016 etc.,
941 3963 1130 4018 usque
1163 3946 1235 4001 ad
1264 3947 1604 4001 vocabuntur
1621 3946 1730 4016 ﬁlii
1760 3947 1868 4001 Dei

198 4043 337 4099 vivi.
375 4039 493 4095 Hoc
522 4037 926 4094 testimonium
971 4035 1378 4108 propheticum
1426 4035 1497 4090 de
1542 4035 1864 4103 vocatione,

201 4136 344 4196 etc.,
377 4143 552 4199 usque
581 4125 651 4181 ad
681 4129 1078 4198 agnoscantur
1107 4140 1140 4178 a
1168 4128 1346 4179 terra.
1381 4123 1512 4191 (Id.,
1540 4123 1634 4177 lib.
1668 4123 1732 4179 de
1749 4123 1862 4178 Civ.

204 4224 324 4286 Dei,
360 4235 522 4284 xvm,
554 4221 697 4273 tom.
729 4216 850 4283 VII,
883 4214 991 4270 col.
1023 4215 1176 4286 58a.)

278 4309 460 4366 Isaias
481 4315 661 4363 vutem
688 4306 909 4372 clamat,
950 4307 1085 4369 etc.,
1136 4318 1325 4374 usque
1375 4303 1446 4358 ad
1494 4303 1659 4374 faciet
1687 4304 1870 4358 Domi-

206 4417 313 4456 nus
344 4414 511 4470 super
539 4404 760 4452 terram.
794 4395 997 4466 Neque
1043 4393 1196 4449 enim
1247 4391 1386 4464 quia
1417 4391 1582 4446 fracti
1616 4394 1756 4446 sunt
1781 4390 1868 4445 in-

210 4487 442 4554 ﬁdeles,
478 4490 613 4553 etc.,
663 4500 833 4557 usque
873 4483 944 4539 ad
992 4482 1162 4538 salvae
1220 4483 1379 4536 ﬁent.
1431 4481 1560 4550 (1d,,
1605 4481 1705 4536 lib.
1746 4480 1867 4536 adv.

209 4578 463 4641 Iudaeos,
496 4579 640 4630 tom.
672 4573 822 4640 VIII,
857 4571 968 4628 col.
996 4572 1146 4640 557.)

1973 3875 2090 3914 non
2123 3863 2264 3915 sunt
2293 3859 2559 3930 subjecti.
2621 3861 2752 3933 (Id.,
2802 3879 2965 3918 serm.
3011 3861 3100 3928 43,
3141 3861 3206 3918 de
3255 3879 3368 3919 ver.
3423 3877 3616 3933 evang.

1973 3951 2115 4003 tom.
2147 3947 2216 4016 V,
2250 3953 2398 4020 part.
2432 3966 2494 4020 ιι,
2528 3949 2636 4005 col.
2668 3951 2822 4019 734.)

2045 4037 2457 4108 Apostolorum
2491 4039 2824 4095 audivimus
2868 4041 3134 4096 eamdem
3183 4039 3454 4112 gratiam,
3487 4043 3620 4107 etc.,

1975 4141 2144 4197 usque
2173 4126 2248 4180 ud
2276 4127 2446 4198 quasi
2503 4143 2618 4182 non
2669 4128 2979 4200 acceperis.
3033 4129 3162 4200 (Id.,
3214 4130 3272 4183 in
3319 4129 3464 4200 psal.
3497 4145 3625 4194 Lxx,

1976 4219 2122 4271 tom.
2150 4215 2244 4282 ιν,
2281 4220 2430 4288 part.
2454 4234 2494 4284 ι,
2529 4217 2812 4291 001.874.)

2047 4304 2288 4360 Justitia
2319 4305 2420 4360 Dei
2453 4309 2560 4373 est,
2594 4310 2727 4372 etc.,
2756 4323 2926 4378 usque
2946 4308 3016 4363 ad
3046 4324 3159 4363 non
3192 4310 3334 4363 sunt
3355 4306 3628 4378 subjecti.

1979 4393 2112 4465 (Id.,
2148 4395 2207 4448 in
2233 4396 2374 4465 psal.
2410 4411 2578 4461 CXLII,
2612 4398 2755 4448 tom.
2791 4395 2886 4462 IV,
2922 4399 3073 4467 part.
3106 4412 3163 4463 ιι,
3198 4394 3306 4451 col.
3340 4393 3525 4467 4848.)

2051 4485 2365 4551 Ignorantes
2391 4484 2538 4538 enim
2568 4484 2665 4538 Dei
2681 4485 2982 4554 justitiam,
3025 4487 3157 4551 etc.,
3210 4501 3400 4556 usque
3451 4484 3522 4539 ad
3541 4483 3634 4556 ju-

1979 4573 2149 4628 stitia:
2178 4573 2276 4627 Dei
2305 4587 2413 4627 non
2455 4580 2586 4627 sunt
2619 4573 2866 4643 subjecti.
2918 4573 3144 4628 Dicitur
3199 4573 3444 4645 spiritus
3499 4571 3632 4628 Elite

280 4666 370 4722 Ad
404 4662 871 4720 misericordiam
903 4661 1118 4733 quippe
1164 4659 1502 4732 gratuitam,
1538 4662 1673 4727 etc.,
1705 4674 1875 4730 usque
1903 4677 1951 4742 D
1982 4661 2081 4733 qui
2111 4665 2199 4716 est
2230 4661 2474 4733 spiritus
2505 4661 2808 4732 Dei,cujus
2828 4663 3124 4736 particeps
3146 4663 3334 4719 factus
3349 4662 3508 4719 Elias
3529 4661 3633 4719 illa

211 4757 282 4812 ad
311 4773 384 4812 ex
414 4753 712 4827 gentibus.
749 4751 879 4822 (Id.,
915 4751 1011 4806 lib.
1063 4756 1252 4805 contra
1295 4749 1605 4816 lulianum,
1640 4751 1783 4803 tom.
1807 4749 1869 4814 Χ,

211 4849 367 4918 part.
401 4861 441 4911 I,
477 4841 588 4899 col.
623 4841 772 4913 871.)

288 4935 530 5005 Propter
562 4930 718 5003 quod
751 4929 949 5002 posuit
994 4926 1396 4984 testimonium
1436 4926 1508 4980 de
1537 4925 1703 4992 Osee,
1737 4929 1869 4993 etc.,

211 5041 387 5095 usque
415 5021 487 5076 ad
515 5019 857 5076 testimonio
916 5016 1183 5088 sequenti
1245 5016 1433 5071 docet.
1488 5014 1770 5091 (Id.,tib.
1804 5015 1874 5071 ad

216 5111 468 5182 Simplic.
501 5110 690 5181 episc.,
723 5111 867 5161 tom.
898 5104 994 5174 VI,
1029 5104 1142 5160 col.
1193 5105 1340 5171 124.)

289 5203 356 5256 Et
374 5201 523 5256 sicut
545 5195 818 5270 praedixit
849 5197 1041 5262 Isaias,
1091 5198 1226 5260 etc.,
1279 5208 1468 5265 usque
1526 5193 1597 5248 ad
1641 5200 1692 5248 et
1733 5195 1875 5249 sicut

221 5289 524 5347 Gomorrha
543 5287 755 5343 similes
781 5286 1095 5357 fuissemus.
1136 5281 1355 5338 Deinde
1386 5281 1642 5338 ostendit
1672 5287 1875 5354 gentes

225 5395 291 5435 ex
319 5379 456 5444 fide,
489 5380 624 5446 etc.,
659 5391 827 5446 usque
861 5373 932 5430 ad
970 5373 1236 5444 sequitur
1291 5375 1348 5427 et
1393 5370 1554 5426 dicit.
1610 5372 1739 5442 (Id.,
1775 5374 1872 5428 lib.

225 5476 418 5524 contra
447 5467 756 5530 lulianum,
789 5467 933 5532 tom,
965 5467 1036 5531 X,
1069 5465 1219 5534 part.
1254 5479 1293 5528 ι,
1328 5460 1435 5516 col.
1475 5461 1626 5532 792.)

292 5563 516 5614 Fratres
545 5555 784 5626 quidem,
833 5557 966 5620 etc.,
1017 5567 1188 5624 usque
1237 5550 1306 5605 ad
1356 5551 1654 5607 secundum
1698 5554 1877 5608 scien-

227 5647 380 5713 tiam,
414 5643 615 5699 etc.Ex
645 5657 895 5714 persona
923 5639 1081 5696 enim
1113 5655 1314 5694 eorum
1339 5638 1436 5710 qui
1469 5638 1603 5694 inde
1629 5641 1882 5697 credide-

230 5739 389 5801 runt,
421 5737 558 5801 etc.,
587 5748 756 5804 usque
785 5731 856 5787 ad
898 5728 1292 5786 obedientium
1345 5727 1714 5800 populorum.
1749 5731 1878 5799 (Id.,

1982 4750 2208 4822 potuit:
2245 4750 2330 4806 sic
2361 4750 2577 4806 dicitur
2607 4755 2663 4806 et
2694 4750 2797 4807 Dei
2830 4752 3066 4823 justitia
3113 4769 3240 4825 quae
3290 4755 3492 4808 nostra
3520 4755 3628 4819 est,

1983 4839 2084 4894 sed
2118 4839 2334 4895 donata
2363 4855 2396 4894 a
2424 4839 2560 4895 Deo.
2597 4840 2675 4896 De
2704 4856 2821 4913 qua
2866 4840 3114 4914 loquens
3165 4840 3501 4914 Apostolus.
3532 4841 3633 4897 Ju-

1984 4928 2139 4983 dzeos
2170 4944 2421 5000 arguens
2451 4929 2624 4984 dicit:
2659 4933 3002 5001 Ignorantes
3030 4929 3186 4984 enim
3212 4928 3312 4984 Dei
3335 4927 3632 5000 justitiam

1984 5021 2042 5072 et
2071 5033 2241 5072 suam
2269 5016 2528 5073 volentes
2561 5018 2938 5085 constituere,
2961 5017 3018 5073 id
3050 5021 3158 5088 est,
3191 5021 3476 5088 tanquam
3508 5033 3542 5071 a
3570 5030 3634 5072 se

1985 5107 2096 5162 sibi
2128 5110 2412 5178 paratam.
2447 5107 2659 5162 Contra
2688 5106 2892 5178 quales
2921 5105 3063 5162 dicit
3087 5123 3098 5161 :
3132 5106 3276 5176 Quid
3295 5107 3444 5161 enim
3471 5105 3635 5161 habes

1985 5195 2124 5267 quod
2151 5211 2263 5251 non
2291 5197 2547 5266 accepisti
2577 5198 2627 5264 (Ι
2668 5197 2788 5252 Cor.
2839 5196 2958 5266 1v)?
2994 5197 3314 5264 lgnbrantes
3361 5197 3510 5250 enim
3539 5195 3638 5250 Dei

1973 5286 2256 5356 justitiam
2274 5292 2326 5340 et
2350 5301 2508 5340 suam
2536 5285 2769 5340 volentes
2792 5285 3136 5349 constituere,
3145 5284 3384 5356 justitia?
3400 5285 3497 5340 Dei
3523 5298 3638 5340 non

1984 5379 2114 5428 sunt
2145 5373 2373 5444 subjecti
2402 5374 2574 5442 (Rom.
2607 5372 2683 5442 Χ).
2711 5376 2787 5426 De
2817 5371 3035 5426 Judaeis
3065 5371 3175 5427 hoc
3222 5371 3388 5439 dixit,
3439 5371 3537 5444 qui
3565 5372 3638 5427 de

1988 5480 2048 5518 se
2081 5465 2502 5534 praesumentes
2524 5461 2768 5534 gratiam
2785 5459 3228 5532 repellebant,et
3247 5460 3306 5516 in
3333 5460 3630 5517 Christum

1989 5556 2295 5624 propterea
2327 5568 2440 5606 non
2473 5550 2992 5606 credebant.Suam
3019 5567 3148 5606 vero
3172 5536 3472 5622 justitiam
3497 5551 3638 5607 dicit

1990 5659 2088 5697 eos
2121 5640 2380 5696 volentes
2411 5640 2784 5706 constituere,
2837 5657 2963 5712 quis
3007 5639 3241 5711 justitia
3288 5643 3377 5696 est
3421 5639 3638 5715 exlege

1994 5747 2106 5786 non
2141 5729 2279 5801 quia
2311 5729 2400 5784 lex
2431 5729 2502 5784 ab
2534 5728 2679 5801 ipsis
2701 5734 2790 5786 est
2818 5729 3263 5799 constituta,sed
3292 5729 3352 5785 in
3376 5728 3502 5804 lege
3515 5748 3640 5804 quae
