4100 6438
460 417 578 482 307

1664 404 1896 469 FLORI
1939 402 2255 465 DIACONI
2301 398 2679 464 MONACHI.

3765 390 3898 454 308

464 569 534 610 ex
561 552 677 608 Deo
706 552 797 608 est
838 564 1008 607 suam
1050 545 1350 621 justitiam
1399 542 1827 599 constituerant
1876 538 2112 611 quando
2143 543 2200 609 Α
2229 536 2295 591 fit
2327 536 2400 591 ad
2431 533 2703 591 salutem.
2737 532 2868 604 (Id.,
2905 532 3003 587 lib.
3040 546 3080 586 11
3130 528 3196 585 de
3232 529 3514 600 Trinitate,
3547 529 3691 584 tom.
3726 526 3896 595 VIII,

466 641 733 700 eamdem
762 639 954 714 legem
982 638 1110 696 suis
1139 636 1362 692 viribus
1390 650 1451 688 se
1499 631 1743 703 implere
1788 644 1963 702 posse
1993 644 2125 683 cre-

466 732 702 789 debant.
735 731 1084 803 Ignorantes
1115 725 1216 782 Dei
1257 721 1555 796 justitiam
1599 736 1716 775 non
1747 735 1865 791 qua
1886 715 2126 789 justitia

467 820 625 878 Deus
647 820 852 891 justus
883 817 1099 884 est,sed
1125 831 1253 887 quae
1271 810 1507 885 justitia
1535 813 1624 866 est
1643 807 1870 864 homini
1893 824 1964 862 ex
1984 806 2122 861 Deo.

544 911 680 978 Quae
713 908 790 965 sit
820 911 1015 963 autem
1041 902 1278 979 justitia
1322 900 1443 969 Dei,
1475 902 1610 967 etc.,
1643 912 1815 969 usque
1870 895 1942 951 ad
1987 911 2123 951 san-

475 999 672 1074 guinis
702 996 940 1054 Christi.
973 995 1105 1065 (Id.,
1158 992 1254 1047 lib.
1304 989 1369 1046 de
1416 990 1540 1045 Nat.
1591 995 1644 1044 et
1695 985 1847 1052 Gra.,
1879 988 2024 1041 tom.
2058 984 2123 1053 X,

474 1092 627 1163 part.
660 1104 698 1156 1,
733 1085 842 1142 col.
865 1086 972 1140 247
1002 1087 1059 1139 et
1090 1083 1237 1154 seq.)

549 1174 823 1233 Carnales
852 1171 1148 1239 Israelita},
1180 1174 1423 1226 terrenae
1453 1164 1780 1223 Jerusalem
1813 1163 2126 1230 cives,etc.,

474 1282 643 1341 usque
670 1265 740 1321 ad
768 1262 997 1338 placere
1029 1278 1090 1318 se
1120 1260 1257 1317 Deo.
1293 1258 1426 1331 (Id.,
1458 1258 1556 1313 lib.
1584 1255 1651 1311 de
1680 1254 1796 1312 Civ.
1841 1254 1958 1321 Dei,
1989 1268 2127 1323 xvn,

473 1360 615 1413 tom.
647 1354 772 1423 VII,
808 1352 918 1409 col.
951 1353 1059 1407 528
1090 1353 1148 1406 et
1178 1347 1325 1422 seq.)

544 1444 705 1501 Beati
737 1440 839 1515 qui
870 1440 1139 1498 esuriunt
1167 1442 1225 1495 et
1254 1435 1465 1494 sitiunt
1496 1433 1816 1508 justitiam,
1849 1429 2130 1505 quoniam

474 1534 588 1608 ipsi
619 1532 1065 1596 saturabuntur,
1099 1532 1231 1593 etc.,
1262 1542 1436 1599 usque
1465 1524 1536 1580 ad
1569 1523 1671 1596 qui
1700 1523 1872 1578 datus
1912 1523 2002 1577 est
2026 1536 2130 1575 no-

475 1623 589 1681 bis.
621 1622 755 1694 (Id.,
789 1628 949 1677 tract.
981 1620 1053 1674 23
1080 1620 1140 1673 in
1186 1618 1395 1685 Evang.
1448 1630 1552 1670 sec.
1609 1617 1799 1680 Joan.,
1850 1614 1994 1666 tom.
2027 1612 2129 1677 III,

477 1716 632 1787 part.
666 1729 729 1780 11,
765 1709 876 1766 col.
909 1709 1050 1765 1606
1077 1712 1134 1763 et
1164 1705 1311 1779 seq.)

552 1802 656 1857 Est
684 1799 841 1856 enim
863 1796 1102 1871 justitia
1131 1795 1255 1863 Dei,
1288 1811 1416 1867 qua:
1446 1796 1503 1849 et
1530 1795 1730 1848 nostra
1760 1791 1847 1861 ﬁt,
1880 1793 2014 1858 etc.,
2033 1804 2133 1844 us-

2235 623 2345 681 col.
2379 624 2528 696 864.)

2306 715 2529 770 Intrare
2559 713 2876 786 quisquam
2907 708 3224 766 Ecelesiam
3264 711 3460 782 potest
3490 706 3716 774 nolens,
3749 711 3897 764 etc..

2238 802 2506 876 usquead
2554 801 2814 873 loqueris
2861 816 2978 855 non
3036 797 3355 855 confiteris.
3415 797 3549 870 (Id.,
3613 804 3775 873 tract.
3832 797 3901 852 in

2235 910 2428 961 evang.
2458 908 2561 948 sec.
2593 895 2781 958 Joan.,
2816 889 3227 961 tom.lIl,part.
3262 885 3439 954 11,001.
3477 887 3615 943 1577
3642 889 3701 942 61
3732 891 3896 959 seq.)

2308 981 2505 1053 Incipe
2536 980 2873 1053 quicunque
2903 994 2997 1034 me
3025 975 3195 1032 audis
3222 976 3411 1032 vivere
3428 976 3897 1049 quomodo,etc.,

2236 1087 2404 1143 usque
2425 1070 2495 1126 ad
2523 1069 2850 1126 erubescat.
2881 1068 3012 1137 (Id.,
3059 1073 3215 1122 tract.
3269 1066 3332 1122 in
3380 1066 3526 1138 psal.
3576 1083 3707 1133 xxx,
3741 1071 3896 1123 tom.

2237 1160 2333 1227 IV,
2367 1163 2517 1232 part.
2557 1177 2593 1226 ι,
2626 1157 2735 1214 601.
2768 1157 2923 1230 252.)

2308 1249 2454 1305 Cum
2486 1248 2711 1304 dictum
2740 1250 2915 1315 esset,
2949 1246 3130 1303 Corde
3161 1244 3437 1314 creditur,
3469 1248 3792 1318 etc.,usquc
3820 1246 3901 1302 ad

2238 1337 2443 1396 dolum
2473 1339 2533 1393 in
2556 1337 2759 1411 lingua
2788 1354 2915 1393 sua.
2949 1337 3085 1407 (Id.,
3118 1336 3215 1392 lib.
3269 1335 3471 1393 Contra
3513 1335 3895 1404 mendacium,

2238 1433 2384 1485 tom.
2415 1428 2517 1497 VI,
2547 1426 2659 1483 col.
2690 1427 2799 1483 526
2828 1430 2886 1483 et
2914 1427 3067 1499 seq.)

2312 1517 2495 1575 Corde
2523 1516 2780 1574 creditur
2820 1517 2893 1573 ad
2915 1515 3234 1588 justitiam,
3266 1532 3365 1572 ore
3413 1514 3725 1583 confessio,
3752 1519 3893 1586 etc.,

2238 1624 2411 1681 usque
2439 1607 2648 1663 adnon
2698 1606 2855 1661 unde
2896 1604 3032 1662 fecit
3079 1621 3194 1661 me.
3219 1605 3353 1675 (Id.,
3402 1621 3568 1662 serm.
3620 1604 3688 1662 de
3732 1622 3894 1663 conv.

2240 1704 2410 1771 apost.
2442 1698 2632 1764 Paul.,
2667 1700 2809 1751 tom.
2839 1694 2906 1765 V,
2939 1700 3090 1768 part.
3124 1712 3163 1763 1,
3202 1692 3310 1751 col.
3347 1696 3485 1750 1278
3514 1698 3572 1750 et
3599 1695 3749 1769 seq.)

2313 1786 2612 1859 Scriptum
2642 1790 2752 1853 est,
2782 1789 2839 1841 et
2866 1784 3198 1858 apostolicae
3226 1783 3898 1859 disciplinas,etc.,usque

481 1906 587 1966 que
615 1890 685 1946 ad
713 1887 872 1971 omni
905 1885 1182 1942 credenti.
1218 1884 1350 1957 (Id.,
1382 1886 1445 1939 in
1489 1882 1629 1955 psal.
1679 1897 1810 1948 xxx,
1859 1883 2002 1935 tom.
2035 1876 2131 1947 IV,
2169 1922 2213 1988 Β
2242 1877 2313 1933 ad
2341 1876 2513 1988 corde
2541 1879 2863 1988 gestamus.
2897 1875 3052 1988 (diu
3088 1890 3253 1932 serm.
3308 1875 3333 1930 1
3387 1875 3452 1931 de
3498 1874 3756 1947 Symbolo
3787 1880 3897 1933 Ro-

483 1983 637 2053 part.
672 1996 712 2050 1,
745 1977 854 2033 col.
886 1975 1038 2048 233.)

555 2065 924 2124 Discernitur
952 2063 1190 2137 quidem
1221 2062 1293 2118 ab
1321 2061 1595 2134 operibus
1627 2059 1794 2127 fides,
1828 2062 2137 2129 etc..usque

485 2156 556 2214 ad
584 2153 958 2230 permanebis
988 2153 1048 2209 in
1098 2150 1307 2226 patria.
1362 2150 1490 2225 (Id.,
1541 2157 1701 2206 tract.
1733 2149 1882 2204 verb.
1927 2147 2136 2218 Apost.,

484 2250 630 2303 tom.
660 2244 729 2314 V,
764 2248 914 2317 part.
949 2261 989 2312 1,
1022 2241 1132 2299 col.
1164 2243 1271 2297 852
1300 2244 1358 2296 et
1382 2240 1530 2312 seq.)

559 2334 722 2392 Finis
750 2332 908 2391 enim
939 2331 1089 2405 legis
1105 2330 1374 2387 Christus
1403 2329 1475 2384 ad
1499 2326 2139 2399 justitiam,etc.,usque

488 2424 705 2498 adipse
736 2423 870 2479 ﬁnis
899 2422 1133 2478 dicitur.
1170 2420 1305 2491 (Id.,
1356 2420 1415 2474 in
1466 2418 1611 2490 psal.
1672 2433 1794 2483 xm,
1847 2420 1990 2471 tom.
2039 2413 2139 2481 IV,

489 2517 642 2588 part.
678 2530 718 2579 1,
749 2512 857 2568 col.
892 2511 1043 2579 141.)

563 2600 725 2657 Finis
750 2601 907 2656 enim
935 2598 1083 2672 legis
1111 2597 1380 2653 Christus
1408 2596 1479 2652 ad
1503 2594 2143 2667 justitiam,etc.,usque

490 2691 561 2747 ad
590 2688 779 2746 nostri
809 2688 946 2744 ﬁnis
975 2686 1212 2743 dicitur.
1245 2686 1380 2755 (Id.,
1414 2686 1472 2740 in
1517 2685 1661 2757 psal.
1712 2701 1840 2750 XLV,
1873 2686 2015 2739 tom.
2043 2684 2140 2750 IV,

491 2783 644 2854 part.
668 2796 707 2848 1,
738 2777 845 2833 601.
879 2778 985 2832 514
1015 2781 1072 2832 61
1097 2775 1243 2847 seq.)

564 2866 726 2926 Finis
753 2866 909 2923 enim
942 2864 1090 2938 legis
1122 2864 1390 2920 Christus
1416 2868 1505 2920 est
1554 2864 1625 2919 ad
1658 2862 1953 2935 justitiam
1984 2860 2143 2917 omni

492 2957 771 3015 credenti.
822 2955 1072 3011 Intentio
1127 2954 1285 3010 enim
1345 2952 1639 3026 dirigitur,
1697 2956 1831 3017 etc.,
1889 2950 2147 3023 usquead

496 3062 671 3104 nemo
701 3044 929 3118 perﬁcit
956 3042 1171 3117 legem.
1212 3042 1409 3116 (Id.,in
1432 3043 1693 3114 psal.le,
1718 3046 1859 3097 tom.
1893 3039 2143 3112 lV,part.

504 3151 547 3205 ι,
576 3134 686 3191 601.
718 3136 825 3189 628
854 3137 911 3189 et
941 3134 1089 3201 662.)
2055 3194 2065 3202 _

571 3223 815 3280 Initium
844 3226 935 3279 est
961 3221 1142 3278 Vetus
1171 3219 1779 3287 Testamentumﬁnis
1800 3217 2147 3288 Novum,Ti-

2244 1984 2421 2033 mam,
2452 1969 2595 2021 tom.
2629 1963 2722 2032 VI,
2760 1963 2870 2020 601.
2906 1964 3053 2031 181.)

2314 2056 2590 2119 Quaerens
2619 2071 2653 2109 a
2681 2053 2797 2109 Deo
2829 2069 3054 2126 pacem,
3086 2057 3221 2123 etc.,
3259 2069 3430 2127 usque
3456 2052 3529 2109 ad
3575 2052 3897 2127 loquenda.

2245 2144 2377 2214 (Id.,
2413 2144 2509 2200 lib.
2546 2162 2582 2200 ιι
2612 2143 2760 2199 Sent.
2808 2143 3083 2216 Prosperi,
3146 2146 3288 2199 tom.
3350 2130 3414 2211 Χ,
3475 2147 3624 2216 part.
3688 2160 3750 2210 ιι,
3783 2143 3898 2200 601.

2319 2326 2468 2381 Dicit
2493 2325 2643 2380 enim
2670 2325 2964 2395 scriptura,
2996 2326 3130 2391 etc.,
3164 2338 3352 2396 usque
3382 2323 3455 2380 ad
3486 2325 3797 2397 quicunque
3819 2324 3903 2380 in;

2247 2415 2518 2470 vocaverit
2544 2430 2737 2469 nomen
2769 2413 2991 2468 Domini
3017 2414 3203 2469 salvus
3232 2414 3357 2469 erit.
3387 2413 3533 2480 Quia
3560 2414 3633 2470 de
3664 2417 3901 2487 peccato

2249 2503 2407 2577 gravi
2441 2501 2681 2559 miseria
2723 2502 3101 2575 premebatur
3145 2519 3332 2576 genus
3379 2502 3729 2573 humanum,
3762 2507 3898 2571 etc.,

2248 2592 2517 2665 usquead
2560 2591 2784 2648 dictum
2827 2596 2933 2648 est.
2982 2592 3113 2665 (Id.,
3171 2593 3267 2647 lib.
3327 2593 3574 2662 Enchir.,
3621 2596 3763 2649 tom.
3823 2592 3903 2646 VI

2252 2681 2362 2738 col.
2394 2682 2549 2749 234.)

2323 2769 2603 2843 Quomodo
2631 2787 2755 2842 ergo
2780 2771 3125 2839 invocabant,
3160 2773 3498 2843 etc.,usque
3528 2771 3599 2827 ad
3629 2772 3904 2844 evangeli-

2251 2860 2507 2915 zantium
2537 2860 2696 2915 bona.
2727 2859 3083 2933 Degentibus
3115 2877 3371 2934 namque
3391 2859 3537 2916 dixit
3558 2877 3672 2916 non
3704 2861 3775 2917 de
3804 2860 3906 2918 Ju-

2255 2948 2414 3018 daeis,
2448 2956 2546 3004 etc.
2579 2964 2746 3020 usque
2764 2948 2835 3004 ad
2864 2966 2993 3005 esse
3041 2948 3378 3006 mittendos.
3411 2950 3545 3019 (Id.,
3582 2950 3680 3006 lib.
3705 2967 3745 3005 ιι
3776 2966 3905 3008 con-

2255 3045 2343 3095 tra
2366 3039 2661 3094 inimicum
2691 3039 2824 3107 legis
2853 3046 2905 3094 et
2928 3040 3175 3111 prophet.
3207 3043 3351 3095 to'm.
3385 3040 3539 3108 VIII,
3573 3038 3679 3095 col.
3716 3041 3870 3110 641.)

2327 3126 2429 3183 Sed
2455 3144 2568 3184 non
2597 3144 2781 3184 omnes
2801 3129 3078 3195 obediunt,
3109 3132 3240 3199 etc.,
3294 3144 3483 3202 usque
3530 3129 3603 3185 ad
3635 3132 3760 3186 anis
3789 3147 3904 3186 cre-

2257 3215 2400 3273 didit
2428 3218 2646 3274 auditui
2670 3225 2852 3275 nostro
2871 3221 2894 3274 ?
2912 3218 3160 3284 Quidam
3191 3218 3342 3274 inter
3369 3234 3432 3274 se
3462 3219 3906 3287 mussitant,etc.

500 3330 631 3371 mor
660 3312 817 3369 enim
850 3311 1120 3384 praevalet
1147 3311 1206 3366 iu
1235 3310 1384 3383 lege,
1416 3314 1473 3365 et
1495 3309 1729 3365 initium
1761 3307 2062 3381 sapientia;
2082 3307 2149 3363 ti-
2177 3295 2222 3363 C
2252 3322 2429 3379 usque
2456 3307 2527 3363 ad
2557 3323 2674 3363 non
2705 3310 2846 3364 sunt
2876 3308 3144 3380 subjecti.
3178 3308 3313 3381 (Id.,
3336 3316 3492 3365 tract.
3527 3309 3598 3365 53
3629 3310 3690 3365 in
3713 3326 3906 3382 evang.

501 3419 631 3460 mor
658 3400 910 3459 Domini.
927 3400 1083 3456 Finis
1095 3398 1449 3471 autemlegis
1465 3398 1734 3455 Christus
1755 3399 1827 3454 ad
1851 3396 2149 3471 justitiam

501 3492 662 3550 omni
692 3490 987 3547 credenti:
1022 3506 1138 3561 quo
1170 3490 1421 3544 donante
1447 3486 1797 3543 diffunditur
1816 3485 2149 3543 charitasin

500 3581 776 3639 cordibus
807 3577 1023 3635 nostris
1055 3594 1157 3650 per
1187 3577 1473 3650 Spiritum
1521 3581 1793 3632 sanetum
1842 3577 1943 3648 qui
1978 3578 2151 3632 datus

499 3673 590 3727 est
617 3668 803 3724 nobis.
839 3668 910 3722 Et
938 3669 1344 3722 consummata
1374 3665 1632 3720 charitas
1682 3665 1838 3720 foras
1869 3663 2045 3721 mittit
2076 3663 2149 3719 ti—

499 3773 724 3814 morem
733 3798 746 3811 .

572 3845 730 3902 Finis
760 3844 909 3917 legis
952 3842 1219 3900 Christus
1245 3846 1355 3908 est,
1386 3842 1447 3897 in
1469 3858 1607 3915 quo,
1638 3845 1772 3911 etc.,
1801 3859 1972 3916 usque
1999 3842 2069 3899 ad
2094 3847 2152 3899 et

497 3932 802 3992 charitatis
831 3932 1120 3989 extendat.
1148 3933 1279 4003 (Id.,
1312 3932 1410 3987 lib.
1441 3922 1590 3998 Sent,
1621 3933 2046 4003 Prosperi,tom.
2080 3933 2145 4001 X,

494 4026 645 4098 part.
681 4039 742 4089 11,
775 4021 884 4078 col.
920 4022 1101 4090 1875.)

565 4111 727 4169 Finis
759 4109 1018 4167 fidelium
1049 4109 1315 4167 Christus
1345 4114 1435 4166 est
1464 4112 1536 4166 ad
1564 4127 1739 4183 quem
1763 4126 1898 4166 cum
1925 4111 2150 4167 venerit

492 4200 783 4258 currentis
814 4200 1084 4271 intentio,
1118 4217 1233 4255 non
1264 4199 1440 4256 habet
1483 4200 1543 4254 in
1593 4200 1748 4273 quod
1800 4200 1988 4273 possit
2016 4217 2146 4256 am-

492 4289 649 4365 plius
680 4289 961 4357 invenire,
990 4290 1091 4345 sed
1125 4288 1301 4345 habet
1330 4288 1390 4344 in
1415 4305 1530 4360 quo
1552 4289 1757 4345 debeat
1782 4306 2143 4362 permanere.

565 4380 769 4451 Moyses
792 4381 942 4435 enim
985 4380 1223 4451 scripsit,
1284 4382 1418 4447 etc.,
1450 4395 1639 4451 usque
1697 4379 1770 4434 ad
1827 4380 1959 4451 quid
2014 4380 2148 4435 dicit

493 4468 804 4540 Scriptura.
852 4467 963 4523 Lex
1013 4472 1210 4523 autem
1257 4485 1374 4523 non
1420 4471 1510 4523 est
1556 4484 1625 4522 ex
1668 4467 1801 4537 ﬁde,
1852 4468 1975 4534 sed,
2010 4472 2145 4539 etc.,

495 4570 668 4628 usque
697 4554 766 4610 ad
793 4553 919 4611 sine
952 4555 1207 4627 querela.
1239 4556 1369 4628 (Id.,
1405 4558 1464 4611 in
1484 4572 1664 4628 expos.
1696 4558 1849 4629 epist.
1880 4557 2142 4614 adGalat.

497 4661 583 4713 ιιι,
606 4647 750 4700 1οιιι.
779 4647 880 4712 III,
917 4647 1067 4716 part.
1102 4662 1162 4711 ιι,
1196 4644 1304 4700 601.
1337 4645 1523 4717 2H9.)

568 4734 745 4805 Prope
772 4740 850 4789 est
895 4734 1120 4789 verbum
1168 4735 1228 4789 in
1282 4750 1373 4790 ore
1430 4743 1543 4801 tuo,
1600 4739 1735 4804 etc.,
1780 4752 1968 4807 usque
2017 4736 2150 4792 ada

496 4823 733 4879 mortuis
759 4822 946 4877 salvus
969 4824 1099 4878 eris.
1132 4822 1265 4879 Jam
1307 4839 1410 4879 vos
1454 4824 1660 4879 mundi
1714 4823 1858 4881 estis
1916 4829 2152 4897 propter

495 4912 764 4981 verbum,
798 4914 933 4981 etc.,
982 4928 1153 4985 usque
1194 4912 1264 4967 ad
1321 4911 1517 4969 salvus
1559 4911 1697 4970 eris.
1731 4913 1867 4984 (Id.,
1900 4921 2053 4971 tract.
2089 4916 2148 4970 in

495 5016 688 5073 evang.
719 5016 825 5057 sec.
847 5002 1029 5069 Joan.,
1061 5005 1205 5057 tom.
1232 5003 1332 5067 Ill,
1366 5005 1516 5074 part.
1552 5019 1613 5069 ιι,
1640 5001 1751 5069 601,
1787 5003 1971 5073 1840.)

568 5088 695 5145 Non
725 5089 885 5146 enim
916 5089 1045 5145 laus
1076 5089 1211 5146 ﬁdei
1240 5089 1703 5146 Christianorum
1734 5095 1824 5147 est
1851 5092 1991 5164 quia
2019 5109 2148 5149 cre-

497 5178 649 5235 dunt
678 5182 977 5236 mortuum
1006 5179 1324 5245 Christum,
1357 5180 1480 5248 sed,
1534 5183 1667 5247 etc.,
1706 5196 1877 5252 usque
1932 5181 2002 5237 ad
2031 5199 2146 5239 non

496 5266 736 5340 adjiciat
766 5272 830 5323 ut
860 5274 1146 5342 resurgat.
1179 5270 1314 5338 (Id.,
1344 5277 1501 5325 tract.
1534 5271 1594 5325 in
1618 5270 1863 5341 psal.cn,
1884 5274 2025 5328 tom.
2052 5271 2144 5341 IV,

495 5359 647 5431 part.
682 5373 744 5425 ιι,
779 5356 887 5413 col.
924 5359 1060 5413 1338
1090 5362 1147 5413 et
1177 5359 1325 5430 seq.)

566 5445 699 5502 Hec
728 5449 818 5501 est
847 5446 989 5503 fides
1013 5446 1501 5515 Christianorum,
1528 5451 1839 5521 etc.,usque
1868 5450 1937 5505 ad
1966 5450 2147 5523 loqui-

493 5536 593 5590 tur
620 5534 679 5589 in
710 5534 895 5591 vobis.
928 5536 1061 5610 (Id.,
1092 5544 1248 5592 tract.
1300 5538 1358 5591 in
1411 5537 1556 5608 psal.
1616 5553 1807 5608 cxvm,
1869 5543 2011 5595 tom.
2048 5540 2143 5611 IV,

497 5625 649 5695 part.
682 5640 746 5691 ιι,
780 5624 889 5680 601.
922 5625 1063 5682 1536
1092 5629 1149 5681 61
1178 5627 1328 5696 seq.)

570 5711 681 5768 Sed
710 5713 848 5769 dum
885 5714 1329 5788 peregrinamur
1355 5730 1388 5769 a
1420 5713 1686 5783 Domino,
1719 5720 1853 5785 etc.,
1878 5734 2047 5793 usque
2076 5723 2146 5777 ad

2258 3413 2362 3452 sec.
2394 3398 2576 3453 Joan..
2609 3399 2750 3452 tom.
2778 3396 2877 3465 111,
2911 3400 3061 3470 part.
3115 3414 3176 3466 ιι,
3237 3397 3347 3454 601.
3410 3391 3572 3469 1776,
3605 3415 3793 3472 usque
3832 3400 3903 3455 ad

2258 3484 2443 3555 4779.)

2329 3577 2487 3643 Ergo
2517 3576 2652 3645 ﬁnes
2681 3591 2750 3631 ea:
2777 3576 2970 3632 auditu
2994 3595 3013 3631 :
3041 3576 3265 3633 auditus
3313 3585 3498 3633 autem
3548 3594 3648 3650 per
3684 3579 3909 3635 verbum

2259 3665 2361 3719 Dei
2392 3662 2614 3719 Christi.
2660 3664 2934 3728 Quamvis
2982 3664 3140 3721 enim
3189 3664 3346 3722 Deus
3391 3666 3598 3722 doceat
3625 3665 3908 3722 intrinse-

2259 3768 2383 3820 cus,
2436 3756 2569 3821 ete.,
2622 3769 2792 3826 usque
2831 3753 2900 3809 ad
2956 3770 3147 3826 neque
3206 3754 3519 3828 rigandum
3582 3755 3716 3826 (Id.,
3748 3763 3902 3811 tract.

2259 3842 2321 3896 in
2346 3842 2486 3913 psal.
2521 3859 2709 3911 cxvm,
2742 3846 2885 3898 tom.
2921 3842 3014 3911 IV,
3048 3847 3198 3916 part.
3234 3860 3296 3912 ιι,
3330 3842 3438 3899 601.
3467 3844 3653 3914 1594.)

2332 3930 2502 3987 Fides
2532 3948 2707 4005 quam
2740 3932 2841 4005 qui
2873 3932 3112 3999 habent,
3155 3936 3290 3999 etc.,
3337 3950 3508 4006 usque
3552 3934 3623 3990 ad
3670 3950 3775 4006 per
3818 3933 3905 3989 di-

2255 4018 2589 4077 lectionem.
2628 4022 2709 4090 (S.
2768 4023 2941 4095 Aug.,
2975 4022 3073 4078 lib.
3132 4023 3196 4079 de
3259 4024 3509 4080 Trinitat.
3562 4027 3703 4080 tom.
3752 4023 3903 4092 VIII,

2257 4108 2366 4165 col.
2403 4110 2540 4165 1016
2569 4110 2585 4181 )

2327 4198 2430 4253 Sed
2458 4199 2596 4267 dico,
2630 4200 2882 4273 nunquid
2910 4218 3022 4256 non
3076 4200 3421 4257 audierunt?
3451 4204 3583 4271 etc.,
3619 4218 3805 4275 usque
3833 4203 3905 4258 ad

2255 4290 2495 4360 apparui
2523 4289 2610 4345 his
2640 4291 2739 4361 qui
2760 4307 2845 4345 me
2873 4306 2985 4346 non
3015 4292 3441 4360 interrogabant.
3476 4292 3599 4355 Quo
3639 4295 3805 4365 pacto
3834 4292 3907 4348 ab

2256 4377 2538 4451 apostolis
2568 4382 2656 4434 est
2677 4378 3011 4451 praedicatio
3033 4380 3484 4453 ista,etc.,usque
3503 4380 3574 4436 ad
3594 4380 3903 4437 crescendo

2253 4471 2565 4525 venturum
2596 4468 2965 4540 (Id.,epist.ad
2993 4469 3175 4525 Esich.
3207 4471 3545 4542 episc.,tom.
3577 4469 3651 4539 II,
3686 4468 3904 4525 601.924

2254 4561 2312 4613 61
2342 4557 2490 4629 seq.)

2178 4671 2225 4735 D
2325 4646 2403 4701 Ad
2434 4646 2608 4735 Israel
2638 4654 2839 4717 autem,
2874 4651 3006 4716 etc.,
3040 4663 3231 4720 usque
3278 4649 3350 4703 ad
3381 4657 3432 4705 et
3451 4648 3905 4705 contradicentem

2256 4737 2416 4791 mihi.
2452 4734 2511 4791 Si
2542 4735 2601 4790 in
2627 4751 2694 4791 eo
2724 4736 2881 4808 quod
2911 4736 3012 4806 ait,
3047 4736 3281 4793 extendi
3308 4754 3521 4795 manus
3554 4753 3735 4803 meas,
3769 4740 3902 4804 etc.,

2257 4841 2427 4897 usque
2456 4824 2527 4880 ad
2556 4824 3072 4882 contradicentem.
3100 4826 3458 4899 (Id.,tract.in
3487 4827 3628 4900 psal.
3663 4842 3904 4894 Lxxxvn,

2257 4917 2399 4970 tom.
2435 4914 2526 4983 IV,
2559 4917 2707 4986 part.
2743 4930 2805 4984 ιι,
2839 4913 2948 4971 601.
2985 4914 3123 4972 1114
3153 4918 3210 4972 61
3240 4915 3388 4989 seq.)

2901 5059 3133 5117 CAPUT
3170 5060 3262 5115 XI.

2329 5184 2458 5239 Dico
2486 5200 2651 5253 ergo:
2684 5183 2961 5255 Nunquid,
2996 5187 3105 5239 etc.
3158 5201 3346 5257 usque
3394 5186 3467 5241 ad
3510 5185 3722 5257 plebem
3750 5201 3907 5240 suam

2256 5289 2421 5345 quam
2450 5274 2744 5345 praesciuit.
2760 5272 2952 5329 Exillo
2965 5276 3120 5330 enim
3136 5273 3352 5348 populo
3375 5273 3553 5331 Israel
3568 5274 3903 5347 quicunque

2256 5363 2315 5418 in
2347 5360 2596 5431 Christo,
2649 5366 2783 5430 etc.,
2846 5380 3015 5437 usque
3071 5363 3142 5419 ad
3199 5363 3390 5421 caeteri
3447 5381 3581 5421 vero
3640 5363 3901 5420 excaecati

2256 5455 2413 5508 sunt.
2448 5452 2580 5521 (Id.,
2615 5459 2770 5509 tract.
2805 5455 2865 5508 in
2893 5454 3033 5525 psal.
3070 5471 3298 5520 Lxxvm,
3349 5458 3494 5509 tom.
3548 5452 3645 5522 IV,
3676 5455 3825 5526 part.
3861 5470 3900 5521 ι,

2255 5541 2364 5598 601.
2395 5543 2533 5597 1010
2562 5547 2619 5597 61
2649 5546 2801 5615 seq.)

2322 5630 2651 5704 Aliquando
2684 5633 3116 5704 praedestinatio
3148 5634 3535 5708 signiﬁcatur,
3570 5637 3702 5702 etc.,
3736 5649 3904 5706 usque

2253 5721 2322 5778 ad
2356 5720 2541 5777 fuerat
2570 5721 2693 5793 ipse
2725 5721 3007 5780 facturus.
3050 5723 3179 5796 (Id.,
3213 5724 3309 5781 lib.
3363 5723 3433 5780 de
3485 5725 3635 5781 Dono
3670 5725 3901 5796 persev.)
