  <div class='ocr_page' id='page_1' title='image "/cluster/home/n/w/nwhite01/storage/ocr_20150623/119/umn.319510024774125/179.png"; bbox 0 0 4100 6490; ppageno 0'>
   <div class='ocr_carea' id='block_1_1' title="bbox 415 399 578 485">
    <p class='ocr_par' dir='ltr' id='par_1_1' title="bbox 415 399 578 485">
     <span class='ocr_line' id='line_1_1' title="bbox 415 399 578 485; baseline 0.031 -29"><span class='ocrx_word' id='word_1_1' title='bbox 415 399 578 485; x_wconf 72' lang='grc' dir='ltr'>,θιι</span> 
     </span>
    </p>
   </div>
   <div class='ocr_carea' id='block_1_2' title="bbox 1685 397 2697 465">
    <p class='ocr_par' dir='ltr' id='par_1_2' title="bbox 1685 397 2697 465">
     <span class='ocr_line' id='line_1_2' title="bbox 1685 397 2697 465; baseline -0.002 -4"><span class='ocrx_word' id='word_1_2' title='bbox 1685 399 1915 465; x_wconf 79' lang='lat' dir='ltr'><strong>FLORI</strong></span> <span class='ocrx_word' id='word_1_3' title='bbox 1957 397 2270 461; x_wconf 71' lang='lat' dir='ltr'><em>DlAﬂONI</em></span> <span class='ocrx_word' id='word_1_4' title='bbox 2313 397 2697 461; x_wconf 81' lang='lat' dir='ltr'><em>MONACHI.</em></span> 
     </span>
    </p>
   </div>
   <div class='ocr_carea' id='block_1_3' title="bbox 3761 396 3905 460">
    <p class='ocr_par' dir='ltr' id='par_1_3' title="bbox 3761 396 3905 460">
     <span class='ocr_line' id='line_1_3' title="bbox 3761 396 3905 460; baseline -0.028 1"><span class='ocrx_word' id='word_1_5' title='bbox 3761 396 3905 460; x_wconf 73' lang='grc'><em>312</em></span> 
     </span>
    </p>
   </div>
   <div class='ocr_carea' id='block_1_4' title="bbox 466 531 3900 610">
    <p class='ocr_par' dir='ltr' id='par_1_4' title="bbox 466 531 3900 610">
     <span class='ocr_line' id='line_1_4' title="bbox 466 531 3900 610; baseline -0.001 -17"><span class='ocrx_word' id='word_1_6' title='bbox 466 540 598 604; x_wconf 88' lang='lat' dir='ltr'><em>etc.,</em></span> <span class='ocrx_word' id='word_1_7' title='bbox 631 553 799 610; x_wconf 85' lang='lat' dir='ltr'><em>usque</em></span> <span class='ocrx_word' id='word_1_8' title='bbox 845 536 915 593; x_wconf 84' lang='lat' dir='ltr'><em>ad</em></span> <span class='ocrx_word' id='word_1_9' title='bbox 970 535 1029 592; x_wconf 90' lang='lat' dir='ltr'><em>in</em></span> <span class='ocrx_word' id='word_1_10' title='bbox 1081 535 1293 593; x_wconf 83' lang='lat' dir='ltr'><em>saecula</em></span> <span class='ocrx_word' id='word_1_11' title='bbox 1339 534 1710 592; x_wconf 69' lang='lat' dir='ltr'><em>saeculorum.</em></span> <span class='ocrx_word' id='word_1_12' title='bbox 1742 536 1945 590; x_wconf 88' lang='lat' dir='ltr'><em>Amen.</em></span> <span class='ocrx_word' id='word_1_13' title='bbox 1980 532 2114 603; x_wconf 90' lang='lat' dir='ltr'><em>(Id.,</em></span> <span class='ocrx_word' id='word_1_14' title='bbox 2146 533 2201 603; x_wconf 83' lang='grc' dir='ltr'><strong>Α</strong></span> <span class='ocrx_word' id='word_1_15' title='bbox 2297 535 2425 590; x_wconf 84' lang='lat' dir='ltr'><em>Dico</em></span> <span class='ocrx_word' id='word_1_16' title='bbox 2459 534 2609 590; x_wconf 80' lang='lat' dir='ltr'><em>enim</em></span> <span class='ocrx_word' id='word_1_17' title='bbox 2632 550 2733 606; x_wconf 88' lang='lat' dir='ltr'><em>per</em></span> <span class='ocrx_word' id='word_1_18' title='bbox 2777 534 3038 609; x_wconf 81' lang='lat' dir='ltr'><em>gratiam,</em></span> <span class='ocrx_word' id='word_1_19' title='bbox 3068 536 3202 603; x_wconf 88' lang='lat' dir='ltr'><em>etc.,</em></span> <span class='ocrx_word' id='word_1_20' title='bbox 3235 549 3426 607; x_wconf 81' lang='lat' dir='ltr'><em>usque</em></span> <span class='ocrx_word' id='word_1_21' title='bbox 3455 532 3527 593; x_wconf 78' lang='lat' dir='ltr'><em>ad</em></span> <span class='ocrx_word' id='word_1_22' title='bbox 3576 548 3764 605; x_wconf 84' lang='lat' dir='ltr'><em>sapere</em></span> <span class='ocrx_word' id='word_1_23' title='bbox 3814 531 3900 589; x_wconf 83' lang='lat' dir='ltr'><em>ad</em></span> 
     </span>
    </p>
   </div>
   <div class='ocr_carea' id='block_1_5' title="bbox 465 622 2021 695">
    <p class='ocr_par' dir='ltr' id='par_1_5' title="bbox 465 622 2021 695">
     <span class='ocr_line' id='line_1_5' title="bbox 465 622 2021 695; baseline -0.003 -14"><span class='ocrx_word' id='word_1_24' title='bbox 465 624 562 681; x_wconf 89' lang='lat' dir='ltr'><em>lib.</em></span> <span class='ocrx_word' id='word_1_25' title='bbox 599 643 654 694; x_wconf 89' lang='grc' dir='ltr'><em>ιι,</em></span> <span class='ocrx_word' id='word_1_26' title='bbox 686 634 857 682; x_wconf 87' lang='lat' dir='ltr'><em>contr.</em></span> <span class='ocrx_word' id='word_1_27' title='bbox 888 623 1138 695; x_wconf 65' lang='lat' dir='ltr'><em>Maxim.,</em></span> <span class='ocrx_word' id='word_1_28' title='bbox 1177 629 1320 682; x_wconf 90' lang='lat' dir='ltr'><em>tom.</em></span> <span class='ocrx_word' id='word_1_29' title='bbox 1352 624 1478 693; x_wconf 89' lang='lat' dir='ltr'><em>VII,</em></span> <span class='ocrx_word' id='word_1_30' title='bbox 1512 622 1620 679; x_wconf 93' lang='lat' dir='ltr'><em>col.</em></span> <span class='ocrx_word' id='word_1_31' title='bbox 1652 623 1760 677; x_wconf 87' lang='lat'>799</span> <span class='ocrx_word' id='word_1_32' title='bbox 1787 627 1844 679; x_wconf 91' lang='lat' dir='ltr'><em>et</em></span> <span class='ocrx_word' id='word_1_33' title='bbox 1874 622 2021 695; x_wconf 87' lang='lat' dir='ltr'><em>seq.)</em></span> 
     </span>
    </p>
   </div>
   <div class='ocr_carea' id='block_1_6' title="bbox 541 714 2120 787">
    <p class='ocr_par' dir='ltr' id='par_1_6' title="bbox 541 714 2120 787">
     <span class='ocr_line' id='line_1_6' title="bbox 541 714 2120 787; baseline -0.002 -17"><span class='ocrx_word' id='word_1_34' title='bbox 541 715 673 784; x_wconf 85' lang='lat' dir='ltr'><em>Quis</em></span> <span class='ocrx_word' id='word_1_35' title='bbox 703 717 852 773; x_wconf 90' lang='lat' dir='ltr'><em>enim</em></span> <span class='ocrx_word' id='word_1_36' title='bbox 880 719 1129 787; x_wconf 74' lang='lat' dir='ltr'><em>cognovit</em></span> <span class='ocrx_word' id='word_1_37' title='bbox 1155 732 1375 771; x_wconf 80' lang='lat' dir='ltr'><em>sensum</em></span> <span class='ocrx_word' id='word_1_38' title='bbox 1402 715 1647 779; x_wconf 89' lang='lat' dir='ltr'><em>Domini,</em></span> <span class='ocrx_word' id='word_1_39' title='bbox 1680 721 1777 769; x_wconf 88' lang='lat' dir='ltr'><em>aut</em></span> <span class='ocrx_word' id='word_1_40' title='bbox 1829 714 1950 785; x_wconf 92' lang='lat' dir='ltr'><em>quis</em></span> <span class='ocrx_word' id='word_1_41' title='bbox 1987 728 2120 768; x_wconf 88' lang='lat' dir='ltr'><em>con-</em></span> 
     </span>
    </p>
   </div>
   <div class='ocr_carea' id='block_1_7' title="bbox 465 801 2121 879">
    <p class='ocr_par' dir='ltr' id='par_1_7' title="bbox 465 801 2121 879">
     <span class='ocr_line' id='line_1_7' title="bbox 465 801 2121 879; baseline -0.002 -18"><span class='ocrx_word' id='word_1_42' title='bbox 465 804 723 861; x_wconf 78' lang='lat' dir='ltr'><em>siliarius</em></span> <span class='ocrx_word' id='word_1_43' title='bbox 750 806 869 878; x_wconf 86' lang='lat' dir='ltr'><em>ejus</em></span> <span class='ocrx_word' id='word_1_44' title='bbox 895 808 1043 879; x_wconf 80' lang='lat' dir='ltr'><em>fuit?</em></span> <span class='ocrx_word' id='word_1_45' title='bbox 1073 805 1184 861; x_wconf 89' lang='lat' dir='ltr'><em>Nec</em></span> <span class='ocrx_word' id='word_1_46' title='bbox 1218 803 1430 859; x_wconf 90' lang='lat' dir='ltr'><em>mirum</em></span> <span class='ocrx_word' id='word_1_47' title='bbox 1464 807 1553 858; x_wconf 89' lang='lat' dir='ltr'><em>est</em></span> <span class='ocrx_word' id='word_1_48' title='bbox 1581 802 1737 875; x_wconf 90' lang='lat' dir='ltr'><em>quod</em></span> <span class='ocrx_word' id='word_1_49' title='bbox 1770 801 1992 858; x_wconf 83' lang='lat' dir='ltr'><em>sanctis</em></span> <span class='ocrx_word' id='word_1_50' title='bbox 2024 818 2121 857; x_wconf 88' lang='lat' dir='ltr'><em>an-</em></span> 
     </span>
    </p>
   </div>
   <div class='ocr_carea' id='block_1_8' title="bbox 468 892 2119 967">
    <p class='ocr_par' dir='ltr' id='par_1_8' title="bbox 468 892 2119 967">
     <span class='ocr_line' id='line_1_8' title="bbox 468 892 2119 967; baseline -0.002 -18"><span class='ocrx_word' id='word_1_51' title='bbox 468 892 636 966; x_wconf 87' lang='lat' dir='ltr'><em>gelis,</em></span> <span class='ocrx_word' id='word_1_52' title='bbox 670 898 804 964; x_wconf 89' lang='lat' dir='ltr'><em>etc.,</em></span> <span class='ocrx_word' id='word_1_53' title='bbox 837 912 1006 967; x_wconf 86' lang='lat' dir='ltr'><em>usque</em></span> <span class='ocrx_word' id='word_1_54' title='bbox 1034 894 1104 950; x_wconf 89' lang='lat' dir='ltr'><em>ad</em></span> <span class='ocrx_word' id='word_1_55' title='bbox 1129 892 1605 966; x_wconf 82' lang='lat' dir='ltr'><em>superferebatur</em></span> <span class='ocrx_word' id='word_1_56' title='bbox 1652 908 1833 964; x_wconf 83' lang='lat' dir='ltr'><em>super</em></span> <span class='ocrx_word' id='word_1_57' title='bbox 1881 907 2119 963; x_wconf 86' lang='lat' dir='ltr'><em>aquam.</em></span> 
     </span>
    </p>
   </div>
   <div class='ocr_carea' id='block_1_9' title="bbox 471 979 2126 1055">
    <p class='ocr_par' dir='ltr' id='par_1_9' title="bbox 471 979 2126 1055">
     <span class='ocr_line' id='line_1_9' title="bbox 471 979 2126 1055; baseline -0.001 -19"><span class='ocrx_word' id='word_1_58' title='bbox 471 982 605 1055; x_wconf 90' lang='lat' dir='ltr'><em>(Id.,</em></span> <span class='ocrx_word' id='word_1_59' title='bbox 640 984 738 1039; x_wconf 88' lang='lat' dir='ltr'><em>lib.</em></span> <span class='ocrx_word' id='word_1_60' title='bbox 771 984 836 1040; x_wconf 89' lang='lat' dir='ltr'><em>de</em></span> <span class='ocrx_word' id='word_1_61' title='bbox 880 985 1006 1042; x_wconf 90' lang='lat' dir='ltr'><em>Gen.</em></span> <span class='ocrx_word' id='word_1_62' title='bbox 1038 984 1109 1040; x_wconf 88' lang='lat' dir='ltr'><em>ad</em></span> <span class='ocrx_word' id='word_1_63' title='bbox 1138 984 1224 1039; x_wconf 89' lang='lat' dir='ltr'><em>litt</em></span> <span class='ocrx_word' id='word_1_64' title='bbox 1254 1025 1267 1053; x_wconf 94' lang='lat'><em>,</em></span> <span class='ocrx_word' id='word_1_65' title='bbox 1303 985 1445 1038; x_wconf 90' lang='lat' dir='ltr'><em>tom.</em></span> <span class='ocrx_word' id='word_1_66' title='bbox 1483 986 1583 1053; x_wconf 88' lang='lat' dir='ltr'><strong>III,</strong></span> <span class='ocrx_word' id='word_1_67' title='bbox 1616 984 1765 1053; x_wconf 90' lang='lat' dir='ltr'><em>part.</em></span> <span class='ocrx_word' id='word_1_68' title='bbox 1800 998 1839 1047; x_wconf 87' lang='grc' dir='ltr'><em>ι,</em></span> <span class='ocrx_word' id='word_1_69' title='bbox 1876 979 1986 1037; x_wconf 87' lang='lat' dir='ltr'><em>col.</em></span> <span class='ocrx_word' id='word_1_70' title='bbox 2018 980 2126 1034; x_wconf 89' lang='lat'><em>225</em></span> 
     </span>
    </p>
   </div>
   <div class='ocr_carea' id='block_1_10' title="bbox 475 1073 702 1146">
    <p class='ocr_par' dir='ltr' id='par_1_10' title="bbox 475 1073 702 1146">
     <span class='ocr_line' id='line_1_10' title="bbox 475 1073 702 1146; baseline -0.004 -17"><span class='ocrx_word' id='word_1_71' title='bbox 475 1075 533 1129; x_wconf 91' lang='lat' dir='ltr'><em>et</em></span> <span class='ocrx_word' id='word_1_72' title='bbox 553 1073 702 1146; x_wconf 88' lang='lat' dir='ltr'>seq.)</span> 
     </span>
    </p>
   </div>
   <div class='ocr_carea' id='block_1_11' title="bbox 542 1157 2129 1234">
    <p class='ocr_par' dir='ltr' id='par_1_11' title="bbox 542 1157 2129 1234">
     <span class='ocr_line' id='line_1_11' title="bbox 542 1157 2129 1234; baseline -0.003 -17"><span class='ocrx_word' id='word_1_73' title='bbox 542 1162 648 1217; x_wconf 89' lang='lat' dir='ltr'><em>Aut</em></span> <span class='ocrx_word' id='word_1_74' title='bbox 677 1163 799 1234; x_wconf 91' lang='lat' dir='ltr'><em>quis</em></span> <span class='ocrx_word' id='word_1_75' title='bbox 823 1162 1001 1234; x_wconf 87' lang='lat' dir='ltr'><em>prior,</em></span> <span class='ocrx_word' id='word_1_76' title='bbox 1031 1164 1359 1233; x_wconf 87' lang='lat' dir='ltr'><em>etc.,usque</em></span> <span class='ocrx_word' id='word_1_77' title='bbox 1390 1160 1459 1215; x_wconf 89' lang='lat' dir='ltr'><em>ad</em></span> <span class='ocrx_word' id='word_1_78' title='bbox 1490 1160 1599 1232; x_wconf 90' lang='lat' dir='ltr'><em>ipsi</em></span> <span class='ocrx_word' id='word_1_79' title='bbox 1624 1159 1806 1231; x_wconf 85' lang='lat' dir='ltr'><em>gloria</em></span> <span class='ocrx_word' id='word_1_80' title='bbox 1832 1160 1891 1213; x_wconf 90' lang='lat' dir='ltr'><em>in</em></span> <span class='ocrx_word' id='word_1_81' title='bbox 1920 1157 2129 1214; x_wconf 70' lang='lat' dir='ltr'><em>saecula</em></span> 
     </span>
    </p>
   </div>
   <div class='ocr_carea' id='block_1_12' title="bbox 473 1245 2125 1323">
    <p class='ocr_par' dir='ltr' id='par_1_12' title="bbox 473 1245 2125 1323">
     <span class='ocr_line' id='line_1_12' title="bbox 473 1245 2125 1323; baseline -0.002 -19"><span class='ocrx_word' id='word_1_82' title='bbox 473 1252 801 1308; x_wconf 61' lang='lat' dir='ltr'><em>saeculorum</em></span> <span class='ocrx_word' id='word_1_83' title='bbox 829 1267 1008 1308; x_wconf 89' lang='lat' dir='ltr'><em>amen.</em></span> <span class='ocrx_word' id='word_1_84' title='bbox 1030 1250 1097 1305; x_wconf 88' lang='lat' dir='ltr'><em>Et</em></span> <span class='ocrx_word' id='word_1_85' title='bbox 1127 1250 1324 1323; x_wconf 91' lang='lat' dir='ltr'><em>ipsum</em></span> <span class='ocrx_word' id='word_1_86' title='bbox 1354 1248 1534 1323; x_wconf 82' lang='lat' dir='ltr'><em>igitur</em></span> <span class='ocrx_word' id='word_1_87' title='bbox 1564 1247 1799 1303; x_wconf 91' lang='lat' dir='ltr'><em>initium</em></span> <span class='ocrx_word' id='word_1_88' title='bbox 1830 1245 2125 1313; x_wconf 84' lang='lat' dir='ltr'><em>ﬁdei,etc.,</em></span> 
     </span>
    </p>
   </div>
   <div class='ocr_carea' id='block_1_13' title="bbox 475 1334 2125 1413">
    <p class='ocr_par' dir='ltr' id='par_1_13' title="bbox 475 1334 2125 1413">
     <span class='ocr_line' id='line_1_13' title="bbox 475 1334 2125 1413; baseline -0.004 -17"><span class='ocrx_word' id='word_1_89' title='bbox 475 1356 641 1413; x_wconf 86' lang='lat' dir='ltr'><em>usque</em></span> <span class='ocrx_word' id='word_1_90' title='bbox 687 1339 757 1396; x_wconf 87' lang='lat' dir='ltr'><em>ad</em></span> <span class='ocrx_word' id='word_1_91' title='bbox 805 1343 947 1396; x_wconf 91' lang='lat' dir='ltr'><em>sunt</em></span> <span class='ocrx_word' id='word_1_92' title='bbox 993 1339 1211 1395; x_wconf 86' lang='lat' dir='ltr'><em>omnia.</em></span> <span class='ocrx_word' id='word_1_93' title='bbox 1252 1340 1387 1408; x_wconf 90' lang='lat' dir='ltr'><em>(Id.,</em></span> <span class='ocrx_word' id='word_1_94' title='bbox 1440 1338 1536 1393; x_wconf 85' lang='lat' dir='ltr'><em>lib.</em></span> <span class='ocrx_word' id='word_1_95' title='bbox 1583 1336 1649 1392; x_wconf 86' lang='lat' dir='ltr'><em>de</em></span> <span class='ocrx_word' id='word_1_96' title='bbox 1694 1334 1879 1393; x_wconf 65' lang='lat' dir='ltr'><em>Praed.</em></span> <span class='ocrx_word' id='word_1_97' title='bbox 1927 1342 2125 1401; x_wconf 82' lang='lat' dir='ltr'><em>sanct.,</em></span> 
     </span>
    </p>
   </div>
   <div class='ocr_carea' id='block_1_14' title="bbox 474 1428 1296 1502">
    <p class='ocr_par' dir='ltr' id='par_1_14' title="bbox 474 1428 1296 1502">
     <span class='ocr_line' id='line_1_14' title="bbox 474 1428 1296 1502; baseline -0.002 -18"><span class='ocrx_word' id='word_1_98' title='bbox 474 1432 614 1485; x_wconf 87' lang='lat' dir='ltr'><em>tom.</em></span> <span class='ocrx_word' id='word_1_99' title='bbox 646 1428 711 1498; x_wconf 84' lang='grc' dir='ltr'>Χ,</span> <span class='ocrx_word' id='word_1_100' title='bbox 746 1433 895 1502; x_wconf 86' lang='lat' dir='ltr'><em>part.</em></span> <span class='ocrx_word' id='word_1_101' title='bbox 931 1447 970 1497; x_wconf 90' lang='grc' dir='ltr'><em>ι,</em></span> <span class='ocrx_word' id='word_1_102' title='bbox 1004 1428 1113 1485; x_wconf 83' lang='lat' dir='ltr'><em>col.</em></span> <span class='ocrx_word' id='word_1_103' title='bbox 1146 1428 1296 1501; x_wconf 83' lang='lat'>962.)</span> 
     </span>
    </p>
   </div>
   <div class='ocr_carea' id='block_1_15' title="bbox 544 1513 2131 1587">
    <p class='ocr_par' dir='ltr' id='par_1_15' title="bbox 544 1513 2131 1587">
     <span class='ocr_line' id='line_1_15' title="bbox 544 1513 2131 1587; baseline -0.003 -13"><span class='ocrx_word' id='word_1_104' title='bbox 544 1517 727 1574; x_wconf 82' lang='lat' dir='ltr'><em>Aliter</em></span> <span class='ocrx_word' id='word_1_105' title='bbox 756 1518 910 1574; x_wconf 92' lang='lat' dir='ltr'><em>enim</em></span> <span class='ocrx_word' id='word_1_106' title='bbox 945 1517 1198 1575; x_wconf 85' lang='lat' dir='ltr'><em>dicimus</em></span> <span class='ocrx_word' id='word_1_107' title='bbox 1229 1515 1692 1584; x_wconf 90' lang='lat' dir='ltr'><em>homini,debes,</em></span> <span class='ocrx_word' id='word_1_108' title='bbox 1711 1518 2034 1587; x_wconf 86' lang='lat' dir='ltr'><em>etc.,usque</em></span> <span class='ocrx_word' id='word_1_109' title='bbox 2061 1513 2131 1570; x_wconf 75' lang='lat' dir='ltr'><em>ad</em></span> 
     </span>
    </p>
   </div>
   <div class='ocr_carea' id='block_1_16' title="bbox 475 1604 2129 1681">
    <p class='ocr_par' dir='ltr' id='par_1_16' title="bbox 475 1604 2129 1681">
     <span class='ocr_line' id='line_1_16' title="bbox 475 1604 2129 1681; baseline -0.003 -18"><span class='ocrx_word' id='word_1_110' title='bbox 475 1624 550 1663; x_wconf 91' lang='lat' dir='ltr'><em>ne</em></span> <span class='ocrx_word' id='word_1_111' title='bbox 596 1624 1010 1664; x_wconf 85' lang='lat' dir='ltr'><em>remaneamus</em></span> <span class='ocrx_word' id='word_1_112' title='bbox 1059 1605 1295 1681; x_wconf 83' lang='lat' dir='ltr'><em>ingrati.</em></span> <span class='ocrx_word' id='word_1_113' title='bbox 1329 1605 1462 1675; x_wconf 89' lang='lat' dir='ltr'><em>(Id.,</em></span> <span class='ocrx_word' id='word_1_114' title='bbox 1488 1621 1652 1661; x_wconf 88' lang='lat' dir='ltr'><em>serm.</em></span> <span class='ocrx_word' id='word_1_115' title='bbox 1685 1604 1751 1660; x_wconf 89' lang='lat' dir='ltr'><em>de</em></span> <span class='ocrx_word' id='word_1_116' title='bbox 1779 1621 1890 1660; x_wconf 90' lang='lat' dir='ltr'><em>ver.</em></span> <span class='ocrx_word' id='word_1_117' title='bbox 1923 1605 2129 1676; x_wconf 59' lang='lat' dir='ltr'><em>Apost,</em></span> 
     </span>
    </p>
   </div>
   <div class='ocr_carea' id='block_1_17' title="bbox 478 1695 1515 1768">
    <p class='ocr_par' dir='ltr' id='par_1_17' title="bbox 478 1695 1515 1768">
     <span class='ocr_line' id='line_1_17' title="bbox 478 1695 1515 1768; baseline -0.001 -17"><span class='ocrx_word' id='word_1_118' title='bbox 478 1700 620 1752; x_wconf 85' lang='lat' dir='ltr'><em>tom.</em></span> <span class='ocrx_word' id='word_1_119' title='bbox 653 1695 722 1750; x_wconf 92' lang='lat' dir='ltr'><strong>V.</strong></span> <span class='ocrx_word' id='word_1_120' title='bbox 758 1701 907 1768; x_wconf 90' lang='lat' dir='ltr'><em>part.</em></span> <span class='ocrx_word' id='word_1_121' title='bbox 936 1714 975 1764; x_wconf 90' lang='grc' dir='ltr'><em>ι,</em></span> <span class='ocrx_word' id='word_1_122' title='bbox 1009 1695 1117 1752; x_wconf 94' lang='lat' dir='ltr'><em>col.</em></span> <span class='ocrx_word' id='word_1_123' title='bbox 1152 1697 1257 1751; x_wconf 89' lang='lat'><em>863</em></span> <span class='ocrx_word' id='word_1_124' title='bbox 1282 1700 1338 1751; x_wconf 92' lang='lat' dir='ltr'><em>et</em></span> <span class='ocrx_word' id='word_1_125' title='bbox 1369 1695 1515 1768; x_wconf 85' lang='lat' dir='ltr'><em>seq.)</em></span> 
     </span>
    </p>
   </div>
   <div class='ocr_carea' id='block_1_18' title="bbox 556 1782 2131 1858">
    <p class='ocr_par' dir='ltr' id='par_1_18' title="bbox 556 1782 2131 1858">
     <span class='ocr_line' id='line_1_18' title="bbox 556 1782 2131 1858; baseline -0.003 -18"><span class='ocrx_word' id='word_1_126' title='bbox 556 1782 828 1854; x_wconf 81' lang='lat' dir='ltr'><em>Quoniam</em></span> <span class='ocrx_word' id='word_1_127' title='bbox 842 1801 912 1841; x_wconf 78' lang='lat' dir='ltr'><em>ea:</em></span> <span class='ocrx_word' id='word_1_128' title='bbox 942 1787 1057 1858; x_wconf 90' lang='lat' dir='ltr'><em>ipso</em></span> <span class='ocrx_word' id='word_1_129' title='bbox 1087 1793 1139 1842; x_wconf 90' lang='lat' dir='ltr'><em>et</em></span> <span class='ocrx_word' id='word_1_130' title='bbox 1160 1803 1262 1858; x_wconf 86' lang='lat' dir='ltr'><em>per</em></span> <span class='ocrx_word' id='word_1_131' title='bbox 1282 1787 1462 1858; x_wconf 83' lang='lat' dir='ltr'><em>ipsum</em></span> <span class='ocrx_word' id='word_1_132' title='bbox 1485 1792 1537 1841; x_wconf 89' lang='lat' dir='ltr'><em>et</em></span> <span class='ocrx_word' id='word_1_133' title='bbox 1565 1785 1623 1839; x_wconf 89' lang='lat' dir='ltr'><em>in</em></span> <span class='ocrx_word' id='word_1_134' title='bbox 1638 1784 1753 1856; x_wconf 91' lang='lat' dir='ltr'><em>ipso</em></span> <span class='ocrx_word' id='word_1_135' title='bbox 1775 1789 1907 1839; x_wconf 83' lang='lat' dir='ltr'><em>sunt</em></span> <span class='ocrx_word' id='word_1_136' title='bbox 1924 1782 2131 1850; x_wconf 86' lang='lat' dir='ltr'><em>omnia,</em></span> 
     </span>
    </p>
   </div>
   <div class='ocr_carea' id='block_1_19' title="bbox 483 1874 1723 1947">
    <p class='ocr_par' dir='ltr' id='par_1_19' title="bbox 483 1874 1723 1947">
     <span class='ocr_line' id='line_1_19' title="bbox 483 1874 1723 1947; baseline -0.002 -17"><span class='ocrx_word' id='word_1_137' title='bbox 483 1876 596 1947; x_wconf 89' lang='lat' dir='ltr'><em>ipsi</em></span> <span class='ocrx_word' id='word_1_138' title='bbox 622 1875 805 1944; x_wconf 86' lang='lat' dir='ltr'><em>gloria</em></span> <span class='ocrx_word' id='word_1_139' title='bbox 836 1876 894 1931; x_wconf 87' lang='lat' dir='ltr'><em>in</em></span> <span class='ocrx_word' id='word_1_140' title='bbox 920 1874 1123 1931; x_wconf 74' lang='lat' dir='ltr'><em>sa’cula</em></span> <span class='ocrx_word' id='word_1_141' title='bbox 1150 1874 1502 1931; x_wconf 63' lang='lat' dir='ltr'><em>saeculorum.</em></span> <span class='ocrx_word' id='word_1_142' title='bbox 1535 1875 1723 1928; x_wconf 84' lang='lat' dir='ltr'><em>Amen.</em></span> 
     </span>
    </p>
   </div>
   <div class='ocr_carea' id='block_1_20' title="bbox 555 1958 2132 2037">
    <p class='ocr_par' dir='ltr' id='par_1_20' title="bbox 555 1958 2132 2037">
     <span class='ocr_line' id='line_1_20' title="bbox 555 1958 2132 2037; baseline -0.003 -19"><span class='ocrx_word' id='word_1_143' title='bbox 555 1962 781 2036; x_wconf 87' lang='lat' dir='ltr'><em>Religet</em></span> <span class='ocrx_word' id='word_1_144' title='bbox 809 1980 946 2037; x_wconf 86' lang='lat' dir='ltr'><em>ergo</em></span> <span class='ocrx_word' id='word_1_145' title='bbox 968 1980 1075 2019; x_wconf 89' lang='lat' dir='ltr'><em>nos</em></span> <span class='ocrx_word' id='word_1_146' title='bbox 1106 1962 1309 2037; x_wconf 90' lang='lat' dir='ltr'><em>religio</em></span> <span class='ocrx_word' id='word_1_147' title='bbox 1323 1963 1424 2018; x_wconf 92' lang='lat' dir='ltr'><em>uni</em></span> <span class='ocrx_word' id='word_1_148' title='bbox 1450 1960 1835 2034; x_wconf 81' lang='lat' dir='ltr'><em>omnipotenti</em></span> <span class='ocrx_word' id='word_1_149' title='bbox 1854 1958 2132 2031; x_wconf 89' lang='lat' dir='ltr'><em>Deo,etc.,</em></span> 
     </span>
    </p>
   </div>
   <div class='ocr_carea' id='block_1_21' title="bbox 480 2048 2135 2124">
    <p class='ocr_par' dir='ltr' id='par_1_21' title="bbox 480 2048 2135 2124">
     <span class='ocr_line' id='line_1_21' title="bbox 480 2048 2135 2124; baseline -0.002 -17"><span class='ocrx_word' id='word_1_150' title='bbox 480 2067 653 2124; x_wconf 87' lang='lat' dir='ltr'><em>usque</em></span> <span class='ocrx_word' id='word_1_151' title='bbox 679 2051 750 2108; x_wconf 86' lang='lat' dir='ltr'><em>ad</em></span> <span class='ocrx_word' id='word_1_152' title='bbox 778 2051 840 2107; x_wconf 89' lang='lat' dir='ltr'><em>in</em></span> <span class='ocrx_word' id='word_1_153' title='bbox 871 2051 1084 2109; x_wconf 67' lang='lat' dir='ltr'><em>saecula</em></span> <span class='ocrx_word' id='word_1_154' title='bbox 1113 2050 1481 2108; x_wconf 82' lang='lat' dir='ltr'><em>saeculorum.</em></span> <span class='ocrx_word' id='word_1_155' title='bbox 1525 2052 1728 2106; x_wconf 81' lang='lat' dir='ltr'><em>Amen.</em></span> <span class='ocrx_word' id='word_1_156' title='bbox 1762 2048 1896 2120; x_wconf 92' lang='lat' dir='ltr'><em>(Id.,</em></span> <span class='ocrx_word' id='word_1_157' title='bbox 1940 2048 2037 2104; x_wconf 85' lang='lat' dir='ltr'><em>lib.</em></span> <span class='ocrx_word' id='word_1_158' title='bbox 2069 2048 2135 2104; x_wconf 85' lang='lat' dir='ltr'><em>de</em></span> 
     </span>
    </p>
   </div>
   <div class='ocr_carea' id='block_1_22' title="bbox 477 2137 1816 2213">
    <p class='ocr_par' dir='ltr' id='par_1_22' title="bbox 477 2137 1816 2213">
     <span class='ocr_line' id='line_1_22' title="bbox 477 2137 1816 2213; baseline -0.001 -18"><span class='ocrx_word' id='word_1_159' title='bbox 477 2156 591 2195; x_wconf 90' lang='lat' dir='ltr'><em>ver.</em></span> <span class='ocrx_word' id='word_1_160' title='bbox 624 2141 925 2212; x_wconf 86' lang='lat' dir='ltr'><em>Religione,</em></span> <span class='ocrx_word' id='word_1_161' title='bbox 958 2144 1100 2197; x_wconf 90' lang='lat' dir='ltr'><em>tom.</em></span> <span class='ocrx_word' id='word_1_162' title='bbox 1135 2144 1239 2205; x_wconf 87' lang='lat' dir='ltr'><em>III,</em></span> <span class='ocrx_word' id='word_1_163' title='bbox 1272 2143 1419 2213; x_wconf 84' lang='lat' dir='ltr'><em>part.</em></span> <span class='ocrx_word' id='word_1_164' title='bbox 1455 2156 1495 2208; x_wconf 86' lang='grc' dir='ltr'><em>ι,</em></span> <span class='ocrx_word' id='word_1_165' title='bbox 1523 2138 1631 2195; x_wconf 90' lang='lat' dir='ltr'><em>col.</em></span> <span class='ocrx_word' id='word_1_166' title='bbox 1670 2137 1816 2211; x_wconf 91' lang='lat'>172.)</span> 
     </span>
    </p>
   </div>
   <div class='ocr_carea' id='block_1_23' title="bbox 549 2226 2132 2304">
    <p class='ocr_par' dir='ltr' id='par_1_23' title="bbox 549 2226 2132 2304">
     <span class='ocr_line' id='line_1_23' title="bbox 549 2226 2132 2304; baseline -0.002 -19"><span class='ocrx_word' id='word_1_167' title='bbox 549 2229 663 2287; x_wconf 85' lang='lat' dir='ltr'><em>Res</em></span> <span class='ocrx_word' id='word_1_168' title='bbox 710 2229 891 2304; x_wconf 82' lang='lat' dir='ltr'><em>igitur</em></span> <span class='ocrx_word' id='word_1_169' title='bbox 933 2230 1150 2303; x_wconf 89' lang='lat' dir='ltr'>quibus</span> <span class='ocrx_word' id='word_1_170' title='bbox 1200 2228 1515 2285; x_wconf 84' lang='lat' dir='ltr'><em>fruendum</em></span> <span class='ocrx_word' id='word_1_171' title='bbox 1559 2232 1668 2297; x_wconf 91' lang='lat' dir='ltr'><em>est,</em></span> <span class='ocrx_word' id='word_1_172' title='bbox 1701 2232 1835 2295; x_wconf 91' lang='lat' dir='ltr'><em>etc.,</em></span> <span class='ocrx_word' id='word_1_173' title='bbox 1868 2243 2037 2299; x_wconf 87' lang='lat' dir='ltr'><em>usque</em></span> <span class='ocrx_word' id='word_1_174' title='bbox 2062 2226 2132 2282; x_wconf 90' lang='lat' dir='ltr'><em>ad</em></span> 
     </span>
    </p>
   </div>
   <div class='ocr_carea' id='block_1_24' title="bbox 474 2316 2127 2394">
    <p class='ocr_par' dir='ltr' id='par_1_24' title="bbox 474 2316 2127 2394">
     <span class='ocr_line' id='line_1_24' title="bbox 474 2316 2127 2394; baseline -0.002 -19"><span class='ocrx_word' id='word_1_175' title='bbox 474 2324 713 2393; x_wconf 87' lang='lat' dir='ltr'><em>propter</em></span> <span class='ocrx_word' id='word_1_176' title='bbox 742 2320 1018 2394; x_wconf 88' lang='lat' dir='ltr'><em>spiritum</em></span> <span class='ocrx_word' id='word_1_177' title='bbox 1050 2322 1342 2377; x_wconf 87' lang='lat' dir='ltr'><em>sanctum.</em></span> <span class='ocrx_word' id='word_1_178' title='bbox 1377 2316 1700 2389; x_wconf 88' lang='lat' dir='ltr'><em>(Id.,lib.de</em></span> <span class='ocrx_word' id='word_1_179' title='bbox 1736 2320 1882 2373; x_wconf 87' lang='lat' dir='ltr'><em>Dect.</em></span> <span class='ocrx_word' id='word_1_180' title='bbox 1905 2316 2127 2383; x_wconf 70' lang='lat' dir='ltr'><em>Christ,</em></span> 
     </span>
    </p>
   </div>
   <div class='ocr_carea' id='block_1_25' title="bbox 472 2407 1307 2483">
    <p class='ocr_par' dir='ltr' id='par_1_25' title="bbox 472 2407 1307 2483">
     <span class='ocr_line' id='line_1_25' title="bbox 472 2407 1307 2483; baseline -0.004 -18"><span class='ocrx_word' id='word_1_181' title='bbox 472 2412 620 2465; x_wconf 85' lang='lat' dir='ltr'><em>tom.</em></span> <span class='ocrx_word' id='word_1_182' title='bbox 656 2414 758 2479; x_wconf 90' lang='lat' dir='ltr'><em>III,</em></span> <span class='ocrx_word' id='word_1_183' title='bbox 791 2414 944 2483; x_wconf 89' lang='lat' dir='ltr'><em>part.</em></span> <span class='ocrx_word' id='word_1_184' title='bbox 979 2427 1016 2477; x_wconf 85' lang='lat' dir='ltr'><em>I,</em></span> <span class='ocrx_word' id='word_1_185' title='bbox 1050 2407 1158 2465; x_wconf 91' lang='lat' dir='ltr'><em>col.</em></span> <span class='ocrx_word' id='word_1_186' title='bbox 1191 2409 1307 2480; x_wconf 92' lang='lat'>21.)</span> 
     </span>
    </p>
   </div>
   <div class='ocr_carea' id='block_1_26' title="bbox 540 2493 2128 2564">
    <p class='ocr_par' dir='ltr' id='par_1_26' title="bbox 540 2493 2128 2564">
     <span class='ocr_line' id='line_1_26' title="bbox 540 2493 2128 2564; baseline -0.003 -10"><span class='ocrx_word' id='word_1_187' title='bbox 540 2498 735 2554; x_wconf 90' lang='lat' dir='ltr'><em>Unum</em></span> <span class='ocrx_word' id='word_1_188' title='bbox 767 2498 990 2555; x_wconf 87' lang='lat' dir='ltr'><em>scilicet</em></span> <span class='ocrx_word' id='word_1_189' title='bbox 1018 2496 1334 2554; x_wconf 88' lang='lat' dir='ltr'><em>Dominum</em></span> <span class='ocrx_word' id='word_1_190' title='bbox 1366 2514 1493 2553; x_wconf 92' lang='lat' dir='ltr'>esse</span> <span class='ocrx_word' id='word_1_191' title='bbox 1524 2494 1846 2564; x_wconf 90' lang='lat' dir='ltr'><em>solum,cui</em></span> <span class='ocrx_word' id='word_1_192' title='bbox 1878 2493 2128 2551; x_wconf 86' lang='lat' dir='ltr'><em>servitus</em></span> 
     </span>
    </p>
   </div>
   <div class='ocr_carea' id='block_1_27' title="bbox 473 2581 2130 2661">
    <p class='ocr_par' dir='ltr' id='par_1_27' title="bbox 473 2581 2130 2661">
     <span class='ocr_line' id='line_1_27' title="bbox 473 2581 2130 2661; baseline -0.003 -19"><span class='ocrx_word' id='word_1_193' title='bbox 473 2586 572 2642; x_wconf 92' lang='lat' dir='ltr'><em>illa</em></span> <span class='ocrx_word' id='word_1_194' title='bbox 599 2587 845 2643; x_wconf 89' lang='lat' dir='ltr'><em>debetur</em></span> <span class='ocrx_word' id='word_1_195' title='bbox 883 2604 1013 2661; x_wconf 75' lang='lat' dir='ltr'><em>quze</em></span> <span class='ocrx_word' id='word_1_196' title='bbox 1063 2586 1258 2653; x_wconf 86' lang='lat' dir='ltr'><em>latria,</em></span> <span class='ocrx_word' id='word_1_197' title='bbox 1290 2589 1426 2653; x_wconf 92' lang='lat' dir='ltr'><em>etc.,</em></span> <span class='ocrx_word' id='word_1_198' title='bbox 1458 2601 1628 2657; x_wconf 87' lang='lat' dir='ltr'><em>usque</em></span> <span class='ocrx_word' id='word_1_199' title='bbox 1667 2583 1736 2639; x_wconf 88' lang='lat' dir='ltr'><em>ad</em></span> <span class='ocrx_word' id='word_1_200' title='bbox 1781 2585 1839 2639; x_wconf 89' lang='lat' dir='ltr'><em>et</em></span> <span class='ocrx_word' id='word_1_201' title='bbox 1884 2582 1969 2638; x_wconf 92' lang='lat' dir='ltr'><em>illi</em></span> <span class='ocrx_word' id='word_1_202' title='bbox 2021 2581 2130 2639; x_wconf 90' lang='lat' dir='ltr'><em>soli</em></span> 
     </span>
    </p>
   </div>
   <div class='ocr_carea' id='block_1_28' title="bbox 476 2671 2131 2748">
    <p class='ocr_par' dir='ltr' id='par_1_28' title="bbox 476 2671 2131 2748">
     <span class='ocr_line' id='line_1_28' title="bbox 476 2671 2131 2748; baseline -0.002 -17"><span class='ocrx_word' id='word_1_203' title='bbox 476 2676 714 2733; x_wconf 88' lang='lat' dir='ltr'><em>servies.</em></span> <span class='ocrx_word' id='word_1_204' title='bbox 747 2677 882 2747; x_wconf 92' lang='lat' dir='ltr'><em>(Id.,</em></span> <span class='ocrx_word' id='word_1_205' title='bbox 913 2677 1069 2748; x_wconf 81' lang='lat' dir='ltr'><em>epist.</em></span> <span class='ocrx_word' id='word_1_206' title='bbox 1102 2675 1173 2731; x_wconf 79' lang='lat' dir='ltr'><em>ad</em></span> <span class='ocrx_word' id='word_1_207' title='bbox 1214 2676 1599 2743; x_wconf 76' lang='lat' dir='ltr'><em>Maximinum,</em></span> <span class='ocrx_word' id='word_1_208' title='bbox 1633 2676 1774 2729; x_wconf 91' lang='lat' dir='ltr'><em>tom.</em></span> <span class='ocrx_word' id='word_1_209' title='bbox 1811 2676 1884 2741; x_wconf 88' lang='lat' dir='ltr'><strong>II,</strong></span> <span class='ocrx_word' id='word_1_210' title='bbox 1919 2671 2027 2728; x_wconf 91' lang='lat' dir='ltr'><em>col.</em></span> <span class='ocrx_word' id='word_1_211' title='bbox 2059 2671 2131 2727; x_wconf 91' lang='lat'><em>96</em></span> 
     </span>
    </p>
   </div>
   <div class='ocr_carea' id='block_1_29' title="bbox 482 2768 722 2838">
    <p class='ocr_par' dir='ltr' id='par_1_29' title="bbox 482 2768 722 2838">
     <span class='ocr_line' id='line_1_29' title="bbox 482 2768 722 2838; baseline -0.008 -17"><span class='ocrx_word' id='word_1_212' title='bbox 482 2769 542 2821; x_wconf 91' lang='lat' dir='ltr'><em>et</em></span> <span class='ocrx_word' id='word_1_213' title='bbox 571 2768 722 2838; x_wconf 90' lang='lat' dir='ltr'>seq.)</span> 
     </span>
    </p>
   </div>
   <div class='ocr_carea' id='block_1_30' title="bbox 548 2851 2128 2924">
    <p class='ocr_par' dir='ltr' id='par_1_30' title="bbox 548 2851 2128 2924">
     <span class='ocr_line' id='line_1_30' title="bbox 548 2851 2128 2924; baseline -0.003 -13"><span class='ocrx_word' id='word_1_214' title='bbox 548 2855 674 2911; x_wconf 89' lang='lat' dir='ltr'><em>Non</em></span> <span class='ocrx_word' id='word_1_215' title='bbox 706 2854 860 2912; x_wconf 90' lang='lat' dir='ltr'><em>enim</em></span> <span class='ocrx_word' id='word_1_216' title='bbox 891 2855 1039 2910; x_wconf 92' lang='lat' dir='ltr'><em>duos</em></span> <span class='ocrx_word' id='word_1_217' title='bbox 1070 2856 1172 2910; x_wconf 89' lang='lat' dir='ltr'><em>aut</em></span> <span class='ocrx_word' id='word_1_218' title='bbox 1210 2858 1328 2909; x_wconf 91' lang='lat' dir='ltr'><em>tres</em></span> <span class='ocrx_word' id='word_1_219' title='bbox 1358 2854 1518 2921; x_wconf 89' lang='lat' dir='ltr'><em>deos,</em></span> <span class='ocrx_word' id='word_1_220' title='bbox 1548 2855 1681 2920; x_wconf 90' lang='lat' dir='ltr'><em>etc.,</em></span> <span class='ocrx_word' id='word_1_221' title='bbox 1714 2868 1883 2924; x_wconf 86' lang='lat' dir='ltr'><em>usque</em></span> <span class='ocrx_word' id='word_1_222' title='bbox 1911 2851 1983 2907; x_wconf 89' lang='lat' dir='ltr'><em>ad</em></span> <span class='ocrx_word' id='word_1_223' title='bbox 2026 2851 2128 2907; x_wconf 91' lang='lat' dir='ltr'><em>sed</em></span> 
     </span>
    </p>
   </div>
   <div class='ocr_carea' id='block_1_31' title="bbox 479 2940 2128 3019">
    <p class='ocr_par' dir='ltr' id='par_1_31' title="bbox 479 2940 2128 3019">
     <span class='ocr_line' id='line_1_31' title="bbox 479 2940 2128 3019; baseline -0.003 -18"><span class='ocrx_word' id='word_1_224' title='bbox 479 2944 592 3018; x_wconf 87' lang='lat' dir='ltr'><em>ipsi</em></span> <span class='ocrx_word' id='word_1_225' title='bbox 636 2944 840 3019; x_wconf 88' lang='lat' dir='ltr'><em>gloria.</em></span> <span class='ocrx_word' id='word_1_226' title='bbox 877 2944 1009 3018; x_wconf 89' lang='lat' dir='ltr'><em>(Id.,</em></span> <span class='ocrx_word' id='word_1_227' title='bbox 1038 2950 1195 3000; x_wconf 88' lang='lat' dir='ltr'><em>tract.</em></span> <span class='ocrx_word' id='word_1_228' title='bbox 1231 2946 1291 3000; x_wconf 85' lang='lat' dir='ltr'><em>in</em></span> <span class='ocrx_word' id='word_1_229' title='bbox 1331 2943 1478 3016; x_wconf 89' lang='lat' dir='ltr'><em>psal.</em></span> <span class='ocrx_word' id='word_1_230' title='bbox 1511 2960 1566 3012; x_wconf 92' lang='lat' dir='ltr'><em>v,</em></span> <span class='ocrx_word' id='word_1_231' title='bbox 1598 2945 1740 2998; x_wconf 87' lang='lat' dir='ltr'><em>tom.</em></span> <span class='ocrx_word' id='word_1_232' title='bbox 1775 2940 1869 3010; x_wconf 89' lang='lat' dir='ltr'><em>IV,</em></span> <span class='ocrx_word' id='word_1_233' title='bbox 1902 2944 2053 3014; x_wconf 89' lang='lat' dir='ltr'><em>part.</em></span> <span class='ocrx_word' id='word_1_234' title='bbox 2088 2957 2128 3010; x_wconf 86' lang='grc' dir='ltr'><em>ι,</em></span> 
     </span>
    </p>
   </div>
   <div class='ocr_carea' id='block_1_32' title="bbox 481 3031 733 3105">
    <p class='ocr_par' dir='ltr' id='par_1_32' title="bbox 481 3031 733 3105">
     <span class='ocr_line' id='line_1_32' title="bbox 481 3031 733 3105; baseline 0 -17"><span class='ocrx_word' id='word_1_235' title='bbox 481 3031 590 3088; x_wconf 88' lang='lat' dir='ltr'><em>col.</em></span> <span class='ocrx_word' id='word_1_236' title='bbox 622 3033 733 3105; x_wconf 86' lang='grc'>84.)</span> 
     </span>
    </p>
   </div>
   <div class='ocr_carea' id='block_1_33' title="bbox 552 3117 2134 3194">
    <p class='ocr_par' dir='ltr' id='par_1_33' title="bbox 552 3117 2134 3194">
     <span class='ocr_line' id='line_1_33' title="bbox 552 3117 2134 3194; baseline -0.003 -16"><span class='ocrx_word' id='word_1_237' title='bbox 552 3123 722 3178; x_wconf 90' lang='lat' dir='ltr'><em>Pater</em></span> <span class='ocrx_word' id='word_1_238' title='bbox 749 3139 866 3178; x_wconf 90' lang='lat' dir='ltr'><em>non</em></span> <span class='ocrx_word' id='word_1_239' title='bbox 897 3121 1073 3178; x_wconf 85' lang='lat' dir='ltr'><em>habet</em></span> <span class='ocrx_word' id='word_1_240' title='bbox 1100 3122 1324 3194; x_wconf 84' lang='lat' dir='ltr'><em>patrem</em></span> <span class='ocrx_word' id='word_1_241' title='bbox 1355 3120 1426 3176; x_wconf 89' lang='lat' dir='ltr'><em>de</em></span> <span class='ocrx_word' id='word_1_242' title='bbox 1452 3137 1567 3193; x_wconf 92' lang='lat' dir='ltr'><em>quo</em></span> <span class='ocrx_word' id='word_1_243' title='bbox 1600 3119 1695 3189; x_wconf 90' lang='lat' dir='ltr'><em>sit,</em></span> <span class='ocrx_word' id='word_1_244' title='bbox 1729 3122 1864 3188; x_wconf 90' lang='lat' dir='ltr'><em>etc.,</em></span> <span class='ocrx_word' id='word_1_245' title='bbox 1884 3117 2134 3190; x_wconf 85' lang='lat' dir='ltr'><em>usquead</em></span> 
     </span>
    </p>
   </div>
   <div class='ocr_carea' id='block_1_34' title="bbox 481 3207 2128 3281">
    <p class='ocr_par' dir='ltr' id='par_1_34' title="bbox 481 3207 2128 3281">
     <span class='ocr_line' id='line_1_34' title="bbox 481 3207 2128 3281; baseline -0.002 -15"><span class='ocrx_word' id='word_1_246' title='bbox 481 3211 542 3269; x_wconf 90' lang='lat' dir='ltr'><em>in</em></span> <span class='ocrx_word' id='word_1_247' title='bbox 590 3211 804 3268; x_wconf 70' lang='lat' dir='ltr'><em>saecula</em></span> <span class='ocrx_word' id='word_1_248' title='bbox 851 3210 1221 3268; x_wconf 66' lang='lat' dir='ltr'><em>saeculorum.</em></span> <span class='ocrx_word' id='word_1_249' title='bbox 1253 3211 1462 3266; x_wconf 87' lang='lat' dir='ltr'><em>Amen.</em></span> <span class='ocrx_word' id='word_1_250' title='bbox 1493 3209 1628 3281; x_wconf 78' lang='lat' dir='ltr'><em>(1d,,</em></span> <span class='ocrx_word' id='word_1_251' title='bbox 1661 3209 1760 3265; x_wconf 88' lang='lat' dir='ltr'><em>tib.</em></span> <span class='ocrx_word' id='word_1_252' title='bbox 1795 3207 1859 3265; x_wconf 89' lang='lat' dir='ltr'><em>de</em></span> <span class='ocrx_word' id='word_1_253' title='bbox 1909 3209 2128 3275; x_wconf 87' lang='lat' dir='ltr'><em>Trinit.,</em></span> 
     </span>
    </p>
   </div>
   <div class='ocr_carea' id='block_1_35' title="bbox 477 3299 1352 3372">
    <p class='ocr_par' dir='ltr' id='par_1_35' title="bbox 477 3299 1352 3372">
     <span class='ocr_line' id='line_1_35' title="bbox 477 3299 1352 3372; baseline -0.001 -16"><span class='ocrx_word' id='word_1_254' title='bbox 477 3305 618 3357; x_wconf 84' lang='lat' dir='ltr'><em>tom.</em></span> <span class='ocrx_word' id='word_1_255' title='bbox 650 3300 805 3369; x_wconf 87' lang='lat' dir='ltr'><strong>VIII,</strong></span> <span class='ocrx_word' id='word_1_256' title='bbox 838 3299 946 3357; x_wconf 92' lang='lat' dir='ltr'><em>col.</em></span> <span class='ocrx_word' id='word_1_257' title='bbox 979 3301 1078 3356; x_wconf 91' lang='grc'><em>931</em></span> <span class='ocrx_word' id='word_1_258' title='bbox 1113 3304 1172 3355; x_wconf 91' lang='lat' dir='ltr'><em>et</em></span> <span class='ocrx_word' id='word_1_259' title='bbox 1201 3301 1352 3372; x_wconf 89' lang='lat' dir='ltr'>seq.)</span> 
     </span>
    </p>
   </div>
   <div class='ocr_carea' id='block_1_36' title="bbox 548 3386 2131 3465">
    <p class='ocr_par' dir='ltr' id='par_1_36' title="bbox 548 3386 2131 3465">
     <span class='ocr_line' id='line_1_36' title="bbox 548 3386 2131 3465; baseline -0.003 -19"><span class='ocrx_word' id='word_1_260' title='bbox 548 3389 693 3455; x_wconf 84' lang='lat' dir='ltr'><em>Quia</em></span> <span class='ocrx_word' id='word_1_261' title='bbox 721 3407 856 3465; x_wconf 88' lang='lat' dir='ltr'><em>ergo</em></span> <span class='ocrx_word' id='word_1_262' title='bbox 890 3391 1040 3446; x_wconf 89' lang='lat' dir='ltr'><em>Deus</em></span> <span class='ocrx_word' id='word_1_263' title='bbox 1072 3389 1272 3446; x_wconf 83' lang='lat' dir='ltr'><em>omnia</em></span> <span class='ocrx_word' id='word_1_264' title='bbox 1300 3406 1428 3463; x_wconf 63' lang='lat' dir='ltr'><em>quas</em></span> <span class='ocrx_word' id='word_1_265' title='bbox 1453 3406 1566 3444; x_wconf 88' lang='lat' dir='ltr'><em>non</em></span> <span class='ocrx_word' id='word_1_266' title='bbox 1600 3388 1671 3444; x_wconf 91' lang='lat' dir='ltr'><em>de</em></span> <span class='ocrx_word' id='word_1_267' title='bbox 1690 3404 1750 3444; x_wconf 89' lang='lat' dir='ltr'>se</span> <span class='ocrx_word' id='word_1_268' title='bbox 1768 3386 2131 3461; x_wconf 90' lang='lat' dir='ltr'><em>genuit,etc.,</em></span> 
     </span>
    </p>
   </div>
   <div class='ocr_carea' id='block_1_37' title="bbox 474 3476 2135 3554">
    <p class='ocr_par' dir='ltr' id='par_1_37' title="bbox 474 3476 2135 3554">
     <span class='ocr_line' id='line_1_37' title="bbox 474 3476 2135 3554; baseline -0.004 -17"><span class='ocrx_word' id='word_1_269' title='bbox 474 3497 645 3554; x_wconf 90' lang='lat' dir='ltr'><em>usque</em></span> <span class='ocrx_word' id='word_1_270' title='bbox 673 3479 744 3536; x_wconf 86' lang='lat' dir='ltr'><em>ad</em></span> <span class='ocrx_word' id='word_1_271' title='bbox 773 3479 1025 3536; x_wconf 84' lang='lat' dir='ltr'><em>sollicita</em></span> <span class='ocrx_word' id='word_1_272' title='bbox 1053 3479 1173 3536; x_wconf 91' lang='lat' dir='ltr'><em>sint</em></span> <span class='ocrx_word' id='word_1_273' title='bbox 1202 3478 1487 3535; x_wconf 91' lang='lat' dir='ltr'><em>membra.</em></span> <span class='ocrx_word' id='word_1_274' title='bbox 1521 3478 1653 3549; x_wconf 89' lang='lat' dir='ltr'><em>(Id.,</em></span> <span class='ocrx_word' id='word_1_275' title='bbox 1686 3477 1782 3534; x_wconf 90' lang='lat' dir='ltr'><em>lib.</em></span> <span class='ocrx_word' id='word_1_276' title='bbox 1816 3476 1881 3534; x_wconf 84' lang='lat' dir='ltr'><em>de</em></span> <span class='ocrx_word' id='word_1_277' title='bbox 1923 3480 2135 3534; x_wconf 82' lang='lat' dir='ltr'><em>Natura</em></span> 
     </span>
    </p>
   </div>
   <div class='ocr_carea' id='block_1_38' title="bbox 478 3567 1517 3641">
    <p class='ocr_par' dir='ltr' id='par_1_38' title="bbox 478 3567 1517 3641">
     <span class='ocr_line' id='line_1_38' title="bbox 478 3567 1517 3641; baseline -0.004 -14"><span class='ocrx_word' id='word_1_278' title='bbox 478 3572 622 3641; x_wconf 89' lang='lat' dir='ltr'><em>boni,</em></span> <span class='ocrx_word' id='word_1_279' title='bbox 658 3573 800 3626; x_wconf 90' lang='lat' dir='ltr'><em>tom.</em></span> <span class='ocrx_word' id='word_1_280' title='bbox 831 3567 983 3639; x_wconf 85' lang='lat' dir='ltr'><strong>VIII,</strong></span> <span class='ocrx_word' id='word_1_281' title='bbox 1016 3568 1124 3624; x_wconf 88' lang='lat' dir='ltr'><em>col.</em></span> <span class='ocrx_word' id='word_1_282' title='bbox 1156 3569 1263 3624; x_wconf 89' lang='lat'><em>520</em></span> <span class='ocrx_word' id='word_1_283' title='bbox 1291 3571 1348 3625; x_wconf 89' lang='lat' dir='ltr'><em>et</em></span> <span class='ocrx_word' id='word_1_284' title='bbox 1369 3570 1517 3639; x_wconf 90' lang='lat' dir='ltr'>seq.)</span> 
     </span>
    </p>
   </div>
   <div class='ocr_carea' id='block_1_39' title="bbox 1113 3760 1503 3817">
    <p class='ocr_par' dir='ltr' id='par_1_39' title="bbox 1113 3760 1503 3817">
     <span class='ocr_line' id='line_1_39' title="bbox 1113 3760 1503 3817; baseline -0.008 0"><span class='ocrx_word' id='word_1_285' title='bbox 1113 3760 1342 3817; x_wconf 82' lang='lat' dir='ltr'><em>CAPUT</em></span> <span class='ocrx_word' id='word_1_286' title='bbox 1382 3760 1503 3816; x_wconf 88' lang='lat' dir='ltr'><strong>XII.</strong></span> 
     </span>
    </p>
   </div>
   <div class='ocr_carea' id='block_1_40' title="bbox 554 3922 2130 3998">
    <p class='ocr_par' dir='ltr' id='par_1_40' title="bbox 554 3922 2130 3998">
     <span class='ocr_line' id='line_1_40' title="bbox 554 3922 2130 3998; baseline -0.003 -15"><span class='ocrx_word' id='word_1_287' title='bbox 554 3926 780 3983; x_wconf 81' lang='lat' dir='ltr'><em>Obsecro</em></span> <span class='ocrx_word' id='word_1_288' title='bbox 811 3928 1013 3998; x_wconf 83' lang='lat' dir='ltr'><em>itaque,</em></span> <span class='ocrx_word' id='word_1_289' title='bbox 1042 3925 1263 3997; x_wconf 78' lang='lat' dir='ltr'><em>fratres,</em></span> <span class='ocrx_word' id='word_1_290' title='bbox 1296 3923 1428 3989; x_wconf 89' lang='lat' dir='ltr'><em>etc.,</em></span> <span class='ocrx_word' id='word_1_291' title='bbox 1461 3938 1650 3994; x_wconf 90' lang='lat' dir='ltr'>usque</span> <span class='ocrx_word' id='word_1_292' title='bbox 1680 3923 1833 3978; x_wconf 72' lang='lat' dir='ltr'><em>ad&#39;et</em></span> <span class='ocrx_word' id='word_1_293' title='bbox 1883 3922 2130 3996; x_wconf 82' lang='lat' dir='ltr'><em>benepla-</em></span> 
     </span>
    </p>
   </div>
   <div class='ocr_carea' id='block_1_41' title="bbox 485 4016 966 4088">
    <p class='ocr_par' dir='ltr' id='par_1_41' title="bbox 485 4016 966 4088">
     <span class='ocr_line' id='line_1_41' title="bbox 485 4016 966 4088; baseline -0.008 -16"><span class='ocrx_word' id='word_1_294' title='bbox 485 4032 608 4073; x_wconf 88' lang='lat' dir='ltr'><em>cens</em></span> <span class='ocrx_word' id='word_1_295' title='bbox 633 4024 683 4072; x_wconf 89' lang='lat' dir='ltr'><em>et</em></span> <span class='ocrx_word' id='word_1_296' title='bbox 706 4016 966 4088; x_wconf 79' lang='lat' dir='ltr'><em>perfecta.</em></span> 
     </span>
    </p>
   </div>
   <div class='ocr_carea' id='block_1_42' title="bbox 553 4101 2135 4176">
    <p class='ocr_par' dir='ltr' id='par_1_42' title="bbox 553 4101 2135 4176">
     <span class='ocr_line' id='line_1_42' title="bbox 553 4101 2135 4176; baseline -0.002 -15"><span class='ocrx_word' id='word_1_297' title='bbox 553 4104 771 4162; x_wconf 90' lang='lat' dir='ltr'><em>Verum</em></span> <span class='ocrx_word' id='word_1_298' title='bbox 803 4102 1155 4162; x_wconf 80' lang='lat' dir='ltr'><em>sacrificium</em></span> <span class='ocrx_word' id='word_1_299' title='bbox 1195 4103 1285 4158; x_wconf 86' lang='lat' dir='ltr'><em>est</em></span> <span class='ocrx_word' id='word_1_300' title='bbox 1330 4116 1503 4157; x_wconf 89' lang='lat' dir='ltr'><em>omne</em></span> <span class='ocrx_word' id='word_1_301' title='bbox 1542 4117 1688 4173; x_wconf 90' lang='lat' dir='ltr'><em>opus</em></span> <span class='ocrx_word' id='word_1_302' title='bbox 1737 4101 1892 4174; x_wconf 91' lang='lat' dir='ltr'><em>quod</em></span> <span class='ocrx_word' id='word_1_303' title='bbox 1941 4102 2135 4176; x_wconf 87' lang='lat' dir='ltr'><em>agitur</em></span> 
     </span>
    </p>
   </div>
   <div class='ocr_carea' id='block_1_43' title="bbox 481 4188 2129 4269">
    <p class='ocr_par' dir='ltr' id='par_1_43' title="bbox 481 4188 2129 4269">
     <span class='ocr_line' id='line_1_43' title="bbox 481 4188 2129 4269; baseline -0.003 -17"><span class='ocrx_word' id='word_1_304' title='bbox 481 4200 615 4264; x_wconf 88' lang='lat' dir='ltr'><em>etc.,</em></span> <span class='ocrx_word' id='word_1_305' title='bbox 652 4212 819 4268; x_wconf 89' lang='lat' dir='ltr'><em>usque</em></span> <span class='ocrx_word' id='word_1_306' title='bbox 857 4193 929 4250; x_wconf 89' lang='lat' dir='ltr'><em>ad</em></span> <span class='ocrx_word' id='word_1_307' title='bbox 976 4210 1112 4269; x_wconf 91' lang='lat' dir='ltr'><em>pars</em></span> <span class='ocrx_word' id='word_1_308' title='bbox 1159 4191 1219 4247; x_wconf 92' lang='lat' dir='ltr'><em>in</em></span> <span class='ocrx_word' id='word_1_309' title='bbox 1250 4189 1366 4246; x_wconf 91' lang='lat' dir='ltr'><em>illis</em></span> <span class='ocrx_word' id='word_1_310' title='bbox 1406 4188 1745 4263; x_wconf 83' lang='lat' dir='ltr'><em>cpitulatur.</em></span> <span class='ocrx_word' id='word_1_311' title='bbox 1781 4190 1910 4263; x_wconf 92' lang='lat' dir='ltr'><em>(Id.,</em></span> <span class='ocrx_word' id='word_1_312' title='bbox 1943 4192 2040 4248; x_wconf 88' lang='lat' dir='ltr'><em>lib.</em></span> <span class='ocrx_word' id='word_1_313' title='bbox 2073 4210 2129 4261; x_wconf 66' lang='grc' dir='ltr'>χ,</span> 
     </span>
    </p>
   </div>
   <div class='ocr_carea' id='block_1_44' title="bbox 481 4279 1746 4353">
    <p class='ocr_par' dir='ltr' id='par_1_44' title="bbox 481 4279 1746 4353">
     <span class='ocr_line' id='line_1_44' title="bbox 481 4279 1746 4353; baseline -0.006 -10"><span class='ocrx_word' id='word_1_314' title='bbox 481 4285 546 4343; x_wconf 88' lang='lat' dir='ltr'><em>de</em></span> <span class='ocrx_word' id='word_1_315' title='bbox 579 4286 701 4343; x_wconf 84' lang='lat' dir='ltr'><em>Civ.</em></span> <span class='ocrx_word' id='word_1_316' title='bbox 734 4285 876 4350; x_wconf 91' lang='lat' dir='ltr'><em>Dei.,</em></span> <span class='ocrx_word' id='word_1_317' title='bbox 907 4288 1049 4340; x_wconf 91' lang='lat' dir='ltr'><em>tom.</em></span> <span class='ocrx_word' id='word_1_318' title='bbox 1076 4281 1204 4349; x_wconf 91' lang='lat' dir='ltr'><strong>VII,</strong></span> <span class='ocrx_word' id='word_1_319' title='bbox 1236 4279 1345 4336; x_wconf 91' lang='lat' dir='ltr'><em>col.</em></span> <span class='ocrx_word' id='word_1_320' title='bbox 1376 4280 1484 4336; x_wconf 90' lang='lat'><em>283</em></span> <span class='ocrx_word' id='word_1_321' title='bbox 1512 4284 1570 4335; x_wconf 90' lang='lat' dir='ltr'><em>et</em></span> <span class='ocrx_word' id='word_1_322' title='bbox 1600 4280 1746 4353; x_wconf 91' lang='lat' dir='ltr'>seq.)</span> 
     </span>
    </p>
   </div>
   <div class='ocr_carea' id='block_1_45' title="bbox 551 4369 2133 4444">
    <p class='ocr_par' dir='ltr' id='par_1_45' title="bbox 551 4369 2133 4444">
     <span class='ocr_line' id='line_1_45' title="bbox 551 4369 2133 4444; baseline -0.003 -12"><span class='ocrx_word' id='word_1_323' title='bbox 551 4377 616 4433; x_wconf 87' lang='lat' dir='ltr'><em>Et</em></span> <span class='ocrx_word' id='word_1_324' title='bbox 643 4377 811 4432; x_wconf 81' lang='lat' dir='ltr'><em>nolite</em></span> <span class='ocrx_word' id='word_1_325' title='bbox 839 4373 1179 4444; x_wconf 75' lang='lat' dir='ltr'><em>con-formari</em></span> <span class='ocrx_word' id='word_1_326' title='bbox 1206 4370 1336 4427; x_wconf 83' lang='lat' dir='ltr'><em>huic</em></span> <span class='ocrx_word' id='word_1_327' title='bbox 1365 4369 1587 4435; x_wconf 71' lang='lat' dir='ltr'><em>saeculo,</em></span> <span class='ocrx_word' id='word_1_328' title='bbox 1630 4369 1722 4425; x_wconf 86' lang='lat' dir='ltr'><em>sed</em></span> <span class='ocrx_word' id='word_1_329' title='bbox 1749 4370 2133 4441; x_wconf 82' lang='lat' dir='ltr'><em>reformamini</em></span> 
     </span>
    </p>
   </div>
   <div class='ocr_carea' id='block_1_46' title="bbox 479 4457 2129 4532">
    <p class='ocr_par' dir='ltr' id='par_1_46' title="bbox 479 4457 2129 4532">
     <span class='ocr_line' id='line_1_46' title="bbox 479 4457 2129 4532; baseline -0.005 -9"><span class='ocrx_word' id='word_1_330' title='bbox 479 4469 536 4523; x_wconf 90' lang='lat' dir='ltr'><em>in</em></span> <span class='ocrx_word' id='word_1_331' title='bbox 565 4469 803 4524; x_wconf 83' lang='lat' dir='ltr'><em>novitate</em></span> <span class='ocrx_word' id='word_1_332' title='bbox 830 4480 1020 4521; x_wconf 88' lang='lat' dir='ltr'><em>sensus</em></span> <span class='ocrx_word' id='word_1_333' title='bbox 1072 4462 1257 4518; x_wconf 88' lang='lat' dir='ltr'><em>vestri.</em></span> <span class='ocrx_word' id='word_1_334' title='bbox 1291 4459 1417 4516; x_wconf 89' lang='lat' dir='ltr'><em>Non</em></span> <span class='ocrx_word' id='word_1_335' title='bbox 1468 4458 1549 4514; x_wconf 87' lang='lat' dir='ltr'><em>ita</em></span> <span class='ocrx_word' id='word_1_336' title='bbox 1592 4462 1682 4514; x_wconf 89' lang='lat' dir='ltr'><em>est</em></span> <span class='ocrx_word' id='word_1_337' title='bbox 1722 4457 2129 4532; x_wconf 83' lang='lat' dir='ltr'><em>accipiendum</em></span> 
     </span>
    </p>
   </div>
   <div class='ocr_carea' id='block_1_47' title="bbox 479 4549 2129 4630">
    <p class='ocr_par' dir='ltr' id='par_1_47' title="bbox 479 4549 2129 4630">
     <span class='ocr_line' id='line_1_47' title="bbox 479 4549 2129 4630; baseline -0.003 -19"><span class='ocrx_word' id='word_1_338' title='bbox 479 4555 648 4630; x_wconf 89' lang='lat' dir='ltr'><em>quasi</em></span> <span class='ocrx_word' id='word_1_339' title='bbox 696 4558 885 4610; x_wconf 90' lang='lat' dir='ltr'><em>totum</em></span> <span class='ocrx_word' id='word_1_340' title='bbox 935 4550 1199 4608; x_wconf 90' lang='lat' dir='ltr'><em>amiserit</em></span> <span class='ocrx_word' id='word_1_341' title='bbox 1247 4549 1441 4619; x_wconf 90' lang='lat' dir='ltr'><em>homo,</em></span> <span class='ocrx_word' id='word_1_342' title='bbox 1482 4551 1614 4617; x_wconf 90' lang='lat' dir='ltr'><em>etc.,</em></span> <span class='ocrx_word' id='word_1_343' title='bbox 1647 4564 1818 4621; x_wconf 87' lang='lat' dir='ltr'><em>usque</em></span> <span class='ocrx_word' id='word_1_344' title='bbox 1863 4549 1933 4603; x_wconf 90' lang='lat' dir='ltr'><em>ad</em></span> <span class='ocrx_word' id='word_1_345' title='bbox 1983 4566 2129 4606; x_wconf 89' lang='lat' dir='ltr'><em>vane</em></span> 
     </span>
    </p>
   </div>
   <div class='ocr_carea' id='block_1_48' title="bbox 475 4636 2202 4728">
    <p class='ocr_par' dir='ltr' id='par_1_48' title="bbox 475 4636 2202 4728">
     <span class='ocr_line' id='line_1_48' title="bbox 475 4636 2202 4728; baseline -0.006 -27"><span class='ocrx_word' id='word_1_346' title='bbox 475 4642 879 4702; x_wconf 87' lang='lat' dir='ltr'><em>conturbatur.</em></span> <span class='ocrx_word' id='word_1_347' title='bbox 916 4641 1047 4714; x_wconf 84' lang='lat' dir='ltr'><em>(Id.,</em></span> <span class='ocrx_word' id='word_1_348' title='bbox 1083 4640 1180 4695; x_wconf 89' lang='lat' dir='ltr'><em>lib.</em></span> <span class='ocrx_word' id='word_1_349' title='bbox 1212 4655 1230 4693; x_wconf 87' lang='lat'>1</span> <span class='ocrx_word' id='word_1_350' title='bbox 1263 4639 1579 4728; x_wconf 71' lang='lat' dir='ltr'><em>Retractat.,</em></span> <span class='ocrx_word' id='word_1_351' title='bbox 1603 4641 1752 4708; x_wconf 65' lang='lat' dir='ltr'><em>,tom.</em></span> <span class='ocrx_word' id='word_1_352' title='bbox 1787 4636 1949 4706; x_wconf 87' lang='lat' dir='ltr'><em>I,col.</em></span> <span class='ocrx_word' id='word_1_353' title='bbox 1973 4639 2126 4706; x_wconf 84' lang='lat'>628.)</span> <span class='ocrx_word' id='word_1_354' title='bbox 2155 4663 2202 4728; x_wconf 72' lang='grc' dir='ltr'><strong>Β</strong></span> 
     </span>
    </p>
   </div>
   <div class='ocr_carea' id='block_1_49' title="bbox 546 4726 2122 4801">
    <p class='ocr_par' dir='ltr' id='par_1_49' title="bbox 546 4726 2122 4801">
     <span class='ocr_line' id='line_1_49' title="bbox 546 4726 2122 4801; baseline -0.003 -13"><span class='ocrx_word' id='word_1_355' title='bbox 546 4732 654 4798; x_wconf 87' lang='lat' dir='ltr'><em>Qui</em></span> <span class='ocrx_word' id='word_1_356' title='bbox 682 4748 816 4788; x_wconf 90' lang='lat' dir='ltr'><em>vero</em></span> <span class='ocrx_word' id='word_1_357' title='bbox 846 4726 1287 4787; x_wconf 87' lang='lat' dir='ltr'><em>commemorati</em></span> <span class='ocrx_word' id='word_1_358' title='bbox 1316 4730 1753 4794; x_wconf 78' lang='lat' dir='ltr'><em>convertuntur,</em></span> <span class='ocrx_word' id='word_1_359' title='bbox 1785 4730 1918 4795; x_wconf 92' lang='lat' dir='ltr'><em>etc.,</em></span> <span class='ocrx_word' id='word_1_360' title='bbox 1952 4745 2122 4801; x_wconf 87' lang='lat' dir='ltr'><em>usque</em></span> 
     </span>
    </p>
   </div>
   <div class='ocr_carea' id='block_1_50' title="bbox 475 4815 2119 4896">
    <p class='ocr_par' dir='ltr' id='par_1_50' title="bbox 475 4815 2119 4896">
     <span class='ocr_line' id='line_1_50' title="bbox 475 4815 2119 4896; baseline -0.007 -13"><span class='ocrx_word' id='word_1_361' title='bbox 475 4822 545 4883; x_wconf 84' lang='lat' dir='ltr'><em>ad</em></span> <span class='ocrx_word' id='word_1_362' title='bbox 571 4823 723 4883; x_wconf 87' lang='lat' dir='ltr'><em>sicut</em></span> <span class='ocrx_word' id='word_1_363' title='bbox 755 4820 945 4896; x_wconf 88' lang='lat' dir='ltr'><em>potuit</em></span> <span class='ocrx_word' id='word_1_364' title='bbox 972 4819 1316 4875; x_wconf 85' lang='lat' dir='ltr'><em>deformare.</em></span> <span class='ocrx_word' id='word_1_365' title='bbox 1349 4815 1481 4889; x_wconf 89' lang='lat' dir='ltr'><em>(Id.,</em></span> <span class='ocrx_word' id='word_1_366' title='bbox 1517 4815 1613 4871; x_wconf 88' lang='lat' dir='ltr'><em>lib.</em></span> <span class='ocrx_word' id='word_1_367' title='bbox 1645 4833 1742 4872; x_wconf 82' lang='lat' dir='ltr'><em>x1v</em></span> <span class='ocrx_word' id='word_1_368' title='bbox 1791 4815 1855 4872; x_wconf 88' lang='lat' dir='ltr'><em>de</em></span> <span class='ocrx_word' id='word_1_369' title='bbox 1899 4817 2119 4888; x_wconf 88' lang='lat' dir='ltr'><em>Trinit.,</em></span> 
     </span>
    </p>
   </div>
   <div class='ocr_carea' id='block_1_51' title="bbox 472 4907 1162 4979">
    <p class='ocr_par' dir='ltr' id='par_1_51' title="bbox 472 4907 1162 4979">
     <span class='ocr_line' id='line_1_51' title="bbox 472 4907 1162 4979; baseline -0.012 -9"><span class='ocrx_word' id='word_1_370' title='bbox 472 4916 617 4970; x_wconf 85' lang='lat' dir='ltr'><em>tom.</em></span> <span class='ocrx_word' id='word_1_371' title='bbox 647 4910 800 4979; x_wconf 84' lang='lat' dir='ltr'><strong>VIII,</strong></span> <span class='ocrx_word' id='word_1_372' title='bbox 833 4907 942 4967; x_wconf 93' lang='lat' dir='ltr'><em>col.</em></span> <span class='ocrx_word' id='word_1_373' title='bbox 980 4908 1162 4977; x_wconf 89' lang='grc'>1053.)</span> 
     </span>
    </p>
   </div>
   <div class='ocr_carea' id='block_1_52' title="bbox 544 4994 2121 5073">
    <p class='ocr_par' dir='ltr' id='par_1_52' title="bbox 544 4994 2121 5073">
     <span class='ocr_line' id='line_1_52' title="bbox 544 4994 2121 5073; baseline -0.005 -14"><span class='ocrx_word' id='word_1_374' title='bbox 544 5000 831 5060; x_wconf 85' lang='lat' dir='ltr'><em>Dominus</em></span> <span class='ocrx_word' id='word_1_375' title='bbox 877 4998 977 5073; x_wconf 87' lang='lat' dir='ltr'><em>qui</em></span> <span class='ocrx_word' id='word_1_376' title='bbox 1020 4997 1262 5054; x_wconf 85' lang='lat' dir='ltr'><em>verbum</em></span> <span class='ocrx_word' id='word_1_377' title='bbox 1309 5012 1732 5052; x_wconf 89' lang='lat' dir='ltr'><em>consummans</em></span> <span class='ocrx_word' id='word_1_378' title='bbox 1766 4998 1822 5051; x_wconf 88' lang='lat' dir='ltr'><em>et</em></span> <span class='ocrx_word' id='word_1_379' title='bbox 1849 4994 2121 5051; x_wconf 88' lang='lat' dir='ltr'><em>brevians</em></span> 
     </span>
    </p>
   </div>
   <div class='ocr_carea' id='block_1_53' title="bbox 476 5083 2123 5161">
    <p class='ocr_par' dir='ltr' id='par_1_53' title="bbox 476 5083 2123 5161">
     <span class='ocr_line' id='line_1_53' title="bbox 476 5083 2123 5161; baseline -0.004 -14"><span class='ocrx_word' id='word_1_380' title='bbox 476 5088 627 5158; x_wconf 78' lang='lat' dir='ltr'><em>fecit,</em></span> <span class='ocrx_word' id='word_1_381' title='bbox 679 5095 815 5159; x_wconf 89' lang='lat' dir='ltr'><em>etc.,</em></span> <span class='ocrx_word' id='word_1_382' title='bbox 858 5104 1029 5161; x_wconf 83' lang='lat' dir='ltr'><em>usque</em></span> <span class='ocrx_word' id='word_1_383' title='bbox 1076 5087 1145 5143; x_wconf 91' lang='lat' dir='ltr'><em>ad</em></span> <span class='ocrx_word' id='word_1_384' title='bbox 1193 5086 1475 5158; x_wconf 87' lang='lat' dir='ltr'><em>perducat</em></span> <span class='ocrx_word' id='word_1_385' title='bbox 1522 5083 1734 5140; x_wconf 78' lang='lat' dir='ltr'><em>officio.</em></span> <span class='ocrx_word' id='word_1_386' title='bbox 1768 5085 1900 5153; x_wconf 93' lang='lat' dir='ltr'><em>(Id.,</em></span> <span class='ocrx_word' id='word_1_387' title='bbox 1934 5086 2010 5141; x_wconf 89' lang='lat' dir='ltr'><em>lib</em></span> <span class='ocrx_word' id='word_1_388' title='bbox 2057 5085 2123 5141; x_wconf 89' lang='lat' dir='ltr'><em>de</em></span> 
     </span>
    </p>
   </div>
   <div class='ocr_carea' id='block_1_54' title="bbox 472 5172 2047 5255">
    <p class='ocr_par' dir='ltr' id='par_1_54' title="bbox 472 5172 2047 5255">
     <span class='ocr_line' id='line_1_54' title="bbox 472 5172 2047 5255; baseline -0.006 -16"><span class='ocrx_word' id='word_1_389' title='bbox 472 5185 625 5255; x_wconf 82' lang='lat' dir='ltr'><em>Perf.</em></span> <span class='ocrx_word' id='word_1_390' title='bbox 646 5182 786 5255; x_wconf 87' lang='lat' dir='ltr'><em>just.</em></span> <span class='ocrx_word' id='word_1_391' title='bbox 821 5180 989 5248; x_wconf 88' lang='lat' dir='ltr'><em>hom.,</em></span> <span class='ocrx_word' id='word_1_392' title='bbox 1020 5181 1161 5234; x_wconf 90' lang='lat' dir='ltr'><em>tom.</em></span> <span class='ocrx_word' id='word_1_393' title='bbox 1191 5174 1256 5243; x_wconf 89' lang='lat' dir='ltr'><em>X,</em></span> <span class='ocrx_word' id='word_1_394' title='bbox 1290 5179 1438 5247; x_wconf 89' lang='lat' dir='ltr'><em>part.</em></span> <span class='ocrx_word' id='word_1_395' title='bbox 1468 5192 1508 5245; x_wconf 87' lang='grc' dir='ltr'><em>ι,</em></span> <span class='ocrx_word' id='word_1_396' title='bbox 1539 5172 1647 5229; x_wconf 92' lang='lat' dir='ltr'><em>col.</em></span> <span class='ocrx_word' id='word_1_397' title='bbox 1678 5173 1786 5229; x_wconf 92' lang='lat'><em>296</em></span> <span class='ocrx_word' id='word_1_398' title='bbox 1816 5179 1872 5229; x_wconf 88' lang='lat' dir='ltr'><em>et</em></span> <span class='ocrx_word' id='word_1_399' title='bbox 1902 5175 2047 5249; x_wconf 89' lang='lat' dir='ltr'>seq.)</span> 
     </span>
    </p>
   </div>
   <div class='ocr_carea' id='block_1_55' title="bbox 544 5262 2118 5339">
    <p class='ocr_par' dir='ltr' id='par_1_55' title="bbox 544 5262 2118 5339">
     <span class='ocr_line' id='line_1_55' title="bbox 544 5262 2118 5339; baseline -0.004 -12"><span class='ocrx_word' id='word_1_400' title='bbox 544 5270 690 5339; x_wconf 82' lang='lat' dir='ltr'><em>Quid</em></span> <span class='ocrx_word' id='word_1_401' title='bbox 723 5274 813 5326; x_wconf 91' lang='lat' dir='ltr'><em>est</em></span> <span class='ocrx_word' id='word_1_402' title='bbox 842 5272 1038 5324; x_wconf 85' lang='lat' dir='ltr'><em>autem</em></span> <span class='ocrx_word' id='word_1_403' title='bbox 1064 5265 1223 5322; x_wconf 87' lang='lat' dir='ltr'><em>aliud</em></span> <span class='ocrx_word' id='word_1_404' title='bbox 1261 5262 1501 5336; x_wconf 88' lang='lat' dir='ltr'><em>justitia</em></span> <span class='ocrx_word' id='word_1_405' title='bbox 1529 5280 1665 5319; x_wconf 90' lang='lat' dir='ltr'><em>cum</em></span> <span class='ocrx_word' id='word_1_406' title='bbox 1698 5263 1756 5318; x_wconf 90' lang='lat' dir='ltr'><em>in</em></span> <span class='ocrx_word' id='word_1_407' title='bbox 1809 5264 1978 5320; x_wconf 88' lang='lat' dir='ltr'><em>nobis</em></span> <span class='ocrx_word' id='word_1_408' title='bbox 2009 5268 2118 5331; x_wconf 88' lang='lat' dir='ltr'><em>est,</em></span> 
     </span>
    </p>
   </div>
   <div class='ocr_carea' id='block_1_56' title="bbox 471 5351 2120 5432">
    <p class='ocr_par' dir='ltr' id='par_1_56' title="bbox 471 5351 2120 5432">
     <span class='ocr_line' id='line_1_56' title="bbox 471 5351 2120 5432; baseline -0.005 -14"><span class='ocrx_word' id='word_1_409' title='bbox 471 5366 607 5431; x_wconf 91' lang='lat' dir='ltr'><em>etc.,</em></span> <span class='ocrx_word' id='word_1_410' title='bbox 637 5375 810 5432; x_wconf 84' lang='lat' dir='ltr'><em>usque</em></span> <span class='ocrx_word' id='word_1_411' title='bbox 837 5358 907 5414; x_wconf 88' lang='lat' dir='ltr'><em>ad</em></span> <span class='ocrx_word' id='word_1_412' title='bbox 936 5356 1006 5413; x_wconf 87' lang='lat' dir='ltr'><em>ad</em></span> <span class='ocrx_word' id='word_1_413' title='bbox 1040 5354 1355 5427; x_wconf 88' lang='lat' dir='ltr'><em>imaginem</em></span> <span class='ocrx_word' id='word_1_414' title='bbox 1388 5351 1512 5408; x_wconf 91' lang='lat' dir='ltr'><em>Dei.</em></span> <span class='ocrx_word' id='word_1_415' title='bbox 1544 5352 1680 5422; x_wconf 85' lang='lat' dir='ltr'><em>(Id.,</em></span> <span class='ocrx_word' id='word_1_416' title='bbox 1712 5354 1849 5424; x_wconf 87' lang='lat' dir='ltr'><em>epist</em></span> <span class='ocrx_word' id='word_1_417' title='bbox 1879 5354 1951 5409; x_wconf 89' lang='lat' dir='ltr'><em>ad</em></span> <span class='ocrx_word' id='word_1_418' title='bbox 1983 5353 2120 5409; x_wconf 87' lang='lat' dir='ltr'><em>Con-</em></span> 
     </span>
    </p>
   </div>
   <div class='ocr_carea' id='block_1_57' title="bbox 468 5440 1720 5513">
    <p class='ocr_par' dir='ltr' id='par_1_57' title="bbox 468 5440 1720 5513">
     <span class='ocr_line' id='line_1_57' title="bbox 468 5440 1720 5513; baseline -0.01 -5"><span class='ocrx_word' id='word_1_419' title='bbox 468 5452 709 5509; x_wconf 83' lang='lat' dir='ltr'><em>sentium</em></span> <span class='ocrx_word' id='word_1_420' title='bbox 736 5449 800 5505; x_wconf 88' lang='lat' dir='ltr'><em>de</em></span> <span class='ocrx_word' id='word_1_421' title='bbox 832 5447 1117 5512; x_wconf 85' lang='lat' dir='ltr'><em>Trinitate,</em></span> <span class='ocrx_word' id='word_1_422' title='bbox 1148 5449 1290 5498; x_wconf 90' lang='lat' dir='ltr'><em>tom.</em></span> <span class='ocrx_word' id='word_1_423' title='bbox 1325 5445 1398 5507; x_wconf 89' lang='lat' dir='ltr'><em>II,</em></span> <span class='ocrx_word' id='word_1_424' title='bbox 1432 5440 1540 5497; x_wconf 94' lang='lat' dir='ltr'><em>col.</em></span> <span class='ocrx_word' id='word_1_425' title='bbox 1575 5440 1720 5513; x_wconf 77' lang='grc'>462.)</span> 
     </span>
    </p>
   </div>
   <div class='ocr_carea' id='block_1_58' title="bbox 540 5529 2121 5595">
    <p class='ocr_par' dir='ltr' id='par_1_58' title="bbox 540 5529 2121 5595">
     <span class='ocr_line' id='line_1_58' title="bbox 540 5529 2121 5595; baseline -0.006 0"><span class='ocrx_word' id='word_1_426' title='bbox 540 5540 620 5595; x_wconf 81' lang='lat' dir='ltr'>Ex</span> <span class='ocrx_word' id='word_1_427' title='bbox 649 5538 799 5594; x_wconf 90' lang='lat' dir='ltr'><em>libro</em></span> <span class='ocrx_word' id='word_1_428' title='bbox 829 5534 1263 5593; x_wconf 79' lang='lat' dir='ltr'><em>confessionum</em></span> <span class='ocrx_word' id='word_1_429' title='bbox 1296 5529 1699 5587; x_wconf 89' lang='lat' dir='ltr'><em>tertiodecimo</em></span> <span class='ocrx_word' id='word_1_430' title='bbox 1740 5546 1873 5586; x_wconf 89' lang='lat' dir='ltr'><em>cum</em></span> <span class='ocrx_word' id='word_1_431' title='bbox 1908 5531 1977 5587; x_wconf 91' lang='lat' dir='ltr'><em>de</em></span> <span class='ocrx_word' id='word_1_432' title='bbox 2008 5531 2121 5587; x_wconf 89' lang='lat' dir='ltr'><em>ini-</em></span> 
     </span>
    </p>
   </div>
   <div class='ocr_carea' id='block_1_59' title="bbox 468 5619 2115 5695">
    <p class='ocr_par' dir='ltr' id='par_1_59' title="bbox 468 5619 2115 5695">
     <span class='ocr_line' id='line_1_59' title="bbox 468 5619 2115 5695; baseline -0.005 -10"><span class='ocrx_word' id='word_1_433' title='bbox 468 5630 548 5685; x_wconf 91' lang='lat' dir='ltr'><em>tio</em></span> <span class='ocrx_word' id='word_1_434' title='bbox 580 5627 841 5695; x_wconf 86' lang='lat' dir='ltr'><em>Genesis,</em></span> <span class='ocrx_word' id='word_1_435' title='bbox 871 5630 1009 5693; x_wconf 88' lang='lat' dir='ltr'><em>etc.,</em></span> <span class='ocrx_word' id='word_1_436' title='bbox 1039 5639 1210 5695; x_wconf 86' lang='lat' dir='ltr'><em>usque</em></span> <span class='ocrx_word' id='word_1_437' title='bbox 1239 5620 1311 5676; x_wconf 89' lang='lat' dir='ltr'><em>ad</em></span> <span class='ocrx_word' id='word_1_438' title='bbox 1351 5619 1673 5692; x_wconf 82' lang='lat' dir='ltr'><em>perfectum</em></span> <span class='ocrx_word' id='word_1_439' title='bbox 1709 5624 1816 5675; x_wconf 89' lang='lat' dir='ltr'><em>est.</em></span> <span class='ocrx_word' id='word_1_440' title='bbox 1852 5620 1983 5692; x_wconf 91' lang='lat' dir='ltr'><strong>(Id.,</strong></span> <span class='ocrx_word' id='word_1_441' title='bbox 2018 5621 2115 5677; x_wconf 90' lang='lat' dir='ltr'><em>lib.</em></span> 
     </span>
    </p>
   </div>
   <div class='ocr_carea' id='block_1_60' title="bbox 470 5709 1287 5791">
    <p class='ocr_par' dir='ltr' id='par_1_60' title="bbox 470 5709 1287 5791">
     <span class='ocr_line' id='line_1_60' title="bbox 470 5709 1287 5791; baseline -0.013 -16"><span class='ocrx_word' id='word_1_442' title='bbox 470 5720 706 5791; x_wconf 63' lang='lat' dir='ltr'><em>Confes,</em></span> <span class='ocrx_word' id='word_1_443' title='bbox 737 5722 881 5774; x_wconf 92' lang='lat' dir='ltr'><em>tom.</em></span> <span class='ocrx_word' id='word_1_444' title='bbox 916 5719 963 5782; x_wconf 88' lang='grc' dir='ltr'>Ι,</span> <span class='ocrx_word' id='word_1_445' title='bbox 993 5712 1104 5771; x_wconf 93' lang='lat' dir='ltr'><em>col.</em></span> <span class='ocrx_word' id='word_1_446' title='bbox 1134 5709 1287 5780; x_wconf 89' lang='lat'>658.)</span> 
     </span>
    </p>
   </div>
   <div class='ocr_carea' id='block_1_61' title="bbox 2165 1915 2213 1981">
    <p class='ocr_par' dir='ltr' id='par_1_61' title="bbox 2165 1915 2213 1981">
     <span class='ocr_line' id='line_1_61' title="bbox 2165 1915 2213 1981; baseline 0 0"><span class='ocrx_word' id='word_1_447' title='bbox 2165 1915 2213 1981; x_wconf 91' lang='lat' dir='ltr'><strong>B</strong></span> 
     </span>
    </p>
   </div>
   <div class='ocr_carea' id='block_1_62' title="bbox 2226 621 3900 696">
    <p class='ocr_par' dir='ltr' id='par_1_62' title="bbox 2226 621 3900 696">
     <span class='ocr_line' id='line_1_62' title="bbox 2226 621 3900 696; baseline -0.001 -17"><span class='ocrx_word' id='word_1_448' title='bbox 2226 621 3004 696; x_wconf 76' lang='lat' dir='ltr'><em>sobrietatemJntelligamus</em></span> <span class='ocrx_word' id='word_1_449' title='bbox 3035 639 3213 696; x_wconf 85' lang='lat' dir='ltr'><em>quam</em></span> <span class='ocrx_word' id='word_1_450' title='bbox 3245 621 3321 679; x_wconf 85' lang='lat' dir='ltr'><em>sit</em></span> <span class='ocrx_word' id='word_1_451' title='bbox 3348 621 3625 695; x_wconf 86' lang='lat' dir='ltr'><em>Apostolo</em></span> <span class='ocrx_word' id='word_1_452' title='bbox 3657 622 3900 678; x_wconf 86' lang='lat' dir='ltr'><em>obtem-</em></span> 
     </span>
    </p>
   </div>
   <div class='ocr_carea' id='block_1_63' title="bbox 2229 710 3903 784">
    <p class='ocr_par' dir='ltr' id='par_1_63' title="bbox 2229 710 3903 784">
     <span class='ocr_line' id='line_1_63' title="bbox 2229 710 3903 784; baseline 0 -17"><span class='ocrx_word' id='word_1_453' title='bbox 2229 712 2556 784; x_wconf 88' lang='lat' dir='ltr'><em>perandum</em></span> <span class='ocrx_word' id='word_1_454' title='bbox 2610 711 2991 784; x_wconf 86' lang='lat' dir='ltr'><em>praecipienti,</em></span> <span class='ocrx_word' id='word_1_455' title='bbox 3042 715 3174 780; x_wconf 92' lang='lat' dir='ltr'><em>etc.,</em></span> <span class='ocrx_word' id='word_1_456' title='bbox 3228 727 3398 783; x_wconf 85' lang='lat' dir='ltr'><em>usque</em></span> <span class='ocrx_word' id='word_1_457' title='bbox 3446 710 3518 766; x_wconf 87' lang='lat' dir='ltr'><em>ad</em></span> <span class='ocrx_word' id='word_1_458' title='bbox 3567 714 3903 783; x_wconf 80' lang='lat' dir='ltr'><em>antequam</em></span> 
     </span>
    </p>
   </div>
   <div class='ocr_carea' id='block_1_64' title="bbox 2230 799 3902 873">
    <p class='ocr_par' dir='ltr' id='par_1_64' title="bbox 2230 799 3902 873">
     <span class='ocr_line' id='line_1_64' title="bbox 2230 799 3902 873; baseline -0.001 -17"><span class='ocrx_word' id='word_1_459' title='bbox 2230 804 2472 857; x_wconf 85' lang='lat' dir='ltr'><em>crescat.</em></span> <span class='ocrx_word' id='word_1_460' title='bbox 2506 801 2640 872; x_wconf 88' lang='lat' dir='ltr'><em>(Id.,</em></span> <span class='ocrx_word' id='word_1_461' title='bbox 2675 801 2771 871; x_wconf 85' lang='lat' dir='ltr'><em>lib,</em></span> <span class='ocrx_word' id='word_1_462' title='bbox 2805 818 2884 856; x_wconf 83' lang='lat' dir='ltr'><em>xu</em></span> <span class='ocrx_word' id='word_1_463' title='bbox 2914 800 2980 857; x_wconf 90' lang='lat' dir='ltr'><em>de</em></span> <span class='ocrx_word' id='word_1_464' title='bbox 3010 800 3102 856; x_wconf 88' lang='lat' dir='ltr'><em>Civ</em></span> <span class='ocrx_word' id='word_1_465' title='bbox 3132 802 3250 869; x_wconf 90' lang='lat' dir='ltr'><em>Dei,</em></span> <span class='ocrx_word' id='word_1_466' title='bbox 3284 805 3422 856; x_wconf 85' lang='lat' dir='ltr'><em>tom.</em></span> <span class='ocrx_word' id='word_1_467' title='bbox 3456 800 3711 867; x_wconf 90' lang='lat' dir='ltr'><em>VII,col.</em></span> <span class='ocrx_word' id='word_1_468' title='bbox 3733 799 3902 873; x_wconf 89' lang='lat'>365.)</span> 
     </span>
    </p>
   </div>
   <div class='ocr_carea' id='block_1_65' title="bbox 2300 889 3909 963">
    <p class='ocr_par' dir='ltr' id='par_1_65' title="bbox 2300 889 3909 963">
     <span class='ocr_line' id='line_1_65' title="bbox 2300 889 3909 963; baseline 0.001 -19"><span class='ocrx_word' id='word_1_469' title='bbox 2300 890 2364 944; x_wconf 89' lang='lat' dir='ltr'><em>Et</em></span> <span class='ocrx_word' id='word_1_470' title='bbox 2385 891 2683 963; x_wconf 72' lang='lat' dir='ltr'><em>unicuique</em></span> <span class='ocrx_word' id='word_1_471' title='bbox 2703 892 2847 947; x_wconf 86' lang='lat' dir='ltr'><em>sicut</em></span> <span class='ocrx_word' id='word_1_472' title='bbox 2877 891 3016 947; x_wconf 86' lang='lat' dir='ltr'><em>Deus</em></span> <span class='ocrx_word' id='word_1_473' title='bbox 3054 889 3266 961; x_wconf 88' lang='lat' dir='ltr'><em>divisit,</em></span> <span class='ocrx_word' id='word_1_474' title='bbox 3299 892 3434 962; x_wconf 89' lang='lat' dir='ltr'><em>etc.,</em></span> <span class='ocrx_word' id='word_1_475' title='bbox 3467 906 3657 962; x_wconf 87' lang='lat' dir='ltr'><em>usque</em></span> <span class='ocrx_word' id='word_1_476' title='bbox 3685 890 3758 945; x_wconf 90' lang='lat' dir='ltr'><em>ad</em></span> <span class='ocrx_word' id='word_1_477' title='bbox 3793 892 3909 963; x_wconf 86' lang='lat' dir='ltr'><em>qui</em></span> 
     </span>
    </p>
   </div>
   <div class='ocr_carea' id='block_1_66' title="bbox 2227 980 2933 1051">
    <p class='ocr_par' dir='ltr' id='par_1_66' title="bbox 2227 980 2933 1051">
     <span class='ocr_line' id='line_1_66' title="bbox 2227 980 2933 1051; baseline 0 -17"><span class='ocrx_word' id='word_1_478' title='bbox 2227 986 2429 1051; x_wconf 73' lang='lat' dir='ltr'><em>praeest</em></span> <span class='ocrx_word' id='word_1_479' title='bbox 2461 980 2521 1034; x_wconf 88' lang='lat' dir='ltr'><em>in</em></span> <span class='ocrx_word' id='word_1_480' title='bbox 2539 980 2933 1036; x_wconf 78' lang='lat' dir='ltr'><em>sollicitudine.</em></span> 
     </span>
    </p>
   </div>
   <div class='ocr_carea' id='block_1_67' title="bbox 2304 1067 3906 1143">
    <p class='ocr_par' dir='ltr' id='par_1_67' title="bbox 2304 1067 3906 1143">
     <span class='ocr_line' id='line_1_67' title="bbox 2304 1067 3906 1143; baseline -0.001 -19"><span class='ocrx_word' id='word_1_481' title='bbox 2304 1069 2449 1124; x_wconf 90' lang='lat' dir='ltr'><em>Ecce</em></span> <span class='ocrx_word' id='word_1_482' title='bbox 2495 1072 2759 1141; x_wconf 89' lang='lat' dir='ltr'><em>apertam</em></span> <span class='ocrx_word' id='word_1_483' title='bbox 2809 1067 3238 1126; x_wconf 77' lang='lat' dir='ltr'><em>confessionem</em></span> <span class='ocrx_word' id='word_1_484' title='bbox 3286 1067 3447 1123; x_wconf 90' lang='lat' dir='ltr'><em>illius</em></span> <span class='ocrx_word' id='word_1_485' title='bbox 3498 1068 3721 1143; x_wconf 71' lang='lat' dir='ltr'><em>gratiae,</em></span> <span class='ocrx_word' id='word_1_486' title='bbox 3751 1071 3906 1137; x_wconf 89' lang='lat' dir='ltr'><em>etc.,</em></span> 
     </span>
    </p>
   </div>
   <div class='ocr_carea' id='block_1_68' title="bbox 2233 1156 3905 1232">
    <p class='ocr_par' dir='ltr' id='par_1_68' title="bbox 2233 1156 3905 1232">
     <span class='ocr_line' id='line_1_68' title="bbox 2233 1156 3905 1232; baseline 0.001 -18"><span class='ocrx_word' id='word_1_487' title='bbox 2233 1174 2401 1231; x_wconf 86' lang='lat' dir='ltr'><em>usque</em></span> <span class='ocrx_word' id='word_1_488' title='bbox 2429 1158 2499 1214; x_wconf 88' lang='lat' dir='ltr'><em>ad</em></span> <span class='ocrx_word' id='word_1_489' title='bbox 2530 1157 2852 1231; x_wconf 87' lang='lat' dir='ltr'><em>unicuique</em></span> <span class='ocrx_word' id='word_1_490' title='bbox 2903 1158 3206 1232; x_wconf 88' lang='lat' dir='ltr'><em>partitum.</em></span> <span class='ocrx_word' id='word_1_491' title='bbox 3241 1157 3368 1231; x_wconf 90' lang='lat' dir='ltr'><em>(Id.,</em></span> <span class='ocrx_word' id='word_1_492' title='bbox 3401 1159 3539 1231; x_wconf 87' lang='lat' dir='ltr'><em>epist</em></span> <span class='ocrx_word' id='word_1_493' title='bbox 3583 1156 3654 1214; x_wconf 81' lang='lat' dir='ltr'><em>ad</em></span> <span class='ocrx_word' id='word_1_494' title='bbox 3700 1159 3905 1216; x_wconf 85' lang='lat' dir='ltr'><em>Julia-</em></span> 
     </span>
    </p>
   </div>
   <div class='ocr_carea' id='block_1_69' title="bbox 2232 1247 2997 1320">
    <p class='ocr_par' dir='ltr' id='par_1_69' title="bbox 2232 1247 2997 1320">
     <span class='ocr_line' id='line_1_69' title="bbox 2232 1247 2997 1320; baseline 0.003 -18"><span class='ocrx_word' id='word_1_495' title='bbox 2232 1264 2391 1319; x_wconf 82' lang='lat' dir='ltr'><em>num,</em></span> <span class='ocrx_word' id='word_1_496' title='bbox 2421 1251 2564 1303; x_wconf 88' lang='lat' dir='ltr'><em>tom.</em></span> <span class='ocrx_word' id='word_1_497' title='bbox 2600 1251 2672 1316; x_wconf 94' lang='lat' dir='ltr'><em>II,</em></span> <span class='ocrx_word' id='word_1_498' title='bbox 2708 1247 2815 1304; x_wconf 93' lang='lat' dir='ltr'><em>col.</em></span> <span class='ocrx_word' id='word_1_499' title='bbox 2848 1248 2997 1320; x_wconf 89' lang='grc'>853.)</span> 
     </span>
    </p>
   </div>
   <div class='ocr_carea' id='block_1_70' title="bbox 2306 1335 3904 1411">
    <p class='ocr_par' dir='ltr' id='par_1_70' title="bbox 2306 1335 3904 1411">
     <span class='ocr_line' id='line_1_70' title="bbox 2306 1335 3904 1411; baseline 0.003 -20"><span class='ocrx_word' id='word_1_500' title='bbox 2306 1336 2387 1392; x_wconf 89' lang='lat' dir='ltr'><em>De</em></span> <span class='ocrx_word' id='word_1_501' title='bbox 2419 1336 2668 1405; x_wconf 85' lang='lat' dir='ltr'><em>ﬁde,hoc</em></span> <span class='ocrx_word' id='word_1_502' title='bbox 2688 1341 2778 1393; x_wconf 89' lang='lat' dir='ltr'><em>est</em></span> <span class='ocrx_word' id='word_1_503' title='bbox 2808 1338 2879 1393; x_wconf 93' lang='lat' dir='ltr'><em>de</em></span> <span class='ocrx_word' id='word_1_504' title='bbox 2910 1335 3208 1393; x_wconf 85' lang='lat' dir='ltr'><em>voluntate</em></span> <span class='ocrx_word' id='word_1_505' title='bbox 3238 1335 3691 1408; x_wconf 86' lang='lat' dir='ltr'><em>credentis,etc.,</em></span> <span class='ocrx_word' id='word_1_506' title='bbox 3718 1354 3904 1411; x_wconf 80' lang='lat' dir='ltr'><em>usque</em></span> 
     </span>
    </p>
   </div>
   <div class='ocr_carea' id='block_1_71' title="bbox 2234 1425 3904 1500">
    <p class='ocr_par' dir='ltr' id='par_1_71' title="bbox 2234 1425 3904 1500">
     <span class='ocr_line' id='line_1_71' title="bbox 2234 1425 3904 1500; baseline 0.001 -18"><span class='ocrx_word' id='word_1_507' title='bbox 2234 1425 2307 1482; x_wconf 88' lang='lat' dir='ltr'><em>ad</em></span> <span class='ocrx_word' id='word_1_508' title='bbox 2335 1425 2581 1482; x_wconf 85' lang='lat' dir='ltr'><em>Domino</em></span> <span class='ocrx_word' id='word_1_509' title='bbox 2609 1426 2747 1483; x_wconf 88' lang='lat' dir='ltr'>Jesu</span> <span class='ocrx_word' id='word_1_510' title='bbox 2778 1426 3170 1500; x_wconf 85' lang='lat' dir='ltr'><em>Christo.(Id.,</em></span> <span class='ocrx_word' id='word_1_511' title='bbox 3195 1426 3371 1482; x_wconf 86' lang='lat' dir='ltr'><em>lib.de</em></span> <span class='ocrx_word' id='word_1_512' title='bbox 3402 1425 3608 1483; x_wconf 84' lang='lat' dir='ltr'><em>Grat.et</em></span> <span class='ocrx_word' id='word_1_513' title='bbox 3636 1427 3904 1497; x_wconf 86' lang='lat' dir='ltr'><em>lib.arb.,</em></span> 
     </span>
    </p>
   </div>
   <div class='ocr_carea' id='block_1_72' title="bbox 2239 1515 3061 1589">
    <p class='ocr_par' dir='ltr' id='par_1_72' title="bbox 2239 1515 3061 1589">
     <span class='ocr_line' id='line_1_72' title="bbox 2239 1515 3061 1589; baseline -0.001 -18"><span class='ocrx_word' id='word_1_514' title='bbox 2239 1519 2382 1572; x_wconf 90' lang='lat' dir='ltr'><em>tom.</em></span> <span class='ocrx_word' id='word_1_515' title='bbox 2415 1515 2481 1582; x_wconf 89' lang='lat' dir='ltr'><em>X,</em></span> <span class='ocrx_word' id='word_1_516' title='bbox 2514 1520 2662 1588; x_wconf 89' lang='lat' dir='ltr'><em>part.</em></span> <span class='ocrx_word' id='word_1_517' title='bbox 2697 1533 2739 1588; x_wconf 89' lang='grc' dir='ltr'><em>ι,</em></span> <span class='ocrx_word' id='word_1_518' title='bbox 2769 1515 2880 1572; x_wconf 93' lang='lat' dir='ltr'><em>col.</em></span> <span class='ocrx_word' id='word_1_519' title='bbox 2912 1515 3061 1589; x_wconf 90' lang='lat'>891.)</span> 
     </span>
    </p>
   </div>
   <div class='ocr_carea' id='block_1_73' title="bbox 2312 1603 3910 1680">
    <p class='ocr_par' dir='ltr' id='par_1_73' title="bbox 2312 1603 3910 1680">
     <span class='ocr_line' id='line_1_73' title="bbox 2312 1603 3910 1680; baseline 0.001 -20"><span class='ocrx_word' id='word_1_520' title='bbox 2312 1603 2708 1672; x_wconf 87' lang='lat' dir='ltr'><em>Constat,sine</em></span> <span class='ocrx_word' id='word_1_521' title='bbox 2739 1604 2958 1678; x_wconf 86' lang='lat' dir='ltr'><em>Spiritu</em></span> <span class='ocrx_word' id='word_1_522' title='bbox 2992 1608 3196 1661; x_wconf 89' lang='lat' dir='ltr'><em>sancto</em></span> <span class='ocrx_word' id='word_1_523' title='bbox 3228 1604 3529 1662; x_wconf 86' lang='lat' dir='ltr'><em>Christum</em></span> <span class='ocrx_word' id='word_1_524' title='bbox 3558 1622 3669 1662; x_wconf 83' lang='lat' dir='ltr'><em>nos</em></span> <span class='ocrx_word' id='word_1_525' title='bbox 3695 1604 3910 1680; x_wconf 88' lang='lat' dir='ltr'><em>dilige-</em></span> 
     </span>
    </p>
   </div>
   <div class='ocr_carea' id='block_1_74' title="bbox 2241 1694 3907 1768">
    <p class='ocr_par' dir='ltr' id='par_1_74' title="bbox 2241 1694 3907 1768">
     <span class='ocr_line' id='line_1_74' title="bbox 2241 1694 3907 1768; baseline 0.002 -19"><span class='ocrx_word' id='word_1_526' title='bbox 2241 1698 2386 1761; x_wconf 86' lang='lat' dir='ltr'><em>re,et</em></span> <span class='ocrx_word' id='word_1_527' title='bbox 2411 1695 2540 1766; x_wconf 89' lang='lat' dir='ltr'>ejus</span> <span class='ocrx_word' id='word_1_528' title='bbox 2570 1694 2849 1751; x_wconf 87' lang='lat' dir='ltr'><em>mandata</em></span> <span class='ocrx_word' id='word_1_529' title='bbox 2868 1711 3099 1751; x_wconf 85' lang='lat' dir='ltr'><em>servare</em></span> <span class='ocrx_word' id='word_1_530' title='bbox 3122 1711 3235 1750; x_wconf 92' lang='lat' dir='ltr'><em>non</em></span> <span class='ocrx_word' id='word_1_531' title='bbox 3251 1696 3798 1768; x_wconf 82' lang='lat' dir='ltr'><em>posse,etc.,ubsque</em></span> <span class='ocrx_word' id='word_1_532' title='bbox 3826 1696 3907 1752; x_wconf 86' lang='lat' dir='ltr'><em>ad</em></span> 
     </span>
    </p>
   </div>
   <div class='ocr_carea' id='block_1_75' title="bbox 2241 1782 3907 1858">
    <p class='ocr_par' dir='ltr' id='par_1_75' title="bbox 2241 1782 3907 1858">
     <span class='ocr_line' id='line_1_75' title="bbox 2241 1782 3907 1858; baseline 0.002 -19"><span class='ocrx_word' id='word_1_533' title='bbox 2241 1782 2396 1840; x_wconf 89' lang='lat' dir='ltr'><em>idem</em></span> <span class='ocrx_word' id='word_1_534' title='bbox 2446 1787 2640 1841; x_wconf 86' lang='lat' dir='ltr'><em>autem</em></span> <span class='ocrx_word' id='word_1_535' title='bbox 2690 1783 2953 1858; x_wconf 88' lang='lat' dir='ltr'><em>spiritus.</em></span> <span class='ocrx_word' id='word_1_536' title='bbox 2993 1784 3123 1857; x_wconf 89' lang='lat' dir='ltr'><em>(Id.,</em></span> <span class='ocrx_word' id='word_1_537' title='bbox 3156 1792 3315 1841; x_wconf 87' lang='lat' dir='ltr'><em>tract.</em></span> <span class='ocrx_word' id='word_1_538' title='bbox 3351 1784 3413 1840; x_wconf 85' lang='lat' dir='ltr'><em>in</em></span> <span class='ocrx_word' id='word_1_539' title='bbox 3457 1784 3664 1858; x_wconf 82' lang='lat' dir='ltr'><em>Evang.</em></span> <span class='ocrx_word' id='word_1_540' title='bbox 3706 1790 3907 1857; x_wconf 62' lang='lat' dir='ltr'><em>10am,</em></span> 
     </span>
    </p>
   </div>
   <div class='ocr_carea' id='block_1_76' title="bbox 2243 1873 3167 1947">
    <p class='ocr_par' dir='ltr' id='par_1_76' title="bbox 2243 1873 3167 1947">
     <span class='ocr_line' id='line_1_76' title="bbox 2243 1873 3167 1947; baseline 0.001 -18"><span class='ocrx_word' id='word_1_541' title='bbox 2243 1876 2386 1929; x_wconf 88' lang='lat' dir='ltr'><em>tom.</em></span> <span class='ocrx_word' id='word_1_542' title='bbox 2422 1877 2524 1942; x_wconf 90' lang='lat' dir='ltr'><strong>III,</strong></span> <span class='ocrx_word' id='word_1_543' title='bbox 2560 1877 2711 1946; x_wconf 89' lang='lat' dir='ltr'><em>part.</em></span> <span class='ocrx_word' id='word_1_544' title='bbox 2745 1891 2808 1943; x_wconf 90' lang='lat' dir='ltr'><em>Il,</em></span> <span class='ocrx_word' id='word_1_545' title='bbox 2839 1873 2949 1929; x_wconf 91' lang='lat' dir='ltr'><em>col.</em></span> <span class='ocrx_word' id='word_1_546' title='bbox 2987 1873 3167 1947; x_wconf 88' lang='lat'>1828.)</span> 
     </span>
    </p>
   </div>
   <div class='ocr_carea' id='block_1_77' title="bbox 2310 1962 3909 2034">
    <p class='ocr_par' dir='ltr' id='par_1_77' title="bbox 2310 1962 3909 2034">
     <span class='ocr_line' id='line_1_77' title="bbox 2310 1962 3909 2034; baseline 0.003 -19"><span class='ocrx_word' id='word_1_547' title='bbox 2310 1965 2508 2034; x_wconf 88' lang='lat' dir='ltr'><em>Ipsam</em></span> <span class='ocrx_word' id='word_1_548' title='bbox 2541 1962 2716 2019; x_wconf 82' lang='lat' dir='ltr'><em>ﬁdem</em></span> <span class='ocrx_word' id='word_1_549' title='bbox 2749 1963 2904 2018; x_wconf 90' lang='lat' dir='ltr'><em>unde</em></span> <span class='ocrx_word' id='word_1_550' title='bbox 2935 1962 3128 2020; x_wconf 89' lang='lat' dir='ltr'><em>omnis</em></span> <span class='ocrx_word' id='word_1_551' title='bbox 3146 1962 3388 2034; x_wconf 86' lang='lat' dir='ltr'><em>justitia</em></span> <span class='ocrx_word' id='word_1_552' title='bbox 3418 1962 3603 2021; x_wconf 84' lang='lat' dir='ltr'><em>sumit</em></span> <span class='ocrx_word' id='word_1_553' title='bbox 3634 1962 3909 2031; x_wconf 76' lang='lat' dir='ltr'><em>initium.</em></span> 
     </span>
    </p>
   </div>
   <div class='ocr_carea' id='block_1_78' title="bbox 2241 2050 3904 2126">
    <p class='ocr_par' dir='ltr' id='par_1_78' title="bbox 2241 2050 3904 2126">
     <span class='ocr_line' id='line_1_78' title="bbox 2241 2050 3904 2126; baseline 0.003 -20"><span class='ocrx_word' id='word_1_554' title='bbox 2241 2054 2375 2119; x_wconf 89' lang='lat' dir='ltr'><em>etc.,</em></span> <span class='ocrx_word' id='word_1_555' title='bbox 2413 2067 2581 2125; x_wconf 88' lang='lat' dir='ltr'><em>usque</em></span> <span class='ocrx_word' id='word_1_556' title='bbox 2624 2051 2696 2107; x_wconf 88' lang='lat' dir='ltr'><em>ad</em></span> <span class='ocrx_word' id='word_1_557' title='bbox 2744 2050 2885 2124; x_wconf 87' lang='lat' dir='ltr'><em>quia</em></span> <span class='ocrx_word' id='word_1_558' title='bbox 2931 2050 3181 2109; x_wconf 87' lang='lat' dir='ltr'><em>occulta.</em></span> <span class='ocrx_word' id='word_1_559' title='bbox 3232 2052 3369 2123; x_wconf 91' lang='lat' dir='ltr'><em>(Id.,</em></span> <span class='ocrx_word' id='word_1_560' title='bbox 3416 2054 3578 2126; x_wconf 85' lang='lat' dir='ltr'><em>epist.</em></span> <span class='ocrx_word' id='word_1_561' title='bbox 3629 2052 3700 2109; x_wconf 87' lang='lat' dir='ltr'><em>ad</em></span> <span class='ocrx_word' id='word_1_562' title='bbox 3751 2053 3904 2111; x_wconf 72' lang='lat' dir='ltr'><em>Sixt.</em></span> 
     </span>
    </p>
   </div>
   <div class='ocr_carea' id='block_1_79' title="bbox 2233 2140 3274 2214">
    <p class='ocr_par' dir='ltr' id='par_1_79' title="bbox 2233 2140 3274 2214">
     <span class='ocr_line' id='line_1_79' title="bbox 2233 2140 3274 2214; baseline 0.001 -19"><span class='ocrx_word' id='word_1_563' title='bbox 2233 2142 2442 2212; x_wconf 86' lang='lat' dir='ltr'><em>presb.,</em></span> <span class='ocrx_word' id='word_1_564' title='bbox 2473 2146 2618 2196; x_wconf 89' lang='lat' dir='ltr'><em>tom.</em></span> <span class='ocrx_word' id='word_1_565' title='bbox 2653 2144 2725 2209; x_wconf 90' lang='lat' dir='ltr'><strong>II,</strong></span> <span class='ocrx_word' id='word_1_566' title='bbox 2760 2140 2870 2196; x_wconf 90' lang='lat' dir='ltr'><em>col.</em></span> <span class='ocrx_word' id='word_1_567' title='bbox 2904 2143 3008 2196; x_wconf 83' lang='lat'><em>877</em></span> <span class='ocrx_word' id='word_1_568' title='bbox 3039 2144 3097 2197; x_wconf 90' lang='lat' dir='ltr'><em>et</em></span> <span class='ocrx_word' id='word_1_569' title='bbox 3124 2142 3274 2214; x_wconf 89' lang='lat' dir='ltr'><em>seq.)</em></span> 
     </span>
    </p>
   </div>
   <div class='ocr_carea' id='block_1_80' title="bbox 2313 2229 3909 2305">
    <p class='ocr_par' dir='ltr' id='par_1_80' title="bbox 2313 2229 3909 2305">
     <span class='ocr_line' id='line_1_80' title="bbox 2313 2229 3909 2305; baseline 0.003 -20"><span class='ocrx_word' id='word_1_570' title='bbox 2313 2229 2419 2297; x_wconf 86' lang='lat' dir='ltr'><em>Qui</em></span> <span class='ocrx_word' id='word_1_571' title='bbox 2444 2231 2734 2287; x_wconf 86' lang='lat' dir='ltr'><em>miseretur</em></span> <span class='ocrx_word' id='word_1_572' title='bbox 2762 2231 2821 2287; x_wconf 90' lang='lat' dir='ltr'><em>in</em></span> <span class='ocrx_word' id='word_1_573' title='bbox 2853 2230 3158 2298; x_wconf 85' lang='lat' dir='ltr'><em>hilaritate,</em></span> <span class='ocrx_word' id='word_1_574' title='bbox 3192 2234 3328 2303; x_wconf 90' lang='lat' dir='ltr'><em>etc.,</em></span> <span class='ocrx_word' id='word_1_575' title='bbox 3357 2247 3545 2305; x_wconf 90' lang='lat' dir='ltr'><em>usque</em></span> <span class='ocrx_word' id='word_1_576' title='bbox 3582 2232 3655 2289; x_wconf 88' lang='lat' dir='ltr'><em>ad</em></span> <span class='ocrx_word' id='word_1_577' title='bbox 3685 2232 3909 2289; x_wconf 81' lang='lat' dir='ltr'><em>sollici-</em></span> 
     </span>
    </p>
   </div>
   <div class='ocr_carea' id='block_1_81' title="bbox 2236 2319 3917 2392">
    <p class='ocr_par' dir='ltr' id='par_1_81' title="bbox 2236 2319 3917 2392">
     <span class='ocr_line' id='line_1_81' title="bbox 2236 2319 3917 2392; baseline 0.001 -18"><span class='ocrx_word' id='word_1_578' title='bbox 2236 2319 2427 2375; x_wconf 83' lang='lat' dir='ltr'><em>tudine</em></span> <span class='ocrx_word' id='word_1_579' title='bbox 2454 2336 2566 2376; x_wconf 83' lang='lat' dir='ltr'><em>non</em></span> <span class='ocrx_word' id='word_1_580' title='bbox 2594 2319 3059 2392; x_wconf 87' lang='lat' dir='ltr'><em>pigri.Quoniam</em></span> <span class='ocrx_word' id='word_1_581' title='bbox 3090 2320 3151 2375; x_wconf 90' lang='lat' dir='ltr'><em>in</em></span> <span class='ocrx_word' id='word_1_582' title='bbox 3176 2319 3380 2376; x_wconf 84' lang='lat' dir='ltr'><em>multis</em></span> <span class='ocrx_word' id='word_1_583' title='bbox 3405 2320 3760 2378; x_wconf 67' lang='lat' dir='ltr'><em>offendimus</em></span> <span class='ocrx_word' id='word_1_584' title='bbox 3780 2338 3917 2379; x_wconf 88' lang='lat' dir='ltr'><em>om-</em></span> 
     </span>
    </p>
   </div>
   <div class='ocr_carea' id='block_1_82' title="bbox 2238 2408 3902 2482">
    <p class='ocr_par' dir='ltr' id='par_1_82' title="bbox 2238 2408 3902 2482">
     <span class='ocr_line' id='line_1_82' title="bbox 2238 2408 3902 2482; baseline 0.002 -17"><span class='ocrx_word' id='word_1_585' title='bbox 2238 2425 2344 2465; x_wconf 88' lang='lat' dir='ltr'><em>nes</em></span> <span class='ocrx_word' id='word_1_586' title='bbox 2401 2410 2664 2482; x_wconf 84' lang='lat' dir='ltr'><em>suggerit</em></span> <span class='ocrx_word' id='word_1_587' title='bbox 2720 2409 3078 2465; x_wconf 90' lang='lat' dir='ltr'><em>dominicam</em></span> <span class='ocrx_word' id='word_1_588' title='bbox 3126 2413 3414 2482; x_wconf 89' lang='lat' dir='ltr'><em>tanquam</em></span> <span class='ocrx_word' id='word_1_589' title='bbox 3465 2408 3902 2482; x_wconf 86' lang='lat' dir='ltr'><em>quotidianam,</em></span> 
     </span>
    </p>
   </div>
   <div class='ocr_carea' id='block_1_83' title="bbox 2237 2497 3897 2573">
    <p class='ocr_par' dir='ltr' id='par_1_83' title="bbox 2237 2497 3897 2573">
     <span class='ocr_line' id='line_1_83' title="bbox 2237 2497 3897 2573; baseline 0 -18"><span class='ocrx_word' id='word_1_590' title='bbox 2237 2503 2373 2567; x_wconf 87' lang='lat' dir='ltr'><em>etc.,</em></span> <span class='ocrx_word' id='word_1_591' title='bbox 2402 2516 2573 2572; x_wconf 88' lang='lat' dir='ltr'><em>usque</em></span> <span class='ocrx_word' id='word_1_592' title='bbox 2604 2500 2673 2555; x_wconf 90' lang='lat' dir='ltr'><em>ad</em></span> <span class='ocrx_word' id='word_1_593' title='bbox 2701 2498 2893 2573; x_wconf 87' lang='lat' dir='ltr'><em>diligit</em></span> <span class='ocrx_word' id='word_1_594' title='bbox 2922 2498 3097 2555; x_wconf 88' lang='lat' dir='ltr'><em>Deus.</em></span> <span class='ocrx_word' id='word_1_595' title='bbox 3134 2497 3265 2572; x_wconf 93' lang='lat' dir='ltr'><em>(Id.,</em></span> <span class='ocrx_word' id='word_1_596' title='bbox 3300 2499 3398 2555; x_wconf 89' lang='lat' dir='ltr'><em>lib.</em></span> <span class='ocrx_word' id='word_1_597' title='bbox 3434 2516 3471 2555; x_wconf 89' lang='grc' dir='ltr'><em>ιι</em></span> <span class='ocrx_word' id='word_1_598' title='bbox 3519 2498 3593 2555; x_wconf 84' lang='lat' dir='ltr'><em>ad</em></span> <span class='ocrx_word' id='word_1_599' title='bbox 3641 2499 3897 2569; x_wconf 69' lang='lat' dir='ltr'><em>Hierom,</em></span> 
     </span>
    </p>
   </div>
   <div class='ocr_carea' id='block_1_84' title="bbox 2238 2586 3030 2662">
    <p class='ocr_par' dir='ltr' id='par_1_84' title="bbox 2238 2586 3030 2662">
     <span class='ocr_line' id='line_1_84' title="bbox 2238 2586 3030 2662; baseline -0.001 -18"><span class='ocrx_word' id='word_1_600' title='bbox 2238 2591 2378 2644; x_wconf 87' lang='lat' dir='ltr'><em>tom.</em></span> <span class='ocrx_word' id='word_1_601' title='bbox 2415 2593 2486 2659; x_wconf 88' lang='lat' dir='ltr'><strong>II,</strong></span> <span class='ocrx_word' id='word_1_602' title='bbox 2516 2587 2624 2645; x_wconf 90' lang='lat' dir='ltr'><em>col.</em></span> <span class='ocrx_word' id='word_1_603' title='bbox 2657 2590 2765 2643; x_wconf 74' lang='grc'><em>740</em></span> <span class='ocrx_word' id='word_1_604' title='bbox 2794 2593 2852 2646; x_wconf 90' lang='lat' dir='ltr'><em>et</em></span> <span class='ocrx_word' id='word_1_605' title='bbox 2884 2586 3030 2662; x_wconf 91' lang='lat' dir='ltr'>seq.)</span> 
     </span>
    </p>
   </div>
   <div class='ocr_carea' id='block_1_85' title="bbox 2307 2677 3903 2750">
    <p class='ocr_par' dir='ltr' id='par_1_85' title="bbox 2307 2677 3903 2750">
     <span class='ocr_line' id='line_1_85' title="bbox 2307 2677 3903 2750; baseline 0.002 -17"><span class='ocrx_word' id='word_1_606' title='bbox 2307 2679 2521 2750; x_wconf 83' lang='lat' dir='ltr'><em>Spiritu</em></span> <span class='ocrx_word' id='word_1_607' title='bbox 2569 2681 2854 2750; x_wconf 83' lang='lat' dir='ltr'><em>ferventes,</em></span> <span class='ocrx_word' id='word_1_608' title='bbox 2886 2678 3107 2735; x_wconf 78' lang='lat' dir='ltr'><em>domino</em></span> <span class='ocrx_word' id='word_1_609' title='bbox 3155 2679 3467 2735; x_wconf 85' lang='lat' dir='ltr'><em>servientes.</em></span> <span class='ocrx_word' id='word_1_610' title='bbox 3501 2677 3597 2732; x_wconf 87' lang='lat' dir='ltr'><em>Ait</em></span> <span class='ocrx_word' id='word_1_611' title='bbox 3637 2678 3903 2736; x_wconf 87' lang='lat' dir='ltr'><em>Joannes</em></span> 
     </span>
    </p>
   </div>
   <div class='ocr_carea' id='block_1_86' title="bbox 2238 2766 3902 2842">
    <p class='ocr_par' dir='ltr' id='par_1_86' title="bbox 2238 2766 3902 2842">
     <span class='ocr_line' id='line_1_86' title="bbox 2238 2766 3902 2842; baseline 0.004 -21"><span class='ocrx_word' id='word_1_612' title='bbox 2238 2766 2390 2824; x_wconf 88' lang='lat' dir='ltr'><em>inter</em></span> <span class='ocrx_word' id='word_1_613' title='bbox 2415 2771 2622 2823; x_wconf 70' lang='lat' dir='ltr'><em>caetera</em></span> <span class='ocrx_word' id='word_1_614' title='bbox 2647 2784 2774 2841; x_wconf 67' lang='lat' dir='ltr'><em>quae</em></span> <span class='ocrx_word' id='word_1_615' title='bbox 2805 2766 3038 2823; x_wconf 90' lang='lat' dir='ltr'><em>locutus</em></span> <span class='ocrx_word' id='word_1_616' title='bbox 3066 2769 3155 2823; x_wconf 89' lang='lat' dir='ltr'><em>est</em></span> <span class='ocrx_word' id='word_1_617' title='bbox 3192 2766 3265 2823; x_wconf 87' lang='lat' dir='ltr'><em>ad</em></span> <span class='ocrx_word' id='word_1_618' title='bbox 3306 2783 3425 2822; x_wconf 90' lang='lat' dir='ltr'><em>eos.</em></span> <span class='ocrx_word' id='word_1_619' title='bbox 3459 2770 3594 2833; x_wconf 86' lang='lat' dir='ltr'><em>etc.,</em></span> <span class='ocrx_word' id='word_1_620' title='bbox 3626 2784 3795 2842; x_wconf 81' lang='lat' dir='ltr'><em>usque</em></span> <span class='ocrx_word' id='word_1_621' title='bbox 3820 2770 3902 2827; x_wconf 86' lang='lat' dir='ltr'><em>ad</em></span> 
     </span>
    </p>
   </div>
   <div class='ocr_carea' id='block_1_87' title="bbox 2238 2856 3893 2933">
    <p class='ocr_par' dir='ltr' id='par_1_87' title="bbox 2238 2856 3893 2933">
     <span class='ocr_line' id='line_1_87' title="bbox 2238 2856 3893 2933; baseline 0.001 -21"><span class='ocrx_word' id='word_1_622' title='bbox 2238 2856 2494 2913; x_wconf 89' lang='lat' dir='ltr'><em>charitas</em></span> <span class='ocrx_word' id='word_1_623' title='bbox 2552 2856 2895 2913; x_wconf 90' lang='lat' dir='ltr'><em>multorum.</em></span> <span class='ocrx_word' id='word_1_624' title='bbox 2951 2857 3086 2927; x_wconf 91' lang='lat' dir='ltr'><em>(Id.,</em></span> <span class='ocrx_word' id='word_1_625' title='bbox 3140 2872 3302 2913; x_wconf 84' lang='lat' dir='ltr'><em>serm.</em></span> <span class='ocrx_word' id='word_1_626' title='bbox 3362 2856 3427 2912; x_wconf 89' lang='lat' dir='ltr'><em>de</em></span> <span class='ocrx_word' id='word_1_627' title='bbox 3485 2857 3697 2930; x_wconf 83' lang='lat' dir='ltr'><em>blasph.</em></span> <span class='ocrx_word' id='word_1_628' title='bbox 3728 2861 3893 2933; x_wconf 84' lang='lat' dir='ltr'><em>Spir.</em></span> 
     </span>
    </p>
   </div>
   <div class='ocr_carea' id='block_1_88' title="bbox 2236 2944 3290 3020">
    <p class='ocr_par' dir='ltr' id='par_1_88' title="bbox 2236 2944 3290 3020">
     <span class='ocr_line' id='line_1_88' title="bbox 2236 2944 3290 3020; baseline -0.001 -18"><span class='ocrx_word' id='word_1_629' title='bbox 2236 2954 2436 3014; x_wconf 86' lang='lat' dir='ltr'><em>sanet.,</em></span> <span class='ocrx_word' id='word_1_630' title='bbox 2466 2950 2608 3002; x_wconf 89' lang='lat' dir='ltr'><em>tom.</em></span> <span class='ocrx_word' id='word_1_631' title='bbox 2640 2946 2708 3015; x_wconf 91' lang='lat' dir='ltr'><em>V,</em></span> <span class='ocrx_word' id='word_1_632' title='bbox 2744 2950 2892 3020; x_wconf 88' lang='lat' dir='ltr'><em>part.</em></span> <span class='ocrx_word' id='word_1_633' title='bbox 2928 2964 2966 3015; x_wconf 89' lang='lat' dir='ltr'><em>I,</em></span> <span class='ocrx_word' id='word_1_634' title='bbox 2998 2944 3107 3003; x_wconf 90' lang='lat' dir='ltr'><em>col.</em></span> <span class='ocrx_word' id='word_1_635' title='bbox 3142 2945 3290 3019; x_wconf 85' lang='grc'>455.)</span> 
     </span>
    </p>
   </div>
   <div class='ocr_carea' id='block_1_89' title="bbox 2312 3034 3901 3108">
    <p class='ocr_par' dir='ltr' id='par_1_89' title="bbox 2312 3034 3901 3108">
     <span class='ocr_line' id='line_1_89' title="bbox 2312 3034 3901 3108; baseline 0.003 -18"><span class='ocrx_word' id='word_1_636' title='bbox 2312 3034 2622 3108; x_wconf 90' lang='lat' dir='ltr'><em>Eloquium</em></span> <span class='ocrx_word' id='word_1_637' title='bbox 2655 3035 2879 3092; x_wconf 88' lang='lat' dir='ltr'><em>domini</em></span> <span class='ocrx_word' id='word_1_638' title='bbox 2909 3034 3116 3108; x_wconf 84' lang='lat' dir='ltr'><em>ignivit</em></span> <span class='ocrx_word' id='word_1_639' title='bbox 3143 3038 3627 3108; x_wconf 87' lang='lat' dir='ltr'><em>eum,etc.,usque</em></span> <span class='ocrx_word' id='word_1_640' title='bbox 3655 3035 3726 3092; x_wconf 87' lang='lat' dir='ltr'><em>ad</em></span> <span class='ocrx_word' id='word_1_641' title='bbox 3758 3035 3901 3095; x_wconf 85' lang='lat' dir='ltr'><em>cha-</em></span> 
     </span>
    </p>
   </div>
   <div class='ocr_carea' id='block_1_90' title="bbox 2240 3124 3897 3199">
    <p class='ocr_par' dir='ltr' id='par_1_90' title="bbox 2240 3124 3897 3199">
     <span class='ocr_line' id='line_1_90' title="bbox 2240 3124 3897 3199; baseline 0.002 -19"><span class='ocrx_word' id='word_1_642' title='bbox 2240 3125 2382 3180; x_wconf 79' lang='lat' dir='ltr'><em>ritas</em></span> <span class='ocrx_word' id='word_1_643' title='bbox 2410 3124 2750 3181; x_wconf 91' lang='lat' dir='ltr'><em>multorum.</em></span> <span class='ocrx_word' id='word_1_644' title='bbox 2774 3125 3084 3195; x_wconf 78' lang='lat' dir='ltr'><em>(Id.,tract.</em></span> <span class='ocrx_word' id='word_1_645' title='bbox 3106 3125 3167 3180; x_wconf 88' lang='lat' dir='ltr'><em>in</em></span> <span class='ocrx_word' id='word_1_646' title='bbox 3200 3124 3412 3196; x_wconf 80' lang='lat' dir='ltr'><em>t’sal.x,</em></span> <span class='ocrx_word' id='word_1_647' title='bbox 3441 3127 3581 3181; x_wconf 88' lang='lat' dir='ltr'><em>tom.</em></span> <span class='ocrx_word' id='word_1_648' title='bbox 3612 3125 3709 3195; x_wconf 90' lang='lat' dir='ltr'><em>IV,</em></span> <span class='ocrx_word' id='word_1_649' title='bbox 3742 3130 3897 3199; x_wconf 87' lang='lat' dir='ltr'><em>part.</em></span> 
     </span>
    </p>
   </div>
   <div class='ocr_carea' id='block_1_91' title="bbox 2238 3213 2658 3286">
    <p class='ocr_par' dir='ltr' id='par_1_91' title="bbox 2238 3213 2658 3286">
     <span class='ocr_line' id='line_1_91' title="bbox 2238 3213 2658 3286; baseline 0 -16"><span class='ocrx_word' id='word_1_650' title='bbox 2238 3232 2300 3283; x_wconf 89' lang='lat' dir='ltr'><em>II,</em></span> <span class='ocrx_word' id='word_1_651' title='bbox 2334 3213 2441 3270; x_wconf 92' lang='lat' dir='ltr'><em>col.</em></span> <span class='ocrx_word' id='word_1_652' title='bbox 2478 3213 2658 3286; x_wconf 81' lang='grc'>1403.)</span> 
     </span>
    </p>
   </div>
   <div class='ocr_carea' id='block_1_92' title="bbox 2158 3288 3899 3376">
    <p class='ocr_par' dir='ltr' id='par_1_92' title="bbox 2158 3288 3899 3376">
     <span class='ocr_line' id='line_1_92' title="bbox 2158 3288 3899 3376; baseline 0.004 -22"><span class='ocrx_word' id='word_1_653' title='bbox 2158 3288 2205 3354; x_wconf 86' lang='lat' dir='ltr'>C</span> <span class='ocrx_word' id='word_1_654' title='bbox 2313 3304 2420 3375; x_wconf 85' lang='lat' dir='ltr'><em>Spe</em></span> <span class='ocrx_word' id='word_1_655' title='bbox 2445 3302 3107 3376; x_wconf 82' lang='lat' dir='ltr'><em>gaudentes,etc.,usque</em></span> <span class='ocrx_word' id='word_1_656' title='bbox 3138 3302 3211 3357; x_wconf 84' lang='lat' dir='ltr'><em>ad</em></span> <span class='ocrx_word' id='word_1_657' title='bbox 3242 3302 3483 3375; x_wconf 88' lang='lat' dir='ltr'><em>idipsum</em></span> <span class='ocrx_word' id='word_1_658' title='bbox 3513 3305 3746 3360; x_wconf 84' lang='lat' dir='ltr'><em>invicem</em></span> <span class='ocrx_word' id='word_1_659' title='bbox 3773 3320 3899 3362; x_wconf 80' lang='lat' dir='ltr'><em>sen-</em></span> 
     </span>
    </p>
   </div>
   <div class='ocr_carea' id='block_1_93' title="bbox 2242 3391 3897 3465">
    <p class='ocr_par' dir='ltr' id='par_1_93' title="bbox 2242 3391 3897 3465">
     <span class='ocr_line' id='line_1_93' title="bbox 2242 3391 3897 3465; baseline 0.002 -17"><span class='ocrx_word' id='word_1_660' title='bbox 2242 3394 2452 3449; x_wconf 86' lang='lat' dir='ltr'><em>tientes.</em></span> <span class='ocrx_word' id='word_1_661' title='bbox 2488 3398 2553 3449; x_wconf 89' lang='lat' dir='ltr'><em>In</em></span> <span class='ocrx_word' id='word_1_662' title='bbox 2604 3408 2821 3465; x_wconf 87' lang='lat' dir='ltr'><em>magna</em></span> <span class='ocrx_word' id='word_1_663' title='bbox 2861 3391 3095 3447; x_wconf 85' lang='lat' dir='ltr'><em>videtur</em></span> <span class='ocrx_word' id='word_1_664' title='bbox 3131 3408 3261 3448; x_wconf 86' lang='lat' dir='ltr'><em>esse</em></span> <span class='ocrx_word' id='word_1_665' title='bbox 3289 3391 3533 3450; x_wconf 83' lang='lat' dir='ltr'><em>tristitia</em></span> <span class='ocrx_word' id='word_1_666' title='bbox 3561 3409 3695 3449; x_wconf 86' lang='lat' dir='ltr'><em>cum</em></span> <span class='ocrx_word' id='word_1_667' title='bbox 3728 3394 3897 3465; x_wconf 82' lang='lat' dir='ltr'><em>dicit,</em></span> 
     </span>
    </p>
   </div>
   <div class='ocr_carea' id='block_1_94' title="bbox 2242 3479 3894 3555">
    <p class='ocr_par' dir='ltr' id='par_1_94' title="bbox 2242 3479 3894 3555">
     <span class='ocr_line' id='line_1_94' title="bbox 2242 3479 3894 3555; baseline 0 -14"><span class='ocrx_word' id='word_1_668' title='bbox 2242 3481 2636 3554; x_wconf 88' lang='lat' dir='ltr'><em>Concupiscit,</em></span> <span class='ocrx_word' id='word_1_669' title='bbox 2664 3485 2797 3547; x_wconf 90' lang='lat' dir='ltr'><em>etc.,</em></span> <span class='ocrx_word' id='word_1_670' title='bbox 2821 3496 2992 3553; x_wconf 87' lang='lat' dir='ltr'><em>usque</em></span> <span class='ocrx_word' id='word_1_671' title='bbox 3020 3479 3091 3538; x_wconf 84' lang='lat' dir='ltr'><em>ad</em></span> <span class='ocrx_word' id='word_1_672' title='bbox 3122 3496 3239 3537; x_wconf 86' lang='lat' dir='ltr'><em>non</em></span> <span class='ocrx_word' id='word_1_673' title='bbox 3261 3481 3546 3537; x_wconf 76' lang='lat' dir='ltr'>aufertur.</span> <span class='ocrx_word' id='word_1_674' title='bbox 3570 3483 3701 3555; x_wconf 90' lang='lat' dir='ltr'><em>(Id.,</em></span> <span class='ocrx_word' id='word_1_675' title='bbox 3733 3491 3894 3541; x_wconf 86' lang='lat' dir='ltr'><em>tract.</em></span> 
     </span>
    </p>
   </div>
   <div class='ocr_carea' id='block_1_95' title="bbox 2237 3569 3801 3647">
    <p class='ocr_par' dir='ltr' id='par_1_95' title="bbox 2237 3569 3801 3647">
     <span class='ocr_line' id='line_1_95' title="bbox 2237 3569 3801 3647; baseline 0.002 -22"><span class='ocrx_word' id='word_1_676' title='bbox 2237 3571 2381 3643; x_wconf 88' lang='lat' dir='ltr'><em>psal.</em></span> <span class='ocrx_word' id='word_1_677' title='bbox 2415 3588 2645 3637; x_wconf 78' lang='lat' dir='ltr'><em>LXXXIII,</em></span> <span class='ocrx_word' id='word_1_678' title='bbox 2676 3574 2820 3627; x_wconf 90' lang='lat' dir='ltr'><em>tom.</em></span> <span class='ocrx_word' id='word_1_679' title='bbox 2849 3570 2947 3639; x_wconf 88' lang='lat' dir='ltr'><strong>IV,</strong></span> <span class='ocrx_word' id='word_1_680' title='bbox 2977 3572 3129 3643; x_wconf 86' lang='lat' dir='ltr'><em>part.</em></span> <span class='ocrx_word' id='word_1_681' title='bbox 3162 3583 3220 3636; x_wconf 85' lang='grc' dir='ltr'><em>ιι,</em></span> <span class='ocrx_word' id='word_1_682' title='bbox 3254 3569 3363 3626; x_wconf 90' lang='lat' dir='ltr'><em>col.</em></span> <span class='ocrx_word' id='word_1_683' title='bbox 3400 3571 3539 3627; x_wconf 90' lang='lat'>1059</span> <span class='ocrx_word' id='word_1_684' title='bbox 3562 3575 3620 3628; x_wconf 86' lang='lat' dir='ltr'><em>et</em></span> <span class='ocrx_word' id='word_1_685' title='bbox 3649 3572 3801 3647; x_wconf 82' lang='lat' dir='ltr'>seq.)</span> 
     </span>
    </p>
   </div>
   <div class='ocr_carea' id='block_1_96' title="bbox 2313 3658 3895 3731">
    <p class='ocr_par' dir='ltr' id='par_1_96' title="bbox 2313 3658 3895 3731">
     <span class='ocr_line' id='line_1_96' title="bbox 2313 3658 3895 3731; baseline 0.004 -17"><span class='ocrx_word' id='word_1_686' title='bbox 2313 3659 2461 3724; x_wconf 90' lang='lat' dir='ltr'><em>Quid</em></span> <span class='ocrx_word' id='word_1_687' title='bbox 2493 3659 2606 3717; x_wconf 81' lang='lat' dir='ltr'><em>sibi</em></span> <span class='ocrx_word' id='word_1_688' title='bbox 2634 3658 2758 3715; x_wconf 88' lang='lat' dir='ltr'><em>vult</em></span> <span class='ocrx_word' id='word_1_689' title='bbox 2792 3677 2805 3714; x_wconf 76' lang='grc' dir='ltr'>ε</span> <span class='ocrx_word' id='word_1_690' title='bbox 2839 3660 3068 3717; x_wconf 89' lang='lat' dir='ltr'><em>Labores</em></span> <span class='ocrx_word' id='word_1_691' title='bbox 3092 3665 3376 3731; x_wconf 73' lang='lat' dir='ltr'><em>fructuum</em></span> <span class='ocrx_word' id='word_1_692' title='bbox 3402 3666 3622 3717; x_wconf 85' lang='lat' dir='ltr'><em>tuorum</em></span> <span class='ocrx_word' id='word_1_693' title='bbox 3657 3663 3895 3721; x_wconf 83' lang='lat' dir='ltr'><em>mandu-</em></span> 
     </span>
    </p>
   </div>
   <div class='ocr_carea' id='block_1_97' title="bbox 2240 3748 3896 3824">
    <p class='ocr_par' dir='ltr' id='par_1_97' title="bbox 2240 3748 3896 3824">
     <span class='ocr_line' id='line_1_97' title="bbox 2240 3748 3896 3824; baseline 0.004 -21"><span class='ocrx_word' id='word_1_694' title='bbox 2240 3752 2412 3817; x_wconf 83' lang='lat' dir='ltr'><em>cabis,</em></span> <span class='ocrx_word' id='word_1_695' title='bbox 2445 3753 2535 3805; x_wconf 88' lang='lat' dir='ltr'><em>etc</em></span> <span class='ocrx_word' id='word_1_696' title='bbox 2568 3793 2582 3817; x_wconf 90' lang='lat'><em>,</em></span> <span class='ocrx_word' id='word_1_697' title='bbox 2611 3765 2780 3822; x_wconf 90' lang='lat' dir='ltr'><em>usque</em></span> <span class='ocrx_word' id='word_1_698' title='bbox 2809 3749 2880 3806; x_wconf 83' lang='lat' dir='ltr'><em>ad</em></span> <span class='ocrx_word' id='word_1_699' title='bbox 2908 3748 3008 3805; x_wconf 91' lang='lat' dir='ltr'><em>ubi</em></span> <span class='ocrx_word' id='word_1_700' title='bbox 3053 3748 3412 3821; x_wconf 90' lang='lat' dir='ltr'><em>sempiterna</em></span> <span class='ocrx_word' id='word_1_701' title='bbox 3460 3748 3729 3807; x_wconf 85' lang='lat' dir='ltr'><em>felicitas.</em></span> <span class='ocrx_word' id='word_1_702' title='bbox 3760 3753 3896 3824; x_wconf 88' lang='lat' dir='ltr'><em>(Id.,</em></span> 
     </span>
    </p>
   </div>
   <div class='ocr_carea' id='block_1_98' title="bbox 2242 3838 3896 3912">
    <p class='ocr_par' dir='ltr' id='par_1_98' title="bbox 2242 3838 3896 3912">
     <span class='ocr_line' id='line_1_98' title="bbox 2242 3838 3896 3912; baseline 0.001 -14"><span class='ocrx_word' id='word_1_703' title='bbox 2242 3847 2401 3898; x_wconf 87' lang='lat' dir='ltr'><em>tract.</em></span> <span class='ocrx_word' id='word_1_704' title='bbox 2437 3840 2499 3894; x_wconf 89' lang='lat' dir='ltr'><em>in</em></span> <span class='ocrx_word' id='word_1_705' title='bbox 2524 3838 2674 3895; x_wconf 88' lang='lat' dir='ltr'><em>Psal.</em></span> <span class='ocrx_word' id='word_1_706' title='bbox 2713 3854 2920 3905; x_wconf 83' lang='lat' dir='ltr'><em>cxxvn,</em></span> <span class='ocrx_word' id='word_1_707' title='bbox 2953 3842 3097 3894; x_wconf 90' lang='lat' dir='ltr'><em>tom.</em></span> <span class='ocrx_word' id='word_1_708' title='bbox 3131 3838 3226 3906; x_wconf 90' lang='lat' dir='ltr'><strong>IV,</strong></span> <span class='ocrx_word' id='word_1_709' title='bbox 3260 3842 3408 3912; x_wconf 87' lang='lat' dir='ltr'><em>part.</em></span> <span class='ocrx_word' id='word_1_710' title='bbox 3442 3855 3503 3908; x_wconf 88' lang='lat' dir='ltr'><em>II,</em></span> <span class='ocrx_word' id='word_1_711' title='bbox 3537 3838 3644 3896; x_wconf 87' lang='lat' dir='ltr'><em>col.</em></span> <span class='ocrx_word' id='word_1_712' title='bbox 3680 3842 3817 3898; x_wconf 85' lang='lat'>1683</span> <span class='ocrx_word' id='word_1_713' title='bbox 3838 3847 3896 3899; x_wconf 88' lang='lat' dir='ltr'><em>et</em></span> 
     </span>
    </p>
   </div>
   <div class='ocr_carea' id='block_1_99' title="bbox 2242 3926 3121 4002">
    <p class='ocr_par' dir='ltr' id='par_1_99' title="bbox 2242 3926 3121 4002">
     <span class='ocr_line' id='line_1_99' title="bbox 2242 3926 3121 4002; baseline -0.003 -16"><span class='ocrx_word' id='word_1_714' title='bbox 2242 3946 2366 4002; x_wconf 91' lang='lat' dir='ltr'>seq.</span> <span class='ocrx_word' id='word_1_715' title='bbox 2397 3932 2454 3985; x_wconf 92' lang='lat' dir='ltr'><em>et</em></span> <span class='ocrx_word' id='word_1_716' title='bbox 2482 3927 2727 4001; x_wconf 72' lang='lat' dir='ltr'><em>praeced.</em></span> <span class='ocrx_word' id='word_1_717' title='bbox 2761 3927 2953 3998; x_wconf 87' lang='lat' dir='ltr'><em>ejusd.</em></span> <span class='ocrx_word' id='word_1_718' title='bbox 2988 3926 3121 4001; x_wconf 91' lang='lat' dir='ltr'><em>col.)</em></span> 
     </span>
    </p>
   </div>
   <div class='ocr_carea' id='block_1_100' title="bbox 2312 4017 3889 4089">
    <p class='ocr_par' dir='ltr' id='par_1_100' title="bbox 2312 4017 3889 4089">
     <span class='ocr_line' id='line_1_100' title="bbox 2312 4017 3889 4089; baseline 0.003 -14"><span class='ocrx_word' id='word_1_719' title='bbox 2312 4020 2430 4075; x_wconf 89' lang='lat' dir='ltr'><em>Non</em></span> <span class='ocrx_word' id='word_1_720' title='bbox 2486 4018 2601 4074; x_wconf 85' lang='lat' dir='ltr'><em>alta</em></span> <span class='ocrx_word' id='word_1_721' title='bbox 2644 4018 2938 4089; x_wconf 85' lang='lat' dir='ltr'><em>sapientes,</em></span> <span class='ocrx_word' id='word_1_722' title='bbox 2987 4017 3080 4073; x_wconf 86' lang='lat' dir='ltr'><em>sed</em></span> <span class='ocrx_word' id='word_1_723' title='bbox 3126 4018 3429 4074; x_wconf 83' lang='lat' dir='ltr'><em>humilibus</em></span> <span class='ocrx_word' id='word_1_724' title='bbox 3475 4021 3889 4079; x_wconf 77' lang='lat' dir='ltr'><em>consentientes.</em></span> 
     </span>
    </p>
   </div>
   <div class='ocr_carea' id='block_1_101' title="bbox 2242 4105 3893 4176">
    <p class='ocr_par' dir='ltr' id='par_1_101' title="bbox 2242 4105 3893 4176">
     <span class='ocr_line' id='line_1_101' title="bbox 2242 4105 3893 4176; baseline 0.001 -10"><span class='ocrx_word' id='word_1_725' title='bbox 2242 4109 2407 4166; x_wconf 92' lang='lat' dir='ltr'><em>Tunc</em></span> <span class='ocrx_word' id='word_1_726' title='bbox 2438 4107 2595 4163; x_wconf 90' lang='lat' dir='ltr'><em>enim</em></span> <span class='ocrx_word' id='word_1_727' title='bbox 2626 4107 2737 4163; x_wconf 88' lang='lat' dir='ltr'><em>erit</em></span> <span class='ocrx_word' id='word_1_728' title='bbox 2766 4105 3073 4163; x_wconf 89' lang='lat' dir='ltr'><em>humilitas</em></span> <span class='ocrx_word' id='word_1_729' title='bbox 3102 4122 3260 4176; x_wconf 88' lang='lat' dir='ltr'><em>vera,</em></span> <span class='ocrx_word' id='word_1_730' title='bbox 3293 4106 3344 4163; x_wconf 90' lang='lat' dir='ltr'><em>si</em></span> <span class='ocrx_word' id='word_1_731' title='bbox 3376 4124 3493 4164; x_wconf 83' lang='lat' dir='ltr'><em>non</em></span> <span class='ocrx_word' id='word_1_732' title='bbox 3542 4107 3668 4165; x_wconf 87' lang='lat' dir='ltr'><em>sola</em></span> <span class='ocrx_word' id='word_1_733' title='bbox 3704 4113 3893 4168; x_wconf 83' lang='lat' dir='ltr'><em>osten-</em></span> 
     </span>
    </p>
   </div>
   <div class='ocr_carea' id='block_1_102' title="bbox 2242 4194 3888 4268">
    <p class='ocr_par' dir='ltr' id='par_1_102' title="bbox 2242 4194 3888 4268">
     <span class='ocr_line' id='line_1_102' title="bbox 2242 4194 3888 4268; baseline 0.003 -17"><span class='ocrx_word' id='word_1_734' title='bbox 2242 4200 2397 4253; x_wconf 91' lang='lat' dir='ltr'><em>tetur</em></span> <span class='ocrx_word' id='word_1_735' title='bbox 2427 4195 2485 4249; x_wconf 90' lang='lat' dir='ltr'><em>in</em></span> <span class='ocrx_word' id='word_1_736' title='bbox 2512 4194 2740 4267; x_wconf 88' lang='lat' dir='ltr'><em>lingua,</em></span> <span class='ocrx_word' id='word_1_737' title='bbox 2786 4198 2920 4259; x_wconf 76' lang='lat' dir='ltr'><em>etc.,</em></span> <span class='ocrx_word' id='word_1_738' title='bbox 2952 4210 3122 4267; x_wconf 84' lang='lat' dir='ltr'><em>usque</em></span> <span class='ocrx_word' id='word_1_739' title='bbox 3174 4194 3245 4253; x_wconf 85' lang='lat' dir='ltr'><em>ad</em></span> <span class='ocrx_word' id='word_1_740' title='bbox 3298 4211 3477 4268; x_wconf 86' lang='lat' dir='ltr'><em>quam</em></span> <span class='ocrx_word' id='word_1_741' title='bbox 3529 4200 3776 4255; x_wconf 87' lang='lat' dir='ltr'><em>tumere.</em></span> <span class='ocrx_word' id='word_1_742' title='bbox 3808 4199 3888 4268; x_wconf 93' lang='lat' dir='ltr'><em>(S.</em></span> 
     </span>
    </p>
   </div>
   <div class='ocr_carea' id='block_1_103' title="bbox 2238 4283 3893 4358">
    <p class='ocr_par' dir='ltr' id='par_1_103' title="bbox 2238 4283 3893 4358">
     <span class='ocr_line' id='line_1_103' title="bbox 2238 4283 3893 4358; baseline 0.003 -18"><span class='ocrx_word' id='word_1_743' title='bbox 2238 4286 2410 4358; x_wconf 88' lang='lat' dir='ltr'><em>Aug.,</em></span> <span class='ocrx_word' id='word_1_744' title='bbox 2443 4290 2581 4339; x_wconf 87' lang='lat' dir='ltr'><em>tract</em></span> <span class='ocrx_word' id='word_1_745' title='bbox 2606 4284 2663 4338; x_wconf 88' lang='lat' dir='ltr'><em>in</em></span> <span class='ocrx_word' id='word_1_746' title='bbox 2681 4283 2825 4354; x_wconf 86' lang='lat' dir='ltr'><em>psal.</em></span> <span class='ocrx_word' id='word_1_747' title='bbox 2859 4298 3054 4351; x_wconf 83' lang='lat' dir='ltr'><em>cxvm,</em></span> <span class='ocrx_word' id='word_1_748' title='bbox 3085 4286 3229 4340; x_wconf 88' lang='lat' dir='ltr'><em>tom.</em></span> <span class='ocrx_word' id='word_1_749' title='bbox 3258 4284 3355 4354; x_wconf 86' lang='lat' dir='ltr'><em>1V,</em></span> <span class='ocrx_word' id='word_1_750' title='bbox 3388 4287 3538 4357; x_wconf 89' lang='lat' dir='ltr'><em>part.</em></span> <span class='ocrx_word' id='word_1_751' title='bbox 3572 4302 3631 4354; x_wconf 88' lang='lat' dir='ltr'><em>II,</em></span> <span class='ocrx_word' id='word_1_752' title='bbox 3668 4286 3806 4343; x_wconf 86' lang='lat'>1532</span> <span class='ocrx_word' id='word_1_753' title='bbox 3832 4290 3893 4345; x_wconf 84' lang='lat' dir='ltr'><em>et</em></span> 
     </span>
    </p>
   </div>
   <div class='ocr_carea' id='block_1_104' title="bbox 2238 4374 2387 4446">
    <p class='ocr_par' dir='ltr' id='par_1_104' title="bbox 2238 4374 2387 4446">
     <span class='ocr_line' id='line_1_104' title="bbox 2238 4374 2387 4446; baseline -0.02 -16"><span class='ocrx_word' id='word_1_754' title='bbox 2238 4374 2387 4446; x_wconf 91' lang='lat' dir='ltr'>seq.)</span> 
     </span>
    </p>
   </div>
   <div class='ocr_carea' id='block_1_105' title="bbox 2310 4458 3888 4536">
    <p class='ocr_par' dir='ltr' id='par_1_105' title="bbox 2310 4458 3888 4536">
     <span class='ocr_line' id='line_1_105' title="bbox 2310 4458 3888 4536; baseline 0.003 -18"><span class='ocrx_word' id='word_1_755' title='bbox 2310 4461 2416 4529; x_wconf 90' lang='lat' dir='ltr'><em>Qui</em></span> <span class='ocrx_word' id='word_1_756' title='bbox 2449 4478 2512 4519; x_wconf 88' lang='lat' dir='ltr'><em>se</em></span> <span class='ocrx_word' id='word_1_757' title='bbox 2541 4458 3594 4536; x_wconf 81' lang='lat' dir='ltr'><em>exaltathumiliabitur.etc.,usquead</em></span> <span class='ocrx_word' id='word_1_758' title='bbox 3613 4462 3888 4523; x_wconf 89' lang='lat' dir='ltr'><em>inimicus</em></span> 
     </span>
    </p>
   </div>
   <div class='ocr_carea' id='block_1_106' title="bbox 2238 4548 3883 4626">
    <p class='ocr_par' dir='ltr' id='par_1_106' title="bbox 2238 4548 3883 4626">
     <span class='ocr_line' id='line_1_106' title="bbox 2238 4548 3883 4626; baseline 0.003 -20"><span class='ocrx_word' id='word_1_759' title='bbox 2238 4550 2517 4623; x_wconf 87' lang='lat' dir='ltr'><em>injustus.</em></span> <span class='ocrx_word' id='word_1_760' title='bbox 2550 4549 2683 4619; x_wconf 91' lang='lat' dir='ltr'><em>(Id.,</em></span> <span class='ocrx_word' id='word_1_761' title='bbox 2716 4566 2823 4605; x_wconf 89' lang='lat' dir='ltr'><em>ser.</em></span> <span class='ocrx_word' id='word_1_762' title='bbox 2855 4548 2920 4605; x_wconf 89' lang='lat' dir='ltr'><em>de</em></span> <span class='ocrx_word' id='word_1_763' title='bbox 2941 4566 3089 4621; x_wconf 86' lang='lat' dir='ltr'><em>pass.</em></span> <span class='ocrx_word' id='word_1_764' title='bbox 3121 4551 3366 4620; x_wconf 85' lang='lat' dir='ltr'><em>Domini,</em></span> <span class='ocrx_word' id='word_1_765' title='bbox 3398 4555 3541 4608; x_wconf 90' lang='lat' dir='ltr'><em>tom.</em></span> <span class='ocrx_word' id='word_1_766' title='bbox 3565 4552 3633 4622; x_wconf 94' lang='lat' dir='ltr'><em>V,</em></span> <span class='ocrx_word' id='word_1_767' title='bbox 3670 4557 3817 4626; x_wconf 82' lang='lat' dir='ltr'><em>part.</em></span> <span class='ocrx_word' id='word_1_768' title='bbox 3843 4572 3883 4623; x_wconf 86' lang='grc' dir='ltr'><em>ι,</em></span> 
     </span>
    </p>
   </div>
   <div class='ocr_carea' id='block_1_107' title="bbox 2238 4637 2567 4707">
    <p class='ocr_par' dir='ltr' id='par_1_107' title="bbox 2238 4637 2567 4707">
     <span class='ocr_line' id='line_1_107' title="bbox 2238 4637 2567 4707; baseline -0.006 -11"><span class='ocrx_word' id='word_1_769' title='bbox 2238 4637 2346 4696; x_wconf 90' lang='lat' dir='ltr'><em>col.</em></span> <span class='ocrx_word' id='word_1_770' title='bbox 2383 4640 2567 4707; x_wconf 88' lang='lat'>1087.)</span> 
     </span>
    </p>
   </div>
   <div class='ocr_carea' id='block_1_108' title="bbox 2301 4725 3884 4804">
    <p class='ocr_par' dir='ltr' id='par_1_108' title="bbox 2301 4725 3884 4804">
     <span class='ocr_line' id='line_1_108' title="bbox 2301 4725 3884 4804; baseline 0.004 -20"><span class='ocrx_word' id='word_1_771' title='bbox 2301 4728 2476 4785; x_wconf 83' lang='lat' dir='ltr'><em>Nolite</em></span> <span class='ocrx_word' id='word_1_772' title='bbox 2504 4744 2618 4783; x_wconf 89' lang='lat' dir='ltr'><em>esse</em></span> <span class='ocrx_word' id='word_1_773' title='bbox 2643 4726 2934 4800; x_wconf 87' lang='lat' dir='ltr'><em>prudentes</em></span> <span class='ocrx_word' id='word_1_774' title='bbox 2971 4725 3120 4799; x_wconf 84' lang='lat' dir='ltr'><em>apud</em></span> <span class='ocrx_word' id='word_1_775' title='bbox 3160 4729 3506 4800; x_wconf 83' lang='lat' dir='ltr'><em>nosmetipos,</em></span> <span class='ocrx_word' id='word_1_776' title='bbox 3538 4737 3664 4799; x_wconf 89' lang='lat' dir='ltr'><em>etc.,</em></span> <span class='ocrx_word' id='word_1_777' title='bbox 3698 4747 3884 4804; x_wconf 86' lang='lat' dir='ltr'>usque</span> 
     </span>
    </p>
   </div>
   <div class='ocr_carea' id='block_1_109' title="bbox 2229 4816 3884 4886">
    <p class='ocr_par' dir='ltr' id='par_1_109' title="bbox 2229 4816 3884 4886">
     <span class='ocr_line' id='line_1_109' title="bbox 2229 4816 3884 4886; baseline 0.002 -12"><span class='ocrx_word' id='word_1_778' title='bbox 2229 4818 2300 4875; x_wconf 89' lang='lat' dir='ltr'><em>ad</em></span> <span class='ocrx_word' id='word_1_779' title='bbox 2332 4834 2458 4873; x_wconf 87' lang='lat' dir='ltr'><em>cum</em></span> <span class='ocrx_word' id='word_1_780' title='bbox 2484 4816 2738 4872; x_wconf 82' lang='lat' dir='ltr'><em>omnibus</em></span> <span class='ocrx_word' id='word_1_781' title='bbox 2767 4817 3083 4873; x_wconf 70' lang='lat' dir='ltr'><em>hominibus</em></span> <span class='ocrx_word' id='word_1_782' title='bbox 3101 4831 3294 4886; x_wconf 85' lang='lat' dir='ltr'><em>pacem</em></span> <span class='ocrx_word' id='word_1_783' title='bbox 3322 4816 3715 4876; x_wconf 82' lang='lat' dir='ltr'><em>habentes.Sex</em></span> <span class='ocrx_word' id='word_1_784' title='bbox 3743 4825 3884 4878; x_wconf 85' lang='lat' dir='ltr'><em>sunt</em></span> 
     </span>
    </p>
   </div>
   <div class='ocr_carea' id='block_1_110' title="bbox 2229 4904 3982 4980">
    <p class='ocr_par' dir='ltr' id='par_1_110' title="bbox 2229 4904 3982 4980">
     <span class='ocr_line' id='line_1_110' title="bbox 2229 4904 3982 4980; baseline 0.003 -18"><span class='ocrx_word' id='word_1_785' title='bbox 2229 4907 2289 4962; x_wconf 92' lang='lat' dir='ltr'><em>in</em></span> <span class='ocrx_word' id='word_1_786' title='bbox 2320 4904 2432 4962; x_wconf 89' lang='lat' dir='ltr'><em>isto</em></span> <span class='ocrx_word' id='word_1_787' title='bbox 2461 4921 2673 4979; x_wconf 84' lang='lat' dir='ltr'><em>genere</em></span> <span class='ocrx_word' id='word_1_788' title='bbox 2702 4904 3062 4975; x_wconf 69' lang='lat' dir='ltr'><em>differentiae,</em></span> <span class='ocrx_word' id='word_1_789' title='bbox 3092 4909 3233 4974; x_wconf 85' lang='lat' dir='ltr'><em>etc.,</em></span> <span class='ocrx_word' id='word_1_790' title='bbox 3264 4922 3435 4980; x_wconf 83' lang='lat' dir='ltr'><em>usque</em></span> <span class='ocrx_word' id='word_1_791' title='bbox 3480 4908 3553 4963; x_wconf 89' lang='lat' dir='ltr'><em>ad</em></span> <span class='ocrx_word' id='word_1_792' title='bbox 3581 4908 3879 4968; x_wconf 87' lang='lat' dir='ltr'><em>hominem</em></span> <span class='ocrx_word' id='word_1_793' title='bbox 3970 4956 3982 4967; x_wconf 93' lang='lat'><em>.</em></span> 
     </span>
    </p>
   </div>
   <div class='ocr_carea' id='block_1_111' title="bbox 2231 4994 3879 5068">
    <p class='ocr_par' dir='ltr' id='par_1_111' title="bbox 2231 4994 3879 5068">
     <span class='ocr_line' id='line_1_111' title="bbox 2231 4994 3879 5068; baseline 0.002 -16"><span class='ocrx_word' id='word_1_794' title='bbox 2231 4996 2343 5053; x_wconf 90' lang='lat' dir='ltr'><em>sibi</em></span> <span class='ocrx_word' id='word_1_795' title='bbox 2392 4998 2674 5068; x_wconf 87' lang='lat' dir='ltr'><em>expetere.</em></span> <span class='ocrx_word' id='word_1_796' title='bbox 2710 4994 2842 5067; x_wconf 91' lang='lat' dir='ltr'><em>(Id.,</em></span> <span class='ocrx_word' id='word_1_797' title='bbox 2875 5003 3031 5052; x_wconf 88' lang='lat' dir='ltr'><em>tract.</em></span> <span class='ocrx_word' id='word_1_798' title='bbox 3068 4996 3129 5052; x_wconf 85' lang='lat' dir='ltr'><em>in</em></span> <span class='ocrx_word' id='word_1_799' title='bbox 3173 4996 3317 5068; x_wconf 80' lang='lat' dir='ltr'><em>psal.</em></span> <span class='ocrx_word' id='word_1_800' title='bbox 3375 5012 3534 5065; x_wconf 80' lang='lat' dir='ltr'><em>CVIII,</em></span> <span class='ocrx_word' id='word_1_801' title='bbox 3588 5002 3733 5055; x_wconf 83' lang='lat' dir='ltr'><em>tam.</em></span> <span class='ocrx_word' id='word_1_802' title='bbox 3786 4999 3879 5068; x_wconf 93' lang='lat' dir='ltr'><strong>IV,</strong></span> 
     </span>
    </p>
   </div>
   <div class='ocr_carea' id='block_1_112' title="bbox 2233 5083 3061 5160">
    <p class='ocr_par' dir='ltr' id='par_1_112' title="bbox 2233 5083 3061 5160">
     <span class='ocr_line' id='line_1_112' title="bbox 2233 5083 3061 5160; baseline -0.001 -19"><span class='ocrx_word' id='word_1_803' title='bbox 2233 5089 2384 5160; x_wconf 86' lang='lat' dir='ltr'><em>part.</em></span> <span class='ocrx_word' id='word_1_804' title='bbox 2421 5102 2480 5151; x_wconf 89' lang='grc' dir='ltr'><em>ιι,</em></span> <span class='ocrx_word' id='word_1_805' title='bbox 2509 5083 2620 5140; x_wconf 93' lang='lat' dir='ltr'><em>col.</em></span> <span class='ocrx_word' id='word_1_806' title='bbox 2658 5085 2797 5139; x_wconf 82' lang='grc'>1432</span> <span class='ocrx_word' id='word_1_807' title='bbox 2825 5087 2883 5139; x_wconf 90' lang='lat' dir='ltr'><em>et</em></span> <span class='ocrx_word' id='word_1_808' title='bbox 2912 5083 3061 5157; x_wconf 88' lang='lat' dir='ltr'><em>seq.)</em></span> 
     </span>
    </p>
   </div>
   <div class='ocr_carea' id='block_1_113' title="bbox 2305 5172 3884 5247">
    <p class='ocr_par' dir='ltr' id='par_1_113' title="bbox 2305 5172 3884 5247">
     <span class='ocr_line' id='line_1_113' title="bbox 2305 5172 3884 5247; baseline 0.004 -17"><span class='ocrx_word' id='word_1_809' title='bbox 2305 5174 2424 5230; x_wconf 84' lang='lat' dir='ltr'><em>Non</em></span> <span class='ocrx_word' id='word_1_810' title='bbox 2452 5174 2807 5245; x_wconf 88' lang='lat' dir='ltr'><em>nosmetipsos</em></span> <span class='ocrx_word' id='word_1_811' title='bbox 2834 5172 3242 5245; x_wconf 80' lang='lat' dir='ltr'><em>defendentes...</em></span> <span class='ocrx_word' id='word_1_812' title='bbox 3269 5190 3367 5245; x_wconf 86' lang='lat' dir='ltr'><em>ego</em></span> <span class='ocrx_word' id='word_1_813' title='bbox 3406 5177 3731 5247; x_wconf 81' lang='lat' dir='ltr'><em>retribuam,</em></span> <span class='ocrx_word' id='word_1_814' title='bbox 3754 5177 3884 5236; x_wconf 84' lang='lat' dir='ltr'><em>dicit</em></span> 
     </span>
    </p>
   </div>
   <div class='ocr_carea' id='block_1_114' title="bbox 2231 5261 3884 5337">
    <p class='ocr_par' dir='ltr' id='par_1_114' title="bbox 2231 5261 3884 5337">
     <span class='ocr_line' id='line_1_114' title="bbox 2231 5261 3884 5337; baseline 0.002 -17"><span class='ocrx_word' id='word_1_815' title='bbox 2231 5264 2511 5320; x_wconf 89' lang='lat' dir='ltr'><em>Dominus.</em></span> <span class='ocrx_word' id='word_1_816' title='bbox 2533 5261 2696 5327; x_wconf 90' lang='lat' dir='ltr'><em>Quod</em></span> <span class='ocrx_word' id='word_1_817' title='bbox 2726 5262 3011 5334; x_wconf 87' lang='lat' dir='ltr'><em>scriptum</em></span> <span class='ocrx_word' id='word_1_818' title='bbox 3045 5266 3134 5318; x_wconf 88' lang='lat' dir='ltr'><em>est</em></span> <span class='ocrx_word' id='word_1_819' title='bbox 3167 5262 3225 5318; x_wconf 87' lang='lat' dir='ltr'><em>in</em></span> <span class='ocrx_word' id='word_1_820' title='bbox 3254 5262 3624 5337; x_wconf 80' lang='lat' dir='ltr'><em>Apocalypsi,</em></span> <span class='ocrx_word' id='word_1_821' title='bbox 3649 5266 3763 5322; x_wconf 88' lang='lat' dir='ltr'><em>sub</em></span> <span class='ocrx_word' id='word_1_822' title='bbox 3785 5283 3884 5324; x_wconf 79' lang='lat' dir='ltr'><em>ara</em></span> 
     </span>
    </p>
   </div>
   <div class='ocr_carea' id='block_1_115' title="bbox 2230 5349 3876 5427">
    <p class='ocr_par' dir='ltr' id='par_1_115' title="bbox 2230 5349 3876 5427">
     <span class='ocr_line' id='line_1_115' title="bbox 2230 5349 3876 5427; baseline 0.001 -18"><span class='ocrx_word' id='word_1_823' title='bbox 2230 5351 2329 5409; x_wconf 90' lang='lat' dir='ltr'><em>Dei</em></span> <span class='ocrx_word' id='word_1_824' title='bbox 2359 5352 2992 5423; x_wconf 74' lang='lat' dir='ltr'><em>martyres,etc.,usque</em></span> <span class='ocrx_word' id='word_1_825' title='bbox 3020 5350 3091 5405; x_wconf 84' lang='lat' dir='ltr'><em>ad</em></span> <span class='ocrx_word' id='word_1_826' title='bbox 3120 5349 3422 5408; x_wconf 85' lang='lat' dir='ltr'><em>voluntate</em></span> <span class='ocrx_word' id='word_1_827' title='bbox 3443 5352 3718 5409; x_wconf 88' lang='lat' dir='ltr'><em>crudelis.</em></span> <span class='ocrx_word' id='word_1_828' title='bbox 3755 5355 3876 5427; x_wconf 85' lang='lat' dir='ltr'><em>(Id.,</em></span> 
     </span>
    </p>
   </div>
   <div class='ocr_carea' id='block_1_116' title="bbox 2231 5438 3882 5512">
    <p class='ocr_par' dir='ltr' id='par_1_116' title="bbox 2231 5438 3882 5512">
     <span class='ocr_line' id='line_1_116' title="bbox 2231 5438 3882 5512; baseline 0.002 -16"><span class='ocrx_word' id='word_1_829' title='bbox 2231 5448 2389 5497; x_wconf 84' lang='lat' dir='ltr'><em>tract.</em></span> <span class='ocrx_word' id='word_1_830' title='bbox 2424 5441 2485 5495; x_wconf 89' lang='lat' dir='ltr'><em>in</em></span> <span class='ocrx_word' id='word_1_831' title='bbox 2508 5438 2655 5511; x_wconf 88' lang='lat' dir='ltr'><em>psal.</em></span> <span class='ocrx_word' id='word_1_832' title='bbox 2689 5455 2913 5512; x_wconf 80' lang='lat' dir='ltr'><em>Lxxvm,</em></span> <span class='ocrx_word' id='word_1_833' title='bbox 2948 5444 3089 5495; x_wconf 89' lang='lat' dir='ltr'><em>tom.</em></span> <span class='ocrx_word' id='word_1_834' title='bbox 3124 5440 3221 5508; x_wconf 89' lang='lat' dir='ltr'><em>IV,</em></span> <span class='ocrx_word' id='word_1_835' title='bbox 3254 5444 3405 5512; x_wconf 88' lang='lat' dir='ltr'><em>part.</em></span> <span class='ocrx_word' id='word_1_836' title='bbox 3441 5459 3482 5510; x_wconf 84' lang='lat' dir='ltr'><strong>I,</strong></span> <span class='ocrx_word' id='word_1_837' title='bbox 3513 5440 3622 5497; x_wconf 92' lang='lat' dir='ltr'><em>col.</em></span> <span class='ocrx_word' id='word_1_838' title='bbox 3661 5444 3801 5499; x_wconf 89' lang='grc'>1017</span> <span class='ocrx_word' id='word_1_839' title='bbox 3824 5447 3882 5502; x_wconf 81' lang='lat' dir='ltr'><em>ot</em></span> 
     </span>
    </p>
   </div>
   <div class='ocr_carea' id='block_1_117' title="bbox 2230 5530 2380 5603">
    <p class='ocr_par' dir='ltr' id='par_1_117' title="bbox 2230 5530 2380 5603">
     <span class='ocr_line' id='line_1_117' title="bbox 2230 5530 2380 5603; baseline -0.02 -16"><span class='ocrx_word' id='word_1_840' title='bbox 2230 5530 2380 5603; x_wconf 89' lang='lat' dir='ltr'><em>seq.)</em></span> 
     </span>
    </p>
   </div>
   <div class='ocr_carea' id='block_1_118' title="bbox 2299 5618 3881 5695">
    <p class='ocr_par' dir='ltr' id='par_1_118' title="bbox 2299 5618 3881 5695">
     <span class='ocr_line' id='line_1_118' title="bbox 2299 5618 3881 5695; baseline 0.003 -19"><span class='ocrx_word' id='word_1_841' title='bbox 2299 5618 2401 5676; x_wconf 88' lang='lat' dir='ltr'><em>Sed</em></span> <span class='ocrx_word' id='word_1_842' title='bbox 2428 5620 2480 5675; x_wconf 85' lang='lat' dir='ltr'><em>si</em></span> <span class='ocrx_word' id='word_1_843' title='bbox 2506 5619 2764 5675; x_wconf 88' lang='lat' dir='ltr'><em>esurierit</em></span> <span class='ocrx_word' id='word_1_844' title='bbox 2792 5619 3120 5676; x_wconf 87' lang='lat' dir='ltr'><em>inimicus...</em></span> <span class='ocrx_word' id='word_1_845' title='bbox 3150 5635 3317 5693; x_wconf 85' lang='lat' dir='ltr'><em>super</em></span> <span class='ocrx_word' id='word_1_846' title='bbox 3343 5628 3511 5693; x_wconf 86' lang='lat' dir='ltr'><em>caput</em></span> <span class='ocrx_word' id='word_1_847' title='bbox 3541 5619 3881 5695; x_wconf 82' lang='lat' dir='ltr'><em>ejus.Serva-</em></span> 
     </span>
    </p>
   </div>
   <div class='ocr_carea' id='block_1_119' title="bbox 2231 5706 3881 5783">
    <p class='ocr_par' dir='ltr' id='par_1_119' title="bbox 2231 5706 3881 5783">
     <span class='ocr_line' id='line_1_119' title="bbox 2231 5706 3881 5783; baseline 0.004 -18"><span class='ocrx_word' id='word_1_848' title='bbox 2231 5709 2391 5766; x_wconf 88' lang='lat' dir='ltr'><em>bitur</em></span> <span class='ocrx_word' id='word_1_849' title='bbox 2423 5724 2561 5779; x_wconf 87' lang='lat' dir='ltr'><em>ergo</em></span> <span class='ocrx_word' id='word_1_850' title='bbox 2596 5707 2654 5763; x_wconf 92' lang='lat' dir='ltr'><em>in</em></span> <span class='ocrx_word' id='word_1_851' title='bbox 2701 5706 3102 5766; x_wconf 91' lang='lat' dir='ltr'><em>locutionibus</em></span> <span class='ocrx_word' id='word_1_852' title='bbox 3134 5707 3425 5781; x_wconf 82' lang='lat' dir='ltr'><em>ﬁguratis,</em></span> <span class='ocrx_word' id='word_1_853' title='bbox 3454 5713 3586 5781; x_wconf 89' lang='lat' dir='ltr'><em>etc.,</em></span> <span class='ocrx_word' id='word_1_854' title='bbox 3619 5727 3788 5783; x_wconf 82' lang='lat' dir='ltr'><em>usque</em></span> <span class='ocrx_word' id='word_1_855' title='bbox 3813 5713 3881 5770; x_wconf 86' lang='lat' dir='ltr'><em>ad</em></span> 
     </span>
    </p>
   </div>
  </div>
