4100 6456
152 416 275 478 3l3

156 643 314 713 part.
348 656 392 707 ι,
426 639 537 697 col.
570 641 641 696 74
669 643 727 696 et
755 643 907 713 seq.)

1005 416 1422 480 EXPOSITIO
1470 416 1551 478 IN
1593 414 1766 477 EPP.
1810 411 2069 479 PAULI.
2098 450 2181 461 ~—
2214 415 2338 478 EP.
2390 416 2492 478 AD
2537 414 2729 480 ROM.

155 548 423 607 miseria
441 548 806 607 subvenitur.
826 546 1137 621 (Id.,lib.m
1157 548 1224 606 de
1242 548 1630 613 Decb-.Christ.
1643 550 1815 615 ,tIII,
1847 549 1900 616 Α

3455 418 3577 482 3M

1997 557 2138 608 Nam
2164 564 2278 605 non
2305 547 2712 605 adulterdbis...
2744 546 2943 619 diliges
2960 549 3287 627 proximum
3313 559 3577 627 tanquam

1926 641 2180 711 teipsum.
2213 638 2330 693 Cur
2359 654 2495 710 ergo
2526 655 2642 694 non
2674 638 2929 695 dicimus
2978 640 3077 713 qui
3118 641 3269 699 hanc
3298 644 3575 702 virtutem

226 731 369 786 Noli
385 730 541 785 vinci
556 730 1116 795 amalo,sedvincein
1130 730 1267 787 bono
1285 727 1820 785 nmium.Contende
1926 728 2122 793 habet,
2147 732 2280 795 etc.,
2305 744 2476 800 usque
2517 728 2586 784 ad
2616 727 2761 783 nihil
2795 746 2865 784 ex
2894 729 3031 786 vitio
3063 733 3405 788 remanebit.
3441 735 3572 804 (Id.,

156 836 295 875 cum
327 818 508 888 malo,
534 819 988 892 sed,etc..usque
1015 820 1086 876 ad
1116 820 1231 875 duo
1264 818 1425 874 mali.
1449 818 1743 891 (Id.,tract.
1760 818 1817 871 in

154 909 302 981 psal.
334 926 530 976 mw,
562 912 704 964 tom.
738 908 837 982 IV,
870 913 1018 982 part.
1052 927 1095 977 ι,
1126 907 1236 965 col.
1270 908 1419 979 364.)

231 996 294 1054 Si
327 1000 396 1053 tu
417 997 548 1069 jam
580 1014 697 1054 non
726 1013 789 1055 es
820 997 1365 1070 malus,etc.,usque
1394 995 1466 1052 ad
1495 1012 1649 1052 unus
1669 996 1825 1052 esset

160 1087 379 1143 bonus.
417 1086 548 1156 (Id.,
581 1103 745 1143 serm.
795 1086 860 1143 de
906 1088 1104 1142 natali.
1146 1087 1203 1142 S.
1236 1086 1545 1151 Laurentii,
1575 1088 1719 1140 tom.
1750 1082 1820 1150 V,

161 1178 315 1248 part.
351 1191 394 1244 ι,
429 1173 540 1230 col.
574 1174 759 1244 1389.)

792 1263 1026 1322 CAPUT
1064 1263 1211 1323 XIII.

238 1354 437 1411 Omnis
455 1355 648 1410 anima
663 1356 1021 1427 potestatibus
1048 1352 1463 1411 sublimioribus
1486 1353 1703 1410 subdita
1730 1353 1822 1407 sit.

161 1445 210 1500 A
239 1447 414 1518 parte
444 1443 767 1517 superiore,
782 1447 1101 1516 etc.,usque
1129 1442 1218 1511 ad,
1248 1441 1441 1499 omnis
1470 1441 1666 1499 homo.
1692 1441 1825 1515 (Id.,

164 1541 328 1590 tract.
368 1533 475 1588 105
504 1534 566 1589 in
595 1549 786 1607 evang.
817 1548 920 1589 sec.
970 1532 1128 1589 Joan.
1178 1531 1289 1591 col.
1339 1531 1514 1601 1904;
1548 1534 1690 1586 tom.
1722 1533 1826 1597 III,

163 1626 322 1696 part.
356 1639 423 1695 ιι,
452 1638 615 1678 serm.
646 1639 702 1677 v1
732 1621 797 1678 de
824 1622 1003 1681 verbis
1036 1624 1214 1678 Evan.
1245 1637 1340 1678 seu
1368 1619 1634 1693 Domini.)

240 1711 493 1768 Prodest.
548 1727 684 1784 ergo
735 1714 793 1766 et
832 1711 1111 1767 severitas
1147 1714 1359 1776 vestra,
1394 1713 1527 1778 etc.,
1560 1725 1730 1783 usque
1758 1708 1830 1764 ad

165 1799 512 1857 dilectionis
554 1798 852 1874 impletur.
902 1800 1032 1870 (Id.,
1068 1800 1164 1856 lib.
1211 1800 1404 1872 Epist.,
1435 1801 1580 1855 tom.
1614 1803 1687 1867 II,
1718 1797 1829 1855 col.

164 1890 269 1946 661
306 1893 369 1945 et
396 1887 546 1962 seq.)

235 1979 364 2036 Non
392 1986 474 2035 est
498 1980 649 2034 enim
670 1984 907 2051 potestas
934 1978 1048 2034 nisi
1073 1994 1109 2034 a
1135 1979 1260 2034 Deo.
1296 1977 1431 2047 Qum
1466 1985 1649 2033 autem
1676 1986 1825 2045 sunt,

167 2087 201 2125 a
235 2073 350 2126 Deo
383 2066 641 2124 ordinata
668 2065 1095 2123 sunt.Nocendi
1126 2070 1321 2123 autem
1353 2064 1621 2123 voluntas
1642 2069 1835 2139 potest

169 2175 302 2215 esse
334 2174 373 2213 a
399 2174 512 2214 suo
543 2173 777 2230 quoque
807 2155 1006 2211 animo
1038 2172 1237 2228 prava,
1268 2160 1403 2223 etc.,
1436 2172 1604 2228 usque
1626 2155 1696 2212 ad
1719 2154 1832 2211 ini-

172 2247 377 2321 quitas
409 2246 570 2319 apud
598 2245 806 2302 Deum.
839 2244 971 2318 (Id.,
1004 2245 1101 2300 lib.
1134 2243 1199 2301 de
1228 2247 1525 2315 Patientia,
1558 2248 1703 2303 tom.
1736 2241 1830 2313 VI,

171 2352 348 2410 page.
382 2334 537 2408 622.)

250 2423 485 2481 Malitia
508 2423 820 2483 hominum
844 2422 1228 2496 cupiditatem
1260 2423 1502 2480 nocendi
1527 2428 1719 2498 potest
1737 2422 1838 2479 ha-

174 2515 340 2583 bere,
365 2519 501 2583 etc.,
528 2530 699 2589 usque
720 2512 792 2569 ad
828 2530 944 2569 nou
973 2512 1205 2570 diabolo
1246 2512 1466 2586 placuit
1516 2513 1647 2587 (Id.,
1679 2520 1834 2571 tract.

173 2606 238 2660 in
264 2603 416 2676 psal.
449 2620 628 2671 xxxu,
661 2606 805 2658 tom.
838 2601 933 2671 ιν,
966 2605 1116 2674 part.
1152 2619 1186 2667 ι,
1221 2601 1330 2657 col.
1361 2601 1461 2657 291
1496 2606 1553 2659 et
1581 2603 1728 2675 seq.)

248 2691 365 2758 Qui
387 2690 567 2748 etiam
591 2690 930 2747 nocentium
959 2695 1218 2763 potestas
1242 2708 1354 2746 non
1375 2694 1485 2758 est,
1510 2695 1643 2759 etc.,
1675 2708 1842 2764 usque

173 2781 248 2837 ad
279 2780 515 2856 angelis
545 2781 674 2854 ejus
702 2781 832 2854 (Id.,
871 2780 967 2836 lib.
998 2778 1065 2837 de
1094 2784 1291 2839 Natur.
1328 2782 1473 2852 boni,
1510 2785 1650 2839 tom.
1685 2781 1839 2850 VIII,

173 2871 287 2928 col.
328 2872 489 2939 561.)

252 2961 345 3017 Vis
376 2967 565 3016 autem
590 2975 705 3016 non
732 2961 943 3016 timere.
978 3001 990 3014 .
1020 2961 1275 3016 minister
1301 2968 1381 3017 est
1409 2960 1512 3016 tibi
1540 2962 1601 3017 in
1622 2960 1840 3019 bonum.

174 3050 332 3121 Quid
367 3049 548 3124 ergo?
579 3048 680 3122 (ait
701 3048 935 3123 aliquis)
968 3053 1211 3107 sanctus
1242 3049 1594 3106 Laurentius
1620 3048 1841 3106 malum

175 3142 403 3197 fecerat
446 3142 512 3193 ut
561 3155 596 3194 a
634 3141 926 3211 potestate
983 3138 1390 3196 occideretur?
1419 3141 1552 3210 etc.,
1579 3156 1750 3212 usque
1774 3139 1845 3198 ad

1930 816 1999 871 ad
2030 818 2248 873 Hieron.
2280 819 2440 890 epist.
2475 832 2536 885 II,
2568 821 2711 873 tom.
2746 821 2820 884 II,
2850 818 2957 875 col.
2982 818 3135 881 738.)

2000 904 2189 961 Nolite
2240 906 2438 978 itaque
2487 910 2711 979 putare,
2746 908 2955 964 fratres
3006 907 3141 976 mei,
3174 908 3234 966 in
3278 909 3408 980 hoc,
3441 917 3574 983 etc.,

1929 1010 2102 1067 usque
2129 995 2201 1050 ad
2225 996 2374 1051 tanti
2407 995 2615 1068 capitis
2636 996 2845 1052 simus.
2871 997 3000 1069 (Id.,
3017 1006 3172 1054 tract.
3194 1000 3267 1056 62
3288 1001 3347 1056 in
3368 1001 3575 1074 Evang.

1930 1099 2035 1140 sec.
2066 1085 2247 1153 Joan.,
2279 1088 2420 1139 tom.
2454 1088 2554 1153 III,
2585 1089 2737 1158 part.
2768 1102 2830 1155 ιι,
2864 1084 2974 1141 col.
3008 1086 3193 1149 1809.)

2003 1172 2169 1229 Tunc
2213 1174 2431 1246 quippe
2475 1178 2565 1231 est
2611 1174 2870 1247 optimus
2916 1174 3115 1243 homo,
3146 1180 3279 1247 etc.,
3311 1195 3484 1253 usque
3511 1183 3582 1240 ad

1934 1261 2289 1319 derivatione
2318 1262 2636 1319 minuatur.
2667 1263 2799 1332 (Id.,
2833 1264 2929 1320 lib.
2967 1280 2983 1320 ι
3021 1265 3088 1322 de
3129 1267 3307 1323 Doctr.
3352 1269 3576 1342 ϐῆν-ἰδίη

1934 1354 2077 1407 tom.
2111 1356 2211 1420 III,
2244 1355 2396 1424 part.
2430 1367 2470 1418 ι,
2504 1351 2612 1407 col.
2644 1353 2717 1407 26
2745 1356 2804 1408 et
2833 1353 2981 1427 seq.)

2005 1439 2329 1514 Decalogus
2358 1439 2506 1514 legis
2527 1441 2727 1499 decem
2748 1446 3035 1516 praecepta
3054 1442 3247 1515 habet,
3273 1450 3583 1523 etc.,usque

1934 1530 2005 1586 ad
2034 1528 2313 1586 societate
2339 1529 2611 1588 versaris.
2644 1531 2777 1599 (Id.,
2808 1547 2970 1587 serm.
3001 1532 3069 1589 de
3116 1533 3295 1591 decem
3342 1537 3580 1610 chordis,

1934 1622 2078 1675 tem.
2108 1618 2177 1685 V,
2210 1623 2359 1691 part.
2391 1637 2431 1685 ι,
2466 1617 2574 1675 col.
2606 1620 2677 1676 8-1
2705 1623 2765 1675 et
2791 1620 2943 1692 seq.)

2009 1708 2364 1764 Charitatem
2396 1707 2620 1765 habens
2650 1725 2777 1781 quae
2807 1712 2897 1765 est
2925 1710 2997 1766 de
3044 1712 3218 1768 corde
3248 1729 3415 1786 puro,
3449 1718 3582 1787 etc.,

1937 1813 2105 1871 usque
2126 1796 2200 1875 ad
2225 1796 2419 1854 odisse
2450 1798 2603 1870 quod
2634 1797 2841 1872 diligit.
2867 1796 3273 1867 (Id.,lib.Sent.
3306 1807 3584 1878 Prosperi,

1859 1927 1907 1991 Β
1940 1885 2367 1991 ιοιΞιῖὶΧηραιι.
2402 1904 2462 1988 ιι,
2491 1885 2598 1987 col.
2629 1887 2814 1991 1891.)

2009 1976 2236 2032 Dilectio
2260 1976 2508 2047 proximi
2546 1977 2758 2032 malum
2800 1992 2913 2033 non
2941 1986 3216 2050 operatur.
3250 1980 3590 2041 Proximum

1939 2080 2175 2122 omnem
2224 2064 2525 2122 hominem
2573 2068 2799 2139 oportet
2840 2064 3108 2140 intelligi,
3161 2072 3294 2139 etc.,
3326 2087 3494 2145 usque
3521 2074 3593 2130 ad

1942 2154 2068 2211 odit
2095 2155 2354 2210 animam
2385 2170 2577 2210 suam.
2613 2155 2743 2223 (Id.,
2765 2162 2922 2211 tract.
2957 2157 3019 2211 in
3042 2158 3188 2229 psal.
3223 2176 3282 2229 ιι,
3311 2163 3456 2218 tom.
3491 2161 3590 2232 IV,

1943 2247 2091 2316 part.
2128 2260 2166 2312 I,
2199 2241 2307 2300 col.
2343 2244 2491 2317 138.)

2014 2334 2225 2390 Tenete
2252 2348 2389 2405 ergo
2420 2331 2812 2400 dilectionem,
2845 2337 2979 2403 etc.,
3012 2352 3184 2409 usque
3209 2337 3280 2393 ad
3318 2342 3384 2394 ut
3411 2340 3591 2396 corri-

1947 2426 2063 2496 gat.
2093 2424 2223 2491 (Id.,
2254 2438 2417 2478 serm.
2449 2423 2606 2494 epist.
2637 2424 2794 2479 Joan.
2827 2423 2896 2479 ad
2927 2424 3590 2502 Parthos,tom.III,part.

1949 2530 2008 2579 ιι,
2040 2511 2151 2569 col.
2183 2512 2367 2578 2059.)

2018 2602 2311 2659 Plenitudo
2338 2618 2464 2673 ergo
2491 2602 2633 2675 legis
2689 2608 2769 2658 est
2823 2601 3058 2660 dilectio.
3112 2602 3416 2663 Plenitudo
3446 2607 3596 2683 legis

1950 2692 2206 2748 charitas
2238 2695 2348 2759 est,
2383 2694 2515 2758 etc.,
2548 2707 2720 2763 usque
2746 2691 2816 2747 ad
2846 2708 2951 2747 nec
2999 2694 3332 2765 proximum
3382 2695 3592 2771 diligit.

1950 2781 2085 2850 (Id.,
2114 2795 2199 2852 ep.
2233 2796 2295 2835 ιι.
2327 2778 2397 2834 ad
2426 2781 2680 2845 "ieram,
2708 2784 2851 2835 tom.
2886 2783 2959 2849 II,
2993 2780 3103 2837 col.
3131 2782 3240 2837 739
3269 2786 3326 2839 et
3356 2787 3504 2858 seq.)

2023 2869 2366 2925 Mandatum
2402 2885 2617 2924 novum
2650 2868 2721 2924 de
2751 2868 2933 2941 vobis,
2957 2872 3091 2942 etc.,
3106 2887 3275 2944 usque
3303 2873 3375 2929 ad
3401 2874 3601 2931 omnia

1951 2957 2015 3015 in
2046 2957 2346 3014 omnibus.
2381 2957 2510 3025 (Id.,
2533 2965 2690 3014 tract.
2714 2959 2784 3014 84
2804 2960 2865 3014 in
2887 2960 3094 3031 Evang,
3115 2977 3221 3017 sec.
3251 2963 3434 3031 Joon.,
3450 2966 3592 3020 tom.

1952 3047 2056 3115 III,
2087 3050 2236 3120 part.
2270 3062 2332 3113 II,
2363 3045 2473 3102 col.
2507 3046 2650 3103 l845
2679 3050 2737 3101 et
2765 3052 2913 3120 seq.)

2024 3136 2133 3201 Qui
2181 3136 2351 3192 sedes
2401 3152 2579 3208 super
2623 3135 2939 3205 Cherubin,
2973 3140 3106 3207 etc.,
3138 3156 3313 3213 usque
3345 3139 3416 3197 ad
3444 3141 3599 3199 Deus

178 3228 560 3287 occasionem
619 3228 932 3300 praebente.
965 3224 1099 3297 (Id.,
1129 3244 1294 3285 serm.
1328 3227 1392 3284 de
1435 3226 1624 3287 natali
1666 3230 1847 3285 sancti
1888 3300 1919 3304 _
1954 3225 2212 3282 cbaritas
2232 3229 2340 3282 est.
2363 3226 2495 3293 (Id.,
2520 3232 2678 3281 tract.
2702 3226 2763 3280 in
2773 3226 2914 3297 psal.
2938 3243 3123 3297 LXXIX,
3155 3231 3298 3284 tom.
3331 3229 3427 3299 IV,
3446 3234 3598 3304 part.

174 3318 500 3385 Laurentii,
532 3320 677 3374 tom.
709 3315 778 3386 V,
811 3319 962 3390 part.
994 3331 1059 3384 ιι,
1092 3315 1200 3373 col.
1234 3314 1420 3385 2129.)

253 3408 321 3465 Si
366 3414 554 3463 autem
602 3406 815 3462 malum
856 3407 1120 3477 feceris...
1151 3405 1355 3462 vindex
1392 3407 1451 3461 in
1493 3407 1638 3462 iram
1666 3407 1721 3462 ci
1747 3407 1845 3480 qui

175 3498 331 3554 male
353 3495 492 3568 agit.
519 3493 602 3550 Ex
626 3493 875 3569 epistola
903 3494 976 3550 ad
1004 3493 1376 3569 Apringium,
1398 3492 1497 3551 ubi
1519 3511 1624 3568 pro
1654 3494 1845 3553 Dona-

179 3584 367 3654 tistis,
417 3586 554 3651 etc.,
605 3600 776 3657 usque
820 3584 891 3640 ad
936 3582 1434 3645 intercedentibus
1488 3583 1679 3643 nobis.
1713 3583 1846 3657 (Id.,

178 3679 331 3731 tom.
365 3677 442 3740 ll,
476 3671 585 3728 col.
617 3672 713 3728 511
749 3676 807 3728 et
834 3673 983 3746 seq.)

253 3763 383 3822 Ideo
411 3763 731 3818 necessitate
777 3762 989 3818 subditi
1032 3769 1264 3818 estote...
1297 3763 1391 3818 cui
1436 3763 1713 3834 honorem,
1746 3765 1848 3822 ho-

180 3868 403 3910 norem.
441 3854 505 3907 In
535 3850 649 3906 ﬁde
696 3850 909 3906 Christi
958 3868 1076 3907 non
1126 3855 1214 3906 est
1262 3850 1543 3908 distantia
1571 3851 1760 3911 Judaei
1791 3857 1848 3908 et

183 3939 402 4008 Graci,
434 3942 569 4009 etc.,
602 3955 773 4014 usque
800 3940 875 3996 ad
911 3939 1271 4013 agnitionem
1318 3938 1581 3996 veritatis
1628 3940 1844 3998 venire.

178 4031 327 4105 (Id.,
361 4030 425 4085 in
476 4045 660 4102 cmpos.
717 4031 870 4104 epist.
933 4029 1003 4085 ad
1064 4028 1204 4097 Gal.,
1266 4031 1409 4087 tom.
1465 4032 1565 4097 III,
1603 4033 1754 4103 part.
1783 4048 1842 4099 II,

181 4119 300 4177 col.
328 4118 521 4188 2125.)

259 4206 485 4264 Nemini
515 4205 813 4280 quidquam
838 4204 1072 4263 debeatis
1093 4205 1211 4261 nisi
1227 4212 1289 4260 ut
1315 4206 1553 4262 invicem
1577 4204 1843 4279 diligatis.

182 4295 551 4355 Charitatem
596 4298 760 4353 tanto
818 4293 1009 4369 magis
1065 4293 1369 4363 debemus,
1412 4298 1547 4363 etc.,
1577 4311 1748 4369 usque
1778 4297 1849 4352 ad

183 4403 430 4460 semper
459 4385 725 4443 debetur.
759 4384 889 4458 (Id.,
921 4385 1076 4458 epist.
1095 4383 1166 4440 ad
1194 4383 1455 4439 Severum
1482 4385 1670 4457 episc.,
1699 4387 1842 4442 tom.

180 4480 261 4547 II,
298 4473 410 4533 col.
446 4474 601 4544 420.)

257 4563 574 4622 Sanctitati
596 4567 710 4620 tuae
741 4561 1154 4620 salutationem
1185 4561 1444 4619 debitam
1474 4562 1676 4631 reddo,
1708 4565 1840 4629 etc.,

1874 3300 1920 3367 C
1954 3333 1991 3382 ι,
2026 3313 2136 3370 co].
2172 3315 2301 3370 1021
2340 3318 2398 3369 et
2426 3314 2575 3387 seq.)

2026 3404 2091 3459 Et
2118 3405 2215 3459 hoc
2241 3405 2469 3459 seicntw
2497 3410 2726 3476 tempus,
2758 3406 2868 3459 etc.
2900 3419 3090 3477 usque
3139 3405 3211 3460 ad
3259 3405 3375 3463 dies
3418 3416 3603 3465 autem

1952 3493 2430 3565 appropinquavit.
2464 3492 2535 3547 Et
2582 3507 2754 3547 mane
2801 3491 2984 3549 oratio
3022 3486 3156 3549 mea
3184 3493 3493 3566 praeveniet
3519 3499 3599 3566 te,

1953 3586 2088 3648 etc.,
2117 3598 2290 3654 usque
2316 3580 2387 3637 ad
2435 3579 2684 3637 fideliter
2724 3584 3152 3653 exspectamus.
3189 3583 3319 3652 (Id.,
3349 3591 3509 3641 tract.
3540 3587 3603 3641 in

1950 3672 2094 3744 psal.
2132 3688 2372 3738 Lxxxvn,
2406 3674 2549 3727 tom.
2583 3673 2679 3736 IV,
2712 3672 2863 3742 part.
2894 3684 2957 3734 II,
2989 3669 3099 3726 col.
3134 3672 3273 3727 1118
3295 3674 3354 3728 et
3382 3676 3531 3755 seq.)

2024 3762 2363 3834 Abjiciamus
2392 3776 2517 3831 ergo
2546 3776 2709 3831 opera
2742 3759 3108 3828 tenebrarum,
3140 3764 3272 3830 etc.,
3307 3778 3500 3835 usque
3530 3764 3603 3820 ad

1958 3851 2176 3908 honeste
2205 3850 2564 3905 ambulemus.
2584 3848 2722 3904 Vita
2750 3848 3013 3905 fidelium
3045 3849 3249 3921 quain
3266 3849 3378 3907 hac
3407 3867 3600 3922 carne,

1953 3944 2090 4007 etc.,
2112 3955 2282 4012 usque
2300 3939 2380 3995 ad
2398 3937 2458 3993 in
2486 3937 2761 3994 cordibus
2783 3937 3018 3994 nostris.
3045 3939 3177 4013 (Id.,
3203 3939 3300 3995 lib.
3327 3956 3383 3995 Iv
3410 3940 3477 3996 de
3505 3941 3604 3998 Ge-

1954 4045 2069 4084 nes.
2100 4027 2172 4083 ad
2201 4028 2460 4096 litteram,
2507 4029 2652 4082 tom.
2698 4029 2803 4093 III,
2834 4030 2985 4098 part.
3019 4043 3059 4094 ι,
3092 4026 3202 4082 col.
3232 4027 3342 4083 269
3370 4031 3426 4084 et
3453 4033 3605 4103 seq.)

2022 4115 2155 4170 Vita
2175 4114 2437 4171 ﬁdelium
2457 4114 2518 4169 in
2543 4112 2980 4186 comparatione
2997 4112 3126 4169 vitis
3138 4114 3462 4171 infidelium
3479 4116 3603 4173 dies

1954 4208 2065 4274 est,
2089 4208 2222 4271 etc.,
2263 4219 2432 4275 usque
2456 4203 2529 4259 ad
2558 4202 2619 4257 in
2649 4202 3073 4259 resurrectione
3101 4203 3461 4276 promissum
3491 4209 3600 4261 est.

1956 4294 2089 4368 (Id.,
2111 4300 2265 4350 tract.
2290 4293 2351 4348 in
2374 4292 2517 4365 psal.
2545 4308 2726 4359 LXXVI,
2758 4294 2898 4348 tom.
2934 4290 3029 4359 IV,
3061 4294 3209 4365 part.
3245 4309 3285 4360 ι,
3318 4290 3424 4348 col.
3449 4292 3604 4363 973.)

2023 4386 2144 4439 Non
2175 4383 2236 4437 in
2265 4380 2814 4447 connnessationibus,
2838 4383 2973 4449 etc.,
3001 4396 3188 4452 usque
3208 4380 3282 4436 ad
3311 4381 3605 4438 Dominum

1951 4472 2135 4529 Iesum
2152 4470 2445 4528 Christum.
2459 4469 2609 4526 Cum
2628 4467 2939 4541 Apostolus
2959 4468 3074 4524 tria
3092 4469 3347 4526 breviter
3366 4487 3600 4546 genera,

1956 4564 2089 4631 etc.,
2112 4575 2282 4633 usque
2300 4558 2371 4615 ad
2389 4574 2525 4615 ossa
2553 4556 2965 4631 confringeret.
2999 4557 3130 4631 (Id.,
3154 4561 3305 4632 epist.
3340 4560 3413 4616 ad
3439 4561 3606 4618 Aure-

180 4670 369 4727 usgue
385 4652 456 4709 ad
473 4652 724 4710 invicem
747 4651 1025 4726 diligatis.
1050 4652 1183 4724 (Id.,
1206 4653 1363 4723 epist.
1388 4651 1458 4707 ad
1496 4651 1847 4708 Caelestinum
1874 4668 1923 4738 Β
1948 4652 2096 4707 lium
2121 4651 2377 4722 cpiscop.,
2408 4651 2552 4704 tom.
2588 4651 2659 4716 II,
2692 4650 2825 4720 part
2854 4663 2914 4716 ιι,
2946 4647 3054 4704 col.
3091 4648 3157 4704 91
3191 4652 3250 4705 et
3280 4656 3434 4723 seq.)

181 4745 507 4810 diaconum,
535 4744 679 4799 tom.
705 4744 782 4811 II,
814 4741 924 4799 col.
956 4742 1062 4797 868
1088 4743 1146 4796 et
1175 4744 1324 4814 seq.)

259 4833 382 4904 Qui
407 4833 557 4888 enim
591 4831 779 4901 diligit
799 4832 1141 4905 proximum,
1176 4831 1346 4903 legem
1375 4829 1640 4902 implevit.
1677 4830 1847 4891 Fides

184 4922 378 4993 enim,
401 4920 556 4977 sicut
574 4918 890 4994 Apostolus
910 4918 1013 4987 ait,
1036 4935 1141 4992 per
1156 4918 1527 4975 dilectionem
1552 4923 1843 4991 operatur,

185 5015 333 5078 etc.,
364 5026 539 5083 usque
568 5010 639 5066 ad
667 5008 919 5066 invicem
947 5006 1227 5083 diligatis.
1261 5008 1848 5078 (Id.,lib.contr.Fau-

180 5109 362 5168 stum
394 5102 541 5165 tom.
575 5098 727 5167 VIII,
761 5098 871 5157 cel.
903 5099 1059 5172 see.)
1441 5126 1448 5132 -

260 5188 401 5246 Hac
426 5192 520 5247 est
544 5192 745 5247 autem
770 5203 912 5245 vera
944 5185 1202 5255 dilectio,
1227 5190 1292 5243 ut
1318 5185 1671 5243 inhumatos
1700 5186 1846 5245 veri-

187 5277 328 5347 tati,
359 5281 495 5346 etc.,
526 5294 698 5352 usque
726 5277 801 5334 ad
826 5281 896 5335 ut
921 5276 1211 5350 praecipue
1239 5276 1425 5333 Deum
1454 5275 1679 5349 diligat.
1711 5276 1845 5346 (Id.,

189 5369 300 5427 lib.
328 5383 429 5425 vnn
456 5368 524 5430 de
556 5369 779 5433 Trinit.,
807 5369 955 5427 tom.
985 5366 1138 5435 VIII,
1170 5364 1280 5423 cel.
1312 5365 1421 5423 956
1449 5368 1506 5420 et
1535 5368 1686 5437 seq.)

266 5456 459 5520 Quaeri
487 5460 683 5529 potest
711 5472 819 5512 cur
844 5454 1161 5528 Apostolus
1188 5453 1377 5512 solam
1426 5470 1848 5511 commemora-

186 5544 346 5604 verit
392 5545 645 5619 proximi
693 5544 1090 5612 dilectionem,
1120 5548 1255 5614 etc.,
1284 5560 1458 5617 usque
1483 5543 1554 5600 ad
1582 5544 1850 5601 moribus

188 5633 368 5697 fullo
397 5639 510 5693 est.
562 5634 695 5708 (Id.,
740 5636 805 5692 in
844 5650 1028 5707 expes.
1080 5636 1235 5707 epist.
1283 5634 1355 5691 ad
1393 5633 1537 5705 ϐαι,
1568 5636 1710 5690 tom.
1744 5637 1845 5703 III,

191 5728 349 5798 part.
383 5742 444 5794 ιι,
480 5723 591 5782 col.
625 5724 765 5783 2137
795 5726 856 5781 et
882 5723 1033 5796 seq.)

2021 4741 2091 4797 Et
2113 4740 2297 4795 carnis
2323 4754 2515 4793 curam
2540 4752 2610 4793 ne
2636 4738 2878 4811 feceritis
2907 4738 3604 4798 indesideriisﬂrastinus

1955 4828 2114 4885 enim
2168 4826 2315 4897 dies,
2377 4825 2588 4899 inquit,
2636 4825 2924 4883 sollicitus
2969 4827 3082 4883 erit
3128 4826 3241 4884 sibi
3290 4828 3424 4902 ipsi,
3467 4834 3602 4895 etc.,

1954 4935 2126 4993 usque
2153 4917 2223 4973 ad
2251 4920 2393 4972 sunt
2422 4915 2770 4973 necessaria.
2813 4919 2892 4985 (8.
2932 4917 3107 4990 Aug.,
3166 4918 3262 4974 lib.
3317 4918 3382 4973 de
3426 4918 3600 4974 Serm.

1954 5009 2176 5066 Domini
2220 5009 2282 5064 in
2330 5012 2530 5074 monte,
2586 5009 2731 5062 tem.-
2792 5008 2895 5073 III,
2942 5010 3109 5081 part.
3148 5023 3188 5076 I,
3242 5004 3351 5063 col.
3400 5005 3509 5062 293
3547 5009 3606 5065 et

1958 5106 2236 5242 88%211168
2255 5188 2305 5241 et
2332 5182 2461 5241 sitis
2490 5182 2729 5257 quidem
2756 5181 2986 5238 dolores
3009 5185 3167 5251 sunt,
3190 5158 3324 5263 etc.,
3346 5184 3603 5256 usquead

1956 5275 2071 5333 nisi
2095 5279 2159 5331 tu
2190 5275 2315 5331 des.
2350 5274 2432 5341 (S.
2462 5274 2610 5346 Aug.
2643 5272 2738 5328 lib.
2770 5289 2807 5326 κ
2837 5270 3096 5343 Confess.,
3140 5267 3292 5327 tom.'
3319 5266 3504 5359 I,"col.
3531 5273 3603 5329 97

1955 5368 2145 5511 θιὲἒὲ
2173 5369 2280 5509 imos
2310 5454 2532 5509 terrent
2560 5447 2830 5523 quaedam
2868 5465 3030 5506 more
3079 5410 3598 5534 sapientiumfetc.
3635 5513 3651 5527 ν

1954 5559 2128 5617 usque
2154 5542 2226 5599 ad
2253 5541 2305 5598 si
2333 5542 2463 5615 ipsa
2491 5556 2607 5635 non
2638 5538 2870 5595 desunt.
2907 5538 2987 5603 (S.
3021 5539 3193 5615 Aug.,
3221 5540 3318 5596 lib.
3352 5540 3417 5597 de
3448 5529 3605 5599 beata

1959 5632 2099 5702 Vita,
2131 5636 2275 5688 tom.
2310 5635 2356 5700 Ι,
2386 5629 2500 5686 col.
2528 5627 2676 5693 971).

2030 5722 2237 5779 Carnis
2282 5718 2495 5794 inquit,
2527 5717 2976 5792 providentiam,
3004 5721 3138 5788 etc.,
3167 5735 3340 5794 usque
3365 5721 3437 5780 ad
3466 5736 3606 5785 suas
