4100 6434
590 372 715 440 315

1792 382 2027 448 FLORI
2068 383 2387 451 DIACONI
2428 387 2817 455 MONACHI.

3886 390 4017 457 316

596 478 987 571 inﬁrmitates.
1022 514 1105 589 (S.
1136 515 1306 591 Aug.,
1351 518 1508 589 epist.
1557 534 1722 587 (ιω,
1775 517 1846 575 ad
1890 521 2147 590 Probum,
2181 521 2246 577 de
2272 524 2328 589 Α
2431 523 2598 581 Omne
2626 534 2809 583 autem
2836 527 2977 601 quod
3004 544 3117 586 non
3143 535 3222 587 est
3250 543 3321 587 ea:
3345 527 3452 602 ﬁde
3475 536 3778 603 peccatum.
3798 529 4017 588 Omnis

595 611 760 673 orat.,
793 607 935 661 tom.
967 603 1039 674 II,
1072 604 1181 663 col.
1216 605 1364 680 497).

1211 794 1442 852 CAPUT
1480 796 1621 852 XIV.

661 965 951 1037 Inﬁrmum
977 972 1225 1020 autem...
1259 964 1379 1021 olus
1397 966 1706 1023 manducet.
1727 967 1838 1023 Cor
1857 967 2117 1026 hominis
2134 986 2240 1026 nec

588 1054 784 1111 videre
831 1070 1145 1127 possumus
1194 1070 1300 1110 nec
1349 1055 1678 1112 ostendere.
1712 1056 1867 1112 Deus
1912 1057 2075 1127 dicit,
2099 1063 2234 1129 etc.,

588 1160 754 1218 usque
782 1142 853 1198 ad
882 1142 1209 1199 mercedem
1241 1143 1525 1216 aequalem
1573 1150 1939 1218 accepturus.
1970 1145 2053 1209 (S.
2085 1149 2232 1223 Aug.

582 1250 747 1290 serm.
779 1232 843 1288 de
871 1239 1039 1305 apost.
1075 1232 1251 1289 Paulo
1299 1235 1360 1288 in
1404 1249 1646 1291 convers.
1692 1235 1978 1307 cujusdam
2021 1240 2231 1307 Fausti,

580 1325 727 1379 tom.
756 1322 824 1392 V,
858 1326 1009 1395 part.
1044 1340 1102 1389 ιι,
1136 1321 1245 1379 col.
1282 1324 1421 1378 1729
1452 1327 1510 1379 et
1539 1336 1686 1398 seq.)

650 1415 704 1468 Is
734 1413 830 1485 qui
874 1412 1204 1481 manducat,
1256 1420 1380 1480 etc.,
1431 1430 1619 1485 usque
1676 1415 1748 1471 ad
1807 1418 2102 1489 assumpsit
2153 1419 2234 1474 Ea

581 1501 735 1558 facta
755 1518 882 1574 quae
905 1500 1153 1557 dubium
1176 1505 1267 1557 est
1287 1517 1403 1574 quo
1425 1502 1622 1559 animo
1643 1504 1808 1571 ﬁant,
1823 1510 1957 1573 etc.,
1974 1523 2146 1579 usque
2161 1508 2233 1564 ad

577 1590 960 1664 cogitationes
989 1589 1204 1648 cordis.
1238 1591 1316 1658 (S.
1350 1592 1523 1664 Aug.,
1555 1593 1652 1648 lib.
1686 1594 1750 1650 de
1778 1598 1955 1651 Serm.
1987 1600 2147 1656 Dom.
2168 1598 2228 1653 in

575 1688 778 1746 monte,
810 1683 955 1736 tom.
990 1679 1084 1746 III,
1118 1683 1267 1752 part.
1298 1697 1332 1747 ι,
1368 1680 1478 1736 col.
1515 1681 1698 1745 1241.)

650 1771 791 1825 Cum
823 1768 1119 1836 audimus,
1145 1768 1247 1841 qui
1267 1769 1452 1826 credit
1473 1770 1531 1825 in
1561 1770 1882 1839 Christum,
1905 1778 2037 1843 etc.,
2056 1792 2227 1848 usque

575 1857 646 1913 ad
667 1856 745 1913 sit
764 1857 1021 1912 futurus.
1047 1856 1413 1930 (S.Aug.,ltb.
1437 1857 1503 1914 de
1522 1864 1695 1928 Agon.
1721 1859 2054 1929 Christiano,
2078 1867 2221 1919 tom.

574 1945 672 2018 VI,
707 1944 816 2001 col.
850 1946 1002 2017 305.)

652 2037 727 2091 Tu
756 2036 880 2107 quis
907 2051 961 2095 es
984 2035 1084 2107 qui
1101 2033 1340 2107 judicas,
1372 2041 1493 2101 etc.,
1527 2053 1717 2109 usque
1747 2039 1819 2094 ad
1850 2041 1912 2095 in
1939 2056 2039 2097 suo
2065 2057 2229 2098 sensu

573 2123 835 2182 abundet.
888 2122 1167 2190 Quamvis
1220 2123 1293 2180 de
1345 2123 1622 2181 omnibus
1679 2128 2054 2200 regeneratis,
2088 2135 2224 2196 etc.,

570 2214 829 2287 usquead
858 2212 1031 2287 erigit
1057 2211 1253 2269 elisos.
1280 2214 1361 2277 (S.
1385 2214 1558 2287 Aug.,
1592 2216 1689 2271 lib.
1720 2217 1786 2273 de
1816 2218 1937 2275 Cor.
1967 2226 2020 2275 et
2049 2220 2221 2290 Grat.,

570 2306 714 2358 tom.
746 2302 813 2371 X,
845 2306 995 2375 part.
1029 2318 1090 2370 ιι,
1124 2301 1236 2358 col.
1270 2302 1422 2378 938.)

642 2393 749 2461 Qui
773 2394 919 2465 sapit
945 2392 1111 2464 diem,
1138 2393 1368 2448 Domino
1395 2395 1560 2465 sapit.
1578 2394 1693 2451 Nec
1726 2394 1824 2452 isti
1855 2396 2109 2454 ecclesiae
2130 2399 2224 2455 de-

568 2480 687 2537 voti
718 2485 858 2537 sunt
906 2479 1008 2553 qui
1054 2480 1330 2536 videntur
1375 2498 1503 2538 esse
1552 2482 1733 2552 intus,
1785 2488 1919 2553 etc.,
1952 2503 2124 2560 usque
2151 2488 2223 2544 ad

570 2568 893 2643 deputandi
924 2571 1083 2625 sunt.
1118 2570 1500 2643 (S.Aug.,lib.
1528 2573 1665 2629 Ivde
1692 2577 2217 2647 Baptis.parv.cont.

568 2659 901 2728 Donatistas,
935 2661 1078 2714 tom.
1113 2658 1206 2726 ΙΧ,
1240 2659 1348 2714 col.
1385 2660 1489 2716 195
1518 2664 1575 2717 et
1606 2671 1758 2735 seq.)

639 2751 705 2804 Et
732 2750 831 2821 qui
857 2748 1174 2815 manducat,
1204 2756 1326 2816 etc.,
1369 2766 1556 2822 usque
1587 2752 1659 2807 ad
1688 2755 1897 2824 gratias
1924 2757 2075 2811 enim
2103 2757 2222 2827 agit

567 2843 698 2895 Deo.
733 2837 819 2893 Ita
848 2836 1070 2893 dictum
1102 2840 1210 2906 est,
1227 2838 1676 2896 annuntiabitur
1704 2841 1951 2899 Domino
1982 2861 2219 2917 genera-

566 2925 647 2982 tio
676 2928 940 2992 ventura,
974 2928 1107 2993 etc.,
1137 2941 1306 2999 usque
1332 2925 1405 2981 ad
1434 2926 1683 2984 Domino
1708 2928 1915 2985 vivere.
1949 2931 2212 3005 (S.Aug.,

563 3029 749 3087 στρος.
778 3016 839 3070 in
861 3014 1005 3086 psal.
1036 3030 1154 3082 xm,
1186 3018 1330 3070 tom.
1363 3014 1458 3081 IV,
1492 3020 1642 3088 part.
1675 3034 1717 3085 ι,
1749 3017 1858 3073 col.
1893 3020 2035 3084 170.)

637 3102 731 3160 Sic
755 3102 977 3159 dictum
1002 3106 1112 3169 est,
1134 3103 1233 3175 qui
1257 3103 1576 3160 manducat
1597 3105 1845 3163 Domino
1875 3109 2208 3177 manducat,

563 3195 671 3249 etc.
678 3235 697 3264 ,
718 3208 889 3266 usque
906 3191 976 3247 ad
997 3192 1273 3265 mysterio
1302 3192 1648 3251 celebratur.
1675 3195 1932 3270 (S.Aug.,
1954 3214 2025 3255 ex
2044 3198 2212 3256 lib.de

564 3281 774 3350 Gratia,
805 3286 948 3338 tom.
980 3280 1046 3352 X,
1080 3285 1230 3353 part.
1264 3299 1301 3351 ι,
1336 3281 1445 3338 col.
1477 3284 1628 3347 382.)

627 3373 790 3428 Nemo
818 3372 967 3428 enim
992 3378 1259 3439 nostrum,
1279 3380 1403 3441 etc.,
1439 3390 1627 3446 usque
1652 3374 1724 3431 ad
1746 3376 1969 3432 Domini
1992 3395 2204 3435 sumus.

558 3460 724 3518 Sicut
742 3459 974 3516 Domini
1007 3460 1437 3533 magnitudinis
1457 3479 1573 3519 non
1593 3467 1684 3520 est
1703 3464 1858 3533 finis,
1881 3470 2014 3535 etc.,
2037 3484 2210 3540 usque

558 3551 629 3606 ad
646 3549 909 3605 vivorum
933 3548 1288 3606 dominetur.
1313 3552 1393 3620 (S.
1415 3553 1587 3624 Aug.,
1613 3560 1768 3609 tract.
1795 3556 1856 3609 in
1870 3557 2203 3627 psal.cxuv,

556 3641 701 3695 tom.
736 3637 828 3706 IV,
861 3641 1011 3710 part.
1044 3655 1104 3705 ιι,
1136 3638 1244 3694 col.
1279 3639 1461 3701 4872.)

627 3727 692 3782 In
713 3726 811 3783 hoc
829 3728 977 3782 enim
1010 3727 1273 3796 Christus,
1308 3736 1432 3797 etc.,
1467 3746 1655 3802 usque
1689 3732 1762 3787 ad
1794 3736 2065 3791 rationem
2084 3738 2205 3793 red-

556 3814 645 3872 det
658 3820 787 3872 Deo.
814 3816 951 3871 Ideo
969 3814 1235 3871 Christus
1257 3819 1526 3874 mortuus
1546 3823 1703 3876 estet
1715 3824 2049 3893 resurrexit,
2069 3831 2178 3882 etc.
2190 3868 2204 3895 ,

556 3920 729 3976 usque
745 3902 816 3959 ad
836 3902 983 3960 liber
1002 3902 1063 3958 in
1085 3903 1356 3962 mortuis.
1383 3909 1459 3977 (S.
1482 3909 1656 3982 Aug.,
1681 3910 1781 3965 lib.
1806 3912 2200 3984 Enchir.,tom.

554 3992 651 4060 VI,
682 3991 791 4049 col.
821 3992 972 4056 261.)

627 4082 896 4155 Regnent
926 4081 1124 4155 itaque
1152 4099 1289 4139 cum
1320 4083 1421 4141 illo
1450 4085 1628 4143 etiam
1655 4106 1811 4146 nunc
1842 4092 2031 4149 sancti
2053 4094 2203 4165 ejus,

553 4174 690 4237 etc.,
719 4187 889 4244 usque
926 4172 999 4228 ad
1042 4187 1289 4245 regnum
1320 4173 1551 4232 Christi.
1588 4178 1669 4247 (S.
1702 4180 1875 4253 Aug.,
1908 4181 2007 4237 lib.
2041 4200 2115 4238 xx
2141 4183 2208 4240 de

556 4260 718 4317 Civit.
754 4261 873 4329 Dei,
904 4264 1047 4317 tom.
1082 4261 1203 4331 VII,
1233 4260 1341 4318 col.
1374 4265 1482 4319 675
1509 4269 1565 4321 et
1595 4273 1742 4338 seq.)

625 4349 746 4405 Non
791 4365 917 4421 ergo
972 4351 1234 4422 amplius,
1266 4360 1390 4421 etc.,
1427 4370 1614 4425 usque
1671 4358 1745 4413 ad
1804 4358 2208 4430 blasphemetur

557 4438 759 4495 bonum
794 4446 1061 4495 nostrum.
1096 4439 1221 4496 Duo
1269 4446 1410 4497 sunt
1458 4433 1521 4499 in
1566 4444 1786 4517 quibus
1828 4451 2205 4508 temerarium

546 4526 865 4599 judicium,
890 4531 1023 4593 etc.,
1047 4544 1217 4601 usque
1248 4530 1319 4585 ad
1346 4531 1434 4587 vel
1465 4533 1803 4593 invidentia.
1821 4538 2201 4614 (S.Aug.,lib.

555 4631 594 4670 ιι
830 4616 983 4716 Dom.
1016 4618 1077 4672 in
1105 4626 1302 4687 monte,
1317 4622 1479 4717 tom.
1514 4626 1613 4692 III,
1648 4629 1799 4697 part.
1826 4644 1866 4696 ι,
1901 4628 2205 4701 οοΙ.1297.)
2233 4649 2281 4717 D

624 4703 744 4759 Non
773 4711 851 4759 est
874 4705 1023 4760 enim
1052 4722 1282 4778 regnum
1307 4710 1426 4777 Dei,
1460 4719 1584 4779 etc.,
1610 4730 1798 4787 usque
1825 4716 1897 4771 ad
1925 4717 2202 4776 destruere

553 4808 687 4866 opus
715 4793 830 4849 Dei.
864 4794 1025 4860 Quod
1075 4799 1270 4853 autem
1321 4799 1645 4872 subjunxit,
1678 4808 1734 4858 et
1762 4804 2090 4875 justiﬁcata
2113 4813 2203 4865 est

552 4882 860 4956 sapientia,
919 4887 1051 4952 etc.,
1111 4902 1280 4959 usque
1335 4888 1406 4944 ad
1464 4895 1744 4962 perpetuo
1797 4895 2036 4952 retineri
2066 4897 2195 4969 (Id.,

552 4971 649 5027 lib.
682 4979 877 5045 quaest.
911 4974 967 5028 in
992 4976 1232 5047 Evang.,
1255 4980 1399 5034 tom.
1431 4977 1524 5047 ΙΙΙ,
1557 4984 1708 5052 part.
1742 4999 1803 5050 ιι,
1837 4982 1947 5040 col.
1983 4987 2121 5042 1337
2140 4991 2199 5043 et

551 5061 701 5133 seq.)

623 5148 823 5205 Omnia
867 5151 1087 5223 quidem
1130 5161 1278 5223 sunt,
1307 5162 1435 5224 etc.,
1470 5173 1659 5231 usque
1689 5161 1763 5217 ad
1794 5164 1928 5234 quia
1970 5180 2083 5221 non
2128 5182 2200 5223 ex

548 5237 673 5309 ﬁde.
703 5239 791 5327 An
824 5255 939 5295 non
970 5239 1239 5299 videmus
1270 5242 1584 5318 Israelitas,
1608 5252 1742 5317 etc.,
1769 5267 1939 5324 usque
1965 5252 2036 5309 ad
2065 5271 2198 5327 pro-

549 5331 681 5400 pter
726 5326 1063 5387 lenticulam
1114 5332 1386 5403 perdidit.
1421 5334 1551 5407 (Id.,
1584 5344 1739 5395 tract.
1769 5342 1841 5396 73
1889 5343 1950 5398 in
1978 5326 2193 5415 Evang.

546 5432 649 5473 sec.
681 5419 849 5474 Joan.
886 5419 936 5486 1,
971 5423 1112 5474 tom.
1146 5423 1248 5489 III,
1280 5426 1429 5493 part.
1464 5441 1523 5494 ιι,
1558 5425 1667 5481 col.
1700 5429 1879 5494 1824.)

618 5505 823 5561 Audivi
857 5506 1033 5563 aliam
1064 5525 1264 5564 vocem
1307 5515 1493 5579 tuam,
1527 5518 1661 5582 etc.,
1692 5534 1863 5590 usque
1891 5520 1961 5577 ad
1991 5538 2196 5581 omnes

615 5594 899 5685 ribentur.
963 5596 1093 5669 (Id.,
1168 5599 1265 5654 lib.
1327 5617 1363 5654 x
1437 5602 1867 5679 Confessionum,
1946 5614 2087 5668 tom.
2148 5614 2191 5685 Ι,

620 5682 660 5740 l.
690 5684 797 5741 799
822 5688 881 5744 et
910 5686 1057 5758 seq.)

2354 611 2681 670 inﬁdelium
2712 615 2829 673 vita
2859 623 3165 691 peccatum
3195 623 3305 692 est,
3320 624 3453 689 etc.,
3472 636 3642 694 usque
3670 620 3741 677 ad
3771 619 3831 676 in
3855 620 4015 694 opti-

2352 702 2466 759 mis
2497 704 2781 763 moribus.
2813 707 2945 778 (Id.,
2975 709 3071 765 lib.
3104 708 3256 766 Sent.
3287 711 3719 783 Prosperi,tom.
3743 710 3812 779 X,
3843 714 4007 784 part.

2350 807 2413 862 ιι,
2449 792 2558 850 col.
2599 795 2776 858 1868.)

2984 906 3215 964 CAPUT
3252 907 3369 967 XV.

2420 1009 2678 1067 Debemus
2706 1020 2896 1068 autem
2925 1029 3041 1082 nos,
3074 1022 3197 1083 etc.,
3230 1032 3420 1089 usque
3452 1017 3523 1073 ad
3561 1017 3877 1074 ceciderunt
3902 1035 4009 1074 su-

2342 1115 2443 1171 per
2468 1116 2572 1156 me.
2608 1100 2932 1174 Opprobria
2968 1105 3446 1176 exprobrantium
3478 1106 3608 1176 tibi,
3640 1106 4003 1175 ceciderunt,

2346 1192 2479 1259 etc.,
2507 1205 2679 1262 usque
2724 1191 2794 1246 ad
2846 1209 2941 1248 me
2988 1192 3358 1250 invenerunt.
3393 1196 3525 1265 (Id.,
3560 1203 3714 1252 tract.
3748 1197 3808 1252 in
3846 1198 4002 1268 psal.

2343 1295 2513 1345 van,
2545 1283 2688 1335 tom.
2722 1280 2817 1349 IV,
2848 1284 2998 1353 part.
3032 1298 3068 1351 1,
3103 1282 3212 1339 col.
3240 1285 3339 1340 851
3374 1288 3431 1340 et
3459 1284 3610 1358 seq.)

2415 1368 2764 1442 Quaecunque
2790 1373 2941 1427 enim
2965 1373 3171 1444 scripta
3197 1382 3344 1441 sunt,
3358 1381 3482 1445 etc.,
3498 1391 3687 1447 usque
3716 1375 3788 1431 ad
3820 1378 3881 1432 in
3904 1379 4002 1434 ho-

2338 1473 2531 1514 norem
2576 1461 2693 1515 Dei.
2753 1460 2870 1516 Nos
2927 1478 3063 1535 ergo
3122 1466 3180 1518 et
3232 1463 3304 1519 ad
3371 1464 3997 1523 commemorationem

2338 1547 2494 1614 ﬁdei,
2554 1552 2690 1616 etc.,
2750 1564 2921 1621 usque
2975 1550 3046 1605 ad
3103 1549 3392 1608 habemus
3450 1553 3522 1609 ad
3587 1553 3794 1610 Deum.
3855 1556 3995 1628 (Id.,

2338 1637 2437 1692 lib.
2471 1645 2640 1694 contr.
2674 1638 2933 1695 Faustum
2978 1641 3246 1711 Manich.,
3298 1645 3442 1698 tom.
3479 1641 3629 1711 VIII,
3679 1644 3768 1701 col
3800 1647 3905 1700 464
3934 1652 3997 1703 et

2336 1726 2481 1799 seq.)

2408 1818 2539 1872 Dico
2568 1818 2718 1873 enim
2760 1819 3037 1875 Christum
3081 1824 3272 1878 Iesum
3311 1822 3634 1878 ministrum
3678 1825 3851 1895 fuisse
3877 1828 3994 1882 cir-

2254 1902 2302 1967 B
2333 1909 2705 1975 cumcisionis,
2737 1916 2858 1974 etc.,
2893 1926 3082 1982 usque
3112 1911 3183 1966 ad
3213 1913 3265 1967 si
3293 1913 3444 1968 vobis
3471 1914 3719 1985 primum
3736 1930 3806 1970 ex
3828 1925 3997 1988 parte

2334 1998 2545 2068 fruitus
2571 2000 2749 2071 fuero.
2767 1998 3103 2055 Secundum
3129 2001 3383 2073 speciem
3408 2003 3666 2074 corporis
3682 2020 3859 2076 quam
3881 2005 3993 2061 Ju-

2335 2086 2467 2153 dazi,
2502 2091 2637 2155 etc.,
2670 2104 2844 2157 usque
2899 2089 2988 2145 ad
3040 2089 3447 2147 conﬁtentium
3504 2091 3801 2149 relaxavit.
3849 2094 3987 2167 (Id.,

2334 2182 2493 2231 tract.
2525 2177 2595 2232 28
2616 2177 2679 2231 in
2707 2178 2913 2247 Evang.
2944 2193 3046 2234 sec.
3078 2182 3274 2247 Joan.,
3305 2183 3449 2236 tom.
3484 2180 3582 2249 III,
3617 2186 3768 2255 part.
3786 2200 3843 2252 II,
3869 2183 3985 2240 col.

2334 2264 2473 2319 1624
2504 2267 2561 2320 et
2591 2276 2739 2339 seq.)

2401 2354 2712 2427 Propterea
2759 2356 3079 2412 conﬁtebor
3118 2356 3224 2413 tibi
3275 2358 3335 2415 in
3381 2360 3679 2433 gentibus,
3711 2361 3984 2431 Domine,

2328 2446 2638 2516 propterea
2655 2444 2762 2500 tibi
2782 2460 2885 2516 per
2904 2461 2998 2501 me
3020 2446 3460 2504 conﬁtebuntur
3476 2450 3981 2523 gentes,Domine.

2330 2532 2398 2587 Et
2427 2532 2651 2588 nomini
2695 2536 2798 2589 tuo
2850 2533 3123 2606 psallam,
3156 2539 3213 2590 et
3241 2536 3423 2593 latius
3455 2538 3805 2609 innotesces,
3839 2545 3985 2611 etc.,

2325 2636 2503 2694 usque
2559 2621 2645 2678 ad
2701 2622 2945 2694 spiritus
3005 2624 3119 2681 sui.
3179 2625 3309 2698 (Id.,
3372 2627 3470 2683 lib.
3502 2627 3568 2684 de
3607 2628 3798 2685 Gratia
3842 2630 3990 2688 Novi

2212 2728 2225 2788 ς
2331 2711 2668 2780 Testamenti,
2700 2715 2844 2767 tom.
2876 2715 2949 2781 II,
2983 2712 3092 2769 col.
3126 2715 3233 2770 556
3261 2719 3320 2771 et
3349 2717 3496 2788 seq.)

2397 2799 2470 2855 Ut
2488 2799 2779 2856 inhabitet
2798 2800 2984 2875 gloria
3012 2802 3071 2858 in
3102 2805 3258 2860 terra
3287 2809 3509 2874 nostra,
3532 2809 3667 2876 etc.,
3694 2824 3872 2883 usque
3899 2813 3989 2867 ad

2323 2893 2703 2945 occurrerunt
2748 2889 2882 2946 sibi.
2936 2891 3066 2964 (Id.,
3101 2901 3260 2950 tract.
3295 2896 3353 2951 in
3376 2896 3520 2968 psal.
3560 2914 3782 2968 Lxxxxv,
3827 2903 3980 2958 tom.

2321 2977 2416 3046 IV,
2444 2983 2595 3051 part.
2630 2996 2691 3046 ιι,
2728 2979 2834 3035 col.
2871 2981 3011 3036 1077
3038 2985 3097 3040 et
3127 2991 3278 3055 seq.)

2391 3067 2679 3134 Quoniam
2705 3069 2919 3142 populo
2942 3070 3122 3127 Israel
3153 3073 3350 3142 etiam,
3375 3077 3508 3144 etc.,
3532 3090 3710 3148 usque
3738 3077 3821 3133 ad
3840 3095 3976 3150 pro-

2319 3156 2633 3214 missiones
2661 3162 2920 3231 patrum.
2953 3160 3086 3229 (Id.,
3108 3169 3265 3218 tract.
3289 3164 3350 3219 in
3368 3164 3510 3236 psal.
3547 3182 3805 3236 LXXXVIII,
3822 3172 3969 3225 tom.

2239 3275 2283 3342 Ο
2322 3246 2417 3314 IV,
2448 3250 2600 3319 part.
2634 3265 2696 3315 ιι,
2730 3246 2839 3304 col.
2870 3249 3053 3322 1121.)

2394 3337 2578 3393 Gentes
2606 3344 2789 3393 autem
2814 3354 2977 3410 super
3002 3341 3384 3399 misericordia
3429 3344 3741 3416 gloriﬁcare
3770 3350 3969 3404 Deum.

2317 3426 2435 3482 Rex
2455 3442 2592 3499 ergo
2614 3426 2953 3483 Judaaorum
2985 3428 3275 3499 Christus,
3308 3435 3442 3500 etc.,
3466 3450 3642 3507 usque
3671 3435 3761 3491 ad
3788 3452 3976 3493 mere-

2316 3519 2521 3572 rentur
2575 3515 2866 3572 accedere.
2907 3517 3112 3587 (ldem,
3169 3537 3335 3576 serm.
3395 3523 3461 3578 de
3510 3539 3658 3596 pass.
3718 3527 3968 3600 Domini,

2314 3608 2458 3661 tom.
2489 3603 2558 3669 V,
2592 3608 2743 3676 part.
2777 3623 2837 3673 ιι,
2871 3605 2981 3661 col.
3017 3608 3196 3669 1723.)

2387 3693 2675 3750 Dominus
2703 3694 2806 3766 qui
2839 3693 3015 3751 dixit:
3037 3697 3162 3752 Non
3184 3715 3318 3755 sum
3350 3700 3569 3757 missus
3600 3700 3713 3759 nisi
3735 3703 3807 3759 ad
3832 3721 3971 3761 oves

2316 3799 2443 3855 quae
2476 3782 2793 3855 perierunt,
2808 3788 3135 3859 etc.,usquc
3163 3788 3251 3844 ad
3278 3806 3414 3845 cum
3447 3788 3615 3863 plebe
3646 3792 3795 3863 ejus.
3831 3793 3967 3862 (Id.,

2313 3888 2477 3928 serm.
2492 3872 2556 3928 de
2571 3889 2721 3944 pass.
2738 3874 2979 3931 Domini.
2994 3876 3220 3943 tom.V,
3236 3882 3389 3950 part.
3408 3896 3471 3948 ιι,
3490 3879 3597 3936 col.
3618 3881 3724 3937 486
3743 3886 3800 3937 et
3818 3887 3969 3955 seq.)

2384 3961 2542 4017 Nunc
2569 3962 2746 4031 igitur
2766 3963 3108 4034 proﬁciscar,
3140 3974 3266 4036 etc.,
3300 3985 3487 4041 usque
3517 3970 3590 4025 ad
3621 3971 3837 4027 sitcum
3856 3987 3973 4028 om-

2310 4051 2476 4106 nibus
2504 4051 2675 4106 vobis.
2709 4052 2896 4107 Amen.
2932 4051 3275 4111 Communis
3326 4073 3468 4114 cura
3523 4061 3649 4115 erat
3689 4058 3971 4119 omnibus

2313 4138 2613 4212 apostolis,
2648 4142 2782 4208 etc.,
2814 4158 2988 4215 usque
3017 4144 3101 4199 ad
3132 4143 3348 4202 idcirco
3391 4146 3492 4202 ait.
3540 4148 3745 4217 (Idem,
3777 4165 3967 4223 cmpos.

2311 4230 2468 4301 epist.
2503 4229 2573 4283 ad
2602 4229 2749 4295 Gal.,
2782 4232 2925 4285 tom.
2960 4232 3058 4300 III,
3089 4237 3241 4304 part.
3276 4252 3335 4302 ιι,
3369 4235 3477 4292 col.
3510 4236 3697 4307 2144.)

2384 4318 2540 4372 Nunc
2568 4325 2747 4373 autem
2774 4335 3020 4392 pergam,
3053 4329 3176 4390 etc.,
3209 4340 3396 4396 usque
3428 4325 3499 4381 ad
3553 4327 3611 4381 in
3644 4327 3970 4385 carnalibus

2313 4408 2629 4463 ministrare
2656 4409 2756 4463 eis.
2791 4408 2898 4476 Qui
2956 4409 3097 4481 quia
3150 4427 3331 4485 prope
3383 4413 3605 4471 inventi
3635 4419 3795 4484 sunt,
3825 4420 3965 4485 etc.,

2310 4512 2485 4570 usque
2514 4496 2601 4553 ad
2628 4496 2963 4554 ministrare
2993 4498 3100 4554 eis.
3133 4500 3335 4570 (Idem,
3369 4503 3466 4559 lib.
3491 4504 3559 4560 de'
3588 4508 3754 4577 Oper.
3789 4521 3964 4576 mon.,

2310 4588 2456 4640 tom.
2489 4583 2588 4653 Vl,
2619 4583 2728 4640 col.
2761 4586 2913 4650 568.)

2383 4673 2529 4729 Cum
2554 4674 2822 4730 viderent
2849 4674 3037 4732 Judaei
3062 4680 3229 4735 tanta
3258 4679 3427 4754 signa
3457 4681 3600 4752 ﬁeri,
3635 4686 3769 4750 etc.,
3791 4699 3968 4757 usque

2307 4762 2395 4819 ad
2418 4762 2701 4819 charitate
2743 4763 3175 4837 copularentur.
3212 4769 3417 4838 (Idem,
3451 4769 3558 4828 lib.
3591 4771 3666 4828 de
3697 4772 3962 4830 Catacht-

2304 4851 2522 4908 zandis
2550 4851 2820 4922 rudibus,
2854 4855 2997 4910 tom.
3028 4854 3125 4925 VI,
3155 4855 3265 4912 col.
3296 4858 3403 4914 340
3431 4862 3489 4914 et
3517 4868 3666 4933 seq.)

2924 4978 3155 5039 CAPUT
3191 4982 3337 5038 XVI.

2377 5082 2700 5142 Commendo
2754 5094 2935 5144 autem
2988 5088 3139 5146 vobis
3196 5090 3456 5164 Plueben,
3487 5100 3614 5162 etc.,
3644 5109 3832 5167 usque
3885 5095 3961 5151 ad

2303 5172 2574 5244 sapientes
2621 5191 2736 5231 esse
2784 5177 2846 5231 in
2893 5178 3049 5247 bono,
3081 5187 3134 5235 et
3160 5181 3438 5252 simplices
3472 5183 3533 5238 in
3563 5182 3731 5240 malo.
3763 5182 3961 5256 Capti-

2307 5264 2475 5318 vatus
2505 5266 2595 5320 est
2623 5264 2878 5337 populus
2909 5265 3086 5324 Israel
3125 5283 3194 5325 ex
3222 5269 3473 5339 civitate,
3503 5275 3638 5339 etc.,
3668 5287 3842 5347 usque
3873 5273 3965 5329 ad

2306 5356 2608 5424 cmperunt
2634 5353 2810 5411 exire.
2845 5355 3049 5425 (Idem,
3081 5362 3254 5416 tract.
3291 5361 3356 5417 in
3379 5360 3959 5434 psal.Lx1v,tom.lV,

2305 5445 2454 5513 part.
2488 5459 2530 5510 1,
2563 5442 2669 5499 col.
2704 5444 2813 5500 772
2841 5448 2898 5500 et
2926 5458 3076 5520 seq.)

2376 5529 2583 5587 Omnis
2612 5531 2878 5590 eruditus
2900 5532 2960 5589 in
2979 5540 3186 5593 sancta
3217 5537 3492 5608 Ecclesia,
3517 5543 3653 5608 etc.,
3678 5555 3855 5614 usque
3873 5540 3965 5597 ad

2304 5635 2545 5693 corpore
2574 5624 2990 5695 separandum.
3019 5624 3228 5696 (Idem,
3260 5634 3440 5686 tract.
3460 5631 3525 5686 in
3548 5630 3696 5704 psal.
3732 5647 3955 5697 cxxxvr,

2303 5713 2447 5767 tom.
2482 5710 2577 5780 IV,
2610 5715 2760 5784 part.
2792 5730 2854 5782 ιι,
2887 5712 2998 5771 col.
3034 5716 3164 5774 1761
3202 5721 3260 5775 et
3290 5717 3438 5791 seq.)
