4100 6456
130 435 251 499 317

988 434 1401 498 EXPOSITIO
1443 436 1524 498 IN
1566 437 1738 501 EPP.
1785 437 2142 502 PAULL—
2170 440 2292 501 EP.
2326 439 2350 500 Ι
2397 440 2500 500 AD
2543 441 2721 502 GOR.

3448 437 3567 502 318

202 574 347 627 Deus
379 578 565 626 autem
589 571 765 642 pacis,
797 577 920 634 etc.,
941 586 1128 642 usque
1152 571 1218 625 ad
1238 570 1651 643 praedicationis
1674 575 1798 630 Iesu
1827 572 1886 644 Α
1917 572 2066 645 ignis
2099 591 2213 628 non
2247 573 2397 628 sicut
2427 573 2936 648 Deus,etc.,usque
2962 574 3032 630 ad
3053 578 3143 630 est
3172 591 3306 630 vera
3337 574 3565 631 aeterni-

139 661 381 716 Christi.
408 657 640 714 Dictum
667 662 756 714 est
772 656 1004 713 mulieri
1035 657 1122 713 vel
1155 659 1350 730 potius
1374 660 1648 733 serpenti,
1665 665 1799 730 etc.,

131 765 314 822 usque
343 747 418 803 ad
449 748 640 804 factus
671 751 761 803 est
791 747 1080 803 diabolus.
1109 749 1316 818 (Idem,
1341 757 1497 805 tract.
1513 752 1655 822 psal.
1680 768 1798 820 c111,

131 842 278 894 tom.
316 837 415 905 IV,
449 840 582 908 part
610 853 672 902 11,
705 835 813 892 col.
849 835 953 892 108
984 841 1039 892 et
1069 839 1217 910 seq.)

1917 669 2027 719 tas.
2091 664 2293 735 (Idem,
2330 664 2425 731 lib,
2476 663 2541 719 de
2595 663 2794 719 Natur.
2857 666 3004 733 boni,
3057 667 3200 720 tom.
3254 664 3410 736 VIII,
3454 663 3564 722 col.

1909 753 2059 824 563.)

1982 846 2047 896 In
2081 841 2179 897 illo
2210 841 2385 898 etiam
2419 842 2756 898 testimonio
2787 842 2888 898 ubi
2941 843 3024 898 ait
3063 841 3396 916 Apostolus,
3430 848 3564 912 etc.,

203 925 520 984 Secundum
550 927 935 982 reuelationem
963 929 1234 999 mysterii,
1266 935 1386 996 etc.,
1422 945 1608 1001 usque
1649 931 1721 985 ad
1752 939 1804 987 et
1910 948 2078 1005 usque
2107 932 2176 986 ad
2206 935 2378 1004 atque
2425 930 2834 987 immobilitate
2878 936 3121 987 naturae.
3156 933 3361 1004 (Idem,
3396 933 3493 989 lib.
3528 951 3568 989 11

129 1017 314 1088 gloria
343 1017 408 1070 in
427 1015 638 1072 saecula
685 1015 1034 1072 saeculorum.
1070 1016 1256 1072 Amen.
1291 1022 1554 1074 Eternus
1605 1025 1800 1076 autem
1909 1029 2083 1078 contr.
2120 1023 2383 1086 Maxim,
2418 1024 2558 1076 tom.
2593 1021 2640 1072 γ
2645 1025 2746 1090 ΙΙΙ,
2778 1020 2887 1076 col.
2917 1021 3023 1075 797
3055 1026 3112 1076 et
3137 1038 3260 1094 seq.

916 1317 1018 1402 IN
1083 1317 1729 1408 EPISTOLAM
1782 1319 1818 1406 Ι
1875 1320 2017 1406 AD
2077 1318 2808 1407 COIIINTHIOS.

707 1628 1062 1686 ARGUMEN
1069 1629 1244 1685 TUM.

1907 1636 2189 1688 venerant
2209 1631 2447 1687 ostium.
2466 1632 2670 1704 (Idem,
2686 1639 2840 1688 tract.
2857 1632 2926 1686 47
2949 1633 3009 1686 in
3028 1633 3246 1700 Evang.
3263 1646 3365 1686 sec.
3380 1633 3537 1688 Ioan.
3551 1673 3564 1700 ,

204 1717 498 1776 Corinthii
522 1721 660 1774 sunt
677 1718 1008 1787 Acbaici,et
1039 1719 1098 1773 hi
1131 1718 1403 1775 similiter
1432 1719 1504 1775 ab
1525 1719 1801 1792 Apostolo
1909 1725 2055 1776 tom.
2090 1726 2192 1789 III,
2227 1726 2377 1793 part.
2412 1739 2472 1788 11,
2505 1721 2615 1776 col.
2650 1721 2790 1776 1734
2812 1725 2869 1775 et
2899 1722 3050 1792 seq.)

132 1809 462 1866 audierunt
492 1809 736 1864 verbum
768 1807 1048 1873 veritatis,
1069 1813 1125 1864 et
1156 1809 1418 1864 subversi
1443 1814 1582 1864 sunt
1604 1808 1802 1864 multi-

131 1898 278 1955 farie
299 1915 336 1955 a
359 1897 528 1954 falsis
539 1897 1087 1970 apostolis,quidam
1111 1915 1144 1953 a
1159 1897 1542 1970 philosophiae
1559 1899 1804 1954 verbosa

130 1986 502 2060 eloquentia,
537 1985 635 2040 alii
670 1990 828 2042 secta
873 1986 1020 2059 legis
1068 1987 1326 2043 Iudaicae
1377 1987 1602 2043 inducti
1644 1991 1801 2043 sunto

130 2081 254 2134 Hos
286 2079 528 2132 revocat
555 2075 870 2148 Apostolus
901 2076 973 2131 ad
1003 2093 1199 2132 veram
1223 2076 1399 2132 ﬁdem
1423 2080 1478 2132 et
1512 2076 1802 2148 evangeli-

133 2183 267 2224 cam
300 2165 682 2239 sapientiam,
716 2165 980 2222 scribens
1005 2165 1090 2222 eis
1121 2165 1193 2220 ab
1223 2165 1451 2239 Epheso
1483 2182 1586 2238 per
1615 2166 1806 2222 Timo-

137 2256 376 2312 theum.

684 2343 918 2401 CAPUT
960 2344 1267 2400 PRIMUM.

208 2436 432 2492 Paulus
464 2439 682 2490 vocatus
705 2434 975 2506 apostolus
995 2436 1121 2490 Iesu
1146 2434 1368 2501 Christi,
1384 2441 1700 2504 etc.,usque
1729 2433 1801 2492 ad

138 2526 201 2580 in
235 2525 466 2580 Christo
483 2527 618 2581 Iesu
648 2525 847 2579 vocatis
875 2524 1096 2578 sanctis.
1123 2521 1339 2578 Paulus
1361 2523 1550 2595 primo
1569 2521 1801 2588 Saulus,

135 2613 251 2671 hoc
273 2617 368 2670 est
389 2613 580 2684 primo
607 2612 918 2684 superbus,
941 2616 1260 2684 etc.,usque
1280 2612 1349 2667 ad
1376 2611 1508 2684 plus
1529 2611 1805 2666 omnibus

137 2702 397 2759 sanavit.
437 2702 518 2773 (S.
571 2703 738 2774 Aug.,
767 2718 930 2758 serm.
981 2703 1187 2770 Evang.
1221 2701 1285 2757 de
1334 2702 1562 2756 muliere
1605 2702 1802 2770 Chan.,

133 2797 285 2848 tom.
307 2791 380 2858 V,
417 2794 567 2862 part.
602 2807 641 2855 1,
678 2789 788 2846 col.
823 2793 926 2845 484
956 2794 1012 2846 et
1043 2793 1192 2863 seq.)

211 2881 354 2938 Cum
385 2879 636 2936 omnibus
667 2882 764 2951 qui
793 2882 1064 2948 invocant,
1096 2889 1218 2946 etc.,
1251 2896 1441 2952 usque
1471 2881 1544 2936 ad
1579 2882 1809 2936 Domine

133 2974 267 3029 Iesu
298 2971 531 3027 Christo.
549 2968 657 3035 Qui
683 2970 961 3025 devorant
983 2967 1264 3042 populum
1290 2985 1487 3024 meum
1525 2973 1587 3024 ut
1609 2969 1805 3024 cibum

135 3060 339 3135 panis,
373 3063 509 3128 etc.,
543 3075 710 3131 usque
738 3058 808 3114 ad
859 3059 1130 3114 invocant
1175 3063 1374 3113 Deum.
1411 3058 1610 3130 (Idem,
1644 3066 1803 3113 tract.

138 3154 202 3207 in
231 3151 382 3224 psal.
418 3163 515 3215 1.11,
549 3153 691 3204 tom.
717 3148 808 3217 1V,
841 3153 989 3220 part.
1025 3167 1064 3219 1,
1097 3147 1205 3203 col.
1229 3149 1380 3216 617.)

212 3242 288 3296 Et
317 3238 578 3294 multum
600 3237 932 3294 'nisericors
964 3237 1408 3308 omnibus,etc.,
1427 3253 1594 3309 usque
1623 3237 1693 3292 ad
1725 3236 1808 3291 in-

1983 1819 2198 1875 Discite
2231 1823 2517 1892 quantum
2552 1819 2924 1892 praesumatis
2954 1818 3026 1874 de
3057 1818 3196 1885 Deo,
3228 1821 3361 1886 etc.,
3405 1835 3574 1892 usque

1913 1907 1984 1962 ad
2007 1907 2418 1981 mysteriorum
2443 1909 2564 1964 Dei.
2590 1909 2794 1977 (Idem,
2811 1916 2969 1964 tract.
3005 1909 3066 1963 in
3081 1907 3226 1979 psal.
3249 1911 3568 1976 xxxv,tom.

1915 1997 2008 2065 IV,
2043 2002 2192 2068 part.
2229 2013 2268 2068 1,
2302 1997 2413 2053 col.
2447 1999 2552 2054 547
2573 2002 2630 2053 et
2650 2015 2773 2070 seq.

1983 2095 2249 2150 Ecclesia:
2281 2093 2412 2150 filiae
2435 2095 2857 2166 apostolorum,
2881 2098 3013 2162 etc.,
3030 2109 3202 2167 usque
3231 2092 3302 2148 ad
3321 2093 3569 2167 gloriam

1914 2200 2190 2256 quaerere.
2225 2184 2596 2257 (Idem,tract.
2620 2187 2677 2239 in
2703 2183 2847 2256 psal.
2880 2200 3026 2250 xuv,
3061 2186 3204 2237 tom.
3237 2181 3331 2250 IV,
3358 2186 3506 2254 part.
3526 2199 3566 2252 1,

1913 2272 2021 2328 col.
2047 2275 2153 2328 508
2179 2277 2235 2329 et
2259 2276 2409 2345 seq.)

1985 2361 2343 2418 Excellentes
2375 2360 2588 2435 quippe
2619 2361 2676 2415 in
2712 2358 2979 2429 ecclesia,
3007 2363 3142 2429 etc.,
3168 2375 3339 2432 usque
3365 2360 3434 2415 ad
3456 2376 3568 2415 cce-

1914 2449 2037 2506 lum
2071 2456 2128 2506 et
2153 2456 2389 2507 terram.
2414 2451 2621 2521 (Idem,
2657 2457 2814 2506 tract.
2848 2451 2909 2504 in
2936 2449 3076 2521 psal.
3115 2466 3258 2504 LXXI.
3292 2452 3434 2504 tom.
3470 2449 3565 2519 ιν,

1914 2545 2065 2612 part.
2098 2557 2136 2608 1,
2158 2540 2266 2595 col.
2291 2541 2444 2608 904.)

1987 2629 2056 2683 Et
2082 2645 2188 2701 ego
2212 2629 2340 2684 dico
2371 2627 2475 2684 tibi
2513 2645 2526 2683 :
2556 2629 2643 2683 Tu
2675 2644 2736 2684 es
2768 2627 2995 2694 Petrus,
3030 2629 3162 2694 etc.,
3187 2643 3354 2698 usque
3383 2625 3454 2682 ad
3475 2627 3573 2683 ba-

1915 2717 2147 2790 ptizatis
2195 2719 2356 2774 estis.
2394 2719 2597 2790 (Idem,
2628 2734 2732 2772 ser.
2779 2719 3011 2786 Evang.,
3046 2720 3188 2771 tom.
3222 2715 3293 2787 V,
3327 2720 3475 2788 part.
3529 2733 3570 2785 1,

1916 2805 2026 2861 col.
2063 2807 2167 2861 479
2197 2812 2254 2862 et
2283 2811 2431 2880 seq.)

1984 2906 2205 2961 Divisus
2232 2914 2330 2970 est,
2364 2914 2487 2972 etc.,
2522 2919 2708 2977 usque
2736 2903 2807 2960 ad
2849 2904 3114 2975 baptizati
3139 2904 3314 2959 estis?
3342 2901 3565 2975 Baptis-

1916 3010 2049 3049 mus
2071 2995 2300 3050 Domini
2332 2994 2585 3060 divinus,
2607 2994 2748 3066 quia
2767 2992 3045 3048 dominus
3058 2992 3231 3048 Deus.
3257 2991 3451 3046 Potuit
3469 3009 3567 3047 au-

1914 3087 2032 3138 tem
2063 3084 2235 3140 Jesus
2259 3083 2550 3150 Christus,
2584 3087 2716 3148 etc.,
2750 3099 2919 3154 usque
2949 3081 3018 3136 ad
3049 3079 3381 3153 baptizandi
3414 3084 3572 3154 pote-

1917 3175 2150 3228 statem.
2176 3174 2382 3242 (Idem,
2417 3180 2572 3228 tract.
2605 3173 2641 3226 5
2669 3173 2730 3226 in
2757 3172 2960 3240 Evang.
2978 3187 3082 3226 sec.
3110 3173 3451 3239 Ioan.,tom.
3472 3174 3570 3239 III,

1919 3265 2066 3334 part.
2100 3280 2161 3328 11,
2195 3261 2303 3317 col.
2342 3263 2478 3316 1417
2511 3265 2568 3316 et
2600 3262 2746 3332 seq.)

137 3328 852 3432 V°°?““b“5,“i'n£1§°‘f”
884 3335 1036 3432 tm?“
1074 3335 1134 3383 τη
1158 3327 1302 3400 pm“
1341 3344 1502 3392 [ὧδ’
1534 3331 1676 3382 tom'
1713 3325 1803 3394 Iv’
1839 3327 1882 3394 α
1919 3325 1938 3334 -
1991 3325 2346 3432 Ergo’boves
2379 3325 2815 3425 illi,Dominum
2849 3355 3308 3430 magniﬁcabant
3338 3375 3452 3412 non
3487 3374 3572 3423 se,

143 3424 304 3492 part.
341 3435 402 3486 11,
439 3416 548 3472 col.
583 3417 721 3472 1038
752 3421 807 3472 et
841 3421 986 3489 seq.)

144 3509 341 3581 Prope
366 3510 456 3562 est
475 3506 763 3562 Dominus
785 3507 1060 3562 omnibus
1081 3505 1482 3561 invocantibus
1513 3509 1808 3570 eum,ete.,

143 3614 319 3669 usque
350 3596 422 3650 ad
452 3594 681 3650 invocat
713 3596 890 3650 Deum
924 3595 982 3650 in
1032 3595 1289 3651 veritate.
1322 3595 1528 3663 (Idem,
1561 3601 1715 3649 tract.
1752 3596 1811 3649 in

133 3688 282 3760 psal.
320 3703 508 3752 cxuv,
540 3689 686 3740 tom.
722 3685 818 3753 IV,
851 3689 998 3757 part.
1031 3702 1091 3752 11,
1121 3684 1230 3740 col.
1267 3684 1419 3751 I882,
1457 3685 1640 3753 1883.)

219 3778 462 3831 Invocat
512 3778 587 3840 te,
626 3773 887 3841 Domine,
933 3775 1077 3829 fides
1127 3790 1276 3841 mea,
1329 3778 1461 3840 etc.,
1517 3789 1686 3845 usque
1741 3773 1811 3827 ad

137 3882 282 3922 cum
334 3863 617 3919 invocabo
666 3879 822 3919 eum.
866 3863 1071 3933 (Idem,
1108 3864 1201 3918 lib.
1240 3878 1258 3918 1
1291 3865 1525 3934 Confes.,
1575 3867 1717 3918 tom.
1760 3866 1805 3930 Ι,

136 3953 256 4011 001.
289 3954 451 4022 661.)

217 4043 444 4099 Gratias
473 4059 576 4112 ago
607 4046 715 4098 Deo
745 4058 882 4107 meo,
915 4049 1035 4111 etc.,
1070 4058 1257 4114 usque
1298 4041 1368 4096 ad
1399 4041 1656 4096 adventus
1704 4042 1808 4096 Do-

131 4135 290 4189 mini
314 4134 494 4188 nostri
510 4133 633 4188 Iesu
659 4132 880 4188 Christi.
901 4132 962 4187 In
987 4148 1340 4204 quacunque
1356 4131 1449 4186 die
1471 4131 1806 4186 invocavero

135 4226 222 4288 te,
255 4226 393 4289 etc.,
429 4237 598 4293 usque
639 4220 710 4276 ad
755 4220 880 4292 ipse
928 4219 1004 4276 sit
1051 4224 1265 4276 noster.
1301 4221 1501 4292 (Idem.
1539 4227 1694 4275 tract.
1746 4220 1808 4273 in

128 4311 285 4385 psal.
324 4327 412 4376 Lv,
446 4314 587 4365 tom.
621 4309 712 4375 IV,
747 4313 894 4381 part.
933 4327 966 4376 ι,
1003 4309 1110 4364 001.
1133 4309 1281 4380 657.)

212 4398 428 4456 Fidelis
473 4400 634 4464 Deus,
665 4405 787 4466 etc.,
814 4415 1001 4470 usque
1041 4399 1111 4453 ad
1160 4403 1294 4455 Iesu
1343 4398 1551 4452 Christi
1585 4398 1809 4452 Domini

133 4489 347 4546 nostri.
380 4487 594 4544 Fidelis
623 4488 799 4555 Deus,
833 4488 933 4560 qui
965 4504 1027 4543 se
1059 4491 1325 4542 nostrum
1367 4486 1688 4541 debitorem
1721 4486 1806 4540 fe-

134 4581 237 4648 cit,
273 4581 415 4643 etc.,
446 4593 618 4650 usque
648 4577 718 4632 ad
765 4576 946 4650 gratis
995 4577 1251 4632 daretur.
1305 4576 1510 4648 (Idem,
1538 4583 1692 4630 tract.
1746 4577 1804 4630 in

128 4670 284 4742 psal.
323 4683 434 4732 c111,
465 4671 607 4723 tom.
643 4665 734 4735 IV,
769 4671 915 4740 part.
952 4683 1009 4733 11,
1043 4665 1153 4722 col.
1191 4665 1330 4720 1445
1357 4668 1413 4720 et
1439 4667 1586 4736 seq.)

209 4757 446 4815 Obsecro
477 4764 661 4812 autem
688 4773 800 4823 vos,
827 4763 952 4822 etc.,
985 4771 1171 4828 usque
1203 4754 1274 4810 ad
1307 4756 1367 4809 in
1392 4753 1578 4810 eadem
1623 4755 1804 4809 scien-

136 4849 239 4904 tia.
279 4844 452 4901 Multi
482 4850 651 4901 erant
680 4845 926 4918 apostoli
959 4849 1016 4900 et
1047 4844 1147 4899 uni
1179 4843 1430 4917 dicitur:
1458 4844 1649 4911 Pasce,
1669 4846 1803 4909 etc.,

135 4951 316 5011 usque
339 4935 410 4991 ad
439 4935 964 4992 contristabuntur.
1015 4935 1225 5002 (Idem,
1255 4951 1325 4989 ex
1353 4949 1516 4989 serm.
1567 4933 1631 4990 de
1655 4950 1804 5006 pass.

133 5026 394 5094 Domin.,
429 5028 574 5080 tom.
606 5024 675 5093 V,
701 5027 853 5097 part.
885 5041 924 5092 1,
959 5023 1068 5079 col.
1100 5023 1208 5078 279
1228 5026 1286 5079 et
1316 5038 1438 5094 seq.

209 5113 604 5186 Signiﬁcatum
631 5121 708 5170 est
734 5115 886 5170 enim
912 5113 1074 5182 mihi,
1106 5121 1230 5180 etc.,
1264 5127 1454 5182 usque
1479 5111 1552 5166 ad
1582 5127 1674 5182 ego
1707 5127 1805 5166 au-

136 5213 248 5262 tem
282 5203 509 5260 Christi.
544 5203 767 5276 Agebat
796 5202 1131 5274 Apostolus,
1153 5219 1226 5258 ne
1257 5201 1507 5273 quisque
1537 5199 1810 5273 gloriare-

135 5300 260 5358 tur,
288 5295 422 5357 etc.,
445 5307 617 5364 usque
638 5292 708 5348 ad
755 5292 1036 5348 adversus
1083 5290 1335 5347 alterum
1366 5290 1569 5358 (Idem,
1605 5289 1701 5354 lib,
1743 5289 1808 5345 de

135 5382 334 5442 Prsed.
365 5389 565 5450 sanet,
595 5385 736 5437 tom.
765 5381 834 5449 X,
860 5384 1010 5453 part.
1046 5399 1084 5449 1,
1116 5379 1224 5436 col.
1258 5382 1363 5435 967
1387 5383 1443 5434 et
1471 5381 1618 5450 seq.)

211 5474 318 5526 Vae
350 5470 469 5528 illis
500 5472 600 5544 qui
631 5472 881 5527 oderunt
908 5470 1214 5537 unitatem,
1247 5474 1383 5538 etc.,
1414 5485 1584 5542 usque
1610 5468 1679 5523 ad
1718 5473 1806 5524 est

136 5563 453 5620 vobiscum
503 5560 742 5618 Paulus.
777 5561 980 5633 (Idem,
1035 5569 1190 5616 tract.
1238 5561 1308 5616 12
1355 5561 1416 5615 in
1462 5560 1668 5629 Evang.
1701 5574 1802 5613 sec.

134 5657 336 5718 Ioan.,
369 5655 513 5706 tom.
548 5651 644 5720 Ill,
678 5653 832 5722 part.
865 5667 926 5717 11,
962 5650 1070 5705 col.
1107 5650 1291 5718 1489.)

215 5742 404 5798 Nemo
447 5739 606 5796 novit
638 5739 848 5796 Filium
880 5739 993 5795 nisi
1024 5740 1210 5809 Pater,
1234 5742 1365 5808 etc.,
1399 5754 1569 5810 usque
1598 5737 1668 5793 ad
1713 5737 1807 5793 in-

1921 3455 2053 3519 etc.,
2087 3465 2255 3521 usque
2283 3449 2354 3504 ad
2385 3448 2812 3503 incrementum
2844 3447 2943 3501 dat
2971 3446 3143 3502 Deus.
3181 3445 3385 3517 (Idem,
3413 3453 3570 3502 tract.

1924 3540 2008 3606 10,
2043 3541 2100 3594 in
2147 3539 2355 3607 Evang.
2403 3554 2507 3593 sec.
2559 3541 2748 3604 Ioan.,
2801 3539 2944 3591 tom.
2997 3539 3100 3606 III,
3150 3538 3298 3608 part.
3353 3552 3412 3602 ιι,
3458 3534 3568 3590 001.

1921 3628 2105 3700 4471)

1991 3717 2192 3773 Scribo
2223 3717 2408 3784 vobis,
2445 3714 2628 3782 filioli,
2662 3714 2802 3787 quia
2832 3713 3214 3770 remittuntur
3243 3711 3406 3769 vobis
3435 3729 3574 3785 pec-

1918 3810 2066 3873 cata,
2098 3811 2230 3875 etc.,
2262 3823 2433 3878 usque
2461 3806 2530 3860 ad
2566 3803 2889 3859 schismata
2919 3803 3230 3858 faciebant.
3255 3803 3570 3872 (ldem,ser.

1921 3898 1981 3951 in
2035 3899 2191 3968 epist.
2245 3901 2436 3962 Joan.,
2494 3901 2654 3950 tract.
2705 3897 2759 3961 2,
2811 3896 2954 3947 tom.
3007 3896 3106 3961 III,
3149 3895 3298 3964 part.
3347 3909 3406 3958 ιι,
3461 3890 3570 3946 001.

1921 3985 2102 4057 1992.)

1989 4083 2108 4138 Hoc
2138 4081 2401 4154 ipsorum
2434 4085 2557 4138 erat
2604 4079 2909 4153 proprium
2957 4076 3302 4134 detestabile
3343 4076 3571 4132 vitium.

1918 4173 2080 4236 Quod
2111 4188 2242 4226 vero
2273 4171 2556 4237 sciebant,
2590 4173 2724 4240 etc.,
2760 4185 2930 4240 usque
2959 4167 3028 4222 ad
3076 4183 3194 4221 non
3237 4165 3570 4222 credebant.

1917 4261 2123 4330 (Idem,
2160 4262 2256 4316 lib.
2289 4260 2354 4316 de
2385 4262 2547 4315 unico
2581 4259 2876 4330 Baptismo,
2913 4261 3054 4312 tom.
3089 4255 3207 4321 IX.)

1988 4358 2131 4413 Vide
2165 4357 2661 4430 quemadmodum
2694 4372 2946 4429 magnus
2975 4353 3072 4409 ille
3113 4351 3284 4408 miles
3333 4349 3570 4419 Christi,

1916 4451 2047 4515 etc.,
2080 4464 2249 4520 usque
2276 4447 2344 4502 ad
2375 4464 2490 4501 non
2521 4461 2724 4502 sexum
2757 4444 2960 4516 (Idem,
2995 4450 3152 4498 tract.
3188 4443 3250 4497 in
3276 4442 3418 4514 psal.
3461 4458 3571 4496 LIV.

1916 4540 2060 4592 tom.
2097 4537 2190 4598 IV,
2218 4541 2367 4608 part.
2403 4553 2443 4601 1,
2461 4534 2570 4590 col.
2601 4533 2752 4599 509.)

1985 4634 2336 4691 Illuminans
2353 4639 2414 4689 tu
2439 4631 2788 4688 mirabiliter
2807 4648 2841 4686 a
2862 4629 3164 4686 montibus
3179 4627 3574 4696 aeternis,etc.,

1835 4701 1881 4768 D
1913 4741 2084 4797 usque
2111 4725 2182 4781 ad
2211 4723 2581 4780 illuminatus
2602 4739 2636 4777 a
2656 4721 2924 4777 Domino.
2941 4721 3145 4792 (Idem,
3163 4724 3326 4776 tract.
3347 4721 3408 4774 in
3423 4719 3570 4791 psal.

1913 4833 2074 4884 Lxxv,
2103 4820 2246 4870 tom.
2281 4813 2373 4880 1V,
2407 4816 2558 4884 part.
2594 4829 2632 4879 1,
2666 4809 2778 4867 001.
2809 4809 2912 4866 961
2944 4813 3000 4866 et
3030 4826 3154 4882 seq.

1989 4910 2206 4970 Gratias
2231 4929 2332 4980 ago
2367 4915 2477 4966 Deo
2506 4925 2623 4966 meo
2650 4919 2978 4980 etc.,usque
3003 4907 3076 4963 ad
3121 4908 3299 4962 alium
3335 4913 3575 4960 vestrum

1918 5003 2328 5074 baptimverim.
2355 4999 2586 5055 Poterat
2633 4997 2681 5053 si
2732 4996 3014 5053 voluisset
3053 4993 3337 5050 Dominus
3373 4991 3570 5060 Jesus,

1916 5095 2050 5157 etc.,
2080 5107 2252 5163 usque
2279 5089 2350 5145 ad
2374 5091 2432 5144 et
2462 5087 2683 5158 majore
2713 5085 3061 5158 baptizetur.
3097 5084 3298 5156 (Idem,
3335 5078 3574 5136 lib.vde

1914 5181 2148 5253 Baptis.,
2177 5183 2320 5235 tom.
2354 5178 2447 5245 IX,
2481 5176 2592 5232 col.
2625 5175 2730 5231 184
2761 5179 2817 5230 et
2847 5176 2992 5245 seq.)

1987 5279 2103 5334 Non
2131 5278 2280 5332 enim
2308 5276 2461 5331 misit
2482 5290 2587 5341 me,
2618 5281 2738 5339 etc.,
2766 5287 2953 5342 usque
2983 5269 3054 5325 ad
3093 5275 3381 5324 evacuetur
3431 5283 3574 5322 crux

1918 5367 2134 5424 Christi.
2157 5363 2518 5420 Miserabiles
2549 5361 2821 5418 tenebras
2849 5358 2908 5412 in
2941 5356 3137 5413 animo
3169 5355 3572 5419 humano.Qui

1917 5457 2029 5512 scit
2075 5453 2574 5528 quemadmodum
2617 5449 2824 5505 debeat
2872 5447 3100 5504 leonem
3143 5447 3402 5512 domare,
3435 5449 3570 5509 etc.,

1914 5563 2082 5619 usque
2109 5544 2180 5600 ad
2208 5543 2280 5598 ad
2299 5541 2600 5614 justitiam
2632 5537 2792 5595 omni
2820 5536 3095 5594 credenti.
3129 5536 3336 5605 (Idem,
3379 5534 3475 5590 lib.
3507 5533 3573 5589 de

1915 5642 2042 5696 Nat.
2076 5643 2126 5691 et
2159 5634 2330 5700 Grat.,
2353 5636 2498 5688 tom.
2530 5629 2597 5695 X,
2629 5631 2780 5700 part.
2812 5644 2856 5692 1,
2888 5626 2999 5682 col.
3030 5626 3181 5697 270.)

1983 5735 2110 5790 Non
2143 5748 2330 5804 usque
2353 5729 2520 5793 adeo,
2546 5727 2810 5799 inquam,
2836 5725 2967 5783 duci
2987 5742 3080 5783 me
3102 5729 3273 5799 putes
3295 5722 3571 5782 laudibus
