  <div class='ocr_page' id='page_1' title='image "/cluster/home/n/w/nwhite01/storage/ocr_20150623/119/umn.319510024774125/183.png"; bbox 0 0 4100 6456; ppageno 0'>
   <div class='ocr_carea' id='block_1_1' title="bbox 543 396 665 460">
    <p class='ocr_par' dir='ltr' id='par_1_1' title="bbox 543 396 665 460">
     <span class='ocr_line' id='line_1_1' title="bbox 543 396 665 460; baseline 0 0"><span class='ocrx_word' id='word_1_1' title='bbox 543 396 665 460; x_wconf 89' lang='grc'><strong>319</strong></span> 
     </span>
    </p>
   </div>
   <div class='ocr_carea' id='block_1_2' title="bbox 1769 385 2790 453">
    <p class='ocr_par' dir='ltr' id='par_1_2' title="bbox 1769 385 2790 453">
     <span class='ocr_line' id='line_1_2' title="bbox 1769 385 2790 453; baseline -0.002 0"><span class='ocrx_word' id='word_1_2' title='bbox 1769 390 2000 453; x_wconf 82' lang='lat' dir='ltr'><strong>FLORI</strong></span> <span class='ocrx_word' id='word_1_3' title='bbox 2044 385 2358 451; x_wconf 80' lang='lat' dir='ltr'><strong>DIACONI</strong></span> <span class='ocrx_word' id='word_1_4' title='bbox 2403 388 2790 453; x_wconf 80' lang='lat' dir='ltr'><strong>MONACHI.</strong></span> 
     </span>
    </p>
   </div>
   <div class='ocr_carea' id='block_1_3' title="bbox 3839 384 3998 450">
    <p class='ocr_par' dir='ltr' id='par_1_3' title="bbox 3839 384 3998 450">
     <span class='ocr_line' id='line_1_3' title="bbox 3839 384 3998 450; baseline 0.006 -1"><span class='ocrx_word' id='word_1_5' title='bbox 3839 384 3998 450; x_wconf 66' lang='grc' dir='ltr'>8ἓο</span> 
     </span>
    </p>
   </div>
   <div class='ocr_carea' id='block_1_4' title="bbox 545 522 3993 605">
    <p class='ocr_par' dir='ltr' id='par_1_4' title="bbox 545 522 3993 605">
     <span class='ocr_line' id='line_1_4' title="bbox 545 522 3993 605; baseline -0.003 -17"><span class='ocrx_word' id='word_1_6' title='bbox 545 532 714 600; x_wconf 88' lang='lat' dir='ltr'><strong>meis,</strong></span> <span class='ocrx_word' id='word_1_7' title='bbox 745 535 877 600; x_wconf 92' lang='lat' dir='ltr'><strong>etc.,</strong></span> <span class='ocrx_word' id='word_1_8' title='bbox 909 547 1086 605; x_wconf 88' lang='lat' dir='ltr'><strong>usque</strong></span> <span class='ocrx_word' id='word_1_9' title='bbox 1109 529 1181 587; x_wconf 88' lang='lat' dir='ltr'><strong>ad</strong></span> <span class='ocrx_word' id='word_1_10' title='bbox 1212 545 1388 604; x_wconf 88' lang='lat' dir='ltr'><strong>quam</strong></span> <span class='ocrx_word' id='word_1_11' title='bbox 1421 527 1645 584; x_wconf 84' lang='lat' dir='ltr'><strong>ratione</strong></span> <span class='ocrx_word' id='word_1_12' title='bbox 1677 525 1961 590; x_wconf 86' lang='lat' dir='ltr'><strong>redditur,</strong></span> <span class='ocrx_word' id='word_1_13' title='bbox 1996 524 2204 603; x_wconf 64' lang='lat' dir='ltr'><strong>(Idem,</strong></span> <span class='ocrx_word' id='word_1_14' title='bbox 2235 523 2292 592; x_wconf 82' lang='grc' dir='ltr'><strong>Α</strong></span> <span class='ocrx_word' id='word_1_15' title='bbox 2320 527 2455 593; x_wconf 90' lang='lat' dir='ltr'><strong>etc.,</strong></span> <span class='ocrx_word' id='word_1_16' title='bbox 2486 540 2658 597; x_wconf 88' lang='lat' dir='ltr'><strong>usque</strong></span> <span class='ocrx_word' id='word_1_17' title='bbox 2684 523 2755 580; x_wconf 89' lang='lat' dir='ltr'><strong>ad</strong></span> <span class='ocrx_word' id='word_1_18' title='bbox 2780 523 3159 583; x_wconf 85' lang='lat' dir='ltr'><strong>minueretur.</strong></span> <span class='ocrx_word' id='word_1_19' title='bbox 3196 522 3323 598; x_wconf 93' lang='lat' dir='ltr'><strong>(Id.,</strong></span> <span class='ocrx_word' id='word_1_20' title='bbox 3352 530 3511 580; x_wconf 88' lang='lat' dir='ltr'><strong>tract.</strong></span> <span class='ocrx_word' id='word_1_21' title='bbox 3546 522 3606 579; x_wconf 85' lang='lat' dir='ltr'><strong>in</strong></span> <span class='ocrx_word' id='word_1_22' title='bbox 3644 522 3789 596; x_wconf 87' lang='lat' dir='ltr'><strong>psal.</strong></span> <span class='ocrx_word' id='word_1_23' title='bbox 3845 539 3993 592; x_wconf 70' lang='grc' dir='ltr'><strong>αν,</strong></span> 
     </span>
    </p>
   </div>
   <div class='ocr_carea' id='block_1_5' title="bbox 544 615 1948 690">
    <p class='ocr_par' dir='ltr' id='par_1_5' title="bbox 544 615 1948 690">
     <span class='ocr_line' id='line_1_5' title="bbox 544 615 1948 690; baseline -0.006 -13"><span class='ocrx_word' id='word_1_24' title='bbox 544 623 641 678; x_wconf 84' lang='lat' dir='ltr'><strong>lib.</strong></span> <span class='ocrx_word' id='word_1_25' title='bbox 675 630 844 690; x_wconf 82' lang='lat' dir='ltr'><strong>contr,</strong></span> <span class='ocrx_word' id='word_1_26' title='bbox 879 622 1238 686; x_wconf 86' lang='lat' dir='ltr'><strong>Felicianum,</strong></span> <span class='ocrx_word' id='word_1_27' title='bbox 1267 625 1408 674; x_wconf 91' lang='lat' dir='ltr'><strong>tom.</strong></span> <span class='ocrx_word' id='word_1_28' title='bbox 1436 619 1589 684; x_wconf 83' lang='lat' dir='ltr'><strong>VIII,</strong></span> <span class='ocrx_word' id='word_1_29' title='bbox 1623 615 1731 672; x_wconf 92' lang='lat' dir='ltr'><strong>col.</strong></span> <span class='ocrx_word' id='word_1_30' title='bbox 1769 615 1948 686; x_wconf 90' lang='grc'><strong>1157.)</strong></span> 
     </span>
    </p>
   </div>
   <div class='ocr_carea' id='block_1_6' title="bbox 616 703 2202 779">
    <p class='ocr_par' dir='ltr' id='par_1_6' title="bbox 616 703 2202 779">
     <span class='ocr_line' id='line_1_6' title="bbox 616 703 2202 779; baseline -0.007 -12"><span class='ocrx_word' id='word_1_31' title='bbox 616 712 845 768; x_wconf 83' lang='lat' dir='ltr'><strong>Verbum</strong></span> <span class='ocrx_word' id='word_1_32' title='bbox 891 714 1041 767; x_wconf 88' lang='lat' dir='ltr'><strong>enim</strong></span> <span class='ocrx_word' id='word_1_33' title='bbox 1083 712 1280 775; x_wconf 79' lang='lat' dir='ltr'><strong>crucis,</strong></span> <span class='ocrx_word' id='word_1_34' title='bbox 1315 718 1438 775; x_wconf 87' lang='lat' dir='ltr'><strong>etc.,</strong></span> <span class='ocrx_word' id='word_1_35' title='bbox 1482 723 1669 779; x_wconf 90' lang='lat' dir='ltr'><strong>usque</strong></span> <span class='ocrx_word' id='word_1_36' title='bbox 1718 705 1789 760; x_wconf 91' lang='lat' dir='ltr'><strong>ad</strong></span> <span class='ocrx_word' id='word_1_37' title='bbox 1844 703 2202 776; x_wconf 85' lang='lat' dir='ltr'><strong>prudentiam</strong></span> 
     </span>
    </p>
   </div>
   <div class='ocr_carea' id='block_1_7' title="bbox 537 794 2202 876">
    <p class='ocr_par' dir='ltr' id='par_1_7' title="bbox 537 794 2202 876">
     <span class='ocr_line' id='line_1_7' title="bbox 537 794 2202 876; baseline -0.008 -18"><span class='ocrx_word' id='word_1_38' title='bbox 537 802 897 876; x_wconf 88' lang='lat' dir='ltr'><strong>prudentium</strong></span> <span class='ocrx_word' id='word_1_39' title='bbox 936 801 1254 874; x_wconf 84' lang='lat' dir='ltr'><strong>reprobabo.</strong></span> <span class='ocrx_word' id='word_1_40' title='bbox 1281 798 1339 854; x_wconf 87' lang='lat' dir='ltr'><strong>Si</strong></span> <span class='ocrx_word' id='word_1_41' title='bbox 1373 796 1697 854; x_wconf 86' lang='lat' dir='ltr'><strong>secundum</strong></span> <span class='ocrx_word' id='word_1_42' title='bbox 1751 794 2085 866; x_wconf 84' lang='lat' dir='ltr'><strong>Scripturas</strong></span> <span class='ocrx_word' id='word_1_43' title='bbox 2117 808 2202 846; x_wconf 91' lang='lat' dir='ltr'><strong>sa-</strong></span> 
     </span>
    </p>
   </div>
   <div class='ocr_carea' id='block_1_8' title="bbox 542 883 2198 964">
    <p class='ocr_par' dir='ltr' id='par_1_8' title="bbox 542 883 2198 964">
     <span class='ocr_line' id='line_1_8' title="bbox 542 883 2198 964; baseline -0.007 -18"><span class='ocrx_word' id='word_1_44' title='bbox 542 892 799 964; x_wconf 89' lang='lat' dir='ltr'><strong>piamus,</strong></span> <span class='ocrx_word' id='word_1_45' title='bbox 833 895 1151 962; x_wconf 90' lang='lat' dir='ltr'><strong>etc.,usque</strong></span> <span class='ocrx_word' id='word_1_46' title='bbox 1180 889 1249 942; x_wconf 86' lang='lat' dir='ltr'><strong>ad</strong></span> <span class='ocrx_word' id='word_1_47' title='bbox 1282 885 1564 960; x_wconf 82' lang='lat' dir='ltr'><strong>perveniri</strong></span> <span class='ocrx_word' id='word_1_48' title='bbox 1601 900 1771 956; x_wconf 88' lang='lat' dir='ltr'>posse</span> <span class='ocrx_word' id='word_1_49' title='bbox 1799 883 2198 953; x_wconf 83' lang='lat' dir='ltr'><strong>dicatur.(Id.,</strong></span> 
     </span>
    </p>
   </div>
   <div class='ocr_carea' id='block_1_9' title="bbox 543 970 2033 1050">
    <p class='ocr_par' dir='ltr' id='par_1_9' title="bbox 543 970 2033 1050">
     <span class='ocr_line' id='line_1_9' title="bbox 543 970 2033 1050; baseline -0.008 -14"><span class='ocrx_word' id='word_1_50' title='bbox 543 982 642 1036; x_wconf 86' lang='lat' dir='ltr'><strong>lib.</strong></span> <span class='ocrx_word' id='word_1_51' title='bbox 674 981 740 1035; x_wconf 88' lang='lat' dir='ltr'><strong>de</strong></span> <span class='ocrx_word' id='word_1_52' title='bbox 768 981 891 1050; x_wconf 71' lang='lat' dir='ltr'><strong>Nat.</strong></span> <span class='ocrx_word' id='word_1_53' title='bbox 925 987 977 1034; x_wconf 87' lang='lat' dir='ltr'><strong>et</strong></span> <span class='ocrx_word' id='word_1_54' title='bbox 1009 978 1180 1042; x_wconf 85' lang='lat' dir='ltr'><strong>Grat.,</strong></span> <span class='ocrx_word' id='word_1_55' title='bbox 1213 981 1354 1031; x_wconf 93' lang='lat' dir='ltr'><strong>tom.</strong></span> <span class='ocrx_word' id='word_1_56' title='bbox 1383 975 1448 1042; x_wconf 87' lang='grc' dir='ltr'><strong>Χ,</strong></span> <span class='ocrx_word' id='word_1_57' title='bbox 1483 978 1632 1046; x_wconf 87' lang='lat' dir='ltr'><strong>part.</strong></span> <span class='ocrx_word' id='word_1_58' title='bbox 1663 990 1702 1038; x_wconf 87' lang='lat'><strong>1,</strong></span> <span class='ocrx_word' id='word_1_59' title='bbox 1739 970 1848 1026; x_wconf 91' lang='lat' dir='ltr'><strong>col.</strong></span> <span class='ocrx_word' id='word_1_60' title='bbox 1884 971 2033 1042; x_wconf 86' lang='lat'><strong>250.)</strong></span> 
     </span>
    </p>
   </div>
   <div class='ocr_carea' id='block_1_10' title="bbox 613 1059 2202 1140">
    <p class='ocr_par' dir='ltr' id='par_1_10' title="bbox 613 1059 2202 1140">
     <span class='ocr_line' id='line_1_10' title="bbox 613 1059 2202 1140; baseline -0.008 -15"><span class='ocrx_word' id='word_1_61' title='bbox 613 1070 856 1125; x_wconf 91' lang='lat' dir='ltr'><strong>Perdam</strong></span> <span class='ocrx_word' id='word_1_62' title='bbox 905 1066 1256 1140; x_wconf 83' lang='lat' dir='ltr'><strong>sapientiam</strong></span> <span class='ocrx_word' id='word_1_63' title='bbox 1308 1063 1688 1136; x_wconf 88' lang='lat' dir='ltr'><strong>sapientium,</strong></span> <span class='ocrx_word' id='word_1_64' title='bbox 1743 1065 1879 1126; x_wconf 91' lang='lat' dir='ltr'><strong>etc.,</strong></span> <span class='ocrx_word' id='word_1_65' title='bbox 1909 1076 2080 1132; x_wconf 89' lang='lat' dir='ltr'><strong>usque</strong></span> <span class='ocrx_word' id='word_1_66' title='bbox 2131 1059 2202 1114; x_wconf 87' lang='lat' dir='ltr'><strong>ad</strong></span> 
     </span>
    </p>
   </div>
   <div class='ocr_carea' id='block_1_11' title="bbox 541 1149 2196 1223">
    <p class='ocr_par' dir='ltr' id='par_1_11' title="bbox 541 1149 2196 1223">
     <span class='ocr_line' id='line_1_11' title="bbox 541 1149 2196 1223; baseline -0.007 -9"><span class='ocrx_word' id='word_1_67' title='bbox 541 1157 838 1214; x_wconf 89' lang='lat' dir='ltr'><strong>miseriam</strong></span> <span class='ocrx_word' id='word_1_68' title='bbox 890 1156 1232 1212; x_wconf 87' lang='lat' dir='ltr'><strong>conﬁtentes</strong></span> <span class='ocrx_word' id='word_1_69' title='bbox 1285 1153 1491 1223; x_wconf 91' lang='lat' dir='ltr'>(Idem,</span> <span class='ocrx_word' id='word_1_70' title='bbox 1528 1151 1624 1206; x_wconf 89' lang='lat' dir='ltr'><strong>lib.</strong></span> <span class='ocrx_word' id='word_1_71' title='bbox 1676 1167 1712 1204; x_wconf 86' lang='lat' dir='ltr'><strong>x</strong></span> <span class='ocrx_word' id='word_1_72' title='bbox 1751 1149 1815 1206; x_wconf 89' lang='lat' dir='ltr'><strong>de</strong></span> <span class='ocrx_word' id='word_1_73' title='bbox 1869 1150 2028 1204; x_wconf 84' lang='lat' dir='ltr'><strong>Civit.</strong></span> <span class='ocrx_word' id='word_1_74' title='bbox 2078 1149 2196 1217; x_wconf 90' lang='lat' dir='ltr'><strong>Dei,</strong></span> 
     </span>
    </p>
   </div>
   <div class='ocr_carea' id='block_1_12' title="bbox 538 1244 1161 1316">
    <p class='ocr_par' dir='ltr' id='par_1_12' title="bbox 538 1244 1161 1316">
     <span class='ocr_line' id='line_1_12' title="bbox 538 1244 1161 1316; baseline -0.011 -12"><span class='ocrx_word' id='word_1_75' title='bbox 538 1251 679 1304; x_wconf 87' lang='lat' dir='ltr'><strong>tom.</strong></span> <span class='ocrx_word' id='word_1_76' title='bbox 711 1246 833 1313; x_wconf 93' lang='lat' dir='ltr'><strong>VII,</strong></span> <span class='ocrx_word' id='word_1_77' title='bbox 869 1244 974 1301; x_wconf 90' lang='lat' dir='ltr'><strong>col.</strong></span> <span class='ocrx_word' id='word_1_78' title='bbox 1010 1246 1161 1316; x_wconf 89' lang='lat'>307.)</span> 
     </span>
    </p>
   </div>
   <div class='ocr_carea' id='block_1_13' title="bbox 611 1329 2202 1408">
    <p class='ocr_par' dir='ltr' id='par_1_13' title="bbox 611 1329 2202 1408">
     <span class='ocr_line' id='line_1_13' title="bbox 611 1329 2202 1408; baseline -0.007 -15"><span class='ocrx_word' id='word_1_79' title='bbox 611 1338 710 1394; x_wconf 91' lang='lat' dir='ltr'><strong>Ubi</strong></span> <span class='ocrx_word' id='word_1_80' title='bbox 730 1338 992 1408; x_wconf 77' lang='lat' dir='ltr'><strong>sapiens?</strong></span> <span class='ocrx_word' id='word_1_81' title='bbox 1019 1336 1118 1389; x_wconf 89' lang='lat' dir='ltr'><strong>ubi</strong></span> <span class='ocrx_word' id='word_1_82' title='bbox 1146 1333 1364 1389; x_wconf 86' lang='lat' dir='ltr'><strong>scriba?</strong></span> <span class='ocrx_word' id='word_1_83' title='bbox 1389 1332 1487 1386; x_wconf 88' lang='lat' dir='ltr'><strong>ubi</strong></span> <span class='ocrx_word' id='word_1_84' title='bbox 1509 1331 1848 1402; x_wconf 86' lang='lat' dir='ltr'><strong>conquisitor</strong></span> <span class='ocrx_word' id='word_1_85' title='bbox 1876 1329 2042 1399; x_wconf 84' lang='lat' dir='ltr'><strong><em>hujus</em></strong></span> <span class='ocrx_word' id='word_1_86' title='bbox 2095 1342 2202 1384; x_wconf 72' lang='lat' dir='ltr'><strong>sae-</strong></span> 
     </span>
    </p>
   </div>
   <div class='ocr_carea' id='block_1_14' title="bbox 535 1415 2195 1484">
    <p class='ocr_par' dir='ltr' id='par_1_14' title="bbox 535 1415 2195 1484">
     <span class='ocr_line' id='line_1_14' title="bbox 535 1415 2195 1484; baseline -0.007 -2"><span class='ocrx_word' id='word_1_87' title='bbox 535 1427 689 1482; x_wconf 82' lang='lat' dir='ltr'><strong>culi?</strong></span> <span class='ocrx_word' id='word_1_88' title='bbox 706 1424 1050 1481; x_wconf 81' lang='lat' dir='ltr'><strong>Audivimus</strong></span> <span class='ocrx_word' id='word_1_89' title='bbox 1069 1421 1172 1478; x_wconf 89' lang='lat' dir='ltr'>Fili</span> <span class='ocrx_word' id='word_1_90' title='bbox 1185 1439 1284 1476; x_wconf 91' lang='lat' dir='ltr'><strong>um</strong></span> <span class='ocrx_word' id='word_1_91' title='bbox 1298 1420 1396 1476; x_wconf 89' lang='lat' dir='ltr'><strong>Dei</strong></span> <span class='ocrx_word' id='word_1_92' title='bbox 1419 1420 1709 1475; x_wconf 86' lang='lat' dir='ltr'>dicentem</span> <span class='ocrx_word' id='word_1_93' title='bbox 1732 1436 1743 1472; x_wconf 91' lang='lat'><strong>:</strong></span> <span class='ocrx_word' id='word_1_94' title='bbox 1767 1415 2195 1484; x_wconf 85' lang='lat' dir='ltr'><strong>Conﬁteortibi,</strong></span> 
     </span>
    </p>
   </div>
   <div class='ocr_carea' id='block_1_15' title="bbox 535 1506 2194 1584">
    <p class='ocr_par' dir='ltr' id='par_1_15' title="bbox 535 1506 2194 1584">
     <span class='ocr_line' id='line_1_15' title="bbox 535 1506 2194 1584; baseline -0.005 -15"><span class='ocrx_word' id='word_1_95' title='bbox 535 1520 725 1578; x_wconf 77' lang='lat' dir='ltr'><strong>Pater,</strong></span> <span class='ocrx_word' id='word_1_96' title='bbox 759 1519 893 1578; x_wconf 67' lang='lat' dir='ltr'><strong>etc.,</strong></span> <span class='ocrx_word' id='word_1_97' title='bbox 928 1529 1096 1584; x_wconf 80' lang='lat' dir='ltr'><strong>usque</strong></span> <span class='ocrx_word' id='word_1_98' title='bbox 1125 1511 1196 1567; x_wconf 89' lang='lat' dir='ltr'><strong>ad</strong></span> <span class='ocrx_word' id='word_1_99' title='bbox 1225 1510 1441 1565; x_wconf 84' lang='lat' dir='ltr'><strong>tradita</strong></span> <span class='ocrx_word' id='word_1_100' title='bbox 1470 1511 1610 1565; x_wconf 88' lang='lat' dir='ltr'><strong>sunt</strong></span> <span class='ocrx_word' id='word_1_101' title='bbox 1640 1526 1673 1563; x_wconf 90' lang='lat' dir='ltr'><strong>a</strong></span> <span class='ocrx_word' id='word_1_102' title='bbox 1705 1509 1871 1562; x_wconf 83' lang='lat' dir='ltr'><strong>Patre</strong></span> <span class='ocrx_word' id='word_1_103' title='bbox 1894 1523 2042 1562; x_wconf 91' lang='lat' dir='ltr'><strong>meo.</strong></span> <span class='ocrx_word' id='word_1_104' title='bbox 2065 1506 2194 1572; x_wconf 91' lang='lat' dir='ltr'><strong>(Id.,</strong></span> 
     </span>
    </p>
   </div>
   <div class='ocr_carea' id='block_1_16' title="bbox 533 1595 2198 1670">
    <p class='ocr_par' dir='ltr' id='par_1_16' title="bbox 533 1595 2198 1670">
     <span class='ocr_line' id='line_1_16' title="bbox 533 1595 2198 1670; baseline -0.007 -8"><span class='ocrx_word' id='word_1_105' title='bbox 533 1621 697 1662; x_wconf 80' lang='lat' dir='ltr'><strong>ser-m.</strong></span> <span class='ocrx_word' id='word_1_106' title='bbox 730 1605 794 1660; x_wconf 86' lang='lat' dir='ltr'><strong>de</strong></span> <span class='ocrx_word' id='word_1_107' title='bbox 823 1605 943 1659; x_wconf 89' lang='lat' dir='ltr'><strong>lect.</strong></span> <span class='ocrx_word' id='word_1_108' title='bbox 979 1605 1210 1670; x_wconf 84' lang='lat' dir='ltr'><strong>Evang.,</strong></span> <span class='ocrx_word' id='word_1_109' title='bbox 1242 1604 1386 1654; x_wconf 84' lang='lat' dir='ltr'><strong>tom.</strong></span> <span class='ocrx_word' id='word_1_110' title='bbox 1422 1601 1522 1665; x_wconf 86' lang='lat' dir='ltr'><strong>III,</strong></span> <span class='ocrx_word' id='word_1_111' title='bbox 1578 1601 1726 1669; x_wconf 84' lang='lat' dir='ltr'><strong>part.</strong></span> <span class='ocrx_word' id='word_1_112' title='bbox 1783 1613 1840 1664; x_wconf 86' lang='lat'><strong>11,</strong></span> <span class='ocrx_word' id='word_1_113' title='bbox 1895 1595 2006 1650; x_wconf 90' lang='lat' dir='ltr'><strong>col.</strong></span> <span class='ocrx_word' id='word_1_114' title='bbox 2059 1595 2198 1650; x_wconf 91' lang='lat'><strong>1389</strong></span> 
     </span>
    </p>
   </div>
   <div class='ocr_carea' id='block_1_17' title="bbox 536 1693 773 1765">
    <p class='ocr_par' dir='ltr' id='par_1_17' title="bbox 536 1693 773 1765">
     <span class='ocr_line' id='line_1_17' title="bbox 536 1693 773 1765; baseline -0.013 -15"><span class='ocrx_word' id='word_1_115' title='bbox 536 1697 594 1750; x_wconf 90' lang='lat' dir='ltr'><strong>et</strong></span> <span class='ocrx_word' id='word_1_116' title='bbox 623 1693 773 1765; x_wconf 87' lang='lat' dir='ltr'><strong>seq.)</strong></span> 
     </span>
    </p>
   </div>
   <div class='ocr_carea' id='block_1_18' title="bbox 607 1773 2196 1851">
    <p class='ocr_par' dir='ltr' id='par_1_18' title="bbox 607 1773 2196 1851">
     <span class='ocr_line' id='line_1_18' title="bbox 607 1773 2196 1851; baseline -0.008 -11"><span class='ocrx_word' id='word_1_117' title='bbox 607 1787 798 1840; x_wconf 86' lang='lat' dir='ltr'><strong>Nonne</strong></span> <span class='ocrx_word' id='word_1_118' title='bbox 826 1781 1048 1838; x_wconf 76' lang='lat' dir='ltr'><strong>stultam</strong></span> <span class='ocrx_word' id='word_1_119' title='bbox 1075 1781 1203 1851; x_wconf 83' lang='lat' dir='ltr'><strong>fecit</strong></span> <span class='ocrx_word' id='word_1_120' title='bbox 1235 1779 1374 1833; x_wconf 79' lang='lat' dir='ltr'><strong>Deus</strong></span> <span class='ocrx_word' id='word_1_121' title='bbox 1405 1777 1736 1848; x_wconf 77' lang='lat' dir='ltr'><strong>sapientiam</strong></span> <span class='ocrx_word' id='word_1_122' title='bbox 1765 1775 1924 1845; x_wconf 66' lang='lat' dir='ltr'><strong><em>hujus</em></strong></span> <span class='ocrx_word' id='word_1_123' title='bbox 1963 1773 2196 1828; x_wconf 88' lang='lat' dir='ltr'><strong>mundi?</strong></span> 
     </span>
    </p>
   </div>
   <div class='ocr_carea' id='block_1_19' title="bbox 2311 613 3060 686">
    <p class='ocr_par' dir='ltr' id='par_1_19' title="bbox 2311 613 3060 686">
     <span class='ocr_line' id='line_1_19' title="bbox 2311 613 3060 686; baseline 0.001 -18"><span class='ocrx_word' id='word_1_124' title='bbox 2311 618 2352 668; x_wconf 93' lang='lat' dir='ltr'><strong>t.</strong></span> <span class='ocrx_word' id='word_1_125' title='bbox 2389 614 2482 680; x_wconf 88' lang='lat' dir='ltr'><strong>IV,</strong></span> <span class='ocrx_word' id='word_1_126' title='bbox 2513 618 2662 686; x_wconf 85' lang='lat' dir='ltr'><strong>part.</strong></span> <span class='ocrx_word' id='word_1_127' title='bbox 2697 633 2736 682; x_wconf 87' lang='lat'><strong>1,</strong></span> <span class='ocrx_word' id='word_1_128' title='bbox 2769 613 2876 670; x_wconf 90' lang='lat' dir='ltr'><strong>col.</strong></span> <span class='ocrx_word' id='word_1_129' title='bbox 2908 617 3060 683; x_wconf 90' lang='lat'><strong>788.)</strong></span> 
     </span>
    </p>
   </div>
   <div class='ocr_carea' id='block_1_20' title="bbox 2383 702 3990 776">
    <p class='ocr_par' dir='ltr' id='par_1_20' title="bbox 2383 702 3990 776">
     <span class='ocr_line' id='line_1_20' title="bbox 2383 702 3990 776; baseline 0 -18"><span class='ocrx_word' id='word_1_130' title='bbox 2383 703 2586 759; x_wconf 87' lang='lat' dir='ltr'><strong>Petrus</strong></span> <span class='ocrx_word' id='word_1_131' title='bbox 2617 703 2726 758; x_wconf 91' lang='lat' dir='ltr'><strong>iste</strong></span> <span class='ocrx_word' id='word_1_132' title='bbox 2756 704 2852 776; x_wconf 90' lang='lat' dir='ltr'><strong>qui</strong></span> <span class='ocrx_word' id='word_1_133' title='bbox 2885 703 2969 760; x_wconf 89' lang='lat' dir='ltr'><strong>sic</strong></span> <span class='ocrx_word' id='word_1_134' title='bbox 2997 703 3258 776; x_wconf 89' lang='lat' dir='ltr'><strong>loquitur</strong></span> <span class='ocrx_word' id='word_1_135' title='bbox 3279 702 3537 775; x_wconf 82' lang='lat' dir='ltr'><strong>piscator</strong></span> <span class='ocrx_word' id='word_1_136' title='bbox 3559 702 3686 770; x_wconf 86' lang='lat' dir='ltr'><strong>fuit,</strong></span> <span class='ocrx_word' id='word_1_137' title='bbox 3721 705 3990 769; x_wconf 76' lang='lat' dir='ltr'><strong>etc.,us-</strong></span> 
     </span>
    </p>
   </div>
   <div class='ocr_carea' id='block_1_21' title="bbox 2311 793 3987 865">
    <p class='ocr_par' dir='ltr' id='par_1_21' title="bbox 2311 793 3987 865">
     <span class='ocr_line' id='line_1_21' title="bbox 2311 793 3987 865; baseline 0 -17"><span class='ocrx_word' id='word_1_138' title='bbox 2311 809 2414 865; x_wconf 86' lang='lat' dir='ltr'><strong>que</strong></span> <span class='ocrx_word' id='word_1_139' title='bbox 2441 793 2510 848; x_wconf 86' lang='lat' dir='ltr'><strong>ad</strong></span> <span class='ocrx_word' id='word_1_140' title='bbox 2540 797 2912 848; x_wconf 87' lang='lat' dir='ltr'><strong>evacuentur.</strong></span> <span class='ocrx_word' id='word_1_141' title='bbox 2938 793 3066 865; x_wconf 86' lang='lat' dir='ltr'><strong>(Id.,</strong></span> <span class='ocrx_word' id='word_1_142' title='bbox 3091 811 3253 849; x_wconf 89' lang='lat' dir='ltr'><strong>serm.</strong></span> <span class='ocrx_word' id='word_1_143' title='bbox 3277 793 3341 848; x_wconf 90' lang='lat' dir='ltr'><strong>de</strong></span> <span class='ocrx_word' id='word_1_144' title='bbox 3369 794 3517 848; x_wconf 85' lang='lat' dir='ltr'><strong>verb.</strong></span> <span class='ocrx_word' id='word_1_145' title='bbox 3539 794 3692 864; x_wconf 90' lang='lat' dir='ltr'><strong>epist.</strong></span> <span class='ocrx_word' id='word_1_146' title='bbox 3717 799 3777 850; x_wconf 88' lang='grc' dir='ltr'>Β.</span> <span class='ocrx_word' id='word_1_147' title='bbox 3793 795 3987 862; x_wconf 80' lang='lat' dir='ltr'><strong>Petri,</strong></span> 
     </span>
    </p>
   </div>
   <div class='ocr_carea' id='block_1_22' title="bbox 2309 882 3354 954">
    <p class='ocr_par' dir='ltr' id='par_1_22' title="bbox 2309 882 3354 954">
     <span class='ocr_line' id='line_1_22' title="bbox 2309 882 3354 954; baseline 0 -17"><span class='ocrx_word' id='word_1_148' title='bbox 2309 885 2452 938; x_wconf 87' lang='lat' dir='ltr'><strong>tom.</strong></span> <span class='ocrx_word' id='word_1_149' title='bbox 2487 882 2554 948; x_wconf 90' lang='lat' dir='ltr'><strong>V,</strong></span> <span class='ocrx_word' id='word_1_150' title='bbox 2587 887 2738 954; x_wconf 86' lang='lat' dir='ltr'><strong>part.</strong></span> <span class='ocrx_word' id='word_1_151' title='bbox 2769 897 2807 951; x_wconf 95' lang='lat'><strong>1,</strong></span> <span class='ocrx_word' id='word_1_152' title='bbox 2844 882 2953 938; x_wconf 92' lang='lat' dir='ltr'><strong>col.</strong></span> <span class='ocrx_word' id='word_1_153' title='bbox 2981 884 3088 938; x_wconf 85' lang='lat'><strong>256</strong></span> <span class='ocrx_word' id='word_1_154' title='bbox 3119 887 3176 938; x_wconf 89' lang='lat' dir='ltr'><strong>et</strong></span> <span class='ocrx_word' id='word_1_155' title='bbox 3207 883 3354 954; x_wconf 87' lang='lat' dir='ltr'><strong>seq.)</strong></span> 
     </span>
    </p>
   </div>
   <div class='ocr_carea' id='block_1_23' title="bbox 2386 973 3987 1044">
    <p class='ocr_par' dir='ltr' id='par_1_23' title="bbox 2386 973 3987 1044">
     <span class='ocr_line' id='line_1_23' title="bbox 2386 973 3987 1044; baseline -0.001 -15"><span class='ocrx_word' id='word_1_156' title='bbox 2386 973 2446 1029; x_wconf 90' lang='lat' dir='ltr'><strong>Ut</strong></span> <span class='ocrx_word' id='word_1_157' title='bbox 2476 989 2585 1028; x_wconf 82' lang='lat' dir='ltr'><strong>non</strong></span> <span class='ocrx_word' id='word_1_158' title='bbox 2615 974 2882 1042; x_wconf 79' lang='lat' dir='ltr'><strong>glorietur</strong></span> <span class='ocrx_word' id='word_1_159' title='bbox 2910 975 3089 1029; x_wconf 82' lang='lat' dir='ltr'><strong>omnis</strong></span> <span class='ocrx_word' id='word_1_160' title='bbox 3120 990 3246 1030; x_wconf 87' lang='lat' dir='ltr'><strong>caro</strong></span> <span class='ocrx_word' id='word_1_161' title='bbox 3278 976 3339 1029; x_wconf 87' lang='lat' dir='ltr'><strong>in</strong></span> <span class='ocrx_word' id='word_1_162' title='bbox 3367 981 3648 1044; x_wconf 86' lang='lat' dir='ltr'><strong>conspectu</strong></span> <span class='ocrx_word' id='word_1_163' title='bbox 3695 973 3833 1044; x_wconf 82' lang='lat' dir='ltr'><strong>ejus.</strong></span> <span class='ocrx_word' id='word_1_164' title='bbox 3866 973 3987 1028; x_wconf 91' lang='lat' dir='ltr'><strong>Vi-</strong></span> 
     </span>
    </p>
   </div>
   <div class='ocr_carea' id='block_1_24' title="bbox 2310 1061 3985 1136">
    <p class='ocr_par' dir='ltr' id='par_1_24' title="bbox 2310 1061 3985 1136">
     <span class='ocr_line' id='line_1_24' title="bbox 2310 1061 3985 1136; baseline 0.001 -20"><span class='ocrx_word' id='word_1_165' title='bbox 2310 1063 2440 1117; x_wconf 90' lang='lat' dir='ltr'><strong>dete</strong></span> <span class='ocrx_word' id='word_1_166' title='bbox 2474 1063 2973 1134; x_wconf 88' lang='lat' dir='ltr'><strong>quemadmodum</strong></span> <span class='ocrx_word' id='word_1_167' title='bbox 3005 1063 3174 1118; x_wconf 91' lang='lat' dir='ltr'><strong>nobis</strong></span> <span class='ocrx_word' id='word_1_168' title='bbox 3205 1061 3453 1118; x_wconf 85' lang='lat' dir='ltr'><strong>abstulit</strong></span> <span class='ocrx_word' id='word_1_169' title='bbox 3481 1061 3748 1136; x_wconf 85' lang='lat' dir='ltr'><strong>gloriam,</strong></span> <span class='ocrx_word' id='word_1_170' title='bbox 3784 1068 3852 1118; x_wconf 91' lang='lat' dir='ltr'><strong>ut</strong></span> <span class='ocrx_word' id='word_1_171' title='bbox 3873 1064 3985 1118; x_wconf 83' lang='lat' dir='ltr'><strong>da-</strong></span> 
     </span>
    </p>
   </div>
   <div class='ocr_carea' id='block_1_25' title="bbox 2309 1150 3981 1224">
    <p class='ocr_par' dir='ltr' id='par_1_25' title="bbox 2309 1150 3981 1224">
     <span class='ocr_line' id='line_1_25' title="bbox 2309 1150 3981 1224; baseline 0.001 -19"><span class='ocrx_word' id='word_1_172' title='bbox 2309 1155 2398 1205; x_wconf 92' lang='lat' dir='ltr'><strong>ret</strong></span> <span class='ocrx_word' id='word_1_173' title='bbox 2426 1150 2696 1224; x_wconf 84' lang='lat' dir='ltr'><strong>gloriam,</strong></span> <span class='ocrx_word' id='word_1_174' title='bbox 2717 1156 3033 1224; x_wconf 89' lang='lat' dir='ltr'><strong>etc.,usque</strong></span> <span class='ocrx_word' id='word_1_175' title='bbox 3050 1152 3120 1207; x_wconf 86' lang='lat' dir='ltr'><strong>ad</strong></span> <span class='ocrx_word' id='word_1_176' title='bbox 3147 1151 3207 1206; x_wconf 90' lang='lat' dir='ltr'>in</span> <span class='ocrx_word' id='word_1_177' title='bbox 3233 1151 3481 1208; x_wconf 91' lang='lat' dir='ltr'><strong>Domino</strong></span> <span class='ocrx_word' id='word_1_178' title='bbox 3513 1150 3812 1224; x_wconf 85' lang='lat' dir='ltr'><strong>glorietur.</strong></span> <span class='ocrx_word' id='word_1_179' title='bbox 3830 1153 3981 1223; x_wconf 91' lang='lat' dir='ltr'><strong>(Id.,</strong></span> 
     </span>
    </p>
   </div>
   <div class='ocr_carea' id='block_1_26' title="bbox 2309 1241 3986 1314">
    <p class='ocr_par' dir='ltr' id='par_1_26' title="bbox 2309 1241 3986 1314">
     <span class='ocr_line' id='line_1_26' title="bbox 2309 1241 3986 1314; baseline 0.001 -16"><span class='ocrx_word' id='word_1_180' title='bbox 2309 1242 2406 1298; x_wconf 92' lang='lat' dir='ltr'><strong>lib.</strong></span> <span class='ocrx_word' id='word_1_181' title='bbox 2469 1241 2534 1298; x_wconf 91' lang='lat' dir='ltr'><strong>de</strong></span> <span class='ocrx_word' id='word_1_182' title='bbox 2585 1243 2711 1298; x_wconf 86' lang='lat' dir='ltr'><strong>Cor.</strong></span> <span class='ocrx_word' id='word_1_183' title='bbox 2760 1249 2811 1299; x_wconf 87' lang='lat' dir='ltr'><strong>et</strong></span> <span class='ocrx_word' id='word_1_184' title='bbox 2859 1242 3030 1311; x_wconf 89' lang='lat' dir='ltr'><strong>Grat.,</strong></span> <span class='ocrx_word' id='word_1_185' title='bbox 3084 1246 3226 1298; x_wconf 93' lang='lat' dir='ltr'><strong>tom.</strong></span> <span class='ocrx_word' id='word_1_186' title='bbox 3259 1243 3324 1311; x_wconf 84' lang='lat' dir='ltr'><strong>X,</strong></span> <span class='ocrx_word' id='word_1_187' title='bbox 3358 1246 3510 1314; x_wconf 88' lang='lat' dir='ltr'><strong>part.</strong></span> <span class='ocrx_word' id='word_1_188' title='bbox 3563 1259 3601 1311; x_wconf 91' lang='lat'><strong>1,</strong></span> <span class='ocrx_word' id='word_1_189' title='bbox 3633 1241 3744 1298; x_wconf 91' lang='lat' dir='ltr'><strong>col.</strong></span> <span class='ocrx_word' id='word_1_190' title='bbox 3771 1244 3880 1299; x_wconf 89' lang='lat'>933</span> <span class='ocrx_word' id='word_1_191' title='bbox 3912 1249 3986 1300; x_wconf 77' lang='lat' dir='ltr'><strong>(~t</strong></span> 
     </span>
    </p>
   </div>
   <div class='ocr_carea' id='block_1_27' title="bbox 2307 1328 2456 1400">
    <p class='ocr_par' dir='ltr' id='par_1_27' title="bbox 2307 1328 2456 1400">
     <span class='ocr_line' id='line_1_27' title="bbox 2307 1328 2456 1400; baseline -0.013 -16"><span class='ocrx_word' id='word_1_192' title='bbox 2307 1328 2456 1400; x_wconf 89' lang='lat' dir='ltr'><strong>seq.)</strong></span> 
     </span>
    </p>
   </div>
   <div class='ocr_carea' id='block_1_28' title="bbox 2377 1418 3987 1490">
    <p class='ocr_par' dir='ltr' id='par_1_28' title="bbox 2377 1418 3987 1490">
     <span class='ocr_line' id='line_1_28' title="bbox 2377 1418 3987 1490; baseline 0.002 -18"><span class='ocrx_word' id='word_1_193' title='bbox 2377 1420 2462 1473; x_wconf 75' lang='lat' dir='ltr'><strong>Ea:</strong></span> <span class='ocrx_word' id='word_1_194' title='bbox 2490 1418 2604 1490; x_wconf 87' lang='lat' dir='ltr'><strong>ipso</strong></span> <span class='ocrx_word' id='word_1_195' title='bbox 2634 1424 2815 1473; x_wconf 91' lang='lat' dir='ltr'><strong>autem</strong></span> <span class='ocrx_word' id='word_1_196' title='bbox 2842 1434 2954 1486; x_wconf 84' lang='lat' dir='ltr'><strong>vos,</strong></span> <span class='ocrx_word' id='word_1_197' title='bbox 2987 1421 3121 1485; x_wconf 90' lang='lat' dir='ltr'><strong>etc.,</strong></span> <span class='ocrx_word' id='word_1_198' title='bbox 3165 1435 3353 1490; x_wconf 88' lang='lat' dir='ltr'><strong>usque</strong></span> <span class='ocrx_word' id='word_1_199' title='bbox 3401 1419 3474 1474; x_wconf 88' lang='lat' dir='ltr'><strong>ad</strong></span> <span class='ocrx_word' id='word_1_200' title='bbox 3521 1419 3886 1490; x_wconf 82' lang='lat' dir='ltr'><strong>sanctiﬁcatio</strong></span> <span class='ocrx_word' id='word_1_201' title='bbox 3920 1429 3987 1476; x_wconf 84' lang='lat' dir='ltr'><strong>et</strong></span> 
     </span>
    </p>
   </div>
   <div class='ocr_carea' id='block_1_29' title="bbox 2307 1506 3974 1581">
    <p class='ocr_par' dir='ltr' id='par_1_29' title="bbox 2307 1506 3974 1581">
     <span class='ocr_line' id='line_1_29' title="bbox 2307 1506 3974 1581; baseline 0.002 -20"><span class='ocrx_word' id='word_1_202' title='bbox 2307 1507 2620 1578; x_wconf 80' lang='lat' dir='ltr'><strong>redemptio.</strong></span> <span class='ocrx_word' id='word_1_203' title='bbox 2654 1506 2834 1563; x_wconf 88' lang='lat' dir='ltr'><strong>Filius</strong></span> <span class='ocrx_word' id='word_1_204' title='bbox 2863 1509 3051 1563; x_wconf 83' lang='lat' dir='ltr'><strong>factus</strong></span> <span class='ocrx_word' id='word_1_205' title='bbox 3081 1510 3170 1563; x_wconf 91' lang='lat' dir='ltr'><strong>est</strong></span> <span class='ocrx_word' id='word_1_206' title='bbox 3199 1507 3370 1563; x_wconf 90' lang='lat' dir='ltr'><strong>nobis</strong></span> <span class='ocrx_word' id='word_1_207' title='bbox 3415 1525 3448 1562; x_wconf 90' lang='lat' dir='ltr'><strong>a</strong></span> <span class='ocrx_word' id='word_1_208' title='bbox 3495 1507 3610 1564; x_wconf 89' lang='lat' dir='ltr'><strong>Deo</strong></span> <span class='ocrx_word' id='word_1_209' title='bbox 3652 1509 3974 1581; x_wconf 83' lang='lat' dir='ltr'><strong>sapientia,</strong></span> 
     </span>
    </p>
   </div>
   <div class='ocr_carea' id='block_1_30' title="bbox 2306 1596 3974 1668">
    <p class='ocr_par' dir='ltr' id='par_1_30' title="bbox 2306 1596 3974 1668">
     <span class='ocr_line' id='line_1_30' title="bbox 2306 1596 3974 1668; baseline 0.002 -17"><span class='ocrx_word' id='word_1_210' title='bbox 2306 1600 2441 1661; x_wconf 88' lang='lat' dir='ltr'><strong>etc.,</strong></span> <span class='ocrx_word' id='word_1_211' title='bbox 2463 1612 2634 1668; x_wconf 89' lang='lat' dir='ltr'><strong>usque</strong></span> <span class='ocrx_word' id='word_1_212' title='bbox 2663 1596 2734 1651; x_wconf 90' lang='lat' dir='ltr'><strong>ad</strong></span> <span class='ocrx_word' id='word_1_213' title='bbox 2769 1596 3140 1668; x_wconf 90' lang='lat' dir='ltr'><strong>potissimum</strong></span> <span class='ocrx_word' id='word_1_214' title='bbox 3173 1596 3527 1652; x_wconf 88' lang='lat' dir='ltr'><strong>insinuatur.</strong></span> <span class='ocrx_word' id='word_1_215' title='bbox 3560 1598 3694 1667; x_wconf 91' lang='lat' dir='ltr'><strong>(Id.,</strong></span> <span class='ocrx_word' id='word_1_216' title='bbox 3729 1599 3824 1654; x_wconf 89' lang='lat' dir='ltr'><strong>lib.</strong></span> <span class='ocrx_word' id='word_1_217' title='bbox 3860 1615 3974 1667; x_wconf 84' lang='lat' dir='ltr'><strong>v11,</strong></span> 
     </span>
    </p>
   </div>
   <div class='ocr_carea' id='block_1_31' title="bbox 2305 1685 3257 1756">
    <p class='ocr_par' dir='ltr' id='par_1_31' title="bbox 2305 1685 3257 1756">
     <span class='ocr_line' id='line_1_31' title="bbox 2305 1685 3257 1756; baseline -0.003 -15"><span class='ocrx_word' id='word_1_218' title='bbox 2305 1685 2369 1742; x_wconf 88' lang='lat' dir='ltr'><strong>de</strong></span> <span class='ocrx_word' id='word_1_219' title='bbox 2405 1687 2577 1752; x_wconf 69' lang='lat' dir='ltr'><strong>Trin,</strong></span> <span class='ocrx_word' id='word_1_220' title='bbox 2611 1689 2753 1754; x_wconf 87' lang='lat' dir='ltr'><strong>tom.</strong></span> <span class='ocrx_word' id='word_1_221' title='bbox 2783 1685 2938 1753; x_wconf 85' lang='lat' dir='ltr'><strong>VIII,</strong></span> <span class='ocrx_word' id='word_1_222' title='bbox 2970 1685 3076 1740; x_wconf 88' lang='lat' dir='ltr'><strong>eoI.</strong></span> <span class='ocrx_word' id='word_1_223' title='bbox 3104 1686 3257 1756; x_wconf 89' lang='lat'><strong>937.)</strong></span> 
     </span>
    </p>
   </div>
   <div class='ocr_carea' id='block_1_32' title="bbox 2375 1768 3977 1850">
    <p class='ocr_par' dir='ltr' id='par_1_32' title="bbox 2375 1768 3977 1850">
     <span class='ocr_line' id='line_1_32' title="bbox 2375 1768 3977 1850; baseline 0.002 -20"><span class='ocrx_word' id='word_1_224' title='bbox 2375 1775 2454 1830; x_wconf 89' lang='lat' dir='ltr'><strong>Ea</strong></span> <span class='ocrx_word' id='word_1_225' title='bbox 2484 1792 2654 1846; x_wconf 91' lang='lat' dir='ltr'><strong>porro</strong></span> <span class='ocrx_word' id='word_1_226' title='bbox 2672 1774 2926 1846; x_wconf 83' lang='lat' dir='ltr'><strong>justitia,</strong></span> <span class='ocrx_word' id='word_1_227' title='bbox 2956 1792 3084 1847; x_wconf 81' lang='lat' dir='ltr'><strong>quae</strong></span> <span class='ocrx_word' id='word_1_228' title='bbox 3114 1768 3272 1842; x_wconf 83' lang='lat' dir='ltr'><strong>vivit,</strong></span> <span class='ocrx_word' id='word_1_229' title='bbox 3307 1778 3442 1841; x_wconf 89' lang='lat' dir='ltr'><strong>etc.,</strong></span> <span class='ocrx_word' id='word_1_230' title='bbox 3475 1791 3644 1848; x_wconf 87' lang='lat' dir='ltr'><strong>usque</strong></span> <span class='ocrx_word' id='word_1_231' title='bbox 3672 1777 3743 1832; x_wconf 88' lang='lat' dir='ltr'><strong>ad</strong></span> <span class='ocrx_word' id='word_1_232' title='bbox 3791 1777 3977 1850; x_wconf 82' lang='lat' dir='ltr'><strong>plena</strong></span> 
     </span>
    </p>
   </div>
   <div class='ocr_carea' id='block_1_33' title="bbox 537 1863 3971 1962">
    <p class='ocr_par' dir='ltr' id='par_1_33' title="bbox 537 1863 3971 1962">
     <span class='ocr_line' id='line_1_33' title="bbox 537 1863 3971 1962; baseline -0.001 -35"><span class='ocrx_word' id='word_1_233' title='bbox 537 1871 759 1928; x_wconf 87' lang='lat' dir='ltr'><strong>Dicitur</strong></span> <span class='ocrx_word' id='word_1_234' title='bbox 783 1869 1100 1944; x_wconf 87' lang='lat' dir='ltr'><strong>aliquando</strong></span> <span class='ocrx_word' id='word_1_235' title='bbox 1131 1869 1190 1922; x_wconf 94' lang='lat' dir='ltr'>in</span> <span class='ocrx_word' id='word_1_236' title='bbox 1215 1867 1531 1939; x_wconf 90' lang='lat' dir='ltr'><strong>Scripturis</strong></span> <span class='ocrx_word' id='word_1_237' title='bbox 1563 1863 1870 1936; x_wconf 89' lang='lat' dir='ltr'><strong>sapientia,</strong></span> <span class='ocrx_word' id='word_1_238' title='bbox 1888 1867 2195 1933; x_wconf 86' lang='lat' dir='ltr'><strong>etc.,usque</strong></span> <span class='ocrx_word' id='word_1_239' title='bbox 2225 1897 2272 1962; x_wconf 81' lang='grc' dir='ltr'><strong>Β</strong></span> <span class='ocrx_word' id='word_1_240' title='bbox 2295 1864 2547 1936; x_wconf 88' lang='lat' dir='ltr'><strong>justitia.</strong></span> <span class='ocrx_word' id='word_1_241' title='bbox 2581 1865 2716 1934; x_wconf 93' lang='lat' dir='ltr'><strong>(Id.,</strong></span> <span class='ocrx_word' id='word_1_242' title='bbox 2746 1866 2902 1936; x_wconf 80' lang='lat' dir='ltr'><strong>epist.</strong></span> <span class='ocrx_word' id='word_1_243' title='bbox 2957 1864 3026 1919; x_wconf 89' lang='lat' dir='ltr'><strong>ad</strong></span> <span class='ocrx_word' id='word_1_244' title='bbox 3057 1864 3308 1920; x_wconf 85' lang='lat' dir='ltr'><strong>Consent.</strong></span> <span class='ocrx_word' id='word_1_245' title='bbox 3339 1864 3405 1919; x_wconf 89' lang='lat' dir='ltr'><strong>de</strong></span> <span class='ocrx_word' id='word_1_246' title='bbox 3441 1867 3660 1934; x_wconf 83' lang='lat' dir='ltr'><strong>Trinit.,</strong></span> <span class='ocrx_word' id='word_1_247' title='bbox 3696 1869 3839 1922; x_wconf 91' lang='lat' dir='ltr'><strong>tom.</strong></span> <span class='ocrx_word' id='word_1_248' title='bbox 3885 1872 3971 1935; x_wconf 86' lang='lat' dir='ltr'><strong>II,</strong></span> 
     </span>
    </p>
   </div>
   <div class='ocr_carea' id='block_1_34' title="bbox 538 1953 2190 2033">
    <p class='ocr_par' dir='ltr' id='par_1_34' title="bbox 538 1953 2190 2033">
     <span class='ocr_line' id='line_1_34' title="bbox 538 1953 2190 2033; baseline -0.006 -17"><span class='ocrx_word' id='word_1_249' title='bbox 538 1961 607 2016; x_wconf 91' lang='lat' dir='ltr'><strong>ad</strong></span> <span class='ocrx_word' id='word_1_250' title='bbox 639 1959 917 2033; x_wconf 88' lang='lat' dir='ltr'><strong>quoniam</strong></span> <span class='ocrx_word' id='word_1_251' title='bbox 964 1975 1126 2014; x_wconf 59' lang='lat' dir='ltr'><strong>vanas</strong></span> <span class='ocrx_word' id='word_1_252' title='bbox 1175 1960 1334 2012; x_wconf 91' lang='lat' dir='ltr'><strong>sunt.</strong></span> <span class='ocrx_word' id='word_1_253' title='bbox 1389 1956 1592 2028; x_wconf 87' lang='lat' dir='ltr'>(Idem,</span> <span class='ocrx_word' id='word_1_254' title='bbox 1627 1955 1722 2010; x_wconf 85' lang='lat' dir='ltr'><strong>lib.</strong></span> <span class='ocrx_word' id='word_1_255' title='bbox 1765 1953 1829 2008; x_wconf 89' lang='lat' dir='ltr'><strong>de</strong></span> <span class='ocrx_word' id='word_1_256' title='bbox 1855 1953 2190 2018; x_wconf 87' lang='lat' dir='ltr'><strong>Pastoribus,</strong></span> 
     </span>
    </p>
   </div>
   <div class='ocr_carea' id='block_1_35' title="bbox 535 2045 1359 2120">
    <p class='ocr_par' dir='ltr' id='par_1_35' title="bbox 535 2045 1359 2120">
     <span class='ocr_line' id='line_1_35' title="bbox 535 2045 1359 2120; baseline -0.008 -14"><span class='ocrx_word' id='word_1_257' title='bbox 535 2054 678 2106; x_wconf 88' lang='lat' dir='ltr'><strong>tom.</strong></span> <span class='ocrx_word' id='word_1_258' title='bbox 710 2049 779 2114; x_wconf 90' lang='lat' dir='ltr'><strong>V,</strong></span> <span class='ocrx_word' id='word_1_259' title='bbox 811 2052 962 2120; x_wconf 88' lang='lat' dir='ltr'><strong>part.</strong></span> <span class='ocrx_word' id='word_1_260' title='bbox 997 2064 1034 2116; x_wconf 82' lang='grc' dir='ltr'>ι,</span> <span class='ocrx_word' id='word_1_261' title='bbox 1069 2045 1177 2101; x_wconf 90' lang='lat' dir='ltr'><strong>col.</strong></span> <span class='ocrx_word' id='word_1_262' title='bbox 1208 2047 1359 2112; x_wconf 84' lang='lat'><strong>286.)</strong></span> 
     </span>
    </p>
   </div>
   <div class='ocr_carea' id='block_1_36' title="bbox 605 2129 2190 2208">
    <p class='ocr_par' dir='ltr' id='par_1_36' title="bbox 605 2129 2190 2208">
     <span class='ocr_line' id='line_1_36' title="bbox 605 2129 2190 2208; baseline -0.006 -14"><span class='ocrx_word' id='word_1_263' title='bbox 605 2139 897 2193; x_wconf 91' lang='lat' dir='ltr'><strong>Turbetur</strong></span> <span class='ocrx_word' id='word_1_264' title='bbox 919 2135 1090 2208; x_wconf 89' lang='lat' dir='ltr'><strong>plane</strong></span> <span class='ocrx_word' id='word_1_265' title='bbox 1121 2135 1356 2190; x_wconf 89' lang='lat' dir='ltr'><strong>animus</strong></span> <span class='ocrx_word' id='word_1_266' title='bbox 1376 2132 1764 2199; x_wconf 87' lang='lat' dir='ltr'><strong>Christianus,</strong></span> <span class='ocrx_word' id='word_1_267' title='bbox 1784 2147 1899 2186; x_wconf 90' lang='lat' dir='ltr'><strong>non</strong></span> <span class='ocrx_word' id='word_1_268' title='bbox 1933 2129 2190 2196; x_wconf 87' lang='lat' dir='ltr'><strong>miseria,</strong></span> 
     </span>
    </p>
   </div>
   <div class='ocr_carea' id='block_1_37' title="bbox 534 2220 2188 2300">
    <p class='ocr_par' dir='ltr' id='par_1_37' title="bbox 534 2220 2188 2300">
     <span class='ocr_line' id='line_1_37' title="bbox 534 2220 2188 2300; baseline -0.006 -17"><span class='ocrx_word' id='word_1_269' title='bbox 534 2231 852 2300; x_wconf 86' lang='lat' dir='ltr'><strong>etc.,usque</strong></span> <span class='ocrx_word' id='word_1_270' title='bbox 883 2225 953 2280; x_wconf 89' lang='lat' dir='ltr'><strong>ad</strong></span> <span class='ocrx_word' id='word_1_271' title='bbox 979 2223 1196 2280; x_wconf 91' lang='lat' dir='ltr'><strong>doloris</strong></span> <span class='ocrx_word' id='word_1_272' title='bbox 1227 2222 1492 2278; x_wconf 89' lang='lat' dir='ltr'><strong>amiserit</strong></span> <span class='ocrx_word' id='word_1_273' title='bbox 1522 2220 2007 2290; x_wconf 87' lang='lat' dir='ltr'><strong>sensum.(ldem,</strong></span> <span class='ocrx_word' id='word_1_274' title='bbox 2029 2226 2188 2274; x_wconf 88' lang='lat' dir='ltr'><strong>tract.</strong></span> 
     </span>
    </p>
   </div>
   <div class='ocr_carea' id='block_1_38' title="bbox 531 2307 2188 2385">
    <p class='ocr_par' dir='ltr' id='par_1_38' title="bbox 531 2307 2188 2385">
     <span class='ocr_line' id='line_1_38' title="bbox 531 2307 2188 2385; baseline -0.006 -12"><span class='ocrx_word' id='word_1_275' title='bbox 531 2319 602 2372; x_wconf 90' lang='lat' dir='ltr'><strong>6O</strong></span> <span class='ocrx_word' id='word_1_276' title='bbox 656 2319 717 2372; x_wconf 87' lang='lat' dir='ltr'><strong>in</strong></span> <span class='ocrx_word' id='word_1_277' title='bbox 768 2317 972 2385; x_wconf 85' lang='lat' dir='ltr'><strong>Evang.</strong></span> <span class='ocrx_word' id='word_1_278' title='bbox 1021 2330 1126 2370; x_wconf 86' lang='lat' dir='ltr'><strong>sec.</strong></span> <span class='ocrx_word' id='word_1_279' title='bbox 1175 2317 1364 2380; x_wconf 86' lang='lat' dir='ltr'><strong>Joan.,</strong></span> <span class='ocrx_word' id='word_1_280' title='bbox 1415 2315 1559 2367; x_wconf 92' lang='lat' dir='ltr'><strong>tom.</strong></span> <span class='ocrx_word' id='word_1_281' title='bbox 1613 2314 1712 2378; x_wconf 91' lang='lat' dir='ltr'><strong>III,</strong></span> <span class='ocrx_word' id='word_1_282' title='bbox 1758 2313 1906 2382; x_wconf 91' lang='lat' dir='ltr'><strong>part.</strong></span> <span class='ocrx_word' id='word_1_283' title='bbox 1967 2326 2026 2377; x_wconf 87' lang='lat'><strong>11,</strong></span> <span class='ocrx_word' id='word_1_284' title='bbox 2080 2307 2188 2363; x_wconf 88' lang='lat' dir='ltr'><strong>col.</strong></span> 
     </span>
    </p>
   </div>
   <div class='ocr_carea' id='block_1_39' title="bbox 535 2405 716 2477">
    <p class='ocr_par' dir='ltr' id='par_1_39' title="bbox 535 2405 716 2477">
     <span class='ocr_line' id='line_1_39' title="bbox 535 2405 716 2477; baseline -0.011 -15"><span class='ocrx_word' id='word_1_285' title='bbox 535 2405 716 2477; x_wconf 65' lang='lat'><strong>1798)</strong></span> 
     </span>
    </p>
   </div>
   <div class='ocr_carea' id='block_1_40' title="bbox 603 2488 2193 2566">
    <p class='ocr_par' dir='ltr' id='par_1_40' title="bbox 603 2488 2193 2566">
     <span class='ocr_line' id='line_1_40' title="bbox 603 2488 2193 2566; baseline -0.006 -16"><span class='ocrx_word' id='word_1_286' title='bbox 603 2495 744 2550; x_wconf 88' lang='lat' dir='ltr'><strong>Nam</strong></span> <span class='ocrx_word' id='word_1_287' title='bbox 771 2495 900 2566; x_wconf 88' lang='lat' dir='ltr'><strong>quia</strong></span> <span class='ocrx_word' id='word_1_288' title='bbox 932 2495 993 2548; x_wconf 89' lang='lat' dir='ltr'><strong>in</strong></span> <span class='ocrx_word' id='word_1_289' title='bbox 1021 2493 1120 2548; x_wconf 85' lang='lat' dir='ltr'><strong>Dei</strong></span> <span class='ocrx_word' id='word_1_290' title='bbox 1147 2491 1440 2562; x_wconf 84' lang='lat' dir='ltr'><strong>sapientia,</strong></span> <span class='ocrx_word' id='word_1_291' title='bbox 1483 2498 1608 2560; x_wconf 90' lang='lat' dir='ltr'><strong>etc,,</strong></span> <span class='ocrx_word' id='word_1_292' title='bbox 1659 2504 1848 2559; x_wconf 90' lang='lat' dir='ltr'><strong>usque</strong></span> <span class='ocrx_word' id='word_1_293' title='bbox 1901 2488 1972 2542; x_wconf 87' lang='lat' dir='ltr'><strong>ad</strong></span> <span class='ocrx_word' id='word_1_294' title='bbox 2015 2488 2193 2542; x_wconf 87' lang='lat' dir='ltr'><strong>salvos</strong></span> 
     </span>
    </p>
   </div>
   <div class='ocr_carea' id='block_1_41' title="bbox 532 2575 2190 2656">
    <p class='ocr_par' dir='ltr' id='par_1_41' title="bbox 532 2575 2190 2656">
     <span class='ocr_line' id='line_1_41' title="bbox 532 2575 2190 2656; baseline -0.006 -16"><span class='ocrx_word' id='word_1_295' title='bbox 532 2587 712 2656; x_wconf 77' lang='lat' dir='ltr'><strong>facere</strong></span> <span class='ocrx_word' id='word_1_296' title='bbox 741 2582 1033 2648; x_wconf 83' lang='lat' dir='ltr'><strong>credentes,</strong></span> <span class='ocrx_word' id='word_1_297' title='bbox 1067 2580 1214 2636; x_wconf 91' lang='lat' dir='ltr'><strong>Cum</strong></span> <span class='ocrx_word' id='word_1_298' title='bbox 1247 2581 1306 2635; x_wconf 90' lang='lat' dir='ltr'><strong>in</strong></span> <span class='ocrx_word' id='word_1_299' title='bbox 1333 2595 1507 2634; x_wconf 90' lang='lat' dir='ltr'><strong>carne</strong></span> <span class='ocrx_word' id='word_1_300' title='bbox 1541 2576 1950 2633; x_wconf 87' lang='lat' dir='ltr'><strong>manifestatus</strong></span> <span class='ocrx_word' id='word_1_301' title='bbox 1983 2579 2072 2631; x_wconf 89' lang='lat' dir='ltr'><strong>est</strong></span> <span class='ocrx_word' id='word_1_302' title='bbox 2101 2575 2190 2631; x_wconf 91' lang='lat' dir='ltr'><strong>Fi-</strong></span> 
     </span>
    </p>
   </div>
   <div class='ocr_carea' id='block_1_42' title="bbox 535 2665 2190 2742">
    <p class='ocr_par' dir='ltr' id='par_1_42' title="bbox 535 2665 2190 2742">
     <span class='ocr_line' id='line_1_42' title="bbox 535 2665 2190 2742; baseline -0.006 -14"><span class='ocrx_word' id='word_1_303' title='bbox 535 2673 652 2728; x_wconf 92' lang='lat' dir='ltr'><strong>lius</strong></span> <span class='ocrx_word' id='word_1_304' title='bbox 687 2672 803 2739; x_wconf 89' lang='lat' dir='ltr'><strong>Dei,</strong></span> <span class='ocrx_word' id='word_1_305' title='bbox 837 2675 974 2738; x_wconf 90' lang='lat' dir='ltr'><strong>etc.,</strong></span> <span class='ocrx_word' id='word_1_306' title='bbox 1007 2686 1179 2742; x_wconf 86' lang='lat' dir='ltr'><strong>usque</strong></span> <span class='ocrx_word' id='word_1_307' title='bbox 1225 2669 1295 2724; x_wconf 89' lang='lat' dir='ltr'><strong>ad</strong></span> <span class='ocrx_word' id='word_1_308' title='bbox 1325 2668 1616 2722; x_wconf 87' lang='lat' dir='ltr'><strong>habitaret</strong></span> <span class='ocrx_word' id='word_1_309' title='bbox 1656 2666 1716 2721; x_wconf 91' lang='lat' dir='ltr'>in</span> <span class='ocrx_word' id='word_1_310' title='bbox 1757 2665 1948 2720; x_wconf 89' lang='lat' dir='ltr'><strong>nobis.</strong></span> <span class='ocrx_word' id='word_1_311' title='bbox 1984 2665 2190 2735; x_wconf 89' lang='lat' dir='ltr'>(Idem,</span> 
     </span>
    </p>
   </div>
   <div class='ocr_carea' id='block_1_43' title="bbox 536 2756 1673 2827">
    <p class='ocr_par' dir='ltr' id='par_1_43' title="bbox 536 2756 1673 2827">
     <span class='ocr_line' id='line_1_43' title="bbox 536 2756 1673 2827; baseline -0.009 -8"><span class='ocrx_word' id='word_1_312' title='bbox 536 2763 632 2818; x_wconf 88' lang='lat' dir='ltr'><strong>lib.</strong></span> <span class='ocrx_word' id='word_1_313' title='bbox 665 2762 730 2817; x_wconf 88' lang='lat' dir='ltr'><strong>de</strong></span> <span class='ocrx_word' id='word_1_314' title='bbox 760 2762 989 2827; x_wconf 87' lang='lat' dir='ltr'><strong>Trinit.,</strong></span> <span class='ocrx_word' id='word_1_315' title='bbox 1023 2764 1166 2814; x_wconf 90' lang='lat' dir='ltr'><strong>tom.</strong></span> <span class='ocrx_word' id='word_1_316' title='bbox 1198 2757 1349 2825; x_wconf 90' lang='lat' dir='ltr'><strong>VIII,</strong></span> <span class='ocrx_word' id='word_1_317' title='bbox 1385 2756 1493 2813; x_wconf 88' lang='lat' dir='ltr'><strong>col.</strong></span> <span class='ocrx_word' id='word_1_318' title='bbox 1525 2756 1673 2826; x_wconf 89' lang='lat'><strong>997.)</strong></span> 
     </span>
    </p>
   </div>
   <div class='ocr_carea' id='block_1_44' title="bbox 609 2845 2191 2920">
    <p class='ocr_par' dir='ltr' id='par_1_44' title="bbox 609 2845 2191 2920">
     <span class='ocr_line' id='line_1_44' title="bbox 609 2845 2191 2920; baseline -0.006 -14"><span class='ocrx_word' id='word_1_319' title='bbox 609 2852 879 2920; x_wconf 86' lang='lat' dir='ltr'><strong>Quoniam</strong></span> <span class='ocrx_word' id='word_1_320' title='bbox 901 2849 1087 2907; x_wconf 75' lang='lat' dir='ltr'><strong>Judaei</strong></span> <span class='ocrx_word' id='word_1_321' title='bbox 1113 2849 1292 2920; x_wconf 88' lang='lat' dir='ltr'><strong>signa,</strong></span> <span class='ocrx_word' id='word_1_322' title='bbox 1316 2854 1440 2913; x_wconf 91' lang='lat' dir='ltr'><strong>etc.,</strong></span> <span class='ocrx_word' id='word_1_323' title='bbox 1460 2861 1646 2918; x_wconf 89' lang='lat' dir='ltr'><strong>usque</strong></span> <span class='ocrx_word' id='word_1_324' title='bbox 1668 2845 1738 2900; x_wconf 90' lang='lat' dir='ltr'><strong>ad</strong></span> <span class='ocrx_word' id='word_1_325' title='bbox 1760 2853 1811 2900; x_wconf 89' lang='lat' dir='ltr'><strong>et</strong></span> <span class='ocrx_word' id='word_1_326' title='bbox 1845 2846 1946 2899; x_wconf 91' lang='lat' dir='ltr'><strong>Dei</strong></span> <span class='ocrx_word' id='word_1_327' title='bbox 1972 2845 2191 2914; x_wconf 88' lang='lat' dir='ltr'><strong>sapien-</strong></span> 
     </span>
    </p>
   </div>
   <div class='ocr_carea' id='block_1_45' title="bbox 535 2933 2195 3008">
    <p class='ocr_par' dir='ltr' id='par_1_45' title="bbox 535 2933 2195 3008">
     <span class='ocr_line' id='line_1_45' title="bbox 535 2933 2195 3008; baseline -0.005 -12"><span class='ocrx_word' id='word_1_328' title='bbox 535 2941 691 2996; x_wconf 90' lang='lat' dir='ltr'><strong>tiam.</strong></span> <span class='ocrx_word' id='word_1_329' title='bbox 714 2938 944 3008; x_wconf 87' lang='lat' dir='ltr'><strong>Omnia,</strong></span> <span class='ocrx_word' id='word_1_330' title='bbox 967 2936 1231 3004; x_wconf 91' lang='lat' dir='ltr'><strong>Domine,</strong></span> <span class='ocrx_word' id='word_1_331' title='bbox 1258 2936 1317 2991; x_wconf 92' lang='lat' dir='ltr'><strong>in</strong></span> <span class='ocrx_word' id='word_1_332' title='bbox 1349 2934 1634 3007; x_wconf 88' lang='lat' dir='ltr'><strong>sapientia</strong></span> <span class='ocrx_word' id='word_1_333' title='bbox 1663 2933 2195 3005; x_wconf 84' lang='lat' dir='ltr'><strong>fecisti,etc.,usque</strong></span> 
     </span>
    </p>
   </div>
   <div class='ocr_carea' id='block_1_46' title="bbox 536 3023 2190 3100">
    <p class='ocr_par' dir='ltr' id='par_1_46' title="bbox 536 3023 2190 3100">
     <span class='ocr_line' id='line_1_46' title="bbox 536 3023 2190 3100; baseline -0.005 -15"><span class='ocrx_word' id='word_1_334' title='bbox 536 3027 607 3084; x_wconf 87' lang='lat' dir='ltr'><strong>ad</strong></span> <span class='ocrx_word' id='word_1_335' title='bbox 627 3033 685 3084; x_wconf 91' lang='lat' dir='ltr'>et</span> <span class='ocrx_word' id='word_1_336' title='bbox 717 3027 816 3084; x_wconf 89' lang='lat' dir='ltr'><strong>Dei</strong></span> <span class='ocrx_word' id='word_1_337' title='bbox 849 3025 1219 3100; x_wconf 88' lang='lat' dir='ltr'><strong>sapientiam.</strong></span> <span class='ocrx_word' id='word_1_338' title='bbox 1257 3025 1633 3098; x_wconf 85' lang='lat' dir='ltr'><strong>(Idem,tract.</strong></span> <span class='ocrx_word' id='word_1_339' title='bbox 1667 3024 1724 3078; x_wconf 86' lang='lat' dir='ltr'><strong>in</strong></span> <span class='ocrx_word' id='word_1_340' title='bbox 1751 3023 1892 3095; x_wconf 88' lang='lat' dir='ltr'><strong>psal.</strong></span> <span class='ocrx_word' id='word_1_341' title='bbox 1912 3025 2190 3090; x_wconf 88' lang='lat' dir='ltr'><strong>cm,tom.</strong></span> 
     </span>
    </p>
   </div>
   <div class='ocr_carea' id='block_1_47' title="bbox 535 3113 1264 3190">
    <p class='ocr_par' dir='ltr' id='par_1_47' title="bbox 535 3113 1264 3190">
     <span class='ocr_line' id='line_1_47' title="bbox 535 3113 1264 3190; baseline -0.007 -18"><span class='ocrx_word' id='word_1_342' title='bbox 535 3117 632 3184; x_wconf 92' lang='lat' dir='ltr'><strong>IV,</strong></span> <span class='ocrx_word' id='word_1_343' title='bbox 664 3120 812 3190; x_wconf 87' lang='lat' dir='ltr'><strong>part.</strong></span> <span class='ocrx_word' id='word_1_344' title='bbox 847 3133 907 3185; x_wconf 87' lang='lat'><strong>11,</strong></span> <span class='ocrx_word' id='word_1_345' title='bbox 936 3114 1045 3171; x_wconf 90' lang='lat' dir='ltr'><strong>col.</strong></span> <span class='ocrx_word' id='word_1_346' title='bbox 1082 3113 1264 3185; x_wconf 73' lang='lat'><strong>1377.)</strong></span> 
     </span>
    </p>
   </div>
   <div class='ocr_carea' id='block_1_48' title="bbox 606 3199 2194 3273">
    <p class='ocr_par' dir='ltr' id='par_1_48' title="bbox 606 3199 2194 3273">
     <span class='ocr_line' id='line_1_48' title="bbox 606 3199 2194 3273; baseline -0.005 -10"><span class='ocrx_word' id='word_1_347' title='bbox 606 3207 761 3263; x_wconf 87' lang='lat' dir='ltr'><strong>Deus</strong></span> <span class='ocrx_word' id='word_1_348' title='bbox 789 3206 964 3262; x_wconf 90' lang='lat' dir='ltr'><strong>verbo</strong></span> <span class='ocrx_word' id='word_1_349' title='bbox 997 3205 1133 3261; x_wconf 84' lang='lat' dir='ltr'><strong>fecit</strong></span> <span class='ocrx_word' id='word_1_350' title='bbox 1165 3203 1382 3258; x_wconf 91' lang='lat' dir='ltr'><strong>omnia.</strong></span> <span class='ocrx_word' id='word_1_351' title='bbox 1417 3202 1627 3258; x_wconf 86' lang='lat' dir='ltr'><strong>Omnia</strong></span> <span class='ocrx_word' id='word_1_352' title='bbox 1655 3217 1758 3273; x_wconf 90' lang='lat' dir='ltr'><strong>per</strong></span> <span class='ocrx_word' id='word_1_353' title='bbox 1805 3200 2000 3272; x_wconf 89' lang='lat' dir='ltr'><strong>ipsum</strong></span> <span class='ocrx_word' id='word_1_354' title='bbox 2042 3199 2194 3255; x_wconf 84' lang='lat' dir='ltr'><strong>facta</strong></span> 
     </span>
    </p>
   </div>
   <div class='ocr_carea' id='block_1_49' title="bbox 2308 1953 2599 2021">
    <p class='ocr_par' dir='ltr' id='par_1_49' title="bbox 2308 1953 2599 2021">
     <span class='ocr_line' id='line_1_49' title="bbox 2308 1953 2599 2021; baseline -0.003 -12"><span class='ocrx_word' id='word_1_355' title='bbox 2308 1953 2416 2009; x_wconf 91' lang='lat' dir='ltr'><strong>col.</strong></span> <span class='ocrx_word' id='word_1_356' title='bbox 2450 1954 2599 2021; x_wconf 76' lang='grc'>461..)</span> 
     </span>
    </p>
   </div>
   <div class='ocr_carea' id='block_1_50' title="bbox 2379 2042 3973 2116">
    <p class='ocr_par' dir='ltr' id='par_1_50' title="bbox 2379 2042 3973 2116">
     <span class='ocr_line' id='line_1_50' title="bbox 2379 2042 3973 2116; baseline 0.002 -17"><span class='ocrx_word' id='word_1_357' title='bbox 2379 2045 2440 2100; x_wconf 90' lang='lat' dir='ltr'><strong>Ut</strong></span> <span class='ocrx_word' id='word_1_358' title='bbox 2470 2042 2922 2116; x_wconf 86' lang='lat' dir='ltr'><strong>quemadmodum</strong></span> <span class='ocrx_word' id='word_1_359' title='bbox 2965 2044 3232 2114; x_wconf 87' lang='lat' dir='ltr'><strong>scriptum</strong></span> <span class='ocrx_word' id='word_1_360' title='bbox 3285 2051 3384 2111; x_wconf 89' lang='lat' dir='ltr'><strong>est,</strong></span> <span class='ocrx_word' id='word_1_361' title='bbox 3418 2047 3515 2116; x_wconf 88' lang='lat' dir='ltr'><strong>qui</strong></span> <span class='ocrx_word' id='word_1_362' title='bbox 3571 2046 3851 2114; x_wconf 85' lang='lat' dir='ltr'><strong>gloriatur</strong></span> <span class='ocrx_word' id='word_1_363' title='bbox 3898 2049 3973 2103; x_wconf 78' lang='lat' dir='ltr'><strong>in</strong></span> 
     </span>
    </p>
   </div>
   <div class='ocr_carea' id='block_1_51' title="bbox 2301 2131 3973 2206">
    <p class='ocr_par' dir='ltr' id='par_1_51' title="bbox 2301 2131 3973 2206">
     <span class='ocr_line' id='line_1_51' title="bbox 2301 2131 3973 2206; baseline 0.001 -17"><span class='ocrx_word' id='word_1_364' title='bbox 2301 2135 2531 2189; x_wconf 85' lang='lat' dir='ltr'><strong>Domino</strong></span> <span class='ocrx_word' id='word_1_365' title='bbox 2557 2133 2839 2204; x_wconf 86' lang='lat' dir='ltr'><strong>glorietur.</strong></span> <span class='ocrx_word' id='word_1_366' title='bbox 2859 2132 2953 2188; x_wconf 91' lang='lat' dir='ltr'><strong>Sie</strong></span> <span class='ocrx_word' id='word_1_367' title='bbox 2983 2131 3140 2188; x_wconf 89' lang='lat' dir='ltr'><strong>enim</strong></span> <span class='ocrx_word' id='word_1_368' title='bbox 3164 2134 3265 2205; x_wconf 92' lang='lat' dir='ltr'><strong>qui</strong></span> <span class='ocrx_word' id='word_1_369' title='bbox 3289 2133 3574 2206; x_wconf 86' lang='lat' dir='ltr'><strong>gloriatur</strong></span> <span class='ocrx_word' id='word_1_370' title='bbox 3613 2152 3729 2190; x_wconf 89' lang='lat' dir='ltr'><strong>non</strong></span> <span class='ocrx_word' id='word_1_371' title='bbox 3756 2136 3869 2191; x_wconf 87' lang='lat' dir='ltr'><strong>nisi</strong></span> <span class='ocrx_word' id='word_1_372' title='bbox 3902 2137 3973 2192; x_wconf 86' lang='lat' dir='ltr'><strong>in</strong></span> 
     </span>
    </p>
   </div>
   <div class='ocr_carea' id='block_1_52' title="bbox 2303 2221 3970 2299">
    <p class='ocr_par' dir='ltr' id='par_1_52' title="bbox 2303 2221 3970 2299">
     <span class='ocr_line' id='line_1_52' title="bbox 2303 2221 3970 2299; baseline 0.002 -22"><span class='ocrx_word' id='word_1_373' title='bbox 2303 2221 2570 2287; x_wconf 91' lang='lat' dir='ltr'><strong>Domino,</strong></span> <span class='ocrx_word' id='word_1_374' title='bbox 2597 2225 2729 2290; x_wconf 91' lang='lat' dir='ltr'><strong>etc.,</strong></span> <span class='ocrx_word' id='word_1_375' title='bbox 2761 2238 2932 2294; x_wconf 87' lang='lat' dir='ltr'><strong>usque</strong></span> <span class='ocrx_word' id='word_1_376' title='bbox 2960 2221 3030 2276; x_wconf 85' lang='lat' dir='ltr'><strong>ad</strong></span> <span class='ocrx_word' id='word_1_377' title='bbox 3059 2226 3414 2295; x_wconf 61' lang='lat' dir='ltr'><strong>praceptum</strong></span> <span class='ocrx_word' id='word_1_378' title='bbox 3459 2228 3566 2280; x_wconf 91' lang='lat' dir='ltr'><strong>est.</strong></span> <span class='ocrx_word' id='word_1_379' title='bbox 3602 2224 3735 2299; x_wconf 88' lang='lat' dir='ltr'><strong>(Id.,</strong></span> <span class='ocrx_word' id='word_1_380' title='bbox 3766 2225 3863 2280; x_wconf 86' lang='lat' dir='ltr'><strong>lib.</strong></span> <span class='ocrx_word' id='word_1_381' title='bbox 3905 2243 3970 2281; x_wconf 84' lang='lat' dir='ltr'><strong>x1</strong></span> 
     </span>
    </p>
   </div>
   <div class='ocr_carea' id='block_1_53' title="bbox 2301 2310 3676 2382">
    <p class='ocr_par' dir='ltr' id='par_1_53' title="bbox 2301 2310 3676 2382">
     <span class='ocr_line' id='line_1_53' title="bbox 2301 2310 3676 2382; baseline 0 -15"><span class='ocrx_word' id='word_1_382' title='bbox 2301 2310 2366 2367; x_wconf 89' lang='lat' dir='ltr'><strong>de</strong></span> <span class='ocrx_word' id='word_1_383' title='bbox 2398 2310 2525 2367; x_wconf 88' lang='lat' dir='ltr'><strong>Gen.</strong></span> <span class='ocrx_word' id='word_1_384' title='bbox 2554 2310 2624 2365; x_wconf 90' lang='lat' dir='ltr'><strong>ad</strong></span> <span class='ocrx_word' id='word_1_385' title='bbox 2656 2311 2786 2367; x_wconf 89' lang='lat' dir='ltr'><strong>litt..</strong></span> <span class='ocrx_word' id='word_1_386' title='bbox 2820 2315 2963 2366; x_wconf 90' lang='lat' dir='ltr'><strong>tom.</strong></span> <span class='ocrx_word' id='word_1_387' title='bbox 2989 2315 3089 2378; x_wconf 90' lang='lat' dir='ltr'><strong>III,</strong></span> <span class='ocrx_word' id='word_1_388' title='bbox 3123 2316 3274 2382; x_wconf 86' lang='lat' dir='ltr'><strong>part.</strong></span> <span class='ocrx_word' id='word_1_389' title='bbox 3309 2330 3346 2380; x_wconf 89' lang='lat'><strong>1,</strong></span> <span class='ocrx_word' id='word_1_390' title='bbox 3380 2311 3490 2368; x_wconf 89' lang='lat' dir='ltr'><strong>col.</strong></span> <span class='ocrx_word' id='word_1_391' title='bbox 3524 2313 3676 2382; x_wconf 88' lang='grc'>141.)</span> 
     </span>
    </p>
   </div>
   <div class='ocr_carea' id='block_1_54' title="bbox 2372 2399 3975 2476">
    <p class='ocr_par' dir='ltr' id='par_1_54' title="bbox 2372 2399 3975 2476">
     <span class='ocr_line' id='line_1_54' title="bbox 2372 2399 3975 2476; baseline 0.003 -22"><span class='ocrx_word' id='word_1_392' title='bbox 2372 2400 2443 2454; x_wconf 87' lang='lat' dir='ltr'><strong>Et</strong></span> <span class='ocrx_word' id='word_1_393' title='bbox 2467 2399 2578 2455; x_wconf 89' lang='lat' dir='ltr'><strong>hoc</strong></span> <span class='ocrx_word' id='word_1_394' title='bbox 2608 2402 2962 2472; x_wconf 64' lang='lat' dir='ltr'><strong>praseeptum</strong></span> <span class='ocrx_word' id='word_1_395' title='bbox 2993 2399 3328 2456; x_wconf 87' lang='lat' dir='ltr'><strong>obedienter</strong></span> <span class='ocrx_word' id='word_1_396' title='bbox 3358 2401 3582 2469; x_wconf 91' lang='lat' dir='ltr'><strong>audire,</strong></span> <span class='ocrx_word' id='word_1_397' title='bbox 3616 2407 3749 2469; x_wconf 89' lang='lat' dir='ltr'><strong>etc.,</strong></span> <span class='ocrx_word' id='word_1_398' title='bbox 3792 2419 3975 2476; x_wconf 84' lang='lat' dir='ltr'><strong>usque</strong></span> 
     </span>
    </p>
   </div>
   <div class='ocr_carea' id='block_1_55' title="bbox 2301 2488 3969 2561">
    <p class='ocr_par' dir='ltr' id='par_1_55' title="bbox 2301 2488 3969 2561">
     <span class='ocr_line' id='line_1_55' title="bbox 2301 2488 3969 2561; baseline 0.003 -18"><span class='ocrx_word' id='word_1_399' title='bbox 2301 2489 2373 2544; x_wconf 84' lang='lat' dir='ltr'><strong>ad</strong></span> <span class='ocrx_word' id='word_1_400' title='bbox 2404 2489 2658 2544; x_wconf 88' lang='lat' dir='ltr'><strong>inaniter</strong></span> <span class='ocrx_word' id='word_1_401' title='bbox 2688 2488 2883 2544; x_wconf 91' lang='lat' dir='ltr'><strong>habet.</strong></span> <span class='ocrx_word' id='word_1_402' title='bbox 2901 2489 3032 2561; x_wconf 88' lang='lat' dir='ltr'><strong>(Id.,</strong></span> <span class='ocrx_word' id='word_1_403' title='bbox 3059 2489 3158 2545; x_wconf 90' lang='lat' dir='ltr'><strong>lib.</strong></span> <span class='ocrx_word' id='word_1_404' title='bbox 3189 2489 3255 2546; x_wconf 89' lang='lat' dir='ltr'><strong>de</strong></span> <span class='ocrx_word' id='word_1_405' title='bbox 3281 2496 3432 2548; x_wconf 88' lang='lat' dir='ltr'><strong>Bono</strong></span> <span class='ocrx_word' id='word_1_406' title='bbox 3461 2493 3860 2560; x_wconf 84' lang='lat' dir='ltr'><strong>Persev.,tom.</strong></span> <span class='ocrx_word' id='word_1_407' title='bbox 3896 2493 3969 2554; x_wconf 86' lang='lat' dir='ltr'><strong>X.</strong></span> 
     </span>
    </p>
   </div>
   <div class='ocr_carea' id='block_1_56' title="bbox 2301 2577 2896 2651">
    <p class='ocr_par' dir='ltr' id='par_1_56' title="bbox 2301 2577 2896 2651">
     <span class='ocr_line' id='line_1_56' title="bbox 2301 2577 2896 2651; baseline -0.005 -16"><span class='ocrx_word' id='word_1_408' title='bbox 2301 2583 2450 2651; x_wconf 88' lang='lat' dir='ltr'><strong>part.</strong></span> <span class='ocrx_word' id='word_1_409' title='bbox 2488 2593 2549 2646; x_wconf 82' lang='grc' dir='ltr'>ιι,</span> <span class='ocrx_word' id='word_1_410' title='bbox 2575 2577 2684 2634; x_wconf 94' lang='lat' dir='ltr'><strong>col.</strong></span> <span class='ocrx_word' id='word_1_411' title='bbox 2712 2578 2896 2650; x_wconf 88' lang='grc'>1015.)</span> 
     </span>
    </p>
   </div>
   <div class='ocr_carea' id='block_1_57' title="bbox 2370 2667 3971 2744">
    <p class='ocr_par' dir='ltr' id='par_1_57' title="bbox 2370 2667 3971 2744">
     <span class='ocr_line' id='line_1_57' title="bbox 2370 2667 3971 2744; baseline 0.002 -20"><span class='ocrx_word' id='word_1_412' title='bbox 2370 2668 2517 2724; x_wconf 89' lang='lat' dir='ltr'><strong>Cum</strong></span> <span class='ocrx_word' id='word_1_413' title='bbox 2549 2667 2809 2734; x_wconf 84' lang='lat' dir='ltr'><strong>dixisset,</strong></span> <span class='ocrx_word' id='word_1_414' title='bbox 2826 2667 3168 2723; x_wconf 88' lang='lat' dir='ltr'><strong>Laudamini</strong></span> <span class='ocrx_word' id='word_1_415' title='bbox 3197 2669 3376 2740; x_wconf 90' lang='lat' dir='ltr'><strong>(quod</strong></span> <span class='ocrx_word' id='word_1_416' title='bbox 3409 2670 3613 2742; x_wconf 90' lang='lat' dir='ltr'><strong>utique</strong></span> <span class='ocrx_word' id='word_1_417' title='bbox 3650 2671 3799 2726; x_wconf 89' lang='lat' dir='ltr'><strong>bene</strong></span> <span class='ocrx_word' id='word_1_418' title='bbox 3827 2688 3971 2744; x_wconf 86' lang='lat' dir='ltr'><strong>ope-</strong></span> 
     </span>
    </p>
   </div>
   <div class='ocr_carea' id='block_1_58' title="bbox 2301 2755 3971 2829">
    <p class='ocr_par' dir='ltr' id='par_1_58' title="bbox 2301 2755 3971 2829">
     <span class='ocr_line' id='line_1_58' title="bbox 2301 2755 3971 2829; baseline 0.002 -16"><span class='ocrx_word' id='word_1_419' title='bbox 2301 2761 2499 2813; x_wconf 90' lang='lat' dir='ltr'><strong>rantes</strong></span> <span class='ocrx_word' id='word_1_420' title='bbox 2531 2755 2738 2812; x_wconf 92' lang='lat' dir='ltr'><strong>merito</strong></span> <span class='ocrx_word' id='word_1_421' title='bbox 2769 2761 3034 2829; x_wconf 90' lang='lat' dir='ltr'><strong>possunt)</strong></span> <span class='ocrx_word' id='word_1_422' title='bbox 3066 2758 3294 2813; x_wconf 89' lang='lat' dir='ltr'><strong>addidit</strong></span> <span class='ocrx_word' id='word_1_423' title='bbox 3324 2775 3340 2813; x_wconf 89' lang='lat'><strong>:</strong></span> <span class='ocrx_word' id='word_1_424' title='bbox 3373 2759 3433 2814; x_wconf 88' lang='lat' dir='ltr'><strong>In</strong></span> <span class='ocrx_word' id='word_1_425' title='bbox 3473 2760 3711 2815; x_wconf 90' lang='lat' dir='ltr'><strong>nomine</strong></span> <span class='ocrx_word' id='word_1_426' title='bbox 3758 2766 3971 2817; x_wconf 85' lang='lat' dir='ltr'><strong>sancto</strong></span> 
     </span>
    </p>
   </div>
   <div class='ocr_carea' id='block_1_59' title="bbox 2300 2845 3965 2922">
    <p class='ocr_par' dir='ltr' id='par_1_59' title="bbox 2300 2845 3965 2922">
     <span class='ocr_line' id='line_1_59' title="bbox 2300 2845 3965 2922; baseline 0.002 -20"><span class='ocrx_word' id='word_1_427' title='bbox 2300 2847 2449 2918; x_wconf 86' lang='lat' dir='ltr'><strong>ejus,</strong></span> <span class='ocrx_word' id='word_1_428' title='bbox 2483 2849 2614 2914; x_wconf 87' lang='lat' dir='ltr'><strong>etc.,</strong></span> <span class='ocrx_word' id='word_1_429' title='bbox 2646 2862 2817 2918; x_wconf 86' lang='lat' dir='ltr'><strong>usque</strong></span> <span class='ocrx_word' id='word_1_430' title='bbox 2846 2847 2915 2902; x_wconf 91' lang='lat' dir='ltr'><strong>ad</strong></span> <span class='ocrx_word' id='word_1_431' title='bbox 2943 2849 3002 2902; x_wconf 90' lang='lat' dir='ltr'><strong>et</strong></span> <span class='ocrx_word' id='word_1_432' title='bbox 3029 2845 3318 2903; x_wconf 61' lang='lat' dir='ltr'><strong>laetentur.</strong></span> <span class='ocrx_word' id='word_1_433' title='bbox 3355 2848 3484 2920; x_wconf 91' lang='lat' dir='ltr'><strong>(Id.,</strong></span> <span class='ocrx_word' id='word_1_434' title='bbox 3519 2856 3677 2904; x_wconf 87' lang='lat' dir='ltr'><strong>tract.</strong></span> <span class='ocrx_word' id='word_1_435' title='bbox 3711 2852 3769 2904; x_wconf 88' lang='lat' dir='ltr'><strong>in</strong></span> <span class='ocrx_word' id='word_1_436' title='bbox 3809 2853 3965 2922; x_wconf 80' lang='lat' dir='ltr'><strong>psal.</strong></span> 
     </span>
    </p>
   </div>
   <div class='ocr_carea' id='block_1_60' title="bbox 2300 2934 3357 3007">
    <p class='ocr_par' dir='ltr' id='par_1_60' title="bbox 2300 2934 3357 3007">
     <span class='ocr_line' id='line_1_60' title="bbox 2300 2934 3357 3007; baseline -0.001 -16"><span class='ocrx_word' id='word_1_437' title='bbox 2300 2951 2413 3003; x_wconf 87' lang='lat' dir='ltr'><strong>CIV,</strong></span> <span class='ocrx_word' id='word_1_438' title='bbox 2444 2938 2587 2990; x_wconf 89' lang='lat' dir='ltr'><strong>tom.</strong></span> <span class='ocrx_word' id='word_1_439' title='bbox 2623 2934 2714 3002; x_wconf 91' lang='lat' dir='ltr'><strong>IV,</strong></span> <span class='ocrx_word' id='word_1_440' title='bbox 2749 2938 2900 3006; x_wconf 87' lang='lat' dir='ltr'><strong>part.</strong></span> <span class='ocrx_word' id='word_1_441' title='bbox 2933 2950 2995 3005; x_wconf 85' lang='grc' dir='ltr'>ιι,</span> <span class='ocrx_word' id='word_1_442' title='bbox 3029 2934 3137 2990; x_wconf 92' lang='lat' dir='ltr'><strong>col.</strong></span> <span class='ocrx_word' id='word_1_443' title='bbox 3175 2935 3357 3007; x_wconf 89' lang='grc'>1391.)</span> 
     </span>
    </p>
   </div>
   <div class='ocr_carea' id='block_1_61' title="bbox 2959 3077 3296 3134">
    <p class='ocr_par' dir='ltr' id='par_1_61' title="bbox 2959 3077 3296 3134">
     <span class='ocr_line' id='line_1_61' title="bbox 2959 3077 3296 3134; baseline 0 -2"><span class='ocrx_word' id='word_1_444' title='bbox 2959 3077 3189 3134; x_wconf 83' lang='lat' dir='ltr'><strong>CAPUT</strong></span> <span class='ocrx_word' id='word_1_445' title='bbox 3229 3078 3296 3134; x_wconf 92' lang='lat' dir='ltr'><strong>II.</strong></span> 
     </span>
    </p>
   </div>
   <div class='ocr_carea' id='block_1_62' title="bbox 2373 3203 3968 3279">
    <p class='ocr_par' dir='ltr' id='par_1_62' title="bbox 2373 3203 3968 3279">
     <span class='ocr_line' id='line_1_62' title="bbox 2373 3203 3968 3279; baseline 0.003 -21"><span class='ocrx_word' id='word_1_446' title='bbox 2373 3204 2437 3258; x_wconf 86' lang='lat' dir='ltr'><strong>Et</strong></span> <span class='ocrx_word' id='word_1_447' title='bbox 2462 3217 2559 3271; x_wconf 86' lang='lat' dir='ltr'><strong>ego</strong></span> <span class='ocrx_word' id='word_1_448' title='bbox 2589 3218 2715 3257; x_wconf 87' lang='lat' dir='ltr'><strong>cum</strong></span> <span class='ocrx_word' id='word_1_449' title='bbox 2742 3203 3008 3258; x_wconf 84' lang='lat' dir='ltr'><strong>venissem</strong></span> <span class='ocrx_word' id='word_1_450' title='bbox 3057 3204 3128 3258; x_wconf 90' lang='lat' dir='ltr'><strong>ad</strong></span> <span class='ocrx_word' id='word_1_451' title='bbox 3172 3219 3283 3274; x_wconf 85' lang='lat' dir='ltr'><strong>vos,</strong></span> <span class='ocrx_word' id='word_1_452' title='bbox 3320 3207 3453 3273; x_wconf 90' lang='lat' dir='ltr'><strong>etc.,</strong></span> <span class='ocrx_word' id='word_1_453' title='bbox 3475 3222 3665 3278; x_wconf 86' lang='lat' dir='ltr'><strong>usque</strong></span> <span class='ocrx_word' id='word_1_454' title='bbox 3696 3207 3767 3262; x_wconf 86' lang='lat' dir='ltr'><strong>ad</strong></span> <span class='ocrx_word' id='word_1_455' title='bbox 3793 3209 3968 3279; x_wconf 85' lang='lat' dir='ltr'><strong>prin-</strong></span> 
     </span>
    </p>
   </div>
   <div class='ocr_carea' id='block_1_63' title="bbox 534 3271 3970 3366">
    <p class='ocr_par' dir='ltr' id='par_1_63' title="bbox 534 3271 3970 3366">
     <span class='ocr_line' id='line_1_63' title="bbox 534 3271 3970 3366; baseline 0.001 -14"><span class='ocrx_word' id='word_1_456' title='bbox 534 3300 692 3364; x_wconf 87' lang='lat' dir='ltr'><strong>sunt,</strong></span> <span class='ocrx_word' id='word_1_457' title='bbox 719 3299 851 3362; x_wconf 90' lang='lat' dir='ltr'><strong>etc.,</strong></span> <span class='ocrx_word' id='word_1_458' title='bbox 885 3311 1055 3366; x_wconf 87' lang='lat' dir='ltr'><strong>usque</strong></span> <span class='ocrx_word' id='word_1_459' title='bbox 1078 3293 1150 3348; x_wconf 89' lang='lat' dir='ltr'><strong>ad</strong></span> <span class='ocrx_word' id='word_1_460' title='bbox 1189 3293 1409 3347; x_wconf 90' lang='lat' dir='ltr'><strong>factum</strong></span> <span class='ocrx_word' id='word_1_461' title='bbox 1459 3294 1548 3347; x_wconf 89' lang='lat' dir='ltr'><strong>est</strong></span> <span class='ocrx_word' id='word_1_462' title='bbox 1590 3271 1758 3346; x_wconf 82' lang='lat' dir='ltr'><strong>nihil.</strong></span> <span class='ocrx_word' id='word_1_463' title='bbox 1793 3271 1998 3361; x_wconf 80' lang='lat' dir='ltr'>(Idem,</span> <span class='ocrx_word' id='word_1_464' title='bbox 2032 3297 2188 3344; x_wconf 85' lang='lat' dir='ltr'><strong>tract.</strong></span> <span class='ocrx_word' id='word_1_465' title='bbox 2223 3271 2266 3337; x_wconf 70' lang='grc' dir='ltr'>Ο</span> <span class='ocrx_word' id='word_1_466' title='bbox 2302 3294 2488 3364; x_wconf 86' lang='lat' dir='ltr'><strong>cipum</strong></span> <span class='ocrx_word' id='word_1_467' title='bbox 2511 3292 2676 3358; x_wconf 85' lang='lat' dir='ltr'><strong>huius</strong></span> <span class='ocrx_word' id='word_1_468' title='bbox 2704 3292 2900 3348; x_wconf 72' lang='lat' dir='ltr'><strong>saeculi</strong></span> <span class='ocrx_word' id='word_1_469' title='bbox 2939 3294 3035 3365; x_wconf 86' lang='lat' dir='ltr'><strong>qui</strong></span> <span class='ocrx_word' id='word_1_470' title='bbox 3071 3271 3445 3350; x_wconf 81' lang='lat' dir='ltr'><strong>destruuntur.</strong></span> <span class='ocrx_word' id='word_1_471' title='bbox 3479 3271 3622 3351; x_wconf 86' lang='lat' dir='ltr'><strong>Vide</strong></span> <span class='ocrx_word' id='word_1_472' title='bbox 3669 3271 3970 3354; x_wconf 66' lang='lat' dir='ltr'><strong>amatores</strong></span> 
     </span>
    </p>
   </div>
   <div class='ocr_carea' id='block_1_64' title="bbox 533 3379 2055 3460">
    <p class='ocr_par' dir='ltr' id='par_1_64' title="bbox 533 3379 2055 3460">
     <span class='ocr_line' id='line_1_64' title="bbox 533 3379 2055 3460; baseline -0.006 -18"><span class='ocrx_word' id='word_1_473' title='bbox 533 3387 596 3442; x_wconf 88' lang='lat' dir='ltr'><strong>in</strong></span> <span class='ocrx_word' id='word_1_474' title='bbox 617 3385 759 3460; x_wconf 84' lang='lat' dir='ltr'><strong>psal.</strong></span> <span class='ocrx_word' id='word_1_475' title='bbox 789 3401 946 3451; x_wconf 80' lang='lat' dir='ltr'><strong>XVIII,</strong></span> <span class='ocrx_word' id='word_1_476' title='bbox 979 3387 1123 3438; x_wconf 92' lang='lat' dir='ltr'><strong>tom.</strong></span> <span class='ocrx_word' id='word_1_477' title='bbox 1147 3381 1244 3449; x_wconf 92' lang='lat' dir='ltr'><strong>IV,</strong></span> <span class='ocrx_word' id='word_1_478' title='bbox 1279 3384 1428 3452; x_wconf 90' lang='lat' dir='ltr'><strong>part.</strong></span> <span class='ocrx_word' id='word_1_479' title='bbox 1463 3397 1522 3447; x_wconf 89' lang='lat'><strong>11,</strong></span> <span class='ocrx_word' id='word_1_480' title='bbox 1553 3379 1661 3435; x_wconf 92' lang='lat' dir='ltr'><strong>col.</strong></span> <span class='ocrx_word' id='word_1_481' title='bbox 1696 3379 1799 3435; x_wconf 89' lang='grc'><strong>158</strong></span> <span class='ocrx_word' id='word_1_482' title='bbox 1821 3383 1878 3434; x_wconf 90' lang='lat' dir='ltr'><strong>et</strong></span> <span class='ocrx_word' id='word_1_483' title='bbox 1907 3381 2055 3451; x_wconf 88' lang='lat' dir='ltr'><strong>seq.)</strong></span> 
     </span>
    </p>
   </div>
   <div class='ocr_carea' id='block_1_65' title="bbox 604 3465 2193 3542">
    <p class='ocr_par' dir='ltr' id='par_1_65' title="bbox 604 3465 2193 3542">
     <span class='ocr_line' id='line_1_65' title="bbox 604 3465 2193 3542; baseline -0.005 -12"><span class='ocrx_word' id='word_1_484' title='bbox 604 3473 662 3530; x_wconf 90' lang='lat' dir='ltr'>Si</span> <span class='ocrx_word' id='word_1_485' title='bbox 691 3474 847 3530; x_wconf 90' lang='lat' dir='ltr'><strong>enim</strong></span> <span class='ocrx_word' id='word_1_486' title='bbox 882 3472 1042 3528; x_wconf 87' lang='lat' dir='ltr'><strong>solus</strong></span> <span class='ocrx_word' id='word_1_487' title='bbox 1073 3472 1152 3527; x_wconf 90' lang='lat' dir='ltr'><strong>ibi</strong></span> <span class='ocrx_word' id='word_1_488' title='bbox 1187 3469 1371 3526; x_wconf 87' lang='lat' dir='ltr'><strong>Filius</strong></span> <span class='ocrx_word' id='word_1_489' title='bbox 1418 3468 1712 3542; x_wconf 82' lang='lat' dir='ltr'><strong>intelligit,</strong></span> <span class='ocrx_word' id='word_1_490' title='bbox 1748 3471 1880 3535; x_wconf 89' lang='lat' dir='ltr'><strong>etc.,</strong></span> <span class='ocrx_word' id='word_1_491' title='bbox 1905 3484 2076 3540; x_wconf 91' lang='lat' dir='ltr'><strong>usque</strong></span> <span class='ocrx_word' id='word_1_492' title='bbox 2122 3465 2193 3522; x_wconf 87' lang='lat' dir='ltr'><strong>ad</strong></span> 
     </span>
    </p>
   </div>
   <div class='ocr_carea' id='block_1_66' title="bbox 535 3555 2188 3637">
    <p class='ocr_par' dir='ltr' id='par_1_66' title="bbox 535 3555 2188 3637">
     <span class='ocr_line' id='line_1_66' title="bbox 535 3555 2188 3637; baseline -0.006 -17"><span class='ocrx_word' id='word_1_493' title='bbox 535 3564 690 3637; x_wconf 92' lang='lat' dir='ltr'><strong>quod</strong></span> <span class='ocrx_word' id='word_1_494' title='bbox 721 3566 811 3618; x_wconf 89' lang='lat' dir='ltr'><strong>est</strong></span> <span class='ocrx_word' id='word_1_495' title='bbox 840 3561 1027 3617; x_wconf 87' lang='lat' dir='ltr'><strong>Pater.</strong></span> <span class='ocrx_word' id='word_1_496' title='bbox 1058 3561 1268 3628; x_wconf 89' lang='lat' dir='ltr'><strong>(Idem,</strong></span> <span class='ocrx_word' id='word_1_497' title='bbox 1304 3560 1393 3614; x_wconf 91' lang='lat' dir='ltr'><strong>lic.</strong></span> <span class='ocrx_word' id='word_1_498' title='bbox 1427 3576 1500 3614; x_wconf 83' lang='lat' dir='ltr'><strong>xv</strong></span> <span class='ocrx_word' id='word_1_499' title='bbox 1528 3558 1592 3613; x_wconf 88' lang='lat' dir='ltr'><strong>de</strong></span> <span class='ocrx_word' id='word_1_500' title='bbox 1624 3559 1843 3626; x_wconf 81' lang='lat' dir='ltr'><strong>Trinit.,</strong></span> <span class='ocrx_word' id='word_1_501' title='bbox 1876 3560 2018 3612; x_wconf 92' lang='lat' dir='ltr'><strong>tom.</strong></span> <span class='ocrx_word' id='word_1_502' title='bbox 2045 3555 2188 3624; x_wconf 89' lang='lat' dir='ltr'><strong>VIII,</strong></span> 
     </span>
    </p>
   </div>
   <div class='ocr_carea' id='block_1_67' title="bbox 539 3650 1090 3721">
    <p class='ocr_par' dir='ltr' id='par_1_67' title="bbox 539 3650 1090 3721">
     <span class='ocr_line' id='line_1_67' title="bbox 539 3650 1090 3721; baseline -0.009 -13"><span class='ocrx_word' id='word_1_503' title='bbox 539 3652 648 3708; x_wconf 89' lang='lat' dir='ltr'><strong>col.</strong></span> <span class='ocrx_word' id='word_1_504' title='bbox 687 3652 826 3706; x_wconf 87' lang='grc'>1065</span> <span class='ocrx_word' id='word_1_505' title='bbox 855 3653 912 3704; x_wconf 90' lang='lat' dir='ltr'><strong>et</strong></span> <span class='ocrx_word' id='word_1_506' title='bbox 942 3650 1090 3721; x_wconf 90' lang='lat' dir='ltr'><strong>seq.)</strong></span> 
     </span>
    </p>
   </div>
   <div class='ocr_carea' id='block_1_68' title="bbox 605 3733 2189 3808">
    <p class='ocr_par' dir='ltr' id='par_1_68' title="bbox 605 3733 2189 3808">
     <span class='ocr_line' id='line_1_68' title="bbox 605 3733 2189 3808; baseline -0.002 -15"><span class='ocrx_word' id='word_1_507' title='bbox 605 3740 788 3795; x_wconf 89' lang='lat' dir='ltr'><strong>Vocat</strong></span> <span class='ocrx_word' id='word_1_508' title='bbox 808 3737 965 3794; x_wconf 91' lang='lat' dir='ltr'><strong>enim</strong></span> <span class='ocrx_word' id='word_1_509' title='bbox 983 3737 1135 3792; x_wconf 91' lang='lat' dir='ltr'><strong>Deus</strong></span> <span class='ocrx_word' id='word_1_510' title='bbox 1153 3736 1597 3808; x_wconf 70' lang='lat' dir='ltr'><strong>praadestinatos</strong></span> <span class='ocrx_word' id='word_1_511' title='bbox 1620 3734 1837 3790; x_wconf 88' lang='lat' dir='ltr'><strong>multos</strong></span> <span class='ocrx_word' id='word_1_512' title='bbox 1864 3733 2015 3789; x_wconf 81' lang='lat' dir='ltr'><strong>filios</strong></span> <span class='ocrx_word' id='word_1_513' title='bbox 2029 3751 2189 3804; x_wconf 90' lang='lat' dir='ltr'><strong>suos,</strong></span> 
     </span>
    </p>
   </div>
   <div class='ocr_carea' id='block_1_69' title="bbox 535 3822 2189 3899">
    <p class='ocr_par' dir='ltr' id='par_1_69' title="bbox 535 3822 2189 3899">
     <span class='ocr_line' id='line_1_69' title="bbox 535 3822 2189 3899; baseline -0.005 -14"><span class='ocrx_word' id='word_1_514' title='bbox 535 3833 670 3896; x_wconf 90' lang='lat' dir='ltr'><strong>etc.,</strong></span> <span class='ocrx_word' id='word_1_515' title='bbox 703 3842 871 3899; x_wconf 90' lang='lat' dir='ltr'><strong>usque</strong></span> <span class='ocrx_word' id='word_1_516' title='bbox 900 3825 971 3881; x_wconf 88' lang='lat' dir='ltr'><strong>ad</strong></span> <span class='ocrx_word' id='word_1_517' title='bbox 1019 3829 1076 3880; x_wconf 90' lang='lat' dir='ltr'><strong>et</strong></span> <span class='ocrx_word' id='word_1_518' title='bbox 1122 3822 1344 3879; x_wconf 87' lang='lat' dir='ltr'><strong>vocatio</strong></span> <span class='ocrx_word' id='word_1_519' title='bbox 1393 3823 1516 3889; x_wconf 91' lang='lat' dir='ltr'><strong>Dei,</strong></span> <span class='ocrx_word' id='word_1_520' title='bbox 1549 3823 1753 3893; x_wconf 84' lang='lat' dir='ltr'>(Idem,</span> <span class='ocrx_word' id='word_1_521' title='bbox 1783 3824 1880 3878; x_wconf 90' lang='lat' dir='ltr'><strong>lib.</strong></span> <span class='ocrx_word' id='word_1_522' title='bbox 1912 3823 1977 3878; x_wconf 87' lang='lat' dir='ltr'><strong>de</strong></span> <span class='ocrx_word' id='word_1_523' title='bbox 2005 3823 2189 3880; x_wconf 74' lang='lat' dir='ltr'><strong>Praed.</strong></span> 
     </span>
    </p>
   </div>
   <div class='ocr_carea' id='block_1_70' title="bbox 531 3912 1586 3986">
    <p class='ocr_par' dir='ltr' id='par_1_70' title="bbox 531 3912 1586 3986">
     <span class='ocr_line' id='line_1_70' title="bbox 531 3912 1586 3986; baseline -0.007 -13"><span class='ocrx_word' id='word_1_524' title='bbox 531 3925 732 3986; x_wconf 84' lang='lat' dir='ltr'><strong>sanct,,</strong></span> <span class='ocrx_word' id='word_1_525' title='bbox 765 3920 908 3971; x_wconf 91' lang='lat' dir='ltr'><strong>tom.</strong></span> <span class='ocrx_word' id='word_1_526' title='bbox 940 3913 1006 3984; x_wconf 88' lang='lat' dir='ltr'><strong>X,</strong></span> <span class='ocrx_word' id='word_1_527' title='bbox 1042 3917 1187 3986; x_wconf 87' lang='lat' dir='ltr'><strong>part.</strong></span> <span class='ocrx_word' id='word_1_528' title='bbox 1225 3930 1261 3979; x_wconf 84' lang='lat'><strong>1,</strong></span> <span class='ocrx_word' id='word_1_529' title='bbox 1300 3912 1409 3968; x_wconf 91' lang='lat' dir='ltr'><strong>col.</strong></span> <span class='ocrx_word' id='word_1_530' title='bbox 1434 3913 1586 3980; x_wconf 90' lang='lat'><strong>983.)</strong></span> 
     </span>
    </p>
   </div>
   <div class='ocr_carea' id='block_1_71' title="bbox 608 4000 2193 4076">
    <p class='ocr_par' dir='ltr' id='par_1_71' title="bbox 608 4000 2193 4076">
     <span class='ocr_line' id='line_1_71' title="bbox 608 4000 2193 4076; baseline -0.003 -16"><span class='ocrx_word' id='word_1_531' title='bbox 608 4007 750 4074; x_wconf 84' lang='lat' dir='ltr'><strong>Quia</strong></span> <span class='ocrx_word' id='word_1_532' title='bbox 797 4002 939 4076; x_wconf 89' lang='lat' dir='ltr'><strong>quod</strong></span> <span class='ocrx_word' id='word_1_533' title='bbox 981 4003 1207 4058; x_wconf 89' lang='lat' dir='ltr'><strong>stultum</strong></span> <span class='ocrx_word' id='word_1_534' title='bbox 1230 4008 1329 4066; x_wconf 92' lang='lat' dir='ltr'><strong>est,</strong></span> <span class='ocrx_word' id='word_1_535' title='bbox 1363 4008 1484 4068; x_wconf 91' lang='lat' dir='ltr'><strong>etc,,</strong></span> <span class='ocrx_word' id='word_1_536' title='bbox 1520 4017 1707 4072; x_wconf 90' lang='lat' dir='ltr'><strong>usque</strong></span> <span class='ocrx_word' id='word_1_537' title='bbox 1758 4000 1829 4054; x_wconf 91' lang='lat' dir='ltr'><strong>ad</strong></span> <span class='ocrx_word' id='word_1_538' title='bbox 1877 4001 2076 4065; x_wconf 85' lang='lat' dir='ltr'><strong>fortius</strong></span> <span class='ocrx_word' id='word_1_539' title='bbox 2115 4008 2193 4056; x_wconf 90' lang='lat' dir='ltr'><strong>est</strong></span> 
     </span>
    </p>
   </div>
   <div class='ocr_carea' id='block_1_72' title="bbox 535 4087 2192 4161">
    <p class='ocr_par' dir='ltr' id='par_1_72' title="bbox 535 4087 2192 4161">
     <span class='ocr_line' id='line_1_72' title="bbox 535 4087 2192 4161; baseline -0.003 -12"><span class='ocrx_word' id='word_1_540' title='bbox 535 4093 868 4150; x_wconf 86' lang='lat' dir='ltr'><strong>hominibus.</strong></span> <span class='ocrx_word' id='word_1_541' title='bbox 901 4091 1027 4146; x_wconf 89' lang='lat' dir='ltr'><strong>Non</strong></span> <span class='ocrx_word' id='word_1_542' title='bbox 1071 4089 1227 4146; x_wconf 91' lang='lat' dir='ltr'><strong>enim</strong></span> <span class='ocrx_word' id='word_1_543' title='bbox 1261 4089 1331 4144; x_wconf 88' lang='lat' dir='ltr'><strong>ad</strong></span> <span class='ocrx_word' id='word_1_544' title='bbox 1365 4105 1501 4143; x_wconf 91' lang='lat' dir='ltr'>eum</span> <span class='ocrx_word' id='word_1_545' title='bbox 1541 4087 1639 4161; x_wconf 90' lang='lat' dir='ltr'><strong>qui</strong></span> <span class='ocrx_word' id='word_1_546' title='bbox 1680 4087 1897 4160; x_wconf 92' lang='lat' dir='ltr'><strong>ubique</strong></span> <span class='ocrx_word' id='word_1_547' title='bbox 1937 4105 2192 4160; x_wconf 77' lang='lat' dir='ltr'><strong>praesens</strong></span> 
     </span>
    </p>
   </div>
   <div class='ocr_carea' id='block_1_73' title="bbox 534 4177 2188 4254">
    <p class='ocr_par' dir='ltr' id='par_1_73' title="bbox 534 4177 2188 4254">
     <span class='ocr_line' id='line_1_73' title="bbox 534 4177 2188 4254; baseline -0.002 -16"><span class='ocrx_word' id='word_1_548' title='bbox 534 4188 641 4252; x_wconf 91' lang='lat' dir='ltr'><strong>est,</strong></span> <span class='ocrx_word' id='word_1_549' title='bbox 675 4186 809 4250; x_wconf 91' lang='lat' dir='ltr'><strong>etc.,</strong></span> <span class='ocrx_word' id='word_1_550' title='bbox 835 4197 1004 4254; x_wconf 83' lang='lat' dir='ltr'><strong>usque</strong></span> <span class='ocrx_word' id='word_1_551' title='bbox 1034 4179 1105 4234; x_wconf 90' lang='lat' dir='ltr'><strong>ad</strong></span> <span class='ocrx_word' id='word_1_552' title='bbox 1129 4177 1587 4250; x_wconf 86' lang='lat' dir='ltr'><strong>imprudentiam</strong></span> <span class='ocrx_word' id='word_1_553' title='bbox 1620 4193 1834 4233; x_wconf 89' lang='lat' dir='ltr'><strong>meam.</strong></span> <span class='ocrx_word' id='word_1_554' title='bbox 1869 4178 2188 4246; x_wconf 90' lang='lat' dir='ltr'><strong>(Idem,lib.</strong></span> 
     </span>
    </p>
   </div>
   <div class='ocr_carea' id='block_1_74' title="bbox 532 4265 2191 4340">
    <p class='ocr_par' dir='ltr' id='par_1_74' title="bbox 532 4265 2191 4340">
     <span class='ocr_line' id='line_1_74' title="bbox 532 4265 2191 4340; baseline -0.004 -12"><span class='ocrx_word' id='word_1_555' title='bbox 532 4272 598 4328; x_wconf 91' lang='lat' dir='ltr'><strong>de</strong></span> <span class='ocrx_word' id='word_1_556' title='bbox 622 4274 798 4328; x_wconf 86' lang='lat' dir='ltr'><strong>Doctr.</strong></span> <span class='ocrx_word' id='word_1_557' title='bbox 831 4271 1063 4336; x_wconf 87' lang='lat' dir='ltr'><strong>Christ.,</strong></span> <span class='ocrx_word' id='word_1_558' title='bbox 1095 4274 1240 4324; x_wconf 88' lang='lat' dir='ltr'><strong>tom.</strong></span> <span class='ocrx_word' id='word_1_559' title='bbox 1272 4271 1371 4334; x_wconf 88' lang='lat' dir='ltr'><strong>III,</strong></span> <span class='ocrx_word' id='word_1_560' title='bbox 1402 4271 1551 4340; x_wconf 88' lang='lat' dir='ltr'><strong>part.</strong></span> <span class='ocrx_word' id='word_1_561' title='bbox 1602 4284 1640 4335; x_wconf 88' lang='lat'><strong>1,</strong></span> <span class='ocrx_word' id='word_1_562' title='bbox 1675 4265 1781 4322; x_wconf 90' lang='lat' dir='ltr'><strong>col.</strong></span> <span class='ocrx_word' id='word_1_563' title='bbox 1832 4267 1922 4333; x_wconf 87' lang='lat'><strong>23,</strong></span> <span class='ocrx_word' id='word_1_564' title='bbox 1957 4271 2012 4322; x_wconf 91' lang='lat' dir='ltr'>et</span> <span class='ocrx_word' id='word_1_565' title='bbox 2042 4269 2191 4340; x_wconf 86' lang='lat' dir='ltr'><strong>seq.)</strong></span> 
     </span>
    </p>
   </div>
   <div class='ocr_carea' id='block_1_75' title="bbox 604 4356 2194 4432">
    <p class='ocr_par' dir='ltr' id='par_1_75' title="bbox 604 4356 2194 4432">
     <span class='ocr_line' id='line_1_75' title="bbox 604 4356 2194 4432; baseline -0.003 -16"><span class='ocrx_word' id='word_1_566' title='bbox 604 4362 738 4425; x_wconf 65' lang='lat' dir='ltr'><strong>Quae</strong></span> <span class='ocrx_word' id='word_1_567' title='bbox 769 4357 1169 4432; x_wconf 85' lang='lat' dir='ltr'><strong>imprudentia</strong></span> <span class='ocrx_word' id='word_1_568' title='bbox 1197 4357 1256 4412; x_wconf 92' lang='lat' dir='ltr'>in</span> <span class='ocrx_word' id='word_1_569' title='bbox 1289 4357 1540 4423; x_wconf 86' lang='lat' dir='ltr'><strong>Christo,</strong></span> <span class='ocrx_word' id='word_1_570' title='bbox 1559 4359 1692 4422; x_wconf 88' lang='lat' dir='ltr'><strong>etc.,</strong></span> <span class='ocrx_word' id='word_1_571' title='bbox 1712 4373 1881 4428; x_wconf 89' lang='lat' dir='ltr'><strong>usque</strong></span> <span class='ocrx_word' id='word_1_572' title='bbox 1910 4356 1980 4410; x_wconf 87' lang='lat' dir='ltr'><strong>ad</strong></span> <span class='ocrx_word' id='word_1_573' title='bbox 2011 4357 2194 4412; x_wconf 90' lang='lat' dir='ltr'><strong>cruci-</strong></span> 
     </span>
    </p>
   </div>
   <div class='ocr_carea' id='block_1_76' title="bbox 534 4446 2183 4521">
    <p class='ocr_par' dir='ltr' id='par_1_76' title="bbox 534 4446 2183 4521">
     <span class='ocr_line' id='line_1_76' title="bbox 534 4446 2183 4521; baseline -0.003 -16"><span class='ocrx_word' id='word_1_574' title='bbox 534 4449 818 4506; x_wconf 80' lang='lat' dir='ltr'><strong>fixissent.</strong></span> <span class='ocrx_word' id='word_1_575' title='bbox 862 4449 942 4520; x_wconf 89' lang='lat' dir='ltr'><strong>(S.</strong></span> <span class='ocrx_word' id='word_1_576' title='bbox 978 4450 1149 4521; x_wconf 88' lang='lat' dir='ltr'><strong>Aug.,</strong></span> <span class='ocrx_word' id='word_1_577' title='bbox 1192 4455 1350 4504; x_wconf 88' lang='lat' dir='ltr'><strong>tract.</strong></span> <span class='ocrx_word' id='word_1_578' title='bbox 1402 4448 1462 4501; x_wconf 88' lang='lat' dir='ltr'><strong>in</strong></span> <span class='ocrx_word' id='word_1_579' title='bbox 1499 4446 1644 4518; x_wconf 88' lang='lat' dir='ltr'><strong>psal.</strong></span> <span class='ocrx_word' id='word_1_580' title='bbox 1681 4463 1870 4511; x_wconf 82' lang='lat' dir='ltr'><strong>vam,</strong></span> <span class='ocrx_word' id='word_1_581' title='bbox 1905 4449 2047 4500; x_wconf 92' lang='lat' dir='ltr'><strong>tom.</strong></span> <span class='ocrx_word' id='word_1_582' title='bbox 2089 4447 2183 4516; x_wconf 90' lang='lat' dir='ltr'><strong>IV,</strong></span> 
     </span>
    </p>
   </div>
   <div class='ocr_carea' id='block_1_77' title="bbox 537 4537 1083 4610">
    <p class='ocr_par' dir='ltr' id='par_1_77' title="bbox 537 4537 1083 4610">
     <span class='ocr_line' id='line_1_77' title="bbox 537 4537 1083 4610; baseline -0.002 -17"><span class='ocrx_word' id='word_1_583' title='bbox 537 4543 685 4610; x_wconf 89' lang='lat' dir='ltr'><strong>part.</strong></span> <span class='ocrx_word' id='word_1_584' title='bbox 720 4560 756 4604; x_wconf 83' lang='lat'><strong>1,</strong></span> <span class='ocrx_word' id='word_1_585' title='bbox 789 4537 899 4592; x_wconf 90' lang='lat' dir='ltr'><strong>col.</strong></span> <span class='ocrx_word' id='word_1_586' title='bbox 931 4538 1083 4603; x_wconf 79' lang='lat'><strong>8119.)</strong></span> 
     </span>
    </p>
   </div>
   <div class='ocr_carea' id='block_1_78' title="bbox 2300 3378 3970 3452">
    <p class='ocr_par' dir='ltr' id='par_1_78' title="bbox 2300 3378 3970 3452">
     <span class='ocr_line' id='line_1_78' title="bbox 2300 3378 3970 3452; baseline 0.004 -18"><span class='ocrx_word' id='word_1_587' title='bbox 2300 3378 2581 3446; x_wconf 83' lang='lat' dir='ltr'><strong>veritatis,</strong></span> <span class='ocrx_word' id='word_1_588' title='bbox 2615 3396 2730 3434; x_wconf 92' lang='lat' dir='ltr'><strong>non</strong></span> <span class='ocrx_word' id='word_1_589' title='bbox 2758 3379 3108 3452; x_wconf 89' lang='lat' dir='ltr'><strong>accipientes</strong></span> <span class='ocrx_word' id='word_1_590' title='bbox 3137 3381 3199 3436; x_wconf 90' lang='lat' dir='ltr'><strong>in</strong></span> <span class='ocrx_word' id='word_1_591' title='bbox 3229 3399 3444 3438; x_wconf 91' lang='lat' dir='ltr'><strong>vanum</strong></span> <span class='ocrx_word' id='word_1_592' title='bbox 3480 3399 3693 3439; x_wconf 90' lang='lat' dir='ltr'><strong>nomen</strong></span> <span class='ocrx_word' id='word_1_593' title='bbox 3726 3384 3970 3441; x_wconf 89' lang='lat' dir='ltr'><strong>Domini</strong></span> 
     </span>
    </p>
   </div>
   <div class='ocr_carea' id='block_1_79' title="bbox 2301 3469 3965 3546">
    <p class='ocr_par' dir='ltr' id='par_1_79' title="bbox 2301 3469 3965 3546">
     <span class='ocr_line' id='line_1_79' title="bbox 2301 3469 3965 3546; baseline 0.004 -22"><span class='ocrx_word' id='word_1_594' title='bbox 2301 3469 2400 3525; x_wconf 93' lang='lat' dir='ltr'><strong>Dei</strong></span> <span class='ocrx_word' id='word_1_595' title='bbox 2435 3469 2547 3538; x_wconf 89' lang='lat' dir='ltr'><strong>sui,</strong></span> <span class='ocrx_word' id='word_1_596' title='bbox 2581 3473 2714 3536; x_wconf 89' lang='lat' dir='ltr'><strong>etc.,</strong></span> <span class='ocrx_word' id='word_1_597' title='bbox 2742 3486 2912 3542; x_wconf 87' lang='lat' dir='ltr'><strong>usque</strong></span> <span class='ocrx_word' id='word_1_598' title='bbox 2941 3469 3012 3524; x_wconf 87' lang='lat' dir='ltr'><strong>ad</strong></span> <span class='ocrx_word' id='word_1_599' title='bbox 3055 3488 3172 3526; x_wconf 89' lang='lat' dir='ltr'><strong>non</strong></span> <span class='ocrx_word' id='word_1_600' title='bbox 3221 3473 3419 3527; x_wconf 90' lang='lat' dir='ltr'><strong>cibum</strong></span> <span class='ocrx_word' id='word_1_601' title='bbox 3472 3473 3789 3529; x_wconf 86' lang='lat' dir='ltr'><strong>mentibus.</strong></span> <span class='ocrx_word' id='word_1_602' title='bbox 3826 3475 3965 3546; x_wconf 92' lang='lat' dir='ltr'>(Id.,</span> 
     </span>
    </p>
   </div>
   <div class='ocr_carea' id='block_1_80' title="bbox 2297 3559 3708 3635">
    <p class='ocr_par' dir='ltr' id='par_1_80' title="bbox 2297 3559 3708 3635">
     <span class='ocr_line' id='line_1_80' title="bbox 2297 3559 3708 3635; baseline 0.001 -19"><span class='ocrx_word' id='word_1_603' title='bbox 2297 3575 2460 3616; x_wconf 88' lang='lat' dir='ltr'><strong>serm.</strong></span> <span class='ocrx_word' id='word_1_604' title='bbox 2489 3559 2750 3628; x_wconf 87' lang='lat' dir='ltr'><strong>Decalogi</strong></span> <span class='ocrx_word' id='word_1_605' title='bbox 2767 3559 2837 3614; x_wconf 85' lang='lat' dir='ltr'><strong>ad</strong></span> <span class='ocrx_word' id='word_1_606' title='bbox 2862 3561 3147 3631; x_wconf 86' lang='lat' dir='ltr'><strong>populum,</strong></span> <span class='ocrx_word' id='word_1_607' title='bbox 3181 3565 3324 3616; x_wconf 91' lang='lat' dir='ltr'><strong>tom.</strong></span> <span class='ocrx_word' id='word_1_608' title='bbox 3356 3561 3424 3630; x_wconf 89' lang='lat' dir='ltr'><strong>V,</strong></span> <span class='ocrx_word' id='word_1_609' title='bbox 3461 3566 3611 3634; x_wconf 89' lang='lat' dir='ltr'><strong>part.</strong></span> <span class='ocrx_word' id='word_1_610' title='bbox 3644 3563 3708 3635; x_wconf 87' lang='lat'><strong>1.)</strong></span> 
     </span>
    </p>
   </div>
   <div class='ocr_carea' id='block_1_81' title="bbox 2372 3648 3968 3726">
    <p class='ocr_par' dir='ltr' id='par_1_81' title="bbox 2372 3648 3968 3726">
     <span class='ocr_line' id='line_1_81' title="bbox 2372 3648 3968 3726; baseline 0.004 -23"><span class='ocrx_word' id='word_1_611' title='bbox 2372 3648 2715 3704; x_wconf 88' lang='lat' dir='ltr'><strong>Necessaria</strong></span> <span class='ocrx_word' id='word_1_612' title='bbox 2735 3651 2823 3704; x_wconf 88' lang='lat' dir='ltr'><strong>est</strong></span> <span class='ocrx_word' id='word_1_613' title='bbox 2840 3649 3109 3722; x_wconf 82' lang='lat' dir='ltr'><strong>purgatio</strong></span> <span class='ocrx_word' id='word_1_614' title='bbox 3133 3650 3347 3706; x_wconf 90' lang='lat' dir='ltr'><strong>mentis</strong></span> <span class='ocrx_word' id='word_1_615' title='bbox 3369 3656 3602 3719; x_wconf 63' lang='lat' dir='ltr'><strong>nostrae,</strong></span> <span class='ocrx_word' id='word_1_616' title='bbox 3627 3656 3762 3722; x_wconf 88' lang='lat' dir='ltr'><strong>etc.,</strong></span> <span class='ocrx_word' id='word_1_617' title='bbox 3787 3669 3968 3726; x_wconf 86' lang='lat' dir='ltr'><strong>usque</strong></span> 
     </span>
    </p>
   </div>
   <div class='ocr_carea' id='block_1_82' title="bbox 2300 3737 3962 3811">
    <p class='ocr_par' dir='ltr' id='par_1_82' title="bbox 2300 3737 3962 3811">
     <span class='ocr_line' id='line_1_82' title="bbox 2300 3737 3962 3811; baseline 0.004 -19"><span class='ocrx_word' id='word_1_618' title='bbox 2300 3737 2372 3793; x_wconf 90' lang='lat' dir='ltr'><strong>ad</strong></span> <span class='ocrx_word' id='word_1_619' title='bbox 2391 3737 2626 3793; x_wconf 89' lang='lat' dir='ltr'><strong>ethunc</strong></span> <span class='ocrx_word' id='word_1_620' title='bbox 2647 3738 3013 3794; x_wconf 83' lang='lat' dir='ltr'><strong>cruciﬁxum.</strong></span> <span class='ocrx_word' id='word_1_621' title='bbox 3032 3740 3162 3811; x_wconf 92' lang='lat' dir='ltr'>(Id.,</span> <span class='ocrx_word' id='word_1_622' title='bbox 3184 3741 3280 3796; x_wconf 89' lang='lat' dir='ltr'><strong>lib.</strong></span> <span class='ocrx_word' id='word_1_623' title='bbox 3299 3741 3365 3797; x_wconf 86' lang='lat' dir='ltr'><strong>de</strong></span> <span class='ocrx_word' id='word_1_624' title='bbox 3401 3743 3621 3810; x_wconf 85' lang='lat' dir='ltr'><strong>Trinit.,</strong></span> <span class='ocrx_word' id='word_1_625' title='bbox 3641 3745 3785 3797; x_wconf 90' lang='lat' dir='ltr'><strong>tom.</strong></span> <span class='ocrx_word' id='word_1_626' title='bbox 3808 3742 3962 3810; x_wconf 90' lang='lat' dir='ltr'><strong>VIII,</strong></span> 
     </span>
    </p>
   </div>
   <div class='ocr_carea' id='block_1_83' title="bbox 2302 3825 2595 3898">
    <p class='ocr_par' dir='ltr' id='par_1_83' title="bbox 2302 3825 2595 3898">
     <span class='ocr_line' id='line_1_83' title="bbox 2302 3825 2595 3898; baseline 0 -18"><span class='ocrx_word' id='word_1_627' title='bbox 2302 3825 2410 3882; x_wconf 91' lang='lat' dir='ltr'><strong>col.</strong></span> <span class='ocrx_word' id='word_1_628' title='bbox 2443 3825 2595 3898; x_wconf 86' lang='lat'><strong>821.)</strong></span> 
     </span>
    </p>
   </div>
   <div class='ocr_carea' id='block_1_84' title="bbox 2371 3913 3966 3988">
    <p class='ocr_par' dir='ltr' id='par_1_84' title="bbox 2371 3913 3966 3988">
     <span class='ocr_line' id='line_1_84' title="bbox 2371 3913 3966 3988; baseline 0.003 -18"><span class='ocrx_word' id='word_1_629' title='bbox 2371 3914 2468 3970; x_wconf 88' lang='lat' dir='ltr'><strong>Eis</strong></span> <span class='ocrx_word' id='word_1_630' title='bbox 2499 3919 2696 3970; x_wconf 87' lang='lat' dir='ltr'><strong>autem</strong></span> <span class='ocrx_word' id='word_1_631' title='bbox 2728 3913 3100 3986; x_wconf 89' lang='lat' dir='ltr'><strong>loquebatur,</strong></span> <span class='ocrx_word' id='word_1_632' title='bbox 3132 3919 3265 3983; x_wconf 89' lang='lat' dir='ltr'><strong>etc.,</strong></span> <span class='ocrx_word' id='word_1_633' title='bbox 3299 3933 3467 3988; x_wconf 87' lang='lat' dir='ltr'><strong>usque</strong></span> <span class='ocrx_word' id='word_1_634' title='bbox 3497 3917 3566 3972; x_wconf 91' lang='lat' dir='ltr'><strong>ad</strong></span> <span class='ocrx_word' id='word_1_635' title='bbox 3613 3916 3966 3974; x_wconf 87' lang='lat' dir='ltr'><strong>hominibus</strong></span> 
     </span>
    </p>
   </div>
   <div class='ocr_carea' id='block_1_85' title="bbox 2301 4002 3961 4079">
    <p class='ocr_par' dir='ltr' id='par_1_85' title="bbox 2301 4002 3961 4079">
     <span class='ocr_line' id='line_1_85' title="bbox 2301 4002 3961 4079; baseline 0.002 -21"><span class='ocrx_word' id='word_1_636' title='bbox 2301 4002 2643 4076; x_wconf 90' lang='lat' dir='ltr'><strong>loquuntur.</strong></span> <span class='ocrx_word' id='word_1_637' title='bbox 2659 4004 2794 4071; x_wconf 89' lang='lat' dir='ltr'><strong>(Id.,</strong></span> <span class='ocrx_word' id='word_1_638' title='bbox 2822 4005 2919 4058; x_wconf 89' lang='lat' dir='ltr'><strong>lib.</strong></span> <span class='ocrx_word' id='word_1_639' title='bbox 2949 4019 2988 4060; x_wconf 89' lang='lat'><strong>11</strong></span> <span class='ocrx_word' id='word_1_640' title='bbox 3015 4004 3080 4060; x_wconf 90' lang='lat' dir='ltr'><strong>de</strong></span> <span class='ocrx_word' id='word_1_641' title='bbox 3115 4006 3334 4074; x_wconf 86' lang='lat' dir='ltr'><strong>Trinit.,</strong></span> <span class='ocrx_word' id='word_1_642' title='bbox 3360 4006 3786 4075; x_wconf 89' lang='lat' dir='ltr'><strong>tom.VIII,col.</strong></span> <span class='ocrx_word' id='word_1_643' title='bbox 3806 4008 3961 4079; x_wconf 82' lang='grc'>837.)</span> 
     </span>
    </p>
   </div>
   <div class='ocr_carea' id='block_1_86' title="bbox 2371 4092 3966 4170">
    <p class='ocr_par' dir='ltr' id='par_1_86' title="bbox 2371 4092 3966 4170">
     <span class='ocr_line' id='line_1_86' title="bbox 2371 4092 3966 4170; baseline 0.002 -22"><span class='ocrx_word' id='word_1_644' title='bbox 2371 4093 2492 4149; x_wconf 91' lang='lat' dir='ltr'><strong>Hoc</strong></span> <span class='ocrx_word' id='word_1_645' title='bbox 2522 4098 2611 4148; x_wconf 91' lang='lat' dir='ltr'><strong>est</strong></span> <span class='ocrx_word' id='word_1_646' title='bbox 2641 4092 2798 4148; x_wconf 90' lang='lat' dir='ltr'><strong>enim</strong></span> <span class='ocrx_word' id='word_1_647' title='bbox 2831 4093 3226 4166; x_wconf 88' lang='lat' dir='ltr'><strong>evangelizare</strong></span> <span class='ocrx_word' id='word_1_648' title='bbox 3256 4095 3574 4163; x_wconf 88' lang='lat' dir='ltr'><strong>Christum,</strong></span> <span class='ocrx_word' id='word_1_649' title='bbox 3609 4099 3742 4163; x_wconf 90' lang='lat' dir='ltr'><strong>etc.,</strong></span> <span class='ocrx_word' id='word_1_650' title='bbox 3789 4112 3966 4170; x_wconf 77' lang='lat' dir='ltr'><strong>usque</strong></span> 
     </span>
    </p>
   </div>
   <div class='ocr_carea' id='block_1_87' title="bbox 2300 4181 3964 4256">
    <p class='ocr_par' dir='ltr' id='par_1_87' title="bbox 2300 4181 3964 4256">
     <span class='ocr_line' id='line_1_87' title="bbox 2300 4181 3964 4256; baseline 0.001 -18"><span class='ocrx_word' id='word_1_651' title='bbox 2300 4183 2371 4238; x_wconf 89' lang='lat' dir='ltr'><strong>ad</strong></span> <span class='ocrx_word' id='word_1_652' title='bbox 2401 4183 2545 4238; x_wconf 87' lang='lat' dir='ltr'><strong>bene</strong></span> <span class='ocrx_word' id='word_1_653' title='bbox 2574 4181 2714 4236; x_wconf 88' lang='lat' dir='ltr'>vivit</span> <span class='ocrx_word' id='word_1_654' title='bbox 2739 4199 2839 4253; x_wconf 90' lang='lat' dir='ltr'><strong>per</strong></span> <span class='ocrx_word' id='word_1_655' title='bbox 2869 4182 3270 4255; x_wconf 89' lang='lat' dir='ltr'><strong>Evangelium.</strong></span> <span class='ocrx_word' id='word_1_656' title='bbox 3305 4184 3436 4256; x_wconf 92' lang='lat' dir='ltr'><strong>(Id.,</strong></span> <span class='ocrx_word' id='word_1_657' title='bbox 3471 4186 3593 4253; x_wconf 89' lang='lat' dir='ltr'><strong>lib.,</strong></span> <span class='ocrx_word' id='word_1_658' title='bbox 3621 4184 3687 4240; x_wconf 88' lang='lat' dir='ltr'><strong>de</strong></span> <span class='ocrx_word' id='word_1_659' title='bbox 3733 4185 3862 4241; x_wconf 86' lang='lat' dir='ltr'><strong>Fide</strong></span> <span class='ocrx_word' id='word_1_660' title='bbox 3911 4193 3964 4241; x_wconf 91' lang='lat' dir='ltr'><strong>et</strong></span> 
     </span>
    </p>
   </div>
   <div class='ocr_carea' id='block_1_88' title="bbox 2301 4269 3318 4344">
    <p class='ocr_par' dir='ltr' id='par_1_88' title="bbox 2301 4269 3318 4344">
     <span class='ocr_line' id='line_1_88' title="bbox 2301 4269 3318 4344; baseline 0.001 -16"><span class='ocrx_word' id='word_1_661' title='bbox 2301 4288 2474 4344; x_wconf 87' lang='lat' dir='ltr'><strong>oper.,</strong></span> <span class='ocrx_word' id='word_1_662' title='bbox 2505 4274 2648 4326; x_wconf 90' lang='lat' dir='ltr'><strong>tom.</strong></span> <span class='ocrx_word' id='word_1_663' title='bbox 2682 4271 2778 4339; x_wconf 92' lang='lat' dir='ltr'><strong>VI,</strong></span> <span class='ocrx_word' id='word_1_664' title='bbox 2805 4269 2914 4326; x_wconf 92' lang='lat' dir='ltr'><strong>col.</strong></span> <span class='ocrx_word' id='word_1_665' title='bbox 2948 4272 3054 4326; x_wconf 83' lang='lat'><strong>206</strong></span> <span class='ocrx_word' id='word_1_666' title='bbox 3083 4276 3139 4327; x_wconf 92' lang='lat' dir='ltr'><strong>et</strong></span> <span class='ocrx_word' id='word_1_667' title='bbox 3169 4275 3318 4344; x_wconf 88' lang='lat' dir='ltr'><strong>seq,)</strong></span> 
     </span>
    </p>
   </div>
   <div class='ocr_carea' id='block_1_89' title="bbox 2371 4360 3960 4435">
    <p class='ocr_par' dir='ltr' id='par_1_89' title="bbox 2371 4360 3960 4435">
     <span class='ocr_line' id='line_1_89' title="bbox 2371 4360 3960 4435; baseline 0.003 -20"><span class='ocrx_word' id='word_1_668' title='bbox 2371 4360 2474 4416; x_wconf 85' lang='lat' dir='ltr'><strong>Sed</strong></span> <span class='ocrx_word' id='word_1_669' title='bbox 2503 4361 2782 4432; x_wconf 87' lang='lat' dir='ltr'><strong>loquimur</strong></span> <span class='ocrx_word' id='word_1_670' title='bbox 2826 4362 2927 4416; x_wconf 90' lang='lat' dir='ltr'><strong>Dei</strong></span> <span class='ocrx_word' id='word_1_671' title='bbox 2966 4363 3312 4433; x_wconf 80' lang='lat' dir='ltr'><strong>sapientiam,</strong></span> <span class='ocrx_word' id='word_1_672' title='bbox 3348 4366 3484 4429; x_wconf 89' lang='lat' dir='ltr'><strong>etc.,</strong></span> <span class='ocrx_word' id='word_1_673' title='bbox 3518 4379 3707 4435; x_wconf 89' lang='lat' dir='ltr'><strong>usque</strong></span> <span class='ocrx_word' id='word_1_674' title='bbox 3750 4363 3820 4419; x_wconf 90' lang='lat' dir='ltr'><strong>ad</strong></span> <span class='ocrx_word' id='word_1_675' title='bbox 3852 4365 3960 4420; x_wconf 92' lang='lat' dir='ltr'><strong>Do-</strong></span> 
     </span>
    </p>
   </div>
   <div class='ocr_carea' id='block_1_90' title="bbox 2299 4450 3962 4521">
    <p class='ocr_par' dir='ltr' id='par_1_90' title="bbox 2299 4450 3962 4521">
     <span class='ocr_line' id='line_1_90' title="bbox 2299 4450 3962 4521; baseline 0.002 -16"><span class='ocrx_word' id='word_1_676' title='bbox 2299 4452 2516 4505; x_wconf 81' lang='lat' dir='ltr'><strong>minum</strong></span> <span class='ocrx_word' id='word_1_677' title='bbox 2537 4451 2735 4521; x_wconf 71' lang='lat' dir='ltr'><strong>gloriae</strong></span> <span class='ocrx_word' id='word_1_678' title='bbox 2764 4450 3186 4520; x_wconf 74' lang='lat' dir='ltr'><strong>cruciﬁxissent.</strong></span> <span class='ocrx_word' id='word_1_679' title='bbox 3219 4450 3420 4506; x_wconf 90' lang='lat' dir='ltr'><strong>Gratia</strong></span> <span class='ocrx_word' id='word_1_680' title='bbox 3464 4450 3581 4506; x_wconf 90' lang='lat' dir='ltr'><strong>ista</strong></span> <span class='ocrx_word' id='word_1_681' title='bbox 3627 4451 3962 4508; x_wconf 85' lang='lat' dir='ltr'><strong>Christiana</strong></span> 
     </span>
    </p>
   </div>
   <div class='ocr_carea' id='block_1_91' title="bbox 2305 4538 3959 4613">
    <p class='ocr_par' dir='ltr' id='par_1_91' title="bbox 2305 4538 3959 4613">
     <span class='ocr_line' id='line_1_91' title="bbox 2305 4538 3959 4613; baseline 0.002 -19"><span class='ocrx_word' id='word_1_682' title='bbox 2305 4539 2466 4612; x_wconf 90' lang='lat' dir='ltr'><strong>(quia</strong></span> <span class='ocrx_word' id='word_1_683' title='bbox 2487 4538 2687 4594; x_wconf 89' lang='lat' dir='ltr'><strong>omnia</strong></span> <span class='ocrx_word' id='word_1_684' title='bbox 2702 4542 2841 4593; x_wconf 89' lang='lat' dir='ltr'><strong>sunt</strong></span> <span class='ocrx_word' id='word_1_685' title='bbox 2862 4539 3077 4595; x_wconf 88' lang='lat' dir='ltr'><strong>tradita</strong></span> <span class='ocrx_word' id='word_1_686' title='bbox 3093 4539 3320 4596; x_wconf 88' lang='lat' dir='ltr'><strong>Christo</strong></span> <span class='ocrx_word' id='word_1_687' title='bbox 3343 4557 3376 4596; x_wconf 87' lang='lat' dir='ltr'><strong>a</strong></span> <span class='ocrx_word' id='word_1_688' title='bbox 3398 4541 3564 4597; x_wconf 88' lang='lat' dir='ltr'><strong>Patre</strong></span> <span class='ocrx_word' id='word_1_689' title='bbox 3585 4541 3736 4613; x_wconf 84' lang='lat' dir='ltr'><strong>ejus)</strong></span> <span class='ocrx_word' id='word_1_690' title='bbox 3751 4558 3959 4598; x_wconf 89' lang='lat' dir='ltr'><strong>omnes</strong></span> 
     </span>
    </p>
   </div>
   <div class='ocr_carea' id='block_1_92' title="bbox 607 4623 3955 4711">
    <p class='ocr_par' dir='ltr' id='par_1_92' title="bbox 607 4623 3955 4711">
     <span class='ocr_line' id='line_1_92' title="bbox 607 4623 3955 4711; baseline 0.002 -32"><span class='ocrx_word' id='word_1_691' title='bbox 607 4625 886 4681; x_wconf 81' lang='lat' dir='ltr'><strong>Infirmus</strong></span> <span class='ocrx_word' id='word_1_692' title='bbox 917 4641 1093 4680; x_wconf 84' lang='lat' dir='ltr'><strong>carne</strong></span> <span class='ocrx_word' id='word_1_693' title='bbox 1113 4625 1304 4693; x_wconf 90' lang='lat' dir='ltr'><strong>Jesus,</strong></span> <span class='ocrx_word' id='word_1_694' title='bbox 1327 4627 1642 4695; x_wconf 82' lang='lat' dir='ltr'><strong>etc.,usque</strong></span> <span class='ocrx_word' id='word_1_695' title='bbox 1659 4623 1730 4678; x_wconf 90' lang='lat' dir='ltr'><strong>ad</strong></span> <span class='ocrx_word' id='word_1_696' title='bbox 1751 4628 1953 4680; x_wconf 86' lang='lat' dir='ltr'><strong>nostra</strong></span> <span class='ocrx_word' id='word_1_697' title='bbox 1973 4629 2061 4680; x_wconf 88' lang='lat' dir='ltr'><strong>est</strong></span> <span class='ocrx_word' id='word_1_698' title='bbox 2083 4625 2195 4679; x_wconf 87' lang='lat' dir='ltr'><strong>for-</strong></span> <span class='ocrx_word' id='word_1_699' title='bbox 2224 4646 2269 4711; x_wconf 84' lang='lat' dir='ltr'><strong>D</strong></span> <span class='ocrx_word' id='word_1_700' title='bbox 2299 4628 2489 4694; x_wconf 88' lang='lat' dir='ltr'><strong>latuit,</strong></span> <span class='ocrx_word' id='word_1_701' title='bbox 2523 4632 2658 4695; x_wconf 91' lang='lat' dir='ltr'><strong>etc.,</strong></span> <span class='ocrx_word' id='word_1_702' title='bbox 2689 4644 2859 4700; x_wconf 88' lang='lat' dir='ltr'><strong>usque</strong></span> <span class='ocrx_word' id='word_1_703' title='bbox 2888 4628 2957 4683; x_wconf 86' lang='lat' dir='ltr'><strong>ad</strong></span> <span class='ocrx_word' id='word_1_704' title='bbox 2987 4629 3374 4685; x_wconf 88' lang='lat' dir='ltr'><strong>trementibus</strong></span> <span class='ocrx_word' id='word_1_705' title='bbox 3421 4631 3597 4686; x_wconf 87' lang='lat' dir='ltr'><strong>verba</strong></span> <span class='ocrx_word' id='word_1_706' title='bbox 3639 4631 3786 4702; x_wconf 89' lang='lat' dir='ltr'><strong>ejus.</strong></span> <span class='ocrx_word' id='word_1_707' title='bbox 3823 4631 3955 4703; x_wconf 91' lang='lat' dir='ltr'>(Id.,</span> 
     </span>
    </p>
   </div>
   <div class='ocr_carea' id='block_1_93' title="bbox 533 4714 2187 4784">
    <p class='ocr_par' dir='ltr' id='par_1_93' title="bbox 533 4714 2187 4784">
     <span class='ocr_line' id='line_1_93' title="bbox 533 4714 2187 4784; baseline -0.001 -13"><span class='ocrx_word' id='word_1_708' title='bbox 533 4715 742 4771; x_wconf 90' lang='lat' dir='ltr'><strong>titudo.</strong></span> <span class='ocrx_word' id='word_1_709' title='bbox 779 4715 909 4784; x_wconf 91' lang='lat' dir='ltr'>(Id.,</span> <span class='ocrx_word' id='word_1_710' title='bbox 944 4720 1106 4770; x_wconf 87' lang='lat' dir='ltr'><strong>tract.</strong></span> <span class='ocrx_word' id='word_1_711' title='bbox 1139 4715 1199 4768; x_wconf 89' lang='lat' dir='ltr'><strong>in</strong></span> <span class='ocrx_word' id='word_1_712' title='bbox 1226 4731 1443 4782; x_wconf 67' lang='lat' dir='ltr'><strong>evang,</strong></span> <span class='ocrx_word' id='word_1_713' title='bbox 1476 4730 1579 4769; x_wconf 92' lang='lat' dir='ltr'><strong>sec.</strong></span> <span class='ocrx_word' id='word_1_714' title='bbox 1624 4715 1781 4768; x_wconf 85' lang='lat' dir='ltr'><strong>Joan.</strong></span> <span class='ocrx_word' id='word_1_715' title='bbox 1813 4731 1868 4781; x_wconf 90' lang='lat' dir='ltr'><strong>v,</strong></span> <span class='ocrx_word' id='word_1_716' title='bbox 1902 4719 2046 4768; x_wconf 87' lang='lat' dir='ltr'><strong>tom.</strong></span> <span class='ocrx_word' id='word_1_717' title='bbox 2071 4714 2187 4782; x_wconf 90' lang='lat' dir='ltr'><strong>VII,</strong></span> 
     </span>
    </p>
   </div>
   <div class='ocr_carea' id='block_1_94' title="bbox 537 4803 1146 4878">
    <p class='ocr_par' dir='ltr' id='par_1_94' title="bbox 537 4803 1146 4878">
     <span class='ocr_line' id='line_1_94' title="bbox 537 4803 1146 4878; baseline -0.007 -17"><span class='ocrx_word' id='word_1_718' title='bbox 537 4809 686 4878; x_wconf 88' lang='lat' dir='ltr'><strong>part.</strong></span> <span class='ocrx_word' id='word_1_719' title='bbox 723 4822 782 4870; x_wconf 87' lang='grc' dir='ltr'>ιι,</span> <span class='ocrx_word' id='word_1_720' title='bbox 819 4804 928 4860; x_wconf 91' lang='lat' dir='ltr'><strong>col.</strong></span> <span class='ocrx_word' id='word_1_721' title='bbox 967 4803 1146 4874; x_wconf 86' lang='lat'><strong>1513.)</strong></span> 
     </span>
    </p>
   </div>
   <div class='ocr_carea' id='block_1_95' title="bbox 608 4891 2186 4964">
    <p class='ocr_par' dir='ltr' id='par_1_95' title="bbox 608 4891 2186 4964">
     <span class='ocr_line' id='line_1_95' title="bbox 608 4891 2186 4964; baseline -0.001 -14"><span class='ocrx_word' id='word_1_722' title='bbox 608 4895 801 4950; x_wconf 75' lang='lat' dir='ltr'><strong>Videte</strong></span> <span class='ocrx_word' id='word_1_723' title='bbox 847 4894 999 4950; x_wconf 88' lang='lat' dir='ltr'><strong>enim</strong></span> <span class='ocrx_word' id='word_1_724' title='bbox 1052 4895 1454 4950; x_wconf 78' lang='lat' dir='ltr'><strong>vocationem...</strong></span> <span class='ocrx_word' id='word_1_725' title='bbox 1515 4908 1636 4964; x_wconf 76' lang='lat' dir='ltr'><strong>quae</strong></span> <span class='ocrx_word' id='word_1_726' title='bbox 1683 4900 1815 4947; x_wconf 87' lang='lat' dir='ltr'><strong>sunt</strong></span> <span class='ocrx_word' id='word_1_727' title='bbox 1866 4891 2186 4949; x_wconf 83' lang='lat' dir='ltr'><strong>destrueret.</strong></span> 
     </span>
    </p>
   </div>
   <div class='ocr_carea' id='block_1_96' title="bbox 536 4981 2188 5054">
    <p class='ocr_par' dir='ltr' id='par_1_96' title="bbox 536 4981 2188 5054">
     <span class='ocr_line' id='line_1_96' title="bbox 536 4981 2188 5054; baseline -0.002 -14"><span class='ocrx_word' id='word_1_728' title='bbox 536 4983 896 5040; x_wconf 89' lang='lat' dir='ltr'><strong>Humiliatus</strong></span> <span class='ocrx_word' id='word_1_729' title='bbox 929 4987 1018 5038; x_wconf 88' lang='lat' dir='ltr'><strong>est</strong></span> <span class='ocrx_word' id='word_1_730' title='bbox 1047 4981 1332 5039; x_wconf 90' lang='lat' dir='ltr'><strong>Dominus</strong></span> <span class='ocrx_word' id='word_1_731' title='bbox 1362 4981 1655 5052; x_wconf 89' lang='lat' dir='ltr'><strong>Christus,</strong></span> <span class='ocrx_word' id='word_1_732' title='bbox 1685 4985 1818 5045; x_wconf 87' lang='lat' dir='ltr'><strong>etc.,</strong></span> <span class='ocrx_word' id='word_1_733' title='bbox 1843 4997 2013 5054; x_wconf 87' lang='lat' dir='ltr'><strong>usque</strong></span> <span class='ocrx_word' id='word_1_734' title='bbox 2040 4982 2109 5037; x_wconf 86' lang='lat' dir='ltr'><strong>ad</strong></span> <span class='ocrx_word' id='word_1_735' title='bbox 2130 4982 2188 5037; x_wconf 90' lang='lat' dir='ltr'>in</span> 
     </span>
    </p>
   </div>
   <div class='ocr_carea' id='block_1_97' title="bbox 536 5070 2187 5145">
    <p class='ocr_par' dir='ltr' id='par_1_97' title="bbox 536 5070 2187 5145">
     <span class='ocr_line' id='line_1_97' title="bbox 536 5070 2187 5145; baseline 0 -17"><span class='ocrx_word' id='word_1_736' title='bbox 536 5073 778 5145; x_wconf 87' lang='lat' dir='ltr'><strong>pudoris</strong></span> <span class='ocrx_word' id='word_1_737' title='bbox 792 5089 923 5128; x_wconf 90' lang='lat' dir='ltr'><strong>arce</strong></span> <span class='ocrx_word' id='word_1_738' title='bbox 945 5072 1330 5128; x_wconf 88' lang='lat' dir='ltr'><strong>constituunt.</strong></span> <span class='ocrx_word' id='word_1_739' title='bbox 1348 5070 1721 5138; x_wconf 83' lang='lat' dir='ltr'><strong>(Id.,serm.de</strong></span> <span class='ocrx_word' id='word_1_740' title='bbox 1743 5072 1941 5144; x_wconf 79' lang='lat' dir='ltr'><strong>Quinq.</strong></span> <span class='ocrx_word' id='word_1_741' title='bbox 1957 5087 2187 5141; x_wconf 79' lang='lat' dir='ltr'><strong>resurr.,</strong></span> 
     </span>
    </p>
   </div>
   <div class='ocr_carea' id='block_1_98' title="bbox 535 5159 1414 5234">
    <p class='ocr_par' dir='ltr' id='par_1_98' title="bbox 535 5159 1414 5234">
     <span class='ocr_line' id='line_1_98' title="bbox 535 5159 1414 5234; baseline -0.005 -17"><span class='ocrx_word' id='word_1_742' title='bbox 535 5165 677 5218; x_wconf 91' lang='lat' dir='ltr'><strong>tom.</strong></span> <span class='ocrx_word' id='word_1_743' title='bbox 708 5161 776 5230; x_wconf 91' lang='lat' dir='ltr'><strong>V,</strong></span> <span class='ocrx_word' id='word_1_744' title='bbox 813 5165 961 5234; x_wconf 89' lang='lat' dir='ltr'><strong>part.</strong></span> <span class='ocrx_word' id='word_1_745' title='bbox 991 5178 1052 5228; x_wconf 80' lang='grc' dir='ltr'>ιι,</span> <span class='ocrx_word' id='word_1_746' title='bbox 1087 5161 1196 5216; x_wconf 91' lang='lat' dir='ltr'><strong>col.</strong></span> <span class='ocrx_word' id='word_1_747' title='bbox 1230 5159 1414 5231; x_wconf 87' lang='lat'><strong>1729.)</strong></span> 
     </span>
    </p>
   </div>
   <div class='ocr_carea' id='block_1_99' title="bbox 607 5247 2191 5322">
    <p class='ocr_par' dir='ltr' id='par_1_99' title="bbox 607 5247 2191 5322">
     <span class='ocr_line' id='line_1_99' title="bbox 607 5247 2191 5322; baseline 0 -16"><span class='ocrx_word' id='word_1_748' title='bbox 607 5251 797 5315; x_wconf 83' lang='lat' dir='ltr'><strong>Quare</strong></span> <span class='ocrx_word' id='word_1_749' title='bbox 827 5255 1028 5306; x_wconf 86' lang='lat' dir='ltr'><strong>autem</strong></span> <span class='ocrx_word' id='word_1_750' title='bbox 1059 5250 1248 5322; x_wconf 89' lang='lat' dir='ltr'><strong>primo</strong></span> <span class='ocrx_word' id='word_1_751' title='bbox 1277 5247 1587 5322; x_wconf 88' lang='lat' dir='ltr'><strong>ignobiles,</strong></span> <span class='ocrx_word' id='word_1_752' title='bbox 1621 5253 1758 5315; x_wconf 90' lang='lat' dir='ltr'><strong>etc.,</strong></span> <span class='ocrx_word' id='word_1_753' title='bbox 1779 5266 1947 5322; x_wconf 88' lang='lat' dir='ltr'><strong>usque</strong></span> <span class='ocrx_word' id='word_1_754' title='bbox 1977 5250 2047 5305; x_wconf 89' lang='lat' dir='ltr'><strong>ad</strong></span> <span class='ocrx_word' id='word_1_755' title='bbox 2077 5249 2191 5306; x_wconf 90' lang='lat' dir='ltr'><strong>nisi</strong></span> 
     </span>
    </p>
   </div>
   <div class='ocr_carea' id='block_1_100' title="bbox 538 5337 2186 5413">
    <p class='ocr_par' dir='ltr' id='par_1_100' title="bbox 538 5337 2186 5413">
     <span class='ocr_line' id='line_1_100' title="bbox 538 5337 2186 5413; baseline -0.002 -17"><span class='ocrx_word' id='word_1_756' title='bbox 538 5356 642 5413; x_wconf 89' lang='lat' dir='ltr'><strong>per</strong></span> <span class='ocrx_word' id='word_1_757' title='bbox 670 5340 1030 5411; x_wconf 89' lang='lat' dir='ltr'><strong>superbiam.</strong></span> <span class='ocrx_word' id='word_1_758' title='bbox 1065 5339 1194 5410; x_wconf 89' lang='lat' dir='ltr'><strong>(Id.,</strong></span> <span class='ocrx_word' id='word_1_759' title='bbox 1218 5355 1382 5394; x_wconf 85' lang='lat' dir='ltr'><strong>serm.</strong></span> <span class='ocrx_word' id='word_1_760' title='bbox 1415 5337 1481 5393; x_wconf 90' lang='lat' dir='ltr'><strong>de</strong></span> <span class='ocrx_word' id='word_1_761' title='bbox 1509 5338 1680 5393; x_wconf 90' lang='lat' dir='ltr'><strong>tribus</strong></span> <span class='ocrx_word' id='word_1_762' title='bbox 1713 5338 1910 5406; x_wconf 84' lang='lat' dir='ltr'><strong>Virgis,</strong></span> <span class='ocrx_word' id='word_1_763' title='bbox 1944 5342 2084 5395; x_wconf 89' lang='lat' dir='ltr'><strong>tom.</strong></span> <span class='ocrx_word' id='word_1_764' title='bbox 2119 5339 2186 5408; x_wconf 90' lang='lat' dir='ltr'><strong>V,</strong></span> 
     </span>
    </p>
   </div>
   <div class='ocr_carea' id='block_1_101' title="bbox 537 5419 2118 5501">
    <p class='ocr_par' dir='ltr' id='par_1_101' title="bbox 537 5419 2118 5501">
     <span class='ocr_line' id='line_1_101' title="bbox 537 5419 2118 5501; baseline 0 -18"><span class='ocrx_word' id='word_1_765' title='bbox 537 5432 688 5501; x_wconf 89' lang='lat' dir='ltr'><strong>part.</strong></span> <span class='ocrx_word' id='word_1_766' title='bbox 725 5447 783 5496; x_wconf 85' lang='lat'><strong>11,</strong></span> <span class='ocrx_word' id='word_1_767' title='bbox 818 5427 928 5483; x_wconf 92' lang='lat' dir='ltr'><strong>col.</strong></span> <span class='ocrx_word' id='word_1_768' title='bbox 964 5426 1090 5483; x_wconf 86' lang='grc'>1731</span> <span class='ocrx_word' id='word_1_769' title='bbox 1138 5432 1194 5482; x_wconf 88' lang='lat' dir='ltr'><strong>et</strong></span> <span class='ocrx_word' id='word_1_770' title='bbox 1225 5427 1371 5498; x_wconf 90' lang='lat' dir='ltr'><strong>seq.)</strong></span> <span class='ocrx_word' id='word_1_771' title='bbox 2024 5419 2026 5422; x_wconf 67' lang='grc'><em>’</em></span> <span class='ocrx_word' id='word_1_772' title='bbox 2116 5480 2118 5483; x_wconf 86' lang='grc'><strong>.</strong></span> 
     </span>
    </p>
   </div>
   <div class='ocr_carea' id='block_1_102' title="bbox 611 5515 2188 5587">
    <p class='ocr_par' dir='ltr' id='par_1_102' title="bbox 611 5515 2188 5587">
     <span class='ocr_line' id='line_1_102' title="bbox 611 5515 2188 5587; baseline 0.001 -15"><span class='ocrx_word' id='word_1_773' title='bbox 611 5518 721 5574; x_wconf 90' lang='lat' dir='ltr'><strong>Sed</strong></span> <span class='ocrx_word' id='word_1_774' title='bbox 747 5519 941 5573; x_wconf 80' lang='lat' dir='ltr'><strong>forsan</strong></span> <span class='ocrx_word' id='word_1_775' title='bbox 967 5517 1184 5572; x_wconf 87' lang='lat' dir='ltr'><strong>diceret</strong></span> <span class='ocrx_word' id='word_1_776' title='bbox 1205 5515 1441 5587; x_wconf 87' lang='lat' dir='ltr'><strong>aliquis,</strong></span> <span class='ocrx_word' id='word_1_777' title='bbox 1459 5519 1592 5583; x_wconf 90' lang='lat' dir='ltr'><strong>etc.,</strong></span> <span class='ocrx_word' id='word_1_778' title='bbox 1609 5532 1776 5587; x_wconf 87' lang='lat' dir='ltr'><strong>usque</strong></span> <span class='ocrx_word' id='word_1_779' title='bbox 1795 5516 1865 5571; x_wconf 91' lang='lat' dir='ltr'><strong>ad</strong></span> <span class='ocrx_word' id='word_1_780' title='bbox 1895 5516 2043 5573; x_wconf 87' lang='lat' dir='ltr'><strong>falsa</strong></span> <span class='ocrx_word' id='word_1_781' title='bbox 2072 5535 2188 5574; x_wconf 89' lang='lat' dir='ltr'><strong>non</strong></span> 
     </span>
    </p>
   </div>
   <div class='ocr_carea' id='block_1_103' title="bbox 538 5604 2188 5680">
    <p class='ocr_par' dir='ltr' id='par_1_103' title="bbox 538 5604 2188 5680">
     <span class='ocr_line' id='line_1_103' title="bbox 538 5604 2188 5680; baseline -0.001 -16"><span class='ocrx_word' id='word_1_782' title='bbox 538 5605 668 5664; x_wconf 84' lang='lat' dir='ltr'><strong>erit.</strong></span> <span class='ocrx_word' id='word_1_783' title='bbox 702 5607 832 5675; x_wconf 91' lang='lat' dir='ltr'><strong>(Id.,</strong></span> <span class='ocrx_word' id='word_1_784' title='bbox 867 5607 1014 5663; x_wconf 79' lang='lat' dir='ltr'><strong>verb.</strong></span> <span class='ocrx_word' id='word_1_785' title='bbox 1046 5606 1279 5674; x_wconf 88' lang='lat' dir='ltr'><strong>Evang.,</strong></span> <span class='ocrx_word' id='word_1_786' title='bbox 1303 5608 1444 5659; x_wconf 91' lang='lat' dir='ltr'><strong>tom.</strong></span> <span class='ocrx_word' id='word_1_787' title='bbox 1478 5608 1546 5672; x_wconf 88' lang='lat' dir='ltr'><strong>V,</strong></span> <span class='ocrx_word' id='word_1_788' title='bbox 1580 5610 1728 5676; x_wconf 90' lang='lat' dir='ltr'><strong>part.</strong></span> <span class='ocrx_word' id='word_1_789' title='bbox 1770 5623 1809 5671; x_wconf 94' lang='lat'><strong>1,</strong></span> <span class='ocrx_word' id='word_1_790' title='bbox 1843 5604 1952 5661; x_wconf 90' lang='lat' dir='ltr'><strong>co].</strong></span> <span class='ocrx_word' id='word_1_791' title='bbox 2003 5607 2188 5680; x_wconf 90' lang='grc'>1023.)</span> 
     </span>
    </p>
   </div>
   <div class='ocr_carea' id='block_1_104' title="bbox 611 5692 2188 5768">
    <p class='ocr_par' dir='ltr' id='par_1_104' title="bbox 611 5692 2188 5768">
     <span class='ocr_line' id='line_1_104' title="bbox 611 5692 2188 5768; baseline 0.001 -16"><span class='ocrx_word' id='word_1_792' title='bbox 611 5695 923 5768; x_wconf 79' lang='lat' dir='ltr'><strong>Descendit</strong></span> <span class='ocrx_word' id='word_1_793' title='bbox 957 5693 1242 5752; x_wconf 88' lang='lat' dir='ltr'><strong>Dominus</strong></span> <span class='ocrx_word' id='word_1_794' title='bbox 1287 5692 1440 5750; x_wconf 89' lang='lat' dir='ltr'><strong>Deus</strong></span> <span class='ocrx_word' id='word_1_795' title='bbox 1471 5697 1669 5750; x_wconf 89' lang='lat' dir='ltr'><strong>noster</strong></span> <span class='ocrx_word' id='word_1_796' title='bbox 1696 5695 1865 5751; x_wconf 77' lang='lat' dir='ltr'><strong>Iesus</strong></span> <span class='ocrx_word' id='word_1_797' title='bbox 1899 5696 2188 5768; x_wconf 89' lang='lat' dir='ltr'><strong>Christus,</strong></span> 
     </span>
    </p>
   </div>
   <div class='ocr_carea' id='block_1_105' title="bbox 2299 4715 3958 4792">
    <p class='ocr_par' dir='ltr' id='par_1_105' title="bbox 2299 4715 3958 4792">
     <span class='ocr_line' id='line_1_105' title="bbox 2299 4715 3958 4792; baseline 0.001 -18"><span class='ocrx_word' id='word_1_798' title='bbox 2299 4735 2460 4774; x_wconf 85' lang='lat' dir='ltr'><strong>serm.</strong></span> <span class='ocrx_word' id='word_1_799' title='bbox 2492 4717 2556 4773; x_wconf 89' lang='lat' dir='ltr'><strong>dc</strong></span> <span class='ocrx_word' id='word_1_800' title='bbox 2581 4715 2708 4772; x_wconf 58' lang='lat' dir='ltr'><strong>lect.‘</strong></span> <span class='ocrx_word' id='word_1_801' title='bbox 2731 4733 2921 4789; x_wconf 82' lang='lat' dir='ltr'><strong>evang.</strong></span> <span class='ocrx_word' id='word_1_802' title='bbox 2953 4723 3141 4787; x_wconf 84' lang='lat' dir='ltr'><strong>Joan.,</strong></span> <span class='ocrx_word' id='word_1_803' title='bbox 3176 4724 3317 4774; x_wconf 90' lang='lat' dir='ltr'><strong>tom.</strong></span> <span class='ocrx_word' id='word_1_804' title='bbox 3353 4722 3420 4788; x_wconf 85' lang='lat' dir='ltr'><strong>V,</strong></span> <span class='ocrx_word' id='word_1_805' title='bbox 3455 4724 3605 4792; x_wconf 90' lang='lat' dir='ltr'><strong>part.</strong></span> <span class='ocrx_word' id='word_1_806' title='bbox 3639 4737 3679 4791; x_wconf 90' lang='lat'><strong>1,</strong></span> <span class='ocrx_word' id='word_1_807' title='bbox 3713 4719 3821 4776; x_wconf 87' lang='lat' dir='ltr'><strong>col.</strong></span> <span class='ocrx_word' id='word_1_808' title='bbox 3846 4720 3958 4775; x_wconf 86' lang='lat'>776</span> 
     </span>
    </p>
   </div>
   <div class='ocr_carea' id='block_1_106' title="bbox 2301 4809 2542 4878">
    <p class='ocr_par' dir='ltr' id='par_1_106' title="bbox 2301 4809 2542 4878">
     <span class='ocr_line' id='line_1_106' title="bbox 2301 4809 2542 4878; baseline -0.008 -16"><span class='ocrx_word' id='word_1_809' title='bbox 2301 4811 2357 4862; x_wconf 92' lang='lat' dir='ltr'><strong>et</strong></span> <span class='ocrx_word' id='word_1_810' title='bbox 2387 4809 2542 4878; x_wconf 89' lang='lat' dir='ltr'><strong>seq.)</strong></span> 
     </span>
    </p>
   </div>
   <div class='ocr_carea' id='block_1_107' title="bbox 2371 4896 3954 4972">
    <p class='ocr_par' dir='ltr' id='par_1_107' title="bbox 2371 4896 3954 4972">
     <span class='ocr_line' id='line_1_107' title="bbox 2371 4896 3954 4972; baseline 0.002 -21"><span class='ocrx_word' id='word_1_811' title='bbox 2371 4897 2494 4952; x_wconf 89' lang='lat' dir='ltr'><strong>Nisi</strong></span> <span class='ocrx_word' id='word_1_812' title='bbox 2518 4896 2643 4968; x_wconf 89' lang='lat' dir='ltr'><strong>ipse</strong></span> <span class='ocrx_word' id='word_1_813' title='bbox 2670 4900 2825 4952; x_wconf 90' lang='lat' dir='ltr'><strong>esset</strong></span> <span class='ocrx_word' id='word_1_814' title='bbox 2845 4901 2902 4952; x_wconf 91' lang='lat' dir='ltr'><strong>et</strong></span> <span class='ocrx_word' id='word_1_815' title='bbox 2923 4896 3080 4953; x_wconf 76' lang='lat' dir='ltr'><strong>filius</strong></span> <span class='ocrx_word' id='word_1_816' title='bbox 3099 4898 3375 4967; x_wconf 87' lang='lat' dir='ltr'><strong>hominis,</strong></span> <span class='ocrx_word' id='word_1_817' title='bbox 3401 4902 3508 4955; x_wconf 88' lang='lat' dir='ltr'><strong>etc.</strong></span> <span class='ocrx_word' id='word_1_818' title='bbox 3523 4915 3709 4972; x_wconf 83' lang='lat' dir='ltr'><strong>,usque</strong></span> <span class='ocrx_word' id='word_1_819' title='bbox 3727 4899 3798 4955; x_wconf 86' lang='lat' dir='ltr'><strong>ad</strong></span> <span class='ocrx_word' id='word_1_820' title='bbox 3819 4915 3954 4956; x_wconf 84' lang='lat' dir='ltr'><strong>cum</strong></span> 
     </span>
    </p>
   </div>
   <div class='ocr_carea' id='block_1_108' title="bbox 2297 4984 3952 5057">
    <p class='ocr_par' dir='ltr' id='par_1_108' title="bbox 2297 4984 3952 5057">
     <span class='ocr_line' id='line_1_108' title="bbox 2297 4984 3952 5057; baseline 0.002 -18"><span class='ocrx_word' id='word_1_821' title='bbox 2297 4984 2636 5056; x_wconf 90' lang='lat' dir='ltr'><strong>loqueretur</strong></span> <span class='ocrx_word' id='word_1_822' title='bbox 2666 4985 2726 5040; x_wconf 86' lang='lat' dir='ltr'><strong>in</strong></span> <span class='ocrx_word' id='word_1_823' title='bbox 2755 4988 2928 5040; x_wconf 89' lang='lat' dir='ltr'><strong>terra.</strong></span> <span class='ocrx_word' id='word_1_824' title='bbox 2955 4986 3202 5057; x_wconf 87' lang='lat' dir='ltr'><strong>(Id.,lib.</strong></span> <span class='ocrx_word' id='word_1_825' title='bbox 3225 5004 3327 5043; x_wconf 85' lang='lat' dir='ltr'><strong>x111</strong></span> <span class='ocrx_word' id='word_1_826' title='bbox 3357 4988 3422 5044; x_wconf 88' lang='lat' dir='ltr'><strong>de</strong></span> <span class='ocrx_word' id='word_1_827' title='bbox 3455 4988 3952 5057; x_wconf 86' lang='lat' dir='ltr'><strong>Trin.,tom.VIII,</strong></span> 
     </span>
    </p>
   </div>
   <div class='ocr_carea' id='block_1_109' title="bbox 2299 5073 2847 5146">
    <p class='ocr_par' dir='ltr' id='par_1_109' title="bbox 2299 5073 2847 5146">
     <span class='ocr_line' id='line_1_109' title="bbox 2299 5073 2847 5146; baseline -0.004 -16"><span class='ocrx_word' id='word_1_828' title='bbox 2299 5073 2409 5130; x_wconf 92' lang='lat' dir='ltr'><strong>col.</strong></span> <span class='ocrx_word' id='word_1_829' title='bbox 2445 5075 2582 5129; x_wconf 92' lang='grc'>1028</span> <span class='ocrx_word' id='word_1_830' title='bbox 2613 5077 2670 5128; x_wconf 90' lang='lat' dir='ltr'><strong>et</strong></span> <span class='ocrx_word' id='word_1_831' title='bbox 2700 5073 2847 5146; x_wconf 88' lang='lat' dir='ltr'><strong>seq.)</strong></span> 
     </span>
    </p>
   </div>
   <div class='ocr_carea' id='block_1_110' title="bbox 2369 5163 3949 5237">
    <p class='ocr_par' dir='ltr' id='par_1_110' title="bbox 2369 5163 3949 5237">
     <span class='ocr_line' id='line_1_110' title="bbox 2369 5163 3949 5237; baseline 0.001 -17"><span class='ocrx_word' id='word_1_832' title='bbox 2369 5163 2497 5220; x_wconf 90' lang='lat' dir='ltr'><strong>Una</strong></span> <span class='ocrx_word' id='word_1_833' title='bbox 2525 5163 2915 5236; x_wconf 74' lang='lat' dir='ltr'><strong>persona&#39;est</strong></span> <span class='ocrx_word' id='word_1_834' title='bbox 2964 5164 3235 5222; x_wconf 88' lang='lat' dir='ltr'><strong>Christus</strong></span> <span class='ocrx_word' id='word_1_835' title='bbox 3281 5167 3436 5223; x_wconf 88' lang='lat' dir='ltr'><strong>Deus</strong></span> <span class='ocrx_word' id='word_1_836' title='bbox 3482 5171 3540 5223; x_wconf 89' lang='lat' dir='ltr'><strong>et</strong></span> <span class='ocrx_word' id='word_1_837' title='bbox 3586 5167 3785 5234; x_wconf 89' lang='lat' dir='ltr'><strong>homo,</strong></span> <span class='ocrx_word' id='word_1_838' title='bbox 3817 5171 3949 5237; x_wconf 89' lang='lat' dir='ltr'><strong>etc.,</strong></span> 
     </span>
    </p>
   </div>
   <div class='ocr_carea' id='block_1_111' title="bbox 2298 5252 3949 5325">
    <p class='ocr_par' dir='ltr' id='par_1_111' title="bbox 2298 5252 3949 5325">
     <span class='ocr_line' id='line_1_111' title="bbox 2298 5252 3949 5325; baseline 0 -15"><span class='ocrx_word' id='word_1_839' title='bbox 2298 5269 2467 5325; x_wconf 87' lang='lat' dir='ltr'><strong>usque</strong></span> <span class='ocrx_word' id='word_1_840' title='bbox 2495 5252 2565 5308; x_wconf 84' lang='lat' dir='ltr'><strong>ad</strong></span> <span class='ocrx_word' id='word_1_841' title='bbox 2594 5269 2730 5308; x_wconf 90' lang='lat' dir='ltr'><strong>cum</strong></span> <span class='ocrx_word' id='word_1_842' title='bbox 2760 5252 3098 5324; x_wconf 90' lang='lat' dir='ltr'><strong>loqueretur</strong></span> <span class='ocrx_word' id='word_1_843' title='bbox 3127 5255 3186 5310; x_wconf 91' lang='lat' dir='ltr'>in</span> <span class='ocrx_word' id='word_1_844' title='bbox 3217 5259 3391 5312; x_wconf 86' lang='lat' dir='ltr'><strong>terra.</strong></span> <span class='ocrx_word' id='word_1_845' title='bbox 3425 5256 3560 5325; x_wconf 92' lang='lat' dir='ltr'><strong>(Id.,</strong></span> <span class='ocrx_word' id='word_1_846' title='bbox 3585 5257 3680 5312; x_wconf 89' lang='lat' dir='ltr'><strong>lib.</strong></span> <span class='ocrx_word' id='word_1_847' title='bbox 3710 5274 3750 5313; x_wconf 83' lang='grc' dir='ltr'><strong>ιι</strong></span> <span class='ocrx_word' id='word_1_848' title='bbox 3775 5265 3949 5314; x_wconf 83' lang='lat' dir='ltr'><strong>contr.</strong></span> 
     </span>
    </p>
   </div>
   <div class='ocr_carea' id='block_1_112' title="bbox 2298 5341 3240 5417">
    <p class='ocr_par' dir='ltr' id='par_1_112' title="bbox 2298 5341 3240 5417">
     <span class='ocr_line' id='line_1_112' title="bbox 2298 5341 3240 5417; baseline 0.002 -18"><span class='ocrx_word' id='word_1_849' title='bbox 2298 5344 2560 5407; x_wconf 77' lang='lat' dir='ltr'><strong>Maxim.,</strong></span> <span class='ocrx_word' id='word_1_850' title='bbox 2594 5346 2735 5397; x_wconf 92' lang='lat' dir='ltr'><strong>tom.</strong></span> <span class='ocrx_word' id='word_1_851' title='bbox 2768 5341 2919 5409; x_wconf 90' lang='lat' dir='ltr'><strong>VIII,</strong></span> <span class='ocrx_word' id='word_1_852' title='bbox 2951 5342 3059 5399; x_wconf 90' lang='lat' dir='ltr'><strong>col.</strong></span> <span class='ocrx_word' id='word_1_853' title='bbox 3091 5345 3240 5417; x_wconf 92' lang='grc'>781.)</span> 
     </span>
    </p>
   </div>
   <div class='ocr_carea' id='block_1_113' title="bbox 2368 5432 3950 5508">
    <p class='ocr_par' dir='ltr' id='par_1_113' title="bbox 2368 5432 3950 5508">
     <span class='ocr_line' id='line_1_113' title="bbox 2368 5432 3950 5508; baseline 0.002 -22"><span class='ocrx_word' id='word_1_854' title='bbox 2368 5432 2521 5487; x_wconf 88' lang='lat' dir='ltr'><strong>Sicut</strong></span> <span class='ocrx_word' id='word_1_855' title='bbox 2549 5433 2815 5502; x_wconf 86' lang='lat' dir='ltr'><strong>scriptum</strong></span> <span class='ocrx_word' id='word_1_856' title='bbox 2841 5439 2937 5497; x_wconf 89' lang='lat' dir='ltr'><strong>est,</strong></span> <span class='ocrx_word' id='word_1_857' title='bbox 2971 5436 3103 5500; x_wconf 89' lang='lat' dir='ltr'><strong>etc.,</strong></span> <span class='ocrx_word' id='word_1_858' title='bbox 3147 5451 3335 5506; x_wconf 89' lang='lat' dir='ltr'><strong>usque</strong></span> <span class='ocrx_word' id='word_1_859' title='bbox 3366 5436 3438 5491; x_wconf 90' lang='lat' dir='ltr'><strong>ad</strong></span> <span class='ocrx_word' id='word_1_860' title='bbox 3470 5437 3539 5491; x_wconf 86' lang='lat' dir='ltr'><strong>iis</strong></span> <span class='ocrx_word' id='word_1_861' title='bbox 3569 5452 3664 5508; x_wconf 80' lang='lat' dir='ltr'><strong>qui</strong></span> <span class='ocrx_word' id='word_1_862' title='bbox 3710 5436 3950 5505; x_wconf 85' lang='lat' dir='ltr'><strong>diligunt</strong></span> 
     </span>
    </p>
   </div>
   <div class='ocr_carea' id='block_1_114' title="bbox 2296 5521 3950 5597">
    <p class='ocr_par' dir='ltr' id='par_1_114' title="bbox 2296 5521 3950 5597">
     <span class='ocr_line' id='line_1_114' title="bbox 2296 5521 3950 5597; baseline 0.002 -21"><span class='ocrx_word' id='word_1_863' title='bbox 2296 5538 2440 5577; x_wconf 88' lang='lat' dir='ltr'><strong>eum.</strong></span> <span class='ocrx_word' id='word_1_864' title='bbox 2467 5521 2612 5592; x_wconf 90' lang='lat' dir='ltr'><strong>Spes</strong></span> <span class='ocrx_word' id='word_1_865' title='bbox 2641 5524 2841 5577; x_wconf 87' lang='lat' dir='ltr'><strong>nostra</strong></span> <span class='ocrx_word' id='word_1_866' title='bbox 2857 5538 2974 5576; x_wconf 90' lang='lat' dir='ltr'><strong>non</strong></span> <span class='ocrx_word' id='word_1_867' title='bbox 2997 5522 3068 5577; x_wconf 92' lang='lat' dir='ltr'>de</span> <span class='ocrx_word' id='word_1_868' title='bbox 3084 5521 3198 5579; x_wconf 90' lang='lat' dir='ltr'><strong>isto</strong></span> <span class='ocrx_word' id='word_1_869' title='bbox 3221 5527 3500 5597; x_wconf 85' lang='lat' dir='ltr'><strong>tempore,</strong></span> <span class='ocrx_word' id='word_1_870' title='bbox 3527 5529 3660 5593; x_wconf 90' lang='lat' dir='ltr'><strong>etc.,</strong></span> <span class='ocrx_word' id='word_1_871' title='bbox 3682 5541 3853 5597; x_wconf 87' lang='lat' dir='ltr'><strong>usque</strong></span> <span class='ocrx_word' id='word_1_872' title='bbox 3880 5523 3950 5580; x_wconf 84' lang='lat' dir='ltr'><strong>ad</strong></span> 
     </span>
    </p>
   </div>
   <div class='ocr_carea' id='block_1_115' title="bbox 2299 5609 3944 5687">
    <p class='ocr_par' dir='ltr' id='par_1_115' title="bbox 2299 5609 3944 5687">
     <span class='ocr_line' id='line_1_115' title="bbox 2299 5609 3944 5687; baseline 0.002 -23"><span class='ocrx_word' id='word_1_873' title='bbox 2299 5611 2370 5665; x_wconf 88' lang='lat' dir='ltr'><strong>ab</strong></span> <span class='ocrx_word' id='word_1_874' title='bbox 2403 5609 2626 5683; x_wconf 88' lang='lat' dir='ltr'><strong>origine</strong></span> <span class='ocrx_word' id='word_1_875' title='bbox 2656 5609 2883 5665; x_wconf 86' lang='lat' dir='ltr'><strong>mundi.</strong></span> <span class='ocrx_word' id='word_1_876' title='bbox 2922 5611 3051 5679; x_wconf 92' lang='lat' dir='ltr'><strong>(Id.,</strong></span> <span class='ocrx_word' id='word_1_877' title='bbox 3082 5627 3243 5668; x_wconf 90' lang='lat' dir='ltr'><strong>serm.</strong></span> <span class='ocrx_word' id='word_1_878' title='bbox 3277 5612 3342 5669; x_wconf 86' lang='lat' dir='ltr'><strong>de</strong></span> <span class='ocrx_word' id='word_1_879' title='bbox 3363 5613 3566 5670; x_wconf 88' lang='lat' dir='ltr'><strong>eisdem</strong></span> <span class='ocrx_word' id='word_1_880' title='bbox 3592 5615 3944 5687; x_wconf 82' lang='lat' dir='ltr'><strong>verb.apost.,</strong></span> 
     </span>
    </p>
   </div>
   <div class='ocr_carea' id='block_1_116' title="bbox 2298 5698 3347 5774">
    <p class='ocr_par' dir='ltr' id='par_1_116' title="bbox 2298 5698 3347 5774">
     <span class='ocr_line' id='line_1_116' title="bbox 2298 5698 3347 5774; baseline 0.001 -18"><span class='ocrx_word' id='word_1_881' title='bbox 2298 5703 2442 5756; x_wconf 91' lang='lat' dir='ltr'><strong>tom.</strong></span> <span class='ocrx_word' id='word_1_882' title='bbox 2475 5698 2544 5766; x_wconf 92' lang='lat' dir='ltr'><strong>V,</strong></span> <span class='ocrx_word' id='word_1_883' title='bbox 2578 5702 2728 5771; x_wconf 87' lang='lat' dir='ltr'><strong>part.</strong></span> <span class='ocrx_word' id='word_1_884' title='bbox 2763 5717 2801 5768; x_wconf 86' lang='lat'><strong>1,</strong></span> <span class='ocrx_word' id='word_1_885' title='bbox 2834 5699 2943 5756; x_wconf 92' lang='lat' dir='ltr'><strong>col.</strong></span> <span class='ocrx_word' id='word_1_886' title='bbox 2975 5701 3083 5756; x_wconf 91' lang='grc'><strong>705</strong></span> <span class='ocrx_word' id='word_1_887' title='bbox 3112 5706 3170 5758; x_wconf 93' lang='lat' dir='ltr'>et</span> <span class='ocrx_word' id='word_1_888' title='bbox 3198 5701 3347 5774; x_wconf 86' lang='lat' dir='ltr'><strong>seq.)</strong></span> 
     </span>
    </p>
   </div>
  </div>
