4100 6452
89 403 196 466 321

963 405 1375 467 EXPOSITIO
1421 406 1497 466 IN
1546 405 1668 465 ΕΡ.
1717 404 1974 465 PAULI.
2011 403 2236 464 —-EP.
2285 403 2307 462 Ι
2352 401 2454 463 ΑΙ)
2502 403 2677 464 COR.

3401 405 3520 466 322

157 536 342 593 Dedit
373 535 544 592 nobis
575 539 848 594 naturam
880 543 945 595 ut
973 555 1262 606 essemus,
1281 538 1441 594 dedit
1471 537 1754 606 animam,
1784 545 1840 611 Α
1938 541 2107 592 Hunc
2136 535 2411 608 spiritum
2443 537 2598 608 quod
2630 534 2715 591 illi
2741 553 2856 593 non
2889 536 3159 604 habeant,
3189 541 3278 593 etc
3309 580 3322 604 ,
3354 553 3523 609 usque

91 629 224 692 etc.,
272 641 446 698 usque
485 627 556 681 ad
586 630 646 682 et
673 627 892 684 sufﬁcit
920 627 1108 684 nobis.
1145 629 1275 701 (Id.,
1306 645 1468 684 serm.
1502 630 1560 683 in
1580 627 1763 682 natali
1871 627 1941 683 ad
1966 626 2226 693 alendos,
2261 643 2374 682 non
2409 643 2560 682 esca.
2593 627 2722 697 (Id.,
2754 644 2823 682 ex
2850 643 3012 683 serm.
3044 627 3108 683 de
3140 629 3347 700 blasph.
3371 627 3519 699 Spir.

88 732 260 781 man,
294 719 442 770 tom.
467 714 536 784 V,
571 719 722 788 part.
756 734 794 783 ι,
826 715 933 772 col.
970 717 1108 772 1460
1135 721 1194 774 et
1221 717 1367 790 seq.)

155 803 276 869 Qui
326 809 527 860 autem
590 810 981 878 susceperunt
1038 822 1265 878 pacem,
1299 811 1431 874 etc.,
1478 822 1648 878 usque
1692 804 1762 860 ad

90 893 448 950 amittamus
503 895 659 966 quod
718 912 950 952 sumus.
984 895 1095 968 (Id.
1145 903 1301 952 tract.
1362 897 1420 951 in
1467 912 1624 950 evan.
1656 911 1760 952 sec.

87 983 248 1038 Joan.
282 997 349 1049 ιι,
387 986 530 1038 tom.
561 983 658 1051 III,
690 988 840 1056 part.
878 1001 938 1052 ιι,
974 983 1084 1040 col.
1121 986 1258 1042 1393
1285 989 1343 1040 et
1374 987 1523 1056 seq.)

152 1071 335 1128 Nobis
367 1081 552 1128 autem
584 1073 863 1141 reuelauit,
897 1077 1031 1138 etc.,
1067 1089 1255 1145 usque
1303 1073 1376 1129 ad
1424 1075 1590 1129 etiam
1627 1089 1761 1144 pro-

88 1161 269 1231 funda
301 1161 422 1217 Dei.
440 1161 696 1234 Spiritus
726 1162 884 1218 enim
915 1162 1115 1218 omnia
1135 1167 1765 1234 scrutatur,etc.,usque

90 1249 156 1305 ad
187 1255 257 1306 tu
291 1267 414 1306 non
447 1249 687 1307 faceres.
720 1252 856 1322 (Id.,
883 1259 1042 1308 tract.
1076 1253 1134 1308 in
1181 1252 1325 1324 psal.
1362 1269 1457 1320 LII,
1494 1256 1635 1308 tom.
1673 1250 1762 1317 IV,

92 1343 243 1411 part.
278 1357 321 1406 ι,
359 1337 471 1395 col.
505 1338 660 1411 616.)

156 1430 298 1498 Quis
328 1431 485 1485 enim
511 1430 632 1492 scit.
666 1432 802 1495 etc.,
836 1446 1026 1502 usque
1058 1429 1132 1485 ad
1179 1431 1298 1485 nisi
1345 1431 1582 1501 spiritus
1642 1430 1763 1485 Dei.

93 1518 373 1574 Humana
401 1522 616 1574 natura
654 1523 884 1575 constat
931 1537 1000 1576 ex
1050 1536 1312 1592 corpore,
1344 1525 1480 1586 etc.,
1508 1535 1676 1591 usque
1697 1517 1769 1573 ad

93 1624 194 1680 per
225 1609 488 1680 gratiam
527 1608 646 1664 Dei.
679 1608 814 1678 (Id.,
849 1609 950 1664 lib.
985 1609 1191 1676 Quaest.
1247 1611 1307 1664 in
1357 1613 1523 1667 Num.
1555 1610 1642 1664 tit.
1679 1608 1767 1674 18,

97 1701 236 1753 tom.
275 1698 378 1766 ΙΙΙ,
411 1702 564 1770 part.
596 1712 634 1766 1,
667 1696 775 1752 col.
809 1698 956 1770 125.)

163 1785 317 1842 Cum
339 1786 594 1859 quisque
614 1787 838 1842 venerit
860 1787 932 1842 ad
960 1804 1090 1843 eam
1108 1791 1339 1844 aetatem
1363 1791 1427 1842 ut
1439 1787 1567 1858 jam
1586 1787 1775 1859 possit

100 1892 282 1948 capax
333 1876 739 1944 csserationis,
773 1880 908 1943 etc.,
942 1893 1117 1949 usque
1147 1877 1216 1932 ad
1249 1877 1441 1949 possis
1485 1875 1768 1948 accipere.

1867 724 2064 782 sanct.,
2097 720 2240 771 tom.
2273 716 2341 782 V,
2377 719 2525 787 part.
2559 733 2599 784 I,
2632 715 2742 772 col.
2777 716 2925 786 461,)

1943 806 2006 861 In
2024 805 2172 860 libro
2195 803 2295 876 qui
2323 803 2664 860 inscribitur
2681 810 2886 860 contra
2909 805 3525 871 Donatistas,comme-

1871 898 2095 950 morato
2125 894 2289 949 Judaa
2319 893 2565 966 apostoli
2615 894 2971 961 testimonio,
2993 900 3125 962 etc.,
3159 911 3329 967 usque
3360 894 3428 949 ad
3470 898 3527 949 et

1871 982 2144 1038 inventus
2199 985 2306 1038 est.
2367 982 2498 1060 (Id.,
2553 982 2649 1038 lib.
2704 999 2745 1038 ιι
2803 984 3063 1049 Retract.,
3115 987 3258 1038 tom.
3319 984 3362 1050 Ι,
3414 982 3523 1038 col.

1871 1073 2023 1140 642.)

1943 1161 2225 1234 Spiritalis
2282 1168 2463 1217 autem
2511 1161 2748 1233 judicat,
2781 1165 2913 1228 etc.,
2948 1177 3136 1233 usque
3192 1163 3265 1217 ad
3309 1177 3531 1218 sensum

1876 1251 2080 1307 Christi
2109 1250 2389 1306 habemus.
2422 1249 2494 1305 Ut
2525 1250 2680 1305 enim
2715 1265 2820 1305 nos
2851 1265 3054 1304 omnes
3093 1249 3302 1304 animae
3349 1249 3531 1304 ratio-

1876 1338 2059 1407 nales,
2111 1343 2243 1410 etc.,
2271 1355 2440 1411 usque
2487 1338 2558 1395 ad
2588 1355 2700 1394 non
2737 1339 2824 1394 fas
2854 1343 2962 1394 est.
2998 1338 3130 1407 (Id.,
3163 1338 3263 1394 lib.
3297 1339 3361 1394 de
3406 1355 3533 1393 vera

1876 1429 2072 1496 Relig.,
2109 1433 2252 1483 tom.
2289 1427 2384 1495 III,
2419 1432 2569 1499 part.
2603 1445 2641 1494 ι,
2676 1427 2784 1482 col.
2826 1429 2927 1483 147
2960 1431 3016 1483 et
3045 1428 3192 1500 seq.)

1948 1515 2252 1590 Spiritales
2281 1533 2419 1590 ergo
2442 1516 2562 1572 sive
2591 1516 2692 1588 qui
2724 1519 3003 1588 praesunt,
3030 1517 3148 1572 sive
3179 1517 3279 1589 qui
3311 1517 3533 1572 obtem-

1878 1611 2104 1679 perant,
2140 1611 2272 1675 etc.,
2295 1622 2464 1678 usque
2490 1605 2561 1661 ad
2593 1609 2939 1678 potestatem
2968 1605 3298 1678 corrigendi
3335 1605 3530 1661 habet.

1881 1696 2010 1768 (Id.,
2046 1697 2142 1750 lib.
2177 1713 2277 1750 xm
2311 1696 2550 1768 Confess.
2583 1701 2726 1750 tom.
2761 1695 2804 1764 Ι,
2839 1694 2946 1752 col.
2980 1694 3087 1750 859
3116 1699 3172 1750 et
3203 1698 3358 1766 seq.)

2523 1837 2756 1894 CAPUT
2797 1837 2892 1894 ΙΙΙ.

933 1925 1037 2022 tit?
1050 1925 1453 2036 g‘é,";O;1:'-V-I‘,
1805 1925 1852 1988 B
1953 1967 2015 2020 Et
2044 1980 2161 2033 ego,
2182 1968 2529 2036 /’ratres,non
2555 1966 2712 2036 potui
2739 1965 2893 2035 loqui
2917 1965 3064 2020 vobis
3095 1965 3257 2034 quasi
3274 1964 3541 2035 spiritali-

101 2057 247 2127 seq.)

168 2143 599 2216 Unusquisque
621 2143 796 2200 homo
821 2161 936 2200 non
960 2144 1224 2210 habet,in
1243 2160 1326 2212 se,
1351 2147 1488 2211 etc.,
1507 2160 1675 2216 usque
1702 2143 1772 2199 ad

99 2233 318 2289 donata
349 2236 493 2288 sunt
522 2232 711 2289 nobis.
733 2233 864 2306 (Id.,
889 2242 1047 2289 tract.
1072 2234 1142 2288 32
1162 2235 1220 2289 in
1241 2250 1433 2302 evang.
1459 2249 1564 2289 sec.
1586 2236 1768 2302 Joan.,

99 2325 238 2378 tom.
278 2321 380 2389 ΙΙΙ,
415 2325 565 2394 part.
600 2338 662 2390 ιι,
697 2321 803 2377 col.
843 2322 1026 2394 1644.)

167 2411 343 2477 Quod
374 2410 535 2466 enim
566 2411 636 2466 de
667 2415 830 2482 patre
863 2416 1068 2466 natum
1105 2416 1214 2479 est,
1249 2412 1320 2466 ad
1353 2415 1601 2483 patrem,
1636 2419 1768 2479 etc.,

102 2517 271 2574 usque
320 2500 395 2555 ad
436 2500 562 2571 jam
595 2500 700 2555 tibi
734 2500 889 2556 dedi.
924 2501 1056 2571 (Id.,
1091 2501 1188 2556 lib.
1227 2519 1280 2557 IX
1309 2501 1374 2557 de
1418 2502 1592 2569 Trin.,
1624 2504 1768 2557 tom.

102 2590 253 2656 VIII,
286 2588 404 2644 col.
437 2589 588 2661 921.)

172 2680 364 2735 Nemo
383 2678 543 2733 enim
565 2678 676 2735 scit
698 2679 840 2750 quid
872 2681 1080 2751 agatur
1099 2679 1158 2734 in
1190 2679 1448 2747 homine,
1464 2683 1774 2751 etc.,usque

107 2769 176 2824 ad
207 2767 337 2824 noti
361 2784 592 2823 sumus.
629 2768 760 2840 (Id.,
794 2769 891 2823 lib.
928 2768 997 2824 ad
1027 2770 1253 2824 Paulin.
1287 2770 1351 2825 de
1379 2769 1608 2826 videndo
1643 2775 1771 2836 Deo,

109 2862 255 2913 tom.
291 2856 369 2927 II,
401 2855 509 2912 col.
544 2857 696 2928 602.)

179 2947 318 3002 Haec
350 2950 440 3002 est
460 2949 658 3002 autem
686 2946 806 3002 vita
834 2951 1143 3014 aeterna,ut
1162 2951 1517 3020 cognoscant
1537 2952 1612 3017 te,
1637 2953 1770 3016 etc.,

109 3052 284 3109 usque
339 3035 410 3090 ad
456 3043 510 3091 et
562 3053 730 3092 renes
777 3036 900 3092 Dei.
934 3037 1062 3110 (Id.,
1098 3037 1193 3094 lib.
1230 3054 1266 3093 ιι
1317 3046 1488 3094 contr.
1523 3037 1770 3105 Maxim.,

106 3131 254 3182 tom.
287 3125 441 3194 VIII,
474 3125 582 3181 col.
616 3125 766 3197 771.)

180 3216 291 3271 Nos
325 3223 509 3270 autem
531 3217 812 3287 spiritum,
836 3221 968 3284 etc.,
1002 3233 1168 3289 usque
1199 3217 1269 3272 ad
1295 3232 1420 3289 qum
1446 3234 1480 3272 a
1519 3223 1621 3274 Deo
1669 3217 1772 3273 do-

1883 2055 1999 2120 bus,
2021 2070 2076 2109 se
2106 2055 2269 2125 quasi
2294 2054 2633 2108 carnalibus.
2663 2053 2765 2107 Est
2793 2056 2991 2107 autem
3038 2051 3303 2124 quaestio,
3339 2057 3538 2107 utrum

1883 2141 2178 2214 spiritales
2209 2142 2476 2197 homines
2508 2141 2761 2197 habeant
2783 2140 3004 2212 aliquid
3030 2141 3088 2196 in
3111 2141 3536 2210 doctrina,etc.,

1880 2249 2048 2304 usque
2077 2231 2146 2286 ad
2178 2248 2282 2304 ego
2313 2248 2446 2287 sum
2477 2230 2711 2287 Christi.
2745 2230 2876 2303 (Id.,
2901 2238 3062 2285 tract.
3095 2229 3165 2284 98
3208 2232 3266 2285 in
3316 2233 3536 2300 Evang.

1880 2338 1983 2378 sec.
2014 2323 2201 2389 Joan.,
2234 2325 2377 2376 tom.
2414 2321 2511 2384 III,
2546 2323 2694 2392 part.
2731 2336 2788 2387 ιι,
2821 2318 2930 2375 col.
2956 2319 3095 2374 1880
3124 2323 3182 2375 et
3203 2323 3350 2391 seq.)

1954 2409 2167 2465 Filium
2198 2408 2472 2478 hominis,
2505 2408 2565 2464 id
2597 2411 2685 2464 est
2731 2407 3032 2464 hominem
3083 2425 3318 2476 novum,
3355 2407 3540 2480 poeni-

1881 2499 2064 2554 tentia
2091 2499 2300 2554 veteris
2329 2497 2600 2570 parturit,
2625 2501 2758 2565 etc.,
2793 2513 2962 2569 usque
2990 2496 3059 2551 ad
3085 2498 3411 2552 secundum
3444 2497 3542 2552 ho-

1882 2589 2104 2644 minem
2135 2587 2473 2644 ambulatis.
2507 2587 2639 2658 (Id.,
2673 2594 2829 2642 tract.
2863 2587 2922 2642 in
2949 2587 3094 2658 psal.
3127 2603 3248 2654 VIII,
3276 2591 3416 2643 tom.
3446 2585 3538 2655 IV,

1883 2682 2031 2750 part.
2069 2695 2109 2749 1,
2143 2676 2254 2733 col.
2290 2678 2393 2733 113
2423 2682 2483 2732 et
2509 2676 2656 2748 seq,)

1955 2767 2104 2839 Ipsis
2134 2768 2382 2822 libenter
2411 2765 3136 2836 audientibus,etc.,usque
3163 2764 3233 2820 ad
3263 2781 3456 2820 cresce
3479 2769 3544 2820 ut

1883 2857 2101 2928 capias.
2136 2857 2270 2926 (Id.,
2295 2864 2450 2911 tract.
2487 2857 2543 2911 in
2572 2855 2714 2927 psal.
2745 2871 2978 2926 xxxvm,
3011 2860 3154 2909 tom.
3190 2853 3284 2926 IV,
3316 2859 3465 2926 part.
3499 2871 3539 2922 ι,

1884 2944 1992 3002 col.
2030 2946 2182 3013 415.)

1952 3033 2218 3089 Audistis
2241 3050 2375 3089 cum
2387 3032 2701 3106 Apostolus
2719 3032 3180 3105 legeretur:Non
3201 3031 3542 3104 potuivobis

1884 3123 2045 3194 loqui
2079 3123 2248 3195 quasi
2279 3122 2664 3195 spiritalibus,
2699 3127 2837 3189 etc.,
2853 3139 3024 3194 usque
3045 3122 3115 3176 ad
3138 3125 3194 3176 et
3223 3138 3448 3177 crcsces
3470 3122 3542 3176 ad

1884 3213 1941 3268 id
1979 3213 2133 3284 quod
2166 3217 2273 3268 est.
2308 3213 2600 3284 (Id.,tract.
2622 3213 2682 3266 in
2699 3209 3296 3284 psal.cxvm,tom.IV.
3317 3216 3538 3282 part.n,

109 3313 252 3361 nata
293 3312 422 3360 sunt
469 3306 649 3361 nobis.
681 3304 775 3360 Ait
822 3305 1129 3375 Dominus,
1163 3307 1302 3378 quia
1351 3323 1555 3363 servus
1587 3305 1774 3362 nescit
1805 3299 1846 3365 C
1885 3301 1993 3358 col.
2029 3303 2161 3357 1551
2195 3306 2252 3357 et
2277 3304 2428 3373 seq.)

116 3394 263 3467 quid
319 3393 514 3460 faciat,
546 3397 679 3462 etc.,
711 3412 884 3468 usque
925 3395 994 3451 a'l
1049 3395 1109 3450 in
1167 3396 1417 3452 Domino
1476 3395 1776 3468 glorietur.

114 3484 253 3556 (Id.,
286 3491 444 3539 tract.
477 3485 549 3539 85
578 3485 638 3539 in
666 3485 874 3555 Evang.
906 3501 1010 3541 sec.
1042 3487 1220 3553 Joan.,
1254 3489 1396 3541 tom.
1432 3485 1690 3557 IlI,part.
1714 3502 1776 3552 ιι,

116 3573 232 3629 col.
267 3572 410 3628 1849
436 3577 493 3628 et
524 3574 672 3647 seq.)

187 3663 326 3719 Haec
347 3663 502 3718 dona
522 3663 623 3719 Dei
644 3681 772 3720 esse
794 3667 1012 3736 quanto
1034 3664 1224 3737 magis
1245 3664 1422 3730 nosti,
1454 3668 1588 3732 etc.,
1610 3681 1782 3736 usque

114 3752 187 3807 ad
205 3752 700 3808 commendantur
716 3752 1006 3826 agnoscis.
1022 3753 1154 3824 (Id.,
1169 3754 1252 3808 Ea:
1272 3754 1369 3810 lib.
1391 3753 1455 3809 de
1473 3755 1622 3810 Dono
1641 3754 1775 3823 vid.,

111 3848 263 3898 tom.
295 3841 394 3911 VI,
429 3841 537 3897 col.
571 3843 678 3896 442
705 3847 762 3897 et
794 3843 941 3914 seq.)

185 3929 299 3994 Qui
321 3928 477 3984 enim
512 3929 689 3986 habet
709 3931 946 3986 dabitur
960 3930 1034 3998 ei,
1054 3934 1186 3999 etc.,
1216 3947 1384 4002 usque
1412 3931 1482 3986 ad
1521 3934 1660 3986 sunt
1689 3931 1778 3986 in-

108 4021 337 4077 felices.
371 4019 499 4091 (ld.,
532 4027 688 4075 tract.
720 4020 784 4075 de
809 4022 990 4076 natali
1015 4027 1181 4076 mart.
1213 4021 1471 4092 Massyl.,
1505 4026 1650 4076 tom.
1685 4023 1776 4089 V.,

108 4114 267 4184 part.
306 4125 346 4174 ι,
379 4106 490 4164 col.
526 4108 708 4181 1287.)

189 4199 330 4267 Quae
357 4206 408 4254 et
440 4199 740 4270 loquimur,
773 4202 906 4266 etc.,
941 4215 1130 4272 usque
1160 4199 1232 4254 ad
1259 4200 1540 4270 spiritalia
1562 4216 1778 4271 compa-

107 4298 323 4344 rantes.
341 4288 695 4361 Intelligitur
717 4288 890 4346 Jesus
921 4288 1243 4361 discipulos
1273 4306 1412 4344 suos
1443 4289 1514 4344 de
1537 4287 1782 4344 carnali-

110 4380 252 4446 bus,
286 4383 423 4445 etc.,
452 4394 623 4450 usque
650 4377 721 4434 ad
768 4379 1008 4435 omnino
1057 4395 1186 4434 esse
1238 4379 1609 4434 convincunt.
1646 4378 1777 4450 (Id.,

111 4476 275 4524 tract.
317 4467 421 4522 102
465 4469 524 4522 in
570 4470 785 4540 Evang.
817 4485 921 4524 sec.
967 4472 1158 4537 J0an.,
1190 4471 1333 4523 tom.
1385 4467 1481 4537 III,
1517 4473 1665 4540 part.
1718 4484 1775 4539 ιι,

112 4558 226 4615 col.
274 4558 417 4612 1897
445 4561 503 4613 et
531 4560 683 4629 seq.)

187 4649 358 4738 Tuus
381 4651 470 4702 est
499 4616 786 4712 diesi'QuI
821 4651 961 4703 sunt
991 4648 1110 4715 isti,
1139 4616 1274 4714 etc.,
1307 4663 1477 4718 usque
1526 4647 1597 4702 ad
1639 4645 1780 4738 luna
1813 4673 1856 4738 Β

111 4735 436 4794 consolans
468 4742 717 4792 noctem.
743 4737 873 4810 (Id.,
893 4745 1049 4794 tract.
1078 4739 1138 4793 in
1153 4737 1297 4809 psal.
1323 4740 1666 4806 Lxxm,tom.
1683 4735 1777 4805 IV,

111 4832 267 4900 part.
308 4843 346 4892 ι,
379 4825 490 4881 col.
523 4827 672 4900 940.)

179 4918 464 4973 Animalis
487 4925 692 4989 autem,
725 4921 860 4986 etc.,
888 4934 1077 4990 usque
1107 4916 1179 4972 ad
1209 4916 1536 4988 spiritaliter
1568 4916 1779 4971 exami-

112 5016 306 5063 natur.
339 5005 403 5062 In
433 5005 564 5079 ipsa
593 5012 751 5063 sorte
783 5007 1160 5064 mortalitatis
1191 5011 1400 5062 nostra;
1435 5022 1503 5060 ex
1541 5023 1658 5076 qua
1711 5005 1782 5060 de

113 5098 310 5154 Adam
341 5096 660 5165 nascimur,
695 5103 830 5167 etc.,
881 5114 1051 5169 usque
1081 5096 1152 5152 ad
1181 5112 1386 5152 omnes
1428 5095 1777 5150 scribentur.

114 5187 248 5259 (Id.,
287 5185 386 5240 lib.
412 5203 430 5240 ι
461 5185 526 5242 de
553 5189 858 5259 Baptismo,
891 5191 1034 5242 tom.
1074 5185 1162 5254 IX,
1198 5184 1305 5240 col.
1340 5183 1446 5239 122
1475 5187 1532 5239 et
1561 5183 1706 5255 seq.)

184 5274 337 5343 Quis
359 5279 554 5331 autem
587 5277 840 5333 carnalis
869 5281 926 5333 et
950 5274 1225 5332 animalis
1247 5274 1442 5341 homo,
1461 5278 1594 5340 etc.,
1614 5289 1782 5345 usque

113 5366 182 5421 ad
223 5365 395 5421 omni
424 5370 594 5422 vento
641 5367 938 5423 doctrina.
963 5367 1096 5437 (Id.,
1131 5366 1230 5420 lib.
1264 5381 1327 5420 ιιι
1374 5363 1439 5420 de
1481 5364 1778 5435 Baptismo,

112 5462 260 5512 tom.
302 5455 394 5522 ΙΧ,
427 5455 536 5512 col.
574 5457 678 5513 146
707 5461 764 5514 et
795 5456 942 5530 seq.)

181 5544 298 5611 Qui
331 5561 468 5618 ergo
489 5545 627 5602 vivit
657 5564 726 5602 ex
755 5563 1016 5620 corpore,
1043 5544 1294 5602 carnalis
1313 5543 1510 5609 homo,
1534 5545 1670 5611 etc.,
1691 5559 1781 5599 us-

111 5651 217 5709 que
252 5634 326 5690 ad
356 5633 583 5692 nullam
615 5634 1377 5709 patietur.(ld.,lib.Quavst.
1404 5634 1495 5703 88,
1518 5633 1775 5703 tom.III,

111 5730 271 5802 part.
306 5741 370 5797 ιι,
403 5723 510 5784 col.
547 5727 682 5785 1881
706 5731 764 5785 et
796 5731 946 5802 seq.)

1968 3394 2243 3463 Tanquam
2267 3391 2539 3463 parvulis,
2563 3395 2698 3458 etc.,
2716 3405 2905 3462 usque
2926 3389 2997 3444 ad
3030 3388 3208 3444 adhuc
3237 3391 3386 3444 enim
3415 3391 3542 3444 estis

1887 3482 2156 3537 carnales.
2191 3480 2300 3536 Ubi
2333 3480 2571 3549 dicitur,
2597 3473 2860 3535 nondum
2882 3477 2969 3534 vel
3002 3494 3118 3533 non
3157 3478 3369 3545 adhuc,
3402 3495 3540 3550 pro-

1890 3572 2037 3626 fecto
2068 3587 2184 3625 non
2217 3570 2580 3642 desperatur,
2613 3572 2745 3637 etc.,
2768 3585 2937 3640 usque
2965 3567 3033 3623 ad
3085 3566 3264 3640 fugiet
3316 3566 3540 3621 ﬁctum.

1891 3661 2198 3733 (Id.,ser-m.
2225 3660 2287 3715 de
2333 3659 2546 3732 blasph.
2581 3660 2730 3731 Spir.
2780 3666 2978 3728 sanct.,
3021 3661 3164 3713 tom.
3197 3656 3265 3711 V.
3319 3660 3468 3728 part.
3503 3673 3541 3725 1,

1890 3749 1996 3805 col.
2034 3751 2140 3805 462
2169 3753 2227 3804 et
2257 3748 2404 3820 seq.)

1961 3842 2086 3896 Non
2118 3857 2322 3895 omnes
2353 3856 2501 3910 quos
2532 3837 2778 3894 ecclesia
2806 3841 3065 3910 generat,
3106 3837 3176 3892 ad
3208 3837 3335 3908 ejus
3365 3833 3542 3907 perti-

1891 3935 2030 3986 nent
2061 3928 2369 3995 unitatem,
2388 3932 2711 3999 etc.,usque
2733 3927 2802 3982 ad
2832 3926 3133 3982 vinculum
3165 3925 3542 3997 pertinerent.

1891 4019 2020 4092 (Id.,
2057 4019 2152 4074 lib.
2188 4035 2202 4073 ι
2233 4017 2297 4074 de
2331 4022 2460 4089 Bap.
2488 4033 2670 4088 parv.,
2705 4019 2845 4071 tom.
2875 4015 2966 4082 IX,
3002 4013 3109 4070 col.
3149 4013 3295 4086 117.)

1959 4109 2076 4164 Hoc
2102 4125 2136 4162 a
2167 4106 2398 4179 magnis
2429 4109 2485 4161 et
2509 4104 2874 4178 spiritalibus
2904 4103 3042 4159 viris
3059 4101 3327 4158 Ecclesiae
3352 4101 3546 4157 catho-

1888 4198 2012 4254 licae
2043 4195 2344 4262 aluminis,
2377 4199 2514 4263 etc.,
2542 4210 2711 4266 usque
2769 4194 2839 4248 ad
2882 4192 3184 4248 inferiores
3233 4190 3542 4261 adjuverit.

1892 4287 2020 4360 (Id.,
2056 4287 2154 4342 lib.
2188 4285 2252 4340 de
2277 4300 2406 4339 vera
2437 4285 2635 4352 Itelig.,
2669 4286 2810 4338 tom.
2846 4281 2943 4351 III,
2979 4283 3127 4352 part.
3161 4296 3200 4346 ι,
3236 4278 3343 4334 col.
3397 4278 3544 4350 143.)

1960 4380 2120 4431 IEtas
2151 4373 2414 4446 corporis
2444 4389 2561 4428 non
2611 4375 2700 4427 est
2748 4371 2808 4426 in
2855 4369 3172 4436 voluntate,
3207 4371 3343 4435 etc.,
3375 4383 3548 4438 usque

1889 4466 1958 4521 ad
1985 4469 2049 4521 ut
2080 4480 2228 4536 pane
2274 4465 2495 4535 pascat.
2532 4460 2663 4533 (Id.,
2697 4467 2853 4515 tract.
2886 4460 3044 4531 epist.
3076 4457 3236 4514 Joan.
3271 4461 3415 4512 tom.
3446 4455 3543 4524 ΙΙΙ,

1889 4559 2036 4628 part.
2066 4569 2128 4622 ιι,
2165 4552 2274 4608 col.
2310 4552 2449 4606 1997
2478 4554 2536 4605 et
2564 4553 2710 4621 seq.)

1961 4642 2322 4708 Quibusdam
2372 4638 2624 4694 inﬁrmis
2685 4638 2825 4694 dicit
2879 4635 3214 4710 Apostolus.
3239 4635 3352 4691 Lac
3381 4634 3546 4691 vobis

1891 4739 2094 4807 potum
2127 4731 2283 4798 dedi,
2315 4734 2451 4797 etc.,
2482 4745 2653 4800 usque
2699 4727 2770 4783 ad
2822 4744 2938 4783 non
2984 4727 3327 4783 recedamus
3370 4743 3404 4779 a
3432 4725 3547 4780 ﬁde

1891 4823 2059 4879 lactis
2088 4821 2291 4877 nostri.
2326 4820 2459 4890 (Id.,
2493 4826 2650 4873 tract.
2679 4818 2821 4890 psal.
2849 4820 3170 4884 cxxx,tom.
3189 4818 3284 4883 IV,
3309 4819 3456 4888 part.
3479 4829 3542 4870 ιι.

1891 4912 2000 4970 col.
2037 4913 2174 4968 1710
2205 4914 2261 4966 et
2293 4911 2442 4980 seq.)

1963 5004 2105 5059 Cum
2133 5002 2283 5056 enim
2309 5001 2381 5054 sit
2411 5000 2558 5054 inter
2583 5013 2673 5052 vos
2692 4997 2906 5052 zelus...
2923 5010 3102 5051 nonne
3122 4994 3366 5050 homines
3381 4988 3544 5046 estis?

1891 5093 2052 5156 Quod
2078 5107 2213 5163 ergo
2245 5091 2335 5144 est
2366 5085 2669 5143 ambulare
2708 5085 3033 5141 secundum
3082 5080 3401 5147 hominem,
3434 5078 3543 5132 hoc

1891 5185 1980 5237 est
2027 5195 2156 5235 esse
2211 5175 2532 5244 carnalem,
2565 5179 2700 5243 etc.,
2731 5189 2899 5246 usque
2944 5172 3013 5227 ad
3051 5171 3100 5226 si
3151 5167 3429 5236 vixeritis,
3462 5165 3542 5222 dii

1891 5271 2054 5327 estis.
2090 5268 2222 5340 (Id.,
2256 5267 2350 5322 lib.
2385 5284 2478 5322 xxv
2525 5265 2589 5320 de
2626 5266 2789 5329 Civil,
2821 5263 2938 5330 Dei,
2971 5265 3113 5316 tom.
3147 5258 3272 5327 VII,
3305 5255 3414 5313 col.
3439 5257 3544 5311 407

1890 5365 1948 5417 et
1976 5359 2124 5430 seq.)

1963 5376 2309 5519 Eiidem.»
2344 5453 2422 5502 est
2466 5443 2722 5517 Apollo...
2751 5443 2893 5498 Deus
2943 5441 3340 5494 incrementum
3375 5435 3540 5490 dedit.

1889 5542 2007 5614 Ego
2035 5556 2190 5606 sum,
2225 5535 2418 5608 inquit
2451 5533 2758 5600 Dominus,
2789 5529 2923 5585 vitis
2952 5546 3108 5595 vera,
3125 5531 3444 5596 etc.,usque
3473 5523 3543 5580 ad

1889 5632 1962 5688 ad
2009 5626 2326 5703 agricolam
2371 5623 2740 5680 Trinitatem.
2769 5621 2904 5692 (Id.,
2935 5625 3088 5676 tract.
3123 5618 3194 5673 80
3235 5617 3298 5672 in
3342 5616 3540 5689 Epist.,

1886 5737 1990 5781 sec.
2021 5723 2203 5786 Joan.,
2233 5721 2376 5774 tom.
2407 5716 2509 5781 III,
2541 5714 2692 5787 part.
2718 5729 2780 5782 ιι,
2815 5710 2922 5770 col.
2957 5708 3096 5768 1839
3125 5709 3184 5764 et
3212 5706 3360 5781 seq.)
