4100 6436
541 396 663 456 323

1746 391 1976 454 FLOHI
2021 388 2339 452 DIACONI
2384 387 2761 451 MUNAGHI.

3845 383 3979 446 324

616 525 865 583 Interior
913 540 1053 599 ergo
1104 524 1387 598 magister
1433 528 1524 580 est
1572 524 1674 597 qui
1713 524 1898 580 docet.
1932 522 2204 579 Christus
2232 522 2287 589 Α
2318 524 2475 577 stum
2500 536 2672 593 usque
2700 519 2770 577 ad
2799 519 3043 576 forsitan
3089 534 3293 576 verum
3337 521 3447 575 est.
3491 516 3692 589 (Idem.
3743 514 3847 572 lib.
3904 516 3979 573 de

546 616 731 686 docet,
765 618 923 671 etc...
956 614 1059 688 qui
1087 612 1320 670 diabolo
1351 630 1467 670 non
1497 613 1774 686 prasbent.
1807 613 1940 681 (Id.,
1965 620 2122 668 tract.
2138 613 2200 667 in

542 708 703 779 epist.
733 705 918 772 Joan.,
949 708 1094 761 tom.
1125 707 1226 773 III,
1260 706 1410 776 part.
1446 719 1508 772 11,
1544 701 1654 758 col.
1683 701 1869 774 2004.)

613 791 931 866 Apostolus
978 792 1318 848 discernens
1361 790 1608 847 interius
1666 790 1852 847 Deum
1902 794 2198 849 oreantem

544 885 724 956 atque
755 883 1125 950 formantem,
1160 883 1293 947 etc.,
1337 896 1507 952 usque
1557 880 1630 936 ad
1668 884 1836 936 terra:
1887 878 2203 952 agricultu-

545 988 675 1027 ram
722 971 855 1041 (Id.,
890 971 987 1027 lib.
1034 987 1098 1026 111
1150 969 1216 1027 de
1267 970 1439 1037 Trin.,
1472 975 1614 1026 tom.
1650 970 1804 1037 VIII,
1836 966 1944 1025 col.
1990 969 2096 1023 876
2144 971 2201 1024 et

544 1062 696 1132 seq.)

615 1148 676 1204 Si
723 1146 900 1204 fuerit
949 1150 1153 1219 justus
1204 1146 1491 1215 minister,
1525 1150 1802 1219 computo
1851 1144 2018 1202 illum
2061 1162 2197 1203 cum

543 1235 742 1304 Paulo,
774 1241 909 1306 etc.,
942 1253 1116 1310 usque
1138 1236 1210 1292 ad
1241 1253 1360 1291 non
1392 1239 1588 1292 tamen
1616 1236 1906 1309 inquinat.
1937 1236 2018 1305 (S.
2048 1238 2196 1309 Aug.

539 1333 697 1382 tract.
727 1326 765 1382 5
794 1327 855 1381 in
885 1331 1093 1398 Evang.
1124 1342 1212 1382 sec
1237 1330 1428 1395 Joan.,
1462 1328 1607 1382 tom.
1641 1326 1744 1394 llI,
1793 1329 1941 1399 part.
1991 1343 2052 1395 11,
2086 1324 2194 1382 col.

542 1415 681 1471 1418
704 1418 761 1471 et
792 1415 941 1489 seq.)

610 1503 759 1568 Quid
788 1503 1019 1560 volebat
1065 1504 1291 1577 Simon,
1325 1502 1438 1560 nisi
1483 1503 1714 1560 laudari
1760 1503 1822 1560 in
1872 1502 2195 1572 miraculis,

537 1596 676 1660 etc.,
703 1609 875 1666 usque
905 1593 975 1649 ad
1000 1593 1288 1649 aediﬁcare
1316 1593 1607 1665 cupiebat.
1641 1593 1772 1666 (Id.,
1790 1609 1953 1650 serm.
1979 1592 2043 1649 de
2062 1592 2194 1649 Kal.

536 1682 688 1749 Jan.,
721 1685 864 1738 tom.
896 1681 968 1753 V,
1000 1686 1151 1755 part.
1184 1699 1224 1748 1,
1258 1680 1366 1738 col.
1400 1682 1583 1754 1024.)

610 1771 797 1843 Itaque
824 1787 997 1843 neque
1026 1773 1123 1843 qui
1145 1772 1381 1843 plantat,
1406 1775 1540 1840 etc.,
1575 1788 1764 1843 usque
1794 1773 1866 1828 ad
1898 1773 2199 1828 incremen-

686 1860 781 1917 dat
809 1864 977 1917 Deus.
998 1860 1213 1917 Omnes
1234 1859 1411 1961 reg-ni.
1427 1860 1587 1917 illius
1616 1860 2197 1961 hominesdoci‘biles
2229 1895 2278 1961 Β

540 1949 643 2006 Dei
674 1953 866 2017 erunt,
901 1954 1032 2017 etc.,
1065 1965 1234 2022 usque
1279 1949 1350 2006 ad
1397 1949 1825 2006 incrementum
1874 1950 1977 2006 dat
2022 1950 2196 2007 Deus.

542 2038 672 2110 (Id.,
705 2046 862 2095 tract.
895 2039 966 2093 26
996 2040 1058 2094 in
1082 2039 1288 2110 Evang.
1320 2055 1425 2095 sec.
1454 2040 1613 2097 Joan.
1647 2043 1786 2095 tom.
1820 2039 1916 2107 III,
1942 2043 2090 2112 part.
2134 2057 2196 2106 11,

540 2126 651 2184 col.
683 2129 822 2185 1609
853 2133 911 2184 et
940 2129 1090 2200 seq.)

610 2217 860 2283 Quidam
892 2221 1123 2290 putant,
1156 2234 1291 2274 cum
1322 2217 1557 2291 aliquos
1591 2219 1664 2275 ad
1688 2217 1982 2290 justitiam
2015 2219 2198 2291 pieta-

538 2310 778 2379 temque
801 2306 1203 2376 exhortantur,
1236 2312 1370 2374 etc.,
1403 2324 1574 2380 usque
1613 2307 1684 2363 ad
1712 2306 1960 2364 latenter
1988 2324 2199 2381 opera-

541 2400 721 2452 retur.
754 2396 884 2469 (Id.,
918 2396 1019 2452 lib.
1051 2396 1117 2452 de
1145 2401 1296 2453 Bono
1324 2396 1543 2466 viduit.,
1569 2400 1711 2453 tom.
1745 2396 1842 2464 VI,
1873 2396 1981 2453 col.
2015 2396 2123 2452 444
2142 2400 2200 2453 et

543 2485 694 2557 seq)

611 2574 724 2643 Qui
773 2575 1079 2646 plantat....
1131 2573 1433 2630 secundum
1477 2591 1640 2630 suum
1698 2574 1958 2631 laborem.
1992 2575 2197 2632 Nescio

541 2666 742 2718 utrum
775 2662 1108 2719 inveniatur
1155 2663 1217 2718 in
1265 2663 1583 2735 Scripturis
1632 2662 1874 2732 dictum,
1910 2670 1974 2719 ut
2012 2681 2197 2721 unum

542 2750 681 2823 sint,
714 2755 847 2819 etc.,
877 2769 1050 2827 usque
1094 2751 1164 2809 ad
1193 2756 1251 2808 et
1281 2769 1387 2808 nos
1429 2769 1614 2808 unum
1666 2770 1896 2809 sumus.
1928 2754 2062 2827 (Id.,
2095 2755 2194 2811 lib.

541 2859 596 2898 v1
618 2841 684 2898 de
719 2843 893 2911 Trin.,
928 2847 1073 2899 tom.
1105 2841 1259 2909 VIII,
1290 2839 1402 2897 col.
1432 2841 1583 2914 926.)

612 2932 719 2987 Dei
744 2931 1268 3001 enim....ediﬁcatio
1295 2933 1442 2987 estis.
1457 2930 1839 3004 Apertissime
1859 2931 2013 2989 Deus
2031 2932 2200 2991 Pater

541 3019 734 3076 dictus
767 3024 857 3076 est
890 3019 1188 3094 agricola.,
1218 3024 1356 3089 etc.,
1383 3037 1552 3093 usque
1599 3020 1668 3076 ad
1716 3020 1971 3093 agricola
2003 3026 2202 3080 noster

542 3113 651 3166 est.
683 3109 815 3182 (Id.,
842 3116 999 3165 tract.
1032 3110 1094 3165 in
1134 3110 1279 3182 psal.
1333 3126 1481 3177 1.xv1,
1512 3112 1654 3165 tom.
1708 3110 1802 3177 IV,
1837 3114 1985 3184 part.
2017 3128 2056 3182 1,
2086 3112 2193 3168 col.

540 3198 691 3270 802.)

2310 612 2469 667 Civit.
2503 611 2622 679 Dei,
2657 613 2800 666 tom.
2832 607 2952 675 VII,
2987 608 3097 664 col.
3128 608 3238 664 743
3266 610 3323 663 et
3351 610 3501 681 seq.)

2377 697 2641 766 Domine,
2674 715 2747 755 ne
2772 698 2832 753 in
2863 696 3265 770 indignatione
3296 712 3511 771 arguas
3535 712 3649 765 me,
3675 710 3851 769 usque
3899 693 3978 750 ad

2308 802 2382 842 ne
2421 784 2523 842 illa
2566 785 2833 860 graviora
2885 784 3203 858 patiantur.
3238 784 3443 857 (Idem,
3474 786 3536 840 in
3575 784 3718 857 psal.
3764 800 3967 851 Πανί,

2308 879 2451 932 tom.
2485 875 2580 942 IV,
2613 879 2763 948 part.
2792 893 2836 943 1,
2865 873 2974 930 col.
3008 873 3116 930 389
3142 878 3200 930 et
3228 876 3378 946 seq.)

2377 966 2525 1021 Aves
2567 968 2766 1020 autem
2819 980 2936 1020 non
2981 962 3199 1019 divisit.
3230 961 3533 1035 Spiritales
3580 980 3697 1019 non
3746 961 3977 1019 habent

2308 1053 2654 1110 divisionem
2673 1069 2845 1126 usque
2873 1052 2943 1109 ad
2971 1052 3409 1126 quodammodo
3431 1051 3736 1125 eliquabit.
3756 1052 3972 1124 (Idem,

2308 1144 2370 1198 in
2392 1144 2533 1216 psal.
2565 1160 2679 1213 c111,
2708 1147 2852 1199 tom.
2886 1142 2977 1209 IV,
3011 1146 3161 1214 part.
3193 1160 3256 1210 11,
3285 1140 3397 1198 col.
3434 1142 3575 1198 1362
3602 1144 3660 1197 et
3688 1145 3842 1213 seq.)

2378 1234 2608 1290 Nescitis
2634 1234 2732 1304 qui
2759 1233 3021 1305 templum
3047 1232 3147 1288 Dei
3173 1232 3323 1298 estis,
3352 1239 3403 1287 et
3429 1231 3658 1302 spiritus
3689 1232 3794 1287 Dei
3810 1231 3975 1286 habi-

2306 1329 2385 1379 tat
2414 1323 2475 1378 in
2490 1323 2658 1377 vobis.
2674 1321 2890 1379 Omnes
2907 1321 3099 1377 adhuc
3118 1320 3422 1387 infirmi,et
3441 1320 3773 1377 secundum
3788 1320 3973 1376 ﬁdem

2306 1409 2677 1467 ambulantes
2720 1410 3049 1467 secundum
3104 1410 3281 1466 ﬁdem
3331 1407 3619 1481 templum
3668 1407 3771 1465 Dei
3822 1412 3973 1464 sunt

2305 1516 2476 1573 usque
2504 1500 2575 1556 ad
2604 1500 2730 1574 ipse
2775 1499 2906 1557 illos
2956 1498 3235 1556 continet.
3269 1498 3475 1572 (Idem,
3508 1500 3569 1553 in
3611 1498 3755 1571 psal.
3791 1512 3969 1567 cxxu,

2305 1593 2447 1646 tom.
2483 1588 2578 1656 IV,
2612 1593 2761 1662 part.
2800 1605 2861 1656 11,
2895 1587 3005 1645 col.
3041 1587 3223 1659 1632.)

2378 1678 2685 1750 Suscipere
2712 1683 2770 1734 te
2802 1677 2948 1735 dicis
2978 1678 3135 1750 quod
3166 1675 3406 1750 protuli.
3431 1675 3679 1733 Nescitis
3709 1677 3972 1750 usquead

2307 1767 2446 1824 sede
2473 1767 2654 1823 efﬁcit
2702 1767 2932 1840 dignos.
2969 1767 3172 1838 (Idem,
3206 1766 3308 1822 lib.
3342 1774 3532 1823 contra
3578 1765 3971 1836 Maximinum,

2306 1859 2449 1912 tom.
2472 1855 2623 1924 VIII,
2657 1856 2768 1912 col.
2798 1856 2906 1911 790
2935 1860 2992 1913 et
3016 1856 3163 1929 seq.)

2381 1944 2567 2001 Deum
2594 1961 2723 2000 esse
2748 1943 3030 2017 Spiritum
3080 1948 3370 2013 sanctum,
3405 1943 3707 2018 Scriptura
3749 1943 3972 2001 clamat

2306 2051 2476 2107 usque
2502 2034 2573 2090 ad
2603 2034 2660 2089 in
2693 2050 2932 2106 corpore
2960 2038 3176 2090 vestro.
3206 2034 3415 2104 (Idem,
3446 2034 3512 2090 de
3559 2035 3776 2101 1'rinit.,
3814 2038 3965 2091 tom.

2307 2123 2456 2190 VIII,
2490 2122 2600 2179 col.
2629 2123 2735 2178 938
2764 2127 2821 2178 et
2850 2123 2993 2196 seq.)

2378 2212 2486 2279 Qui
2517 2211 2956 2284 supplicaturus
2986 2212 3102 2267 Deo
3134 2211 3327 2267 locum
3366 2216 3636 2268 sanctum
3684 2230 3852 2286 usque
3892 2214 3969 2271 ad

2308 2302 2386 2357 ibi
2420 2301 2664 2358 habitat.
2701 2302 2905 2374 (Idem,
2936 2300 3040 2357 lib.
3072 2301 3221 2358 Sent.
3254 2303 3531 2375 Prosperi,
3564 2307 3707 2359 tom.
3736 2303 3964 2376 X,part.

2308 2410 2367 2462 11,
2400 2392 2510 2448 col.
2549 2392 2733 2465 1889.)

2380 2482 2440 2538 Si
2471 2480 2670 2538 anima
2699 2481 2759 2537 in
2791 2497 3031 2555 corpore
3063 2481 3385 2539 constituta
3406 2499 3522 2538 non
3544 2482 3737 2538 solum
3768 2480 3969 2539 nullas

2307 2571 2612 2645 angustias
2640 2588 2812 2644 usque
2838 2571 2908 2627 ad
2938 2587 3042 2643 per
3083 2571 3219 2627 ﬁdei
3251 2571 3551 2643 pietatem,
3578 2572 3778 2645 (Idem,
3801 2575 3965 2641 epist.

2305 2661 2377 2717 ad
2422 2660 2758 2730 Dardanum,
2797 2666 2935 2717 tom.
2970 2661 3042 2729 Il,
3074 2660 3182 2716 col.
3233 2662 3339 2715 837
3390 2665 3446 2716 et
3489 2677 3611 2733 seq.
3666 2667 3723 2716 et
3769 2662 3869 2717 841
3906 2668 3970 2717 et

2306 2754 2453 2823 seq.)

2376 2839 2439 2895 Si
2495 2840 2616 2912 quis
2663 2846 2847 2896 autem
2903 2839 3165 2912 templum
3208 2840 3308 2895 Dei
3354 2840 3661 2911 violaverit,
3695 2839 3973 2913 disperdet

2306 2929 2470 2984 illum
2496 2929 2779 2985 Dominus.
2815 2929 3092 3002 Templum
3117 2930 3268 2985 enim
3296 2929 3399 2985 Dei
3421 2937 3669 2985 sanctum
3699 2938 3798 2996 est,
3823 2931 3973 3003 quod

2305 3019 2435 3074 estis
2465 3034 2577 3074 vos.
2608 3017 2953 3090 Apostolum
2984 3018 3180 3074 audite
3205 3034 3378 3092 usque
3406 3019 3477 3075 ad
3504 3018 3708 3075 domui
3753 3019 3967 3093 ipsius.

2308 3106 2512 3179 (Idem,
2544 3123 2651 3163 ser.
2685 3106 2750 3163 de
2793 3107 2974 3164 decem
3016 3106 3254 3176 chordis,
3285 3111 3427 3164 tom.
3463 3108 3529 3177 V,
3564 3112 3716 3180 part.
3759 3123 3799 3176 1,
3851 3108 3970 3165 col.

2308 3197 2378 3251 86
2408 3199 2467 3253 et
2495 3196 2644 3270 seq.)
3562 3220 3579 3229 -

609 3286 916 3343 Secundum
942 3289 1252 3359 gratiam...
1276 3287 1418 3360 quod
1446 3295 1526 3344 est
1575 3288 1823 3345 Christus
1851 3290 2024 3346 Iesus.
2058 3289 2190 3345 Cer-
2225 3270 2268 3338 Ο
2376 3286 2509 3342 Jam
2540 3286 2693 3342 nosti
2726 3285 2982 3359 pretium
3015 3287 3351 3359 tuum,jam
3382 3287 3535 3344 nosti
3567 3304 3683 3360 quo
3735 3287 3972 3346 accedis

539 3380 668 3431 tum
718 3376 1145 3449 propriumque
1194 3375 1492 3432 catholicae
1549 3376 1683 3433 fidei
1743 3377 2198 3435 fundamentum

541 3464 811 3521 Christus
840 3469 950 3532 est,
984 3470 1119 3533 etc.,
1151 3483 1324 3537 usque
1352 3466 1423 3521 ad
1455 3468 1904 3523 monstrandum
1934 3473 2041 3524 est.
2065 3469 2197 3539 (Id.,

541 3555 640 3610 lib.
673 3555 896 3609 Enchir.
930 3558 1074 3611 tom.
1101 3554 1197 3622 VI,
1225 3554 1335 3612 col.
1368 3556 1525 3625 233.)

613 3643 1089 3699 Fundamentum
1121 3644 1358 3716 quando
1389 3644 1631 3716 ponitur
1658 3647 1719 3700 in
1751 3649 1926 3711 terra,
1949 3652 2082 3716 etc.,
2106 3664 2199 3703 us-

541 3748 645 3804 que
672 3732 743 3787 ad
773 3732 874 3787 ubi
903 3732 1277 3789 aediﬁcemur.
1315 3734 1443 3805 (Id.,
1463 3742 1622 3790 tract.
1648 3737 1709 3790 in
1732 3736 1876 3807 psal.
1900 3740 2198 3806 cxx1,tom.

542 3820 636 3888 IV,
669 3825 817 3893 part.
850 3839 912 3890 11,
949 3820 1061 3877 col.
1096 3821 1282 3895 1621.)

613 3910 777 3967 Sicut
805 3909 1258 3967 fundamentum
1292 3927 1582 3984 corporeae
1613 3913 1863 3981 fabricae,
1883 3919 2202 3989 etc.,usque

542 4000 613 4056 ad
659 4000 868 4057 crescit
912 4000 1165 4057 exordio.
1202 4001 1332 4073 (Id.,
1364 4001 1516 4059 Sent.
1550 4008 1741 4076 Prosp.
1793 4008 1934 4061 tom.
1986 4006 2052 4074 X,
2087 4006 2196 4064 col.

543 4091 731 4159 1868,)

610 4179 674 4236 Si
703 4181 829 4253 quis
850 4188 1033 4238 autem
1058 4181 1524 4254 super-aediﬁcat...
1572 4183 1903 4240 sacerdotem
1950 4187 2197 4258 accipiet.

540 4269 754 4327 Beatus
786 4269 995 4327 Petrus
1026 4270 1551 4343 apostolus,sciens
1565 4276 1878 4345 etc.,usque
1895 4273 1967 4329 ad
1987 4278 2200 4332 esterno

540 4359 675 4433 igne
703 4361 1090 4434 torquebitur.
1126 4362 1256 4432 (Id.,
1290 4362 1387 4420 lib.
1422 4361 1486 4418 de
1516 4362 1632 4418 Fid.
1656 4370 1707 4420 et
1737 4362 2076 4436 Oper.,tom.
2100 4364 2197 4433 VI,

542 4448 653 4505 col.
687 4451 796 4505 212
823 4454 882 4506 et
911 4454 1062 4524 seq.)
1728 4468 1737 4477 '

611 4539 942 4611 Antequam
971 4540 1167 4596 veniat
1196 4540 1321 4597 dies
1349 4540 1733 4599 dedicationis
1762 4544 2199 4614 domus,videa-

2307 3391 2478 3448 usque
2507 3376 2577 3431 ad
2606 3376 2761 3448 quod
2786 3375 2937 3431 estis
2969 3393 3091 3432 vos.
3126 3376 3331 3450 (Idem,
3361 3394 3525 3433 serm.
3556 3378 3621 3434 de
3649 3379 3829 3435 verbis
3859 3382 3974 3435 Do-

2306 3467 2454 3522 mini
2482 3468 2544 3521 in
2575 3473 2777 3534 monte,
2811 3469 2954 3521 tom.
2990 3465 3085 3533 III,
3114 3470 3264 3538 part.
3292 3484 3331 3534 1,
3365 3465 3475 3523 col.
3501 3466 3687 3539 1276.)

2380 3554 2687 3627 Apostslus
2708 3554 2847 3610 dicit
2871 3572 2885 3610 :
2910 3554 3222 3628 Templum
3247 3555 3403 3612 enim
3431 3556 3535 3612 Dei
3555 3560 3827 3613 sanctum
3852 3558 3967 3629 est,

2310 3645 2465 3717 quod
2487 3644 2630 3700 estis
2649 3661 2752 3700 vos
2773 3661 2942 3717 usque
2966 3644 3037 3700 ad
3058 3645 3334 3701 societate
3353 3646 3735 3719 disjungitur.
3757 3647 3967 3719 (Idem,

2310 3737 2373 3790 in
2398 3735 2539 3806 psal.
2572 3751 2628 3800 x,
2658 3739 2802 3790 tom.
2826 3734 2919 3804 IV,
2955 3737 3106 3805 part.
3139 3751 3179 3800 1,
3207 3734 3317 3791 col.
3354 3736 3458 3790 135
3486 3739 3543 3791 et
3572 3736 3721 3808 seq.)

2380 3824 2505 3880 Duo
2538 3826 2678 3879 unt
2724 3827 3012 3896 praecepta
3059 3827 3117 3880 et
3166 3824 3280 3880 duo
3325 3840 3539 3896 genera
3588 3828 3968 3897 peccatorum

2310 3928 2480 3987 usque
2526 3911 2597 3968 ad
2642 3929 2746 3984 per
2790 3913 3305 3985 intemperantiam
3350 3912 3726 3971 vulneratur?
3756 3915 3968 3983 (Idem,

2307 4020 2470 4060 serm.
2493 4002 2558 4059 de
2585 4004 2948 4060 Conuersione
2968 4010 3163 4075 apost.,
3183 4007 3327 4059 tom.
3359 4003 3426 4072 V,
3448 4007 3598 4076 part.
3627 4021 3665 4073 1,
3701 4004 3961 4063 001.4271

2309 4097 2366 4149 et
2396 4092 2541 4164 seq.)

2380 4182 2597 4238 Verum
2610 4179 2900 4254 templum
2914 4180 3015 4238 Dei
3033 4181 3411 4255 agnoscimus
3422 4198 3592 4253 usque
3606 4181 3678 4238 ad
3695 4186 3970 4241 mortuus

2308 4275 2398 4328 est
2426 4288 2529 4345 pro
2560 4275 2635 4327 te.
2667 4271 2874 4341 (Idem,
2908 4272 2969 4327 in
3013 4272 3157 4344 psal.
3207 4288 3356 4341 χειν,
3389 4275 3533 4328 tom.
3566 4272 3664 4342 IV,
3698 4275 3846 4345 part.
3898 4290 3967 4346 11,

2309 4358 2416 4417 col.
2451 4361 2591 4416 1220
2620 4364 2677 4416 et
2706 4363 2853 4433 seq.)
3582 4406 3587 4411 .
3724 4388 3731 4393 -

2378 4451 2543 4507 Nemo
2571 4466 2628 4506 se
2655 4449 2879 4505 seducat
2905 4466 3093 4523 usque
3124 4450 3195 4506 ad
3219 4452 3481 4522 quoniam
3499 4466 3660 4509 vanae
3691 4459 3839 4508 sunt.
3874 4453 3971 4509 Tu

2308 4539 2499 4597 nescis
2529 4538 2912 4612 cogitationes
2941 4538 3042 4595 Dei
3073 4539 3353 4613 quoniam
3390 4541 3564 4612 justas
3613 4545 3752 4597 sunt
3793 4558 3975 4613 usque

542 4641 678 4680 mus
710 4624 853 4697 quia
873 4626 1000 4696 jam
1029 4626 1365 4683 dedicatum
1397 4631 1486 4685 est
1517 4635 1695 4702 caput
1724 4634 2039 4700 nostrum.,
2063 4636 2197 4700 etc.,
2230 4644 2280 4711 Ι)
2309 4630 2379 4686 ad
2402 4646 2527 4702 quae
2559 4626 2855 4701 sapientes
2875 4633 3034 4685 sunt.
3054 4630 3337 4703 (Idem,in
3358 4631 3502 4702 psal.
3526 4647 3683 4697 xcm,
3707 4631 3970 4702 tom.IV,

542 4730 715 4787 usque
741 4712 815 4769 ad
843 4714 916 4770 ad
947 4715 1208 4772 dextram
1240 4717 1447 4775 Patris.
1481 4718 1562 4792 (S.
1596 4721 1745 4792 Aug.
1780 4721 1843 4775 in
1863 4722 2007 4794 psal.
2039 4739 2195 4790 xxv1,

542 4809 687 4860 tom.
712 4802 805 4873 IV,
830 4803 937 4860 col.
970 4807 1127 4875 204.)

616 4892 800 4967 Ligna
830 4893 1068 4968 quippe,
1101 4899 1157 4951 et
1189 4896 1412 4963 fenum,
1447 4901 1505 4953 et
1536 4896 1756 4970 stipula
1787 4914 1902 4954 non
1947 4900 2200 4958 absurde

543 4982 728 5056 accipi
784 4988 1036 5056 possunt
1090 5002 1287 5042 rerum
1343 4984 1714 5043 saecularium
1768 5004 1939 5060 usque
1996 4990 2067 5045 ad
2139 4990 2199 5047 in

543 5071 740 5145 ignem
774 5077 1077 5130 aeternum.
1115 5075 1323 5148 (Idem,
1354 5076 1663 5141 Enchirid.,
1693 5080 1834 5134 tom.
1869 5077 1963 5145 VI,
1996 5079 2102 5135 264
2145 5085 2203 5137 et

545 5162 696 5234 seq.)

615 5249 744 5307 Non
773 5251 888 5308 sibi
922 5253 1265 5325 polliceatur
1314 5255 1728 5328 unusquisque
1775 5256 2001 5314 habens
2049 5258 2203 5317 facta

545 5338 771 5395 nefaria
798 5357 968 5413 usque
987 5343 1057 5399 ad
1078 5360 1180 5417 per
1198 5342 1478 5401 idoneum
1501 5345 1974 5401 fundamentum.
1989 5347 2197 5417 (Idem,

546 5430 609 5485 in
632 5430 776 5501 psal.
813 5448 976 5502 Lxxx,
1008 5437 1153 5489 tom.
1186 5433 1280 5502 IV,
1304 5440 1455 5507 part.
1488 5450 1552 5503 11,
1586 5434 1695 5491 col.
1727 5436 1863 5491 1043
1893 5439 1952 5492 et
1981 5438 2128 5511 seq.)

615 5518 680 5574 Si
705 5520 863 5592 cujus
910 5537 1044 5593 opus
1093 5524 1296 5579 arserit
1343 5523 1733 5581 detrimentum
1775 5526 2057 5596 patietur:
2087 5529 2204 5599 ipse

544 5623 657 5663 non
684 5607 867 5665 salvus
895 5612 1021 5677 erit,
1052 5613 1134 5667 sic
1164 5619 1345 5667 tamen
1392 5613 1554 5683 quasi
1595 5628 1696 5683 per
1743 5613 1943 5682 ignem.
1976 5614 2204 5671 Habent

616 5697 764 5756 Sunt
792 5696 1131 5775 Christiani,
1165 5698 1437 5764 catholici
1490 5699 1553 5759 in
1605 5700 1986 5764 fundamento
2035 5703 2202 5765 Chri-

2307 4724 2460 4793 part.
2493 4736 2531 4783 1,
2566 4717 2675 4775 col.
2711 4718 2893 4791 1202.)

2380 4808 2487 4874 Qui
2518 4807 2614 4863 hic
2663 4806 2817 4863 beati
2867 4822 3016 4876 esse,
3045 4811 3102 4863 et
3131 4825 3165 4864 a
3195 4808 3407 4882 seipsis
3456 4809 3612 4866 beati
3661 4809 3785 4866 fieri
3816 4809 3974 4869 mira

2308 4897 2563 4954 vanitate
2591 4894 2920 4964 voluerunt,
2954 4896 3139 4953 irrisit
3168 4896 3277 4953 hos
3307 4899 3520 4955 veritas
3547 4914 3718 4971 usque
3762 4898 3833 4954 ad
3871 4915 3971 4956 sa-

2310 4988 2590 5061 pientiam
2616 4986 2796 5058 hujus
2820 4986 3380 5056 mundi.(ldem,lib.
3403 4988 3469 5045 de
3494 4988 3654 5045 Civil.
3681 4989 3802 5056 Dei,
3817 4992 3967 5046 tom.

2309 5078 2432 5146 VII,
2466 5076 2577 5133 col.
2610 5076 2767 5139 618.)

2379 5167 2567 5223 Nolite
2596 5164 2853 5239 gloriari,
2878 5170 2936 5223 et
2959 5165 3137 5222 nolite
3166 5166 3331 5239 loqui
3363 5166 3593 5225 excelsa
3614 5184 3788 5241 usque
3817 5168 3890 5224 ad
3909 5172 3972 5225 et

2310 5256 2515 5313 abillo
2547 5272 2663 5313 non
2703 5260 2866 5313 sunt.
2918 5256 3121 5329 (Idem.
3171 5257 3237 5314 de
3288 5257 3453 5315 Civil.
3503 5259 3621 5326 Dei,
3670 5258 3966 5326 tom.VII,

2310 5346 2419 5404 col.
2451 5348 2557 5403 528
2585 5349 2645 5402 et
2673 5349 2825 5418 seq.)

2380 5437 2545 5493 Nemo
2591 5437 2775 5508 itaque
2814 5436 3082 5505 glorietur
3126 5438 3188 5493 in
3231 5436 3566 5507 hominibus,
3588 5439 3775 5495 omnia
3816 5437 3970 5493 enim

2308 5535 2485 5583 vestra
2513 5534 2661 5593 sunt,
2692 5527 2806 5582 sive
2832 5525 3060 5593 Paulus,
3083 5528 3197 5583 sive
3229 5527 3447 5599 dpollo,
3469 5528 3583 5585 sive
3611 5526 3840 5601 Cephas,
3851 5528 3972 5586 sive

2309 5615 2568 5684 mundus,
2599 5617 2712 5671 sive
2739 5617 2871 5695 vita,
2900 5617 3013 5673 sive
3037 5632 3205 5686 mors,
3236 5618 3348 5673 sive
3371 5619 3697 5690 prasentia,
3727 5619 3845 5674 sive
3871 5619 3969 5691 fu-

2311 5713 2456 5764 tura.
2489 5706 2694 5770 Omnia
2750 5705 2900 5766 enim
2954 5713 3132 5766 vestra
3182 5714 3331 5782 sunt,
3362 5721 3456 5768 vos
3509 5714 3691 5768 autem
3736 5706 3966 5771 Christi.
