4100 6448
94 413 213 478 325

942 417 1352 484 EXPOSITIO
1395 420 1472 483 IN
1521 418 1690 483 EPP.
1733 422 1993 512 PAULI.
2025 456 2102 468 —
2133 422 2256 486 EP.
2302 425 2326 486 Ι
2368 428 2473 489 ΑΒ
2516 428 2695 491 COR.

3403 435 3523 496 326

91 552 356 608 Christus
385 559 571 608 autem
617 552 736 609 Dei.
771 551 830 608 Si
864 569 899 609 θ.
927 552 1115 626 capite
1165 558 1567 624 numerentur,
1604 555 1760 612 inve-
1788 561 1845 629 Α
1946 559 2097 629 Quia
2142 561 2506 630 spectaculum
2553 564 2688 634 [acti
2731 579 2923 620 sumus
2967 565 3169 622 mundo
3217 584 3405 640 usque
3449 569 3523 624 ad

90 640 348 697 niuntur
378 659 566 697 unum
597 642 734 709 duo,
754 645 873 698 tres
894 650 1148 715 qualuor
1175 660 1346 716 usque
1371 644 1441 699 ad
1472 643 1759 701 mercedis
1866 648 2115 702 omnium
2139 650 2446 720 peripsema
2477 667 2646 724 usque
2672 652 3520 729 adhuc.0pprobrium,iuquit,

91 730 364 787 nomine.
398 730 606 803 (Idem,
640 735 785 787 tom.
819 730 916 802 VI,
949 730 1057 787 col.
1093 731 1206 804 39.)

157 819 318 876 Cum
352 819 578 876 dictum
609 820 1014 889 est,Quoniam
1042 825 1194 877 Deus
1216 822 1461 894 spiritus
1481 827 1572 879 est
1590 839 1762 897 usque

92 908 158 965 ad
190 909 334 983 ipsa
365 908 669 966 connexio.
703 909 910 982 (Idem,
942 927 1107 967 serm.
1139 911 1204 968 de
1231 912 1365 969 Fide
1410 919 1461 969 et
1502 912 1759 985 symbol.,

94 1003 243 1057 tom.
276 998 383 1067 VI,
414 998 525 1055 col.
559 999 707 1069 192.)

749 1087 981 1146 CAPUT
1023 1089 1117 1145 IV.

164 1179 271 1236 Sic
292 1194 398 1236 nos
422 1179 694 1235 existimet
722 1179 879 1235 homo
908 1196 1095 1252 usque
1132 1180 1203 1236 ad
1253 1182 1376 1253 quis
1424 1181 1758 1237 inveniatur.

100 1268 493 1343 Dispensator
520 1267 692 1341 plane
721 1266 931 1324 salutis
961 1273 1188 1326 aeternae
1226 1286 1397 1342 usque
1424 1269 1496 1325 ad
1524 1287 1761 1326 mensu-

103 1376 229 1415 ram
276 1356 440 1415 fidei.
492 1357 697 1430 (Idem,
730 1359 885 1430 epist.
930 1357 1001 1414 ad
1046 1357 1336 1425 Audacem,
1368 1361 1511 1414 tom.
1549 1359 1616 1428 ll,
1650 1356 1760 1414 col.

105 1450 245 1505 1076
274 1453 336 1504 et
368 1450 519 1520 seq.)

169 1539 323 1597 Mihi
352 1544 539 1593 autem
562 1552 665 1609 pro
691 1537 925 1593 minimo
949 1544 1028 1593 est
1068 1552 1256 1609 usque
1306 1535 1378 1593 ad
1422 1538 1534 1609 Qui
1580 1546 1766 1593 autem

95 1630 316 1701 judicat
344 1644 434 1684 me
460 1627 723 1684 Dominus
746 1624 1265 1699 est.Unusquisque
1294 1625 1450 1682 enim
1472 1642 1576 1699 pro
1599 1642 1660 1683 se
1681 1644 1767 1681 ra-

105 1720 327 1775 tionem
357 1716 561 1773 reddet
591 1732 761 1789 usque
781 1716 852 1772 ad
874 1715 987 1773 nisi
1009 1715 1252 1789 spiritus
1273 1714 1761 1789 hominis.(Idem,

106 1814 248 1865 tom.
280 1806 383 1875 VI,
415 1804 526 1863 col.
561 1804 672 1879 46.)

1869 733 2169 808 insipienti
2200 737 2410 795 dedisti
2434 756 2527 796 me
2552 757 2724 813 usque
2746 742 2815 797 ad
2842 742 2889 798 si
2914 760 3029 800 non
3052 744 3518 818 frangor.(Idem,

1868 824 1930 880 in
1953 825 2099 897 psal.
2132 843 2367 898 XXXVIII,
2398 832 2542 884 tom.
2576 829 2669 899 IV,
2705 835 2857 903 part.
2891 849 2928 900 ι,
2963 832 3070 888 col.
3104 834 3252 907 426.)

1938 918 2061 971 Non
2090 922 2151 971 ut
2180 917 2513 989 confundam
2544 935 2636 975 vos
2679 921 2801 978 haec
2842 922 3042 993 scribo,
3075 940 3264 996 usque
3312 925 3385 981 ad
3431 925 3524 983 sed

1870 1003 1932 1057 in
1959 1004 2207 1061 veritate.
2241 1003 2404 1068 Quod
2434 1005 2746 1063 Psalmista
2765 1008 2910 1065 dicit
2928 1027 3098 1083 usque
3122 1011 3192 1067 ad
3213 1029 3342 1069 esse
3364 1013 3521 1086 quod

1870 1089 1972 1147 Dei
2022 1096 2143 1173 est.
2168 1093 2374 1165 (Idem,
2407 1096 2468 1150 in
2507 1096 2651 1169 psal.
2703 1115 2907 1168 urxvu,
2958 1103 3100 1155 tom.
3148 1100 3243 1171 IV,
3294 1107 3444 1173 part.
3479 1118 3520 1173 ι,

1870 1178 1979 1235 col.

1944 1270 2087 1338 Quid
2117 1271 2284 1327 vultis
2308 1274 2331 1328 ξ’
2360 1273 2424 1328 1η
2455 1274 2611 1343 virga
2640 1277 2854 1332 veniam
2876 1277 2945 1333 ad
2964 1294 3154 1347 vos,an
3178 1282 3235 1335 in
3256 1282 3524 1338 charitate

1869 1366 1921 1414 et
1949 1360 2153 1431 spiritu
2181 1362 2663 1420 mansuetudinis?
2682 1364 2943 1423 Visitabo
2967 1367 3025 1423 in
3054 1368 3217 1442 virga
3248 1368 3524 1441 iniquita-

1872 1451 1958 1504 tes
1990 1464 2192 1505 eorum
2225 1466 2394 1523 usque
2420 1452 2492 1508 ad
2515 1454 2703 1525 perire
2733 1456 3044 1528 praedonis.
3077 1458 3347 1531 (Idem,in
3373 1461 3517 1533 psal.

1873 1552 2139 1594 Lxxxvm.
2174 1542 2316 1595 tom.
2353 1540 2447 1611 IV,
2475 1546 2624 1615 part.
2658 1560 2735 1612 ιν,
2770 1544 2879 1600 col.
2915 1546 3048 1601 1331
3082 1550 3139 1602 et
3161 1551 3309 1620 seq.)

2530 1692 2762 1751 CAPUT
2797 1695 2865 1750 V.

1944 1804 2178 1862 Omnino
2207 1807 2432 1864 auditur
2460 1826 2647 1883 usque
2676 1813 2748 1867 ad
2778 1813 3003 1870 Domini
3020 1817 3198 1872 nostri
3214 1822 3349 1876 Jesu
3368 1819 3527 1876 Chri-

176 1897 328 1955 Mihi
362 1900 560 1953 autem
591 1895 905 1952 minimum
935 1898 1027 1952 est
1051 1912 1222 1969 usque
1264 1895 1336 1951 ad
1381 1895 1535 1951 Deus
1584 1910 1762 1967 quam
1794 1943 1843 2009 Β
1872 1894 1969 1948 sti!
1999 1894 2146 1960 Quid
2193 1896 2425 1953 crudele
2457 1898 2686 1972 Moyses
2734 1906 2837 1957 aut
2885 1904 3205 1975 mandavit,
3239 1911 3344 1963 aut
3392 1907 3529 1965 fecit

188 2005 207 2009 Α
270 1987 454 2009 [1.]-..-
517 1987 572 2009 ἑ..
607 1986 725 2009 ..-..l
779 2002 942 2009 ..κ-.-η
999 1988 1129 2009 ..-Δ
1185 2003 1199 2009 -
1259 1984 1342 2009 --1
1402 1984 1501 2009 001.
1534 1984 1550 2009 \
1876 1999 2043 2009 ...υ-...η
2082 1984 2145 2009 ...Δ
2178 1988 2235 2009 .-ι
2273 1986 2563 2009 ΔΞ----Α..ι
2593 2006 2701 2009 ..-ῌ
2742 1990 2823 2009 1|,
2854 2008 2857 2009 ,
2915 1991 2929 2009 1
3212 1995 3249 2009 η
3272 1996 3285 2009 ι
3420 1996 3479 2009 ι..-

111 2005 232 2062 ego.
269 1987 484 2060 (Idem,
516 1987 577 2041 in
599 1986 745 2057 psal.
779 2002 966 2054 xxxvn,
999 1988 1150 2058 part.
1185 2003 1222 2051 I,
1256 1984 1367 2041 col.
1401 1984 1551 2057 394.)

177 2075 381 2132 Sancti
411 2073 823 2148 praedicatores
844 2073 1005 2130 verbi
1035 2073 1135 2129 Dei
1168 2076 1225 2129 et
1256 2073 1368 2146 ipsi
1400 2074 1650 2146 abyssus
1679 2088 1769 2127 us-

114 2183 213 2239 que
237 2165 311 2221 ad
342 2164 471 2237 ipse
500 2162 826 2237 ignorabat.
862 2163 1064 2235 (Idem,
1097 2179 1167 2219 ea:
1196 2170 1434 2219 tractatu
1478 2162 1618 2234 psal,
1650 2178 1762 2230 xu,

117 2261 252 2312 tom.
288 2253 387 2324 IV,
420 2256 572 2326 part.
605 2270 645 2320 ι,
678 2251 765 2308 col
797 2253 945 2320 473.)

180 2343 327 2401 Mihi
360 2341 678 2399 minimum
707 2357 879 2415 usque
902 2341 973 2397 ad
1002 2339 1251 2397 salutem
1271 2341 1763 2409 vestram.(Idem,

116 2437 171 2489 in
193 2434 338 2508 psal.
373 2448 544 2499 CXLII,
575 2435 716 2487 tom.
752 2430 844 2497 IV,
876 2434 1026 2503 part.
1061 2446 1121 2502 ιι,
1150 2429 1259 2487 col.
1293 2432 1463 2499 I851;
1497 2435 1554 2486 et
1597 2446 1763 2487 serm.

115 2526 195 2592 50,
226 2524 295 2579 de
326 2522 483 2580 νοτ-ὁ.
514 2521 748 2590 Evang.,
779 2523 921 2576 tom.
953 2519 1045 2588 V.)

176 2614 372 2686 Itaque
398 2612 569 2668 nolite
598 2617 725 2666 ante
749 2618 959 2682 tempus
978 2609 1235 2682 judicare
1272 2626 1460 2682 usque
1504 2609 1575 2665 ad
1624 2625 1767 2664 unus

112 2704 372 2759 adversus
400 2702 639 2758 alterum
668 2701 891 2771 inﬂetur
904 2715 1006 2771 pro
1037 2699 1169 2755 alio.
1201 2698 1552 2771 Plerumque
1583 2698 1641 2753 in
1674 2697 1767 2753 his

116 2797 316 2849 nostra
348 2789 665 2847 credulitas
694 2788 916 2845 fallitur
943 2804 1114 2861 usque
1142 2787 1212 2844 ad
1251 2788 1494 2844 venialis
1539 2791 1629 2843 est
1658 2786 1766 2842 bu-

118 2899 293 2940 mana
343 2878 612 2937 tentatio.
664 2879 873 2950 (Idem,
905 2880 965 2934 in
992 2879 1175 2947 Joan.,
1209 2881 1354 2935 tom.
1389 2876 1485 2945 III,
1519 2881 1671 2950 part.
1702 2894 1766 2944 II,

117 2973 224 3030 col.
252 2970 443 3043 4859,)

181 3060 464 3119 Nondum
496 3057 813 3115 revelatum
841 3060 931 3114 est
940 3056 1385 3131 judicium.Nox
1404 3060 1495 3113 est
1514 3073 1683 3130 usque
1701 3056 1771 3111 ad

118 3170 217 3210 cor
244 3156 420 3207 tuum
455 3165 568 3205 nox
594 3152 703 3205 est.
735 3148 1010 3219 (Idem,in
1032 3148 1230 3221 psal.c,
1250 3142 1406 3203 ‘tom.
1432 3145 1523 3214 IV,
1548 3150 1766 3220 partJI,

114 3241 225 3301 col.
259 3239 447 3313 1291.)

1876 1999 2043 2055 usque
2076 1984 2145 2039 ad
2178 1988 2240 2039 ut
2269 1986 2567 2043 discerent
2593 2006 2709 2044 non
2742 1990 3173 2064 blasphemare.
3206 1995 3387 2068 (Idem
3419 1996 3524 2056 lib.

1874 2080 2062 2129 contra
2094 2075 2373 2147 Faustum,
2406 2080 2547 2133 tom.
2582 2077 2735 2147 VIII,
2768 2080 2877 2137 col.
2911 2082 3059 2156 452.)

1948 2161 2142 2235 Magni
2169 2167 2225 2219 et
2253 2164 2439 2220 sancti
2468 2165 2575 2221 viri
2610 2167 2711 2239 qui
2724 2170 2851 2239 jam
2878 2170 3097 2242 optime
3119 2173 3336 2230 scirent
3354 2193 3527 2249 usque

1873 2250 1946 2306 ad
1993 2255 2060 2306 ut
2107 2251 2305 2308 anima
2352 2253 2511 2310 salva
2561 2256 2658 2311 sit.
2692 2257 2895 2326 (Idem,
2926 2260 2991 2316 de
3015 2278 3178 2318 serm.
3211 2264 3435 2321 Domini
3464 2268 3527 2322 in

1874 2347 2075 2407 monte,
2108 2343 2250 2395 tom.
2284 2341 2379 2410 III,
2412 2345 2563 2414 part.
2597 2360 2635 2411 ι,
2664 2343 2772 2399 col.
2809 2346 2948 2401 1262
2976 2350 3035 2403 et
3063 2349 3209 2423 seq.)

1945 2430 2061 2485 Non
2092 2438 2171 2486 est
2201 2432 2338 2486 bona
2367 2431 2625 2501 gloriatio
2662 2442 2862 2490 vestra.
2897 2435 3123 2494 Nescitis
3170 2441 3304 2511 quia
3348 2441 3525 2498 modi-

1875 2536 1999 2576 cum
2023 2521 2351 2591 fermentum
2382 2527 2546 2577 totam
2580 2539 2819 2579 massam
2863 2528 3206 2599 corrumpit?
3234 2529 3383 2597 Quid
3414 2529 3529 2588 sibi

1874 2607 1999 2663 vult
2021 2612 2223 2665 tantus
2252 2608 2414 2665 furor
2442 2611 2824 2683 separationis
2873 2630 3042 2687 usque
3069 2616 3140 2672 ad
3170 2617 3242 2673 ab
3272 2618 3530 2677 Ecclesia

1878 2698 2102 2753 unitate
2150 2698 2483 2755 discedunt.
2535 2701 2741 2771 (Idem,
2775 2701 2876 2758 lib.
2909 2703 2973 2759 de
3015 2707 3178 2761 unico
3227 2710 3524 2782 Baptismo,

1876 2791 2020 2843 tom.
2054 2787 2144 2854 IX,
2178 2787 2286 2843 col.
2318 2789 2424 2844 608
2453 2792 2511 2845 et
2540 2790 2687 2863 seq.)

1947 2878 2259 2949 Expurgate
2291 2885 2441 2933 vetus
2471 2881 2803 2951 fermentum
2850 2898 3039 2956 usque
3088 2884 3160 2941 ad
3209 2887 3527 2944 immolatus

1878 2973 1958 3022 est
2015 2965 2280 3022 Christus.
2332 2966 2575 3038 Pascha,
2630 2969 2859 3040 fratres,
2902 2988 3019 3028 non
3075 2973 3230 3030 sicut
3286 2974 3528 3047 quidam

1881 3055 2219 3112 existimant
2249 3055 2514 3113 Graecum
2548 3075 2762 3115 nomen
2794 3064 2883 3117 est
2911 3078 3080 3135 usque
3126 3063 3197 3119 ad
3245 3064 3529 3121 transitus

1880 3146 2094 3201 noster.
2130 3144 2331 3219 (Idem,
2366 3147 2423 3202 in
2455 3148 2612 3204 Joan.
2664 3151 2805 3205 tom.
2841 3149 2936 3220 III,
2971 3156 3120 3224 part.
3152 3169 3214 3221 ιι,
3247 3152 3357 3210 col.
3392 3155 3531 3212 I784

1878 3239 1936 3293 et
1965 3233 2112 3308 seq.)

180 3332 315 3390 Non
346 3329 505 3387 enim
536 3327 758 3385 scimus
788 3326 1065 3384 mortales
1095 3326 1270 3383 corda
1306 3324 1647 3382 mortalium
1674 3342 1770 3381 us-
1798 3316 1842 3385 C
1949 3323 2248 3380 Innovatio
2279 3327 2367 3379 est
2395 3323 2521 3379 vitae
2545 3328 2851 3383 nostrae.Et
2870 3331 2961 3385 est
2982 3329 3223 3401 quidam
3244 3332 3530 3390 transitus

113 3440 220 3497 que
245 3421 318 3478 ad
347 3420 421 3477 ab
453 3419 582 3492 ipso
622 3416 1057 3474 illuminabitur
1102 3417 1239 3473 Deo.
1285 3416 1487 3487 (Idem.
1520 3415 1765 3484 Enehir.,

112 3518 259 3569 tom.
292 3510 392 3578 VI,
426 3506 536 3565 col.
565 3508 715 3580 288.)

182 3599 408 3657 Notitia
439 3597 625 3654 nostri
646 3596 858 3653 certior
878 3595 1040 3651 intus
1062 3595 1279 3663 est,ubi
1301 3611 1469 3668 usque
1489 3594 1559 3650 ad
1581 3610 1770 3666 neque

113 3696 257 3748 tunc
307 3687 542 3762 poterit.
592 3685 798 3755 (Idem,
829 3684 899 3741 ad
941 3685 1210 3754 Italicam,
1242 3688 1385 3740 tom.
1420 3684 1489 3753 II,
1522 3683 1632 3739 col.
1665 3683 1771 3740 3l8

113 3787 170 3838 et
199 3782 355 3847 seq.)

185 3796 459 3926 [iiqgeus
488 3864 660 3921 nobis
689 3864 798 3920 erit
828 3867 1002 3919 notus
1032 3866 1207 3935 atque
1228 3862 1581 3936 conspicuus
1602 3878 1771 3934 usque

114 3959 186 4016 ad
207 3956 560 4016 seculorum
582 3953 913 4010 laudabunt
932 3958 1007 4009 te.
1032 3952 1237 4024 (Idem,
1261 3950 1362 4009 lib.
1386 3952 1450 4008 de
1472 3950 1767 4021 Civit.Dei,

114 4055 259 4106 tom.
291 4045 420 4113 VII,
452 4043 561 4101 col.
595 4044 747 4112 801.)

184 4137 325 4206 Quis
348 4136 498 4191 enim
528 4142 579 4190 te
604 4133 909 4189 discernit?
941 4147 1132 4205 usque
1172 4132 1244 4188 ad
1294 4138 1558 4205 tanquam
1602 4132 1772 4188 morti

111 4229 438 4285 destinatos.
471 4221 750 4280 Prohibet
801 4220 1104 4294 apostolus
1154 4220 1353 4278 dicens
1387 4238 1400 4277 :
1434 4222 1616 4278 Nemo
1647 4220 1770 4295 glo-

112 4318 303 4374 rietur
328 4313 389 4369 in
419 4312 659 4369 homine
686 4326 858 4384 usque
887 4310 959 4366 ad
987 4327 1103 4366 non
1133 4309 1193 4366 in
1224 4309 1471 4367 Domino
1509 4309 1771 4384 glorian-

112 4410 229 4463 tur.
264 4403 473 4479 (Idem,
504 4404 661 4476 epist.
689 4400 760 4457 ad
813 4400 1176 4469 Valentinum,
1224 4404 1368 4457 tom.
1422 4400 1491 4468 II,
1525 4398 1633 4457 col.
1664 4398 1771 4455 969

110 4500 166 4553 et
200 4492 354 4566 seq.)

200 4510 265 4552 se
318 4535 331 4548 .

181 4510 481 4641 Eugtihus
509 4579 785 4638 omnibus
815 4597 883 4637 ex
918 4595 1036 4635 uno
1084 4577 1144 4634 in
1194 4578 1765 4648 condemnationem,

1876 3430 2047 3487 usque
2082 3412 2151 3469 ad
2199 3413 2259 3468 in
2305 3413 2647 3471 vicesimam
2704 3417 2978 3489 primam.
3014 3419 3196 3491 (Idem
3221 3420 3291 3476 ad
3318 3422 3530 3478 Janua-

1876 3506 2047 3574 rium,
2079 3507 2222 3559 tom.
2256 3507 2329 3572 II,
2362 3503 2472 3558 col.
2503 3505 2610 3559 206
2639 3508 2697 3561 et
2723 3507 2869 3580 seq.)

1949 3593 2134 3666 Itaque
2157 3593 2442 3665 epulemur
2471 3610 2661 3667 usque
2691 3596 2764 3651 ad
2794 3604 2847 3652 et
2872 3597 3142 3654 veritatis.
3166 3599 3337 3669 Quid,
3368 3602 3524 3674 quod

1879 3686 1937 3738 et
1966 3681 2186 3756 pascha
2213 3699 2247 3737 a
2273 3681 2442 3738 nobis
2472 3682 2675 3755 objicit
2702 3684 2981 3742 celebrari
3009 3704 3181 3761 usque
3208 3688 3279 3744 ad
3300 3691 3527 3747 venturi

1878 3771 1997 3827 veri
2054 3771 2467 3845 praeﬁguratio.
2519 3773 2724 3846 (Idem,
2775 3772 2878 3831 lib.
2924 3785 3111 3833 contra
3161 3782 3348 3835 Faust.
3379 3782 3524 3837 tom.

1878 3861 2024 3930 VIII,
2059 3860 2168 3917 col.
2201 3861 2352 3931 503.)

1948 3950 2162 4023 Scripsi
2188 3952 2340 4007 vobis
2368 3953 2429 4007 in
2456 3953 2686 4024 epistola
2716 3970 2901 4027 usque
2929 3955 3000 4011 ad
3039 3972 3165 4012 cum
3210 3956 3528 4030 hujusmodz

1878 4057 1977 4097 nec
1998 4042 2184 4096 cibum
2228 4057 2460 4098 sumere.
2492 4041 2752 4099 Joannes
2799 4042 2961 4113 dicit,
2994 4044 3195 4101 alienae
3249 4047 3526 4104 doctrinm

1878 4128 2220 4186 hominibus
2249 4146 2419 4203 usque
2444 4130 2517 4186 ad
2547 4131 2694 4187 satis
2720 4131 2943 4187 dictum
2969 4137 3077 4190 est.
3110 4133 3316 4207 (Idem,
3342 4134 3527 4193 lib.vn

1878 4220 1943 4276 de
1970 4221 2263 4293 Baptism,
2301 4223 2440 4275 tom.
2476 4219 2566 4288 ΙΧ,
2602 4218 2712 4276 col.
2742 4222 2850 4277 238
2878 4226 2936 4277 et
2965 4222 3111 4295 seq.)

1950 4309 2119 4366 Multi
2150 4307 2467 4365 Christiani
2497 4308 2767 4365 catholici
2793 4314 3162 4380 vocantur,et
3186 4315 3327 4369 sunt
3354 4312 3526 4370 adul-

1877 4399 1985 4456 teri
2014 4416 2184 4473 usque
2215 4398 2284 4454 ad
2314 4415 2573 4456 massam
2605 4398 2884 4455 frumenti
2912 4400 3070 4474 facit.
3104 4402 3309 4472 (Idem,
3339 4412 3529 4461 contra

1877 4492 2085 4556 Faust.,
2119 4492 2264 4544 tom.
2296 4488 2447 4557 VIII,
2480 4487 2589 4544 col.
2621 4489 2727 4544 387
2759 4492 2815 4545 et
2841 4489 2987 4563 seq.)

1949 4578 2214 4651 Plerique
2249 4580 2445 4634 autem
2476 4577 2613 4633 boni
2638 4576 2956 4635 Christiani
2987 4583 3294 4653 propterea
3332 4585 3530 4640 tacent

111 4675 538 4732 discernuntur
566 4688 684 4727 non
722 4669 948 4727 meritis
993 4669 1117 4726 suis
1165 4684 1334 4741 usque
1380 4668 1450 4724 ad
1500 4672 1767 4724 nostrum
1797 4692 1846 4758 D
1876 4685 2044 4742 usque
2073 4668 2142 4724 ad
2168 4667 2414 4723 crimine
2451 4667 2849 4724 nominantur.
2883 4668 3087 4742 (Idem,
3114 4670 3215 4727 lib.
3249 4671 3315 4729 de
3342 4675 3528 4730 Paeni-

111 4762 260 4821 nihil
317 4760 413 4818 sit.
466 4760 671 4831 (Idem,
722 4758 825 4816 lib.
868 4759 933 4817 de
963 4759 1201 4831 Corrept.
1229 4766 1280 4815 et
1325 4765 1492 4829 grat.,
1526 4761 1669 4814 tom.
1699 4756 1767 4826 X,

113 4854 217 4910 col.
252 4852 367 4906 923
395 4853 453 4906 et
484 4852 636 4922 seq.)

176 4944 500 5014 Propterea
529 4938 649 4995 dixi
694 4938 882 5007 vobis,
918 4938 1133 5012 inquit,
1165 4936 1307 5011 quia
1352 4953 1526 4993 nemo
1578 4940 1771 5010 potest

113 5033 313 5089 venire
344 5029 417 5085 ad
444 5045 537 5085 me
567 5045 740 5102 usque
784 5028 855 5084 ad
899 5028 1054 5102 quod
1087 5044 1203 5083 non
1232 5026 1529 5100 accepisti.
1564 5026 1766 5099 (Idem,

113 5125 168 5179 in
194 5123 394 5188 Joan.,
421 5123 543 5175 tom
576 5118 675 5187 III,
705 5121 856 5191 part.
891 5135 951 5186 II,
983 5117 1094 5174 col.
1130 5118 1268 5172 1618
1293 5119 1349 5172 et
1378 5115 1527 5189 seq.)

176 5207 590 5269 Misericordia
639 5208 769 5280 ejus
818 5205 1129 5280 praeveniet
1174 5222 1287 5262 me.
1321 5204 1583 5278 Cogitate
1613 5205 1770 5277 quod

112 5300 342 5358 dictum
373 5301 482 5366 est,
512 5296 821 5370 preveniet
848 5311 941 5351 me
969 5311 1141 5369 usque
1168 5294 1240 5351 ad
1267 5294 1421 5351 Deus
1460 5310 1628 5350 meus
1660 5292 1768 5349 mi-

114 5387 436 5448 sericordia
464 5403 614 5444 mea.
649 5386 853 5459 (Idem,
889 5387 950 5442 in
971 5386 1118 5459 psal.
1153 5402 1309 5454 LVIII,
1340 5387 1485 5440 tom.
1517 5382 1767 5457 IV,part.

113 5497 147 5548 ι,
178 5479 303 5538 col.
332 5477 444 5535 742
470 5480 530 5534 et
558 5475 711 5549 seq.)

173 5573 451 5641 Arguens
480 5565 640 5623 enim
670 5563 1011 5638 superbiam
1040 5563 1373 5638 Apostolus,
1407 5580 1523 5620 non
1546 5562 1769 5630 ait,non

112 5658 317 5726 habes,
352 5656 454 5713 sed
503 5654 585 5713 ait
628 5671 801 5729 usque
848 5654 919 5711 ad
974 5671 1079 5711 nec
1137 5653 1423 5727 ingratus.
1469 5653 1679 5725 (Idem,
1710 5654 1771 5710 in

115 5750 251 5824 psal.
289 5760 496 5824 Lxxxv,
525 5749 671 5807 tom.
709 5740 804 5820 IV,
834 5747 986 5825 part.
1019 5761 1081 5817 II,
1116 5742 1226 5804 col.
1259 5742 1445 5817 1084.)

1878 4761 2068 4828 tentia,
2102 4761 2247 4814 tom.
2278 4756 2347 4825 V,
2380 4761 2530 4830 part.
2562 4772 2625 4824 ιι,
2659 4756 2767 4813 col.
2805 4759 2944 4814 I546
2972 4762 3029 4815 et
3059 4766 3208 4833 seq.)

1948 4848 2094 4920 Quid
2122 4849 2273 4904 enim
2298 4848 2441 4902 mihi
2467 4846 2530 4903 de
2560 4848 2631 4902 iis
2662 4848 2759 4920 qui
2781 4849 2919 4920 foris
2947 4857 3078 4906 sunt
3102 4850 3399 4923 judicare?
3428 4869 3529 4909 us-

1880 4955 1993 5011 que
2024 4939 2097 4994 ad
2120 4939 2261 4994 Deus
2281 4936 2575 5009 judicabit.
2611 4937 2864 5004 Fratres,
2883 4938 2953 4994 ad
2988 4955 3094 4995 nos
3126 4940 3399 5011 pertinet,
3430 4956 3528 4996 vo-

1880 5026 1971 5083 bis
2000 5026 2190 5082 dicere
2222 5043 2236 5081 :
2271 5025 2344 5081 ad
2376 5043 2483 5082 nos
2514 5025 2786 5099 pertinet,
2818 5026 3164 5084 Christianis
3195 5028 3529 5101 loqui.Quid

1878 5117 2027 5173 enim
2055 5116 2196 5171 mihi
2224 5115 2288 5172 de
2316 5116 2392 5171 eis
2422 5117 2520 5187 qui
2544 5116 2685 5187 foris
2712 5124 2843 5172 sunt
2860 5116 3137 5188 judicare,
3172 5117 3299 5190 ipse
3340 5118 3527 5190 Apos-

1878 5205 2034 5262 tolus
2068 5205 2168 5261 ait.
2191 5204 2329 5261 Illos
2358 5203 2528 5260 aliter
2557 5203 2916 5278 alloquimur
2934 5209 3216 5277 tanquam
3238 5204 3524 5261 inﬁrmos.

1879 5294 2305 5351 Blandiendum
2337 5298 2426 5350 est
2456 5293 2575 5350 illis
2605 5298 2670 5349 ut
2700 5293 2943 5350 audiant
2978 5293 3301 5351 veritatem.
3335 5294 3399 5351 In
3428 5311 3528 5352 vo-

1879 5384 1970 5441 bis
2003 5384 2262 5441 secunda
2285 5384 2531 5456 putredo
2562 5388 2669 5440 est.
3392 5376 3393 5379 “

1949 5475 2167 5547 Auferte
2195 5475 2405 5530 malum
2435 5490 2505 5531 ex
2532 5473 2840 5546 vobisipsis.
2867 5471 3063 5546 Aliqui
3094 5473 3152 5529 id
3201 5474 3356 5547 quod
3406 5472 3528 5533 dic-

1877 5568 2005 5621 tum
2037 5570 2145 5636 est,
2182 5581 2251 5621 ex
2274 5562 2609 5637 vobisipsis,
2641 5564 2722 5620 ita
2748 5561 3105 5636 intelligunt,
3140 5567 3205 5619 ut
3236 5580 3304 5620 ex
3334 5562 3529 5637 seipso

1880 5654 2293 5728 unusquisque
2320 5669 2490 5726 usque
2519 5653 2589 5708 ad
2619 5652 2890 5727 corripite
2920 5657 2988 5709 ut
3026 5652 3288 5711 fratrem.
3323 5652 3527 5730 (Idem,

1879 5743 1982 5804 lib.
2014 5745 2080 5806 de
2105 5744 2235 5806 Fide
2261 5752 2313 5805 et
2342 5741 2626 5821 Operibus,
2658 5746 2799 5818 tom,
2834 5747 2932 5818 VI,
2965 5742 3073 5805 col.
3108 5742 3257 5820 199.)
