4100 6436
519 370 632 463 327

1712 366 1945 435 FLORI
1988 360 2305 438 DIACONI
2350 361 2735 449 MONACHI.
2842 444 2845 447 _

3816 367 3955 437 388

591 503 753 572 Quod
787 503 871 560 ait
898 501 1214 577 Apostolus
1247 520 1260 560 :
1292 457 1525 560 Aulerte
1555 500 1780 559 malum
1805 517 1873 556 ex
1918 496 2171 570 vobisip-
2199 495 2253 564 Α
2285 496 2535 555 nesciret
2554 500 2815 579 usquead
2838 518 3145 578 nunquam
3175 517 3414 577 peccare
3443 501 3708 573 delectet,
3722 502 3949 574 (Idem.

523 593 604 649 sis
630 609 802 665 usque
829 591 901 649 ad
931 608 1047 649 non
1089 590 1200 648 hoc
1247 582 1490 648 malum.
1522 590 1730 661 (Idem,
1764 591 1994 646 Retract.
2029 591 2172 644 tom.

518 686 567 753 Ι,
600 682 710 738 col.
738 682 892 752 637.)

1162 805 1396 862 CAPUT
1432 804 1527 860 VI.

593 949 763 1005 Audet
791 949 1002 1023 aliquis
1033 956 1266 1005 vestrum
1295 945 1500 1005 habens
1518 949 1799 1019 negotium
1819 962 2006 1018 usque
2030 944 2103 1002 ad
2121 953 2177 1002 et

519 1039 618 1094 hoc
661 1040 953 1111 fratribus.
985 1037 1089 1093 Hie
1136 1041 1335 1111 posset
1381 1035 1576 1109 putari
1616 1033 1910 1109 judicium
1959 1033 2172 1090 habere

520 1127 798 1183 adversus
829 1126 1075 1183 alterum
1108 1143 1279 1200 usque
1297 1124 1369 1182 ad
1395 1128 1614 1200 quanto
1637 1124 1827 1198 magis
1847 1121 2168 1205 saecularia.

518 1216 722 1288 (Idem,
749 1216 1057 1283 Enchirid.,
1089 1220 1234 1272 tom.
1264 1215 1362 1281 VI,
1393 1216 1500 1273 col.
1535 1215 1642 1271 269
1672 1219 1729 1271 et
1758 1213 1905 1286 seq.)

589 1305 1034 1363 Sacramentum
1078 1322 1362 1380 magnum
1413 1309 1505 1362 est
1552 1294 1893 1362 duodenarii
1942 1300 2170 1359 numeri

516 1410 690 1466 usque
717 1393 789 1449 ad
815 1393 1033 1451 veritas
1064 1397 1119 1450 et
1141 1392 1458 1466 judicium.
1493 1392 1697 1466 (Idem,
1721 1393 1781 1448 in
1796 1391 2168 1465 psal.1.xxxv1,

410 1524 415 1529 -
513 1486 657 1540 tom.
691 1479 784 1550 IV,
817 1485 969 1556 part.
1002 1499 1063 1551 11,
1097 1480 1207 1538 col.
1242 1483 1381 1538 1103
1409 1486 1465 1538 et
1496 1484 1643 1555 seq.)

2283 584 2384 641 lib.
2418 588 2484 645 de
2518 589 2801 669 Trinitate,
2834 594 2977 647 tom.
3012 590 3156 661 VllI,
3189 590 3300 648 col.
3337 593 3519 661 1051.)
3849 658 3854 662 η

2353 675 2834 736 Commemorans
2864 679 3254 755 apostolicam
3285 680 3691 738 testimonium
3721 681 3887 754 quod
3913 698 3954 736 a

2283 780 2378 822 me
2405 766 2661 838 positum
2691 772 2781 824 est
2806 784 2978 841 usque
3021 768 3092 825 ad
3140 767 3191 826 si
3240 764 3379 842 quid
3430 768 3776 842 hujusmodi
3824 774 3946 826 est.

2285 853 2596 927 (Idem,lib.
2629 857 3538 928 contra'Maxim.,tom.VIII,col.
3560 860 3667 914 788
3698 863 3754 915 et
3780 858 3950 928 794.)

2353 943 2672 1000 Adbaerens
2703 945 2819 1002 Deo
2849 962 3020 1019 usque
3038 947 3109 1003 ad
3138 946 3242 1002 sed
3269 945 3576 1019 probatur.
3596 947 3805 1020 (Idem,
3827 944 3944 1002 lib.

2280 1031 2429 1089 Sent.
2463 1036 2734 1106 Prosperi,
2768 1038 2909 1091 tom.
2941 1035 3008 1105 X,
3043 1034 3152 1091 col.
3188 1036 3371 1113 1867.)
3714 1024 3717 1029 ’

2351 1124 2542 1193 Fugite
2596 1125 3019 1195 fornicationem
3075 1142 3262 1199 usque
3310 1126 3382 1182 ad
3426 1126 3485 1181 in
3531 1142 3726 1199 corpus
3771 1143 3948 1199 suum

2275 1221 2479 1285 peccat.
2513 1212 2618 1269 Hic
2649 1212 2795 1270 nihil
2825 1213 3056 1271 videtur
3084 1213 3477 1288 praetermisse
3504 1215 3726 1288 peccati
3764 1233 3946 1289 usque

2279 1301 2350 1358 ad
2404 1300 2465 1357 in
2517 1319 2732 1376 corpus
2785 1303 3089 1381 proprium
3148 1308 3371 1381 peccat.
3404 1304 3611 1374 (Idem,
3645 1305 3703 1360 in
3734 1298 3941 1374 Leuit,

2278 1394 2424 1447 tom.
2457 1390 2556 1460 III,
2589 1396 2741 1464 part.
2769 1409 2808 1459 1,
2841 1391 2950 1448 col.
2981 1391 3133 1465 678.)
3470 1462 3478 1469 _

2350 1480 2564 1536 Totum
2595 1480 2776 1537 istum
2799 1479 2991 1538 locum
3014 1481 3315 1554 apostolus
3338 1486 3575 1556 propter
3594 1481 3791 1557 ipsum
3811 1500 3940 1559 cor-

586 1572 882 1628 Teneatur
911 1572 1124 1627 veritas
1153 1571 1223 1627 ab
1256 1569 1329 1627 iis
1360 1571 1461 1644 qui
1503 1570 1848 1642 judicantur
1874 1568 1970 1625 hic
2002 1584 2172 1641 usque
2278 1585 2390 1642 pus
2422 1586 2591 1641 usque
2621 1569 2691 1626 ad
2711 1569 3011 1628 desolatus
3032 1574 3207 1643 atque
3227 1570 3560 1628 derelictus.
3581 1572 3936 1647 (Idemnbid.

518 1660 591 1716 ad
635 1660 892 1729 nuditas,
946 1658 1201 1733 gladius.
1255 1659 1455 1733 (Idem,
1508 1661 1568 1717 in
1595 1660 1737 1733 psal.
1771 1676 1859 1727 cx,
1894 1662 2038 1715 tom.
2071 1657 2165 1727 1V,

517 1752 668 1822 part.
701 1766 763 1817 11,
796 1747 906 1805 col.
942 1749 1082 1804 1465
1103 1753 1159 1804 et
1186 1752 1335 1821 seq.)

2279 1663 2424 1714 tom.
2455 1658 2523 1728 V,
2558 1663 2708 1732 part.
2741 1678 2780 1725 1,
2814 1659 2925 1716 col.
2956 1658 3062 1715 889
3090 1664 3147 1716 et
3174 1659 3322 1734 seq.)
3722 1729 3729 1737 ,
3918 1720 3923 1725 .

2349 1747 2493 1803 Cum
2524 1765 2692 1805 mens
2723 1748 2984 1806 humana
3011 1750 3167 1806 bona
3196 1749 3494 1807 voluntate
3530 1751 3603 1827 ad
3651 1750 3940 1828 interiora

588 1836 895 1895 Saecularia
927 1837 1104 1906 igitur
1112 1820 1328 1910 judicia
1349 1837 1402 1892 si
1418 1833 2168 1932 habueritis,contemptibiles
2194 1867 2243 1932 Β
2275 1853 2447 1932 usque
2491 1838 2562 1932 ad
2610 1838 2874 1894 inanitur
2914 1838 3157 1897 viribus.
3200 1839 3400 1913 (Idem,
3432 1839 3498 1896 de
3532 1820 3749 1910 Triuia,
3782 1820 3932 1897 to'm.

518 1928 616 1999 qui
641 1933 770 1982 sunt
799 1927 859 1982 in
888 1925 1143 1994 Ecclesia,
1176 1926 1299 1982 illos
1328 1925 1634 1982 constituite
1671 1923 1743 1980 ad
1778 1923 2163 1996 judicandum,

515 2020 621 2070 etc.
634 2013 946 2070 Dominum
969 2014 1172 2071 Jesum
1197 2014 1279 2084 (in
1312 2015 1482 2086 cujus
1514 2013 1751 2070 nomine
1781 2030 2025 2069 securus
2044 2012 2167 2069 hinc

515 2103 667 2176 dico)
700 2120 870 2176 usque
900 2103 971 2159 ad
1002 2101 1268 2159 membra
1318 2102 1528 2159 simus.
1562 2100 1767 2175 (Idem,
1800 2099 1903 2157 lib.
1936 2099 2002 2158 de
2031 2101 2163 2175 Opp.

513 2194 792 2261 monach.,
828 2198 970 2249 tom.
1003 2190 1097 2259 VI,
1131 2194 1280 2265 part.
1314 2209 1354 2261 1,
1387 2191 1498 2248 col.
1523 2191 1630 2248 576
1659 2196 1718 2247 et
1748 2192 1898 2264 seq.)

587 2283 766 2351 Quare
793 2297 905 2337 non
933 2282 1112 2351 magis
1140 2282 1412 2354 injuriam
1441 2278 1730 2353 accipitis?
1758 2297 1946 2352 usque
1976 2278 2169 2335 adhoc

512 2372 806 2445 fratribus.
846 2369 1082 2426 Faciens
1104 2369 1397 2442 judicium
1427 2368 1709 2442 injuriam
1744 2368 2168 2442 accipientibus

511 2476 684 2532 usque
711 2461 780 2515 ad
799 2459 901 2532 jus
928 2458 1166 2532 pateris.
1200 2458 1404 2532 (Idem,
1438 2460 1501 2514 in
1525 2459 1668 2531 psal.
1700 2472 1862 2525 CXLV,
1893 2462 2034 2513 tom.
2072 2454 2166 2523 1V,

512 2553 666 2622 part.
698 2564 761 2620 11,
795 2547 903 2604 col.
935 2545 1115 2620 1894.)

580 2637 667 2695 An
693 2637 984 2694 nescitis...
1016 2653 1249 2706 regnum
1278 2635 1376 2691 Dei
1401 2635 1771 2708 possidebunt.
1807 2634 1956 2691 Illud
1997 2635 2169 2709 quale

512 2731 604 2784 est
633 2726 694 2782 in
723 2741 838 2799 quo
871 2725 983 2782 sibi
1033 2724 1418 2781 blandiuntur
1464 2724 1605 2797 quia
1651 2741 1760 2780 sua
1803 2742 1868 2781 se
1913 2725 2169 2782 vanitate

512 2817 806 2872 seducunt
842 2831 1012 2888 usque
1058 2814 1129 2870 ad
1175 2819 1567 2886 naturamque
1615 2809 1927 2871 mereatur.
1965 2812 2163 2888 (Idem,

512 2905 615 2961 lib.
648 2902 714 2961 de
742 2905 1094 2971 Pwnitenlia,
1119 2906 1262 2959 tom.
1285 2900 1354 2971 V,
1377 2905 1527 2975 part.
1551 2919 1613 2969 ιι,
1640 2900 1750 2959 col.
1784 2904 1921 2959 1543
1941 2907 1997 2960 et
2018 2906 2166 2976 seq.)

581 2994 647 3051 Et
675 2996 794 3052 hare
821 2993 1039 3067 quidem
1062 2994 1273 3065 fuistis,
1303 2993 1396 3049 sed
1424 2994 1604 3049 abluti
1630 2995 1775 3060 estis,
1802 2992 1896 3049 sed
1922 2995 2166 3067 sanctiﬁ-

511 3086 624 3142 cati
650 3085 801 3153 estis,
829 3082 926 3139 sed
938 3083 1237 3159 justiﬁcati
1263 3083 1392 3139 estis
1422 3084 1482 3138 in
1513 3083 1734 3138 nomine
1763 3082 1993 3138 Domini
2037 3099 2166 3140 nos-

2275 1921 2425 1994 VIII,
2461 1925 2569 1983 col.
2603 1927 2791 1997 1006.)
3356 2004 3359 2007 _

2347 2016 2431 2072 An
2461 2018 2681 2073 nescitis
2711 2018 2841 2090 quia
2870 2017 3111 2074 membra
3142 2026 3322 2075 vestra
3343 2019 3603 2092 templum
3647 2027 3778 2076 sunt
3803 2019 3934 2094 Spi-

2275 2107 2420 2162 ritus
2465 2108 2648 2162 sancti
2691 2108 2791 2178 qui
2836 2108 2897 2163 in
2942 2108 3092 2163 vobis
3132 2115 3232 2178 est,
3265 2124 3425 2181 quem
3465 2107 3675 2166 habetis
3702 2126 3737 2165 a
3771 2108 3938 2166 Deo?

2277 2193 2470 2250 Unum
2502 2194 2815 2251 Dominum
2848 2195 3119 2252 novimus
3150 2213 3281 2253 esse
3310 2196 3522 2265 solum,
3556 2197 3649 2253 cui
3680 2198 3940 2275 servitus

2277 2282 2379 2339 illa
2399 2283 2645 2339 debetur
2672 2301 2840 2357 usque
2860 2284 2930 2340 ad
2974 2284 3077 2340 sed
3126 2302 3356 2341 sumus.
3388 2285 3596 2357 (Idem,
3626 2274 3717 2343 add
3746 2274 3940 2365 Maxi-

2274 2374 2515 2439 minum,
2548 2376 2692 2427 tom.
2725 2372 2795 2440 II,
2829 2371 2939 2453 col.
2972 2374 3042 2427 97
3073 2376 3129 2429 et
3160 2377 3310 2446 seq.)

2350 2461 2604 2534 Spiritus
2637 2465 2876 2518 sanctus
2908 2461 2959 2517 si
2991 2467 3259 2545 creatura
3288 2480 3405 2519 non
3427 2467 3653 2541 creator
3674 2480 3847 2541 usque
3870 2464 3944 2523 ad

2277 2549 2338 2605 in
2381 2548 2523 2607 caelo
2572 2555 2629 2606 et
2677 2550 2738 2606 in
2788 2554 2963 2606 terra.
3012 2551 3214 2623 (Idem,
3243 2552 3491 2623 Enchir.,
3525 2557 3668 2610 tom.
3697 2551 3794 2622 VI,
3823 2552 3936 2611 col.

2349 2728 2407 2785 Si
2441 2728 2619 2797 Deus,
2646 2727 2890 2802 spiritus
2921 2733 3160 2786 sanctus
3194 2747 3308 2786 non
3339 2729 3819 2804 esset,templum
3845 2747 3937 2786 us-

2277 2835 2380 2893 que
2408 2817 2479 2873 ad
2508 2821 2565 2873 et
2585 2818 2655 2874 de
2677 2817 2957 2874 membris
2979 2817 3520 2891 Dei.(ldem,eontra
3540 2819 3931 2887 Maximinum,

2275 2911 2417 2963 tom.
2448 2902 2598 2975 VIII,
2633 2900 2881 2963 col.’752
2911 2911 2968 2962 et
2993 2908 3144 2977 760.)
3900 2976 3906 2981 ν

2347 2996 2411 3051 Et
2438 3012 2550 3051 non
2577 2996 2707 3052 estis
2738 2998 2921 3053 vestri.
2958 2998 3143 3070 Empti
3159 2999 3309 3053 enim
3330 3000 3461 3054 estis
3486 3000 3661 3071 pretio
3707 3014 3926 3072 magno,

2274 3085 2572 3157 gloriﬁcate
2600 3092 2653 3141 et
2674 3093 2887 3158 portate
2914 3088 3203 3142 Dominum
3234 3088 3294 3142 in
3321 3103 3543 3160 corpore
3578 3095 3706 3145 vestr
3720 3104 3770 3145 ο.
3802 3088 3930 3145 Duo

512 3174 591 3230 tri
614 3174 740 3230 Iesu
772 3173 996 3241 Christi,
1029 3180 1080 3229 et
1108 3173 1167 3228 in
1192 3174 1395 3245 spiritu
1423 3174 1525 3228 Dei
1550 3174 1743 3228 nostri.
1760 3171 2010 3229 Sanctus
2032 3190 2162 3229 sum
2204 3237 2238 3251 κ
2276 3178 2416 3230 sunt
2440 3166 2703 3246 peccata,
2730 3178 2787 3230 et
2815 3174 2930 3230 duo
2971 3183 3185 3248 genera
3232 3168 3600 3249 peccatorum
3649 3194 3819 3251 usque
3858 3178 3930 3237 ad

511 3279 645 3317 cum
677 3261 870 3331 audio,
905 3237 1117 3318 Vocem
1147 3237 1379 3318 Domini
1413 3277 1665 3334 agnosco
1693 3277 1864 3335 usque
1892 3262 1962 3317 ad
1985 3261 2043 3316 in
2066 3260 2165 3319 illo
2198 3237 2240 3305 (ἶ
2273 3237 2573 3337 disperdet
2602 3237 2768 3319 illum
2800 3237 3340 3336 Deus.v(ldem,lib.
3373 3265 3439 3322 de
3464 3267 3683 3324 Duobus
3711 3237 3926 3340 qeneri-

512 3349 613 3406 lux
644 3351 869 3407 ﬁeritis.
905 3351 1107 3425 (Idem,
1142 3351 1201 3407 in
1226 3350 1370 3424 psal.
1406 3367 1606 3422 LXXXV,
1631 3353 1774 3406 tom.
1808 3349 1902 3419 IV,
1936 3356 2161 3423 part.11,

510 3438 618 3496 col.
659 3440 799 3495 1084
829 3443 890 3496 ot
920 3441 1069 3512 seq.)

583 3528 786 3585 Omnia
816 3530 960 3584 mihi
989 3529 1171 3597 licent,
1195 3528 1287 3584 sed
1308 3546 1420 3584 non
1441 3529 1627 3585 omnia
1646 3528 2165 3601 expediunt.0mnia

505 3618 649 3674 mihi
679 3618 860 3686 licent,
893 3617 985 3673 sed
1013 3633 1106 3688 ego
1135 3619 1236 3672 sub
1266 3618 1482 3673 nullius
1511 3616 1743 3691 redigar
1771 3626 2050 3691 potestate.
2084 3620 2164 3676 De

510 3706 868 3779 quibusdam
900 3723 1025 3778 qua
1059 3706 1130 3761 ad
1161 3723 1355 3761 escam
1385 3706 1698 3779 pertinent,
1720 3707 1950 3778 Omnia,
1974 3707 2166 3781 irquit

512 3793 853 3868 Apostolus;
883 3793 1029 3849 mihi
1059 3792 1221 3849 licita
1260 3799 1399 3850 sunt
1446 3812 1614 3867 usque
1662 3795 1733 3851 ad
1783 3797 2166 3855 beneficentia

510 3880 840 3939 caveantur.
875 3883 1078 3954 (Idem,
1111 3882 1214 3938 lib.
1249 3883 1319 3939 ad
1358 3884 1713 3955 Pollentium,
1746 3888 1888 3942 tom.
1919 3884 2017 3955 Vl,
2050 3886 2159 3944 col.

509 3972 617 4029 460
647 3975 705 4027 et
734 3970 882 4044 seq.)

576 4060 712 4118 Esca
740 4061 926 4117 ventri
950 4069 1002 4118 et
1030 4068 1216 4118 venter
1243 4063 1377 4118 escis
1408 4080 1596 4136 usque
1635 4063 1707 4119 ad
1756 4064 2039 4122 suscitabit
2061 4083 2164 4139 per

504 4152 763 4208 virtutem
790 4164 968 4207 suam.
1002 4151 1073 4207 Et
1123 4149 1241 4207 alia
1299 4150 1526 4209 malitia
1578 4152 1710 4223 diei,
1746 4169 1872 4227 quae
1931 4156 2159 4212 utinam

505 4239 762 4296 sufﬁciat
790 4241 841 4296 ei
872 4256 1044 4314 usque
1073 4240 1145 4296 ad
1165 4241 1538 4316 corruptione
1569 4243 2157 4317 sempiterna.(Idem,

508 4330 774 4401 Confess.,
806 4332 949 4386 tom.
986 4328 1032 4396 Ι,
1065 4329 1176 4386 001.
1208 4330 1360 4401 862.)

576 4417 722 4474 Cum
755 4417 929 4474 luerit
959 4417 1122 4474 salus
1147 4419 1400 4491 perlecta
1420 4419 1482 4475 in
1503 4419 1615 4476 isto
1643 4436 1881 4494 corpore
1902 4440 2071 4496 usque
2089 4425 2161 4481 ad

507 4505 695 4562 reﬁcit
718 4522 823 4562 nec
852 4506 1072 4563 deﬁcit.
1108 4506 1309 4579 (Idem,
1342 4510 1403 4563 in
1427 4509 1571 4581 psal.
1601 4527 1650 4579 1.,
1685 4512 1825 4567 tom.
1859 4510 2156 4586 lV,part.1,

509 4593 621 4651 col.
654 4594 805 4663 597.)

577 4684 811 4741 Nescitis
839 4698 1028 4756 usque
1059 4684 1131 4740 ad
1164 4686 1269 4742 duo
1292 4688 1349 4742 in
1370 4703 1536 4744 carne
1553 4687 1945 4764 una.Corpora
1964 4695 2165 4749 nostra

507 4773 774 4830 membra
800 4789 930 4830 esse
958 4772 1372 4846 Christi,dixit,
1393 4777 1673 4849 quoniam
1702 4777 1968 4835 Christus
1990 4786 2166 4854 caput

507 4865 776 4919 nostrum
825 4867 915 4919 est
960 4879 1131 4937 usque
1178 4864 1248 4920 ad
1294 4866 1465 4938 cujus
1515 4865 1803 4940 templum
1835 4884 1916 4923 es.
1955 4868 2159 4941 (Idem,

505 4968 670 5009 serm.
702 4951 768 5009 de
800 4952 950 5009 Yerb.
989 4962 1191 5026 .4p08t.,
1222 4958 1362 5011 tom.
1399 4952 1466 5025 V,
1501 4958 1652 5029 part.
1687 4971 1726 5023 1,
1762 4956 1871 5012 col.
1903 4959 2052 5030 878.)

577 5041 693 5097 Nec
741 5041 841 5097 isti
891 5058 1028 5115 ergo
1078 5042 1309 5100 dicendi
1358 5049 1498 5101 sunt
1546 5045 1901 5102 manducare
1951 5064 2163 5121 corpus

507 5128 723 5187 Christi
768 5147 939 5203 usque
985 5132 1057 5187 ad
1103 5132 1575 5190 reconciliatione
1624 5134 1917 5191 redierint.
1954 5137 2160 5208 (Idem,

510 5217 612 5274 lib'.
644 5217 710 5275 de
740 5218 902 5274 Civit.
934 5221 1052 5288 Dei,
1088 5223 1231 5276 tom.
1264 5219 1387 5287 VII,
1424 5219 1532 5276 col.
1565 5222 1672 5277 742
1702 5226 1757 5277 et
1787 5223 1934 5296 seq.)

583 5308 689 5376 Qui
745 5315 929 5364 autem
985 5309 1234 5366 adhaeret
1286 5310 1533 5378 Domino,
1585 5326 1728 5367 unus
1780 5313 2007 5384 spiritus
2064 5322 2159 5372 est.

510 5396 847 5470 Corporalia
878 5397 1251 5469 adjunctione
1300 5399 1389 5456 sui
1441 5404 1709 5456 crescunt
1755 5417 1926 5474 usque
1962 5403 2033 5458 ad
2062 5405 2163 5477 qui

510 5485 759 5543 Domino
808 5486 1085 5543 adhaeret.
1118 5489 1325 5562 (Idem,
1353 5487 1455 5545 lib.
1483 5490 1551 5545 de
1584 5490 1801 5560 Trinit.,
1836 5494 1977 5548 tom.
2009 5492 2160 5565 VIII,

510 5573 618 5633 col.
654 5574 807 5650 926.)

582 5662 747 5726 Mens
798 5663 1039 5744 diligere
1090 5666 1347 5746 seipsam
1381 5684 1498 5727 non
1524 5673 1723 5747 posset
1752 5669 1800 5728 si
1833 5687 1894 5729 se
1924 5672 2163 5734 omnino

2276 3348 2375 3408 bus
2402 3361 2763 3425 peccatorum,
2796 3357 2939 3409 tom.
2975 3351 3042 3417 V,
3077 3358 3227 3426 part.
3258 3372 3299 3426 1,
3332 3355 3438 3411 col.
3471 3356 3622 3429 512.)

2903 3539 3137 3598 CAPUT
3175 3540 3297 3597 VII.

2342 3713 2416 3768 De
2447 3710 2642 3784 quibus
2668 3718 2853 3767 autem
2883 3727 3071 3783 usque
3102 3713 3174 3768 ad
3204 3713 3468 3769 similiter
3495 3706 3677 3769 autem
3706 3722 3755 3769 et
3784 3731 3929 3773 uxor

2270 3804 2407 3857 viro.
2444 3801 2675 3856 Fratres
2707 3800 2842 3868 mei,
2877 3801 3126 3857 audiunt
3157 3818 3249 3857 me
3278 3801 3405 3870 viri,
3441 3802 3686 3858 audiunt
3718 3820 3810 3859 me
3842 3804 3925 3861 fe-

2273 3888 2444 3945 minae
2468 3905 2636 3962 usque
2664 3889 2736 3945 ad
2778 3888 3012 3947 tabulas
3055 3889 3227 3964 legat.
3265 3890 3467 3964 (Idem,
3498 3909 3658 3949 serm.
3691 3892 3763 3948 ad
3793 3888 3926 3949 Con-

2259 3981 2500 4052 fugatos,
2534 3981 2676 4034 tom.
2708 3973 2776 4045 V,
2811 3980 2961 4050 part.
2997 3996 3052 4047 ιι,
3087 3974 3196 4034 001.
3231 3976 3416 4048 1711.)

2338 4068 2727 4124 Vehementer
2754 4066 2935 4134 dolui,
2964 4067 3126 4149 sicte
3153 4066 3408 4125 voluisse
3434 4085 3605 4144 agere
3635 4086 3769 4126 cum
3802 4062 3923 4126 ma-

2269 4158 2401 4226 rito,
2435 4161 2500 4213 ut
2526 4155 2834 4213 aediﬁcium
2870 4155 3240 4214 continentiae
3270 4174 3440 4231 usque
3476 4159 3546 4215 ad
3593 4159 3921 4217 secundum

2267 4245 2456 4320 ipsius
2515 4243 2896 4302 voluntatem.
2946 4245 3153 4316 (Idem,
3204 4245 3274 4305 ad
3330 4243 3630 4319 Ecdicium,
3670 4254 3813 4307 tom.
3848 4244 3919 4319 Il,

2268 4334 2378 4393 col.
2413 4335 2598 4404 1078.)

2339 4424 2479 4493 Quis
2508 4424 2667 4480 enim
2700 4422 2889 4480 nescit
2919 4439 3160 4480 uxorem
3193 4424 3405 4482 marito
3435 4429 3719 4500 tanquam
3742 4419 3926 4485 dom-i-

2270 4532 2343 4571 no
2373 4514 2583 4570 debere
2611 4511 2824 4569 servire
2854 4527 3026 4585 usque
3053 4514 3123 4569 ad
3151 4517 3208 4571 et
3236 4532 3381 4570 uxor
3410 4514 3467 4570 in
3497 4510 3919 4590 virum.(Idem,

2192 4613 2240 4679 ι)
2270 4612 2457 4661 contra
2478 4604 2684 4669 Faust.,
2717 4605 2861 4658 tom.
2887 4598 3057 4677 VIII,
3078 4602 3184 4659 col.
3223 4604 3368 4673 420.)

2345 4693 2574 4751 Fratres
2631 4690 2768 4760 mei,
2798 4690 2901 4746 ﬁlii
2959 4690 3095 4758 mei,
3141 4692 3437 4750 sufﬁciant
3490 4690 3656 4752 vobis
3714 4713 3923 4755 uxores

2271 4788 2473 4840 veStrae
2504 4797 2673 4853 usque
2701 4779 2773 4836 ad
2801 4781 2859 4836 et
2882 4778 2985 4837 vos
3011 4780 3192 4838 eritis.
3229 4781 3429 4855 (Idem,
3459 4801 3623 4841 serm.
3647 4778 3711 4842 de
3732 4786 3925 4844 Natali

2266 4879 2599 4945 martyrum,
2631 4874 2774 4926 tom.
2806 4869 2874 4939 V,
2909 4874 3056 4944 part.
3092 4889 3132 4940 1,
3167 4870 3275 4927 col.
3310 4872 3492 4947 1463.)

2338 4962 2515 5018 Nolite
2543 4958 2865 5033 fraudarem
2891 4960 3124 5016 invicem
3148 4977 3333 5034 usque
3362 4962 3436 5018 ad
3466 4980 3575 5020 non
3625 4963 3921 5024 secundum

2269 5052 2584 5123 imperium.
2607 5047 2972 5104 Venerabilis
2994 5047 3208 5105 Paulus
3231 5051 3583 5125 conjuglbus
3603 5052 3685 5110 ait
3708 5071 3720 5109 :
3744 5055 3922 5113 Nolite

2268 5139 2533 5213 fraudare
2565 5139 2817 5205 invicem,
2837 5142 2969 5206 etc.,
2989 5155 3157 5212 usque
3187 5139 3257 5195 ad
3287 5139 3648 5201 debitoribus
3679 5142 3917 5204 nostris.

2271 5231 2477 5304 (Idem,
2510 5227 2817 5297 Enchirid.,
2852 5231 2995 5284 tom.
3026 5227 3122 5295 VI,
3158 5228 3268 5286 col.
3300 5231 3407 5287 269
3436 5237 3493 5289 et
3524 5236 3671 5306 seq.)

2347 5318 2468 5375 Volo
2497 5325 2687 5374 autem
2714 5333 2898 5373 omnes
2926 5316 3173 5374 homines
3203 5336 3390 5392 usque
3412 5321 3484 5377 ad
3508 5322 3655 5380 alius
3674 5340 3797 5381 vero
3816 5327 3917 5382 sic.

2274 5411 2351 5466 De
2380 5408 2510 5481 ipsa
2538 5423 2773 5481 quoque
2803 5404 3089 5480 pudicitia
3118 5409 3411 5482 conjugali
3443 5425 3652 5486 nempe
3675 5418 3921 5486 Aposto-

2270 5497 2365 5555 lus
2397 5498 2478 5554 ait
2505 5513 2677 5570 usque
2705 5494 2776 5552 ad
2807 5495 2957 5552 alius
2987 5501 3185 5553 autem
3219 5486 3323 5555 Sic.
3351 5490 3920 5572 (Idem,lib.de‘Grat.

2271 5595 2322 5645 et
2352 5586 2523 5644 libero
2552 5586 2745 5655 arbit.,
2774 5588 2913 5641 tsm.
2947 5584 3013 5652 X,
3046 5589 3196 5658 part.
3230 5604 3268 5657 1,
3304 5586 3412 5644 col.
3443 5590 3593 5665 886.)

2342 5676 2587 5749 Vellem,
2621 5673 2835 5753 inquit,
2868 5691 3073 5734 omnes
3113 5672 3384 5737 homines
3428 5676 3582 5739 sicut
3629 5676 3919 5763 meipsum
