4114 6464
551 453 665 515 331

1753 448 1986 511 FLORI
2028 444 2348 508 DIACONI
2392 442 2768 508 MONACHI.

3852 448 3977 510 332

556 594 559 599 '
626 588 769 641 Nam
796 583 895 656 qui
920 584 1114 640 statuit
1146 585 1207 639 in
1231 582 1388 640 corde
1414 599 1512 639 suo
1540 583 1893 652 ﬁrmus,etc.,
1918 596 2105 652 usque
2131 580 2203 634 ad
2235 578 2287 646 Α
2319 572 2429 634 sed,
2452 582 2648 634 tamen
2680 595 2833 635 vera.
2869 579 2948 651 (S.
2982 580 3794 652 August.,cont.Faust.,tom.
3819 580 3970 651 VIII,

557 676 684 732 bene
710 675 866 747 facit.
896 673 1144 730 Videtur
1170 671 1481 741 Apostolus
1531 671 1601 727 de
1643 674 1806 742 patre
1848 669 2031 741 loqui,
2064 673 2199 738 etc.,

550 779 723 837 usque
750 763 819 819 ad
850 763 1319 819 inusitatissima.
1357 761 1436 835 (S.
1468 764 1639 833 Aug,
1673 763 1814 815 tom.
1851 760 1949 826 III,
1982 762 2130 830 part.
2167 777 2202 827 ι,

552 852 663 910 col.
695 852 846 926 744.)

627 944 790 1015 Saepe
820 946 1015 998 autem
1045 940 1258 997 accidit
1287 944 1351 996 ut
1374 940 1714 1013 quisquisin
1738 938 1979 995 meliore
1995 939 2202 1011 gradu,

554 1037 689 1101 etc.,
720 1048 889 1104 usque
916 1032 988 1088 ad
1018 1048 1133 1086 non
1166 1034 1356 1103 potest
1385 1030 1551 1103 erigi.
1589 1032 1667 1103 (S.
1700 1032 1975 1102 August.,
2011 1030 2108 1085 lib.
2142 1028 2207 1085 de

555 1124 699 1179 Doct.
727 1122 953 1190 Christ,
984 1124 1124 1176 tom.
1161 1120 1259 1188 III,
1293 1124 1443 1192 part.
1479 1138 1518 1187 ι,
1553 1119 1661 1175 col.
1701 1123 1817 1188 42.)

623 1212 798 1281 Igitur
823 1218 875 1267 et
898 1212 995 1282 qui
1020 1211 1373 1265 matrimonio
1392 1212 1584 1282 jungit
1614 1211 1887 1280 virginem
1899 1226 2057 1264 suam
2078 1209 2208 1264 bene

550 1301 706 1372 facit,
738 1307 788 1356 et
829 1300 926 1371 qui
953 1315 1065 1355 non
1099 1299 1293 1370 jungit
1320 1299 1519 1353 melius
1547 1299 1702 1370 facit.
1735 1298 1799 1353 In
1829 1297 1924 1354 his
1973 1298 2205 1353 duabus

554 1389 748 1445 causis
775 1406 896 1444 una
925 1389 997 1444 de
1027 1388 1303 1444 nubendo
1335 1387 1420 1443 vel
1455 1405 1571 1442 non
1604 1387 1901 1454 nubendo,
1922 1387 2105 1443 altera
2134 1387 2206 1442 de

552 1477 776 1535 inﬁdeli
808 1479 1057 1550 conjuge
1088 1477 1440 1533 dimittendo
1457 1475 1673 1533 velnon
1688 1475 2052 1543 dimittendo,
2068 1481 2203 1549 etc.,

553 1584 725 1641 usque
753 1567 823 1622 ad
850 1567 1006 1638 quod
1037 1565 1173 1622 licet
1203 1583 1307 1621 nec
1340 1566 1587 1638 expedit.
1624 1566 1752 1638 (Id.,
1790 1565 1966 1622 lib.ad
1994 1567 2208 1623 Pollen-

555 1659 715 1725 tium,
750 1660 892 1712 tom.
928 1656 1023 1722 VI,
1057 1654 1166 1711 col.
1201 1657 1323 1710 464.
1359 1659 1415 1710 et
1436 1656 1533 1711 lib.
1565 1656 1630 1711 de
1658 1657 1814 1728 Bapt.
1846 1661 2028 1728 parv.)

628 1746 826 1801 Mulier
853 1746 1083 1816 alligata
1102 1753 1197 1813 est,
1230 1749 1339 1800 etc.
1350 1762 1561 1817 ,usque
1591 1746 1661 1800 ad
1694 1762 1877 1801 meum
1893 1748 2202 1802 consilium.

558 1835 715 1892 Satis
746 1833 1001 1891 ostendit
1029 1834 1267 1890 beatum
1298 1851 1426 1890 esse
1456 1834 2207 1908 in»Domino,etc.,usquead

560 1924 773 1981 melius
822 1924 1154 1981 serviretur.
1205 1924 1336 1995 (Id.,
1371 1924 1466 1979 lib.
1519 1925 1584 1979 de
1633 1933 1823 1981 sancta
1878 1926 2023 1994 Vict,
2058 1929 2200 1981 tom.

556 2013 653 2082 VI,
688 2013 797 2071 col.
831 2013 935 2068 433
965 2016 1021 2068 et
1051 2015 1201 2085 seq.)

630 2103 691 2160 Si
721 2118 855 2159 vero
885 2101 1062 2158 etiam
1093 2102 1314 2158 sciebat
1343 2102 1499 2157 Ruth
1531 2118 1813 2175 persuam
1826 2120 2063 2160 carnem
2077 2122 2210 2177 pro-

554 2190 757 2265 pagari
788 2207 1011 2259 semen,
1044 2194 1177 2257 etc.,
1202 2207 1371 2262 usque
1399 2192 1469 2247 ad
1496 2192 1739 2247 vovendi
1772 2193 2204 2250 necessitatem.

555 2281 687 2355 (Id.,
719 2282 817 2337 lib.
848 2280 914 2337 de
940 2287 1114 2337 sanet.
1150 2281 1376 2347 Viduit.,
1410 2284 1554 2336 tom.
1586 2281 1682 2346 VI,
1716 2281 1946 2338 001.436
1976 2287 2033 2338 et
2060 2286 2208 2355 seq.)

626 2370 706 2425 De
736 2369 946 2435 tertiis,
972 2373 1028 2425 et
1057 2370 1127 2425 de
1159 2370 1407 2442 quartis,
1440 2374 1496 2425 et
1527 2371 1598 2425 de
1630 2370 1785 2426 ultra
1816 2371 2081 2443 pluribus
2100 2390 2208 2427 nu-

555 2457 718 2532 ptiis,
749 2462 882 2527 etc.,
907 2475 1077 2530 usque
1106 2458 1177 2513 ad
1208 2459 1257 2514 si
1290 2457 1374 2515 sic
1404 2460 1813 2531 permanserit.
1849 2461 1980 2532 (Id.,
2015 2462 2111 2517 lib.
2145 2461 2209 2518 de

555 2556 730 2605 sanet.
766 2548 906 2619 Vid.,
937 2551 1079 2603 tom.
1111 2547 1209 2614 VI,
1243 2547 1351 2605 col.
1387 2548 1492 2603 439
1522 2553 1578 2603 et
1608 2548 1753 2621 seq.)

626 2639 765 2693 Puto
796 2644 976 2695 autem
1008 2636 1150 2708 quod
1177 2643 1229 2692 et
1254 2653 1347 2707 ego
1394 2639 1653 2708 spiritum
1695 2640 1795 2694 Dei
1841 2640 2027 2697 habeo.
2061 2641 2206 2696 Cum

557 2725 803 2783 dixisset
822 2726 892 2781 de
906 2725 1150 2782 muliere
1167 2727 1336 2797 cujus
1350 2726 1437 2781 vir
1457 2731 1725 2784 mortuus
1746 2728 1952 2797 fuerat,
1977 2731 2209 2787 Beatior

558 2821 756 2873 autem
802 2816 931 2882 erit,
965 2819 1319 2888 etc.,,usque
1364 2816 1435 2871 ad
1488 2834 1665 2889 opera
1713 2817 2035 2875 Trinitatis.
2068 2820 2202 2891 (Id.,

557 2906 656 2962 lib.
688 2905 759 2961 ad
783 2905 950 2973 Poll.,
979 2908 1121 2960 tom.
1157 2904 1249 2972 VI,
1284 2904 1392 2961 col.
1427 2906 1574 2978 463.)

629 2994 690 3051 Si
720 2993 878 3051 enim
909 3010 1004 3050 me
1044 2993 1290 3061 sciretis,
1323 2998 1380 3050 et
1428 2996 1658 3051 Patrem
1710 3014 1907 3054 meum
1958 2999 2204 3056 forsitan

555 3083 805 3151 sciretis,
838 3086 1158 3156 etc.,usque
1185 3083 1257 3138 ad
1286 3083 1462 3140 ﬁdem
1493 3084 1554 3140 in
1585 3089 1757 3142 terra.
1791 3088 1923 3157 (Id.,
1950 3090 2010 3144 iu
2037 3093 2200 3162 Joan,

553 3176 698 3231 tom.
733 3173 828 3230 III.
862 3176 1013 3245 part.
1047 3190 1108 3243 II,
1142 3171 1252 3228 col.
1290 3173 1471 3246 1671.)

1174 3271 1407 3328 CAPUT
1436 3272 1580 3330 VIII.

2317 667 2427 723 col.
2459 670 2565 723 346
2593 671 2649 725 et
2680 671 2831 741 seq.)

2388 756 2590 814 Solent
2607 756 2775 813 multi
2800 757 2950 814 male
2971 757 3525 833 intelligentes,etc.,
3551 777 3719 833 usque
3739 762 3809 818 ad
3830 766 3975 819 sunt

2313 847 2375 902 in
2407 846 2916 916 creaturis.(Id.,in
2943 849 3546 922 Joan.,tom.IIl,part.
3566 869 3629 918 II,
3649 852 3756 908 col.
3785 854 3971 927 1385.)

2386 938 2451 991 Et
2479 936 2619 1008 quod
2647 937 2834 993 nullus
2862 939 2962 993 Dei
3007 940 3122 994 nisi
3170 955 3335 994 unus.
3371 939 3545 996 Nulla
3592 941 3659 996 ﬁt
3708 943 3971 1014 partium

2315 1024 2376 1081 in
2407 1025 2638 1082 deitatis
2670 1027 2893 1082 unitate
2924 1027 3153 1095 divisio,
3174 1032 3310 1097 etc.,
3343 1046 3513 1102 usque
3562 1031 3633 1087 ad
3662 1031 3838 1088 fidem
3869 1050 3971 1089 ca-

2312 1113 2594 1171 tholicam
2644 1115 2806 1171 dicis.
2844 1116 2973 1187 (Id.,
3006 1117 3103 1172 lib.
3138 1126 3328 1173 contra
3357 1119 3607 1187 Maxim,
3639 1124 3781 1177 tom.
3818 1121 3966 1178 VIII.

2314 1204 2423 1261 col.
2455 1206 2556 1259 771
2589 1208 2647 1260 et
2676 1208 2822 1277 seq.)

2382 1298 2527 1350 Nam
2572 1303 2623 1350 et
2666 1295 2718 1350 si
2764 1302 2895 1350 sunt
2938 1297 3036 1367 qui
3082 1296 3345 1353 dicuntur
3372 1297 3475 1365 dii,
3504 1302 3594 1355 etc
3627 1342 3640 1365 ,
3672 1317 3861 1373 usque
3891 1303 3969 1358 ad

2312 1390 2364 1438 et
2391 1384 2724 1439 conscientia
2745 1383 2988 1454 ipsorum
3018 1400 3143 1438 cum
3171 1385 3246 1440 sit
3281 1385 3502 1456 inﬁrmo
3529 1387 3813 1458 polluitur.
3849 1390 3968 1445 Ad-

2315 1472 2504 1527 dendo
2536 1471 2691 1526 sicut
2720 1476 2879 1538 sunt,
2903 1476 3036 1540 etc.,
3068 1489 3241 1545 usque
3268 1474 3338 1529 ad
3368 1474 3663 1531 honorari.
3698 1477 3825 1549 (Id.,
3860 1480 3964 1535 lib.

2317 1561 2520 1629 Quaest.
2556 1562 2616 1615 in
2644 1559 2838 1628 Exod.,
2873 1565 3012 1616 tom.
3048 1562 3146 1629 Ill,
3176 1567 3325 1634 part.
3350 1580 3389 1631 ι,
3419 1563 3528 1619 col.
3560 1566 3709 1637 628.)

2387 1648 2671 1716 Quoniam
2703 1650 2857 1705 Deus
2886 1667 3138 1723 magnus
3169 1651 3475 1722 Dominus,
3496 1658 3553 1710 et
3582 1672 3680 1711 rex
3710 1673 3966 1731 magnus

2316 1756 2495 1811 super
2522 1756 2727 1795 omnes
2758 1740 3055 1810 deos,etc.,
3089 1757 3258 1813 usque
3287 1742 3358 1797 ad
3397 1759 3546 1814 quos
3593 1744 3768 1802 homo
3808 1748 3966 1804 facit.

2316 1829 2519 1901 (Id.,in
2545 1830 2687 1901 psal.
2712 1847 2859 1896 κείν,
2881 1834 3024 1885 tom.
3050 1829 3144 1899 IV,
3169 1835 3318 1903 part.
3343 1849 3406 1901 II,
3429 1832 3539 1888 col.
3567 1835 3704 1890 1220
3732 1840 3789 1892 et
3817 1840 3973 1911 seq.)

2387 1918 2758 1974 Conﬁtemini
2774 1919 3021 1975 Domino
3034 1919 3715 1995 dominorum,quoniam
3736 1925 3793 1980 in
3808 1932 3976 1984 aeter-

2322 2025 2465 2064 num
2499 2007 2899 2064 misericordia
2928 2009 3078 2080 ejus,
3112 2016 3245 2077 etc.,
3282 2027 3454 2083 usque
3501 2013 3573 2069 ad
3619 2018 3676 2070 et
3725 2032 3831 2072 nos
3870 2034 3980 2089 per

2318 2096 2535 2169 ipsum.
2572 2098 2701 2168 (Id.,
2736 2100 2796 2153 in
2838 2100 2979 2170 psal.
3013 2115 3213 2155 cxxxv.
3268 2103 3410 2156 tom.
3445 2100 3539 2170 IV,
3571 2107 3722 2176 part.
3767 2120 3827 2171 ιι,
3862 2106 3980 2162 col.

2320 2188 2460 2241 1756
2489 2190 2548 2242 et
2578 2187 2734 2259 seq.)

2390 2275 2540 2331 Illud
2573 2293 2705 2332 vero
2738 2277 2839 2333 ubi
2871 2277 3107 2347 dicitur,
3142 2278 3297 2335 Deus
3339 2281 3603 2351 deorum,
3637 2286 3772 2352 etc.,
3806 2301 3987 2358 usque

2317 2366 2387 2421 ad
2406 2370 2463 2421 et
2494 2383 2600 2422 nos
2631 2383 2734 2438 per
2762 2366 2982 2439 ipsum.
3018 2368 3150 2441 (Id.,
3182 2368 3248 2425 de
3297 2369 3453 2426 Civit.
3492 2374 3613 2444 Dei,
3647 2376 3789 2429 tom.
3823 2374 3981 2444 VIlI,

2318 2454 2430 2510 col.
2462 2456 2613 2527 275.)
3131 2454 3140 2469 '

2390 2545 2576 2613 Unus,
2608 2544 2820 2618 inquit,
2855 2547 3010 2603 Deus
3054 2548 3226 2605 Pater
3258 2565 3326 2604 ex
3359 2567 3475 2622 quo
3527 2552 3745 2621 omnia,
3780 2556 3836 2609 et
3867 2571 3983 2611 nos

2316 2635 2375 2690 in
2404 2635 2554 2706 ipso,
2569 2638 2701 2703 etc.,
2733 2652 2905 2707 usque
2931 2642 2999 2692 ad
3030 2640 3229 2693 autem
3260 2638 3477 2696 Christi
3509 2640 3663 2697 Deus
3694 2646 3801 2700 est.
3834 2644 3976 2715 (Id.,

2314 2724 2379 2780 de
2414 2726 2586 2791 Trin.,
2620 2727 2763 2781 tom.
2796 2724 2946 2794 VIII,
2982 2725 3091 2782 col.
3125 2727 3275 2799 827.)

2382 2814 2519 2869 Esca
2547 2821 2730 2869 autem
2757 2831 2852 2871 nos
2879 2831 2991 2871 non
3019 2817 3330 2874 commendo
3358 2820 3485 2891 Deo,
3517 2823 3650 2891 etc.,
3676 2838 3864 2894 usque
3895 2825 3976 2880 ad

2313 2902 2642 2973 deﬁciamus.
2673 2896 2903 2974 Audivi,
2936 2905 3181 2961 Domine
3221 2906 3396 2977 Deus,
3429 2925 3651 2976 vocem,
3700 2915 3836 2977 etc.,
3867 2929 3979 2969 us-

2314 3007 2415 3064 que
2458 2992 2527 3047 ad
2557 2992 2617 3047 in
2648 2991 2895 3048 Domino
2939 2992 3238 3066 glorietur.
3275 2995 3405 3067 (Id.,
3436 2999 3700 3071 Confess.,
3742 3004 3883 3057 tom.
3918 3003 3979 3073 Ι,

2314 3080 2424 3137 col.
2454 3081 2612 3151 789.)

2387 3170 2580 3227 Videte
2625 3179 2826 3241 autem,
2859 3176 2996 3240 etc.,
3033 3189 3223 3245 usque
3271 3175 3343 3231 ad
3389 3192 3459 3232 ne
3506 3180 3740 3249 fratrem
3784 3196 3984 3238 meum

2309 3260 2699 3317 scandaliiem.
2728 3261 3041 3328 Attendite,
3074 3263 3303 3320 fratres.
3335 3265 3453 3321 Hoc
3500 3266 3657 3323 enim
3702 3269 3864 3337 estis,
3899 3287 3983 3328 ex

620 3355 695 3411 De
708 3355 778 3410 iis
790 3360 967 3409 autem
982 3353 1693 3426 quaeidolissacriﬁcantur,
1716 3358 1919 3413 scimus
1933 3360 2065 3430 quia
2084 3375 2200 3415 om-
2231 3333 2274 3401 (ἶ
2313 3350 2424 3406 hoc
2451 3350 2663 3423 populo
2694 3351 2856 3418 estis,
2889 3354 3026 3418 etc.,
3052 3368 3221 3424 usque
3251 3353 3320 3408 ad
3340 3355 3688 3412 erubescant
3720 3333 3977 3416 falci’tati

546 3460 643 3501 nes
655 3444 942 3501 scientiam
952 3442 1559 3500 habemus.Humilium
1579 3445 1766 3501 virtus
1780 3452 1867 3503 cst
1879 3448 1949 3504 de
1963 3446 2208 3505 scientia

549 3549 667 3589 non
697 3532 1271 3605 gloriari,etc.,usque
1302 3533 1371 3587 ad
1393 3533 1762 3606 participatio
1783 3535 2200 3607 veritatis.(Id.,

551 3622 650 3677 lib.
681 3623 827 3677 Sent.
863 3622 1144 3692 Prosperi,
1175 3624 1318 3677 tom.
1353 3622 1417 3690 X,
1453 3627 1602 3694 part.
1635 3641 1698 3694 II,
1732 3624 1839 3680 col.
1876 3627 2059 3697 1879.)

618 3710 863 3765 Scientia
883 3711 1057 3780 inﬂat,
1091 3710 1331 3778 charitas
1361 3727 1485 3767 vero
1521 3712 1776 3783 aedificat.
1811 3715 1936 3770 Non
1968 3721 2057 3772 est
2086 3716 2199 3773 mi-

548 3816 683 3855 rum
713 3799 763 3855 si
789 3798 889 3854 lux
918 3796 1075 3854 lucet
1102 3798 1160 3854 in
1191 3800 1467 3868 tenebris,
1502 3805 1636 3870 etc.,
1670 3818 1841 3875 usque
1877 3806 1948 3860 ad
1977 3823 2092 3862 non
2118 3807 2202 3863 in-

550 3888 746 3944 flatur.
781 3888 909 3962 (Id.,
946 3889 1042 3944 lib.
1075 3888 1141 3944 de
1172 3888 1320 3945 Grat.
1353 3898 1404 3945 et
1447 3891 1617 3947 libero
1666 3894 1918 3962 arbitrio,
1952 3898 2095 3953 tom.
2129 3898 2194 3966 X,

547 3982 699 4051 part.
733 3993 775 4044 ι,
811 3976 919 4034 col.
950 3977 1056 4033 905
1085 3981 1142 4033 et
1174 3978 1320 4051 seq.)

616 4067 766 4132 Quid
797 4071 991 4124 autem
1023 4072 1112 4124 est
1139 4067 1327 4140 pietas
1360 4069 1475 4125 nisi
1507 4070 1607 4126 Dei
1639 4072 1991 4143 cultus,etc.,
2026 4093 2197 4148 usque

539 4157 611 4214 ad
639 4158 740 4214 sed
769 4173 872 4230 per
900 4157 1263 4214 charitatem.
1290 4158 1420 4231 (Id.,
1445 4160 1545 4216 lib.
1570 4160 1640 4217 ad
1671 4165 1923 4232 Hieron.,
1949 4168 2090 4221 tom.
2117 4166 2188 4235 II,

538 4246 647 4304 col.
679 4248 788 4303 737
816 4251 874 4303 et
902 4250 1052 4319 seq.)

599 4336 734 4408 Ipsa
761 4337 924 4410 origo
958 4336 1215 4393 nominis
1236 4339 1911 4414 daemonum,etc.,usque
1936 4343 2005 4400 ad
2031 4362 2187 4402 reve-

528 4423 689 4481 latio.
722 4426 857 4495 (Id.,
888 4426 952 4482 de
984 4428 1143 4484 Civit.
1173 4429 1293 4495 Dei,
1329 4431 1472 4484 tom.
1501 4427 1622 4497 VII,
1656 4429 1763 4485 col.
1796 4432 1903 4486 263
1935 4436 1993 4488 et
2019 4449 2183 4490 serm.

525 4513 593 4571 de
624 4514 776 4570 Verb.
807 4516 1038 4588 Evang.)

600 4602 919 4659 Scientiam
950 4605 1789 4681 terrestrium,coelestiumque
1823 4617 2181 4682 rerum,etc.,

2316 3457 2455 3495 suae.
2492 3440 2620 3512 (Id.,
2651 3457 2811 3496 serm.
2864 3440 2928 3496 de
2980 3441 3130 3498 Verb.
3180 3444 3413 3513 Evang.,
3448 3448 3591 3501 tom.
3639 3446 3708 3514 V,
3739 3452 3890 3519 part.
3922 3467 3977 3520 ι,

2316 3528 2424 3584 col.
2456 3530 2561 3583 417
2588 3533 2644 3585 et
2674 3532 2824 3602 seq,)

2382 3623 2519 3690 Ipsa
2543 3621 2632 3674 est
2661 3635 2798 3692 ergo
2828 3618 2917 3675 lex
2937 3619 3175 3687 Christi,
3203 3625 3268 3676 ut
3297 3622 3544 3680 invicem
3562 3642 3740 3682 onera
3759 3631 3977 3685 nostra

2309 3712 2631 3779 portemus,
2665 3713 2979 3781 etc.,usque
3008 3710 3076 3766 ad
3105 3710 3346 3784 diligere
3375 3718 3611 3786 propter
3638 3715 3971 3775 Christum.

2310 3797 2436 3871 (Id.,
2472 3798 2569 3853 lib.
2603 3802 2841 3869 Quaest,
2868 3803 3011 3855 tom.
3040 3800 3135 3866 VI,
3169 3801 3276 3857 col.
3308 3802 3423 3874 83.)

2380 3887 2527 3953 Quid
2557 3893 2640 3943 est
2673 3904 2809 3960 ergo
2842 3890 2998 3960 quod
3029 3888 3572 3962 pleriqlehomines
3598 3893 3972 3968 istapeccata

2305 3980 2710 4045 contemnunt,
2728 3981 3035 4049 etc.,usque
3062 3978 3134 4035 ad
3155 3979 3482 4037 remedium
3516 3982 3630 4039 cito
3661 3984 3967 4044 invenisti.

2303 4066 2432 4140 (Id.,
2463 4083 2625 4123 serm.
2657 4066 2722 4122 de
2752 4068 2926 4137 Verb.,
2959 4068 3136 4135 Dom.,
3168 4072 3311 4125 tom.
3336 4069 3404 4139 V,
3429 4077 3578 4144 part.
3605 4088 3646 4141 ι,
3671 4075 3779 4131 col.
3802 4077 3966 4151 508.)

2944 4166 3176 4222 CAPUT
3209 4168 3305 4224 IX.
3816 4182 3821 4187 ’

2370 4250 2493 4303 Non
2517 4262 2641 4302 sum
2670 4244 2849 4303 liber?
2872 4263 3058 4319 usque
3082 4248 3155 4303 ad
3182 4251 3387 4320 fratres
3398 4253 3621 4309 Domini
3641 4261 3693 4310 et
3714 4256 3971 4327 Cephas?

2296 4334 2442 4390 Vide
2471 4336 2970 4407 quemadmodum
3001 4336 3192 4409 primo
3234 4341 3505 4396 ostendat
3550 4342 3692 4414 quid
3740 4344 3850 4401 sibi
3886 4344 3968 4400 li-

2297 4429 2444 4495 ceat,
2477 4430 2611 4494 etc.,
2655 4441 2757 4497 per
2802 4426 3010 4482 librum
3054 4428 3351 4496 integrum.
3407 4429 3488 4502 (S.
3539 4433 3712 4505 Aug,
3747 4434 3848 4490 lib.
3892 4435 3969 4493 de

2297 4516 2464 4587 Opere
2492 4516 2900 4585 monachorum,
2934 4521 3075 4572 tom.
3108 4517 3203 4586 VI,
3240 4517 3348 4574 col.
3372 4520 3481 4575 552
3509 4525 3562 4576 et
3595 4523 3742 4594 seq.)

2367 4604 2497 4673 Quis
2522 4606 2744 4672 militat,
2769 4611 2901 4672 etc.,
2926 4608 3195 4679 usquead
3212 4608 3278 4664 de
3289 4608 3427 4665 lacte
3448 4612 3631 4681 gregis
3661 4628 3771 4668 non
3792 4630 3962 4671 man-

524 4707 696 4764 usque
724 4692 795 4748 ad
833 4693 986 4749 beati
1020 4694 1120 4750 Dei
1172 4694 1285 4750 sui.
1322 4696 1453 4768 (Id.,
1487 4697 1552 4753 de
1604 4700 1821 4769 Trinit.,
1856 4705 1997 4757 tom.
2028 4702 2178 4776 VIII,
2211 4713 2258 4778 Ι)
2289 4693 2500 4750 ducat?
2530 4693 2867 4750 Invenimus
2897 4712 3034 4769 ergo
3067 4712 3195 4753 esse
3224 4695 3315 4753 lac
3345 4699 3561 4771 gregis,
3597 4701 3890 4773 quidquid
3920 4722 3960 4760 a

526 4780 635 4839 col.
667 4783 773 4839 885
802 4786 858 4839 et
888 4785 1039 4855 seq.)

594 4872 857 4928 Scidntia
886 4873 1072 4941 inflat,
1107 4879 1241 4944 etc.,
1284 4894 1453 4949 usque
1493 4878 1565 4933 ad
1612 4879 1857 4950 probata
1907 4884 2013 4936 est.
2049 4882 2179 4952 (Id.,

523 4962 620 5019 lib.
653 4979 695 5018 II
727 4962 798 5017 ad
824 4965 1084 5035 Januar.,
1117 4968 1258 5021 tom.
1294 4964 1363 5035 II,
1396 4966 1503 5022 col.
1537 4968 1687 5039 223.)
1730 5005 1743 5011 -

587 5053 653 5110 Si
673 5056 798 5125 quis
829 5071 886 5110 se
914 5057 1194 5112 existimat
1222 5057 1363 5113 scire
1391 5058 1625 5129 aliquid,
1657 5058 1903 5115 nondum
1932 5064 2185 5131 cognovit

517 5144 977 5213 quemadmodum
1006 5153 1249 5217 oporteat
1276 5162 1401 5201 eum
1429 5149 1587 5203 scire.
1622 5148 1684 5203 Si
1710 5150 1834 5220 quis
1880 5157 2061 5205 autem
2091 5152 2180 5207 di-

517 5232 644 5300 ligit
671 5238 863 5301 Deum,
892 5234 982 5289 hic
1010 5236 1259 5304 cognitus
1291 5243 1369 5291 est
1400 5236 1468 5291 ab
1506 5253 1587 5294 eo.
1630 5237 1967 5293 Nescientes
2023 5241 2180 5297 unde

515 5319 769 5377 habeant
801 5324 955 5394 quod
989 5330 1149 5393 sunt,
1182 5323 1373 5379 stultae
1405 5325 1660 5399 virgines
1691 5331 2179 5402 sunt,etc.,usque

2290 4783 2500 4856 plebe.,
2526 4787 2658 4850 etc.,
2692 4800 2861 4855 usque
2908 4785 2979 4840 ad
3027 4790 3084 4841 et
3131 4786 3232 4843 isti
3275 4785 3551 4845 salutem.
3586 4790 3716 4863 (Id.,
3751 4792 3852 4847 lib.
3884 4794 3957 4851 de

2291 4874 2635 4941 Pastoribus,
2669 4878 2811 4930 tom.
2843 4874 2913 4941 V,
2944 4879 3095 4947 part.
3126 4893 3164 4945 ι,
3199 4876 3309 4932 col.
3342 4880 3441 4933 271
3477 4883 3535 4934 et
3564 4880 3711 4952 seq.)

2361 4964 2639 5035 Scriptum
2660 4972 2758 5032 est,
2793 4968 2927 5033 etc.,
2945 4982 3131 5039 usque
3162 4967 3234 5022 ad
3265 4968 3330 5023 de
3360 4968 3526 5024 bobus
3546 4986 3683 5025 cura
3710 4979 3790 5027 est
3809 4974 3955 5031 Deo?

2290 5053 2452 5117 Quod
2483 5052 2689 5109 attinet
2719 5054 2789 5109 ad
2823 5059 3132 5127 praacepta,
3163 5060 3297 5124 etc.,
3331 5073 3502 5130 usque
3549 5059 3619 5114 ad
3648 5061 3948 5119 consulat.

2290 5142 2418 5214 (Id.,
2454 5143 2552 5199 lib.
2581 5146 2791 5215 Quaest.
2827 5145 2889 5199 in
2917 5144 3121 5210 Exod.,
3156 5145 3243 5200 tit.
3278 5146 3369 5213 89,
3408 5149 3551 5203 tom.
3587 5148 3682 5218 IlI,
3716 5154 3869 5222 part.
3903 5169 3948 5224 ι,

2290 5232 2398 5289 col.
2431 5234 2536 5287 628
2567 5235 2624 5288 et
2651 5235 2801 5305 seq.)

2360 5323 2515 5379 Fecit
2562 5322 2740 5389 enim,
2791 5327 2924 5394 etc.,
2971 5340 3141 5396 usque
3188 5324 3260 5381 ad
3315 5327 3499 5400 patris
3556 5329 3753 5385 vestri.
3803 5329 3949 5400 (Id.,

512 5408 584 5464 ad
627 5408 687 5464 in
742 5411 988 5469 Domino
1034 5413 1332 5486 glorietur.
1368 5416 1498 5488 (Id.,
1540 5417 1640 5472 lib.
1692 5417 1758 5473 de
1804 5416 1989 5474 Gratia
2040 5419 2177 5481 Νουί
2285 5420 2445 5469 tract.
2481 5413 2540 5467 in
2564 5414 2707 5484 psal.
2744 5428 2907 5480 CXLV,
2938 5416 3080 5470 tom.
3118 5414 3210 5485 IV,
3247 5421 3398 5488 part.
3432 5435 3491 5487 ιι,
3526 5417 3635 5475 col.
3674 5420 3860 5493 1893.)

516 5499 860 5569 Testamenti,
893 5506 1036 5559 tom.
1071 5503 1140 5571 II,
1174 5503 1282 5559 col.
1313 5506 1465 5575 576.)

2358 5503 2425 5558 Ut
2468 5500 2555 5557 ha;
2606 5501 2834 5570 animae,
2878 5506 3012 5572 etc.,
3062 5520 3232 5575 usque
3277 5505 3348 5561 ad
3393 5513 3770 5580 acceperunt.
3804 5510 3945 5582 (Id.,

583 5592 661 5644 De
687 5590 822 5645 escis
851 5599 1035 5646 autem
1066 5607 1190 5663 qum
1221 5593 1383 5648 idolis
1414 5596 1789 5666 immolantur,
1810 5599 2012 5654 scimus
2037 5601 2168 5671 quia
2278 5593 2376 5649 lib-
2408 5591 2473 5647 de
2498 5593 2680 5661 Αθοηϐ
2706 5592 2938 5657 Christi.
2974 5597 3116 5649 tom-
3145 5592 3238 5662 VI,
3275 5594 3381 5652 001.
3417 5596 3526 5653 295
3555 5601 3612 5653 et
3641 5601 3792 5671 seq.)

506 5675 655 5733 nihil
682 5686 764 5735 est
790 5679 1000 5735 idolum
1025 5682 1081 5735 in
1114 5681 1336 5737 mundo.
1361 5683 1559 5756 Neque
1589 5686 1744 5741 enim
1779 5703 1879 5742 vos
1904 5704 2164 5761 paganos

2344 5681 2410 5737 Si
2436 5697 2534 5737 nos
2563 5681 2713 5737 vobis
2741 5682 3046 5754 spiritalia,
3080 5686 3422 5757 etc.,usque
3452 5687 3525 5743 ad
3547 5688 3805 5745 carnalia
3828 5706 3944 5747 me-

508 5763 780 5843 dicimus,
814 5773 916 5827 aut
963 5770 1224 5829 schisma
1280 5789 1666 5847 paganorum,
1705 5780 1838 5848 etc.,
1873 5793 2043 5854 usque
2092 5779 2162 5837 ad
2271 5774 2484 5831 tamus?
2499 5771 2638 5839 Quis
2668 5771 2819 5829 sicut
2848 5771 3137 5832 Dominus
3166 5773 3320 5833 Deus
3351 5781 3573 5849 noster,
3596 5777 3777 5853 quiin
3794 5778 3937 5839 altis
