4114 6450
184 344 303 409 341

1084 345 1498 411 EXPOSITIO
1542 347 1622 410 IN
1668 349 1837 411 EPP.
1883 348 2146 414 PAULI.
2178 385 2255 396 —
2288 352 2410 414 EP.
2457 350 2561 414 AD
2606 351 2781 415 COR.

3506 348 3629 427 342

186 488 321 548 etc.,
355 495 549 554 usque
593 477 667 536 ad
717 477 966 539 eumdem
1019 480 1309 554 Spiritum.
1344 482 1529 539 Habet
1583 482 1741 539 enim
1798 485 1854 540 et
1881 484 1936 552 Α
1966 484 2098 553 bus,
2124 489 2255 556 etc.,
2281 502 2453 560 usque
2480 486 2552 545 ad
2586 484 3130 543 anathematizetur.
3154 484 3286 557 (Id.,
3321 484 3419 543 lib.
3441 493 3621 544 contr-

184 571 440 628 scientia
471 570 718 626 modum
749 587 926 626 suum
957 571 1200 639 bonum,
1230 571 1280 627 si
1311 572 1486 644 quod,
1520 576 1655 641 etc.,
1686 590 1857 645 usque
1968 579 2179 643 Faust,
2212 579 2355 632 tom.
2387 576 2536 645 VIII,
2571 576 2680 632 col.
2716 578 2822 632 474
2853 580 2911 633 et
2949 579 3099 649 seq.)

185 661 255 717 ad
296 660 566 733 corporis
605 660 900 716 sensibus.
934 660 1065 733 (Id.,
1098 661 1200 717 lib.
1238 678 1320 716 xu
1348 662 1412 717 de
1457 663 1677 734 Trinit,
1706 666 1850 719 tom.

178 750 335 816 VIII,
371 749 486 806 col.
523 749 663 806 1009
692 753 750 807 et
779 753 927 822 seq.)

254 841 423 897 Fecit
451 841 608 896 Deus
638 840 699 896 in
730 840 1034 897 intellectu
1067 841 1242 898 caelos
1269 841 1583 914 spiritales,
1618 847 1852 899 sanctos

179 947 325 987 suos
359 947 373 985 :
412 929 632 1002 quibus
664 947 802 996 non,
835 934 969 997 etc.,
1001 947 1170 1003 usque
1217 932 1288 987 ad
1336 931 1451 987 ista
1502 948 1619 988 non
1657 937 1847 988 erunt.

178 1020 315 1091 (Id.,
347 1027 511 1076 tract.
541 1020 686 1091 psal.
725 1036 925 1088 cxxxv,
967 1024 1110 1078 tom.
1145 1020 1240 1089 1V,
1272 1024 1422 1094 part.
1455 1038 1516 1090 ιι,
1557 1020 1667 1076 001.
1717 1021 1851 1076 1759

178 1113 235 1166 et
258 1108 417 1181 seq.)

244 1198 489 1254 rEterno
520 1202 670 1255 Deus
701 1214 869 1255 meus
909 1198 1172 1270 consilio,
1206 1200 1360 1255 bona
1406 1198 1666 1255 ccelestia
1714 1215 1844 1271 pro-

174 1287 347 1362 priis,
385 1293 521 1357 etc.,
553 1304 723 1360 usque
751 1288 822 1343 ad
850 1292 1160 1344 contentus
1200 1289 1296 1345 sit.
1331 1290 1462 1361 (Id.,
1504 1289 1600 1345 lib.
1634 1288 1848 1360 Confes-

171 1380 405 1435 sionum
432 1395 558 1442 x111,
589 1381 734 1433 tom.
768 1378 815 1443 Ι,
847 1377 956 1433 001.
989 1379 1094 1434 854
1123 1382 1180 1434 et
1209 1381 1358 1451 seq.)

244 1469 434 1525 Alteri
454 1466 588 1538 ﬁdes
625 1468 686 1522 in
714 1467 901 1523 eodem
928 1467 1162 1539 Spiritu,
1194 1469 1298 1524 alii
1325 1470 1509 1539 gratia
1536 1470 1846 1525 sanitatum

173 1559 237 1614 in
264 1573 384 1613 uno
411 1557 651 1629 Spiritu,
683 1556 791 1612 alii
817 1559 1059 1629 operatio
1090 1559 1377 1625 virtutum,
1408 1559 1514 1613 alii
1537 1559 1841 1629 prophetia.

169 1647 321 1703 Vide
353 1646 538 1702 etiam
569 1645 762 1718 ipsam
789 1645 963 1702 ﬁdem
996 1645 1149 1701 inter
1172 1646 1275 1702 Dei
1304 1663 1553 1703 munera
1581 1647 1840 1719 reperiri,

171 1740 308 1805 etc.,
332 1752 511 1810 usque
532 1734 604 1792 ad
623 1735 762 1792 Jesu
788 1734 1039 1793 Christo.
1063 1736 1196 1806 (Id.,
1222 1736 1320 1791 lib.
1346 1737 1603 1805 Retract.,
1626 1740 1768 1792 tom.
1796 1737 1839 1807 Ι,

170 1826 282 1883 001.
313 1827 476 1895 621.)

2036 664 2139 720 Sed
2167 666 2339 721 multo
2366 667 2542 737 magis
2564 681 2690 737 quae
2719 666 2978 722 videntur
3002 667 3243 722 membra
3264 669 3504 739 corporis
3534 668 3620 723 in-

1962 755 2215 825 ﬁrmiora
2244 771 2374 823 esse,
2407 757 2713 811 necessaria
2740 764 2887 811 sunt.
2922 758 2989 811 Et
3018 771 3143 828 quae
3166 763 3428 828 putamus
3459 759 3619 826 igno-
3717 764 3721 769 '

1965 844 2163 900 biliora
2190 847 2432 900 membra
2478 861 2590 902 esse
2637 847 2899 917 corporis,
2932 849 3064 913 etc.,
3099 862 3287 917 usque
3318 847 3390 901 ad
3420 854 3483 902 ut
3505 862 3618 902 non

1958 936 2030 989 sit
2058 933 2297 989 schisma
2327 936 2387 990 in
2417 950 2654 1006 corpore.
2689 934 2852 990 Absit
2882 938 3099 1002 autem,
3133 938 3200 989 ut
3230 934 3307 990 sit
3334 934 3394 989 in
3425 951 3616 991 mem-

1959 1023 2082 1079 bris
2114 1028 2478 1091 sanctorum,
2501 1027 2633 1090 etc.,
2655 1040 2827 1096 usque
2850 1024 2920 1079 ad
2950 1023 3161 1079 rationi
3194 1023 3457 1080 serviret.
3484 1024 3613 1097 (Id.,

1960 1112 2088 1168 libr.
2120 1120 2293 1169 contr.
2324 1114 2532 1180 Faust.,
2559 1130 2608 1168 c.
2631 1113 2722 1181 29,
2752 1116 2897 1167 tom.
2931 1112 3079 1181 VIII,
3112 1112 3223 1168 col.
3258 1112 3409 1185 490.)

2027 1202 2143 1257 Vos
2174 1201 2351 1269 enim,
2389 1203 2620 1271 fratres,
2653 1201 2906 1274 populus
2939 1202 3039 1257 Dei
3084 1202 3248 1268 estis,
3281 1202 3456 1257 sicuti
3486 1201 3613 1274 ipse

1957 1290 2122 1360 dixit,
2156 1295 2212 1347 et
2242 1309 2374 1349 oves
2418 1307 2649 1364 pascua:
2698 1292 2847 1363 ejus.
2884 1290 3118 1347 Habetis
3148 1292 3209 1347 in
3238 1291 3478 1347 nomine
3508 1290 3612 1347 Dei

1955 1384 2242 1453 pastores,
2278 1384 2410 1450 etc.,
2444 1397 2614 1453 usque
2653 1381 2724 1436 ad
2768 1380 2828 1435 in
2877 1397 3136 1453 corpore.
3178 1380 3310 1453 (Id.,
3349 1397 3515 1438 serm.
3544 1380 3611 1438 de

1959 1470 2099 1544 Ver.)

2026 1560 2129 1616 Sed
2144 1561 2216 1626 ,in
2251 1561 2493 1632 idipsum
2531 1577 2631 1632 pro
2664 1562 2895 1616 invicem
2920 1561 3161 1616 sollicita
3186 1544 3317 1617 sunt
3341 1563 3605 1631 membra,

1954 1657 2005 1705 et
2034 1652 2085 1706 si
2114 1650 2250 1722 quid
2275 1652 2488 1722 patitur
2515 1667 2691 1707 unum
2719 1651 3043 1716 membrum,
3073 1652 3206 1715 etc.,
3240 1665 3426 1722 usque
3458 1650 3530 1706 ad
3558 1656 3611 1707 et

1950 1741 2258 1795 membrum
2285 1739 2349 1796 de
2387 1741 2646 1796 membro.
2683 1739 2820 1795 Plus
2853 1756 2996 1795 sane
3040 1756 3218 1811 quam
3251 1738 3367 1794 dici
3417 1742 3610 1811 potest

1873 1864 1922 1929 Β
1953 1827 2202 1885 miratus
2234 1845 2391 1895 sum,
2413 1829 2571 1901 quod
2622 1845 2727 1884 nec
2777 1831 2960 1892 tanta,
2993 1830 3127 1898 etc.,
3156 1842 3325 1899 usque
3354 1825 3426 1881 ad
3455 1826 3610 1882 dona

240 1917 363 1972 Alii
389 1915 649 1972 discretio
676 1916 996 1987 spirituum,
1028 1915 1136 1971 alii
1154 1932 1357 1985 genera
1380 1916 1716 1988 linguarum,
1741 1917 1846 1972 alii
1874 1915 1920 1929 ⁵’
1955 1915 2296 1974 victoribus.
2320 1918 2455 1987 (Id.,
2486 1920 2643 1989 epist.
2676 1916 2748 1972 ad
2778 1918 2923 1985 Ital.,
2956 1920 3099 1972 tom.
3130 1916 3200 1985 II,
3224 1915 3334 1971 col.
3368 1916 3520 1987 365.)

170 2003 1195 2078 interpretabosermonum.Discretio
1213 2021 1354 2061 sane
1371 2004 1719 2061 difficillima
1734 2008 1844 2073 est,

170 2111 311 2151 cum
336 2094 589 2167 spiritus
609 2092 927 2167 malignus,
947 2098 1082 2159 etc.,
1102 2110 1273 2167 usque
1289 2095 1359 2150 ad
1381 2094 1573 2151 malus
1594 2095 1688 2150 sit.
1710 2096 1842 2167 (Id.,

167 2184 270 2242 lib.
292 2202 377 2240 xu
404 2184 472 2240 de
500 2187 634 2240 Gen.
663 2183 734 2239 ad
755 2184 865 2239 lit..
887 2186 1032 2239 tom.
1056 2183 1152 2251 III,
1176 2187 1328 2255 part.
1352 2201 1393 2250 1,
1419 2182 1526 2239 col.
1551 2184 1700 2252 465.)

239 2277 375 2333 Haec
405 2281 591 2329 autem
619 2274 805 2328 omnia
834 2280 1091 2344 operatur
1118 2290 1263 2329 unus
1293 2280 1455 2345 atque
1483 2272 1628 2329 idem
1654 2274 1841 2345 Spiri-

166 2372 263 2420 tus
286 2363 545 2419 dividens
568 2362 808 2432 singulis
827 2371 992 2435 prout
1011 2363 1146 2419 vult.
1172 2362 1425 2434 Spiritus
1450 2366 1692 2418 sanctus
1716 2381 1842 2419 coo-

165 2456 413 2526 perator
452 2457 545 2509 est
595 2452 889 2509 Patriset
936 2451 1085 2508 Filii.
1121 2451 1284 2508 Unde
1339 2450 1667 2524 Apostolus,
1700 2457 1835 2525 etc.,

166 2559 349 2615 usque
377 2542 451 2598 ad
479 2546 771 2615 operetur.
815 2542 947 2615 (Id.,
981 2549 1139 2597 tract.
1180 2542 1321 2613 psal.
1353 2558 1542 2609 CXVIII,
1565 2545 1708 2597 tom.
1738 2542 1835 2612 IV,

162 2636 328 2705 part.
364 2649 430 2698 n,
463 2630 573 2687 col.
607 2631 791 2698 1551.)

243 2720 462 2776 Omnia
490 2724 688 2776 autem
716 2720 838 2775 haec
860 2724 1136 2793 cperatur
1155 2737 1310 2776 unus
1336 2723 1511 2793 atque
1532 2721 1687 2777 idem
1710 2721 1835 2794 Spi-

164 2811 346 2879 ritus,
362 2809 631 2866 dividens
655 2809 972 2881 unicuique
1001 2809 1237 2883 propria
1258 2815 1431 2882 prout
1448 2809 1591 2866 vult.
1617 2809 1730 2866 Alii
1762 2809 1830 2866 il-

161 2899 300 2967 lud,
351 2898 452 2954 alii
500 2898 630 2966 hoc,
662 2898 977 2954 divisiones
1025 2903 1167 2955 sunt
1213 2898 1589 2971 operationis.
1624 2899 1834 2955 Omnia

161 2991 295 3047 haec
329 2993 607 3062 operatur
645 3007 801 3045 unus
844 2994 1021 3062 atque
1051 2990 1206 3044 idem
1239 2989 1514 3061 Spiritus,
1548 2990 1713 3046 radix
1743 2994 1833 3047 est

166 3078 444 3136 unitatis.
478 3080 587 3135 Fec
614 3096 934 3152 possumus
965 3079 1156 3134 dicere
1195 3079 1350 3150 quod
1396 3079 1660 3150 spiritus,
1693 3084 1827 3147 etc.,

161 3185 348 3240 usque
392 3169 465 3225 ad
511 3167 956 3240 significationis
1000 3166 1131 3222 fuit.
1173 3167 1306 3236 (Id.,
1340 3168 1439 3223 lib.
1472 3184 1527 3224 IV
1555 3168 1621 3224 de
1654 3170 1825 3238 Trin.,

165 3264 322 3314 tom.
356 3257 507 3325 VIII,
541 3256 663 3313 col.
685 3256 836 3328 908.)

239 3346 615 3403 Admonendi
642 3349 782 3404 sunt
808 3346 1089 3420 legentes,
1106 3345 1583 3418 quandoquidem
1606 3346 1828 3400 donum

159 3436 295 3505 Dei,
335 3440 466 3503 etc.,
496 3452 666 3508 usque
696 3435 765 3491 ad
796 3439 853 3492 et
883 3435 1169 3491 dentium.
1194 3436 1326 3504 (Id.,
1351 3436 1447 3491 lib.
1474 3435 1539 3491 de
1574 3436 1826 3491 Trinitat.

157 3544 261 3597 xv,
296 3529 443 3581 tom.
474 3525 622 3593 VIII,
652 3525 760 3581 col.
796 3526 981 3594 1086.)

236 3615 413 3671 Forte
443 3613 576 3687 quis
607 3614 763 3671 dicat
793 3614 1079 3686 Spiritum
1107 3616 1377 3669 sanctum
1411 3614 1535 3669 dari
1570 3615 1764 3687 potius
1796 3632 1831 3671 a

159 3706 342 3761 Patre
372 3707 428 3759 et
460 3703 623 3770 Filio,
649 3707 782 3771 etc.,
814 3719 988 3776 usque
1019 3703 1089 3759 ad
1118 3720 1180 3759 se
1216 3702 1343 3776 ipse
1374 3703 1658 3760 diversus.
1692 3704 1826 3777 (Id.,

160 3795 266 3850 lib.
302 3794 369 3849 de
398 3794 526 3850 Blas
552 3793 726 3866 Spiri.
757 3795 955 3861 sancti,
988 3797 1131 3849 tom.
1161 3792 1231 3860 V,
1253 3792 1361 3848 col.
1392 3793 1540 3865 459.)

234 3884 397 3941 Sicut
448 3884 599 3939 enim
644 3899 840 3955 corpus
892 3899 1068 3939 unum
1115 3889 1210 3947 est,
1271 3890 1322 3938 et
1373 3883 1615 3938 membra
1669 3884 1828 3939 habet

157 3973 366 4041 multa,
390 3974 579 4029 omnia
607 3980 789 4029 autem
810 3973 1056 4028 membra
1076 3974 1317 4044 corporis
1338 3988 1463 4027 cum
1489 3974 1604 4028 sint
1628 3973 1824 4040 multa,

158 4080 348 4119 unum
381 4070 582 4133 tamen,
615 4066 749 4130 etc.,
782 4079 972 4135 usque
1011 4062 1084 4117 ad
1120 4063 1298 4118 vocati
1322 4078 1532 4117 sumus.
1557 4062 1829 4133 Loquens

163 4154 239 4209 de
272 4151 560 4208 membris
594 4151 832 4219 Christi,
855 4151 967 4208 hoc
996 4154 1084 4207 est
1132 4151 1202 4206 de
1251 4149 1542 4217 ﬁdelibus,
1579 4168 1691 4206 non
1725 4150 1826 4219 ait,

162 4247 307 4310 etc.,
337 4257 510 4313 usque
539 4242 609 4297 ad
646 4240 892 4314 potestis
931 4242 1140 4297 facere.
1168 4240 1298 4312 (Id.,
1330 4248 1487 4296 tract.
1513 4241 1658 4311 psal.
1691 4258 1827 4310 xxx,

160 4336 314 4388 tom.
348 4330 444 4401 IV,
478 4334 628 4403 part.
662 4348 701 4397 ι,
735 4329 846 4386 001.
878 4331 1029 4399 232.)

237 4419 456 4475 Omnia
490 4423 689 4475 autem
720 4418 986 4474 membra
1015 4417 1277 4491 corporis
1306 4434 1441 4473 cum
1472 4417 1590 4473 sint
1619 4418 1825 4491 multa,

161 4525 357 4566 unum
390 4511 481 4565 est
519 4524 754 4581 corpus,
788 4509 871 4564 ita
899 4512 956 4564 et
985 4507 1273 4564 Christus.
1316 4508 1441 4562 Non
1502 4507 1582 4562 ait
1640 4508 1721 4563 ita
1773 4512 1830 4564 et

162 4598 414 4664 Christi,
436 4599 538 4654 sed
585 4614 798 4670 corpus
840 4613 1047 4665 unum,
1072 4601 1206 4663 etc.,
1239 4612 1410 4669 usque
1439 4596 1508 4652 ad
1536 4601 1593 4652 et
1621 4596 1740 4667 ille,
1773 4601 1829 4653 et
1857 4617 1903 4682 D

162 4705 296 4745 nos.
319 4687 406 4756 (S.
439 4688 610 4759 Aug.,
645 4694 802 4743 tract.
830 4687 970 4759 psal.
1002 4686 1161 4758 XLII.)

233 4778 378 4832 Nam
403 4784 454 4832 et
481 4791 675 4849 corpus
713 4792 821 4832 non
852 4784 930 4832 est
960 4792 1136 4831 unum
1163 4774 1486 4845 membrum,
1508 4775 1600 4831 sed
1631 4776 1822 4831 multa.

160 4869 226 4923 Si
254 4865 467 4922 dixerit
488 4881 601 4937 pes,
626 4867 759 4938 quia
787 4882 897 4922 non
926 4882 1044 4922 sum
1074 4881 1294 4932 manus,
1326 4881 1433 4921 non
1463 4881 1588 4920 sum
1615 4865 1680 4921 de
1707 4881 1826 4920 cor-

158 4973 315 5030 pore,
339 4971 451 5011 non
486 4955 604 5011 ideo
631 4971 745 5012 non
771 4964 850 5012 est
879 4956 945 5012 de
974 4970 1195 5027 corpore
1219 4973 1237 5011 :
1258 4961 1309 5010 et
1333 4956 1385 5011 si
1412 4953 1623 5011 dimerit
1646 4956 1825 5010 auris.

163 5048 303 5119 quia
327 5062 445 5101 non
470 5061 595 5101 sum
636 5046 845 5112 oculus,
879 5048 1012 5115 etc.,
1048 5061 1235 5117 usque
1270 5044 1341 5100 ad
1378 5061 1490 5101 non
1526 5046 1652 5100 estis
1683 5044 1830 5101 mihi

163 5136 492 5193 necessarii.
516 5133 682 5190 Oculi
713 5133 829 5191 mei
856 5134 1138 5191 infirmati
1161 5138 1303 5190 sunt
1328 5134 1399 5190 ab
1432 5132 1647 5205 inopia.
1671 5136 1826 5201 Quos

162 5224 374 5282 oculos
411 5224 562 5296 ejus,
604 5227 738 5292 etc.,
760 5240 932 5297 usque
973 5224 1044 5281 ad
1090 5223 1315 5280 lumine
1344 5241 1471 5280 suo.
1505 5224 1638 5293 (Id.,
1668 5231 1825 5280 tract.

158 5315 309 5388 psal.
334 5330 582 5382 manu,
614 5316 756 5369 tom.
793 5313 886 5385 IV,
918 5318 1070 5386 part.
1104 5329 1168 5380 n,
1203 5313 1310 5370 col.
1349 5304 1531 5382 1114.)

236 5406 395 5462 Sunt
424 5402 716 5471 homines,
743 5420 892 5476 quos
941 5402 1189 5459 delectat
1235 5402 1586 5458 miraculum
1617 5403 1824 5473 facere,

162 5501 222 5551 et
254 5494 331 5550 ab
365 5492 473 5561 eis,
504 5496 640 5563 etc.,
670 5509 841 5565 usque
866 5493 936 5549 ad
966 5492 1047 5548 ibi
1087 5492 1472 5563 magniﬁcari.
1508 5493 1635 5565 (Id.,
1670 5502 1824 5549 tract.

156 5585 309 5658 psal.
342 5600 512 5649 cxxx,
541 5586 686 5639 tom.
720 5583 812 5651 IV,
845 5586 995 5656 part.
1029 5599 1092 5651 II,
1127 5581 1235 5638 col.
1272 5582 1452 5655 1706.)

237 5671 579 5745 Apostolus,
605 5689 739 5730 cum
781 5672 854 5730 de
894 5670 1260 5745 spiritalibus
1290 5671 1535 5729 diversis
1564 5673 1828 5729 muneri-

2025 2010 2100 2062 Et
2129 2007 2388 2079 quosdvm
2417 2008 2634 2079 quidem
2664 2008 2915 2078 exposuit
2942 2007 3081 2062 Deus
3110 2007 3173 2061 in
3200 2005 3461 2072 Ecclesia,
3493 2005 3608 2076 pri-

1952 2112 2105 2151 mum
2158 2097 2422 2169 apostolos
2476 2096 2710 2152 secundo
2762 2097 3074 2168 prophetas,
3127 2096 3286 2151 tertio
3342 2094 3600 2163 doctores,

1951 2184 2144 2241 deinde
2172 2188 2417 2253 virtutes,
2448 2190 2581 2252 etc.,
2614 2202 2804 2257 usque
2833 2185 2906 2240 ad
2935 2184 3191 2256 nunquid
3217 2199 3401 2239 omnes
3430 2185 3603 2238 inter-

1944 2279 2276 2346 pretantur?
2305 2277 2418 2331 Lex
2448 2274 2603 2330 enim
2654 2291 2758 2346 per
2802 2274 3038 2345 Moysen
3088 2272 3224 2328 data
3267 2275 3377 2337 est,
3412 2271 3602 2345 gratia

1948 2369 2145 2419 autem
2177 2367 2234 2420 et
2260 2363 2473 2420 veritas
2503 2381 2606 2436 per
2633 2363 2836 2419 Jesum
2867 2361 3163 2417 Christum
3197 2360 3347 2415 facta
3375 2365 3483 2416 est.
3519 2361 3599 2416 Ex

1947 2454 2139 2525 cujus,
2190 2457 2323 2521 etc.,
2364 2470 2534 2525 usque
2580 2452 2652 2507 ad
2698 2455 2898 2524 posset
2944 2449 3301 2522 prophetari.
3334 2450 3466 2520 (Id.,
3495 2450 3593 2505 lib.

1943 2550 2116 2599 contr.
2149 2548 2358 2613 Faust.,
2382 2559 2432 2598 0.
2466 2543 2552 2611 19,
2585 2543 2743 2599 Joan.
2774 2558 2814 2608 ι,
2849 2544 2990 2596 tom.
3022 2539 3176 2607 VIII,
3209 2538 3319 2595 col.
3349 2539 3503 2607 353.)
3570 2564 3575 2613 ς

2018 2632 2167 2688 Illud
2226 2649 2460 2703 quoque
2510 2630 2664 2687 sicut
2719 2628 3224 2703 imperitissimus,
3258 2645 3395 2695 non,
3458 2632 3590 2697 etc.,

1942 2736 2110 2794 usque
2141 2721 2211 2777 ad
2248 2722 2575 2777 secundum
2615 2737 2871 2776 carnem.
2907 2719 3037 2788 (1d,,
3073 2719 3171 2773 lib.
3203 2725 3374 2773 contr.
3410 2717 3598 2773 inimi-

1940 2827 2066 2866 cum
2097 2812 2229 2881 legis
2260 2820 2309 2867 et
2332 2812 2549 2884 proph.,
2576 2816 2720 2866 tom.
2743 2811 2896 2880 VIII,
2923 2809 3031 2865 col.
3063 2810 3169 2866 644
3198 2812 3256 2863 et
3285 2810 3435 2879 seq.)

2012 2902 2377 2958 xEmulamini
2423 2909 2607 2956 autem
2651 2900 2983 2956 charismata
3027 2898 3278 2964 meliora,
3321 2904 3371 2952 et
3419 2896 3595 2952 adhuc

1939 2991 2376 3048 excellentiorem
2401 2992 2550 3046 viam
2569 2992 2719 3045 vobis
2743 2989 3067 3045 demonstro.
3094 2986 3337 3059 Respice
3364 2985 3437 3041 ad
3471 3002 3598 3041 mu-

1940 3096 2080 3135 nera
2110 3079 2298 3152 ipsius
2332 3078 2620 3137 Ecclesiae.
2647 3079 2861 3134 Munus
2903 3079 3425 3140 sacramentorum,
3459 3078 3594 3145 etc.,

1940 3184 2112 3240 usque
2167 3169 2237 3223 ad
2293 3185 2539 3241 regnum
2587 3166 2886 3223 caelorum.
2931 3166 3060 3237 (Id.,
3094 3171 3250 3221 tract.
3296 3163 3440 3236 psal.
3474 3180 3595 3232 CIII,

1861 3240 1904 3307 Ο
1941 3261 2084 3314 tom.
2122 3258 2213 3326 IV,
2246 3240 2397 3330 part.
2432 3274 2493 3324 II,
2527 3256 2637 3313 col.
2672 3256 2810 3312 1343
2840 3259 2897 3311 et
2925 3255 3074 3325 seq.)

2009 3346 2294 3413 Quoniam
2326 3363 2546 3419 egenus
2586 3350 2761 3417 atque
2808 3344 3047 3415 indigus
3076 3359 3241 3399 amor
3267 3342 3351 3397 ita
3379 3340 3591 3413 diligit,

1937 3439 2072 3504 etc.,
2102 3452 2270 3508 usque
2294 3436 2365 3492 ad
2393 3434 2735 3491 eharitatem
2768 3431 3003 3489 Christi.
3032 3432 3163 3500 (Id.,
3189 3430 3283 3486 lib.
3306 3430 3371 3486 de
3396 3431 3594 3486 Genesi

1936 3525 2006 3580 ad
2038 3527 2300 3593 litteram,
2330 3524 2382 3591 l,
2412 3529 2553 3579 tom.
2589 3523 2684 3578 III.
2719 3526 2869 3595 part.
2905 3540 2945 3587 1,
2979 3520 3086 3576 col.
3116 3519 3268 3589 251.)

2009 3613 2181 3670 Oliva:
2204 3614 2429 3669 fructus
2447 3611 2793 3668 charitatem
2816 3609 3297 3684 signiﬁcat.Unde
3309 3606 3439 3676 hoc,
3452 3610 3586 3675 etc.,

1935 3720 2106 3776 usque
2134 3704 2205 3759 ad
2233 3703 2588 3759 ceciderunt.
2613 3701 2744 3771 (Id.,
2769 3708 2925 3757 tract.
2958 3701 3020 3755 in
3047 3701 3255 3768 Evang.
3277 3713 3381 3754 sec.
3403 3697 3586 3767 Joan.,

1932 3793 1988 3860 6,
2022 3797 2164 3849 tom.
2199 3797 2298 3860 III,
2334 3796 2481 3869 part.
2515 3809 2577 3858 11,
2613 3790 2723 3847 col.
2752 3791 2892 3845 1435
2921 3793 2977 3845 et
3006 3791 3153 3861 seq.)

2010 3881 2297 3938 Fortassis
2320 3881 2633 3953 Scripturae
2665 3882 2935 3935 scrutatus
2967 3878 3229 3933 indicant
3248 3875 3425 3949 quod,
3453 3878 3586 3943 etc.,

1935 3988 2104 4044 usque
2135 3971 2205 4026 ad
2236 3974 2469 4026 mortua
2501 3968 2898 4041 deputabitur.
2923 3967 3055 4037 (Id.,
3080 3973 3233 4033 tract,
3257 3966 3458 4035 Evang.
3481 3979 3586 4020 sec.

1934 4060 2194 4127 Joan.,9,
2217 4063 2360 4114 tom.
2387 4059 2481 4114 ΙΙΙ.
2516 4062 2666 4130 part.
2700 4075 2761 4125 11,
2796 4056 2904 4112 col.
2941 4054 3123 4127 1642.)

2009 4149 2168 4204 Finis
2197 4149 2354 4205 enim
2388 4148 2658 4220 praecepti
2701 4150 2791 4203 est
2828 4145 3082 4201 charitas
3112 4144 3184 4198 de
3214 4144 3388 4198 cordo
3419 4159 3584 4214 puro.

1935 4242 2162 4305 Quanto
2188 4238 2322 4304 isto,
2349 4242 2481 4304 etc.,
2504 4224 2673 4308 usque
2710 4236 2779 4290 ad
2810 4251 2982 4307 opere
3021 4232 3421 4305 requiruntur.
3454 4231 3586 4302 (Id.,

1937 4335 2092 4384 tract.
2122 4328 2264 4399 psal.
2292 4343 2487 4394 cxvm,
2515 4328 2658 4380 tom.
2688 4324 2783 4391 1V,
2819 4326 2969 4395 part.
3005 4339 3061 4386 ιι,
3089 4320 3195 4377 001.
3232 4321 3415 4393 1540.)

2006 4418 2074 4472 Et
2096 4416 2392 4482 omnibus,
2415 4414 2627 4486 inquit,
2652 4413 2895 4469 nomina
2915 4428 3150 4467 vocans.
3173 4411 3259 4467 Ibi
3285 4413 3375 4467 est
3396 4413 3585 4467 totum

1936 4505 2265 4579 praemium,
2307 4509 2439 4571 etc.,
2478 4519 2648 4575 usque
2704 4502 2773 4557 ad
2820 4502 2880 4556 in
2912 4500 3076 4557 coelo.
3116 4500 3390 4573 (S.Aug.,
3423 4508 3584 4557 tract.

1930 4596 2074 4668 psal.
2108 4612 2291 4662 CXLVI,
2323 4598 2466 4649 tom.
2499 4592 2594 4659 1V,
2627 4596 2777 4664 part.
2810 4608 2872 4658 11,
2905 4589 3015 4646 col.
3052 4590 3190 4645 1904
3218 4592 3275 4645 et
3304 4592 3454 4662 seq.)

2005 4683 2113 4748 Qui
2143 4683 2285 4739 dicit
2316 4700 2376 4738 se
2406 4681 2466 4736 in
2499 4681 2729 4736 Christo
2774 4695 3030 4746 manere,
3066 4679 3237 4734 debet
3281 4679 3436 4735 sicut
3464 4679 3589 4752 ipse

1936 4772 2255 4830 ambulavit
2284 4775 2341 4828 et
2367 4770 2467 4826 ille
2510 4769 2832 4826 ambulare.
2860 4771 2995 4835 Quae
3035 4772 3126 4823 est
3163 4768 3275 4823 ista
3303 4768 3418 4837 via,
3452 4772 3584 4837 etc.,

1935 4880 2107 4936 usque
2135 4863 2204 4919 ad
2259 4862 2483 4918 tribuat
2538 4865 2931 4933 peccatorum.
2966 4858 3096 4931 (Id.,
3127 4875 3289 4914 serm.
3337 4858 3402 4914 de
3453 4862 3583 4914 Ver.

1934 4951 2185 5026 apostol.)

2554 5075 2786 5131 CAPUT
2824 5074 2966 5129 XIII.

2005 5223 2068 5279 Si
2088 5224 2294 5294 linguis
2314 5223 2598 5278 hominum
2619 5221 2812 5293 loquar
2830 5225 2883 5276 et
2903 5220 3244 5289 angelorum,
3263 5217 3587 5273 charitatem

1938 5322 2121 5369 autem
2150 5329 2261 5368 non
2288 5312 2533 5380 habeam,
2567 5312 2745 5383 factus
2783 5325 2905 5364 sum
2942 5310 3090 5365 velut
3123 5325 3202 5366 aes
3238 5324 3458 5376 sonans,
3491 5314 3590 5363 aut

1938 5403 2249 5476 cymbalum
2279 5399 2799 5457 tinniens.Videant
2828 5415 2863 5452 a
2882 5397 3165 5454 charitate
3196 5396 3462 5454 Ecclesia!
3493 5413 3584 5453 se-

1940 5493 2336 5566 parati,quam
2372 5490 2578 5555 multa,
2601 5492 2660 5542 et
2691 5503 2865 5558 quam
2898 5502 3132 5559 magna,
3159 5492 3292 5556 etc.,
3321 5503 3488 5560 usque
3516 5487 3586 5542 ad

1936 5600 2048 5639 non
2076 5581 2441 5654 possunt.(S.
2461 5581 2631 5651 Aug.,
2648 5578 2745 5633 lib.
2769 5575 2833 5632 de
2852 5578 3033 5648 Bapt.,
3056 5580 3098 5631 t.
3120 5576 3212 5647 IX,
3231 5576 3339 5632 col.
3366 5577 3513 5649 116.)

2007 5671 2247 5730 Dilectio
2279 5669 2445 5727 fortis
2480 5685 2591 5734 res,
2617 5669 2844 5724 fratres.
2863 5664 3105 5722 Dilectio
3126 5664 3293 5722 fortis
3312 5683 3425 5734 res,
3449 5669 3583 5734 etc.,
