4114 6456
522 353 644 433 3‘43

1723 363 1955 426 FLORI
2000 361 2318 425 DIACONI
2363 358 2744 424 MONAGHI.

3827 360 3958 448 ait

521 514 696 578 usque
723 499 794 559 ad
822 501 1014 574 impar
1042 498 1319 556 charitas.
1344 499 1474 572 (Id.,
1507 506 1662 554 tract.
1691 499 1836 572 μοι.
1857 510 2006 566 m1,
2029 499 2172 553 tom.
2203 494 2500 566 Aritatis,
2574 501 2716 552 tom.
2787 495 2855 565 V,
2920 499 3074 570 part.
3143 513 3214 563 ιι,
3284 494 3394 553 eoi.
3469 494 3612 554 1334
3676 501 3738 552 et
3801 464 3958 570 seq.)

531 593 625 662 IV,
658 595 807 668 part.
841 608 904 660 ιι,
939 589 1047 647 col.
1083 589 1234 661 102.)

2366 585 2659 642 Charitutis
2687 601 2798 642 non
2843 587 3165 654 mutatur,
3195 600 3306 642 non
3335 587 3466 660 agit
3503 600 3812 660 perperam,
3841 603 3963 645 non

604 681 752 748 Quid
802 685 893 737 est
946 679 1125 736 vestis
1155 669 1478 751 nuptialis?
1506 679 1848 744 Quaeramus
1900 675 2064 732 illam
2123 675 2186 731 in
2296 677 2547 747 inﬂatur,
2577 692 2689 732 non
2725 684 2804 732 est
2852 677 3162 732 ambitiosa.
3200 675 3310 732 Ubi
3368 680 3464 732 est
3516 675 3756 745 invidia,
3789 693 3964 735 amor

535 771 752 829 litteris
781 769 1022 838 sanctis,
1045 773 1180 834 etc.,
1211 782 1384 840 usque
1410 767 1480 823 ad
1507 770 1564 822 et
1593 767 1830 840 pedum.
1861 765 1996 835 (Id.,
2021 778 2187 822 serm.

2297 764 2590 822 fraternus
2623 783 2752 823 esse
2782 783 2900 821 non
2949 770 3158 839 potest.
3193 766 3468 822 Intendat
3505 763 3781 834 cbarilas,
3815 770 3958 836 etc.,

534 862 601 919 de
629 860 910 918 Miracqu
937 875 1016 916 vu
1051 873 1284 932 panum,
1317 861 1459 913 tom.
1492 856 1562 924 V,
1596 859 1745 930 part.
1779 869 1821 923 ι,
1853 854 1964 912 col.
1997 851 2104 911 983
2135 859 2192 912 et
2296 867 2472 927 usque
2493 855 2568 910 ad
2593 851 2950 911 sacriﬁcium
2979 856 3108 928 ejus
3139 856 3269 930 (Id.,
3292 869 3456 912 sem.
3489 869 3546 912 ν.
3576 855 3748 928 Epist.
3769 857 3959 924 Jama,

539 951 766 1098 aegrius
798 1038 978 1113 igitur
996 1036 1250 1110 Spiritus
1272 1039 1533 1103 sanctus,
1557 1035 1658 1108 qui
1680 1034 1937 1108 procedit
1963 1045 2031 1091 ex
2052 1035 2191 1102 Deo,

2300 947 2444 1000 tom.
2475 948 2576 1012 III,
2611 949 2763 1018 part.
2795 961 2863 1014 ιι,
2890 945 2998 1001 col.
3032 946 3180 1001 2016
3205 949 3266 1001 et
3293 949 3443 1018 seq.)

2372 1030 2640 1090 (maritas
2678 1050 2800 1091 non-
2836 1033 3166 1090 mmulatur.
3193 1035 3415 1102 Quarta
3445 1034 3728 1091 causam?
3767 1034 3960 1092 atte‘u‘

541 1134 675 1198 etc.,
707 1127 967 1202 usquead
997 1139 1111 1182 non
1165 1126 1433 1199 perducit
1479 1126 1549 1182 ad
1597 1125 1803 1182 Deum.
1835 1125 1968 1198 (Id.,
2002 1125 2098 1181 lib‘.
2131 1118 2197 1180 de
2302 1123 2393 1191 de,
2424 1127 2556 1192 etc.,
2589 1140 2760 1196 usque
2805 1124 2875 1180 ad
2918 1141 3035 1180 non
3076 1124 3332 1180 inﬂatur.
3381 1124 3511 1198 (Id.,
3544 1140 3707 1181 sem.
3738 1124 3804 1181 de
3841 1126 3959 1182 Ver;

545 1218 827 1284 Trinitat.,
850 1233 943 1286 xv,
971 1219 1115 1272 tom.
1147 1209 1300 1284 Vili,
1335 1214 1444 1271 col.
1476 1215 1615 1271 1082
1644 1219 1701 1270 et
1730 1214 1884 1287 seq.)

612 1311 676 1364 Et
704 1309 757 1364 si
785 1306 1025 1363 habuero
1048 1305 1416 1379 prophetiam,
1438 1313 1490 1361 et
1516 1306 1763 1361 noverim
1789 1306 2053 1377 mysteria
2080 1319 2195 1360 mn-

538 1400 655 1468 nia,
679 1405 732 1453 et
767 1407 982 1454 omnem
1027 1397 1338 1452 scientiam.-
1369 1394 1434 1451 In
1481 1393 1616 1461 hoc,
1643 1393 1842 1466 inquit
1888 1394 2195 1463 Dominus,

541 1489 897 1562 cognoscent
923 1502 1149 1552 omnes,
1173 1483 1312 1557 quia
1339 1483 1454 1540 mei
1482 1483 1756 1556 discipuli
1788 1482 1950 1552 estis,
1975 1483 2024 1539 si
2054 1483 2198 1540 dile-

541 1576 794 1632 ctionem
825 1573 1152 1631 habueritis
1201 1574 1262 1629 in
1294 1573 1563 1630 invicem.
1597 1574 1907 1646 Tanquam
1961 1565 2199 1640 diceret,

543 1669 677 1734 etc.,
710 1679 882 1737 usque
913 1664 984 1720 ad
1031 1662 1089 1719 in
1143 1663 1390 1719 deliciis.
1440 1663 1571 1732 (Id.,
1619 1670 1783 1718 tract.
1829 1664 2034 1735 Evang.
2092 1677 2199 1718 sec.

545 1759 736 1821 Joan.,
767 1755 858 1822 65,
897 1757 1039 1810 tom.
1074 1753 1172 1821 ιιι,
1206 1756 1355 1825 part.
1389 1768 1451 1819 ιι,
1482 1752 1592 1809 eol.
1629 1753 1814 1820 1809.)

619 1843 764 1899 Ecce
796 1843 1024 1915 accepit
1059 1845 1493 1899 sacramentum
1536 1841 1859 1898 nativitatis
1895 1841 2070 1897 homo
2102 1833 2202 1897 ba-

549 1930 822 2007 ptizatus,
846 1933 978 1999 etc.,
1011 1939 1184 2004 usque
1212 1930 1283 1986 ad
1312 1930 1458 1986 nihil
1489 1945 1644 1988 sum.
1678 1931 1812 2000 (Id.,
1838 1938 1994 1988 tract.
2028 1925 2198 2004 Epist.

545 2024 736 2091 Joan.,
769 2025 911 2076 tom.
945 2023 1044 2089 III,
1079 2026 1231 2092 part.
1263 2037 1323 2087 ιι,
1351 2020 1461 2076 col.
1495 2020 1682 2092 2015.)

617 2109 930 2184 Apostolus
979 2109 1120 2165 item
1173 2109 1350 2165 dicit:
1381 2108 1449 2165 Et
1477 2109 1526 2165 si
1559 2109 1744 2166 sciero
1777 2111 1977 2166 omnia
2005 2123 2205 2167 sacra-

549 2202 766 2267 menta,
800 2202 934 2267 etc.,
968 2215 1136 2272 usque
1163 2193 1239 2255 ad
1275 2199 1586 2272 iniquitate
1635 2197 1903 2256 tenuerit.
1938 2201 2068 2270 (Id.,
2099 2200 2201 2256 lib.

546 2288 612 2346 de
639 2290 802 2345 unico
833 2289 1015 2362 Bapt.,
1047 2293 1189 2346 tom.
1222 2284 1316 2359 IX,
1345 2288 1452 2344 col.
1480 2290 1634 2358 60l.)

620 2380 687 2434 Et
711 2381 761 2434 si
790 2378 1031 2436 habuero
1057 2394 1272 2436 omnem
1314 2378 1494 2449 ﬁdem,
1519 2381 1599 2434 ita
1637 2386 1697 2435 ut
1731 2387 1937 2436 montes
1966 2381 2204 2452 trans/e-

543 2485 698 2534 ram,
723 2468 1047 2524 charitatem
1070 2476 1256 2524 autem
1282 2484 1394 2524 non
1419 2468 1679 2533 habuero,
1712 2469 1857 2524 nihil
1887 2485 2028 2524 sum.
2062 2462 2201 2541 Ego,

550 2555 748 2629 inquit
766 2556 1042 2626 Ecclesia,
1057 2557 1106 2612 si
1129 2565 1348 2632 sponsa
1365 2574 1521 2624 sum,
1541 2558 1591 2613 si
1609 2557 1813 2614 arrhas
1835 2558 2055 2631 accepi,
2070 2563 2201 2628 etc.,

551 2662 723 2720 usque
742 2646 812 2702 ad
832 2644 903 2702 de
925 2661 1182 2717 corpore.
1207 2647 1341 2716 (ld.,
1365 2647 1754 2719 tract.1Evang.
1779 2662 1885 2704 sec.
1907 2650 2088 2716 Joan.,
2111 2649 2201 2718 33,

554 2737 694 2791 tom.
730 2732 824 2804 ιν,
859 2742 1007 2808 part.
1042 2749 1103 2801 ιι,
1135 2733 1245 2790 col.
1281 2735 1420 2790 1500
1446 2738 1504 2791 et
1532 2729 1683 2808 seq.)

624 2825 690 2880 Et
716 2825 770 2881 si
790 2823 1120 2881 distribuere
1147 2825 1210 2880 in
1237 2824 1386 2882 cibos
1419 2839 1728 2898 pauperum
1756 2837 1939 2882 mnes
1963 2826 2204 2903 [πρωιαί-

554 2921 628 2970 tes
654 2918 825 2977 meas.
855 2920 907 2970 et
941 2915 994 2970 si
1030 2913 1303 2971 tradidero
1330 2929 1544 2986 corpus,
1569 2913 1702 2980 etc.,
1737 2927 1925 2988 usque
1955 2916 2026 2972 ad
2058 2916 2205 2971 nihil

550 3002 696 3059 mihi
717 3003 953 3076 prodest.
981 3003 1128 3070 Quid
1159 3017 1299 3076 ergo
1326 3017 1429 3060 vos
1456 3008 1742 3078 tanquam
1773 3005 1845 3061 de
1875 2999 2206 3060 Christiana

552 3093 914 3165 paupertate,
947 3096 1081 3160 etc.,
1114 3109 1287 3165 usque
1315 3093 1384 3149 ad
1406 3109 1520 3150 non
1549 3095 1701 3149 ﬁcta.
1725 3094 1860 3164 (Id.,
1889 3094 1987 3150 lib.
2013 3101 2205 3152 contra

550 3181 759 3251 Faust.,
791 3185 935 3239 tom.
957 3181 1110 3250 VIII,
1133 3182 1242 3238 col.
1272 3181 1424 3255 223.)

2301 1213 2532 1282 Evang.,
2569 1215 2714 1269 tom.
2746 1213 2814 1281 V,
2849 1216 3000 1285 part.
3033 1229 3094 1278 ιι,
3130 1211 3240 1269 col.
3275 1213 3460 1284 1562.)

2375 1297 2616 1358 Dilectio
2637 1301 2795 1357 enim
2823 1315 2940 1358 non
2967 1301 3228 1368 inﬂatur,
3243 1305 3300 1358 et
3321 1298 3478 1358 Deus
3505 1300 3744 1358 dilectio
3771 1301 3883 1370 est,
3905 1306 3970 1359 et

2305 1390 2702 1462 ﬁdeles,letc.,
2749 1404 2920 1463 usque
2975 1391 3047 1446 ad
3094 1393 3186 1448 est
3239 1389 3572 1447 dilectione.
3605 1391 3742 1464 (Id.,
3769 1391 3865 1448 lib.
3898 1391 3969 1449 ὰ

2309 1480 2532 1548 Triuia,-
2561 1483 2704 1535 ωω.
2737 1480 2888 1543 VIII,
2923 1479 3032 1536 col.
3064 1479 3135 1536 93
3164 1483 3223 1536 et
3250 1483 3406 1554 seq.)
4071 1545 4074 1548 ι

2378 1569 2497 1625 Non
2525 1571 2729 1641 quaerit
2767 1577 2894 1642 qua?
2920 1581 3022 1626 sua
3048 1577 3194 1638 sunt,
3227 1585 3338 1626 non
3370 1571 3646 1638 irritatur,
3678 1581 3790 1627 non
3815 1573 3970 1643 cogi-

2309 1666 2387 1715 tat
2413 1661 2647 1727 malum,
2680 1673 2794 1716 non
2845 1660 3045 1732 gaudet
3097 1674 3264 1732 super
3319 1661 3637 1734 iniquitate,
3665 1660 3974 1734 congaudet

2312 1757 2496 1805 autem
2550 1745 2789 1805 veritati.
2826 1747 3037 1807 Omnia
3079 1749 3286 1822 saﬁert.
3317 1747 3518 1822 Neque
3565 1749 3724 1806 enim
3769 1755 3974 1807 essent

2311 1838 2490 1894 etiam
2513 1837 2784 1895 homines
2809 1843 3102 1895 amatores
3134 1839 3417 1912 pecuniae,
3450 1843 3585 1910 etc.,
3616 1849 3788 1912 usque
3810 1838 3884 1895 ad
3911 1844 3977 1896 et

2314 1941 2431 1984 non
2458 1927 2716 1984 inflatur.
2741 1929 2874 1998 (Id.,
2899 1929 2996 1984 tib.
3019 1928 3088 1986 de
3106 1928 3293 1986 Cena.
3315 1927 3390 1984 ad
3413 1929 3671 1998 litteram,
3695 1928 3839 1985 tam.
3864 1931 3973 1997 IIl,

2315 2021 2464 2090 part.
2499 2031 2536 2086 ι,
2570 2014 2682 2073 col.
2711 2018 2860 2091 437.)

2387 2107 2638 2166 Charitas
2667 2110 2855 2164 omnia
2901 2108 3095 2176 credit,
3124 2109 3315 2164 omnia
3353 2116 3556 2181 sperat,
3587 2111 3775 2165 amis
3801 2111 3976 2165 susti-

2311 2206 2422 2254 net.
2447 2199 2608 2253 Inter
2636 2213 2736 2254 eos
2767 2197 2968 2271 utique
2999 2211 3152 2270 quos
3193 2203 3482 2254 cannenses
3513 2198 3757 2255 sibimet
3782 2213 3976 2256 unum

2314 2282 2604 2354 facit,non
2625 2287 2781 2342 enim
2800 2286 3270 2359 quodlibet,ctc.,
3284 2301 3455 2360 usque
3470 2288 3540 2343 ad
3557 2286 3833 2344 omnibus
3854 2303 3980 2346 cre-

2314 2374 2417 2432 dit.
2434 2377 2569 2448 (Id.,
2603 2377 2700 2432 lib.
2733 2376 2802 2432 de
2824 2378 2975 2450 Spir.
3000 2385 3054 2433 et
3081 2379 3188 2444 lit,
3222 2381 3265 2433 t.
3289 2377 3354 2446 X,
3381 2381 3533 2450 part.
3556 2395 3596 2446 ι,
3621 2376 3732 2434 col.
3753 2377 3885 2448 236,
3914 2383 3976 2434 et

2315 2464 2484 2520 Bern.
2507 2481 2672 2522 serm.
2695 2466 2759 2523 de
2781 2471 2915 2538 sept.
2936 2462 3084 2538 Spir.
3111 2463 3287 2538 incip.
3318 2484 3330 2523 :
3364 2466 3639 2538 Magister
3661 2469 3932 2538 gentium.

2385 2553 2643 2614 Charitas
2668 2569 2953 2628 nunquam
2981 2555 3203 2612 excidit.
3236 2555 3362 2611 Sive
3396 2556 3702 2628 prophetiae
3734 2569 3972 2612 eram-

2315 2644 2539 2708 buntur,
2570 2647 2682 2700 sive
2721 2647 2935 2715 linguae
2972 2645 3278 2714 cessabunt,
3309 2646 3422 2701 sive
3465 2647 3695 2702 scientia
3722 2645 3971 2703 destrua-

2313 2732 2424 2789 tur.
2457 2733 2611 2790 Deus
2641 2733 2872 2790 dilectio
2903 2738 3010 2804 est,
3033 2737 3090 2790 et
3112 2733 3213 2806 qui
3233 2739 3454 2804 manet,
3477 2734 3710 2808 (inquit)
3729 2734 3790 2790 in
3812 2734 3970 2792 dile-

2310 2821 2524 2888 ctione,
2556 2823 2616 2878 in
2649 2824 2764 2880 Deo
2795 2828 3016 2891 manet,
3047 2827 3182 2889 etc.,
3215 2823 3472 2896 usquead
3493 2824 3753 2881 continet
3781 2824 3966 2882 Deus.

2313 2906 2445 2982 (Id.,
2492 2920 2651 2969 tract.
2698 2909 2735 2966 9
2778 2915 2951 2986 Epist.
3005 2916 3190 2980 10am,
3235 2917 3378 2970 tom.
3431 2912 3526 2983 III,
3574 2914 3722 2988 part.
3757 2929 3816 2982 ιι,
3851 2913 3967 2971 col.

2384 3093 2468 3147 Ea:
2491 3099 2648 3164 parte
2675 3094 2826 3149 enim
2855 3093 3256 3163 cognoscimus,
3281 3101 3333 3149 et
3361 3109 3433 3150 ex
3475 3101 3631 3166 parte
3671 3094 3973 3166 propheta»

2310 3195 2450 3238 mus.
2484 3181 2622 3238 Cum
2646 3191 2828 3238 autem
2859 3184 3067 3239 verterit
3104 3183 3246 3255 quod
3280 3183 3585 3258 perfectum
3613 3191 3710 3251 est,
3735 3199 3972 3240 etiam-

622 3272 747 3328 Non
781 3271 1098 3345 diligamus
1119 3273 1294 3328 verbo
1326 3251 1557 3328 tantum
1580 3276 1637 3328 et
1659 3272 1882 3346 lingua,
1907 3271 2009 3329 sed
2031 3287 2204 3347 opere
2233 3251 2277 3320 (ἶ
2317 3272 2469 3327 bitur
2497 3271 2636 3344 quod
2665 3289 2735 3328 ex
2773 3280 2930 3344 parte
2958 3281 3056 3330 est.
3088 3251 3154 3328 In
3202 3251 3304 3329 illo
3343 3251 3587 3346 corpore
3611 3272 3860 3346 spiritali
3887 3274 3978 3329 vi-

551 3366 610 3417 et
635 3362 898 3418 veritate.
923 3361 1251 3425 Quaerimus
1298 3361 1357 3417 in
1397 3377 1534 3435 quo,
1568 3366 1700 3428 etc.,
1733 3379 1904 3436 usque
1946 3363 2019 3419 ad
2065 3379 2204 3421 con-

551 3449 799 3507 scientia
846 3451 1100 3524 prOpria.
1134 3452 1267 3522 (Id.,
1301 3460 1456 3508 tract.
1507 3454 1666 3525 epist.
1716 3455 1898 3520 Joan.,
1928 3457 2071 3510 tom.
2099 3457 2200 3523 III,

547 3545 696 3613 part.
733 3558 794 3608 ιι,
821 3541 930 3596 col.
961 3540 1148 3614 2020.)

545 3649 548 3652 ·
620 3629 811 3686 Pascit
833 3629 1254 3699 misericordia,
1272 3631 1460 3704 pascit
1479 3634 1536 3688 et
1555 3631 1850 3705 superbia.
1876 3632 2199 3706 Hospitem,

543 3723 682 3784 etc.,
714 3735 886 3791 usque
914 3719 984 3774 ad
1026 3719 1336 3792 procedere
1365 3724 1578 3794 potest.
1613 3721 1743 3794 (Id.,
1776 3730 1934 3778 tract.
1964 3723 1998 3777 8
2027 3724 2198 3795 Epist.

541 3810 726 3874 Joan.,
759 3811 902 3864 tom.
936 3805 1036 3876 III,
1071 3813 1221 3880 part.
1256 3827 1318 3878 ιι,
1346 3809 1458 3866 col.
1491 3810 1681 3882 2041.)

621 3897 752 3970 Ipse
801 3897 960 3953 novit
1001 3897 1231 3954 occulta
1275 3898 1485 3955 cordis.
1521 3898 1669 3963 Quid
1716 3902 1806 3955 est
1852 3899 2031 3970 novit,
2065 3903 2198 3968 etc.,

545 4003 718 4059 usque
757 3986 828 4042 ad
882 3984 1111 4042 occulta
1168 3987 1380 4043 cordis.
1430 3989 1564 4058 (Id.,
1624 3996 1781 4044 tract.
1838 3991 1980 4062 psal.
2039 4005 2199 4059 xmu,

545 4081 691 4132 tom.
726 4075 820 4144 IV,
854 4080 1003 4148 part.
1039 4093 1078 4142 ι,
1112 4076 1220 4132 col.
1257 4077 1362 4132 490
1390 4081 1448 4132 et
1481 4077 1630 4150 seq.)

617 4164 833 4221 Galaad
867 4164 1043 4221 habet
1071 4165 1574 4238 interpretationis
1604 4182 1743 4235 suae,
1773 4170 1906 4235 etc.,
1932 4183 2106 4241 usque
2129 4168 2201 4225 ad

543 4255 696 4310 mihi
729 4255 984 4328 prodest.
1011 4254 1142 4324 (Id.,
1181 4263 1337 4312 tract.
1367 4256 1509 4330 psal.
1545 4273 1654 4323 LIX,
1687 4260 1829 4312 tom.
1857 4255 1949 4326 IV,
1985 4263 2134 4330 part.
2159 4276 2198 4326 ι,

548 4343 657 4400 col.
688 4345 843 4413 719.)

623 4432 772 4487 Sunt
797 4431 1038 4504 quidam
1071 4433 1170 4505 qui
1205 4433 1434 4489 facilius
1456 4434 1656 4490 omnia
1681 4450 1791 4490 sua
1820 4436 2198 4509 pauperibus,

547 4525 682 4588 etc.,
706 4537 875 4593 usque
905 4522 976 4576 ad
1007 4526 1146 4577 sunt
1176 4523 1362 4578 nobis.
1389 4524 1469 4596 (S.
1494 4525 1665 4598 Aug.,
1690 4533 1844 4582 tract.
1875 4528 2016 4599 μιαί.
2053 4545 2198 4583 uxr.

547 4615 692 4665 tom.
726 4609 819 4677 IV,
854 4613 1002 4682 part.
1043 4627 1076 4667 ι.
1111 4610 1219 4667 col.
1254 4613 1360 4668 902
1390 4617 1448 4669 et
1476 4615 1623 4688 seq.)

622 4697 826 4754 Omnis
847 4700 1374 4758 consummationis
1404 4701 1518 4758 vidi
1553 4703 1751 4772 ﬁnem,
1775 4709 1909 4773 etc.,
1933 4721 2106 4779 usque
2133 4707 2203 4761 ad

543 4787 796 4862 vestigia
825 4804 974 4844 mea.
998 4788 1128 4857 (ld.,
1161 4799 1315 4848 tract.
1367 4793 1510 4864 psal.
1533 4809 1728 4861 cxvm,
1761 4798 1904 4850 tom.
1930 4793 2024 4861 IV,
2049 4799 2198 4868 part.

467 4949 476 4959 .
543 4895 608 4944 ιι,
643 4877 751 4934 col.
791 4878 921 4934 1561
957 4884 1013 4935 et
1043 4885 1196 4953 seq.)

622 4967 825 5024 Pastor
854 4986 990 5044 ergo
1025 4971 1211 5026 bonus
1235 4972 1522 5029 Christus.
1557 4971 1704 5037 Quid
1732 4973 1981 5029 Petrus?
2001 4972 2204 5030 Nonne

550 5062 770 5129 pastor,
795 5064 929 5126 etc.,
956 5077 1126 5132 usque
1155 5061 1224 5116 ad
1257 5061 1469 5117 inferre
1496 5061 1772 5118 debuisti.
1797 5063 1929 5135 (Id.,
1953 5070 2114 5120 tract.
2137 5063 2204 5120 de

557 5149 706 5204 Vero.
741 5151 944 5216 Evam,
971 5153 1112 5204 tom.
1141 5149 1208 5204 V.
1243 5155 1394 5223 part.
1429 5167 1468 5218 ι,
1493 5150 1602 5206 col.
1632 5153 1740 5207 763
1771 5156 1828 5207 et
1857 5153 2004 5224 seq.)

619 5237 827 5294 Audivi
860 5238 1015 5310 quod
1056 5238 1271 5295 dixeris
1314 5239 1648 5311 apostolum
1680 5240 1924 5297 Paulum
1974 5241 2200 5315 signiﬁ-

550 5343 738 5392 casse,
761 5330 893 5398 etc.,
916 5343 1086 5401 usque
1116 5329 1187 5384 ad
1217 5328 1360 5384 mihi
1395 5331 1651 5399 prodest.
1676 5331 1809 5399 (ld.,
1833 5332 1989 5403 epist.
2013 5333 2083 5387 ad
2101 5334 2203 5388 Do-

549 5425 738 5471 natum
768 5417 1032 5489 presbyt.,
1065 5423 1206 5475 tom.
1244 5419 1312 5487 ΙΙ,
1346 5419 1436 5475 col
1463 5419 1536 5475 55
1566 5423 1623 5475 et
1652 5420 1800 5492 seq.)

624 5507 874 5562 Charitas
925 5509 1140 5580 patiens
1195 5517 1292 5576 est,
1340 5509 1577 5580 benigna
1604 5518 1702 5566 est.
1732 5509 1880 5576 Quid
1938 5528 2074 5585 ergo
2131 5513 2202 5568 dc

551 5595 832 5652 churitatc
864 5598 1056 5668 majus
1105 5601 1207 5654 aut
1239 5600 1480 5654 uberius
1533 5616 1775 5673 possum
1827 5601 2036 5670 dicere,
2066 5607 2198 5670 etc.,

547 5699 718 5754 usque
740 5685 810 5741 ad
860 5701 1163 5758 nunquam
1203 5687 1376 5744 cadit.
1409 5688 1539 5761 (Id.,
1569 5705 1729 5747 serm.
1763 5689 1827 5746 de
1856 5690 2038 5747 Laude
2066 5691 2199 5748 cha-

2312 3361 2536 3418 debunt
2565 3363 2754 3417 sancti
2785 3362 2985 3417 omnia
3015 3377 3130 3418 non
3163 3361 3358 3418 solum
3390 3363 3440 3418 si
3469 3362 3691 3429 oculos,
3723 3368 3858 3430 etc.,
3881 3380 3980 3419 us-

2310 3465 2416 3524 que
2445 3453 2515 3507 ad
2544 3465 2660 3507 non
2693 3455 2834 3508 erat.
2859 3450 2990 3521 (id.,
3013 3453 3110 3508 lib.
3135 3465 3251 3508 xxu
3281 3452 3348 3508 de
3375 3455 3493 3510 Civ.
3519 3454 3639 3524 Dei,
3670 3457 3814 3510 tom.
3837 3451 3971 3524 VII,

2313 3540 2422 3598 col.
2454 3541 2607 3610 797.)

2381 3629 2698 3703 Apostolus
2741 3630 2884 3686 dicit
2916 3649 2928 3686 :
2961 3631 3044 3687 Ex
3081 3634 3248 3704 parte
3277 3630 3520 3701 scimus,
3555 3633 3618 3688 et
3659 3647 3731 3688 ex
3778 3633 3972 3703 parte,

2309 3721 2444 3787 etc.,
2475 3733 2648 3794 usque
2675 3721 2746 3776 ad
2782 3721 2966 3777 Deum
3005 3718 3306 3777 videbunt.
3331 3722 3464 3794 (Id.,
3493 3735 3656 3778 serm.
3687 3720 3754 3777 de
3780 3722 3970 3776 Natio.

2307 3812 2466 3868 Joan.
2495 3812 2779 3883 Baptistae,
2809 3815 2952 3867 tom.
2985 3810 3054 3880 V,
3086 3814 3236 3883 part.
3268 3825 3308 3878 ι,
3342 3807 3452 3867 col.
3487 3810 3672 3883 4307.)

2382 3899 2518 3955 Cum
2544 3915 2714 3956 essem
2754 3901 3023 3973 parvulus
3079 3901 3341 3973 loquebar
3393 3909 3456 3957 ut
3504 3901 3793 3972 parvulus,
3828 3901 3975 3970 etc.,

2310 4001 2498 4060 usque
2517 3985 2591 4044 ad
2611 4001 2738 4061 quae
2756 3997 2916 4046 erant
2938 3989 3184 4062 parvuli.
3209 3987 3525 4062 Apostolus
3545 3990 3618 4045 ad
3640 3988 3741 4045 illa
3769 3988 3977 4046 ineffa-

2309 4077 2469 4143 bilia,
2497 4077 2904 4151 qualecunque
2933 4077 3221 4135 adhibens
3242 4079 3316 4134 de
3339 4079 3514 4147 notis,
3541 4083 3674 4145 etc.,
3696 4093 3869 4151 usque
3896 4079 3977 4135 ad

2309 4168 2580 4240 cognitus
2605 4181 2760 4224 sum.
2787 4168 2919 4237 (Id.,
2945 4168 3044 4223 lib.
3075 4168 3140 4224 de
3168 4167 3315 4241 Spir.
3343 4175 3397 4224 et
3426 4168 3618 4235 tatem,
3649 4168 3736 4226 vel
3765 4183 3837 4224 ex
3865 4167 3970 4224 lib.

2310 4272 2351 4312 ιι
2379 4255 2444 4311 de
2476 4251 2707 4328 Baptis.,
2739 4260 2883 4312 tom.
2915 4259 2984 4326 Χ,
3020 4260 3170 4329 part.
3205 4275 3245 4325 ι,
3277 4255 3389 4313 col.
3421 4257 3572 4329 223.)

2383 4343 2690 4400 Mirificata
2717 4349 2807 4401 est
2836 4345 3081 4401 scientia
3105 4349 3208 4401 tua
3236 4359 3306 4401 ex
3335 4361 3450 4401 me.
3475 4343 3744 4410 luvaluit,
3767 4348 3826 4400 et
3845 4361 3973 4402 non

2311 4437 2508 4506 potero
2532 4434 2603 4489 ad
2626 4433 2807 4489 illam.
2829 4435 2910 4489 Ex
2939 4449 3034 4490 me
3060 4434 3278 4506 quippe
3308 4432 3574 4507 intelligo
3605 4450 3803 4506 quam,
3827 4436 3970 4502 etc.,

2309 4537 2478 4595 usque
2507 4522 2578 4578 ad
2609 4522 2860 4580 facilitas
2887 4520 3149 4579 visionis.
3175 4524 3308 4593 (Id.,
3341 4524 3440 4580 lib.
3463 4523 3530 4580 de
3565 4524 3841 4579 Trinitatc
3865 4539 3968 4592 xv,

2231 4628 2278 4697 ο
2309 4616 2454 4668 tom.
2479 4607 2632 4679 Vill,
2667 4612 2774 4668 col.
2809 4613 2949 4669 1067
2978 4617 3037 4668 et
3063 4613 3216 4686 seq.)

2381 4701 2520 4758 Dico
2569 4702 2725 4757 enim
2771 4702 2936 4758 vobis
2975 4703 3130 4775 quod
3163 4701 3358 4776 angeli
3387 4713 3590 4759 eorum
3631 4717 3866 4775 semper
3899 4701 3971 4760 in

2309 4789 2474 4847 omits
2492 4791 2706 4859 vident,
2732 4797 2867 4860 etc.,
2891 4805 3062 4865 usque
3083 4791 3156 4848 ad
3175 4791 3406 4848 Domini
3437 4791 3671 4864 spiritu.
3704 4792 3836 4864 (Id.,
3864 4793 3970 4848 tib.

2309 4892 2426 4935 axu
2456 4877 2520 4935 de
2549 4883 2665 4937 Civ.
2703 4883 2826 4949 Dei,
2859 4886 3002 4937 tom.
3034 4881 3158 4954 VII,
3190 4881 3300 4938 col.
3333 4881 3440 4936 797
3470 4886 3529 4939 et
3557 4883 3704 4954 seq.)

2381 4969 2637 5026 Veritate
2682 4970 2881 5043 itaque
2927 4971 3320 5043 perfruentur,
3353 4986 3488 5027 cum
3533 4970 3859 5028 viderimus
3887 4972 3975 5029 fu-

2312 5057 2417 5127 cie,
2464 5065 2598 5128 etc.,
2642 5074 2814 5132 usque
2867 5061 2937 5116 ad
2989 5075 3251 5133 sequere.
3284 5062 3366 5132 (8.
3397 5062 3572 5134 Aug,
3604 5077 3674 5117 ax
3729 5068 3976 5118 tinctas

2311 5151 2516 5221 Evang.
2546 5165 2652 5206 sec.
2681 5152 2864 5218 Joan.,
2887 5152 2976 5217 34,
3011 5155 3153 5207 tom.
3179 5149 3272 5219 IlI,
3298 5155 3450 5224 part.
3479 5168 3540 5207 ιι.
3563 5150 3673 5208 col.
3707 5151 3892 5222 1666.)

2383 5239 2728 5313 Unigenitus
2753 5240 2938 5296 Filius
2962 5240 3236 5313 idemque
3259 5241 3545 5298 mediator
3568 5240 3668 5297 Dei
3694 5245 3752 5297 et
3778 5240 3974 5297 homi-

2312 5345 2476 5398 num,
2511 5334 2643 5399 etc.,
2665 5346 2833 5402 usque
2861 5330 2932 5385 ad
2960 5329 3135 5386 sicuti
3177 5335 3287 5387 est.
3311 5330 3446 5403 (Id.,
3476 5333 3632 5404 epist.
3665 5331 3738 5386 ad
3765 5331 3970 5386 Pauli-

2309 5431 2465 5486 num,
2496 5422 2638 5474 tom.
2674 5419 2741 5477 ll.
2775 5417 2884 5475 col.
2917 5420 3070 5489 620.)

2381 5509 2448 5565 Et
2479 5508 2525 5564 si
2551 5507 2802 5564 exterior
2822 5509 2997 5564 homo
3041 5501 3241 5565 noster
3277 5509 3694 5583 corrumpitur,
3719 5508 3968 5566 interior

2311 5602 2507 5654 tamen
2540 5603 2852 5655 renovatur
2873 5599 2944 5654 de
2968 5599 3062 5654 die
3091 5599 3148 5653 in
3181 5597 3358 5667 diem,
3381 5599 3464 5654 ita
3490 5613 3632 5656 sane
3664 5603 3730 5654 ut
3760 5599 3818 5654 in
3853 5599 3967 5656 hac

2309 5691 2448 5756 vita,
2480 5695 2612 5758 etc.,
2647 5702 2822 5762 usque
2862 5687 2933 5744 ad
2973 5686 3228 5761 positum
3260 5692 3377 5759 est;
3409 5689 3555 5747 facie
3601 5689 3678 5746 ad
3727 5689 3962 5746 faciem.
