4114 6470
193 383 314 473 315

1009 411 1428 476 EXPOSITIO
1473 413 1551 474 IN
1596 413 1769 474 EPP.
1821 413 2182 477 PAULI.—
2213 414 2332 475 ΕΡ.
2381 412 2430 475 I.
2482 414 2585 474 AD
2630 411 2802 474 COR.

3508 401 3640 478 340

195 539 332 611 (Id.,
363 543 528 618 epist.
561 539 635 600 ad
679 543 948 614 Italicam,
999 546 1140 600 tom.
1174 547 1248 612 II,
1299 543 1407 601 col.
1458 545 1565 601 319
1612 549 1668 602 et
1713 545 1860 620 seq.)
1889 547 1946 614 Α
2043 546 2356 619 Apostolus
2381 545 2542 603 dicit.
2576 543 2766 602 Nolite
2795 542 2960 618 pueri
3006 541 3157 601 efﬁci
3201 541 3523 601 montibus.
3554 542 3628 600 Et

263 635 595 691 Perfectam
629 633 1025 708 cognitionem
1057 633 1158 690 Dei
1188 633 1319 704 (hoc
1351 639 1461 706 est,
1484 653 1602 708 qua
1631 635 1859 692 homini

193 725 388 798 major
417 740 548 780 esse
580 740 695 780 non
728 723 934 796 possit)
967 721 1027 778 in
1061 724 1257 780 futura
1276 723 1392 779 vita
1415 730 1611 798 sperat
1633 729 1861 798 aposto-

190 812 308 884 lus,
343 830 475 888 qua:
508 801 634 870 sola
661 813 832 870 beata
859 813 979 869 vita
1003 811 1250 870 dicenda
1282 819 1389 883 est,
1425 813 1524 870 ubi
1556 818 1612 869 et
1643 831 1857 888 corpus

193 902 646 976 incorruptibile
685 907 862 976 atque
907 901 1240 960 immortale
1284 903 1518 976 spiritui
1568 921 1696 973 suo,
1732 903 1858 960 sine

193 992 316 1050 ulla
344 991 660 1060 modestia,
689 991 781 1048 vel
813 991 1189 1050 reluctatione
1217 993 1518 1049 subdetur.
1553 993 1678 1049 Non
1719 993 1858 1066 quia

191 1081 252 1138 in
281 1081 397 1137 hac
430 1081 570 1149 vita,
600 1085 732 1148 etc.,
766 1098 935 1153 usque
965 1081 1035 1137 ad
1059 1082 1333 1156 cupimus
1369 1081 1686 1154 pervenire.
1723 1082 1851 1156 (Id.,

190 1171 291 1226 lib.
323 1172 504 1238 Retr.,
535 1175 679 1226 tom.
715 1174 758 1238 I,
789 1169 898 1226 col.
932 1171 1108 1244 606.).

257 1261 432 1328 Quod
460 1258 747 1316 Dominus
778 1263 975 1318 noster
1003 1258 1178 1317 Jesus
1201 1260 1470 1316 Christus
1497 1277 1726 1318 sorores
1752 1261 1855 1318 La-

187 1349 305 1426 nari
341 1349 689 1422 interrogat,
722 1353 856 1414 etc.,
887 1367 1057 1422 usque
1085 1349 1155 1405 ad
1195 1349 1338 1406 dicit
1357 1349 1690 1424 Apostolus.
1720 1351 1850 1424 (Id.,

188 1439 285 1494 lib.
320 1455 539 1494 Lmui
573 1443 808 1511 Quaest”
842 1443 984 1495 tom.
1017 1438 1113 1507 VI,
1146 1439 1256 1495 col.
1287 1438 1403 1512 59.)

225 1527 420 1603 _N1mc
447 1535 634 1586 autem
661 1536 886 1586 manent
913 1527 1066 1600 ﬁdes,
1095 1545 1237 1601 spes,
1268 1529 1528 1595 charitas,
1561 1531 1672 1586 tria
1710 1531 1847 1600 tunc,

186 1618 369 1690 major
401 1625 591 1674 autem
614 1617 704 1673 his
729 1626 807 1676 est
836 1619 1096 1679 Charitas.
1130 1617 1267 1674 Tria
1296 1616 1418 1674 hazc
1453 1624 1594 1674 sunt
1634 1620 1851 1692 quibus

186 1711 242 1763 et
269 1705 528 1764 scientia
558 1699 770 1774 omnis,
793 1711 1100 1780 etc.,usque
1121 1707 1189 1763 ad
1219 1707 1429 1764 certior
1461 1709 1846 1780 permanebit.

184 1797 320 1868 (Id.,
354 1797 459 1852 lib.
491 1796 556 1854 de
586 1796 1584 1869 Doct.Chr.,tom.III,part.1,col.35
1617 1801 1671 1852 et
1702 1798 1848 1870 seq.)

253 1887 404 1942 Cum
429 1886 638 1960 justus
667 1901 735 1943 ex
765 1885 878 1944 fide
910 1885 1082 1953 vivat,
1118 1885 1365 1959 Iinisque
1395 1888 1690 1960 praecepti,
1713 1891 1846 1959 etc.,

180 1991 358 2048 usque
387 1975 460 2030 ad
487 1973 548 2030 in
576 1973 1004 2048 vaniloquium.
1041 1975 1174 2048 (Id.,
1199 1977 1297 2032 lib.
1329 1981 1500 2033 contr.
1537 1977 1720 2032 Faust.
1753 1992 1846 2046 xx,

179 2066 327 2119 tom.
362 2064 522 2136 VIII,
556 2063 666 2120 col.
693 2065 802 2123 386
831 2068 888 2120 et
918 2065 1064 2138 seq.)

247 2154 362 2211 Pia
391 2154 543 2212 fides
574 2153 699 2211 sine
731 2171 832 2228 spe
863 2159 921 2211 et
950 2152 1080 2211 sine
1108 2153 1414 2223 charitate,
1434 2160 1749 2228 etc.,usque
1778 2154 1850 2211 ad

181 2242 613 2316 conspicimus.
650 2243 780 2316 (Id.,
833 2245 932 2300 lib.
984 2245 1053 2300 ad
1106 2243 1460 2300 Consentium
1507 2243 1569 2301 de
1623 2247 1845 2315 Trinit.,

181 2336 331 2388 tom.
367 2332 471 2399 III,
499 2331 608 2390 col.
643 2327 793 2404 456.)

255 2421 409 2477 Cum
438 2421 665 2477 venerit
696 2421 851 2494 quod
884 2419 1205 2495 perfectum
1254 2427 1362 2490 est,
1397 2422 1552 2496 quod
1585 2439 1653 2479 ex
1686 2427 1847 2495 parte

181 2515 298 2588 est,
331 2515 475 2578 etc.,
501 2527 673 2582 usque
701 2511 771 2570 ad
802 2511 1183 2586 concupiscit.
1221 2511 1353 2582 (Id.,
1390 2512 1486 2568 lib.
1519 2512 1584 2568 de
1629 2513 1847 2586 Perfec-

183 2602 338 2658 tione
357 2601 601 2672 justitia:
630 2601 886 2670 hominis,
919 2605 1061 2657 tom.
1095 2602 1165 2670 II,
1199 2601 1306 2658 col.
1343 2602 1449 2657 300
1478 2606 1534 2657 et
1564 2605 1714 2674 seq.)

262 2688 506 2748 Nullum
534 2688 694 2746 aliud
737 2690 1033 2747 canticum
1083 2691 1252 2748 docet
1283 2708 1390 2747 nos
1419 2691 1595 2756 Deus,
1631 2692 1743 2748 nisi
1778 2692 1844 2748 1i-

180 2777 304 2848 dei,
334 2782 470 2849 etc.,
504 2795 674 2852 usque
702 2779 771 2838 ad
797 2797 930 2840 cum
978 2779 1310 2836 viderimus.
1347 2780 1478 2852 (Id.,
1511 2788 1668 2837 tract.
1698 2782 1842 2854 psal.

181 2885 341 2948 nam,
371 2871 516 2924 tom.
548 2865 647 2936 IV,
679 2873 831 2942 part.
865 2887 945 2936 111,
979 2867 1086 2926 col.
1130 2871 1254 2926 I171
1291 2872 1348 2925 et
1377 2869 1522 2942 seq.)

256 2956 468 3029 Incipit
496 2955 674 3014 homo
701 2975 735 3014 a
759 2955 1040 3030 fide,quid
1075 2959 1328 3031 pertinet
1357 2960 1429 3016 ad
1462 2959 1845 3036 fidem,usque

174 3044 254 3102 ad
298 3044 518 3103 horum
577 3050 668 3102 est
713 3047 990 3109 Charitas.
1026 3048 1156 3122 (Id.,
1188 3065 1352 3105 serm.
1382 3049 1447 3105 de
1489 3063 1599 3105 ver.
1633 3049 1837 3122 Evang.

174 3139 332 3192 tom.
356 3133 427 3203 V,
457 3139 609 3208 part.
643 3153 685 3204 1,
716 3137 825 3197 col.
858 3137 1007 3210 865.)

249 3222 582 3282 Dilectione
609 3224 951 3286 instandum
975 3229 1062 3283 est
1084 3227 1156 3283 ad
1178 3223 1409 3298 illud,et
1431 3225 1837 3284 inhaerendum

1970 637 2070 710 qui
2106 637 2406 705 Dominus,
2436 652 2606 709 usque
2633 635 2704 692 ad
2734 636 2834 691 sed
2867 633 3219 690 innocentia.
3254 634 3622 707 (ldem,tract.

1963 727 2108 799 psal.
2142 743 2290 796 xuv,
2325 731 2466 782 tom.
2500 725 2593 795 IV,
2628 730 2779 799 part.
2815 742 2854 791 1,
2887 723 2996 780 col.
3032 723 3136 780 493
3165 727 3222 779 et
3252 725 3402 796 seq.)

2040 817 2390 888 Proponitur
2416 815 2572 872 enim
2606 814 2859 888 pueritia
2886 817 3126 886 propter
3155 813 3625 880 imitandam,us-
3699 843 3710 851 -

1967 921 2070 978 que
2097 906 2169 961 ad
2213 905 2452 978 perfecti
2502 905 2650 961 sitis.
2688 905 2893 978 (Idem,
2927 910 3084 960 tract.
3113 903 3261 976 psal.
3293 919 3441 971 xmn,
3476 907 3618 958 tom.

1966 993 2058 1063 IV,
2093 1000 2241 1068 part.
2275 1012 2314 1060 1,
2348 995 2457 1051 col.
2489 997 2596 1050 525
2624 998 2682 1050 et
2714 993 2862 1066 seq.)

2037 1085 2232 1140 Nostis
2265 1072 2473 1140 fratres
2505 1087 2562 1139 et
2587 1083 2911 1156 saepissime
2931 1080 3184 1138 audistis
3207 1081 3266 1136 in
3287 1080 3618 1154 Evangelia,

1963 1189 2134 1246 usque
2175 1173 2245 1230 ad
2293 1173 2460 1246 pueri
2510 1172 2846 1238 Dominum,
2881 1171 3088 1244 (Idem,
3119 1178 3276 1226 tract.
3306 1171 3452 1243 psal.
3486 1187 3617 1238 exn,

1962 1267 2106 1319 tom.
2142 1262 2237 1329 IV,
2271 1267 2420 1336 part.
2457 1280 2515 1331 11,
2545 1262 2655 1318 col.
2700 1261 2876 1334 1471.)

2035 1353 2097 1408 In
2129 1354 2250 1427 lege
2277 1354 2423 1408 enim
2452 1353 2714 1425 scriptum
2737 1359 2852 1408 est:
2879 1353 3157 1423 Quoniam
3179 1351 3239 1405 in
3258 1350 3388 1405 aliis
3409 1349 3618 1420 linguis

1961 1451 2014 1500 et
2041 1443 2204 1499 labiis
2229 1444 2361 1499 aliis
2391 1443 2587 1514 loquar
2610 1443 2810 1514 populo
2841 1441 3044 1506 huic,et
3070 1455 3170 1495 nec
3196 1441 3278 1496 sic
3322 1439 3621 1496 exaudient

1963 1549 2066 1597 me,
2098 1533 2236 1588 dicit
2279 1533 2564 1588 Dominus.
2605 1534 2794 1603 Itaque
2846 1531 3059 1599 lingua:
3106 1531 3168 1584 in
3213 1531 3434 1598 signum
3488 1536 3618 1584 sunt

1959 1638 2067 1677 non
2099 1621 2373 1692 ﬁdelibus,
2403 1621 2496 1676 sed
2541 1619 2893 1692 inﬁdelibus;
2931 1617 3234 1690 prophetia:
3280 1625 3462 1673 autem
3505 1632 3618 1673 non

1959 1712 2303 1782 inﬁdelibus,
2332 1710 2426 1766 sed
2453 1709 2722 1782 ﬁdelibus.
2756 1709 2818 1764 Si
2854 1723 2984 1777 ergo
3029 1707 3316 1763 conveniat
3361 1707 3618 1762 universa

1958 1800 2198 1856 Ecclesia
2231 1802 2290 1856 in
2318 1817 2514 1865 unum,
2545 1807 2598 1855 et
2626 1816 2811 1855 omnes
2842 1798 3049 1872 linguis
3080 1797 3395 1868 loquantur,
3429 1811 3616 1866 usque

1959 1890 2032 1945 ad
2065 1894 2157 1944 Λη
2187 1905 2220 1945 a
2250 1892 2400 1946 vobis
2428 1891 2655 1945 verbum
2683 1889 2782 1944 Dei
2807 1887 3106 1960 processit?
3129 1892 3228 1941 aut
3255 1887 3316 1940 in
3338 1901 3428 1941 vos
3475 1885 3617 1940 solos

1955 1981 2248 2051 pervenit?
2275 1980 2338 2034 In
2369 1975 2516 2052 legis
2543 1976 2780 2034 nomine
2820 1975 3136 2049 aliquando
3189 1972 3367 2030 simul
3415 1973 3618 2030 omnia

1958 2068 2189 2136 veteris,
2220 2085 2389 2140 usque
2432 2068 2503 2123 ad
2554 2071 2762 2140 praeter
2821 2065 3104 2138 psalmos.
3158 2064 3364 2137 (Idem,
3411 2061 3510 2118 lib.
3549 2061 3615 2118 de

1960 2158 2154 2214 Trinit.
2187 2174 2278 2223 xv,
2310 2161 2452 2213 tom.
2484 2154 2633 2223 VIII,
2668 2153 2777 2220 col,
2813 2155 3000 2216 1881.)

2027 2249 2089 2304 Si
2117 2248 2240 2319 quis
2269 2247 2482 2303 videtur
2502 2247 2760 2318 propheta
2786 2260 2918 2311 esse,
2952 2251 3051 2298 aut
3075 2241 3370 2315 spiritalis,
3392 2257 3610 2313 cognos-

1956 2345 2044 2393 cat
2070 2353 2196 2409 qux
2218 2337 2392 2393 scribo
2424 2336 2590 2402 vobis,
2623 2335 2754 2408 quia
2800 2335 3022 2390 Domini
3061 2339 3191 2388 sunt
3229 2331 3508 2387 mandata.
3544 2331 3609 2386 Si

1957 2428 2079 2501 quis
2109 2434 2307 2491 autem,
2340 2441 2529 2498 usque
2559 2424 2632 2480 ad
2660 2422 2957 2480 secundum
2988 2421 3234 2478 ordinem
3260 2421 3400 2490 ﬁant
3424 2421 3486 2476 in
3514 2436 3606 2476 vo-

1959 2517 2061 2571 bis.
2097 2513 2204 2570 Illa
2235 2531 2362 2587 quas
2393 2512 2628 2585 scripsit
2674 2509 2991 2584 Apostolus
3036 2509 3108 2566 ad
3140 2508 3474 2565 Corinthios
3502 2509 3608 2564 ali-

1955 2607 2044 2660 ter
2073 2603 2274 2677 utique
2304 2604 2378 2660 ab
2427 2603 2574 2676 ipsis
2625 2601 2904 2675 parvulis,
2937 2615 3107 2672 usque
3135 2599 3224 2666 ad,
3257 2613 3610 2672 cognoscere

1956 2693 2189 2750 fecerat.
2220 2693 2430 2759 (Idem,
2476 2700 2635 2749 tract.
2683 2693 2892 2762 Enang.
2944 2704 3049 2746 see.
3100 2689 3282 2756 101121.,
3325 2691 3472 2744 tom.
3504 2689 3606 2754 III,

1955 2786 2105 2856 part.
2141 2799 2202 2849 11,
2234 2782 2342 2838 col.
2379 2782 2560 2855 1881.)

2024 2872 2410 2944 Nequaquam
2442 2874 2507 2926 ut
2537 2869 2766 2938 scribis,
2802 2868 2904 2942 qui
2943 2867 3174 2942 ignorat
3217 2865 3604 2941 ignorabitur,

1951 2977 2124 3034 usque
2151 2961 2223 3016 ad
2253 2961 2373 3017 sint
2420 2964 2631 3016 cuncta
2678 2958 3010 3031 perspicua.
3047 2957 3253 3026 (Idem,
3289 2957 3386 3012 lib.
3421 2956 3602 3028 Epist.

1949 3054 2095 3107 tom.
2129 3045 2198 3119 II,
2232 3054 2382 3124 part.
2415 3064 2455 3118 1,
2490 3047 2596 3105 col.
2629 3047 2735 3105 743
2765 3051 2822 3103 et
2851 3050 3001 3120 seq.)

2583 3200 2814 3258 CAPUT
2851 3199 2967 3257 XV.

174 3312 288 3384 illi,
323 3330 493 3386 usque
542 3314 617 3373 ad
665 3313 805 3371 dicit
852 3315 1184 3389 ApostoluS.
1220 3316 1423 3383 (Idem,
1457 3317 1553 3373 lib.
1586 3316 1651 3376 de
1685 3318 1833 3374 Trin.
1868 3299 1912 3368 (ἶ
2019 3318 2217 3375 Notum
2243 3326 2426 3375 autem
2454 3318 2608 3374 vobis
2626 3317 2772 3390 facio
2798 3320 2998 3389 fratres
3053 3315 3416 3385 Evangelium
3463 3314 3604 3387 quod

172 3407 329 3458 tom.
364 3392 509 3470 VIII,
544 3403 653 3460 col.
683 3405 834 3474 951.)

249 3492 380 3548 Non
411 3492 570 3549 enim
602 3493 711 3550 hoc
742 3497 831 3550 est
859 3493 1073 3551 habere
1105 3493 1324 3563 oculos,
1360 3495 1516 3568 quod
1556 3495 1836 3569 aspicere,

175 3581 296 3656 Aut
327 3579 468 3637 item
496 3580 605 3638 hoc
636 3586 745 3651 est,
777 3599 948 3656 usque
978 3583 1053 3640 ad
1077 3601 1194 3639 non
1243 3584 1478 3658 poterit.)
1506 3583 1708 3655 (Idem,
1740 3587 1836 3642 lib.

169 3669 634 3744 Soliloquiorum,
666 3674 812 3729 tom.
847 3672 890 3738 Ι,
924 3671 1034 3730 col.
1066 3673 1173 3730 875
1202 3677 1258 3728 et
1289 3673 1437 3746 seq.)

804 3770 1036 3828 CAPUT
1073 3765 1214 3828 XIV.

242 3849 551 3908 sectamini
577 3849 915 3910 charitatem.
950 3849 1130 3908 Dulce
1161 3855 1218 3908 et
1257 3849 1492 3908 salubre
1537 3853 1836 3910 vinculum

173 3938 494 4006 mentium,
528 3937 656 3996 sine
697 3957 815 4012 qua
863 3937 1043 4007 dives,
1076 3957 1245 4012 usque
1290 3941 1362 3997 ad
1409 3941 1480 3997 ad
1529 3941 1834 4016 ignoscen-

171 4028 342 4086 dum.
377 4027 460 4098 (S.
492 4029 671 4102 Aug.,
697 4045 946 4086 sermone
970 4029 1034 4086 de
1065 4030 1227 4086 laude
1255 4031 1563 4100 charitatis,
1597 4035 1740 4090 tom.
1761 4032 1830 4104 V,

169 4121 326 4190 part.
361 4134 422 4184 11,
450 4115 560 4174 col.
597 4117 782 4192 1534.)

239 4206 617 4263 Ξηωιαηιίηἱ
642 4204 951 4281 spiritalia,
975 4211 1154 4280 magis
1186 4216 1366 4265 autem
1394 4217 1455 4266 ut
1478 4213 1826 4286 prophetetis.

166 4297 285 4376 Qui
311 4296 465 4353 enim
495 4297 738 4368 loquitur
787 4299 1002 4371 lingua,
1034 4315 1144 4354 uon
1196 4297 1514 4356 hominibus
1563 4301 1827 4376 loquitur,

165 4384 265 4442 sed
290 4385 418 4442 Deo.
449 4385 612 4444 Nemo
659 4389 809 4444 enim
856 4387 1032 4444 audit.
1063 4386 1309 4460 Spiritus
1358 4397 1536 4447 autem
1587 4388 1832 4466 loquitur

165 4476 454 4548 mysteria.
473 4476 611 4532 Nam
640 4478 736 4549 qui
759 4471 1064 4550 prophetat,
1097 4494 1284 4551 usque
1315 4479 1386 4534 ad
1414 4477 1625 4553 supplet
1653 4482 1830 4537 locum

166 4563 410 4622 idiota?
439 4560 541 4619 Hic
573 4564 817 4637 spiritus
839 4583 872 4622 a
894 4569 1086 4622 mente
1108 4562 1493 4642 distinguitur
1521 4568 1829 4626 evidentis-

1944 3409 2272 3481 praedicavit
2317 3409 2486 3474 vobis,
2520 3407 2661 3480 quod
2706 3415 2758 3462 et
2784 3407 3087 3478 accepistis,
3120 3407 3182 3460 in
3209 3420 3314 3478 quo
3341 3411 3396 3460 et
3419 3406 3600 3471 statis,

1943 3513 2044 3570 per
2091 3498 2231 3571 quod
2278 3505 2332 3554 et
2371 3498 2691 3565 salvamini,
2726 3512 2835 3569 qua
2890 3496 3105 3551 ratione
3156 3493 3598 3566 praedicaverim,

1948 3604 2136 3659 usque
2165 3587 2236 3642 ad
2277 3595 2330 3643 et
2375 3589 2508 3659 quia
2552 3589 2702 3642 visus
2747 3593 2826 3642 est
2869 3585 3083 3657 Cephea.
3119 3581 3476 3651 Resurrexit,
3509 3582 3601 3637 in-

1949 3677 2095 3750 quit,
2127 3677 2298 3733 tertia
2327 3676 2420 3732 die
2460 3674 2788 3734 secundum
2838 3673 3194 3748 Scripturas,
3228 3674 3304 3739 et,
3329 3687 3502 3744 usque
3531 3671 3603 3727 ad

1946 3765 2256 3839 Evangelio
2288 3764 2519 3838 legitur.
2553 3765 2634 3834 (S.
2665 3765 2837 3838 Aug.,
2872 3764 2969 3820 lib.
2993 3763 3060 3820 de
3088 3764 3360 3819 Consensu
3388 3761 3597 3831 Evang.

1943 3859 2086 3911 tom.
2121 3855 2222 3922 III,
2255 3859 2404 3927 part.
2438 3869 2478 3922 1,
2512 3853 2621 3910 col.
2659 3854 2840 3918 1215.)

2019 3945 2082 4000 Et
2129 3953 2250 4017 post
2302 3945 2420 4013 hoc,
2473 3945 2674 4017 inquit,
2724 3943 2997 3999 undecim.
3032 3943 3158 4009 Qua
3208 3939 3379 3997 libuit
3430 3939 3596 4007 hora,

1943 4032 2072 4107 ipso
2127 4037 2326 4088 tamen
2386 4030 2834 4089 resurrectionis
2892 4031 3007 4087 die.
3041 4031 3150 4087 Per
3194 4028 3597 4103 synecdochen

1942 4128 2160 4191 autem,
2205 4139 2377 4194 usque
2423 4122 2496 4178 ad
2541 4139 2658 4178 non
2707 4119 2978 4193 pertinet.
3013 4120 3220 4188 (Idem,
3252 4120 3350 4175 lib.
3385 4121 3594 4189 Quaest.

1944 4212 2128 4269 Genes.
2163 4228 2355 4283 cxv111,
2382 4215 2524 4267 tom.
2554 4210 2653 4280 Ill,
2688 4215 2836 4283 part.
2871 4228 2908 4278 1,
2942 4208 3050 4265 col.
3081 4209 3188 4264 575
3215 4211 3272 4264 et
3303 4210 3453 4280 seq.)

2011 4302 2158 4358 Nam
2192 4318 2306 4357 non
2332 4300 2660 4366 duodecim,
2686 4299 2786 4356 sed
2809 4298 3083 4355 undecim
3115 4293 3384 4354 nonnulli
3416 4295 3593 4352 etiam
3713 4325 3726 4331 —

1938 4392 2168 4448 codices
2199 4391 2440 4459 habent,
2471 4405 2641 4462 usque
2687 4389 2758 4445 ad
2805 4386 3166 4445 ascensionis
3211 4401 3351 4443 sua.
3387 4385 3590 4450 (Idem,

1939 4481 2036 4536 lib.
2071 4497 2132 4536 ιιι
2179 4480 2246 4536 de
2286 4481 2560 4536 Consensu
2609 4480 2838 4548 Evang.,
2889 4480 3033 4532 tom.
3083 4476 3182 4544 III,
3224 4478 3374 4548 part.
3410 4489 3449 4543 1,
3481 4473 3589 4530 col.

1938 4571 2121 4643 1215.)

157 4651 341 4745 sime,
376 4668 546 4726 usque
602 4652 673 4710 ad
730 4654 1076 4745 cogitamus.
1128 4655 1329 4729 (Idem,
1363 4655 1460 4712 lib.
1493 4658 1558 4715 de
1597 4657 1725 4716 Gen.
1758 4660 1828 4715 ad
1856 4681 1905 4745 ι)
2004 4660 2306 4717 Novissime
2333 4659 2516 4714 aulem
2548 4659 2795 4714 omnium
2842 4664 3106 4729 tanquam
3155 4655 3399 4712 abortivo
3445 4655 3593 4710 visus

161 4741 434 4798 litteram.
466 4759 568 4810 χιι,
602 4746 745 4799 tom.
777 4743 874 4816 III,
907 4747 1058 4817 part.
1092 4759 1131 4813 1,
1162 4745 1271 4801 col.
1306 4745 1410 4802 460
1440 4750 1496 4802 et
1527 4749 1678 4821 seq.)

239 4828 516 4900 Quomodo
557 4829 698 4888 dicet
740 4849 901 4888 amen
947 4851 1112 4906 super
1159 4841 1311 4892 tuam
1360 4835 1826 4894 benedictionem!

161 4920 444 4990 Quoniam
466 4919 687 4996 quidem
713 4923 885 4979 nescit
912 4923 1047 4996 quid
1084 4923 1254 4980 dicas.
1286 4927 1428 4982 Nam
1476 4933 1536 4981 tu
1582 4927 1822 4998 quidem,

159 5026 357 5082 usque
389 5007 489 5094 ad,
517 5007 808 5068 verborum
839 5013 899 5067 in
932 5013 1147 5084 lingua.
1179 5015 1363 5069 Amen
1396 5011 1611 5089 quippe
1641 5015 1824 5073 inter-

157 5102 432 5172 pretatur
459 5115 866 5174 verum,usque
884 5101 956 5157 ad
973 5099 1272 5166 vilesceret
1301 5101 1820 5178 nudatum.(ldem,

156 5195 322 5246 tract.
356 5189 563 5262 Evang.
609 5205 714 5248 sec.
763 5189 928 5248 Joan.
980 5209 1093 5261 XLI,
1125 5195 1266 5250 tom.
1300 5193 1399 5264 III,
1431 5198 1580 5266 part.
1614 5207 1676 5262 11,
1712 5195 1818 5252 col.

158 5278 353 5340 1694.)

232 5369 481 5436 Fratres,
511 5370 686 5428 noliie
737 5374 904 5443 pueri
946 5368 1102 5445 efﬁci
1143 5373 1414 5442 sensibus,
1455 5375 1559 5431 sed
1602 5375 1824 5431 malitia

151 5458 389 5532 parvuli
415 5465 597 5525 estote,
630 5461 880 5518 sensibus
908 5468 1095 5518 autem
1137 5462 1368 5536 perfecti
1413 5471 1590 5520 estote.
1625 5465 1688 5520 In
1718 5482 1820 5539 po-

158 5546 303 5632 pulo
335 5546 476 5604 Novi
506 5547 888 5618 Testamenti,
921 5551 1020 5623 qui
1050 5568 1164 5608 non
1199 5551 1536 5626 perdurant,
1561 5570 1730 5628 usque
1749 5555 1821 5611 ad

157 5638 234 5694 ad
266 5653 606 5696 numerum.
642 5635 844 5712 (Idem,
881 5641 978 5700 lib.
1015 5645 1218 5716 Quaest.
1272 5659 1497 5711 1.1101111,
1544 5647 1685 5700 tom.
1718 5643 1815 5713 VI,

155 5726 269 5783 col.
306 5726 424 5799 52.)

1934 4756 2012 4806 est
2038 4757 2090 4805 et
2111 4749 2391 4804 mihi.Sed
2422 4747 2535 4803 hoc
2556 4749 2682 4819 jam
2715 4745 2786 4803 de
2816 4745 2979 4814 casio,
3015 4748 3148 4818 post
3177 4759 3421 4819 parvum
3445 4747 3593 4799 tem-

1936 4855 2048 4912 pus
2079 4837 2442 4894 ascensionis
2475 4854 2614 4892 suaa.
2645 4837 2814 4893 Pater
2842 4839 3044 4892 noster
3069 4834 3386 4900 Abraham,
3419 4833 3591 4903 cujus

1926 4927 2164 5001 justitia
2196 4925 2622 4998 fidei,usquead
2652 4925 3011 4998 perfectique
3039 4923 3584 4990 naseamur.(ldem,

1935 5019 2033 5074 lib.
2066 5024 2237 5074 contr.
2271 5017 2475 5083 Faust.,
2509 5032 2628 5088 cap.
2659 5015 2774 5078 25.)

2005 5109 2114 5177 Ego
2142 5108 2292 5164 enim
2312 5123 2435 5161 sum
2462 5107 2730 5162 minimus
2759 5104 3034 5177 apostolus
3058 5105 3157 5175 qui
3183 5118 3294 5158 non
3341 5118 3464 5157 sum
3494 5100 3586 5156 di-

1931 5213 2091 5268 gnus,
2119 5212 2306 5268 usque
2334 5194 2405 5250 ad
2453 5210 2626 5250 vacua
2673 5210 2784 5250 non
2830 5194 2958 5265 fuit.
2995 5191 3258 5247 Pluviam
3315 5189 3585 5245 volunta-

1934 5287 2082 5342 riam
2116 5300 2430 5359 segregans
2459 5283 2612 5340 Deus
2639 5281 2963 5339 haereditati
2993 5297 3133 5336 suae.
3164 5279 3394 5336 Etenim
3427 5277 3586 5333 infir-

1932 5379 2094 5431 mata
2121 5383 2229 5443 est,
2261 5379 2326 5429 tu
2358 5390 2491 5429 vero
2518 5371 2807 5445 perfecisti
2840 5387 2990 5437 eam,
3018 5369 3159 5441 quia
3197 5367 3452 5441 pluviam
3481 5382 3583 5421 vo-

1929 5464 2267 5532 luntariam,
2301 5479 2472 5535 usque
2499 5461 2568 5516 ad
2597 5459 2888 5533 perfecisti
2919 5475 3076 5516 eum.
3111 5459 3315 5532 (Idem,
3348 5455 3582 5512 serm.de

1927 5573 2036 5612 ver.
2073 5555 2277 5623 Evang.
2308 5553 2395 5620 19,
2427 5552 2567 5625 psal.
2603 5549 2795 5612 1.xv11.)

1948 5667 1950 5669 ‘
1999 5645 2293 5701 Laborant
2322 5639 2615 5715 Pelagiani
2651 5645 2938 5713 quantum
2969 5642 3218 5712 possunt
3245 5636 3574 5707 ostendere,

1925 5733 2176 5810 gratiam
2221 5731 2322 5791 Dei
2362 5731 2708 5800 secundum,
2740 5745 2910 5806 usque
2959 5729 3031 5790 ad
3080 5728 3296 5788 dicitur
3322 5725 3382 5783 in
3415 5724 3576 5786 Psal-
