4114 6466
508 374 627 465 347

1731 383 1964 447 FLORI
2005 379 2321 444 DIACONI
2365 373 2752 440 MONACHI.

3811 358 3941 423 348

514 541 632 584 mo.
667 523 872 601 (Idem,
902 523 1000 581 lib.
1030 521 1096 581 de
1119 520 1244 580 Gra.
1277 529 1329 580 et
1359 520 1528 579 libero
1558 519 1750 588 arbit.,
1772 523 1915 576 tom.
1938 515 2163 590 X,part.
2195 514 2253 582 Α
2350 510 2554 570 Deinde
2581 510 2710 584 ﬁnis
2737 524 2863 566 cum
2901 503 3189 564 tradiderit
3232 516 3467 572 regnum
3510 499 3616 556 Deo
3647 503 3699 554 et
3725 495 3891 565 Patri
3922 510 3944 550 :

518 636 555 689 I,
588 616 696 674 col.
729 616 877 689 888.)

586 708 689 764 Sed
734 705 1107 762 abundantius
1153 703 1404 760 omnibus
1454 702 1571 758 illis
1618 700 1885 764 laboravi,
1918 714 2028 754 non
2077 712 2170 769 ego

516 805 720 863 autem,
749 796 841 851 sed
866 798 1051 865 gratia
1080 796 1175 849 Dei
1201 809 1431 849 mecum.
1463 791 1626 847 Cives
1660 793 1872 845 sanctae
1920 786 2171 845 civitatis

518 887 619 948 Dei
653 886 713 941 in
744 885 925 957 hujus
955 884 1083 938 vitae
1115 882 1602 955 peregrinatione,
1633 896 1803 951 usque
1834 878 1903 933 ad
1928 875 2174 933 fornica-

519 975 779 1032 tionibus
811 975 954 1030 suis.
988 973 1190 1047 (Idem,
1223 973 1320 1027 lib.
1353 972 1418 1027 de
1449 971 1560 1028 Civ.
1599 971 1696 1026 Dei
1724 986 1837 1037 xw,
1870 971 2014 1022 tom.
2046 965 2169 1035 VII,

523 1063 630 1121 col.
664 1066 812 1132 414')

596 1153 745 1219 Quid
795 1156 885 1208 est
932 1152 1085 1225 quod
1138 1168 1315 1218 nunc,
1350 1150 1521 1222 quasi
1571 1146 1901 1221 apostolatu
1950 1145 2171 1213 relicto,

522 1241 779 1315 Apostoli
814 1242 981 1306 fiunt,
1013 1257 1184 1312 usque
1212 1240 1281 1296 ad
1313 1243 1569 1313 augeret.
1605 1238 1805 1305 (Idem,
1839 1238 2171 1293 tract.Evan.

521 1347 625 1387 sec.
658 1331 813 1386 Joan.
847 1347 1017 1394 cxxn,
1046 1334 1191 1385 tom.
1224 1329 1323 1396 III,
1356 1333 1506 1401 part.
1530 1345 1591 1396 II,
1625 1327 1734 1383 col.
1772 1326 1911 1381 1959
1939 1329 1996 1381 et
2025 1326 2175 1397 seq.)

593 1419 707 1474 Non
733 1435 830 1487 ego
858 1427 1061 1479 autem.
1093 1417 1187 1473 sed
1216 1418 1400 1486 gratia
1451 1419 1554 1473 Dei
1597 1432 1827 1471 mecum.
1860 1415 1983 1470 Non
2037 1414 2177 1486 quia

524 1507 652 1580 ipse
704 1508 873 1576 nihil,
907 1512 1042 1576 etc.,
1075 1523 1245 1579 usque
1292 1507 1373 1563 ad
1419 1506 1741 1577 adjuvaret.
1795 1503 1926 1573 (Id.,
1971 1503 2073 1559 lib.
2106 1503 2177 1559 ad

522 1599 749 1653 Paulin.
781 1597 971 1670 episc.)

596 1689 723 1744 Sive
750 1689 899 1744 enim
926 1703 1039 1759 ego,
1071 1689 1186 1743 sive
1215 1687 1321 1754 illi,
1356 1688 1436 1742 sic
1460 1686 1850 1758 praedicamus,
1882 1691 1933 1740 et
1958 1686 2039 1740 sic
2061 1699 2177 1739 cre-

526 1775 766 1832 didistis.
825 1779 987 1832 Inter
1050 1775 1310 1832 medium
1377 1775 1668 1832 montium
1734 1772 2178 1845 pertransibunt

529 1882 714 1958 aquas.
746 1866 1027 1958 Putemus
1056 1864 1165 1920 hoc
1193 1865 1294 1932 ita,
1327 1868 1461 1958 etc.,
1494 1879 1662 1936 usque
1691 1863 1760 1918 ad
1807 1861 2055 1935 apostoli
2088 1878 2177 1917 re-
2206 1892 2255 1958 Β

528 1955 815 2010 tinebant.
850 1955 980 2027 (Id.,
1021 1961 1182 2011 tract.
1227 1954 1372 2026 psal.
1418 1968 1537 2020 CIII,
1590 1956 1732 2008 tom.
1781 1951 1874 2019 IV,
1908 1955 2059 2024 part.
2093 1966 2175 2006 Ill.

528 2044 638 2100 col.
675 2045 814 2100 1356
843 2048 899 2100 et
929 2051 1077 2117 seq.)

600 2135 761 2200 Quod
794 2138 992 2190 autem
1022 2137 1148 2191 erat
1177 2133 1423 2206 apostoli
1454 2131 1615 2188 Pauli
1648 2129 2036 2204 evangelium,
2068 2129 2195 2185 hoc.

527 2222 730 2289 etiam,
778 2225 912 2290 etc.,
962 2238 1133 2295 usque
1182 2222 1253 2278 ad
1310 2220 1646 2278 Salvatoris.
1699 2219 1829 2287 (Id.,
1875 2220 1973 2274 lib.
2005 2225 2178 2275 contr.

526 2314 709 2368 Faust.
743 2329 806 2381 II,
840 2317 982 2368 tom.
1014 2312 1164 2380 VIII,
1198 2311 1307 2369 col.
1341 2312 1493 2383 210.)

599 2402 660 2458 Si
690 2409 868 2457 autem
927 2402 1172 2458 Christus
1223 2401 1565 2474 peaedicalur
1620 2399 1760 2471 quod
1817 2399 2121 2454 resurrexit
2149 2414 2184 2451 a

529 2493 784 2558 mortuis,
818 2490 1078 2564 quomodo
1105 2490 1331 2564 quidam
1375 2489 1566 2546 dicunt
1611 2491 1673 2545 in
1719 2488 1889 2554 vobis,
1922 2488 2184 2561 quoniam

535 2582 881 2648 resurrectio,
915 2584 1023 2636 etc.
1058 2596 1249 2652 usque
1279 2580 1350 2635 ad
1379 2580 1586 2636 mortui
1613 2593 1724 2634 non
1753 2585 2058 2648 resurgunt.
2090 2577 2185 2631 At-

530 2670 846 2725 tendamus
875 2669 1240 2742 Apostolum,
1274 2685 1410 2724 cum
1462 2667 1685 2741 ingenti
1734 2684 1875 2722 cura
1900 2664 2181 2735 veritatis,

535 2762 646 2816 etc.
679 2775 854 2832 usque
900 2760 988 2815 ad
1028 2758 1334 2815 veritatem
1382 2756 1733 2829 recuperari.
1768 2756 1899 2825 (Id.,
1932 2758 2087 2829 epist.
2115 2756 2185 2812 ad

533 2850 818 2921 Hierony.,
852 2852 992 2905 tom.
1028 2849 1099 2915 ΙΙ,
1132 2848 1241 2905 col.
1274 2848 1423 2920 413.)

603 2943 744 2996 Nam
771 2939 823 2994 si
845 2940 1054 2995 mortui
1078 2955 1190 2994 non
1220 2944 1515 3009 resurgunt
1543 2955 1559 2991 :
1591 2952 1765 3010 neque
1810 2936 2052 2992 Christus
2096 2952 2185 2992 re-

533 3028 946 3102 surrexit,quod
973 3030 1024 3084 si
1055 3029 1299 3085 Christus
1326 3045 1437 3083 non
1468 3028 1941 3095 resurrexit,vana
1960 3034 2039 3081 est
2055 3026 2187 3097 ﬁdes

533 3124 738 3185 nostra,
759 3122 1088 3191 etc.,usque
1109 3118 1180 3173 ad
1203 3118 1691 3174 hominibus.Sunt
1710 3133 1853 3171 verae
1884 3114 2185 3171 connexio-

2277 619 2403 659 cum
2444 601 2789 658 evacuaverit
2836 613 3051 654 omnem
3093 595 3489 668 principatum,
3520 596 3572 645 et
3597 593 3950 660 potestatem,

2278 701 2329 750 et
2358 694 2636 748 virtutem.
2669 688 2819 756 Quid
2851 685 3191 760 putabimus
3221 696 3349 737 esse
3386 680 3629 735 domum
3662 675 3783 744 Dei,
3819 673 3946 729 nisi

2279 782 2590 855 templum,
2621 783 2758 846 etc.,
2787 792 2958 848 usque
2986 774 3057 829 ad
3087 787 3333 845 regnum
3379 771 3570 823 tuum.
3606 766 3737 837 (Id.,
3772 770 3942 820 tract.

2280 853 2484 943 Evang.
2516 886 2619 927 sec.
2647 870 2805 926 Joan.
2838 881 3026 935 LXVIII,
3059 866 3202 918 tom.
3237 860 3336 926 III,
3355 862 3505 931 part.
3528 874 3591 924 II,
3615 854 3722 911 col.
3750 853 3945 921 1814.)

2353 962 2473 1017 Erit
2503 976 2638 1033 ergo
2670 972 2916 1031 regnum
2948 945 3588 1018 christianorum,quod
3621 943 3792 999 modo
3825 940 3949 997 col-

2280 1050 2505 1124 ligitur,
2539 1030 2672 1113 etc.,
2704 1030 2878 1120 usque
2926 1041 3013 1099 ad
3057 1041 3129 1097 ab
3180 1038 3347 1094 initio
3400 1033 3627 1091 mundi.
3664 1031 3788 1102 (Id.,
3823 1030 3942 1087 col.

2283 1142 2466 1207 1597.)

2353 1231 2469 1286 Nec
2500 1228 2585 1285 sic
2613 1227 2966 1284 arbitremur
2985 1220 3555 1289 Christum,regnum
3580 1212 3945 1268 traditurum

2283 1321 2400 1377 Deo
2427 1323 2485 1375 et
2513 1317 2688 1385 Patri,
2724 1319 2790 1372 ut
2820 1314 3044 1370 adimat
3073 1309 3205 1366 sibi.
3233 1308 3380 1363 Nam
3413 1308 3470 1359 et
3500 1301 3765 1376 quidam,
3796 1303 3941 1366 etc.,

2282 1426 2458 1484 usque
2505 1408 2592 1464 ad
2636 1405 2835 1463 omnia
2880 1404 2940 1458 in
2990 1398 3285 1457 omnibus.
3336 1395 3468 1465 (Id.,
3513 1393 3610 1448 lib.
3644 1390 3754 1446 Ide
3785 1390 3943 1445 Trin.

2284 1504 2429 1557 tom.
2458 1497 2607 1564 VIII,
2641 1494 2750 1552 col.
2782 1494 2933 1556 820.)

2356 1584 3009 1647 Commemorabuntur,
3040 1576 3254 1651 inquit,
3280 1578 3336 1632 et
3366 1570 3941 1636 convertentur,etc.,

2284 1694 2453 1752 usque
2481 1677 2551 1733 ad
2581 1693 2614 1731 a
2645 1678 2830 1748 patre.
2865 1672 2992 1745 (Id.,
3026 1669 3121 1725 lib.
3151 1668 3217 1724 de
3248 1665 3372 1722 Cra.
3422 1663 3559 1719 Novi
3607 1662 3765 1727 Test.,
3796 1657 3940 1730 psal.

2283 1786 2398 1836 XXI,
2426 1770 2570 1823 tom.
2604 1765 2674 1833 Il,
2702 1762 2811 1820 col.
2844 1759 2995 1821 566.)

2359 1858 2573 1930 Oportet
2616 1862 2797 1910 autem
2844 1852 3008 1907 illum
3052 1861 3287 1917 regnare
3332 1843 3499 1899 donec
3540 1845 3711 1913 ponat
3757 1852 3947 1894 omnes

2289 1949 2543 2005 inimicos
2572 1961 2696 2001 suos
2723 1943 2822 2000 sub
2849 1940 3078 2014 pedibus
3125 1938 3262 1993 suis.
3296 1932 3638 1989 Divinarum
3683 1926 3950 1998 Scriptu-

2288 2054 2489 2094 rarum
2518 2034 2866 2100 incuriosos,
2901 2035 3034 2097 etc.,
3066 2041 3237 2100 usque
3265 2023 3336 2081 ad
3365 2021 3475 2078 sub
3502 2018 3773 2094 pedibus.
3808 2014 3948 2088 (Id.,

2290 2130 2389 2185 lib.
2419 2145 2439 2182 ι
2470 2127 2534 2183 de
2568 2124 2788 2191 Trinit.,
2821 2125 2966 2177 tom.
2998 2118 3150 2186 VIII,
3183 2112 3295 2170 col.
3328 2109 3478 2182 830.)

2361 2217 2663 2273 Novissime
2692 2219 2874 2268 autem
2897 2208 3128 2265 inimica
3154 2205 3463 2260 destruetur
3489 2214 3653 2254 mors.
3670 2193 3951 2260 Quandiu

2291 2323 2499 2364 sumus
2540 2304 2601 2360 in
2648 2316 2888 2374 corpore
2920 2315 2933 2352 :
2968 2293 3415 2370 peregrinamur
3443 2305 3476 2343 a
3511 2285 3774 2353 Domino,
3807 2287 3948 2350 etc.,

2289 2412 2460 2469 usque
2489 2394 2560 2451 ad
2590 2405 2978 2448 mor.uorum.
3010 2386 3141 2453 (Id.,
3174 2389 3331 2439 tract.
3359 2380 3505 2453 psal.
3539 2392 3765 2443 CXLVIII,
3796 2378 3950 2428 tom.

2291 2490 2388 2554 IV,
2422 2488 2572 2559 part.
2602 2500 2641 2554 ι,
2675 2480 2783 2538 col.
2819 2478 3002 2543 1940.)

2363 2552 2596 2632 Dictum
2623 2552 2749 2628 est:
2774 2572 2918 2623 Cum
2948 2561 3256 2622 tradiderit
3284 2573 3532 2633 regnum
3555 2556 3671 2612 Deo
3694 2557 3751 2610 et
3769 2552 3951 2626 patri.

2292 2665 2468 2731 Quasi
2500 2678 2659 2719 nunc
2688 2676 2805 2716 non
2834 2659 3048 2723 teneat,
3083 2656 3217 2716 etc.,
3253 2665 3423 2723 usque
3452 2647 3523 2703 ad
3551 2646 3611 2701 in
3644 2642 3950 2699 omnibus.

2293 2756 2423 2827 (Id.,
2458 2755 2556 2809 lib.
2591 2767 2797 2807 LXXXIII
2830 2748 3049 2816 Quaest"
3081 2747 3225 2798 tom.
3254 2739 3352 2807 VI,
3387 2735 3496 2827 col.
3527 2733 3644 2796 75.)
3720 2770 3739 2783 .

2365 2820 2529 2911 Quod
2560 2841 2641 2897 ait
2669 2836 2984 2913 Apostolus
3009 2852 3021 2890 :
3049 2834 3191 2890 Cum
3223 2832 3419 2886 autem
3450 2825 3856 2897 ei,etc.,usque
3875 2820 3959 2877 ad

2293 2908 2537 3006 aequalis
2564 2934 2655 2987 est
2682 2908 2886 2984 Filius.
2921 2924 3052 2998 (Id',
3086 2922 3184 2977 lib.
3208 2938 3225 2975 ι
3254 2918 3320 2975 de
3349 2908 3954 2982 Trinitat.,tom.VlII,

2295 3022 2404 3080 col.
2435 3022 2541 3077 829
2572 3023 2628 3075 et
2657 3019 2805 3089 seq.)

2364 3114 2436 3168 Et
2460 3127 2617 3166 nunc
2646 3088 2901 3164 clariﬁca
2929 3118 3023 3159 me
3052 3104 3116 3155 tu
3148 3099 3317 3154 Pater
3346 3093 3501 3168 apud
3543 3088 3957 3161 temetipsum,

536 3224 641 3263 nes
684 3206 1168 3273 ratiocinationis,
1203 3206 1380 3263 falsas
1427 3206 1732 3271 habentes,
1759 3209 1870 3260 etc.
1904 3221 2075 3278 usque
2100 3204 2187 3260 ad
2226 3270 2259 3278 _
2296 3202 2559 3258 claritate
2576 3214 2754 3271 quam
2768 3193 2952 3251 habui
2971 3190 3319 3264 priusquam
3337 3183 3598 3240 mundus
3621 3182 3774 3237 esset
3792 3177 3959 3249 apud

536 3300 926 3353 mortuorum.
964 3297 1092 3365 (Id.,
1129 3266 1226 3353 lib.
1259 3313 1296 3352 II
1327 3296 1392 3352 de
1440 3297 1589 3353 Doct.
1641 3266 1862 3364 Christ,
1914 3266 2055 3350 tom.
2089 3293 2184 3362 III,
2218 3270 2261 3336 CI
2296 3296 2376 3348 te.
2411 3290 2563 3347 Ordo
2591 3266 2907 3344 verborum
2937 3284 3045 3348 est,
3079 3282 3210 3346 etc.,
3244 3291 3414 3348 usque
3443 3272 3515 3329 ad
3542 3271 3602 3326 in
3633 3269 3782 3342 ipso.
3815 3266 3961 3339 (Id.,

538 3390 689 3460 part.
724 3404 762 3455 ι,
798 3385 907 3442 col.
940 3387 1055 3454 58.)

606 3477 761 3532 Nunc
788 3483 973 3531 autem
1006 3475 1253 3532 Christus
1282 3476 1590 3531 resurrexit
1615 3491 1647 3529 a
1670 3474 1902 3530 mortuis
1921 3473 2193 3545 primitiae

536 3565 934 3621 dormientium
963 3583 980 3619 :
1012 3567 1273 3638 quoniam
1301 3564 1520 3638 quidem
1564 3581 1662 3636 per
1704 3565 1980 3619 hominem
2020 3578 2189 3629 mors,

538 3659 869 3725 etc.,usque
902 3655 974 3709 ad
1003 3655 1120 3726 ejus
1146 3652 1700 3709 crediderunt.Homo
1722 3657 1778 3709 et
1801 3651 2191 3708 homo.Homo

541 3742 615 3797 ad
648 3743 1139 3810 mortem.Homo,
1172 3745 1307 3809 etc.,
1339 3758 1513 3816 usque
1545 3743 1631 3798 ad
1655 3741 1885 3797 Domini
1915 3741 2023 3796 tui.
2058 3740 2188 3810 (Id.,

541 3839 697 3888 tract.
733 3833 939 3902 Evang.
971 3848 1058 3887 sec
1084 3834 1243 3889 Joan.
1275 3847 1360 3898 III,
1392 3835 1535 3887 tom.
1569 3831 1668 3899 III,
1702 3834 1852 3904 part.
1887 3829 2058 3902 II,coI.
2092 3830 2193 3885 140

540 3924 598 3978 et
628 3921 775 3993 seq.)

614 4010 761 4077 Quia
789 4028 893 4085 ego
923 4010 1356 4084 vivo,inquit,et
1382 4027 1485 4066 vos
1515 4009 1894 4076 vivetis.Quia
1919 4008 2086 4064 vivit:
2104 4007 2192 4062 id-

542 4104 769 4172 eo,etc.,
802 4117 976 4175 usque
996 4102 1100 4170 ad,
1126 4101 1241 4156 nisi
1273 4117 1376 4174 per
1406 4100 1724 4157 Christum.
1760 4097 2192 4169 (Id.,0011830.)

615 4190 778 4247 Sicut
802 4190 959 4247 enim
991 4190 1052 4245 in
1077 4192 1262 4246 Adam
1307 4207 1533 4261 omnes,
1566 4194 1701 4257 etc.,
1736 4206 1911 4262 usque
1961 4189 2048 4244 ad
2090 4186 2193 4242 lilii

545 4280 660 4337 Dei.
694 4281 824 4351 (Id.,
856 4282 1010 4353 epist.
1044 4280 1114 4336 ad
1147 4283 1412 4352 Optatum
1440 4281 1630 4351 episc.,
1662 4283 1806 4334 tom.
1832 4278 1901 4347 II,
1925 4275 2195 4346 001.859.)

613 4372 814 4443 Neque
845 4370 1003 4426 anim
1032 4369 1145 4427 alio
1172 4386 1350 4426 sensu
1383 4368 1604 4425 dictum
1628 4372 1737 4435 est,
1761 4372 1896 4434 etc.,
1918 4383 2096 4440 usque
2116 4368 2197 4423 ad

544 4458 633 4602 in1
656 4458 905 4603 Ciligrgsto.
939 4459 1070 4531 (Id.,
1099 4460 1196 4514 lib.
1229 4459 1300 4514 ad
1347 4457 1564 4515 Marcet.
1594 4461 1849 4526 III,'tom.
1874 4457 1941 4525 X,
1975 4460 2123 4530 part.
2152 4474 2191 4524 ι,

545 4564 611 4603 co
643 4589 656 4602 .
800 4552 834 4603 .)

545 4552 656 4603 col.
691 4552 834 4614 197.)

2300 3388 2457 3437 tract.
2489 3380 2698 3447 Evang.
2748 3390 2849 3431 sec.
2898 3374 3055 3430 Joan.
3105 3386 3191 3437 cx,
3223 3370 3367 3422 tom.
3401 3366 3503 3431 III,
3538 3362 3688 3433 part.
3721 3374 3804 3424 III,
3838 3355 3962 3411 col.

2302 3469 2604 3614 49(8)::iinus
2635 3554 2858 3610 dictum
2909 3566 3038 3606 esse
3071 3565 3085 3603 :
3119 3548 3347 3603 Patrem
3400 3539 3545 3597 Filio
3595 3553 3723 3593 esse
3768 3536 3965 3606 majo-

2301 3665 2447 3715 rem,
2479 3651 2613 3713 etc.,
2644 3659 2815 3716 usque
2854 3640 2925 3697 ad
2964 3638 3158 3695 minor
3186 3635 3373 3691 Patre.
3409 3630 3540 3701 (Id.,
3574 3629 3673 3684 lib.
3705 3643 3743 3682 x
3771 3625 3963 3681 collat.

2300 3755 2426 3794 cum
2455 3736 2772 3801 Maximino,
2804 3736 2948 3787 tom.
2980 3728 3134 3795 VIII,
3167 3723 3275 3781 col.
3306 3722 3413 3777 723
3442 3724 3499 3776 et
3528 3719 3679 3790 seq.)

2373 3826 2456 3882 Ad
2489 3825 2696 3879 horam
2726 3821 2944 3894 quippe
2974 3815 3371 3890 apparuerunt
3395 3808 3517 3876 illa,
3549 3804 3966 3894 etc.,usquead

2303 3917 2599 3988 subjectas
2630 3912 2690 3967 in
2722 3892 2809 3966 e—a.
2835 3892 2978 3976 7(Id.,
2999 3922 3069 3962 ex
3088 3904 3270 3960 collat.
3303 3917 3429 3957 cum
3459 3898 3623 3953 Max"
3655 3892 3961 3961 tem.VlII,

2303 4005 2413 4062 col.
2445 4005 2552 4059 756
2584 4006 2641 4058 et
2671 4000 2819 4072 seq.)

2371 4094 2496 4150 Non
2528 4095 2747 4156 autem,
2778 4090 2847 4143 ut
2876 4089 3069 4158 putas,
3103 4098 3316 4155 corpus
3343 4081 3577 4135 tantum
3618 4074 3744 4139 filii,
3775 4072 3836 4128 id
3868 4076 3967 4128 est

2303 4189 2438 4251 etc.,
2470 4198 2641 4254 usque
2670 4180 2740 4235 ad
2765 4194 2893 4235 esse
2922 4175 3277 4247 subjectum.
3313 4169 3438 4236 (Id.,
3471 4166 3580 4223 col.
3611 4167 3766 4254 787

2372 4275 2489 4331 Nec
2514 4252 2829 4345 quisquam
2861 4267 2943 4322 ita
2967 4262 3259 4321 existimet
3289 4260 3361 4315 de
3410 4259 3580 4314 Patre
3622 4252 3963 4325 intelligen-

2304 4341 2630 4436 dum,quod
2661 4341 2978 4431 subjecerit
3007 4353 3207 4411 omnia
3236 4349 3399 4419 Filio,
3422 4352 3490 4403 ut
3516 4346 3712 4419 ipsum
3743 4341 3965 4398 Filium

2305 4455 2416 4511 sibi
2448 4432 2647 4509 omnia
2676 4446 2999 4520 subjeoisse
3031 4460 3148 4500 non
3179 4442 3364 4514 putet.
3397 4432 3813 4509 Inseparabilis
3845 4437 3964 4497 est,

2304 4548 2437 4611 etc.,
2468 4556 2638 4615 usque
2665 4538 2737 4595 ad
2767 4536 2869 4609 qui
2916 4535 3177 4591 evacuat.
3210 4530 3340 4601 (Id.,
3371 4528 3469 4584 lib.
3498 4526 3563 4581 de
3616 4523 3886 4580 Trinitnte
3920 4538 3962 4589 I,

618 4636 742 4693 Duo
772 4637 906 4705 ista,
939 4654 1066 4710 quae
1097 4637 1157 4694 in
1188 4656 1306 4695 uno
1346 4638 1497 4694 ﬁunt
1543 4637 1802 4704 homine,
1835 4637 1997 4693 nasci
2025 4639 2082 4692 et
2107 4651 2193 4691 re-
2224 4648 2271 4714 D
2301 4636 2446 4689 tom.
2477 4629 2628 4700 VIII,
2653 4626 2761 4684 col.
2794 4626 2942 4697 830.)

546 4726 729 4793 nasci,
765 4730 900 4794 etc.,
929 4743 1106 4799 usque
1135 4728 1216 4783 ad
1235 4727 1597 4802 significans.
1630 4727 1761 4795 (Id.,
1792 4725 2025 4799 epist.ad
2051 4727 2195 4781 Dar-

544 4817 751 4873 danum
779 4816 845 4873 de
868 4819 1154 4889 prxsentia
1183 4818 1309 4884 Dei,
1333 4821 1480 4873 tom.
1511 4815 1583 4884 Il,
1616 4815 1721 4872 col.
1758 4817 1863 4871 843
1892 4818 1949 4870 et
1978 4813 2120 4886 seq.)

586 4906 693 4965 .Ut
720 4923 856 4980 ergo
888 4906 1041 4963 sicut
1069 4923 1172 4980 per
1200 4923 1387 4963 unum
1435 4904 1735 4962 hominem
1783 4920 1943 4960 mors
1976 4920 1988 4959 :
2023 4904 2109 4959 ita
2138 4907 2197 4959 et

547 5014 668 5070 per,
702 5001 836 5066 etc.,
869 5013 1045 5070 usque
1074 4997 1161 5053 ad
1190 5000 1579 5052 mortuorum.
1614 4995 1744 5063 (Id.,
1769 4994 1867 5049 lib.
1899 4994 1964 5050 de
1998 4994 2192 5050 Trinit.

546 5104 621 5156 Iv,
654 5090 796 5143 tom.
828 5086 978 5155 VIII,
1008 5085 1117 5143 col.
1153 5086 1224 5142 89
1251 5088 1305 5155 '.)

525 5204 539 5219 ι
619 5178 784 5234 Sicut
813 5177 970 5233 enim
1001 5175 1062 5232 in
1092 5176 1277 5232 Adam
1308 5190 1514 5230 omnes
1546 5172 1901 5240 moriuntur,
1933 5173 2016 5229 sic
2047 5177 2105 5229 et
2136 5173 2195 5228 in

547 5267 775 5323 Christo
796 5284 1000 5323 omnes
1019 5266 1486 5323 vivificabuntur.
1498 5263 1603 5320 Per
1618 5263 1770 5320 hanc
1784 5262 1941 5320 enim
1962 5265 2200 5336 Aposto-

547 5357 859 5424 licam,etc.
872 5374 1062 5431 ,usque
1078 5357 1161 5412 ad
1176 5356 1431 5412 novitate
1447 5352 1734 5427 displicet.
1757 5354 1863 5424 (Id.
1875 5354 2064 5422 ,lib.de
2080 5354 2200 5410 Ori-

547 5449 675 5517 gine
705 5449 913 5504 animae
941 5447 1011 5502 ad
1038 5448 1611 5519 Hyeronymum,tom.
1641 5442 1944 5511 lI,coI.729
1965 5447 2019 5499 et
2051 5445 2200 5516 seq.)

624 5537 864 5608 Propter
894 5536 1001 5591 hoc
1032 5534 1362 5607 exemplum
1394 5536 1601 5590 futuras
1651 5537 1862 5590 nostrae
1911 5550 2200 5589 resurrec-

553 5625 891 5692 tionis,etc.,
922 5641 1094 5697 usque
1122 5625 1191 5680 ad
1220 5624 1417 5696 gloria:
1448 5642 1588 5681 suae.
1615 5623 1744 5692 (Id.,
1779 5623 1877 5679 lib.
1911 5640 1969 5678 IV
1997 5622 2061 5678 de
2090 5624 2205 5679 Tri-

554 5714 657 5769 uit.
688 5718 830 5771 tom.
862 5714 1012 5785 VIII,
1045 5713 1153 5773 col.
1180 5713 1304 5770 892.

2381 4723 2442 4780 Ut
2469 4722 2544 4778 sit
2568 4721 2710 4775 Deus
2738 4716 2927 4773 omnia
2956 4715 3017 4770 in
3057 4711 3330 4769 omnibus.
3365 4704 3675 4763 Praemium
3720 4700 3965 4756 virtutis

2304 4813 2413 4870 erit
2441 4811 2567 4884 ipse
2592 4806 2694 4881 qui
2717 4806 2994 4862 virtutem
3025 4800 3205 4870 dedit,
3240 4803 3376 4865 etc.,
3406 4811 3577 4868 usque
3598 4792 3669 4849 ad
3696 4806 3965 4846 commu-

2304 4902 2418 4959 nis.
2449 4879 2581 4967 (Id.,
2610 4879 2712 4954 lib.
2744 4910 2885 4952 XXIII
2927 4893 2992 4950 de
3023 4892 3137 4948 Civ.
3172 4891 3293 4958 Dei,
3328 4891 3471 4944 tom.
3504 4883 3627 4952 VII,
3663 4879 3771 4937 col.
3804 4881 3963 4948 801.)

2376 4987 2775 5047 Perniciosum
2827 4987 3022 5040 autem
3068 4985 3160 5038 est
3186 4976 3501 5036 consilium
3530 4969 3788 5029 hominis
3818 4968 3961 5042 ipsi,

2306 5086 2440 5151 etc.,
2472 5094 2643 5151 usque
2687 5076 2758 5133 ad
2804 5074 3022 5148 quibus
3073 5069 3306 5127 dicitur.
3340 5066 3473 5140 (Id.,
3506 5070 3673 5120 tract.«
3690 5060 3831 5133 psal.
3869 5075 3960 5125 cv,

2304 5175 2448 5227 tom.
2478 5168 2571 5236 IV,
2605 5169 2756 5240 part.
2789 5182 2853 5231 II,
2886 5160 2995 5219 col.
3030 5162 3117 5229 14,
3147 5160 3212 5215 15
3242 5161 3300 5214 et
3330 5155 3479 5228 seq.)

2377 5236 2684 5317 Justorum
2706 5251 3129 5310 desideriorum
3146 5246 3398 5305 satietati
3408 5248 3569 5313 ,tunc
3583 5237 3729 5297 nihil
3751 5236 3959 5304 deerit,

2309 5348 2543 5424 quando
2574 5347 2728 5402 Deus
2754 5343 2954 5399 omnia
2982 5341 3044 5396 in
3075 5337 3352 5396 omnibus
3380 5330 3600 5390 erit.Ad
3623 5345 3801 5402 quam
3830 5327 3965 5383 bea~

2309 5420 2620 5496 titudinem
2652 5435 2693 5489 ii
2726 5428 3199 5506 perveniunt,qui
3228 5425 3369 5481 huic
3400 5420 3609 5480 saecqu
3632 5422 3765 5474 ante
3789 5433 3963 5490 sepa—

2311 5528 2599 5586 rationem
2631 5522 2839 5580 anima:
2872 5539 2906 5576 a
2926 5536 3099 5577 carne
3131 5516 3501 5573 moriuntur:
3528 5526 3631 5566 nec
3653 5507 3713 5563 in
3735 5506 3961 5575 eis,etc,

2311 5634 2482 5691 usque
2505 5615 2574 5672 ad
2623 5629 2835 5686 corpus
2878 5609 3167 5683 implebit.
3203 5607 3334 5681 (Id.,
3368 5604 3464 5661 lib.
3497 5602 3644 5659 Sent.
3677 5598 3959 5668 Prosperi,

2312 5714 2455 5767 tom.
2483 5705 2551 5774 X,
2583 5708 2732 5779 part.
2767 5703 2829 5775 Ii,
2856 5699 2966 5768 col,
3002 5699 3186 5769 1895.)
