4114 6478
141 405 242 471 349

952 407 1366 474 EXPOSITIO
1411 410 1489 473 IN
1533 411 1705 474 EPP.
1752 410 2010 476 PAULI.
2042 445 2118 456 —-
2148 411 2269 474 EP.
2316 411 2365 474 Ι.
2412 412 2519 474 AD
2565 411 2741 475 COR.

3426 401 3551 471 350

196 539 449 613 Quotidie
473 543 685 599 morior
705 557 808 615 per
835 549 1070 599 vestram
1095 544 1582 617 gloriam,fratres,
1612 535 1779 618 quam
1807 547 1857 615 Α
1890 544 2201 604 nobiscum
2232 561 2402 619 agere
2451 544 2712 602 student.
2761 547 2896 610 etc.,
2929 542 3099 617 usque
3143 539 3214 599 ad
3256 542 3543 598 fruemur.

147 632 290 688 iubeo
320 633 383 686 in
412 631 627 688 Christo
652 635 778 689 Jesu
803 634 1033 689 Domino
1063 634 1347 690 nostro.Ut
1379 637 1654 691 noveritis
1684 652 1780 691 ve-

152 737 255 775 ~um
278 722 484 792 jurare
532 738 651 777 non
691 738 819 777 esse
876 726 1202 795 peccatum,
1238 723 1590 787 invenimus.
1643 729 1781 793 etc.,

147 827 294 883 isque
322 809 395 866 ad
423 810 669 867 adhibet
695 810 903 867 Deum.
937 812 1070 881 (Id.,
1102 829 1267 869 serm.
1292 813 1357 869 de
1384 816 1541 886 epist.
1572 815 1778 883 Jacobi,

143 916 280 956 nemo
294 901 471 972 juret,
504 902 648 956 tom.
678 899 747 967 V,
782 905 931 972 part.
964 917 1025 969 ιι,
1060 900 1147 956 col
1177 903 1283 956 974
1315 899 1377 957 et
1404 906 1553 975 seq.)

199 989 561 1045 Jurationem
591 992 788 1045 autem
821 1006 955 1045 cave
980 994 1271 1062 quantum
1304 996 1487 1063 potes,
1521 996 1654 1060 etc.,
1688 1009 1782 1048 us-

143 1095 231 1151 que
255 1078 325 1134 ad
355 1079 662 1134 consuevit
678 1080 902 1151 jurare.
931 1079 1060 1150 (Id.,
1094 1078 1197 1135 lib.
1251 1080 1322 1135 ad
1364 1080 1519 1137 Cons.
1551 1081 1779 1149 Hilarii,

142 1173 268 1223 tom.
302 1168 374 1235 ΙΙ,
409 1167 520 1223 col.
552 1168 704 1237 693.)

200 1257 301 1320 Qui
333 1257 480 1312 dicit
503 1256 667 1313 :Ecce
697 1274 894 1313 coram
926 1258 1208 1331 Deo,quia
1229 1275 1344 1314 non
1367 1259 1781 1328 mentior,etc.,

142 1363 293 1419 usque
322 1345 395 1402 ad
427 1346 501 1402 ad
534 1347 730 1402 ﬁdem.
759 1348 890 1420 (Id.,
925 1349 983 1402 in
1014 1350 1354 1420 expositione
1381 1351 1535 1420 epist.
1572 1350 1652 1406 ad
1681 1349 1785 1405 Ga-

142 1436 285 1502 latas,
318 1439 467 1491 tom.
503 1435 600 1502 ΙΙΙ,
626 1439 777 1508 part.
809 1453 871 1501 ιι,
906 1435 1015 1492 col.
1040 1438 1229 1506 2110.)

200 1524 258 1581 Si
283 1524 588 1581 secundum
614 1526 891 1582 hominem
937 1526 1005 1581 ab
1058 1527 1224 1583 betias
1280 1530 1526 1599 pugnavi
1562 1528 1781 1599 Ephesi,

142 1614 259 1686 quid
285 1615 431 1671 mihi
455 1614 674 1687 prodest
689 1617 739 1671 si
765 1617 971 1671 mortui
991 1633 1104 1672 non
1134 1622 1470 1686 resurgunt?
1493 1618 1788 1673 Manduce-

142 1720 265 1771 mus,
289 1709 427 1771 etc.,
462 1720 651 1777 usque
680 1705 752 1760 ad
782 1706 932 1761 vobis
963 1706 1173 1777 loquor.
1189 1705 1602 1778 Apostolorum
1633 1711 1787 1762 tem«

142 1793 370 1865 poribus
400 1792 736 1849 invenimus
785 1793 986 1862 fuisse,
1021 1799 1153 1863 etc.,
1187 1811 1358 1867 usque
1403 1795 1473 1851 ad
1522 1813 1638 1850 non
1673 1799 1785 1851 est.

141 1883 260 1953 (Id.,
293 1884 391 1939 lib.
423 1900 463 1938 ν
488 1882 556 1939 de
583 1888 740 1956 Bapt.
773 1887 917 1939 tom.
951 1883 1044 1951 IX,
1076 1882 1185 1939 col.
1218 1885 1373 1955 210.)

202 1971 351 2027 Sunt
381 1971 655 2027 homines
686 1971 787 2044 qui
819 1972 1058 2028 dicunt:
1083 1972 1209 2028 Non
1240 1978 1329 2029 est
1358 1972 1583 2029 homini
1616 1973 1783 2039 bene,

140 2060 241 2116 nisi
261 2061 356 2116 cui
390 2064 603 2117 assunt
633 2061 828 2118 carnis
854 2060 1093 2131 deliciae,
1119 2066 1251 2131 etc.,
1283 2079 1455 2135 usque
1474 2062 1545 2119 ad
1579 2063 1790 2118 moria-

141 2155 243 2205 tur.
274 2151 413 2221 (Id.,
445 2167 609 2207 serm.
641 2150 706 2206 de
734 2166 845 2207 ver.
878 2166 1095 2221 evang.,
1129 2155 1271 2207 tom.
1303 2151 1372 2218 V,
1405 2156 1556 2224 part.
1592 2169 1651 2221 ιι,
1676 2151 1783 2207 col.

142 2239 235 2293 160
260 2242 317 2294 et
342 2242 499 2312 seq.)

198 2327 739 2385 Animadvertimus
767 2344 902 2384 cum
934 2328 1184 2401 apostoli
1207 2328 1454 2402 epistola
1472 2327 1782 2402 legeretur,

140 2420 259 2486 etc.,
290 2434 469 2491 usque
497 2418 571 2474 ad
612 2416 803 2473 securi
861 2417 1206 2474 moriamur.
1240 2419 1373 2488 (Id.,
1406 2435 1569 2474 serm.
1600 2419 1666 2474 de
1690 2425 1790 2476 Re-

137 2515 379 2574 surrect.,
411 2511 559 2563 tom.
591 2506 660 2575 V,
691 2510 840 2580 part.
870 2524 928 2575 ιι,
958 2506 1067 2563 col.
1103 2508 1243 2562 1599
1272 2511 1329 2563 et
1352 2512 1504 2580 seq.)

198 2596 383 2653 Nolite
406 2596 616 2663 seduci,
656 2604 1015 2669 corrumpunt
1058 2612 1236 2652 mores
1294 2599 1456 2653 bonos
1511 2598 1787 2670 colloquia

138 2685 291 2741 mala.
331 2686 568 2741 Fratres
600 2685 735 2754 mei,
770 2685 871 2758 qui
909 2684 1132 2740 timetis
1189 2685 1396 2752 Deum,
1430 2689 1788 2742 mementote

143 2774 286 2846 quod
318 2774 426 2842 ait,
457 2778 593 2839 etc.,
625 2790 794 2846 usque
823 2773 894 2829 ad
942 2773 1060 2829 Deo
1117 2778 1332 2831 vestro.
1365 2775 1498 2844 (Id.,
1531 2777 1688 2847 epist.
1718 2775 1791 2831 ad

138 2861 336 2932 plebem
365 2862 793 2934 Hipponensem,
819 2865 961 2916 tom.
998 2863 1071 2928 ΙΙ,
1105 2861 1213 2917 col.
1246 2862 1397 2934 270.)

202 2950 305 3006 Sed
334 2951 481 3007 dicet
505 2951 711 3023 aliquis
731 2950 1035 3023 :Quomodo
1067 2960 1358 3023 resurgunt
1372 2954 1577 3008 mortui
1600 2954 1791 3025 Pquali

143 3048 310 3096 autem
333 3057 560 3112 corpore
588 3042 807 3096 venient
830 3040 1000 3095 ?Cum
1023 3042 1510 3098 resurrectionem
1535 3048 1792 3099 mortuo-

143 3147 261 3186 rum
295 3131 660 3204 persuadere
698 3128 870 3185 vellet
900 3129 1006 3196 eis,
1039 3133 1172 3198 etc.,
1207 3147 1375 3203 usque
1406 3131 1475 3186 ad
1514 3131 1788 3187 continuo

143 3219 404 3276 additum
436 3223 543 3275 est.
579 3219 710 3290 (Id.,
745 3220 901 3291 epist.
935 3217 1005 3274 ad
1036 3219 1264 3288 Coloss.,
1298 3224 1440 3275 tom.
1466 3220 1538 3291 II,
1565 3220 1652 3276 col
1683 3222 1791 3277 944

143 3312 192 3362 et
218 3311 373 3381 seq.)

205 3397 592 3453 Manifestum
642 3399 751 3464 est,
783 3396 941 3468 quod
995 3412 1099 3467 per
1145 3396 1438 3452 omlestem
1491 3395 1791 3453 hominem

143 3485 438 3543 Christum
465 3484 605 3541 velit
663 3484 872 3557 accipi,
933 3490 1069 3553 etc.,
1102 3502 1270 3557 usque
1318 3485 1388 3541 ad
1437 3486 1701 3543 ascendit
1731 3487 1790 3542 in

144 3576 365 3632 ccelum.
400 3576 536 3649 (Id.,
570 3592 732 3632 serm.
766 3576 1135 3633 deresurrect.
1167 3581 1502 3645 mort.,tom.
1534 3576 1603 3643 V,
1636 3581 1789 3650 part.

143 3682 196 3733 ιι,
228 3667 339 3723 col.
378 3666 522 3721 1620
550 3669 608 3720 et
636 3668 789 3738 seq.)

204 3756 327 3811 Alia
352 3756 586 3811 claritas
631 3755 787 3817 solis,
816 3761 868 3810 et
914 3754 1032 3810 alia
1083 3755 1308 3811 claritas
1368 3756 1538 3824 tum,
1567 3763 1622 3811 et
1675 3755 1795 3811 alia

142 3845 380 3913 claritas,
412 3848 503 3900 etc
529 3888 547 3910 ,
592 3861 781 3917 usque
828 3844 901 3899 ad
944 3846 1270 3901 resurrectio
1325 3852 1686 3901 mortuorum.
1724 3845 1795 3900 Et

144 3933 187 3989 si
213 3934 369 3991 alius
402 3938 493 3990 est
523 3933 637 3989 alio
667 3933 890 3999 fortior,
915 3933 1067 3989 alius
1108 3932 1220 3989 alio
1269 3933 1607 4006 sapientior,
1642 3933 1794 3989 alius

144 4023 245 4081 alio
267 4022 516 4097 justior,
549 4026 682 4089 etc.,
714 4039 886 4095 usque
935 4022 1006 4078 ad
1063 4040 1179 4079 non
1227 4022 1306 4079 sit
1337 4022 1397 4078 in
1428 4039 1628 4096 regno.
1660 4024 1789 4091 (Id.,

144 4119 288 4169 tract.
321 4129 436 4170 sec.
466 4113 623 4169 Joan.
661 4129 829 4179 vau,
864 4116 1008 4167 tom.
1071 4112 1170 4179 ΙΙΙ,
1212 4117 1363 4185 part.
1416 4129 1475 4180 ιι,
1509 4111 1618 4168 col.
1654 4112 1796 4168 1812

146 4205 197 4256 et
216 4202 369 4276 seq.)

207 4292 565 4364 Comparata
592 4293 680 4345 est
710 4288 1060 4346 resurrectio
1110 4293 1498 4358 mortuorum,
1532 4293 1666 4369 etc.,
1700 4306 1795 4346 us-

142 4398 235 4454 que
260 4383 333 4439 ad
364 4380 594 4438 Caelum
625 4397 956 4437 commune.
991 4380 1123 4451 (Id.,
1154 4397 1318 4436 serm.
1351 4380 1418 4437 de
1444 4381 1792 4451 ver.Evang.,

146 4475 283 4529 tom.
315 4471 390 4540 V,
426 4473 579 4544 part.
612 4488 652 4539 ι,
687 4469 796 4527 col.
826 4470 979 4543 736.)

206 4560 535 4618 Seminatur
562 4575 756 4631 corpus
814 4559 1077 4629 animale,
1138 4568 1326 4629 surget
1378 4575 1574 4632 corpus
1632 4560 1797 4631 spiri-

144 4650 265 4706 tale.
302 4651 640 4722 Resurgent
671 4652 1011 4705 sanctorum
1055 4664 1301 4723 corpora
1330 4649 1459 4705 sine
1490 4648 1630 4715 ullo,
1657 4653 1792 4717 etc.,

144 4755 303 4812 usque
362 4740 437 4795 ad
494 4738 788 4795 inimicos.
848 4738 981 4812 (Id.,
1030 4739 1127 4794 lib.
1187 4739 1439 4806 Enchir.,
1491 4742 1634 4796 tom.
1694 4740 1790 4808 VI,

146 4829 243 4885 col.
280 4829 443 4902 374.)

209 4916 379 4973 Sicut
408 4914 566 4972 enim
598 4914 841 4988 spiritus
871 4915 1031 4971 carni
1054 4913 1454 4982 serviens,non
1476 4917 1797 4991 incongrue

146 5005 435 5062 carnalis:
468 5004 553 5061 ita
583 5021 738 5070 caro,
772 5008 1084 5077 etc.,usque
1123 5004 1193 5061 ad
1222 5004 1508 5078 scriptum
1540 5009 1631 5061 est
1659 5007 1794 5078 (Id.,

147 5093 236 5150 lib.
266 5112 398 5164 xm,
430 5094 642 5151 deCiv.
676 5095 970 5161 Dei,~tom.
1001 5094 1125 5160 VII,
1158 5093 1266 5150 col.
1299 5094 1401 5150 393
1435 5098 1492 5150 et
1521 5097 1670 5168 seq.)

208 5184 468 5258 Corpora
497 5199 635 5257 ergo
657 5182 980 5255 jnstorum,
1015 5199 1143 5256 quaa
1175 5182 1235 5238 in
1258 5183 1683 5241 resurrectione
1713 5185 1799 5241 fu-

146 5276 269 5330 tura
298 5276 464 5341 sunt,
496 5289 686 5346 neque
715 5271 855 5341 ullo,
890 5276 1024 5344 etc.,
1057 5289 1229 5345 usque
1256 5273 1326 5329 ad
1356 5273 1639 5344 qualitate
1668 5292 1800 5332 con-

147 5363 354 5420 veniat.
386 5362 521 5433 (Id.,
557 5362 665 5419 col.
700 5362 809 5418 395
836 5366 893 5418 et
923 5362 1072 5434 seq.)

210 5453 335 5509 Erit
368 5469 505 5526 ergo
537 5451 772 5525 spiritui
805 5446 1044 5507 subdita
1075 5468 1208 5507 caro
1230 5451 1536 5524 spiritalis,
1570 5457 1797 5524 etc.,us-

147 5542 329 5612 quead
362 5539 644 5614 spiritale.
680 5541 813 5614 (Id.,
844 5542 942 5597 lib.
965 5558 1080 5609 xxv,
1114 5540 1179 5597 de
1214 5541 1326 5598 Civ.
1360 5543 1476 5611 Dei,
1508 5545 1793 5616 tom.VII,

148 5631 229 5687 col
261 5633 420 5703 408.)

211 5721 491 5804 Gentiles,
527 5720 877 5795 plerumque
912 5719 1399 5795 pnilosophorum
1429 5725 1792 5796 argumentis

1820 1923 1867 1989 B

1888 636 1998 704 (Id.
2036 636 2134 691 lib.
2166 635 2231 691 de
2253 635 2429 708 Sym.,
2472 639 2612 690 tom.
2651 634 2747 690 VI.
2782 633 2894 689 col.
2930 633 3034 688 194
3061 636 3117 688 et
3146 632 3292 704 seq.)

1961 724 2023 780 Si
2050 732 2129 780 est
2157 740 2348 795 corpus
2376 725 2726 790 animale,est
2752 732 2804 779 et
2831 723 3251 795 spiritale,sicut
3279 724 3547 794 scriptum

1889 816 2185 872 est.Factus
2213 821 2309 881 est,
2344 816 2477 881 etc.,
2512 829 2701 884 usque
2758 813 2828 867 ad
2878 812 3267 882 viviﬁcantem.
3311 810 3544 865 Primus

1891 903 2067 959 homo
2098 904 2168 959 de
2198 908 2351 958 terra
2382 907 2650 958 terrenus
2679 901 2739 956 in
2764 902 3024 957 animam
3045 900 3333 956 viventem
3356 899 3545 955 factus

1891 996 1999 1048 est.
2033 996 2164 1059 etc.,
2195 1008 2364 1064 usque
2388 992 2462 1065 ad
2492 991 2723 1047 Christo
2768 989 3113 1045 viviﬁcatur.
3147 989 3279 1058 (Id.,
3314 989 3411 1044 lib.
3442 1003 3547 1045 xu!

1892 1080 1956 1138 de
1986 1081 2101 1137 Civ.
2135 1083 2256 1149 Dei,
2292 1087 2435 1136 tom.
2468 1081 2591 1148 VII,
2626 1078 2734 1135 col.
2767 1080 2871 1135 396
2903 1082 2960 1134 et
2990 1080 3138 1150 seq.)

1966 1170 2219 1227 Pristina
2243 1169 2532 1226 stabilitas
2550 1167 2808 1241 corporis
2831 1185 3008 1241 quam
3031 1167 3324 1239 peccando
3344 1166 3545 1223 amisi-

1895 1277 2049 1328 mus,
2085 1260 2337 1315 habebat
2364 1263 2590 1314 tantam
2623 1257 3054 1323 felicitatem,in
3087 1256 3543 1323 defectum,etc.,

1892 1366 2061 1422 usque
2106 1349 2178 1404 ad
2204 1348 2480 1421 spiritum
2509 1347 2921 1404 vivificantem.
2957 1346 3086 1418 (Id.,
3121 1346 3218 1401 lib.
3253 1362 3293 1414 ι,
3318 1353 3477 1401 tract.
3509 1362 3548 1401 x

1894 1441 1953 1495 in
1981 1440 2163 1505 Joun.,
2198 1440 2296 1494 lib.
2330 1445 2522 1494 contra
2550 1436 2807 1509 Manich.)

1964 1531 2190 1585 Primus
2220 1529 2286 1583 de
2337 1536 2486 1583 terra
2544 1535 2813 1593 terrenus,
2844 1524 3114 1581 secundus
3170 1524 3235 1579 de
3290 1524 3421 1580 caelo
3451 1540 3549 1578 cae-

1896 1619 2064 1674 lestis.
2096 1617 2328 1673 Primus
2361 1616 2537 1672 homo
2589 1617 2661 1672 de
2709 1619 2864 1671 terra
2910 1619 3202 1680 terrenus,
3235 1612 3333 1668 ille
3361 1614 3548 1669 Adam

1898 1707 1969 1763 de
1997 1706 2137 1762 limo
2170 1707 2479 1773 formatus,
2510 1709 2644 1773 etc.,
2670 1720 2837 1777 usque
2857 1704 2927 1759 ad
2949 1702 3148 1759 refecti
3179 1701 3547 1775 sumus.(ld.,

1897 1797 1994 1853 lib.
2020 1805 2192 1853 contr.
2226 1799 2409 1852 Faust.
2438 1813 2501 1862 ιι,
2534 1799 2678 1851 tom.
2704 1794 2857 1860 VIII,
2891 1791 3001 1848 col.
3032 1792 3185 1864 211.)

1969 1886 2203 1942 Primus
2233 1886 2409 1942 homo
2438 1885 2625 1941 Adam
2658 1883 2743 1939 sic
2773 1882 2915 1939 olim
2948 1882 3260 1937 defunctus
3291 1884 3398 1948 est,
3414 1883 3548 1950 etc.,

1897 1992 2068 2048 usque
2091 1976 2160 2031 ad
2181 1980 2238 2030 et
2259 1976 2574 2030 secundus.
2608 1974 2740 2044 (Id.,
2777 1973 2871 2028 lib.
2905 1974 3054 2029 Sent.
3086 1971 3549 2043 Prospcri,tom.

1896 2066 1962 2135 X,
1997 2068 2145 2137 part.
2181 2082 2244 2131 ιι,
2276 2063 2384 2119 col.
2413 2065 2596 2131 1885.)

1967 2156 2074 2210 Hoc
2103 2162 2286 2210 autem
2314 2153 2432 2208 dico
2474 2154 2696 2224 fratres,
2753 2153 3015 2224 quoniam
3042 2166 3170 2206 caro
3226 2157 3277 2206 et
3322 2150 3552 2218 sanguis

1896 2261 2129 2313 regnum
2161 2245 2265 2300 Dei
2288 2242 2565 2315 possidere
2585 2258 2695 2297 non
2741 2248 3004 2311 possunt:
3024 2256 3196 2311 neque
3251 2240 3548 2310 corruptio,

1898 2335 2365 2405 incorruptionem
2391 2331 2709 2403 possidebit.
2742 2328 2987 2385 Nolebat
3016 2345 3115 2384 eos
3137 2329 3209 2383 ad
3240 2327 3350 2382 hoc
3371 2326 3548 2381 aediﬁ-

1897 2424 2014 2479 cari
2041 2426 2127 2477 :ut
2142 2421 2584 2483 arbitrarentur,
2616 2423 2727 2473 etc.
2738 2433 2928 2488 ,usque
2939 2416 3008 2472 ad
3021 2417 3092 2472 de
3104 2414 3547 2472 resurrectione.

1898 2512 2027 2584 (Id.,
2058 2528 2220 2568 serm.
2256 2510 2321 2565 de
2370 2510 2560 2565 Resur.
2610 2515 2793 2575 mort.,
2840 2510 2984 2561 tom.
3033 2504 3103 2574 V,
3167 2509 3316 2578 part.
3350 2521 3410 2573 ιι,
3439 2502 3549 2560 col.

1901 2601 2082 2674 1623)

1970 2690 2274 2746 Credimus
2304 2692 2361 2744 et
2405 2687 2599 2744 carnis
2638 2684 3147 2754 resurrectionem,
3180 2700 3297 2739 non
3319 2685 3551 2738 tantum

1899 2797 2037 2853 qua,
2069 2784 2201 2848 etc.,
2234 2794 2403 2850 usque
2433 2778 2504 2833 ad
2535 2777 2691 2848 quod
2723 2775 3009 2848 scriptum
3040 2773 3286 2846 est.(ld.,
3318 2771 3553 2828 serm.de

1895 2887 2059 2943 sym.,
2093 2873 2237 2924 tom.
2260 2868 2356 2934 VI,
2390 2865 2499 2923 col.
2534 2866 2680 2937 194.)

1971 2958 2126 3014 Dixit
2152 2957 2487 3030 Apostolus,
2515 2954 2653 3010 cum
2682 2955 2818 3009 inde
2849 2953 3207 3026 loqueretur,
3240 2955 3551 3022 etc.,usque

1897 3049 1966 3104 ad
1998 3047 2275 3104 continuo
2308 3044 2665 3102 subdidisse.
2698 3045 2829 3115 (Id.,
2862 3046 2959 3101 lib.
2994 3062 3009 3099 ι
3043 3045 3301 3109 Retract.,
3324 3045 3468 3098 tom.
3504 3043 3547 3108 Ι,

1899 3137 2008 3194 col.
2043 3138 2197 3210 613.)

1975 3227 2138 3292 Quod
2169 3242 2304 3298 ergo
2338 3225 2418 3282 ait
2448 3223 2763 3297 Apostolus
2787 3223 2951 3279 :Caro
2964 3226 3020 3278 et
3041 3221 3281 3294 sanguis
3304 3235 3551 3291 regnum

1824 3300 1866 3367 C
1901 3316 2003 3372 Dei
2034 3332 2150 3371 non
2180 3314 2586 3387 possidebunt,
2618 3318 2753 3381 etc.,
2777 3327 2947 3384 usque
2975 3311 3045 3366 ad
3075 3311 3191 3365 ista
3219 3308 3547 3365 dilexerint.

1902 3406 2030 3479 (Id.,
2064 3406 2158 3460 lib.
2192 3422 2232 3460 ιι
2268 3410 2521 3472 Retract.,
2558 3406 2704 3457 tom.
2741 3402 2786 3468 Ι,
2819 3399 2927 3456 col.
2955 3399 3105 3471 631.)

1974 3501 2104 3552 Ecce
2132 3495 2455 3566 mysterium
2482 3494 2632 3548 vobis
2689 3491 2827 3547 dico.
2885 3490 3077 3546 Omnes
3123 3485 3342 3560 quidem
3370 3502 3552 3542 resur-

1900 3601 2105 3655 gemus,
2139 3584 2231 3640 sed
2257 3599 2370 3639 non
2398 3598 2582 3637 omnes
2629 3581 3063 3636 immutabimur.
3098 3577 3384 3648 Resurget
3413 3590 3551 3647 ergo

1903 3674 2036 3747 pius
2066 3673 2341 3746 populus,
2374 3675 2682 3743 etc.,usque
2711 3669 2780 3725 ad
2810 3664 3465 3742 praecipitetur.(ld.,lib.
3489 3664 3555 3720 de

1900 3781 2030 3820 vera
2060 3764 2232 3831 Relig.
2265 3766 2409 3817 tom.
2445 3760 2542 3827 ΙΙΙ,
2577 3763 2728 3832 part.
2762 3776 2801 3827 ι,
2828 3757 2939 3814 col.
2976 3756 3123 3827 144.)

1972 3852 2128 3909 Dixit
2158 3850 2485 3924 Apostolus,
2521 3865 2656 3905 cum
2688 3849 2758 3903 de
2788 3845 3210 3904 resurrectione
3241 3858 3552 3916 corporum

1901 3942 2255 4014 loqueretur,
2290 3943 2423 4005 etc.,
2450 3954 2621 4010 usque
2641 3937 2711 3992 ad
2740 3953 2912 3992 nosse
2939 3934 3255 4007 possimus.
3294 3932 3424 4005 (Id.,
3452 3931 3549 3987 lib.

1901 4049 1976 4086 xx
2005 4030 2069 4085 dc
2097 4032 2214 4087 Civ.
2248 4030 2366 4093 Dei,
2390 4032 2531 4083 tom.
2567 4029 2720 4093 VIII,
2754 4024 2864 4080 col.
2892 4026 3001 4079 688
3031 4027 3088 4079 et
3120 4023 3269 4094 seq.)

1974 4119 2324 4191 Priusquam
2356 4116 2706 4172 miserarum
2738 4111 3276 4178 delectationum,et
3294 4108 3555 4181 volupta-

1902 4214 2051 4277 tum,
2108 4211 2241 4275 etc.,
2301 4222 2473 4278 usque
2519 4205 2590 4259 ad
2637 4203 2966 4259 ﬁnirentur.
3031 4201 3157 4273 (Id.,
3219 4206 3376 4254 tract.
3404 4199 3549 4270 psal.

1905 4316 2036 4368 LVII,
2068 4303 2209 4353 tom.
2239 4295 2331 4365 IV,
2366 4298 2514 4368 part.
2547 4312 2586 4359 ι,
2621 4293 2728 4349 col.
2762 4292 2913 4359 689.)

1973 4390 2036 4444 In
2058 4387 2415 4452 momento,in
2446 4386 2557 4439 ictu
2585 4383 2750 4448 oculi,
2784 4382 2841 4436 in
2875 4379 3174 4435 novissima
3204 4378 3352 4433 tuba.
3380 4378 3556 4433 Canet

1903 4479 2052 4532 enim
2081 4464 2211 4531 tuba
2232 4493 2251 4530 :
2271 4475 2476 4530 mortui
2494 4478 2777 4542 resurgent
2795 4470 3121 4541 incorrupti,
3153 4476 3205 4523 et
3233 4482 3329 4523 nos
3358 4469 3548 4522 immw

1905 4566 2166 4622 tabimur.
2202 4563 2348 4627 Quid
2381 4562 2458 4617 sit
2505 4565 2761 4627 atomus,
2790 4559 2963 4615 multi
3000 4561 3262 4613 vestrum
3295 4572 3411 4611 non
3446 4573 3555 4611 no-

1826 4676 1873 4741 D
1907 4659 2063 4711 runt.
2093 4655 2340 4709 Atomus
2388 4652 2602 4716 dictus,
2653 4654 2789 4718 etc.,
2827 4665 2997 4722 usque
3053 4647 3125 4702 ad
3172 4644 3555 4702 novissimam

1905 4744 2066 4800 dicit.
2099 4744 2229 4815 (Id.,
2263 4758 2427 4799 serm.
2460 4742 2525 4796 de
2554 4741 2742 4796 Resur.
2789 4746 2975 4806 mort.,
3023 4741 3167 4793 tom.
3203 4736 3270 4804 V,
3305 4738 3456 4808 part.
3490 4751 3552 4802 ιι,

1905 4833 2013 4890 col.
2046 4834 2186 4889 1624
2216 4836 2272 4888 et
2297 4835 2441 4903 seq.)

1975 4922 2137 4989 Quod
2168 4919 2382 4975 Christi
2405 4936 2619 4992 corpus
2660 4935 2776 4974 non
2817 4916 3171 4974 dissolutum
3192 4914 3348 4983 tabe,
3381 4916 3557 4984 atque

1905 5011 2213 5085 putredine
2242 5009 2355 5077 die,
2389 5012 2526 5075 etc.,
2559 5016 2731 5081 usque
2762 5008 2833 5063 ad
2861 5007 3253 5062 redditurum.
3285 5002 3417 5071 (Id.,
3457 5001 3553 5056 lib.

1903 5119 1960 5158 v1
1989 5104 2195 5172 Quaest.
2231 5107 2419 5155 contra
2449 5100 2684 5168 Pagan.,
2719 5101 2863 5153 tom.
2897 5096 2966 5162 ΙΙ,
3001 5094 3108 5151 col.
3144 5092 3295 5165 372.)

1976 5191 2121 5246 Cum
2153 5187 2332 5246 solem
2365 5187 2666 5243 intuemur
2695 5186 3157 5251 orientem,certe
3178 5180 3558 5236 manifestum

1907 5284 2014 5349 est,
2047 5284 2177 5347 etc.,
2204 5293 2376 5350 usque
2405 5278 2475 5333 ad
2506 5275 2752 5333 celerius
2792 5271 3059 5330 inveniri.
3112 5271 3242 5343 (Id.,
3278 5271 3374 5325 lib.
3409 5287 3468 5326 Iv
3495 5270 3560 5326 de

1906 5375 2039 5427 Gen.
2067 5368 2137 5424 ad
2168 5370 2277 5435 lit.,
2305 5374 2451 5423 tom.
2484 5367 2584 5434 III,
2611 5368 2763 5436 part.
2796 5380 2836 5429 ι,
2869 5360 2979 5418 col.
3003 5361 3109 5418 319
3142 5363 3198 5415 et
3230 5362 3380 5431 seq.)

1978 5457 2397 5514 lmmortalitas
2428 5454 2619 5511 carnis
2649 5452 2749 5508 illo
2781 5451 3118 5523 perficietur
3147 5451 3444 5504 momento
3473 5464 3560 5502 re-

1905 5547 2625 5616 surrectionis,etc.,usque
2654 5542 2725 5597 ad
2750 5540 2962 5597 misisti
2994 5540 3198 5597 Jesum
3231 5537 3555 5594 Christum.

1905 5640 2036 5713 (Id.,
2070 5655 2140 5696 ex
2169 5638 2266 5694 tib.
2302 5637 2367 5693 de
2401 5636 2633 5701 Trinit.,
2662 5636 2806 5688 tom.
2840 5632 2989 5699 VIII,
3022 5630 3131 5686 col.
3160 5629 3343 5696 1056.)

1976 5731 2095 5787 Ista
2124 5744 2284 5786 mors
2313 5741 2463 5799 saepe
2484 5723 2544 5781 in
2566 5721 2884 5796 Scripturis
2902 5719 3174 5779 dormitio
3198 5717 3411 5778 dicitur
3431 5732 3561 5790 pro-
