4114 6444
564 392 686 464 κε

1786 392 2016 460 FLORI
2059 389 2372 455 DIACONI
2415 388 2634 452 MONA
2645 389 2799 458 CH1.

3864 387 3996 454 352

567 533 718 604 pter,
748 545 918 605 usque
945 527 1015 588 ad
1045 529 1270 589 ratione
1299 527 1594 604 cogitabit.
1628 527 1760 602 (Id.,
1793 528 1890 585 lib.
1932 527 1998 585 de
2028 525 2223 586 Grata;
2244 525 2303 598 Α
2327 524 2439 583 vici
2471 524 2784 593 mundum,
2816 523 3189 586 conﬁderunt
3215 526 3278 582 et
3295 521 3582 582 vicerunt.
3614 521 3679 583 In
3720 538 3838 596 quo
3865 521 3992 580 nisi

566 622 714 678 Novi
745 623 1092 689 Testamenti,
1124 625 1267 678 tom.
1293 620 1362 688 ΙΙ,
1399 617 1509 676 col.
1539 620 1647 676 572
1677 623 1734 675 et
1755 622 1907 691 seq.)

581 762 585 766 .
639 711 775 766 Cum
803 719 989 767 autem
1016 712 1246 768 mortale
1281 710 1384 766 hoc
1432 709 1675 766 induerit
1727 709 2218 779 immortalitatem,

2331 615 2393 671 in
2424 614 2543 672 illo.
2575 614 2702 672 Non
2735 613 2890 670 enim
2915 613 3152 672 vicisset
3178 612 3277 671 ille
3306 608 3621 683 mundum,
3648 617 3786 680 etc.,
3812 629 3995 686 usque

2329 705 2399 761 ad
2419 721 2524 778 ego
2555 703 2664 762 vici
2693 704 2988 764 mundum
3012 702 3146 773 (Id.,
3195 703 3294 773 lib,
3345 703 3412 762 de
3455 704 3689 775 Per-fect.
3717 704 3865 776 justi
3893 704 3994 761 ho-

567 807 698 856 tunc
725 801 817 871 ﬁet
842 816 1018 857 sermo
1049 802 1146 872 qui
1189 801 1426 871 scriptus
1456 807 1554 856 est.
1587 799 1848 870 Absorpta
1876 805 1955 854 est
1981 814 2126 854 mars
2159 799 2226 853 in
2327 796 2520 864 minis,
2552 801 2710 851 tract.
2742 809 2935 863 evang.
2966 809 3071 849 sec.
3102 794 3260 852 Joan.
3295 793 3356 865 1.)

564 890 821 957 victoria,
848 891 947 946 ubi
973 898 1047 946 est
1077 906 1222 946 mors
1252 889 1480 945 victoria
1508 897 1605 944 tua
1624 888 1651 944 ‘l
1681 889 1778 943 ubi
1805 895 1885 944 est
1914 903 2060 943 mors
2090 903 2222 942 acu-

570 978 686 1035 leus
717 982 892 1034 tuus?
936 982 1070 1047 etc.,
1103 994 1273 1050 usque
1321 977 1391 1033 ad
1438 979 1627 1034 inanis
1680 979 1740 1032 in
1791 977 2041 1034 Domino.
2074 975 2227 1040 Quia

567 1067 725 1123 sicut
755 1067 1000 1139 apostoli
1019 1067 1394 1140 apertissima
1409 1067 1589 1124 verba
1602 1065 1993 1134 declarant,eo
2019 1066 2224 1122 absor-

569 1155 824 1222 bebitur,
855 1160 988 1225 etc.,
1020 1174 1192 1228 usque
1221 1157 1291 1212 ad
1312 1156 1822 1228 justificationem.
1859 1156 1991 1226 (Id.,
2024 1156 2121 1211 lib.
2155 1170 2219 1210 111

568 1245 642 1303 ad.
666 1244 1066 1312 Marcellinum,
1098 1249 1242 1302 tom.
1276 1246 1368 1313 1X,
1403 1249 1552 1318 part.
1579 1263 1620 1314 1,
1653 1244 1760 1302 col.
1797 1246 1899 1300 197
1916 1248 1975 1301 et.
2002 1244 2148 1318 seq.)

636 1333 928 1404 Absorpta
957 1340 1045 1390 est
1078 1352 1236 1391 mors
1267 1335 1328 1391 in
1357 1333 1742 1391 victoria.Ubi
1774 1338 1863 1390 est
1892 1351 2050 1389 mors
2081 1350 2218 1390 con-

568 1421 752 1478 tentio
783 1428 885 1478 tua
903 1423 1044 1479 ‘lUbi
1073 1429 1163 1480 est
1193 1441 1352 1480 mors
1384 1424 1623 1481 aculeus
1655 1427 1796 1481 tuus
1809 1422 2092 1480 ?Aculeus
2114 1440 2220 1479 au-

567 1514 688 1566 tem
722 1511 950 1581 mortis,
1011 1517 1357 1586 peccatum:
1405 1514 1588 1570 virtus
1646 1529 1781 1569 vero
1834 1513 2058 1585 peccati
2104 1512 2216 1569 lex.

569 1599 818 1658 Mortem
841 1601 1157 1674 signiﬁcari
1181 1601 1432 1659 arbitror
1461 1603 1569 1659 hoc
1599 1601 2222 1671 loco,carnalem,etc.,

574 1690 832 1761 usquead
862 1690 1112 1748 carnalis
1174 1691 1475 1749 obruetur.
1506 1692 1637 1764 (Id.,
1688 1693 1784 1748 lib.
1818 1706 2025 1748 1.3111111
2057 1693 2220 1761 Qum-

572 1780 813 1834 stionum
843 1781 992 1836 Rom.
1029 1782 1116 1850 13,
1147 1785 1289 1838 tom.
1313 1781 1408 1850 Vl,
1441 1782 1552 1839 col.
1580 1782 1654 1838 79
1682 1786 1740 1837 et
1769 1786 1916 1853 seq.)

2943 891 3174 950 CAPUT
3210 890 3352 947 XVI.

2402 978 2486 1033 De
2512 973 2748 1030 collectis
2771 980 2954 1030 autem
2985 987 3108 1045 qum
3135 973 3277 1045 ﬁunt
3307 974 3366 1029 in
3396 980 3629 1042 sanctos,
3658 975 3802 1030 sicut
3827 974 3985 1030 ordi-

2327 1065 2459 1121 navi
2486 1063 2730 1120 ecclesiis
2744 1061 3077 1130 Galatiam
3107 1069 3160 1121 et
3188 1079 3280 1120 vos
3307 1063 3474 1134 facile
3492 1081 3512 1119 :
3528 1079 3628 1135 per
3655 1079 3828 1119 unam
3855 1063 3984 1120 sab-

2331 1155 2444 1209 bati
2470 1153 2848 1224 unusquisque
2868 1160 3103 1208 vestrum
3133 1151 3278 1224 apud
3293 1168 3350 1208 se
3361 1155 3884 1225 ponat,etc.,usque
3906 1154 3986 1209 ad

2327 1246 2381 1301 si
2406 1243 2669 1300 Dominus
2696 1242 3026 1315 permiserit.
3060 1242 3130 1298 Et
3185 1240 3488 1314 apostolus
3546 1241 3764 1300 Paulus
3787 1246 3986 1316 potest

2328 1331 2510 1389 videri
2545 1332 2617 1390 de
2647 1331 2904 1389 crastino
2935 1331 3350 1405 cogitare,etc.,
3381 1347 3551 1404 usque
3570 1331 3641 1389 ad
3669 1337 3762 1389 est
3784 1331 3981 1390 nobis.

2330 1423 2410 1496 (S.
2443 1425 2613 1496 Aug..
2640 1421 2736 1477 lib.
2763 1421 2828 1476 dc
2856 1422 3032 1478 Serm.
3084 1421 3307 1478 Domini
3364 1421 3426 1479 in
3469 1427 3668 1490 monte,
3701 1425 3844 1478 tom.
3873 1421 3982 1490 III,

2329 1516 2478 1586 part.
2507 1527 2552 1578 1,
2580 1510 2690 1568 col.
2726 1510 2910 1583 1295.)

2398 1601 2734 1659 Permanebo
2779 1609 2961 1658 autem
3011 1601 3210 1673 Ephesi
3255 1616 3428 1672 usque
3473 1600 3544 1658 ad
3588 1601 3980 1659 Pentecostem.

2330 1691 2538 1748 Ostium
2566 1693 2718 1747 enim
2743 1691 2887 1747 mihi
2932 1698 3182 1762 apertum
3226 1698 3306 1748 est
3332 1707 3616 1765 magnum,
3641 1699 3693 1748 et
3719 1691 3939 1749 stridens
3962 1710 3986 1749 :

2327 1789 2379 1839 et
2407 1781 2716 1838 adversarii
2743 1780 2929 1837 multi.
2954 1780 3016 1839 Si
3045 1788 3230 1836 autem
3255 1782 3463 1836 venerit
3493 1781 3818 1848 Timotheus,
3843 1786 3984 1850 etc.,

643 1867 932 1941 Absorpla
960 1875 1051 1926 est
1079 1887 1239 1928 mors
1269 1871 1327 1927 in
1359 1869 1618 1928 victoria.
1642 1871 1750 1929 Ubi
1783 1876 1872 1929 est
1901 1888 2058 1928 mors
2090 1887 2213 1930 con-

2345 1885 2516 1941 isque
2547 1869 2620 1923 ad
2649 1885 2773 1924 cum
2791 1869 2845 1924 ei
2874 1883 3108 1924 vacuum
3123 1867 3469 1940 [ueriLQuid
3491 1867 3590 1925 hic
3609 1867 3769 1926 aliud
3790 1874 3985 1942 potest

571 1957 754 2017 tentio
783 1962 910 2027 tua,
939 1964 1077 2029 etc.,
1104 1977 1277 2034 usque
1301 1961 1371 2017 ad
1400 1961 1755 2018 sacriﬁcium
1785 1961 2051 2018 Domino.
2086 1961 2221 2032 (Id.,

573 2052 730 2102 tract.
758 2049 901 2119 psal.
931 2065 1078 2115 1.x1v,
1111 2054 1254 2106 tom.
1289 2051 1385 2117 IV,
1416 2055 1567 2122 part.
1609 2068 1652 2115 1,
1697 2049 1809 2107 col.
1845 2053 1953 2109 775
1984 2055 2041 2108 et
2069 2051 2218 2124 seq.)

645 2135 808 2194 Tunc
821 2136 918 2194 ﬂet
938 2138 1083 2196 :Non
1099 2139 1271 2197 modo
1287 2140 1481 2210 ﬁt,sed
1494 2143 1636 2196 tunc
1651 2139 1923 2205 [ἰοὶ.οηὶά
1935 2145 2075 2198 tune
2093 2141 2220 2198 ﬁet?

571 2224 799 2296 Sermo,
826 2229 960 2294 etc.,
991 2244 1164 2301 usque
1190 2229 1260 2284 ad
1286 2229 1566 2286 victorem
1597 2229 2218 2303 coronavit.(Id.,serm.

2331 1956 2601 2031 intelligi,
2633 1960 2767 2028 etc.,
2799 1973 2970 2030 usque
3009 1957 3080 2016 ad
3104 1973 3220 2014 non
3251 1961 3342 2014 est
3367 1957 3592 2014 datum.
3628 1959 3756 2032 (Id.,
3788 1960 3888 2016 lib.
3912 1960 3982 2017 de

2325 2046 2566 2106 Prwdes.
2594 2056 2768 2104 sanet.
2798 2051 2943 2104 tom.
2975 2045 3042 2116 X,
3075 2051 3226 2120 part.
3257 2064 3302 2115 1,
3322 2046 3432 2104 col.
3463 2049 3571 2104 989
3598 2051 3658 2105 et
3687 2052 3834 2122 seq.)

2404 2138 2682 2207 Vigilitate
2708 2145 2760 2194 et
2787 2144 2927 2193 state
2946 2138 3007 2193 in
3026 2135 3136 2208 ﬁde
3158 2138 3399 2195 viriliter
3427 2139 3594 2209 agite,
3623 2145 3676 2195 et
3703 2139 3984 2210 conforta-

2327 2228 2489 2282 mini.
2521 2225 2782 2282 Viriliter
2811 2242 2948 2299 age:
2985 2226 3102 2282 noli
3150 2226 3426 2284 dissolvi:
3462 2243 3535 2283 ne
3581 2227 3663 2283 sis
3694 2226 3851 2284 iuter
3876 2243 3982 2286 eos

569 2313 636 2370 de
664 2330 774 2371 ver.
811 2318 1060 2388 Apostoli
1085 2319 1324 2387 68,tom.
1361 2318 1426 2388 V,
1451 2323 1600 2391 part.
1635 2337 1696 2388 11,
1731 2319 1953 2376 col.893
1983 2324 2040 2376 et
2071 2320 2220 2393 seq.)
2329 2316 2546 2389 quibus
2576 2316 2794 2372 dicitur
2819 2332 2835 2372 :
2866 2315 2962 2372 Vae
2993 2315 3066 2374 iis
3091 2316 3190 2389 qui
3217 2315 3617 2389 perdiderunt,
3648 2321 3784 2384 etc.,
3807 2332 3980 2390 usque

642 2403 911 2461 Stimulus
950 2415 1134 2464 autem
1176 2408 1370 2464 mortis
1423 2417 1704 2480 peccatum
1749 2417 1852 2476 est,
1886 2411 2064 2465 virtus
2094 2426 2223 2467 vero
2327 2406 2401 2463 ad
2427 2405 2646 2463 femina
2673 2410 2784 2462 est.
2815 2405 2896 2478 (Id
2908 2449 2946 2476 .,
2977 2413 3134 2463 tract.
3153 2407 3299 2479 psal.
3331 2423 3521 2476 mvx,
3556 2408 3752 2464 ecetes.
3783 2413 3869 2476 11.)

567 2495 778 2565 peccati
808 2495 915 2550 lex.
967 2495 1222 2552 Acoleus
1269 2496 1476 2554 mortis
1524 2502 1829 2570 peccatum
1879 2502 1987 2554 est.
2039 2499 2222 2571 Cujus

573 2582 888 2654 punctione
917 2583 1071 2640 facta
1101 2589 1190 2640 est
1221 2603 1400 2641 mors.
1433 2587 1741 2642 Peccatum
1770 2587 2100 2660 quasi,etc.,
2132 2606 2220 2646 us-

2403 2497 2602 2553 Omnia
2629 2503 2812 2553 vestra
2857 2497 2913 2552 in
2962 2497 3230 2552 charitrto
3255 2498 3410 2568 ﬁant,
3432 2498 3647 2554 obsecm
3677 2505 3860 2554 autem
3887 2513 3984 2554 vos

2326 2588 2549 2659 fratres,
2595 2587 2772 2643 nostis
2819 2585 3040 2642 domum
3094 2585 3404 2659 Stephants,
3459 2595 3516 2644 et
3563 2589 3868 2655 Fortunati,
3927 2597 3983 2643 et

574 2686 677 2742 que
725 2671 796 2728 ad
824 2689 930 2729 nec
959 2673 1208 2746 possint.
1242 2675 1376 2748 (Id.,
1404 2691 1568 2733 serm.
1599 2675 1664 2732 de
1704 2679 1852 2734 vcrb.
1885 2680 2132 2750 Apostcli
2161 2680 2224 2735 in
2329 2676 2576 2744 Achaici,
2610 2677 2871 2748 quoniam
2898 2683 3030 2732 sunt
3052 2677 3333 2748 primitiae
3378 2676 3630 2736 Achaicae
3651 2695 3669 2732 :
3699 2683 3750 2734 et
3779 2678 3842 2732 in
3868 2679 3985 2734 mi-

569 2771 693 2834 ουρ.
722 2761 759 2819 5
780 2764 1018 2835 positis.)

643 2851 956 2923 Apostolus
987 2869 1121 2910 cum
1155 2852 1324 2911 vellet
1352 2855 1658 2912 ostendere
1698 2859 1986 2929 quantum
2019 2874 2222 2930 pecca-

573 2939 700 2995 tum
731 2941 938 3013 gratia,
973 2946 1109 3011 etc.,
1138 2961 1312 3018 usque
1347 2944 1417 3000 ad
1464 2945 1592 3018 ipsa
1639 2947 2052 3003 contemnitur
2084 2948 2219 3020 (Id.,

575 3026 674 3086 lib.
706 3046 807 3086 x111
837 3031 904 3087 de
927 3034 1050 3090 Cio.
1079 3036 1204 3102 Dei,
1237 3038 1379 3090 tom.
1407 3034 1528 3103 VII,
1561 3033 1674 3092 col.
1704 3035 1857 3108 380.)

643 3117 903 3192 Augetur
931 3121 1088 3176 enim
1137 3122 1630 3196 concupiscentia,
1671 3129 1727 3180 et
1779 3125 2054 3197 majores,
2086 3128 2222 3194 etc.,

447 3218 451 3222 ‘
571 3221 743 3278 usque
770 3208 841 3264 ad
868 3210 1222 3282 adjuvantis.
1249 3213 1384 3284 (Id.,
1413 3214 1490 3270 lib
1517 3214 1582 3272 de
1629 3213 1812 3272 Gratia
1844 3223 1900 3272 et
1928 3217 2099 3273 libero
2127 3234 2219 3273 ar-

573 3295 760 3353 bitrio.
793 3301 934 3354 tom.
963 3299 1030 3370 X,
1063 3305 1214 3374 part.
1248 3320 1289 3370 1,
1320 3302 1430 3360 col.
1463 3304 1615 3378 887.)

2329 2767 2624 2823 nisterium
2649 2773 2984 2832 sanctorum,
3026 2770 3161 2834 etc.,
3196 2782 3388 2838 usque
3431 2767 3503 2822 ad
3553 2767 3826 2825 Salutatio
3855 2783 3989 2824 mea

2329 2873 2501 2912 manu
2528 2856 2715 2912 Pauli.
2754 2853 2899 2910 Cum
2943 2854 3120 2911 dicit:
3155 2855 3366 2912 Omnia
3412 2859 3605 2916 vestra
3655 2872 3792 2914 cum
3839 2855 3986 2913 cha-

2332 2945 2502 3002 ritate
2532 2945 2695 3012 ﬁant,
2730 2949 2863 3014 etc.,
2913 2961 3084 3017 usque
3139 2945 3211 3002 ad
3254 2948 3553 3018 operatur.
3582 2945 3714 3018 (Id.,
3759 2944 3858 3001 lib.
3916 2945 3988 3002 de

2333 3036 2526 3094 Gratia
2555 3043 2606 3091 et
2637 3035 2735 3090 lib.
2766 3036 2956 3104 arbit,
2987 3039 3132 3091 tam.
3164 3035 3231 3102 X,
3263 3039 3414 3109 part.
3446 3051 3486 3104 1,
3509 3035 3619 3092 col.
3653 3035 3805 3107 902.)

2402 3128 2467 3184 Si
2493 3127 2616 3199 quis
2647 3141 2760 3181 non
2789 3133 2938 3182 amat
2988 3127 3294 3182 Dominum
3334 3131 3583 3181 nostrum
3607 3129 3801 3182 Jesum
3830 3123 3991 3181 Chri-

2331 3224 2516 3273 stum:
2563 3217 2637 3272 sit
2681 3215 2992 3282 anathema,
3044 3217 3180 3282 etc.,
3232 3229 3425 3286 usque
3467 3213 3543 3273 ad
3600 3215 3808 3271 Christo
3833 3213 3987 3284 Iesu,

2250 3281 2298 3353 θ
2333 3306 2520 3362 Amen.
2555 3303 2744 3362 Simul
2767 3303 2963 3360 Graeco
2980 3281 3041 3359 et
3073 3304 3214 3377 Syro
3246 3281 3430 3360 utitur
3448 3303 3643 3371 verbo,
3674 3281 3992 3376 etc.,usquo

639 3386 744 3442 Deo
763 3396 944 3444 autem
990 3393 1203 3460 gratias
1249 3394 1347 3464 qui
1391 3393 1538 3450 dedit
1591 3395 1746 3451 nobis
1800 3397 2086 3452 victoriam
2118 3413 2220 3468 per
2325 3397 2398 3453 ad
2427 3394 2720 3452 Dominus
2745 3394 2962 3449 redeat.
2987 3394 3120 3465 (Id.,
3149 3393 3989 3451 ser-m.altercationiscumPa-

566 3473 747 3530 Iesum
776 3475 1117 3536 Christinum
1147 3483 1446 3539 Dominum
1474 3492 1744 3540 nostrum.
1779 3484 2064 3542 Conﬁdite
2089 3501 2215 3559 :ego
2325 3485 2527 3542 scentio
2555 3483 2785 3554 Ariano,
2816 3486 2959 3538 tom.
2995 3482 3066 3550 ll,
3099 3481 3208 3538 col.
3236 3481 3293 3538 11
3304 3482 3420 3555 6t.)

1311 3712 1417 3796 ΙΝ
1480 3710 2124 3804 EPISTOLAM
2177 3713 2251 3800 ΙΙ
2306 3714 2450 3800 AD
2509 3710 3239 3802 COBINTHIOS.

1126 3915 1650 3974 ABGUMENTUM.

635 3999 774 4055 Post
802 4004 994 4058 actam
1025 4019 1058 4058 a
1087 4002 1403 4062 Corinthiis
1449 4005 1854 4078 paenitentiam
1887 4006 2216 4064 consolato-

2394 3916 2759 3978 Exultahunt
2812 3916 2999 3974 sancti
3048 3915 3109 3974 in
3161 3917 3368 3991 gloria,
3429 3917 3804 3987 laetabuntur,
3865 3922 3982 3978 etc.

2321 4007 2448 4066 Non
2480 4007 2541 4063 in
2571 4007 2841 4075 theatris,
2871 4010 3004 4075 etc.,
3035 4021 3203 4080 usque
3232 4007 3304 4064 ad
3331 4006 3644 4066 inchoavit.
3673 4007 3982 4080 (Id.,tract.

563 4086 711 4144 riam
744 4089 948 4148 scribit
977 4089 1064 4150 eis
1090 4093 1400 4166 epistolam
1451 4094 1751 4168 apostolus
1797 4112 1832 4152 a
1855 4097 2080 4153 Troade
2112 4113 2216 4169 per
2317 4097 2461 4168 psal.
2496 4113 2681 4165 cxux,
2713 4100 2856 4154 tom.
2891 4097 2954 4163 V,
2989 4100 3140 4169 part.
3175 4114 3216 4166 1,
3245 4095 3358 4155 col.
3393 4097 3578 4166 1955.)

563 4177 802 4246 Titum;
833 4184 894 4236 et
934 4181 1285 4250 collaudans
1329 4200 1450 4249 eos,
1501 4184 1772 4241 hortatur
1827 4185 1900 4240 ad
1946 4185 2214 4255 meliora,

559 4266 936 4324 contristatos
967 4268 1206 4342 quidem
1235 4272 1466 4340 eos,sed
1498 4273 1843 4329 emendatos
1873 4274 2211 4331 ostendens.

1093 4369 1324 4426 CAPUT
1364 4370 1675 4427 PRIMUM.

2392 4185 2689 4255 Nemoﬁest
2713 4184 2944 4241 diabolo
2974 4185 3224 4244 astutior
3270 4186 3342 4242 ad
3389 4187 3710 4260 figendum.
3739 4186 3889 4244 Nam
3921 4193 3985 4246 et

2323 4291 2480 4332 nunc
2504 4275 2703 4333 omnia
2732 4273 2880 4356 falsa
2900 4274 3147 4332 crimina
3168 4276 3240 4332 de
3261 4276 3486 4333 sanctis
3515 4277 3639 4349 ipse
3668 4277 3976 4350 conﬁngit,

2322 4363 2433 4422 scit
2462 4380 2602 4420 suas
2632 4363 3098 4431 criminationes,
3128 4369 3262 4432 etc.,
3310 4382 3480 4438 usque
3525 4366 3596 4425 ad
3644 4366 3980 4440 adimplet:

635 4447 842 4502 Paulus
871 4449 1144 4519 apostolus
1176 4450 1380 4506 Christi
1423 4453 1549 4509 Jesu
1585 4468 1684 4524 per
1728 4453 2063 4509 voluntatem
2089 4454 2208 4524 Dei,
2240 4455 2287 4520 D
2319 4457 2477 4510 sunt.
2510 4454 2643 4522 (Id.,
2675 4470 2783 4511 ser.
2817 4454 2882 4511 de
2910 4471 3026 4511 ver.
3061 4455 3289 4528 Evang.,
3324 4455 3420 4512 lib.
3453 4465 3625 4513 contr.
3653 4457 3868 4526 Faust.)

558 4542 612 4590 et
645 4536 946 4592 Timotheus
967 4539 1143 4608 frater
1187 4541 1430 4598 ecclesiae
1478 4542 1594 4608 Dei,
1644 4557 1769 4614 quae
1814 4550 1892 4599 est
1936 4543 2210 4610 Corinthi,

560 4641 685 4680 cum
708 4626 954 4684 omnibus
982 4630 1209 4701 sanctis,
1240 4631 1338 4702 qui
1390 4637 1520 4687 sunt
1555 4633 1617 4687 in
1671 4633 1931 4688 universa
1978 4633 2210 4690 Achaia.

562 4713 752 4770 Gratia
783 4715 931 4771 vobis
959 4725 1011 4772 et
1036 4734 1168 4789 pax,
1212 4735 1246 4775 a
1289 4721 1396 4776 Deo
1439 4728 1598 4792 patre
1649 4729 1851 4788 nostra,
1880 4730 1933 4778 et
1983 4723 2209 4780 Domino

557 4808 690 4862 Jesu
719 4804 948 4862 Christo.
993 4807 1310 4865 Benedictus
1336 4810 1501 4878 Deus,
1550 4817 1603 4867 et
1640 4819 1822 4883 pater,
1853 4815 1987 4880 etc.,
2021 4829 2210 4885 usque

559 4911 627 4951 ae
653 4903 808 4951 utea:
834 4897 1140 4954 multarum
1165 4901 1415 4971 personis
1432 4902 1705 4972 facierum
1735 4901 1853 4973 ejus
1883 4917 2009 4973 quae
2036 4904 2093 4958 in
2113 4919 2209 4959 no-

560 4984 642 5044 bis
673 4993 758 5041 est
799 4986 1113 5043 donationis
1163 5004 1264 5060 per
1307 4989 1508 5047 multos
1564 4992 1773 5062 gratiae
1829 4998 2069 5060 aganatr
2105 5008 2208 5064 pro

556 5075 734 5130 nobis.
767 5076 938 5132 Amat
975 5075 1194 5132 Paulus
1240 5076 1355 5134 dici
1387 5094 1421 5134 a
1473 5079 1646 5135 nobis
1704 5083 1942 5151 peccata
1963 5096 2107 5136 sua:
2143 5083 2210 5138 ut

555 5162 913 5236 glorificetur
941 5164 1058 5236 ille,
1090 5183 1262 5238 usque
1289 5167 1360 5222 ad
1389 5171 1594 5224 sanata
1623 5172 1732 5226 est.
1758 5169 1840 5241 (S.
1871 5170 2202 5242 Aug.,tract.

553 5255 709 5325 epist.
739 5257 896 5311 Joan.
929 5259 1070 5312 tom.
1105 5257 1207 5325 Ill,
1243 5260 1392 5329 part.
1425 5271 1489 5326 ιι,
1523 5257 1630 5313 col.
1661 5258 1848 5332 2037.)

625 5345 761 5402 Nam
788 5345 1048 5415 gloriatio
1078 5354 1267 5402 nostra
1290 5348 1409 5405 hmo
1428 5355 1506 5404 est
1534 5350 1906 5405 testimonium
1931 5351 2208 5407 conscien-

556 5437 653 5492 tia:
682 5443 906 5502 nostra,
940 5435 1080 5507 quod
1108 5437 1170 5491 in
1204 5437 1554 5508 simplicitate
1592 5437 1772 5494 cordis
1815 5447 1866 5494 et
1894 5441 2207 5498 sinceritate

555 5525 670 5589 Dei,
705 5529 1033 5597 etc.,usque
1065 5525 1136 5580 ad
1162 5526 1254 5582 sed
1282 5535 1358 5584 est
1387 5529 1447 5583 in
1478 5529 1576 5584 illo
1604 5535 1698 5585 est.
1716 5528 1977 5600 Superba
2009 5529 2208 5587 anima

553 5613 612 5668 in
629 5619 940 5686 conspectu
955 5613 1812 5692 bominum,etc.,usqueadipsa
1823 5619 2200 5678 conscientia.

559 5702 690 5773 (Id.,
724 5711 879 5762 tract.
909 5705 1307 5780 psal_xx,tom.
1330 5704 1424 5775 IV,
1457 5711 1603 5779 part.
1637 5725 1678 5782 1,
1711 5707 1821 5766 col.
1853 5709 1956 5766 164
1979 5712 2036 5766 et
2056 5712 2205 5784 seq.)

2391 4544 2505 4600 Nec
2533 4560 2634 4600 eos
2663 4542 2976 4602 audiamus
3005 4543 3106 4616 qui
3134 4562 3252 4604 non
3280 4562 3482 4604 verum
3515 4546 3839 4613 hominem,
3856 4550 3972 4604 etc.

2319 4650 2491 4706 usque
2536 4633 2611 4690 ad
2654 4632 3035 4692 mentiantur.
3068 4634 3199 4705 (Id.,
3234 4636 3332 4695 lib.
3393 4635 3456 4697 de
3502 4637 3688 4706 Agens
3741 4636 3971 4695 Christ..

2317 4726 2464 4780 tom.
2493 4722 2589 4790 VI,
2623 4721 2733 4780 col.
2763 4724 2873 4782 300
2903 4727 2961 4781 et
2990 4727 3136 4798 seq.)

2388 4812 2604 4868 Omnes
2635 4811 2792 4868 enim
2822 4813 3245 4886 promissiones
3276 4814 3398 4884 Dei,
3433 4815 3493 4873 in
3525 4814 3626 4872 illo
3657 4819 3748 4873 est
3770 4814 3848 4872 :id
3880 4822 3982 4876 est

2318 4899 2379 4957 in
2412 4899 2534 4966 illo,
2567 4904 2703 4970 etc.,
2742 4917 2914 4975 usque
2962 4901 3034 4958 ad
3061 4903 3134 4960 ad
3157 4906 3218 4961 te
3240 4903 3416 4962 Deus.
3445 4905 3642 4976 (Ibid,
3673 4903 3785 4962 eol.
3816 4906 3975 4979 296.)

2386 4989 2601 5046 Notum
2623 5007 2761 5064 ergo
2793 4991 3002 5050 fratres
3031 4992 3390 5051 desiderium
3418 4999 3694 5051 nostrum
3723 5011 3838 5050 non
3871 4994 3974 5065 sit,

2317 5077 2429 5134 nisi
2463 5079 2537 5136 ad
2557 5079 2738 5137 vitam
2771 5084 3489 5157 aternam,eto.,usquead
3517 5083 3636 5142 alet
3663 5084 3722 5140 in
3753 5085 3970 5157 patria.

2315 5168 2449 5240 (Id.,
2480 5186 2644 5226 serm.
2677 5169 2742 5229 de
2765 5187 2877 5227 ver.
2911 5171 3121 5245 Apost.)

2973 5270 3204 5327 CAPUT
3239 5271 3310 5328 II.

2381 5350 2569 5406 Statui
2611 5356 2790 5405 autem
2842 5350 2940 5408 hoc
2987 5353 3169 5424 ipsum
3203 5353 3351 5425 apud
3390 5367 3514 5410 me:
3539 5370 3610 5410 ne
3656 5355 3860 5412 illam
3909 5358 3972 5412 in

2314 5440 2544 5496 tristitia
2570 5441 2812 5497 venirem
2842 5440 2913 5496 ad
2940 5457 3050 5510 vos,
3083 5443 3136 5498 si
3162 5445 3312 5499 enim
3339 5459 3436 5514 ego
3483 5445 3743 5500 contristo
3772 5461 3887 5512 vos,
3920 5454 3969 5502 et

2313 5531 2436 5602 quis
2465 5537 2543 5586 est
2575 5530 2671 5603 qui
2687 5547 2772 5587 me
2803 5531 3058 5602 lsetiﬁcet,
3088 5534 3204 5588 nisi
3228 5535 3328 5606 qui
3353 5536 3712 5590 contristatur
3739 5551 3812 5590 ea:
3836 5539 3970 5592 me?

2311 5621 2376 5676 Et
2405 5620 2503 5676 hoc
2532 5621 2712 5691 ipsum
2729 5622 2928 5694 scripsi
2952 5622 3121 5691 vobis,
3158 5625 3290 5692 etc.,
3325 5641 3514 5697 usque
3543 5624 3616 5681 ad
3641 5625 3734 5684 sed
3760 5623 3970 5698 valefao

2311 5725 2460 5770 ciens
2487 5711 2586 5780 eis,
2613 5713 2891 5787 profectus
2919 5727 3046 5770 sum
3081 5713 3146 5771 in
3188 5713 3578 5774 Manduriam.
3611 5714 3840 5785 enim:
3868 5732 3966 5772 va-
