4114 6446
526 414 645 476 355

1721 406 1953 469 FLOHI
1996 405 2314 467 DIACONI
2361 402 2745 468 MONACHI.

3834 404 3970 465 356

528 548 603 604 ab
634 545 869 619 speculo
898 561 1014 601 non
1046 544 1119 600 ab
1149 543 1406 615 specula,
1437 546 1573 607 etc.,
1607 557 1776 613 usque
1806 541 1877 596 ad
1901 546 2184 612 tanquam
2220 544 2267 607 Α
2302 555 2467 612 usque
2520 539 2593 595 ad
2644 539 2784 596 audi
2840 540 3151 595 dicentem.
3204 539 3336 612 (Id.,
3387 547 3543 595 tract.
3594 536 3800 611 Ev'ang.
3844 556 3967 597 sec.

528 654 564 692 a
591 635 823 691 Domini
873 633 1116 707 Spiritu.
1151 633 1284 701 (Id.,
1316 631 1418 685 lib.
1450 635 1603 687 Sent.
1654 632 1953 702 Prosperi.,
1989 630 2086 684 lib.
2117 629 2182 685 de

529 727 678 783 Trin.
714 743 809 792 xv,
845 729 983 780 tom.
1017 723 1168 789 VIII,
1203 720 1311 777 col.
1347 722 1528 789 1068.)

600 813 744 870 Cum
775 829 911 886 ergo
942 812 1051 867 hac
1074 809 1606 875 transformatione,
1623 809 1695 864 ad
1720 808 2042 881 perfectum
2067 806 2184 862 fue-

526 903 603 959 rit
634 903 755 958 haec
794 903 987 975 imago
1032 904 1326 969 renovata,
1361 897 1585 954 similes
1617 898 1733 954 Deo
1758 897 2001 964 erimus,
2037 913 2182 968 quo-

526 993 690 1049 niam
719 991 1049 1047 videbimus
1079 1006 1214 1045 eum
1248 1005 1363 1044 non
1390 1004 1494 1060 per
1524 986 1852 1060 speculum,
1874 985 1975 1042 sed
2006 984 2181 1041 sicuti

527 1086 639 1149 est,
664 1082 817 1153 quod
840 1079 979 1135 dicit
1010 1077 1222 1134 Paulus
1254 1076 1740 1149 apostolus,facie
1772 1076 1844 1131 ad
1869 1074 2180 1130 faciem.In

527 1187 644 1243 qua
683 1187 818 1225 eum
869 1168 1012 1223 facie
1060 1166 1347 1233 velamen,
1378 1170 1516 1226 etc.,
1545 1182 1716 1237 usque
1745 1164 1815 1220 ad
1846 1165 1917 1220 ad
1950 1163 2178 1219 faciem.

525 1260 656 1331 (Id.,
688 1260 786 1315 lib.
818 1257 889 1314 ad
918 1257 1223 1314 Paulinam
1250 1256 1315 1311 de
1344 1255 1452 1311 vid.
1490 1257 1613 1322 Deo,
1646 1259 1788 1310 tom.
1819 1252 2178 1324 11,001.620.)

1166 1353 1400 1410 CAPUT
1440 1351 1535 1407 1V.

596 1439 716 1496 Ideo
739 1439 996 1493 habentes
1013 1436 1155 1491 hanc
1176 1435 1730 1498 administrationem,
1749 1439 1874 1499 etc.,
1897 1448 2084 1504 usque
2106 1431 2179 1486 ad

525 1546 637 1587 non
665 1528 1012 1584 ambulantes
1051 1527 1110 1581 in
1141 1525 1366 1580 astutia.
1396 1523 1557 1579 Hanc
1607 1520 2179 1577 administrationem

527 1637 643 1676 non
676 1635 744 1674 ex
777 1614 1006 1672 meritis
1036 1613 1275 1685 nostris,
1290 1613 1391 1668 sed
1410 1629 1479 1668 ex
1495 1612 1597 1667 Dei
1621 1610 2025 1666 misericordia
2052 1625 2179 1665 esse

527 1707 941 1777 dixit.Propter
956 1703 1112 1775 quod
1134 1702 1416 1758 habentes
1443 1699 2177 1766 administrationem,etc.,

526 1813 697 1869 usque
713 1795 784 1851 ad
805 1810 934 1849 esse
956 1792 1109 1865 quod
1135 1808 1249 1847 non
1276 1795 1433 1847 sunt.
1461 1790 1590 1862 (Id.,
1614 1790 1711 1845 lib.
1735 1788 1800 1844 de
1823 1787 2177 1860 Baptis.par.)

597 1886 779 1957 Neque
808 1883 1172 1938 adulterantes
1203 1882 1429 1935 Verbum
1463 1881 1599 1935 Dei:
1620 1878 1711 1934 sed
1740 1880 1820 1943 in,
1853 1885 2179 1948 etc.,usque

528 1975 601 2031 ad
634 1990 819 2030 coram
849 1973 972 2027 Deo.
1005 1970 1151 2034 Quid
1186 1969 1358 2025 faciet
1395 1968 1632 2024 animus
1681 1971 1918 2033 nutans,
1949 1983 2082 2021 cum
2116 1982 2179 2020 se

528 2062 953 2133 obtemperare,
988 2063 1121 2125 etc.,
1153 2074 1326 2130 usque
1371 2057 1441 2114 ad
1488 2062 1578 2113 est
1626 2055 2018 2111 manifestius.
2046 2054 2177 2127 (Id.,

523 2168 687 2208 serm.
738 2150 804 2206 de
848 2166 960 2206 ver.
1013 2150 1220 2217 Evang.
1256 2164 1317 2217 ιι,
1350 2150 1493 2202 tom.
1528 2146 1595 2216 V,
1628 2150 1779 2219 part.
1813 2161 1854 2211 1,
1886 2144 1995 2199 col.
2028 2144 2179 2211 372.)

595 2239 751 2311 Quod
777 2241 829 2294 si
855 2240 1026 2294 etiam
1054 2245 1300 2309 opertum
1329 2244 1407 2292 est
1434 2235 1791 2306 Evangelium
1819 2242 2086 2298 nostrum,
2118 2234 2180 2287 in

524 2330 609 2386 his
637 2331 734 2404 qui
758 2336 988 2400 pereunt
1035 2335 1114 2383 est
1162 2334 1428 2398 opertum.
1462 2326 1531 2380 Et
1560 2341 1695 2380 cum
1749 2323 2010 2389 dixisset,
2045 2321 2178 2377 aliis

526 2419 762 2492 quidem
791 2434 1001 2472 sumus
1023 2417 1188 2483 odor,
1209 2419 1345 2480 etc.,
1362 2431 1530 2485 usque
1552 2414 1623 2469 ad
1643 2412 1725 2467 illi
1752 2414 1909 2467 fuit?
1939 2412 2176 2480 (Id.,lib.

523 2508 590 2564 de
622 2509 894 2564 Consensu
925 2507 1131 2574 Evang.
1167 2520 1248 2571 ιιι,
1284 2508 1425 2559 tom.
1460 2507 1560 2569 IlI,
1594 2506 1743 2574 part.
1776 2520 1815 2567 1,
1850 2500 1957 2557 col.
1994 2501 2176 2571 1188.)

597 2600 661 2653 In
708 2597 903 2670 quibus
954 2596 1093 2650 Deus
1154 2594 1321 2665 hujus
1374 2593 1572 2649 saeculi
1626 2592 1922 2648 exciecavit
1975 2598 2178 2645 mentes

525 2686 856 2758 inﬁdelium,
886 2693 1010 2752 etc.,
1036 2700 1225 2755 usque
1255 2682 1328 2736 ad
1358 2683 1456 2755 qui
1477 2689 1558 2737 est
1584 2682 1764 2751 imago
1795 2680 1909 2735 Dei.
1943 2679 2178 2734 Utinam

526 2780 585 2833 et
603 2774 700 2831 isti
720 2773 855 2829 caici
886 2775 1320 2846 oppugnatores
1350 2770 1517 2843 legis,
1547 2774 1605 2825 et
1631 2767 2077 2842 prophetarum:
2096 2768 2179 2824 sic

524 2868 829 2922 transeant
857 2864 929 2918 ad
969 2861 1288 2928 Christum,
1324 2864 1389 2915 ut
1419 2877 1534 2914 non
1567 2857 1704 2925 sint,
1746 2863 1879 2926 etc.,
1912 2874 2083 2930 usque
2109 2856 2179 2912 ad

525 2953 918 3028 pertinebant.
953 2952 1086 3024 (Id.,
1107 2951 1203 3005 lib.
1239 2967 1256 3005 1
1286 2958 1458 3006 contr.
1494 2950 1789 3004 inimicum
1821 2949 1955 3019 legis
1985 2955 2037 3002 et
2052 2963 2179 3019 pro-

520 3046 837 3118 phetarum,
870 3047 1014 3098 tom.
1048 3045 1201 3108 VIII,
1234 3040 1341 3097 col.
1374 3039 1524 3112 655.)

597 3134 758 3190 Hanc
782 3132 1133 3188 sententiam
1160 3128 1422 3203 plerique
1454 3132 1721 3185 nostrum
1746 3128 2180 3199 ita,etc.,usque

525 3222 915 3280 adexclamat.
934 3221 1060 3295 (Id.,
1079 3220 1175 3276 lib.
1190 3228 1364 3275 contr.
1379 3224 1596 3285 Iv‘aust.,
1610 3216 2176 3288 tom.VlII,col.389.)

2288 634 2453 686 Joan.
2485 647 2610 697 XLV,
2644 633 2784 685 tom.
2817 629 2914 698 III,
2950 633 3099 702 part.
3134 646 3196 697 ιι,
3230 627 3340 685 col.
3376 630 3517 685 1722
3546 632 3604 685 et
3634 632 3786 702 seq.)
3954 686 3959 691 ,

2363 718 2624 775 Habentes
2655 727 2835 775 autem
2865 718 3111 775 eumdem
3135 720 3396 790 spiritum
3423 718 3578 790 fidei,
3602 727 3726 785 etc.,
3760 735 3971 791 usque

2292 808 2364 863 ad
2389 809 2686 880 loquimur.
2702 809 2827 864 Non
2842 808 3062 864 diceret
3077 809 3353 864 eumdem
3372 807 3644 881 spiritum
3661 808 3820 875 ﬁdei,
3838 809 3969 864 nisi

2292 898 2616 953 admonens
2646 899 2820 953 etiam
2854 898 3484 971 antiquos,etc.,usque
3504 897 3575 953 ad
3603 898 3967 954 servitutem

2291 990 2548 1058 generat.
2577 988 2819 1054 (Id.,lib.
2848 987 2919 1043 ad
2950 987 3105 1044 Cons.
3137 989 3317 1043 Hilar.
3337 990 3519 1060 epist.,
3554 987 3623 1044 ad
3655 988 3970 1044 Valerium

2294 1076 2609 1145 Comitem.)

2360 1165 2648 1237 Antiquos
2674 1166 2871 1237 justos
2900 1182 3017 1222 non
3050 1166 3241 1222 salvos
3269 1166 3404 1221 fecit
3447 1164 3562 1221 nisi
3612 1165 3778 1235 ﬁdes,
3810 1170 3961 1235 etc.,

2289 1269 2461 1326 usque
2489 1255 2559 1310 ad
2588 1254 2809 1311 dictum
2838 1259 2949 1311 est.
2992 1256 3234 1329 (Id.,Ea:
3263 1255 3359 1311 lib.
3396 1255 3466 1310 ad
3492 1256 3967 1328 Bonifaciumpa-

2286 1359 2417 1414 pam
2445 1351 2636 1399 contra
2660 1345 3012 1413 Pelagianos,
3047 1347 3191 1399 tom.
3224 1342 3289 1410 X,
3324 1346 3472 1415 part.
3506 1359 3547 1414 1,
3579 1341 3689 1398 col.
3722 1342 3880 1414 569.)

2362 1431 2614 1500 Credidi,
2645 1437 2884 1505 prepter
2913 1434 3067 1505 quod
3092 1432 3323 1489 locutus
3355 1448 3510 1500 sum,
3535 1436 3668 1499 etc.,
3694 1447 3868 1505 usque
3881 1432 3965 1487 ad

2291 1522 2363 1577 ad
2396 1520 2669 1577 salutem.
2705 1522 2839 1591 (Id.,
2872 1530 3029 1579 tract.
3060 1523 3204 1595 psal.
3240 1539 3367 1590 cxv,
3398 1525 3544 1578 tom.
3580 1520 3674 1591 IV,
3707 1525 3862 1594 part.
3888 1539 3960 1593 ιι,

2293 1610 2403 1666 col.
2434 1612 2567 1666 1491
2602 1616 2659 1667 et
2689 1611 2837 1684 seq.)

2360 1701 2591 1771 Propter
2666 1701 2806 1774 quod
2881 1717 2994 1757 non
3063 1701 3363 1773 deﬁcimus,
3423 1700 3515 1757 sed
3567 1702 3693 1758 licet
3748 1702 3795 1757 is
3854 1702 3966 1774 qui

2286 1790 2426 1861 foris
2455 1798 2533 1845 est
2556 1798 2738 1846 noster
2765 1792 2923 1847 homo
2952 1799 3357 1862 corrumpatur,
3391 1799 3574 1847 tamen
3612 1793 3661 1847 is
3680 1792 3776 1865 qui
3796 1793 3963 1846 intus

2286 1886 2382 1949 est,
2411 1887 2731 1946 renovatur,
2762 1888 2883 1947 etc.,
2920 1897 3110 1952 usque
3158 1881 3229 1935 ad
3277 1888 3489 1937 aeterna
3531 1888 3681 1936 sunt.
3713 1879 3958 1935 Nemini

2289 1967 2534 2024 dubium
2566 1972 2676 2036 est,
2709 1969 2861 2025 sicut
2889 1969 3230 2025 interiorem
3268 1970 3570 2025 hominem
3613 1968 3960 2041 intelligen-

2287 2056 2387 2124 tia,
2415 2060 2547 2124 etc.,
2581 2074 2751 2131 usque
2780 2058 2851 2114 ad
2882 2057 3226 2115 similitudo.
3262 2058 3397 2131 (Id.,
3430 2059 3528 2115 lib.
3559 2059 3624 2114 de
3657 2060 3953 2127 Trinitatc,

2285 2150 2429 2201 tom.
2456 2147 2606 2215 VIII,
2641 2146 2750 2203 col.
2780 2147 2886 2202 983
2917 2152 2973 2203 et
3004 2151 3151 2220 seq.)

2357 2237 2476 2308 Age
2506 2253 2681 2304 nunc,
2704 2236 3009 2292 videamus
3043 2237 3143 2292 ubi
3165 2238 3243 2293 sit
3274 2237 3446 2311 quasi
3478 2238 3954 2310 quoddam,etc.,

2286 2341 2453 2396 usque
2482 2324 2551 2379 ad
2581 2341 2748 2381 mens
2780 2326 2958 2381 novit.
2993 2327 3125 2395 (Id.,
3159 2327 3255 2382 lib.
3290 2344 3391 2393 x11,
3425 2326 3531 2382 col.
3567 2326 3674 2381 997
3702 2330 3762 2384 et
3791 2328 3954 2399 seq.)

2358 2414 2576 2469 Paulus
2598 2414 3247 2486 apostolusinteriorem
3262 2416 3560 2472 hominem
3578 2433 3683 2488 pro
3706 2415 3949 2488 spiritu,

2287 2507 2419 2569 etc.,
2455 2520 2623 2578 usque
2650 2504 2720 2559 ad
2751 2503 2849 2576 qui
2884 2505 3037 2560 fecit.
3068 2506 3314 2575 (Id.,lib.
3349 2513 3520 2561 contr.
3556 2508 3758 2573 Faust,
3794 2510 3947 2561 tom.

2286 2590 2436 2659 VIII,
2468 2590 2570 2646 lib.
2605 2610 2754 2660 xxw,
2789 2591 2897 2648 col.
2932 2594 3037 2648 475
3062 2598 3120 2649 et
3151 2593 3299 2666 seq.)

2360 2681 2421 2736 In
2445 2697 2683 2753 corpore
2705 2682 3151 2757 adhuc'mortali
3176 2683 3490 2750 renovatio,
3515 2687 3648 2751 etc.,
3674 2699 3843 2755 usque
3872 2683 3951 2739 ad

2286 2768 2346 2824 in
2360 2770 2700 2840 nobis.(ld.,
2720 2770 2822 2826 lib.
2856 2771 2919 2828 de
2955 2773 3222 2828 Trinitate
3241 2790 3315 2841 ιν,
3331 2772 3635 2841 tom.VIII,
3656 2771 3766 2827 col.
3788 2772 3946 2845 890.)

2360 2858 2479 2914 Ista
2499 2859 2793 2915 renovatio
2816 2877 2931 2915 non
2956 2866 3253 2917 momento
3273 2879 3388 2916 uno
3407 2862 3472 2917 ﬁt
3492 2861 3681 2934 ipsius
3698 2878 3947 2917 conver-

2286 2947 2488 3016 sionis,
2518 2952 2651 3017 etc.,
2682 2965 2855 3021 usque
2881 2949 2951 3005 ad
2977 2950 3282 3007 visionem.
3312 2951 3447 3023 (Id.,
3470 2951 3566 3006 lib.
3595 2950 3660 3006 de
3682 2951 3943 3006 Trinitat.

2284 3055 2399 3106 xw,
2432 3041 2575 3095 tom.
2606 3038 2758 3108 VIII,
2790 3039 2897 3096 col.
2932 3040 3071 3095 1054
3096 3045 3153 3097 et
3183 3045 3331 3113 seq.)

2356 3132 2421 3183 In
2446 3128 2739 3201 baptismo
2771 3128 3040 3201 quamvis
3072 3133 3195 3186 tota
3214 3134 3273 3187 et
3294 3130 3463 3203 plena
3485 3131 3605 3199 ﬁat,
3631 3134 3945 3202 etc.,usque

2286 3217 2356 3272 ad
2380 3218 2601 3274 factum
2623 3223 2733 3275 est.
2758 3220 2889 3291 (Id.,
2913 3220 3013 3276 lib.
3037 3219 3101 3277 de
3122 3225 3276 3293 Bapt.
3296 3237 3444 3293 par.,
3471 3224 3614 3276 tom.
3635 3220 3702 3289 X,
3728 3225 3879 3293 part.
3895 3237 3941 3290 1,

593 3312 934 3369 Illuminatio
961 3310 1257 3383 Evangelii
1281 3309 1479 3381 gloriae
1510 3309 1744 3375 Christi,
1764 3308 1863 3379 qui
1890 3314 1968 3362 est
1998 3308 2175 3377 imago
2207 3297 2249 3363 C
2288 3306 2397 3363 col.
2431 3308 2535 3364 456
2564 3315 2621 3364 et
2649 3311 2799 3381 seq.)

521 3403 637 3459 Dei.
660 3406 858 3473 Imago
890 3405 947 3456 et
978 3399 1371 3472 aequalitas,et
1401 3397 1729 3454 similitudo
1760 3395 2177 3468 distinguenda

524 3495 703 3548 sunt:
740 3491 899 3563 quia,
934 3493 1068 3557 etc.,
1102 3505 1272 3560 usque
1320 3487 1389 3543 ad
1438 3486 1861 3559 impedimento
1912 3485 2007 3541 sit.
2043 3486 2173 3558 (Id.,

525 3582 623 3637 lib.
660 3598 864 3635 Lxxxm
901 3579 1128 3647 Quaest,
1156 3583 1297 3633 tom.
1332 3576 1426 3643 Vl,
1460 3575 1568 3630 col.
1602 3578 1673 3630 85
1702 3580 1758 3630 et
1787 3573 1933 3646 seq.)

596 3673 718 3727 Non
771 3670 920 3724 enim
974 3668 1323 3738 nosmetipsos
1374 3664 1745 3737 praedicamus
1777 3682 1795 3718 :
1840 3663 1931 3719 sed
1986 3668 2178 3720 Jesum

528 3759 806 3815 Christum
852 3758 1145 3812 Dominum
1186 3763 1455 3811 nostrum.
1489 3754 1596 3809 Nos
1639 3760 1825 3808 autem
1872 3769 2052 3808 servos
2081 3769 2176 3811 ve-

524 3854 681 3914 stros,
705 3854 828 3913 etc.,
854 3861 1043 3916 usque
1075 3844 1145 3899 ad
1173 3845 1231 3899 in
1262 3844 1402 3914 facie
1423 3847 1558 3900 Jesu
1589 3842 1974 3907 Christi.Quin
1997 3841 2173 3896 etiam

527 3934 791 3993 stultitiae
822 3933 1136 3990 scribentis
1168 3933 1451 4004 assignat,
1486 3931 1640 4004 quod
1674 3930 1903 3996 dixerit,
1936 3935 2068 3999 etc.,
2092 3948 2177 3986 us-

525 4041 629 4098 que
657 4024 728 4081 ad
757 4023 1003 4079 affectio.
1037 4024 1167 4093 (Id.,
1220 4024 1318 4078 lib.
1368 4029 1539 4077 contr.
1592 4022 1883 4076 inimicum
1940 4021 2072 4092 legis
2126 4029 2179 4077 et

521 4116 932 4188 prophetarum,
963 4117 1107 4169 tom.
1141 4112 1289 4179 VIII,
1325 4110 1434 4167 col.
1466 4111 1617 4182 609.)

595 4205 773 4260 Porro
819 4204 868 4259 si
916 4202 1054 4259 huic
1104 4200 1393 4274 displicet,
1427 4204 1563 4266 etc.,
1595 4216 1765 4272 usque
1793 4198 1865 4255 ad
1894 4198 2176 4273 expressit

525 4295 746 4351 dicens.
783 4292 970 4365 (lbid.,
1004 4292 1117 4348 col.
1152 4292 1304 4359 611.)

596 4384 683 4439 Ad
715 4382 1227 4450 illuminationem,
1262 4384 1395 4449 etc.,
1428 4396 1600 4453 usque
1627 4380 1697 4435 ad
1735 4378 2007 4435 inculcet.
2043 4378 2176 4451 (Id.,

524 4473 628 4531 lib.
660 4472 725 4528 de
752 4473 909 4544 Bapt.
939 4488 1088 4543 par.,
1120 4474 1263 4526 tom.
1298 4470 1364 4535 X,
1398 4474 1547 4542 part.
1583 4488 1624 4539 1,
1652 4468 1760 4525 col.
1797 4470 1944 4536 129.)

597 4561 867 4617 Habemus
893 4570 1077 4615 autem
1106 4561 1424 4615 thesaurum
1454 4562 1617 4615 istum
1638 4562 1697 4615 in
1712 4561 1859 4615 vasis
1888 4559 2175 4629 ﬁctilibus,

2358 3398 2552 3453 Novus
2583 3396 2759 3453 homo
2791 3400 2848 3453 et
2879 3397 3122 3455 interior
3160 3402 3217 3454 et
3264 3398 3515 3456 caelestis
3573 3399 3767 3464 habet,
3799 3402 3938 3468 etc.,

2283 3504 2455 3560 usque
2484 3487 2555 3542 ad
2584 3486 2908 3559 pollicetur.
2942 3488 3073 3556 (Id.,
3107 3489 3204 3544 lib.
3227 3489 3292 3546 de
3323 3506 3447 3545 vera
3475 3491 3773 3561 Religione,
3788 3493 3936 3543 tom.

2286 3576 2385 3643 III,
2419 3580 2569 3649 part.
2604 3594 2643 3645 1,
2680 3576 2791 3632 col.
2826 3578 2930 3632 145
2960 3581 3017 3633 et
3048 3577 3195 3650 seq.)

2356 3666 2603 3721 Attende
2614 3670 2670 3722 te
2681 3665 2776 3722 hic
2788 3666 3001 3723 habere
3022 3666 3303 3737 laborem,
3319 3668 3421 3724 sed
3445 3668 3679 3724 attende
3700 3665 3936 3739 qualem

2285 3753 2381 3810 ille
2395 3754 2792 3827 requiem,etc.
2805 3799 2818 3824 ,
2835 3757 3080 3828 usquead
3095 3757 3353 3829 requiem
3370 3756 3934 3828 incredibilem.(ld.,

2284 3851 2440 3900 tract.
2462 3845 2602 3916 psal.
2628 3862 2785 3911 xcm,
2818 3849 2962 3901 tom.
2989 3846 3081 3912 1V,
3114 3850 3262 3919 part.
3296 3864 3356 3917 1|,
3389 3846 3499 3901 col.
3533 3848 3667 3902 1211
3695 3850 3754 3901 et
3783 3847 3937 3917 seq.)

2356 3932 2685 3989 Christiano
2721 3952 2901 3991 causa
2949 3940 3102 3990 recte
3154 3934 3471 4007 gaudendi,
3505 3940 3637 4002 etc.,
3670 3950 3838 4007 usque
3865 3932 3939 3990 ad

2284 4024 2374 4167 adl
2389 4024 2660 4095 patriam.
2698 4025 2832 4096 (Id.,
2865 4025 2962 4080 lib.
2994 4026 3143 4081 Sent.
3166 4026 3441 4097 Prosperi,
3468 4024 3922 4095 tom.X,part.11,

2286 4128 2350 4167 co
2383 4154 2394 4166 .
2431 4112 2614 4167 1868.)

2286 4112 2394 4168 col.
2431 4112 2614 4185 1868.)

2946 4203 3175 4260 CAPUT
3211 4204 3279 4259 V.

2353 4294 2570 4348 Scimus
2625 4294 2776 4348 enim
2833 4295 3095 4366 quoniam
3144 4296 3195 4350 si
3234 4295 3505 4350 terrestris
3534 4293 3723 4350 domus
3751 4301 3941 4350 nostra

2286 4381 2451 4452 hujus
2496 4381 2855 4438 habitationis
2898 4381 3252 4450 dissolvatur,
3301 4382 3442 4455 quod
3494 4383 3938 4455 aediﬁcationem,

2287 4473 2419 4537 etc.,
2452 4486 2623 4543 usque
2677 4471 2747 4526 ad
2802 4488 2914 4527 non
2971 4472 3111 4528 nudi
3167 4474 3544 4528 inveniamur.
3579 4472 3741 4528 Prior
3780 4472 3937 4528 enim

2288 4559 2554 4616 omnium
2586 4563 2780 4616 creata
2809 4565 2900 4617 est
2945 4562 3213 4634 quaedam
3262 4562 3574 4636 sapientia,
3607 4566 3739 4632 etc.,
3772 4579 3940 4634 usque

526 4658 588 4707 ut
614 4650 929 4707 sublimitas
955 4651 1026 4705 sit
1055 4650 1274 4705 virtutis
1306 4651 1425 4714 Dei,
1439 4657 1617 4704 etnon
1646 4649 2181 4719 exnobianiomni-
2209 4670 2257 4736 D
2288 4649 2357 4704 ad
2389 4649 2609 4705 bonum
2659 4653 2768 4706 est.
2813 4651 2943 4723 (Id.,
2978 4652 3075 4708 lib.
3110 4651 3272 4727 Conf.
3302 4670 3407 4721 x11,
3438 4657 3582 4708 tom.
3616 4657 3663 4721 Ι,
3696 4651 3804 4709 col.
3833 4653 3940 4709 833

531 4742 627 4796 bus
658 4739 1069 4795 tribulationem
1094 4740 1357 4811 patimur,
1380 4738 1471 4793 sed
1492 4754 1601 4792 non
1622 4739 2020 4808 angustiamus.
2041 4739 2179 4810 Apo-

532 4831 771 4898 riamur,
796 4835 919 4894 etc.,
942 4844 1133 4900 usque
1163 4826 1234 4881 ad
1268 4828 1327 4880 in
1358 4828 1528 4881 vobis.
1551 4826 1868 4881 Adhaerens
1889 4826 2024 4894 Deo,
2041 4832 2176 4895 etc.,

530 4935 700 4991 usque
726 4917 795 4973 ad
828 4916 1126 4990 probatur.
1158 4916 1290 4989 (Id.,
1325 4916 1422 4971 lib.
1455 4914 1519 4971 de
1548 4913 1695 4971 Sent.
1724 4916 2179 4987 Prosp.,tom.X,

529 5013 680 5083 part.
714 5026 777 5080 ιι,
810 5006 918 5063 col.
957 5008 1141 5074 1867.)

598 5099 862 5155 Haben-tes
910 5105 1093 5153 autem
1138 5096 1385 5153 eumdem
1430 5097 1688 5169 spiritum
1716 5095 1847 5169 ﬁdei
1872 5096 2012 5152 sicut
2039 5097 2179 5152 scri-

524 5196 680 5262 ptum
708 5196 787 5244 est
820 5204 833 5242 :
868 5186 1104 5256 Credidi,
1134 5194 1355 5259 propter
1384 5186 1524 5258 quod
1570 5188 1779 5243 locutus
1822 5202 1961 5241 sum.
1994 5187 2058 5241 Et
2085 5202 2183 5241 nos

528 5278 817 5345 credimus,
850 5284 970 5345 etc.,
1004 5293 1194 5349 usque
1226 5276 1298 5331 ad
1350 5277 1409 5331 in
1452 5277 1694 5346 gloriam
1740 5276 1855 5331 Dei.
1891 5275 2183 5330 Habentes

529 5373 724 5424 autem
755 5367 1029 5423 eumdem
1063 5366 1335 5437 spiritum
1368 5366 1521 5421 ﬁdei.
1559 5365 1685 5421 Non
1712 5364 1868 5420 enim
1901 5364 1982 5420 ait
2002 5364 2187 5420 scien-

527 5456 671 5513 tiam
704 5455 860 5521 ﬁdei,
885 5457 983 5512 sed
1017 5455 1289 5528 spiritum
1316 5455 1468 5510 ﬁdei.
1495 5455 1655 5520 Quod
1680 5458 1987 5527 propterea
2016 5453 2180 5522 dixit,

530 5545 1071 5618 utintelligeremus
1089 5544 1229 5618 quia
1253 5545 1417 5613 ﬁdes,
1433 5548 1565 5612 etc.,
1590 5560 1761 5618 usque
1773 5543 1842 5599 ad
1864 5543 2180 5617 loquimur.

528 5636 662 5707 (Id.,
696 5636 793 5691 lib.
826 5635 890 5691 de
919 5635 1105 5691 Gratia
1130 5642 1181 5691 et
1216 5634 1387 5689 libero
1410 5635 1600 5702 arbit.)

600 5724 746 5786 Ante
771 5724 1086 5784 adventum
1129 5722 1361 5785 Domini
1394 5722 1580 5781 nostri
1610 5723 1750 5783 Jesu
1777 5722 2012 5797 Christi,
2047 5728 2180 5797 etc.,

2288 4743 2345 4794 et
2375 4739 2524 4812 seq.)

2363 4828 2419 4883 Si
2452 4845 2761 4900 possemus
2793 4829 2964 4887 aliter
3011 4831 3313 4903 pervenire
3344 4832 3417 4888 ad
3450 4831 3771 4901 Christum,
3801 4834 3936 4899 etc.,

2288 4934 2458 4990 usque
2486 4918 2557 4973 ad
2605 4922 2764 4975 aceto
2813 4924 3178 4991 potaverunt.
3214 4921 3349 4992 (Id.,
3379 4930 3539 4978 tract.
3565 4922 3711 4995 psal.
3743 4937 3936 4989 vam,

2289 5011 2432 5063 tom.
2467 5006 2559 5075 IV,
2594 5012 2745 5081 part.
2780 5026 2820 5075 1,
2854 5008 2963 5065 col.
2997 5012 3104 5066 842
3133 5014 3191 5065 et
3221 5014 3370 5084 seq.)

2361 5098 2499 5154 Nam
2526 5105 2578 5154 et
2606 5100 2703 5170 qui
2728 5115 2919 5154 sumus
2947 5100 3009 5155 in
3028 5100 3127 5156 hoc
3156 5101 3508 5157 tabernaculo
3532 5102 3938 5171 ingemiscimus

2289 5188 2525 5257 gravati,
2559 5191 2693 5256 etc.,
2721 5205 2909 5261 usque
2940 5189 3014 5244 ad
3042 5189 3271 5246 mortale
3322 5198 3403 5246 est
3453 5208 3487 5247 a
3538 5193 3669 5248 vita.
3722 5192 3935 5264 Aggra-

2290 5294 2499 5333 vamur
2527 5293 2664 5349 ergo
2711 5277 3074 5351 corruptibili
3130 5295 3369 5353 corpore
3399 5284 3475 5349 et,
3506 5284 3643 5348 etc.,
3672 5296 3843 5354 usque
3868 5280 3939 5336 ad

2292 5383 2484 5423 errore
2544 5370 2700 5423 sunt.
2754 5367 2887 5440 (Id.,
2920 5368 3017 5423 lib.
3050 5368 3115 5425 de
3142 5371 3305 5429 Civit.
3337 5372 3440 5426 Dei
3466 5388 3582 5440 x1v,
3616 5388 3666 5426 c.
3701 5388 3740 5426 11
3772 5378 3825 5426 et
3852 5386 3932 5439 ιιι,

2292 5461 2434 5513 tom.
2469 5455 2590 5522 VII,
2625 5454 2733 5511 col.
2766 5457 2913 5530 l:06.)

2364 5545 2814 5619 Ingemiscimus
2847 5546 3069 5619 gravati
3104 5563 3116 5604 :
3149 5548 3258 5604 sub
3291 5549 3523 5605 sarcina
3552 5548 3933 5617 scilicet,etc.,

2290 5651 2459 5710 usque
2484 5635 2553 5691 ad
2585 5652 2700 5691 non
2731 5639 2913 5693 extra.
2948 5637 3079 5710 (Id.,
3110 5654 3274 5695 serm.
3307 5638 3373 5696 de
3398 5639 3583 5696 natali
3623 5638 3935 5714 apostolor.,

2290 5729 2433 5786 tom.
2467 5724 2534 5800 V,
2568 5729 2718 5803 part.
2754 5742 2792 5801 ι,
2827 5725 2936 5787 col.
2972 5726 3110 5787 1374
3138 5732 3197 5787 et
3225 5730 3375 5806 seq.)
