4114 6470
188 379 325 455 se:

1061 380 1475 478 EXPOSI'PIO
1502 382 1598 459 IN
1640 381 1811 451 EPP.
1843 379 2338 485 PAULL—EP.
2371 381 2426 447 II
2471 382 2575 444 AD
2617 382 2796 447 GOR.

3522 388 3642 451 362

198 515 1872 591 nsqueadexnobis.Ipsatristitiareperiturinbono,etc.,
1906 517 1957 582 Α
2060 519 2176 571 Isto
2224 519 2315 571 est
2378 517 2547 583 Deus,
2606 520 2741 583 etc.,
2790 532 2962 591 usque
2992 518 3061 574 ad
3090 517 3472 576 Christianos.
3506 521 3641 590 (Id.,

158 620 167 625 ·
195 621 381 678 usque
412 604 485 662 ad
515 622 551 661 ιι
580 604 751 664 nobis
785 605 1112 679 (Id.,lib.de
1144 608 1257 663 Civ.
1292 608 1395 663 Dei
1422 625 1537 676 xw,
1569 609 1712 662 tom.
1746 605 1869 675 VII,

200 692 321 750 col.
356 694 510 763 413).

278 782 423 852 Quae
450 783 601 839 enim
619 782 917 843 secundum
934 784 1109 841 Deum
1127 786 1359 841 tristitia
1378 791 1473 853 est,
1492 785 1873 857 paenitentiam

197 873 266 927 in
297 872 540 930 salutem
584 873 838 931 stabilem
889 881 1165 946 operatur,
1190 874 1387 932 szculi
1433 881 1616 930 autem
1646 874 1874 930 tristitia

196 968 442 1018 mortem
458 969 735 1034 operatur.
760 963 888 1019 Ecce
908 962 1055 1018 enim
1072 962 1171 1019 hoc
1192 965 1374 1036 ipsum
1392 962 1709 1033 secundum,
1734 964 1843 1019 etc.
1855 1002 1869 1029 ,

198 1066 400 1121 usque
431 1051 505 1106 ad
540 1049 753 1107 Gaudeo
799 1050 942 1124 quod
986 1053 1047 1107 in
1089 1052 1342 1109 omnibus
1370 1052 1577 1124 conﬁdo
1610 1054 1665 1108 in
1698 1050 1868 1108 vobis.

202 1138 351 1195 Ecce
380 1137 543 1195 enim
574 1138 633 1194 id
664 1139 862 1213 ipsum
906 1141 1233 1196 secundum
1266 1140 1452 1197 Deum
1483 1140 1868 1209 constristari,

200 1230 345 1296 etc.,
376 1243 553 1301 usque
598 1227 670 1285 ad
719 1232 910 1286 rectas
956 1229 1177 1287 habent
1207 1231 1339 1303 (Id.,
1373 1231 1470 1287 lib.
1503 1230 1568 1287 dc
1599 1224 1712 1286 Civ.
1746 1230 1867 1299 Dei,

198 1318 354 1372 tom.
387 1316 519 1385 VII,
550 1314 661 1372 col.
697 1316 843 1390 413).

837 1404 1071 1464 CAPUT
1108 1406 1260 1463 VIII.

274 1494 478 1552 Notam
524 1500 717 1551 autem
763 1497 1005 1568 facimus
1048 1498 1221 1569 vobis,
1250 1499 1472 1570 fratres,
1504 1499 1745 1566 gratiam
1774 1497 1874 1553 Dei

199 1598 333 1655 quae
360 1582 494 1640 data
523 1592 603 1640 est
633 1585 694 1640 in
720 1584 962 1640 ecclesiis
993 1584 1341 1655 Macedonia,
1359 1595 1409 1642 et
1439 1586 1580 1658 quod
1609 1588 1667 1642 in
1698 1587 1872 1643 multo

197 1673 582 1745 experimento
611 1673 1014 1741 tribulationis,
1049 1678 1184 1742 etc.,
1211 1691 1397 1748 usque
1419 1676 1493 1730 ad
1509 1675 1623 1731 Non
1647 1677 1794 1733 enim
1811 1683 1872 1731 ut

196 1762 337 1841 aliis
367 1763 445 1817 sit
473 1762 744 1827 remissio,
760 1761 910 1819 vobis
936 1771 1121 1820 autem
1152 1764 1460 1820 tribulatio.
1488 1764 1725 1836 Propter
1740 1781 1869 1832 nos,

196 1849 426 1923 inquit,
440 1866 668 1925 pauper
696 1851 888 1907 factus
909 1856 999 1908 est
1018 1870 1152 1909 cum
1186 1857 1343 1910 esset
1365 1853 1546 1919 dives,
1562 1854 1871 1928 etc.,usque

196 1938 277 1995 ad
304 1956 418 1995 nos
452 1938 660 1996 ditavit
689 1940 772 2013 (S.
798 1941 974 2015 Aug.,
998 1950 1156 1998 tract.
1172 1931 1505 2012 Psal.,tom.
1523 1942 1619 2013 IV,
1642 1947 1868 2016 part.n,

195 2027 315 2084 col.
358 2028 543 2098 1293).

277 2117 425 2185 Quis
456 2116 615 2174 enim
644 2117 952 2175 hominum
980 2112 1186 2177 omnes
1209 2120 1870 2196 thesauros,etc.,usgue

198 2204 279 2262 ad
311 2205 545 2264 ablatas
578 2206 795 2264 amisit.
831 2207 1037 2282 (Idem,
1066 2226 1230 2266 serm.
1263 2210 1327 2266 de
1355 2210 1714 2285 Epiphania.)

275 2295 408 2353 Non
439 2295 523 2352 ait
546 2312 770 2369 pauper
799 2297 990 2355 factus
1015 2302 1104 2357 est
1136 2316 1149 2354 :
1182 2316 1318 2355 cum
1353 2299 1869 2373 dives,etc.,usque

194 2384 275 2441 ad
296 2385 398 2458 qui
425 2384 607 2441 dedit.
634 2385 838 2459 (Idem,
860 2403 1025 2444 serm.
1044 2385 1109 2444 de
1124 2390 1270 2446 verb.
1295 2388 1428 2446 libri
1444 2388 1864 2458 Salomo.,tom.

130 2473 273 2541 _-V,
306 2478 463 2546 part.
497 2491 538 2542 ι,
573 2473 680 2530 col.
705 2474 857 2549 2l6.)

272 2562 381 2619 Sed
404 2579 476 2619 ex
501 2564 820 2636 aequalitate
849 2565 907 2620 in
936 2568 1205 2638 praesenti
1233 2574 1486 2640 tempore,
1518 2570 1652 2633 etc.,
1681 2583 1867 2640 usque

200 2651 277 2709 ad
313 2668 430 2710 non
451 2653 773 2709 minoravit.
802 2651 892 2708 Illi
909 2653 1268 2726 judicabunt
1292 2654 1362 2709 de
1394 2655 1610 2728 quibus
1641 2655 1864 2712 dictum

198 2745 319 2810 est,
346 2757 526 2821 usque
562 2741 634 2797 ad
679 2741 895 2799 virtute
950 2746 1073 2800 tua.
1119 2742 1325 2813 (Idem,
1355 2752 1511 2801 tract.
1540 2744 1694 2817 psal.~
1716 2761 1866 2815 cxxr,

200 2833 357 2887 tom.
392 2829 489 2900 IV,
518 2834 671 2903 part.
706 2848 789 2903 ιιι,
823 2830 932 2887 col.
966 2832 1105 2887 1626
1132 2835 1189 2887 et
1218 2834 1365 2905 seq.)

279 2919 503 2975 Gratias
522 2926 707 2976 autem
741 2937 839 2990 ego
876 2922 1001 2989 Deo,
1026 2922 1125 2994 qui
1150 2921 1297 2977 dedit
1325 2922 1569 2978 eamdem
1596 2923 1865 2979 sollicitu-

200 3007 405 3066 dinem
425 3025 529 3081 pro
543 3009 698 3067 vobis
714 3011 772 3066 in
785 3009 944 3068 corde
976 3011 1082 3066 Titi
1092 3012 1385 3083 :quoniam
1411 3013 1863 3084 exhortationem,

201 3102 352 3167 etc.,
384 3115 574 3171 usque
605 3099 676 3154 ad
701 3100 1038 3157 voluntatem
1064 3108 1328 3156 nostram.
1345 3100 1408 3155 In
1438 3100 1533 3157 his
1553 3100 1744 3157 verbis
1764 3118 1865 3174 ap-

203 3191 385 3262 paret
413 3191 720 3259 quantam,
754 3192 889 3257 etc.,
921 3205 1090 3262 usque
1135 3189 1206 3245 ad
1232 3188 1863 3263 indigentibus.(ldem,

202 3276 314 3333 lib.
348 3277 411 3334 de
441 3276 610 3349 Opere
640 3276 1048 3347 Monachorum,
1078 3278 1223 3334 tom.
1254 3278 1351 3351 VI,
1383 3278 1491 3334 col.
1525 3281 1675 3353 563.)

276 3367 595 3424 Devilantes
623 3367 721 3424 hoc
745 3383 815 3423 ne
842 3370 965 3443 quis
994 3384 1093 3425 nos
1123 3370 1390 3440 vituperet
1415 3370 1475 3424 in
1502 3369 1604 3425 hac
1623 3370 1869 3442 plenitu-

199 3454 362 3523 dine,
389 3469 515 3529 quae
543 3456 896 3512 ministratur
924 3474 960 3513 a
1003 3457 1160 3513 nobis
1216 3458 1275 3512 in
1332 3458 1555 3513 Domini
1605 3458 1864 3527 gloriam.

192 3543 568 3602 Providemus
602 3546 752 3602 enim
782 3545 942 3613 bona,
973 3550 1107 3612 etc.,
1142 3562 1329 3621 usque
1360 3546 1431 3602 ad
1465 3547 1522 3603 in
1552 3549 1753 3620 faciem
1781 3565 1865 3605 ec-

196 3632 523 3690 clesiarum.
553 3632 873 3690 Vobiscum
896 3633 991 3690 hic
1019 3635 1292 3703 vivimus,
1317 3639 1376 3692 et
1396 3640 1631 3709 propter
1658 3653 1759 3694 vos
1788 3637 1866 3693 vi-

162 3777 168 3783 .
198 3722 432 3793 vimus,
465 3726 598 3792 etc.,
630 3739 802 3796 usque
856 3723 928 3780 ad
983 3723 1336 3797 exemplum.
1370 3725 1578 3793 (Idem,
1609 3742 1771 3783 serm.
1803 3725 1869 3783 de

205 3813 346 3869 Vita
371 3819 424 3868 et
450 3828 591 3869 mor.
620 3812 966 3882 clericorum,
998 3817 1142 3870 tom.
1162 3813 1231 3882 V,
1249 3817 1397 3886 part.
1423 3832 1482 3884 ιι,
1515 3813 1621 3870 col.
1659 3815 1796 3871 1568
1812 3820 1869 3872 et

209 3903 374 3974 seq.)

860 3989 1090 4050 CAPUT
1132 3992 1223 4048 IX.

279 4080 427 4138 Nam
453 4080 520 4138 de
547 4081 859 4139 ministerio
890 4080 1031 4154 quod
1054 4081 1116 4153 ﬁt
1160 4082 1222 4136 in
1255 4089 1486 4151 sanctos,
1515 4086 1647 4152 etc.,
1681 4099 1869 4156 usque

203 4171 286 4229 ad
320 4172 381 4227 in
409 4187 568 4228 omne
587 4187 719 4244 opus
748 4170 967 4227 bonum.
985 4170 1392 4243 Itajejuna,ut
1411 4171 1469 4226 in
1495 4170 1607 4227 alio
1628 4175 1685 4228 te
1700 4189 1871 4245 pran-

202 4260 435 4318 didisse
478 4260 761 4335 gaudeas,
810 4270 946 4332 etc.,
978 4275 1151 4332 usque
1178 4261 1249 4316 ad
1276 4264 1332 4317 te
1359 4258 1514 4317 dicat
1547 4277 1559 4316 :
1594 4261 1736 4317 Ecce
1767 4262 1869 4318 ad-

202 4367 349 4413 sum
380 4350 515 4422 (Id.,
546 4356 704 4408 tract.
731 4350 879 4423 psal.
907 4365 1044 4416 xm,
1075 4352 1218 4404 tom.
1252 4350 1350 4419 IV,
1375 4349 1869 4423 part.1,col.!182.)

281 4438 472 4496 Habet
499 4437 821 4512 quamdam
851 4436 1294 4511 pinguedinem,
1314 4442 1422 4496 etc.
1429 4481 1448 4511 ,
1464 4456 1634 4512 usque
1653 4439 1723 4495 ad
1744 4438 1872 4495 dili-

202 4528 297 4604 git
324 4526 502 4584 Deus.
535 4527 721 4599 (Ibid.,
756 4526 865 4586 col.
899 4525 1050 4600 756.)

282 4614 580 4688 Quidquid
612 4615 775 4684 facis,
809 4619 944 4683 etc.,
970 4632 1143 4690 usque
1180 4616 1251 4672 ad
1300 4634 1418 4673 non
1470 4617 1635 4675 facis.
1670 4618 1872 4692 (Idem,
1904 4638 1952 4704 Ι)

190 4713 379 4765 tract.
408 4707 555 4780 psal.
586 4717 696 4774 xci,
727 4709 871 4762 tom.
902 4705 1000 4774 IV,
1033 4709 1185 4780 part.
1219 4723 1279 4776 ιι,
1316 4706 1428 4763 col.
1459 4708 1531 4763 74
1560 4712 1618 4763 et
1643 4710 1791 4783 seq.)

281 4793 440 4851 Sicut
468 4795 739 4866 scriptum
764 4802 859 4852 est.
892 4794 1187 4868 Dispersit,
1223 4800 1358 4864 etc.,
1395 4812 1581 4868 usque
1610 4796 1683 4852 ad
1706 4800 1874 4855 actib-

204 4900 336 4939 nem
367 4884 496 4940 Deo.
530 4883 696 4950 Quod
726 4883 931 4940 oculus
962 4900 1077 4939 non
1107 4883 1275 4952 vidit,
1309 4888 1446 4954 etc.,
1477 4902 1651 4958 usque
1678 4885 1749 4942 ad
1776 4888 1878 4961 qui
1930 4924 1943 4935 ρ

209 4971 483 5028 condidit
511 4971 746 5029 secula.
781 4972 985 5046 (Idem,
1007 4974 1151 5045 psal.
1185 4990 1298 5044 cxx,
1334 4977 1474 5029 tom.
1511 4974 1603 5044 IV,
1640 4981 1789 5049 part.
1814 4992 1876 5046 ιι,

211 5062 327 5118 col.
357 5060 548 5132 1470.)

1985 604 2082 660 lib.
2108 604 2173 659 de
2203 606 2486 661 Consensu
2514 606 2929 675 evangelistar.,
2961 608 3104 663 tom.
3139 606 3239 676 III,
3272 612 3423 682 part.
3456 627 3490 677 I,
3527 609 3638 667 col.

1986 694 2123 749 1053
2157 698 2213 751 et
2242 694 2388 768 seq.)

2626 784 2858 843 CAPUT
2894 784 2993 840 XI.
3110 796 3115 799 -
3236 854 3247 862 ἦ

2059 873 2276 929 Utinam
2332 874 2686 941 sustineretis,
2720 877 2856 940 etc.,
2890 889 3080 947 usque
3138 875 3207 930 ad
3266 876 3635 934 mulatione.

1982 960 2238 1018 Dicendo
2269 960 2514 1017 aemulor
2543 979 2667 1031 vos,
2703 961 2844 1035 quid
2876 962 2990 1019 nisi
3024 962 3479 1034 aemulationem,
3503 952 3638 1033 etc.,

1982 1067 2170 1122 usque
2202 1051 2273 1106 ad
2306 1058 2359 1106 et
2385 1067 2495 1106 non
2522 1053 2748 1107 mirum.
2786 1052 2864 1124 (S.
2898 1054 3071 1127 Aug.,
3107 1060 3263 1109 tract.
3292 1054 3635 1127 psal.cxvm,

1981 1142 2124 1194 tom.
2161 1140 2253 1207 1V,
2282 1144 2436 1213 part.
2470 1157 2533 1207 ιι,
2565 1140 2674 1196 col.
2710 1141 2848 1196 1583
2877 1145 2933 1197 et
2963 1144 3112 1215 seq.)
3550 1152 3553 1155 ’

2050 1228 2201 1284 Audi
2231 1244 2430 1284 vocem
2463 1227 2725 1286 zelantis.
2755 1228 2889 1286 Zelo
2926 1230 3027 1288 Dei
3057 1248 3181 1301 vos,
3207 1232 3340 1299 etc.,
3370 1248 3541 1304 usque
3566 1233 3638 1289 ad

1981 1334 2161 1390 quare
2190 1316 2344 1373 zelas
2368 1318 2396 1372 ?
2427 1317 2557 1391 (Id.,
2590 1325 2747 1374 tract.
2780 1319 3106 1391 Evang.sec.
3137 1320 3296 1375 Joan.
3328 1337 3456 1390 xm,
3486 1326 3631 1379 tom.

1982 1406 2080 1477 III,
2114 1410 2266 1479 part.
2300 1423 2338 1474 ι,
2373 1405 2483 1462 col.
2518 1406 2701 1479 1498.)

2053 1498 2260 1564 Timeo,
2295 1498 2497 1575 inquit,
2530 1513 2599 1552 ne
2626 1498 2767 1553 sicut
2793 1513 3012 1571 serpens
3052 1502 3240 1566 Evam,
3277 1502 3411 1567 etc.,
3445 1515 3634 1574 usque

1982 1586 2054 1641 ad
2083 1587 2339 1641 exhibere
2370 1584 2602 1641 Christo.
2622 1585 2807 1643 Habet
2837 1602 2974 1659 ergo
3002 1586 3097 1641 hic
3127 1602 3408 1660 sponsam
3430 1604 3630 1661 quam,

1981 1678 2113 1745 etc.,
2148 1690 2318 1747 usque
2346 1673 2417 1730 ad
2449 1674 2736 1749 praedixit.
2773 1675 2908 1748 (Id.,
2940 1683 3096 1732 tract.
3112 1677 3438 1746 Evang.sec.
3464 1681 3630 1735 Joan.

1979 1781 2101 1834 vm,
2134 1767 2278 1819 tom.
2307 1763 2404 1832 IlI,
2440 1767 2589 1837 part.
2624 1782 2684 1832 ιι,
2720 1763 2829 1823 col.
2864 1763 3050 1835 4452.)
3510 1770 3516 1775 ”

2052 1852 2255 1909 Omnis
2285 1851 2548 1911 Ecclesia
2573 1850 2734 1926 virgo
2761 1850 3055 1928 appellata
3082 1853 3443 1913 est.Diversa
3461 1871 3639 1912 mem-

1981 1942 2101 2011 bra,
2138 1946 2270 2011 etc.,
2300 1958 2468 2015 usque
2496 1941 2568 1998 ad
2611 1940 3031 2017 virginitatem.
3065 1943 3202 2014 (Id.,
3235 1951 3393 2000 tract.
3425 1946 3632 2014 Evang.

1974 2047 2079 2095 sec.
2110 2033 2274 2089 Joan.
2312 2031 2399 2099 13,
2430 2034 2574 2086 tom.
2609 2031 2709 2097 III,
2741 2035 2894 2105 part.
2930 2049 2969 2103 1,
3007 2030 3117 2088 col.
3151 2032 3334 2102 1499.)

2050 2119 2375 2176 Paucarum
2408 2124 2498 2175 est
2534 2120 2839 2195 virginitas
2869 2121 2929 2176 in
2964 2137 3158 2190 carne,
3195 2127 3332 2192 etc.,
3365 2126 3537 2197 usque
3564 2121 3635 2178 ad

1978 2208 2253 2264 Ecclesia.
2288 2209 2419 2282 (Id.,
2454 2216 2613 2265 tract.
2642 2210 2786 2281 psal.
2823 2212 2964 2264 tom.
2996 2208 3091 2282 ιν,
3123 2227 3181 2282 ρ.
3212 2227 3270 2280 ιι,
3306 2210 3416 2266 σοι.
3447 2211 3631 2285 1920.)

2048 2297 2213 2352 Nunc
2272 2297 2630 2370 despbnsata
2685 2303 2773 2354 est
2829 2297 3105 2365 Ecclesia,
3156 2302 3215 2355 et
3267 2299 3456 2376 virgo,
3491 2304 3628 2371 etc.,

1976 2402 2146 2458 usque
2174 2387 2245 2442 ad
2272 2386 2607 2459 Apostolus.
2660 2387 2796 2458 (Id.,
2848 2386 2945 2443 lib.
2980 2390 3185 2458 Quaest.
3217 2391 3361 2465 tom.
3392 2388 3489 2458 VI,
3517 2387 3627 2445 cel.

1976 2476 2045 2530 47
2074 2478 2132 2531 et
2161 2476 2310 2548 seq.)
3172 2480 3175 2485 ’

2048 2564 2313 2639 Sponsus
2361 2564 2577 2630 infans,
2611 2565 2681 2622 de
2729 2564 2991 2623 thalamo
3041 2583 3170 2633 suo,
3202 2569 3337 2634 etc.,
3361 2582 3532 2640 usque
3560 2566 3632 2623 ad

1976 2658 2223 2711 mentes.
2248 2654 2382 2724 (Id.,
2405 2671 2569 2711 serm.
2594 2654 2658 2711 de
2686 2655 2909 2713 nativit.
2943 2660 3131 2724 Dom.,
3161 2658 3304 2712 tom.
3336 2654 3569 2729 V,part.
3589 2674 3630 2729 ι,

1976 2743 2085 2801 col.
2120 2743 2307 2812 1013.)

2052 2835 2228 2889 Timeo
2285 2840 2469 2889 autem
2515 2849 2584 2889 ne
2630 2835 2775 2889 sicut
2802 2850 3023 2907 serpens
3052 2835 3242 2903 Evam,
3276 2836 3410 2901 etc.,
3444 2851 3631 2907 usque

1976 2922 2048 2979 ad
2073 2923 2133 2978 in
2155 2922 2366 2978 Christo
2382 2926 2537 2980 Jesu.
2562 2921 2711 2988 Quid
2736 2926 2825 2978 est
2854 2924 3011 2996 quod
3046 2922 3258 2979 timet?
3276 2922 3362 2979 Ne
3388 2922 3630 2995 virgini-

1973 3015 2064 3067 tas
2086 3027 2315 3082 sponsse
2345 3009 2581 3078 Christi,
2608 3026 2712 3084 per
2741 3010 3023 3068 astutiam
3048 3010 3267 3068 diaboli
3294 3027 3633 3086 corrumpa-

1974 3105 2091 3156 tur.
2126 3100 2347 3168 Timeo,
2382 3099 2595 3171 inquit,
2628 3116 2700 3155 ne
2732 3100 2904 3167 sicut,
2919 3106 3236 3173 etc.,usque
3263 3099 3333 3156 ad
3364 3117 3631 3157 remane-

1976 3189 2080 3247 bit.
2103 3190 2238 3261 (Id.,
2261 3195 2413 3245 tract.
2446 3188 2654 3258 Evang.
2685 3204 2790 3244 sec.
2821 3190 2978 3246 Joan.
3010 3187 3628 3262 vm,tom.1V,part.u,

1899 3262 1942 3330 C
1976 3277 2087 3335 col.
2123 3279 2262 3335 1452
2291 3281 2348 3333 et
2380 3279 2527 3350 seq.)

2047 3368 2301 3440 Serpens
2333 3382 2468 3445 ergo
2500 3365 2610 3430 iste
2642 3365 3002 3434 adulterans,
3035 3370 3357 3440 etc.,usque
3386 3366 3458 3423 ad
3479 3366 3651 3457 difﬁ-~

1968 3448 2084 3513 cile
2113 3455 2360 3512 videtur.
2396 3455 2525 3528 (Id.,
2557 3462 2716 3512 tract.
2746 3456 2892 3528 psal.
2922 3456 3179 3528 XXXVIII.)

2045 3546 2155 3602 Per
2174 3543 2477 3600 haereticos
2495 3542 2712 3600 timens
2732 3543 2950 3600 Paulus
2971 3561 3044 3603 ne
3065 3545 3138 3601 ab
3161 3544 3266 3616 eis,
3299 3547 3433 3614 etc.,
3457 3558 3630 3618 usque
3692 3534 3698 3538 ”

1975 3635 2045 3692 ad
2076 3632 2422 3692 ambulabit.
2456 3632 2586 3706 (Id.,
2623 3641 2781 3690 tract.
2810 3634 2955 3706 psal.
2977 3650 3068 3707 xc,
3101 3637 3240 3690 tom.
3279 3633 3374 3704 IV,
3401 3638 3551 3708 part.
3570 3649 3631 3702 ιι,

1976 3724 2087 3782 col.
2121 3722 2305 3795 1168.)
2974 3732 2979 3735 ⁷

2047 3811 2235 3869 Nolite
2259 3810 2615 3885 quaestiones
2637 3810 2837 3868 mirari
2858 3802 3191 3884 hominum,
3212 3830 3342 3887 quae
3364 3815 3633 3886 serpunt,

1977 3907 2112 3969 etc.,
2144 3918 2316 3974 usque
2367 3901 2437 3957 ad
2492 3904 2581 3957 est
2632 3901 2809 3957 Deus.
2872 3901 3064 3975 (Ibid.,
3096 3903 3238 3975 psal.
3271 3918 3363 3971 xc,
3394 3904 3453 3959 S.
3479 3901 3635 3975 Aug.

1976 3994 2061 4049 Ex
2082 4008 2186 4048 ser.
2220 3989 2361 4064 quod
2392 3990 2567 4047 tribus
2604 3989 2780 4046 modis
2813 3990 3062 4049 Christus
3092 3991 3461 4065 intelligatur,
3492 3994 3637 4048 tom.

1975 4080 2047 4151 V,
2080 4083 2232 4152 part.
2266 4097 2328 4145 ιι,
2365 4076 2477 4134 col.
2513 4078 2696 4151 1496.)

2048 4168 2154 4225 Ille
2186 4167 2429 4240 quidem
2463 4181 2728 4240 serpens,
2762 4167 2819 4223 id
2853 4171 2942 4226 est
2962 4166 3060 4225 ille
3088 4182 3268 4237 error,
3302 4172 3437 4236 etc.,
3469 4176 3643 4242 usque

1980 4260 2050 4316 ad
2080 4258 2353 4332 angelum
2388 4255 2560 4311 lucis.
2592 4256 2722 4326 (Id.,
2757 4256 2853 4312 lib.
2887 4265 3077 4313 contra
3106 4258 3454 4322 Manichzos,
3485 4258 3568 4326 2.)

2051 4348 2116 4405 In
2147 4347 2423 4404 societate
2454 4349 2793 4401 sanctorum
2827 4346 3194 4418 angelorum,
3214 4349 3346 4414 etc.,
3379 4360 3552 4421 usque
3571 4345 3642 4403 ad

1984 4441 2299 4513 quaeratur.
2338 4434 2471 4508 (Id.,
2504 4435 2602 4491 lib.
2632 4434 2697 4491 de
2727 4434 2962 4493 Civ.Dei
2990 4434 3076 4506 19,
3108 4435 3388 4505 tom.VII,
3424 4433 3645 4491 001.635

1983 4533 2039 4586 et
2070 4527 2218 4600 seq.)

2054 4616 2242 4690 Magis
2273 4632 2424 4690 opus
2457 4617 2548 4671 est
2595 4612 2889 4686 judicare,
2923 4617 3099 4688 atque
3130 4614 3478 4689 dignoscere
3507 4616 3643 4682 etc.,

1985 4723 2156 4783 usque
2184 4705 2257 4762 ad
2288 4703 2538 4778 ambigit
2568 4720 2741 4760 nemo
2767 4703 2898 4777 (Id.,
2930 4703 3028 4760 lib.
3060 4700 3645 4773 Enchirid.,tom.VI,

1985 4796 2094 4854 col.
2125 4796 2276 4869 260.)

2062 4885 2327 4943 l’ericulis
2356 4885 2419 4939 in
2448 4884 2610 4954 falsis
2638 4881 2908 4954 fratribus
2940 4900 2959 4940 :
2988 4884 3047 4938 in
3081 4882 3264 4939 labore
3291 4888 3343 4937 et
3368 4894 3645 4946 arumna,

1989 4978 2049 5034 in
2078 4976 2292 5048 vigiliis
2318 4973 2530 5028 multis.
2550 4970 3006 5044 Intelligendum
3027 4976 3115 5027 est
3137 4971 3319 5027 fuisse
3341 4968 3651 5042 quosdam,

1988 5066 2091 5139 qui
2120 5081 2257 5121 cum
2288 5060 2521 5131 vellent,
2557 5064 2692 5127 etc.,
2725 5076 2893 5134 usque
2941 5060 3013 5115 ad
3055 5058 3410 5133 redigerent.
3445 5057 3552 5130 (Id.
3586 5058 3649 5113 In

288 5152 576 5225 Quoniam
604 5152 984 5208 ministerium
1012 5153 1196 5226 hujus,
1232 5155 1368 5225 etc.,
1418 5169 1608 5226 usque
1640 5154 1712 5210 ad
1743 5154 1881 5211 dono
1989 5154 2325 5227 expositione
2377 5151 2547 5222 Epist.
2607 5149 2677 5205 ad
2719 5150 2895 5205 Galat.
2945 5152 3084 5203 tom.
3120 5149 3219 5218 III,
3254 5151 3406 5220 part.
3440 5163 3502 5213 ιι,
3536 5144 3648 5203 col.

209 5242 355 5315 ejus.
391 5241 623 5306 Quanta
651 5240 1013 5315 pinguedine
1043 5245 1260 5298 sanctae
1292 5241 1527 5311 laetitiae,
1561 5248 1881 5317 etc.,usque
1984 5243 2171 5317 2135.)

202 5328 680 5493 adldestgcjrent.
714 5331 921 5404 (Idem,
952 5331 1057 5389 lib.
1080 5332 1147 5388 de
1179 5330 1348 5404 Opere
1368 5326 1877 5406 Monac.,tom.VI,

221 5436 295 5477 co
323 5459 337 5474 .
448 5420 501 5475 4.

221 5420 337 5477 col.
369 5420 501 5475 564.

884 5511 1122 5569 CAPUT
1159 5512 1226 5568 X.

2060 5333 2121 5389 In
2147 5335 2295 5405 fame
2323 5337 2375 5387 et
2402 5331 2499 5386 siti
2530 5346 2543 5384 :
2578 5330 2640 5385 in
2686 5328 2925 5400 jejuniis
2980 5327 3176 5382 multis
3209 5345 3228 5382 :
3258 5326 3320 5381 in
3366 5326 3578 5396 frigore
3599 5331 3652 5380 et

1989 5423 2261 5480 nuditate.
2298 5425 2362 5475 In
2393 5416 2954 5476 commemoratione
2984 5414 3434 5472 tribulationum
3466 5429 3535 5469 ac
3563 5411 3653 5469 la-

1994 5514 2227 5580 borum,
2261 5513 2393 5578 etc.,
2443 5523 2614 5581 usque
2669 5505 2741 5562 ad
2786 5508 2843 5562 et
2889 5504 3108 5579 dirigit.
3148 5504 3353 5578 (Idem,
3388 5502 3486 5558 lib.
3523 5518 3563 5561 ιι
3593 5500 3658 5557 de

281 5598 406 5671 Ipse
435 5604 625 5655 autem
652 5616 748 5673 ego
777 5602 991 5658 Paulus
1032 5602 1245 5659 obsecro
1281 5617 1391 5672 vos,
1420 5605 1555 5671 etc.,
1594 5619 1781 5676 usque
1812 5604 1882 5660 ad
1994 5605 2167 5660 Serm.
2209 5599 2439 5657 Domini
2468 5598 2529 5652 in
2555 5602 2762 5665 monte,
2792 5597 2935 5650 tom.
2966 5592 3064 5663 III,
3099 5597 3249 5668 part.
3284 5609 3324 5660 ι,
3359 5588 3660 5664 col.l996).

210 5685 316 5751 sed
347 5702 509 5765 quem
538 5689 679 5746 Deus
706 5690 1066 5749 commendat.

546 5818 815 5884 PA'I'BOL.
863 5818 1069 5885 CXIX.

2070 5694 2280 5751 Praeter
2310 5688 2413 5747 illa
2441 5699 2568 5762 quae
2596 5686 2957 5758 extrinsecus,
3006 5687 3142 5755 etc.,
3175 5699 3363 5757 usque
3394 5679 3468 5741 ad
3492 5678 3664 5744 eccle-

3263 5810 3340 5880 12
