4114 6464
468 424 587 487 363

1690 425 1921 489 FLORI
1963 424 2277 489 DIACONI
2320 425 2703 487 MONACHI.

3769 418 3890 482 364

466 560 700 616 siarum.
731 561 838 629 Qui
885 560 1127 634 apponit
1184 559 1511 628 scientiam,
1546 560 1787 633 apponit
1829 560 2110 615 dolorem.
2146 560 2191 629 Α
2300 560 2379 615 De
2410 558 2626 614 diaboli
2657 575 2827 630 pinna
2858 559 3082 612 futura:
3121 554 3405 629 prOpheta
3436 555 3888 618 commemorat,

467 648 611 704 Ecce
640 650 922 719 abundet,
954 655 1089 719 etc.,
1140 667 1312 723 usque
1367 650 1437 706 ad
1488 667 1602 722 quo
1663 654 1956 721 posuerat.
1993 650 2073 722 (Id
2104 693 2121 715 ,

458 740 772 810 tract.psal.
814 757 1005 805 cxvm,
1033 744 1177 795 tom.
1204 739 1298 808 1V,
1323 743 1471 812 part.
1496 756 1557 807 11,
1582 739 1691 795 001.
1720 741 1856 794 1208
1888 744 1945 794 et
1976 738 2120 810 seq.)

1085 838 1315 893 CAPUT
1351 838 1470 893 XII.

539 915 688 973 Cum
714 917 986 974 homines
1015 935 1050 973 a
1078 916 1368 973 matribus
1400 918 1828 990 concipiantur,
1862 922 1995 984 etc.,
2026 934 2123 971 us-

464 1021 570 1077 que
600 1006 672 1062 ad
700 1024 816 1063 non
846 1024 1003 1063 uror.
1030 1008 1088 1063 S.
1112 1008 1259 1079 Aug.
1286 1009 1347 1062 in
1367 1009 1703 1079 expositione
1732 1009 1911 1078 Epist.
1940 1007 2008 1061 ad
2029 1007 2125 1061 Ca-

467 1095 564 1151 lat.
596 1099 741 1151 tom.
770 1096 869 1165 III,
903 1099 1055 1168 part.
1089 1113 1150 1165 ιι,
1186 1096 1296 1151 001.
1327 1098 1514 1169 2132.)

540 1183 727 1239 Urunt
770 1184 1204 1256 quodammodo
1246 1202 1452 1241 omnes
1511 1184 1920 1259 tribulationcs
1964 1201 1976 1238 :
2020 1184 2121 1239 sed

467 1270 648 1345 aliud,
678 1276 815 1342 etc.,
845 1291 1018 1346 usque
1047 1274 1117 1330 a'l
1148 1273 1598 1330 humiliationis.
1620 1275 2126 1346 (Idem,lib.contra

463 1360 873 1436 Manichaeum.)

532 1451 689 1508 Vasa
717 1452 883 1525 ﬁguli
916 1454 1146 1526 probat,
1172 1458 1306 1525 etc.,
1339 1471 1509 1526 usque
1538 1454 1607 1509 ad
1640 1453 1916 1509 universa
1945 1453 2122 1508 ossa?

463 1540 672 1614 (Idem,
724 1548 879 1598 tract.
928 1544 1073 1613 psal.
1102 1559 1179 1614 οι,
1210 1545 1354 1598 tom.
1388 1542 1484 1610 ιν,
1515 1547 1664 1615 part.
1698 1559 1756 1609 ιι,
1791 1541 1901 1596 col.
1940 1540 2122 1612 1297.)

538 1630 803 1684 Damasci
824 1632 1158 1701 praepositus
1203 1633 1401 1700 gentis,
1436 1634 1569 1699 etc.,
1602 1648 1790 1703 usque
1823 1632 1894 1686 ad
1922 1647 2123 1686 manus

463 1717 599 1788 ejus.
629 1716 763 1772 Vidi
794 1718 854 1773 in
885 1718 1135 1791 epistola
1180 1719 1428 1775 Paulum
1473 1720 1814 1793 fugientem.
1851 1720 1957 1775 Per
1987 1738 2123 1775 mu-

466 1822 623 1875 rum,
652 1810 785 1875 etc.,
818 1824 989 1879 usque
1017 1808 1088 1863 ad
1118 1809 1418 1881 arguebat.
1451 1809 1583 1879 (Id.,
1618 1818 1776 1865 tract.
1809 1810 2015 1877 Evang.
2048 1825 2124 1863 se-

467 1895 711 1952 cundum
736 1897 894 1953 Joan.
929 1914 1004 1963 ιν,
1035 1899 1090 1965 6,
1121 1901 1265 1955 tom.
1295 1899 1393 1963 III,
1419 1916 1476 1970 p.
1501 1915 1560 1964 ιι,
1586 1899 1693 1954 001.
1721 1900 1852 1953 1731
1889 1902 1944 1952 et
1974 1898 2120 1970 seq.)

537 1983 662 2040 Scio
689 1985 963 2041 hominem
994 1988 1056 2041 in
1080 1985 1313 2053 Christo,
1344 1994 1466 2054 etc.,
1491 2004 1679 2060 usque
1708 1988 1780 2043 ad
1811 1987 2026 2043 homini
2046 1989 2123 2043 lo-

469 2074 583 2146 qui.
619 2074 755 2130 Erat
812 2074 967 2129 enim
1029 2074 1151 2131 haec
1210 2093 1414 2132 eorum
1474 2078 1862 2144 consuetudo,
1894 2077 1995 2149 qui
2032 2094 2130 2132 sa-

467 2178 618 2231 cras,
642 2166 779 2232 etc.,
801 2180 972 2236 usque
999 2164 1071 2219 ad
1093 2163 1438 2237 pertinebat.
1473 2166 1607 2235 (Id.,
1641 2174 1799 2221 tract.
1832 2166 2124 2222 Evan.sec.

461 2253 620 2307 Joan.
654 2268 764 2323 1.x1,
793 2257 936 2310 tom.
972 2253 1070 2321 III,
1101 2257 1251 2325 part.
1278 2272 1339 2321 ιι,
1374 2255 1484 2310 001.
1521 2254 1705 2325 1800.)

537 2341 688 2410 Scio,
712 2341 926 2414 inquit,
948 2341 1250 2398 hominem
1269 2343 1329 2398 in
1349 2343 1581 2399 Christo
1613 2348 1746 2398 ante
1777 2361 1964 2399 annos
1984 2360 2124 2415 qua-

464 2430 1140 2504 tuordecim,etc.,usque
1170 2432 1240 2487 ad
1273 2434 1426 2488 facta
1457 2437 1597 2488 sunt
1628 2433 1844 2488 omnia.
1878 2434 2118 2502 (Id.,lib.

469 2517 534 2573 de
556 2518 748 2574 Genesi
765 2520 833 2574 ad
856 2520 1112 2589 litteram,
1136 2525 1276 2577 tom.
1304 2522 1400 2589 IlI,
1425 2526 1624 2594 part.1,
1640 2521 1748 2576 col.
1777 2523 1882 2576 453
1903 2526 1959 2576 et
1981 2522 2127 2593 seq.)

546 2607 737 2664 Movet
766 2610 1060 2680 quomodo
1097 2609 1228 2682 ipsa
1256 2609 1357 2665 Dei
1390 2611 1728 2666 substantia
1756 2610 1962 2678 videri,
1996 2615 2127 2677 etc.,

474 2711 648 2768 usque
676 2696 746 2751 ad
776 2713 1138 2754 concessam.
1172 2699 1306 2768 (Id.,
1340 2700 1437 2755 lib.
1472 2701 1543 2755 ad
1571 2701 1873 2755 Paulinam
1924 2700 1989 2754 (le
2046 2702 2130 2754 vi-

478 2784 651 2842 dendo
681 2790 810 2855 Deo,
840 2789 985 2842 tom.
1021 2788 1090 2856 II,
1124 2787 1230 2843 col.
1265 2788 1417 2857 610.)

446 2910 449 2919 ι
548 2876 618 2931 Et
644 2875 859 2932 audivit
880 2876 1088 2933 arcana
1115 2877 1298 2944 verba,
1328 2893 1454 2949 quae
1498 2894 1611 2934 non
1658 2879 1782 2935 licet
1811 2878 2023 2934 homini
2052 2880 2129 2935 lo-

482 2966 600 3036 qui.
636 2964 791 3021 Inter
819 2964 979 3038 ipsos
1010 2965 1323 3038 spiritales,
1357 2972 1491 3033 etc.,
1522 2985 1693 3040 usque
1721 2967 1791 3023 ad
1832 2967 2128 3040 explicari.

485 3054 617 3127 (Id.,
650 3062 805 3112 tract.
840 3056 1012 3111 Evan.
1043 3072 1149 3112 sec.
1178 3058 1336 3114 Joan.
1368 3057 1523 3129 xxv.)

554 3148 700 3201 Nam
726 3152 778 3200 et
805 3146 857 3200 si
882 3146 1122 3217 voluero,
1154 3150 1287 3213 etc.,
1316 3164 1505 3219 usque
1538 3148 1607 3202 ad
1639 3148 1839 3202 dicam.
1875 3146 2039 3203 Dicat
2071 3164 2132 3203 se

483 3233 813 3303 dominum,
847 3239 980 3303 etc.,
1014 3252 1182 3307 usque
1230 3237 1299 3291 ad
1352 3237 1553 3292 anima
1602 3237 1773 3292 servi.
1808 3237 1940 3308 (Id.,
1971 3245 2128 3291 tract.

478 3325 662 3380 Euan.
693 3340 799 3380 sec.
830 3325 988 3382 Joan.
1019 3343 1107 3393 ιν,
1144 3330 1286 3381 tom.
1323 3326 1422 3392 III,
1455 3331 1604 3398 part.
1641 3344 1699 3397 ιι,
1733 3325 1837 3382 001.
1877 3326 2057 3398 1793.)

550 3413 615 3469 Et
642 3429 711 3470 ne
737 3414 1059 3485 magnitudo
1088 3415 1505 3483 revelationum,
1534 3420 1667 3486 etc.,
1699 3433 1886 3488 usque
1917 3416 1988 3470 ad
2009 3432 2132 3470 car-

476 3503 568 3559 nis
595 3517 753 3560 meae.
784 3503 1005 3575 Nempe
1034 3503 1128 3559 hic
1161 3503 1479 3577 agnoscitis
1508 3504 2133 3576 Apostolum,etc.,us-

478 3608 582 3665 que
632 3592 703 3648 ad
758 3592 948 3665 patria
1003 3593 1456 3665 triumphantes.
1525 3594 1654 3666 (Id.,
1702 3611 1866 3649 serm.
1917 3594 1981 3649 de
2016 3611 2128 3649 ver.

477 3688 650 3753 apost.
678 3681 750 3737 ad
779 3682 953 3749 Rom,
984 3687 1125 3738 tom.
1161 3686 1229 3753 V,
1264 3686 1413 3755 part.
1449 3701 1488 3751 1,
1519 3682 1628 3739 col.
1662 3684 1768 3738 835
1797 3687 1853 3739 et
1878 3682 2023 3755 seq.)

550 3768 728 3837 Deus,
757 3769 1053 3842 inquiunt,
1088 3775 1281 3843 potest
1332 3771 1532 3829 omnia
1560 3790 1786 3828 sanare.
1821 3773 1960 3840 Hoc,
1995 3777 2128 3840 etc.,

480 3874 654 3931 usque
680 3857 751 3914 ad
780 3859 933 3915 bona
959 3860 1280 3916 voluntate.
1311 3862 1550 3932 (Id.,lib.
1585 3862 1650 3917 de
1682 3862 1872 3917 Natur.
1907 3870 1959 3916 et
1988 3870 2128 3931 grat.

479 3951 625 4003 tom.
657 3947 725 4016 X,
758 3952 908 4020 part.
941 3967 981 4017 1,
1015 3948 1122 4005 col.
1154 3950 1332 4023 202.)

552 4033 984 4093 Sollicitissime
1042 4039 1364 4095 cavendum
1414 4045 1503 4095 est
1536 4040 1595 4094 in
1629 4041 1890 4096 docendo
1924 4057 2131 4112 super—

481 4124 611 4192 hiat,
645 4128 780 4193 etc.,
805 4142 979 4199 mque
1004 4126 1074 4182 ad
1097 4126 1425 4185 humiliata.
1461 4130 1778 4203 (Id.,epist.
1813 4130 1881 4185 ad
1911 4131 2134 4185 Floren-

482 4215 682 4285 tinum,
714 4219 859 4271 tom.
892 4221 967 4285 II,
1002 4216 1109 4272 col.
1146 4218 1331 4288 1090.)

549 4303 700 4362 Illud
732 4308 822 4362 est
849 4304 1057 4363 vitium
1085 4308 1352 4380 capitale,
1387 4309 1564 4381 quod,
1601 4314 1734 4377 etc.,
1770 4325 1938 4382 usque
1967 4308 2036 4364 ad
2069 4312 2133 4362 ut

479 4391 656 4451 dicat.
685 4394 817 4467 (Id.,
851 4402 1007 4451 tract.
1036 4397 1237 4468 psalm.
1271 4414 1425 4467 Lv1u,
1456 4402 1496 4453 t.
1531 4399 1625 4467 1V,
1661 4397 2132 4470 part.1,col.709.)

548 4488 689 4543 Cum
742 4487 891 4540 enim
939 4487 1212 4556 inﬁrmor,
1262 4496 1344 4543 etc
1375 4532 1389 4557 ,
1419 4506 1606 4561 usque
1633 4490 1703 4545 ad
1734 4490 1921 4556 gravis
1950 4490 2126 4543 nobis.

478 4574 627 4630 Nam
657 4572 767 4629 hoc
794 4573 934 4629 vitio
965 4592 1036 4631 ne
1066 4580 1124 4633 et
1153 4577 1277 4649 ipse
1318 4580 1663 4645 tentaretur,
1698 4582 1832 4645 etc.,
1866 4594 2034 4649 usque
2061 4577 2131 4631 ad

478 4662 788 4736 superbiae.
823 4663 1005 4733 (lbicl.,
1038 4665 1148 4721 col.
1180 4667 1288 4721 709
1317 4672 1374 4723 et
1402 4670 1549 4739 seq.)

548 4752 834 4808 Exaltatio
866 4754 937 4809 de
966 4754 1333 4813 abundantia
1381 4758 1704 4830 gratiarum
1757 4774 1957 4829 quam,
1993 4760 2126 4823 etc.,

475 4858 649 4916 usque
691 4842 761 4898 ad
810 4842 1063 4917 lippiens
1119 4845 1345 4902 oculus.
1380 4847 1513 4915 (Id.,
1545 4855 1700 4903 tract.
1730 4848 1929 4918 psalm.
1964 4863 2126 4914 cxxx,

476 4935 619 4989 tom.
653 4931 751 5004 ιν,
782 4938 930 5006 part.
970 4952 1032 5001 ιι,
1065 4936 1176 4992 col.
1213 4937 1398 5006 1708.)

2233 654 2365 717 etc.,
2400 665 2569 721 usque
2596 649 2664 704 ad
2694 652 3027 703 sonantem.
3084 647 3213 718 (Id.,
3265 653 3423 701 tract.
3480 645 3679 716 psalm.
3712 659 3892 712 xcvn,

2231 742 2372 793 tom.
2409 742 2505 802 IV,
2541 743 2690 810 part.
2728 756 2788 802 11,
2816 736 2927 791 col.
2963 735 3144 807 1255.)

2304 827 2528 895 Quaado
2589 829 2862 897 iaﬁrmor,
2918 834 3049 881 tunc
3098 834 3285 897 potens
3340 840 3482 879 sum.
3516 822 3686 878 Novit
3721 822 3893 877 'Deus

2234 917 2374 988 quid
2408 916 2577 971 nobis
2609 915 2894 988 expediat,
2930 920 3062 980 etc.,
3090 930 3258 986 usque
3286 913 3355 968 ad
3386 916 3554 967 sanet
3581 917 3890 984 aegrotum.

2235 1006 2367 1077 (Id.,
2401 1013 2558 1061 tract.
2591 1008 2797 1076 Erang.
2846 1022 2950 1060 sec.
3001 1007 3267 1060 Joannem
3294 1020 3395 1068 v11,
3422 1006 3565 1056 tom.
3604 1002 3700 1066 ΙΙΙ,
3733 1003 3890 1071 part.

2234 1112 2293 1159 11,
2326 1095 2432 1149 col.
2469 1096 2607 1149 1443
2637 1099 2693 1149 ct
2724 1093 2870 1166 seq.)

2303 1185 2492 1238 Etiam
2549 1184 2916 1255 temporibus
2964 1182 3143 1255 hujus
3190 1180 3698 1245 vitzs'laboriosze,
3750 1181 3891 1245 etc.,

2232 1290 2403 1345 usque
2430 1274 2499 1327 ad
2531 1290 2631 1345 per
2662 1273 2944 1328 dolorem.
2978 1273 3109 1339 (Id.,
3144 1273 3242 1326 lib.
3277 1276 3467 1327 Genes.
3514 1270 3582 1325 ad
3627 1269 3892 1335 litteram,

2232 1368 2375 1418 tom.
2411 1364 2508 1427 III,
2541 1366 2691 1433 part.
2727 1377 2766 1427 1,
2799 1361 2907 1417 col.
2941 1360 3094 1432 289.)

2303 1451 2576 1506 Fideliter
2614 1450 2955 1524 supplicans
2978 1450 3115 1517 Deo,
3141 1454 3278 1519 etc.,
3299 1466 3470 1522 usque
3499 1449 3569 1504 ad
3600 1451 3766 1520 parat
3795 1463 3897 1503 ve-

2234 1540 2392 1596 ritas.
2426 1541 2557 1609 (Id.,
2596 1542 2690 1595 lib.
2735 1545 2980 1597 Sentent.
3040 1541 3317 1612 Prosperi,
3368 1544 3513 1594 tom.
3547 1539 3613 1606 Χ,
3643 1541 3792 1610 part.
3830 1554 3893 1602 ιι,

2232 1629 2341 1686 001.
2378 1632 2517 1685 1876
2547 1634 2603 1685 et
2628 1631 2778 1702 seq.)

2303 1724 2424 1776 Non.
2453 1721 2598 1774 enim
2630 1734 2817 1790 quaero
2850 1734 2974 1790 qua:
3005 1728 3202 1784 ves/ra,
3228 1722 3565 1789 etc.,usque
3594 1717 3665 1772 ad
3687 1732 3893 1788 paren-

2231 1816 2309 1863 tes
2339 1810 2491 1878 ﬁliis.
2526 1808 2819 1863 Sindones
2851 1807 2985 1863 fecit
3015 1813 3072 1862 et
3100 1807 3380 1863 vendidit.
3407 1808 3556 1862 Bene
3589 1805 3893 1878 quia,etc.,

2230 1914 2403 1969 usque
2452 1898 2521 1952 ad
2571 1898 2965 1952 amictorium.
3020 1898 3151 1970 (Id.,
3188 1897 3284 1952 lib.
3317 1898 3599 1965 Salomon,
3644 1899 3786 1951 tom.
3820 1893 3894 1959 V,

2237 1991 2391 2059 part.
2422 2004 2462 2055 1,
2496 1986 2603 2042 col.
2636 1988 2743 2041 230
2773 1991 2831 2041 et
2858 1987 3009 2059 seq.)

2307 2078 2417 2146 Ego
2444 2084 2625 2131 autem
2656 2077 3019 2132 libentissime
3068 2076 3378 2148 impendam
3409 2084 3459 2132 et
3488 2090 3652 2147 super
3678 2076 3895 2146 impen-

2236 2165 2338 2220 dar
2368 2167 2500 2237 ipSc,
2530 2170 2663 2233 etc.,
2697 2181 2887 2236 usque
2920 2166 2990 2220 ad
3023 2168 3135 2220 sint
3168 2167 3311 2221 inter
3336 2182 3446 2220 vos.
3482 2164 3740 2219 Perfecta
3761 2164 3897 2219 cha-

2238 2255 2381 2309 ritas
2402 2259 2491 2309 est
2514 2272 2525 2308 :
2552 2260 2615 2308 ut
2634 2260 2875 2326 paratus
2908 2254 2989 2309 sis
3023 2254 3171 2309 mori
3207 2272 3310 2326 pro
3345 2255 3541 2321 fratre,
3568 2258 3702 2318 etc.,
3724 2270 3897 2324 usque

2236 2344 2305 2398 ad
2334 2347 2458 2397 crat
2489 2344 2657 2398 mori.
2692 2345 2824 2415 (Id.,
2876 2349 3037 2398 tract.
3091 2345 3263 2416 Epist.
3323 2345 3480 2399 Joan.
3524 2360 3578 2411 v,
3614 2346 3756 2398 tom.
3791 2342 3896 2411 III,

2239 2436 2386 2505 part.
2424 2450 2483 2499 ιι,
2519 2432 2626 2487 001.
2659 2434 2847 2500 2014.)

2309 2520 2385 2576 Ne
2433 2523 2631 2576 iterum
2684 2538 2809 2575 cum
2868 2537 3062 2575 venero
3120 2520 3397 2586 humiliet,
3429 2524 3562 2589 etc.,
3594 2536 3783 2591 usque
3824 2520 3901 2575 ad

2238 2627 2403 2681 quam
2431 2618 2732 2677 gesserunt.
2760 2609 2817 2664 Si
2835 2612 2962 2681 jam
2984 2611 3053 2665 de
3079 2611 3330 2666 sanitate
3361 2611 3699 2681 desperans,
3725 2608 3901 2664 addis

2240 2704 2476 2771 peccata
2501 2699 2775 2772 peccatis,
2801 2705 2935 2766 etc.,
2958 2717 3130 2771 usque
3150 2700 3221 2755 ad
3250 2704 3472 2755 interna
3497 2698 3731 2754 vitatur.
3764 2698 3901 2767 (Id.,

2241 2790 2338 2843 lib.
2371 2788 2434 2844 de
2468 2790 2808 2859 pa’niteatia,
2867 2792 3011 2844 tom.
3054 2789 3121 2857 V,
3165 2794 3316 2861 part.
3363 2807 3425 2858 ιι,
3486 2788 3593 2844 001.
3646 2788 3785 2843 1548
3844 2792 3909 2843 et

2241 2877 2386 2950 seq.)

2310 2968 2506 3039 Agunt
2535 2967 2691 3025 enim
2723 2967 2991 3022 homines
3024 2973 3157 3023 ante
3186 2968 3549 3040 baptismum
3609 2966 3906 3040 paeniten-

2240 3056 2406 3121 tiam,
2438 3060 2569 3123 etc.,
2605 3073 2776 3128 usque
2805 3056 2874 3111 ad
2905 3074 3023 3112 non
3083 3073 3406 3113 cessamus.
3460 3058 3597 3127 (Id.,
3636 3058 3793 3128 epist.
3831 3056 3908 3111 ad

2240 3146 2637 3213 Seleucianam,
2674 3151 2815 3201 tom.
2850 3146 2918 3213 ΙΙ,
2954 3145 3060 3201 col.
3097 3148 3238 3201 1086
3267 3151 3326 3202 et
3351 3150 3501 3218 seq.)

2864 3243 3097 3299 CAPUT
3137 3244 3284 3299 XIII.

2161 3310 2205 3378 Ε
2313 3327 2445 3380 Ecce
2471 3326 2624 3380 tertio
2673 3325 2771 3380 hoc
2816 3326 2972 3380 venio
3016 3324 3088 3379 ad
3117 3341 3229 3380 vos.
3262 3325 3321 3379 In
3356 3341 3447 3381 ore
3474 3325 3726 3394 duorum,
3760 3328 3903 3394 etc.,

2246 3431 2432 3486 usque
2458 3416 2529 3469 ad
2559 3414 2652 3469 sed
2677 3422 2867 3485 potens
2893 3421 2969 3468 est
3002 3415 3061 3468 in
3092 3415 3269 3469 nobis.
3305 3414 3472 3469 Forte
3504 3413 3716 3486 aliquis
3738 3414 3903 3470 arbi-

2244 3508 2435 3558 tratur
2463 3503 2740 3575 quoniam
2773 3519 2887 3557 non
2915 3502 3059 3573 ipse,
3095 3508 3228 3558 etc..
3280 3520 3448 3575 usque
3471 3503 3541 3558 ad
3570 3504 3698 3574 ejus
3729 3502 3904 3558 audi-

2241 3596 2356 3647 tur.
2394 3593 2523 3664 (Id.,
2573 3600 2732 3647 tract.
2783 3594 2988 3663 Evang.
3040 3608 3144 3647 see.
3205 3597 3376 3648 Joan.
3435 3610 3587 3661 XLIV,
3642 3597 3785 3648 tom.
3818 3592 3903 3648 III

2243 3685 2393 3754 part.
2428 3699 2488 3749 ιι,
2523 3681 2633 3736 001.
2669 3682 2854 3753 1135.)

2313 3771 2491 3826 Moris
2514 3771 2842 3826 divinarum
2868 3771 3328 3843 Scripturarum,
3352 3777 3483 3839 etc.,
3509 3787 3677 3844 usque
3706 3772 3775 3827 ad
3807 3771 3903 3828 lo-

2242 3860 2549 3932 quebatur.
2586 3861 2718 3929 (Id.,
2750 3868 2906 3915 tract.
2936 3860 3081 3931 psal.
3115 3861 3217 3931 ιν.)

2312 3950 2449 4005 Nam
2478 3951 2576 4005 etsi
2604 3951 2903 4020 cruciﬁxus
2953 3958 3032 4004 est
3061 3965 3132 4005 e.c
3162 3949 3507 4022 infirmitate,
3539 3954 3675 4019 etc.,
3708 3968 3901 4023 usque

2242 4040 2311 4093 ad
2345 4056 2455 4093 non
2479 4055 2669 4094 sumus
2717 4039 2954 4111 reprobi.
2988 4038 3149 4093 Talis
3209 4039 3365 4095 enim
3419 4042 3544 4095 erat
3600 4040 3901 4111 susceptio

2242 4148 2389 4202 quae,
2425 4133 2558 4197 etc.,
2593 4145 2763 4200 usque
2800 4129 2869 4183 ad
2920 4127 3262 4184 inﬁrmitate
3314 4128 3511 4186 carnis
3542 4129 3673 4200 (Id.,
3708 4129 3805 4189 lib.
3832 4129 3904 4187 de

2248 4220 2441 4273 Trinil.
2476 4235 2515 4285 1,
2547 4222 2690 4273 tom.
2723 4218 2872 4284 VIII,
2908 4217 3014 4271 col.
3050 4219 3197 4289 840).

2314 4307 2545 4362 Oramus
2593 4310 2775 4362 autem
2823 4308 2994 4362 Deum
3040 4316 3101 4363 ut
3140 4308 3287 4364 nihil
3313 4309 3454 4364 mali
3481 4310 3724 4380 faciatis,
3757 4313 3901 4376 etc.,

2242 4415 2427 4470 usque
2459 4397 2528 4453 ad
2562 4414 2685 4452 cum
2718 4398 2969 4453 omnibus
3000 4397 3165 4453 vobis.
3201 4397 3791 4470 Amen.Intelligenda
3807 4403 3904 4454 est

2241 4488 2397 4542 enim
2429 4486 2616 4559 gratia
2645 4486 2744 4541 Dei
2779 4504 2882 4557 per
2912 4486 3118 4542 Jesum
3150 4486 3806 4561 Christum,etc.,usque
3825 4487 3901 4543 ad

2240 4578 2339 4632 dat
2365 4577 2518 4632 Deus
2553 4577 2682 4649 (Id.,
2719 4578 2816 4631 lib.
2851 4577 2916 4632 de
2950 4578 3078 4633 Cor.
3111 4585 3163 4633 et
3190 4594 3334 4648 gra.,
3369 4581 3513 4634 tom.
3549 4578 3615 4644 Χ,
3664 4582 3815 4648 part.
3850 4595 3894 4644 1,

2159 4689 2206 4753 D
2240 4665 2349 4720 col.
2382 4667 2530 4733 9l7).

2312 4755 2474 4819 Quod
2504 4753 2599 4809 isti
2638 4755 2843 4809 dicunt
2873 4771 2979 4809 nos
3012 4771 3127 4809 non
3161 4754 3390 4820 debere,
3442 4758 3575 4820 etc.,
3625 4768 3793 4826 usque
3822 4754 3899 4810 ad

2240 4841 2564 4914 Utrumque
2582 4842 2737 4897 enim
2760 4842 2817 4897 in
2841 4841 3161 4914 Scripturis
3184 4841 3365 4897 habes
3381 4843 3512 4913 (Id.,
3532 4858 3693 4898 serm.
3712 4852 3893 4899 contr.

2236 4932 2610 5005 Pelagianos).

1366 5101 1480 5188 IN
1537 5099 2183 5189 EPISTOLAM
2249 5098 2391 5181 AD
2450 5096 2993 5184 GALA'I‘AS.

1970 5257 2368 5271 ————

1034 5375 1566 5438 ARGUMENTUM.

545 5535 762 5595 Galatea
795 5542 936 5595 sunt
966 5539 1165 5597 Grzeci.
1194 5541 1260 5596 Hi
1292 5543 1537 5598 verbum
1570 5544 1830 5599 veritatis
1865 5547 2120 5618 primum

474 5626 852 5703 abApostoIo
884 5635 1253 5703 acceperunt,
1289 5632 1388 5686 sed
1438 5636 1571 5703 post
1619 5632 1947 5691 discessum
1995 5639 2122 5709 ejus

472 5716 681 5797 tentati
707 5718 1074 5780 suntafalsis
1094 5718 1393 5800 apostolis,
1423 5726 1485 5780 ut
1506 5723 1565 5778 in
1588 5722 1773 5801 legem
1804 5730 1855 5785 01
1880 5728 1947 5782 ci:
1968 5746 2125 5786 cam—

2231 5357 3028 5415 cisionemvertcrentur.Hos
3047 5356 3364 5430 Apostolus
3380 5359 3610 5413 revocat
3621 5355 3691 5411 ad
3708 5354 3891 5411 ﬁdem

2229 5446 2511 5516 veritatis,
2545 5446 2809 5502 scribens
2840 5446 2924 5503 eis
2954 5447 3026 5501 ab
3058 5446 3310 5520 Epheso.

2766 5609 2997 5667 CAPUT
3033 5610 3348 5667 PRIMUM.

2303 5735 2509 5791 Paulus
2541 5736 2810 5808 apostolus
2854 5754 2961 5794 non
2990 5739 3057 5794 ab
3098 5738 3431 5820 hominibus,
3466 5751 3637 5811 neque
3662 5752 3763 5811 per
3791 5736 3892 5798 h0-
