4114 6462
210 423 334 485 365

1043 425 1454 488 EXPOSITIO
1497 427 1578 487 IN
1626 425 1792 486 EPP.
1838 426 2098 488 PAULI.
2131 459 2207 470 —
2238 426 2361 487 EP.
2407 428 2512 489 AD
2559 430 2843 491 GALAT.

3527 435 3648 495 366

211 558 444 625 minem,
457 554 553 612 sed
579 572 678 627 per
703 560 896 615 Jesum
925 556 1222 623 Christum,
1238 562 1371 626 etc.,
1396 575 1584 630 usque
1609 558 1682 613 ad
1701 559 1877 613 Evan-
1908 557 1963 625 Α
2065 557 2126 613 In
2158 559 2332 631 cujus
2362 561 2665 616 sententiae
2684 579 2799 617 non
2820 563 3263 621 consensionem
3290 565 3391 622 sed
3410 565 3649 624 simula'

213 647 432 716 getiam
482 646 710 702 Christi.
747 646 974 703 Priores
1034 651 1174 703 sunt
1232 647 1421 703 caeteri
1479 647 1729 720 apostoli
1779 664 1883 720 per

209 735 521 792 Christum
555 735 772 805 adhuc,
806 740 940 803 etc.,
973 753 1145 808 usque
1174 737 1244 791 ad
1272 736 1332 792 in
1366 736 1573 792 caelum
1604 736 1876 810 (S.Aug.,

210 826 315 880 lib.
350 843 371 881 ι
404 826 778 894 Retractatio.,
814 828 956 881 tom.
990 829 1035 893 Ι,
1068 824 1178 881 col.
1211 826 1319 880 622
1347 829 1405 881 et
1433 825 1599 897 seq.).

278 914 389 971 Sed
425 915 553 970 licet
577 930 678 970 nos
707 922 809 970 aut
850 915 1103 985 angelus,
1136 918 1270 981 etc.,
1303 930 1492 986 usque
1522 913 1595 970 ad
1626 930 1701 969 an
1727 916 1833 970 Deo
1854 918 1880 968 .9

208 1004 465 1060 Prorsus
499 1002 822 1059 admonitio
853 1003 1181 1059 beatissimi
1224 1003 1508 1075 Apostoli,
1541 1006 1675 1071 etc.,
1707 1019 1881 1075 usque

206 1092 279 1147 ad
308 1091 536 1149 recedit
566 1092 639 1148 de
669 1091 761 1148 via
792 1092 924 1165 (Id.,
959 1100 1117 1148 tract.
1146 1093 1354 1161 Evang.
1382 1096 1873 1158 sec.Joan.xcvnl,

204 1184 355 1237 tom.
394 1185 495 1249 III,
529 1184 685 1255 part.
718 1198 781 1248 ιι,
809 1180 918 1236 col.
952 1180 1136 1250 4884).

277 1270 401 1326 Nec
428 1269 558 1342 ipse
582 1268 893 1341 Apostolus
920 1268 1108 1325 voluit
1138 1268 1198 1325 in
1243 1286 1305 1325 se
1347 1269 1505 1342 poni,
1539 1274 1671 1339 etc.,
1703 1286 1873 1342 usque

204 1358 280 1414 ad
309 1358 542 1415 Donato
568 1358 701 1428 (Id.,
734 1375 897 1415 serm.
930 1358 995 1414 de
1022 1359 1145 1415 Kal.
1187 1359 1338 1431 jam,
1368 1363 1513 1414 tom.
1545 1358 1613 1427 V,
1647 1363 1797 1431 part.
1831 1376 1870 1427 ι,

203 1446 317 1502 col.
360 1447 547 1519 1023).

278 1534 445 1591 Licet
464 1534 516 1591 si
542 1552 670 1605 nos,
694 1535 906 1608 inquit.
932 1537 1003 1592 Et
1021 1539 1107 1605 tu,
1132 1535 1329 1605 Paule,
1357 1539 1873 1608 potes,etc.,usque

200 1625 275 1680 ad
304 1624 639 1681 amiserunt
668 1625 801 1696 (Id.,
834 1633 990 1681 tract.
1021 1626 1166 1697 psal.
1198 1641 1318 1690 om,
1351 1627 1495 1679 tom.
1522 1624 1620 1692 1V,
1644 1627 1792 1696 part.
1808 1641 1869 1694 ιι,

200 1713 312 1770 col.
351 1714 536 1785 1387).

274 1804 347 1858 Et
374 1803 534 1859 vovit
565 1802 741 1859 Israel
772 1807 972 1860 votum
1006 1803 1276 1870 Domino,
1311 1806 1634 1874 etc.,usque
1655 1802 1726 1858 ad
1745 1820 1872 1860 sus-

196 1893 519 1965 pendendo
550 1894 683 1961 (Id.,
720 1894 819 1949 lib.
846 1894 1075 1965 Quaest.,
1110 1896 1193 1949 tit.
1229 1894 1319 1960 40,
1351 1908 1507 1947 num.
1541 1893 1653 1959 21).

228 1992 233 1997 '
274 1984 359 2045 An
391 1998 579 2055 qua’ro
628 1983 944 2039 hominibus
969 1983 1185 2055 placere
1211 1985 1234 2038 ξ’
1260 1986 1393 2049 etc.,
1426 1999 1615 2055 usque
1645 1984 1717 2037 ad
1746 1985 1871 2054 fra-

197 2080 347 2128 trem
381 2073 628 2128 Domini.
644 2071 797 2127 Sunt
825 2071 1096 2129 homines
1122 2072 1220 2144 qui
1254 2075 1466 2144 putant
1495 2070 1606 2129 sibi
1636 2071 1695 2126 in
1722 2072 1869 2128 bene

195 2160 453 2217 vivendo
478 2160 769 2228 sufficere,
794 2164 931 2228 etc.,
956 2177 1129 2234 usque
1157 2160 1228 2215 ad
1258 2160 1492 2215 inﬁrmo
1525 2160 1714 2215 fratri.
1733 2161 1867 2229 (Id.,

200 2248 306 2305 lib.
340 2250 409 2305 de
440 2248 660 2317 Ovibus,
696 2254 839 2305 tom.
870 2249 937 2318 V,
972 2255 1124 2322 part.
1158 2267 1199 2317 ι,
1231 2249 1340 2305 col.
1373 2250 1475 2304 301
1511 2252 1569 2305 et
1595 2249 1744 2321 seq.)

271 2338 595 2412 Apostolus
626 2337 769 2394 dicit
802 2355 815 2392 :
849 2337 908 2394 Si
939 2338 1133 2394 adhuc
1164 2338 1505 2394 hominibus
1552 2337 1863 2409 placerem,

195 2430 341 2496 etc.,
372 2444 546 2499 usque
574 2427 645 2482 ad
676 2426 801 2482 fieri
830 2426 978 2483 volo.
1011 2428 1325 2497 (Id.,serm.
1345 2428 1568 2483 Domini
1586 2428 1645 2481 in
1661 2435 1861 2496 monte,

196 2521 353 2572 tom.
387 2521 489 2585 III,
523 2520 674 2589 part.
709 2535 747 2583 ι,
781 2516 889 2573 col.
926 2518 1108 2584 1271.)

276 2606 419 2674 Quae
446 2614 630 2664 autem
656 2608 836 2662 scribo
866 2608 1038 2675 vobis,
1069 2622 1187 2662 ecce
1215 2622 1400 2662 coram
1447 2607 1552 2662 Deo
1595 2608 1727 2677 quia
1756 2622 1866 2663 non

191 2695 607 2752 mentior.Non
627 2696 794 2753 vobis
823 2695 1079 2751 dicimus
1109 2712 1222 2751 non
1258 2712 1364 2751 nos
1385 2695 1681 2766 jurare.Si
1705 2694 1862 2751 enim

194 2785 337 2854 hoc,
368 2790 503 2856 etc.,
534 2801 708 2858 usque
733 2785 804 2842 ad
832 2785 1167 2841 credebant.
1201 2785 1334 2855 (Id.,
1367 2801 1533 2840 serm.
1581 2784 1647 2840 de
1686 2787 1864 2840 verbis

195 2875 441 2947 apostoli
464 2875 677 2943 Jacobi,
709 2877 853 2929 tom.
887 2873 956 2940 V,
990 2877 1135 2945 part.
1174 2891 1212 2941 ι,
1238 2872 1348 2929 col.
1381 2874 1487 2927 977
1518 2878 1576 2929 et
1606 2875 1753 2945 seq.)

271 2963 486 3020 Deinde
504 2965 632 3019 veni
653 2964 713 3018 in
729 2972 912 3035 partes
928 2963 1175 3036 Syriéeet
1196 2963 1430 3027 Ciliciae,
1446 2966 1776 3033 etc.,usquc
1789 2964 1858 3018 ad

193 3053 588 3124 clariﬁcabant
615 3053 805 3108 Deum.
822 3053 895 3109 Ut
916 3051 1057 3124 quid
1084 3052 1547 3125 magniﬁcabant
1571 3051 1778 3118 Deum,
1811 3052 1862 3107 si

194 3160 323 3199 non
355 3142 532 3210 Deus,
565 3146 700 3211 etc.,
731 3158 903 3215 usque
930 3141 1001 3197 ad
1033 3158 1149 3196 non
1183 3143 1413 3197 fecerat.
1448 3141 1579 3209 (Id.,
1612 3142 1767 3211 epist.
1791 3140 1861 3195 ad

198 3231 455 3301 Yitalem,
489 3235 637 3286 tom.
671 3230 760 3299 XI,
795 3230 905 3288 col.
939 3231 1090 3303 987.)

1991 644 2232 716 tionem,
2266 653 2399 717 etc.,
2444 666 2613 720 usque
2667 650 2739 706 ad
2793 651 3109 724 sepultura:
3165 654 3426 711 violator.
3461 655 3619 728 (ibid.

1989 733 2102 790 col.
2133 738 2284 805 282.)

2060 825 2507 883 Ascribentibus
2537 828 2879 886 auctoribus
2917 835 3257 887 sanctarum
3309 833 3643 906 Scriptura-

1988 928 2145 980 rum,
2168 918 2303 982 etc.,
2328 931 2495 987 usque
2522 916 2592 972 ad
2623 917 3005 977 Sacramenta
3032 923 3304 977 tractare.
3329 922 3509 995 (Ibid.,
3533 921 3640 979 col.

1983 1002 2093 1057 285
2122 1006 2180 1057 et
2208 1002 2355 1075 seq.)
2410 1079 2414 1083 ⁴

2057 1090 2385 1148 Didicimus
2441 1094 2771 1165 apostolum
2830 1096 3067 1153 Petrum
3118 1096 3180 1153 in
3230 1115 3345 1172 quo
3373 1100 3646 1173 usquead

1984 1179 2347 1251 provehitur.
2410 1182 2616 1254 (Idem,
2678 1185 2775 1241 lib.
2840 1203 2876 1241 ιι
2927 1186 2992 1242 de
3037 1187 3336 1259 Baptismo,
3365 1192 3509 1246 tom.
3542 1189 3640 1257 IX,

1985 1267 2095 1325 col.
2127 1269 2277 1341 427.)

2055 1356 2307 1414 Omnino
2358 1361 2678 1416 tenendum
2710 1361 2770 1417 in
2809 1363 3078 1420 doctrina
3125 1363 3426 1439 religionis
3474 1366 3639 1423 nullo
3696 1393 3703 1398 -

1983 1446 2159 1503 modo
2190 1463 2318 1505 esse
2348 1449 2774 1507 mentiendum.
2804 1453 2892 1508 Ad
2923 1454 3285 1510 ostendenda
3308 1471 3467 1528 ergo,
3498 1460 3633 1524 etc.,

1981 1551 2152 1607 usque
2207 1536 2278 1591 ad
2324 1538 2732 1611 redarguebat.
2791 1541 2998 1613 (Idem.
3046 1541 3142 1600 lib.
3194 1559 3246 1598 c.
3277 1543 3531 1600 Mendac.
3565 1544 3642 1601 ad

1984 1624 2255 1692 Consent.,
2287 1629 2429 1682 tom.
2462 1626 2559 1693 VI,
2592 1626 2703 1683 col.
2735 1629 2841 1683 536
2868 1633 2926 1684 et
2947 1633 3103 1701 seq.)

2052 1713 2121 1768 Et
2151 1713 2201 1769 si
2234 1714 2347 1770 tale
2379 1715 2604 1786 aliquid
2634 1717 2759 1790 ipse
2787 1717 3000 1774 Paulus
3032 1719 3265 1788 fecerat,
3298 1724 3434 1789 etc.,
3467 1739 3636 1794 usque

1977 1800 2049 1857 ad
2078 1801 2425 1875 disputanti.
2460 1806 2667 1877 (Idem,
2698 1809 2858 1879 epist.
2891 1808 2962 1863 ad
2990 1809 3333 1881 Hieronym.)

2050 1890 2139 1945 Illi
2161 1891 2261 1964 qui
2284 1909 2345 1948 se
2366 1892 2729 1951 Christianos
2744 1896 3075 1953 Nazarenos
3093 1901 3639 1971 vocant,etc.,usque

1981 1977 2051 2032 ad
2081 1987 2510 2038 remanserunt.
2546 1984 2754 2056 (Idem,
2788 1986 2886 2040 lib.
2919 2003 2998 2042 v11
3042 1985 3108 2042 de
3153 1988 3455 2059 Baptismo,
3488 1992 3634 2046 tom.

1980 2066 2069 2136 IX,
2103 2067 2210 2123 col.
2245 2071 2395 2141 225.)

2046 2161 2155 2215 Nos
2182 2166 2386 2215 natura
2411 2161 2619 2229 Judaei,
2654 2171 2705 2219 et
2733 2180 2841 2220 non
2890 2180 2961 2220 ex
3006 2165 3258 2236 gentibus
3303 2174 3628 2240 peccatores.

1979 2245 2244 2303 Flamma
2257 2248 2583 2305 combussit
2596 2256 2949 2322 peccatores.
2964 2253 3091 2309 Non
3103 2257 3211 2320 est,
3227 2258 3336 2311 etc.
3347 2296 3361 2323 ,
3376 2270 3548 2328 usque
3559 2254 3631 2311 ad

1976 2340 2265 2393 oneratos.
2300 2338 2506 2408 (Idem,
2557 2347 2714 2396 tract.
2761 2343 2908 2412 psal.
2940 2360 3030 2411 cv,
3062 2345 3203 2398 tom.
3237 2342 3330 2412 IV,
3382 2349 3533 2417 part.
3560 2359 3624 2415 II,

1976 2424 2085 2480 co].
2115 2425 2300 2495 4412.)

2043 2514 2282 2572 Scientes
2310 2524 2493 2572 autem
2521 2519 2663 2590 quod
2690 2536 2797 2575 non
2821 2521 3330 2592 justiﬁcatur,etc.,
3351 2538 3535 2594 usque
3552 2523 3625 2578 ad

1975 2605 2392 2660 constituo.Non
2408 2605 2547 2678 quia
2559 2624 2734 2680 opera
2747 2608 2901 2665 bona
2913 2610 3294 2677 frustrantur,
3310 2614 3420 2666 etc.
3432 2652 3446 2678 ,
3458 2626 3630 2684 usque

1974 2693 2044 2748 ad
2065 2692 2458 2766 impetrantur
2477 2699 2704 2752 caetera.
2728 2698 2931 2767 (Idem,
2949 2699 3045 2755 lib.
3061 2699 3132 2755 ad
3150 2700 3629 2772 Paulinumepis.)

1971 2783 2082 2851 Ego
2110 2784 2261 2838 enim
2286 2800 2386 2854 per
2416 2774 2605 2855 legem,
2640 2789 2775 2853 etc.,
2798 2804 2988 2859 usque
3037 2789 3108 2843 ad
3158 2789 3219 2843 in
3245 2804 3331 2844 me
3359 2790 3627 2846 Christus.

1973 2871 2217 2944 Cognita
2264 2873 2365 2929 Dei
2418 2875 2607 2945 gratia
2657 2892 2786 2947 qua).
2832 2876 2958 2932 sola
2988 2876 3263 2934 liberata
3290 2877 3631 2950 praevarica-

1971 2960 2148 3028 tione,
2174 2965 2307 3029 etc.,
2328 2978 2501 3034 usque
2530 2964 2598 3019 ad
2628 2964 3018 3036 perimuntur.
3055 2967 3267 3037 (Idem,
3289 2975 3446 3023 tract.
3473 2968 3618 3040 psal.

1970 3068 2163 3119 cxvm,
2198 3056 2339 3108 tom.
2375 3052 2467 3121 1V,
2501 3057 2650 3126 part.
2686 3073 2744 3123 ιι,
2780 3054 2889 3110 col.
2925 3055 3066 3111 4575
3095 3060 3152 3111 et
3182 3058 3330 3129 seq.)

2038 3140 2188 3196 Audi
2219 3140 2565 3212 Apostolum
2598 3147 2919 3216 negantem
2945 3161 3030 3201 se.
3062 3144 3226 3214 Mihi,
3251 3145 3464 3218 inquit,
3488 3150 3622 3214 etc.,

1969 3246 2142 3302 usque
2163 3230 2235 3285 ad
2263 3231 2323 3284 in
2353 3234 2431 3286 te.
2466 3231 2597 3303 (Id.,
2624 3249 2787 3289 serm.
2817 3233 2883 3289 de
2908 3250 3021 3289 ver.
3051 3235 3225 3290 Evan.
3260 3234 3439 3291 Galat.
3468 3236 3550 3305 6.)

269 3321 555 3389 Luceant,
579 3320 775 3392 inquit
793 3302 1099 3390 Dominus,
1117 3336 1293 3393 opera
1312 3323 1523 3391 vestra,
1548 3323 1863 3392 etc.,usque
1893 3302 1937 3370 C
2046 3318 2197 3387 Quod
2223 3327 2405 3375 autem
2433 3302 2545 3376 non
2573 3322 2714 3388 vivo,
2747 3326 2881 3389 etc.,
2916 3338 3103 3395 usque
3133 3323 3207 3379 ad
3230 3340 3330 3395 pro
3354 3302 3621 3396 me.Apo-

191 3412 271 3468 ad
323 3408 635 3466 viviﬁcavit
682 3408 952 3465 Paulum.
995 3410 1127 3483 (Id.,
1160 3426 1323 3465 scrm.
1354 3410 1515 3480 epist.
1546 3411 1703 3466 Joan.
1734 3423 1860 3482 Vm,

192 3506 351 3558 tom.
384 3503 488 3572 III,
522 3502 671 3572 part.
704 3516 767 3571 II,
797 3498 908 3555 col.
940 3500 1130 3568 2037.)

864 3596 1096 3653 CAPUT
1136 3597 1202 3652 II.

174 3752 180 3756 ν
264 3678 480 3737 Deinde
503 3686 627 3751 post
652 3694 824 3736 annos
849 3677 1275 3750 quatuordecim,
1302 3680 1436 3746 etc.,
1457 3693 1645 3750 usque
1676 3678 1749 3733 ad
1767 3685 1862 3733 aut

187 3771 589 3827 cucurrissem.
602 3772 735 3841 Ipse
756 3766 1057 3840 apostolus
1081 3765 1297 3822 Paulus
1310 3771 1444 3838 post
1456 3767 1861 3823 ascensionem

187 3856 435 3916 Domini
468 3858 539 3914 de
569 3856 734 3927 caelo,
767 3860 903 3925 etc.,
956 3872 1128 3929 usque
1176 3857 1247 3912 ad
1292 3856 1525 3912 locutus
1566 3856 1859 3912 audiatur.

187 3950 280 4022 (S.
314 3949 487 4020 Aug.,
522 3946 625 4002 lib.
660 3955 836 4003 contr.
868 3947 1149 4012 Faustum,
1181 3945 1271 4000 tit.
1302 3947 1418 4013 54.)

267 4038 401 4094 Non
431 4053 536 4109 pro
567 4036 662 4092 his
690 4039 890 4092 autem
920 4052 1061 4109 rogo
1093 4035 1423 4103 tantum,id
1454 4039 1543 4091 est
1572 4052 1701 4108 pro,
1727 4039 1862 4104 etc.,

186 4143 374 4200 usque
404 4125 477 4182 ad
505 4125 704 4182 credit.
737 4126 869 4196 (Id.,
895 4134 1060 4182 tract.
1086 4127 1259 4181 Evan.
1279 4141 1383 4181 sec.
1406 4126 1562 4182 Joan.
1588 4142 1698 4194 ενι,
1716 4128 1860 4179 tom.

192 4217 297 4286 III,
329 4220 483 4290 part.
516 4233 580 4285 ιι,
612 4215 723 4271 col.
759 4214 942 4288 1917.)

278 4305 524 4362 Proinde
572 4304 657 4361 sic
703 4303 1107 4378 intelligamus
1155 4306 1333 4377 quod,
1366 4308 1502 4374 etc.,
1534 4320 1705 4377 usque
1733 4303 1802 4359 ad
1831 4321 1867 4359 a

194 4395 479 4453 mortuis.
512 4394 699 4465 (Ibid.,
733 4393 843 4451 col.
878 4394 1038 4450 4919.

270 4486 354 4542 De
384 4486 590 4542 decem
621 4483 873 4556 leprosis
904 4501 1053 4557 quos
1083 4484 1165 4540 ita
1194 4484 1521 4555 mundavit,
1553 4485 1861 4551 cum,etc.,

190 4592 372 4649 usque
401 4574 474 4630 ad
503 4573 890 4630 monstrabat.
921 4574 1053 4647 (Id.,
1072 4574 1169 4629 lib.
1192 4573 1396 4641 Quaest.
1417 4589 1613 4642 evang.
1638 4588 1702 4641 υ,
1719 4576 1859 4628 tom.

195 4668 304 4731 III,
339 4665 495 4735 part.
528 4679 592 4731 ιι,
623 4660 734 4718 col.
771 4662 910 4717 1334
935 4665 992 4717 et
1021 4663 1173 4733 seq.)

267 4752 374 4810 Sed
400 4768 578 4824 neque
606 4753 755 4808 Titus
803 4751 901 4824 qui
946 4768 1154 4808 mecum
1204 4760 1322 4807 erat
1371 4768 1498 4806 cum
1544 4759 1698 4820 esset,
1732 4754 1864 4818 etc.,

192 4858 390 4915 usque
419 4842 493 4897 ad
526 4843 770 4898 hominis
816 4857 929 4897 non
957 4842 1180 4914 accipit.
1212 4841 1283 4896 Et
1314 4840 1689 4896 Timotheum
1723 4857 1859 4912 pro-

194 4937 401 5006 pterea
424 4930 816 4998 circumcidit,
842 4946 915 4985 ne
937 4929 1159 4987 Judacis
1183 4934 1259 4996 et,
1282 4933 1414 4998 etc.,
1439 4945 1605 5000 usque
1620 4929 1689 4984 ad
1705 4930 1867 4984 dam-

196 5021 350 5077 nari.
384 5021 522 5091 (Id.,
556 5022 709 5092 epist.
747 5019 817 5075 ad
847 5021 1265 5093 Hieronymum,
1289 5022 1430 5074 tom.
1464 5021 1538 5084 II,
1571 5017 1681 5073 col.
1714 5019 1864 5090 280.)

272 5111 411 5167 Mihi
437 5112 585 5166 enim
622 5112 719 5183 qui
752 5109 1080 5167 videbantur
1116 5126 1230 5166 esse
1259 5108 1475 5180 aliquid
1502 5108 1648 5163 nihil
1679 5115 1867 5164 contu-

199 5203 408 5259 lerunt.
442 5198 547 5256 Sed
574 5207 794 5256 econtra
821 5215 945 5255 cum
974 5199 1259 5269 vidissent,
1282 5201 1417 5265 etc.,
1450 5213 1636 5269 usque
1666 5197 1738 5251 ad
1773 5197 1871 5252 hoc

206 5292 393 5363 ipsum
411 5290 612 5361 facere.
636 5287 788 5344 Dicit
804 5288 1034 5345 venisse
1057 5304 1120 5344 se
1143 5285 1625 5359 Hierosolymam,
1639 5290 1715 5354 et,
1735 5289 1865 5355 etc.,

200 5394 377 5452 usque
408 5377 480 5434 ad
507 5377 900 5450 discrepabat.
933 5377 1065 5447 (Id.,
1100 5377 1197 5433 lib.
1234 5377 1435 5445 Quaest.
1468 5377 1684 5447 evang.)

272 5468 413 5524 Cum
441 5473 628 5523 autem
656 5468 891 5523 venisset
922 5472 1138 5535 Petrus,
1168 5470 1300 5535 etc.,
1334 5480 1523 5537 usque
1545 5464 1616 5519 ad
1638 5465 1868 5520 simula-

200 5561 432 5615 tionem.
468 5556 528 5613 Si
560 5556 670 5613 hoc
692 5556 831 5613 fecit
855 5556 1061 5612 Petrus
1086 5557 1240 5630 quod
1268 5556 1457 5611 facere
1476 5553 1699 5620 debuit,
1734 5553 1866 5622 etc.,

198 5664 376 5721 usque
404 5647 476 5704 ad
504 5664 634 5704 esse
663 5664 781 5702 non
812 5663 1005 5719 posse.
1038 5646 1342 5719 (Id.,epist.
1361 5642 1429 5702 ad
1453 5644 1864 5719 Hieronymum,

197 5743 350 5823 tom.
385 5736 456 5814 II,
489 5736 599 5796 col.
632 5738 739 5796 278
764 5740 821 5794 et
852 5735 998 5815 seq.)

1971 3406 2158 3464 stolus
2179 3407 2354 3464 dicit:
2380 3408 2488 3473 Qui
2509 3408 2629 3465 ﬁlio
2651 3410 2884 3483 proprio
2903 3429 3017 3467 non
3040 3411 3314 3484 pepercit,
3334 3413 3457 3479 sed,
3481 3416 3615 3483 etc.,

1968 3513 2140 3570 usque
2167 3496 2237 3552 ad
2266 3497 2618 3555 invenimus.
2658 3498 2788 3572 (Id.,
2830 3508 2988 3557 tract.
3023 3502 3084 3556 in
3110 3501 3282 3573 Epist.
3312 3505 3479 3559 Joan.
3510 3518 3612 3573 vn,

1900 3638 1905 3649 ,
1969 3590 2114 3643 tom.
2147 3590 2248 3655 IlI,
2281 3588 2429 3659 part.
2462 3604 2524 3656 ιι,
2559 3587 2667 3646 col.
2696 3590 2840 3644 2032
2868 3593 2925 3645 et
2955 3592 3104 3661 seq.)

2041 3676 2160 3733 Non
2188 3675 2389 3748 abjicio
2419 3679 2682 3747 gratiam,
2713 3682 2848 3747 etc.,
2883 3695 3069 3751 usque
3116 3679 3188 3735 ad
3235 3688 3485 3737 mortuus
3521 3687 3619 3737 est.

1973 3765 2113 3831 Quis
2135 3765 2218 3821 ita
2237 3765 2314 3821 sit
2334 3767 2554 3822 surdus
2585 3768 2864 3824 adversus
2896 3767 3273 3840 apostolicae,
3299 3773 3432 3838 etc.,
3453 3786 3627 3842 usque

1973 3855 2043 3910 ad
2066 3855 2221 3927 quod
2252 3854 2520 3927 perierat.
2546 3856 2682 3926 (Id.,
2701 3858 2798 3913 lib.
2818 3856 2883 3914 de
2904 3857 3052 3914 Grat.
3085 3866 3137 3914 et
3167 3858 3338 3915 libero
3368 3860 3625 3928 arbitrio,

1971 3948 2114 4000 tom.
2147 3943 2213 4011 X,
2246 3942 2354 4000 col.
2388 3944 2539 4017 890.)

2043 4032 2225 4089 Nemo
2254 4033 2314 4088 in
2345 4050 2412 4089 eo
2444 4036 2602 4107 quod
2647 4036 2878 4093 videtur
2906 4036 3122 4094 habere
3152 4037 3457 4110 glorietur,
3491 4042 3627 4107 etc.,

1970 4138 2142 4194 usque
2187 4122 2258 4178 ad
2317 4123 2388 4178 ab
2445 4140 2532 4179 eo.
2585 4124 2718 4197 (Id.,
2764 4127 2862 4182 lib.
2895 4130 3045 4184 Sent.
3075 4129 3355 4199 Prosperi,
3382 4131 3528 4183 tom.
3558 4127 3627 4195 Χ,

1971 4216 2122 4284 part.
2157 4230 2214 4279 II,
2247 4212 2355 4269 col.
2390 4212 2576 4283 4880.)

2613 4303 2845 4360 CAPUT
2876 4308 2977 4359 III.

2045 4391 2084 4448 0
2113 4393 2381 4449 insensati
2412 4391 2638 4460 Galam,
2663 4395 2786 4465 quis
2815 4410 2907 4450 vos
2935 4394 3407 4466 fascinavit,etc.,
3439 4409 3630 4467 usque

1973 4481 2047 4537 ad
2066 4480 2138 4536 ad
2153 4481 2462 4552 justitiam.
2487 4481 2590 4536 Hic
2611 4498 2754 4538 sane
2773 4481 2876 4538 illa
2896 4483 3188 4539 sententia
3206 4483 3469 4555 ponitur,
3490 4487 3600 4540 etc.
3609 4525 3625 4553 ,

1972 4585 2144 4641 usque
2168 4567 2239 4624 ad
2270 4568 2676 4626 circumcisus.
2709 4572 2788 4639 (S.
2817 4572 2969 4643 Aug.
3016 4571 3112 4628 lib.
3146 4571 3212 4628 de
3241 4572 3356 4628 Civ.
3386 4573 3487 4629 Dei
3510 4588 3627 4643 xw,

1893 4681 1943 4747 D
1974 4663 2116 4714 tom.
2147 4657 2272 4726 VII,
2304 4657 2412 4714 col.
2444 4658 2594 4731 500.)

2049 4748 2359 4817 Cognoscite
2404 4765 2531 4818 ergo
2581 4750 2714 4821 quia
2762 4752 2880 4822 qui,
2912 4755 3048 4820 etc.,
3076 4768 3268 4824 usque
3300 4752 3373 4808 ad
3402 4753 3543 4808 vivet
3568 4752 3630 4808 in

1971 4838 2110 4894 illis.
2137 4837 2255 4893 Hoc
2285 4837 2509 4893 dictum
2532 4842 2623 4894 est
2644 4839 2714 4894 ad
2738 4839 3055 4910 Abraham,
3082 4844 3216 4910 etc.,
3249 4857 3419 4913 usque
3446 4840 3517 4896 ad
3544 4839 3630 4895 vi-

1974 4928 2203 4983 demus.
2229 4927 2359 4999 (Id.,
2384 4927 2481 4982 lib.
2509 4935 2681 4983 contr.
2717 4930 3001 4997 Faustum,
3033 4929 3631 4996 tom.VIII,col.275.)

2046 5016 2359 5089 Impletum
2391 5020 2481 5072 est
2503 5018 2658 5089 quod
2693 5018 3051 5090 promissum
3076 5023 3164 5074 est
3183 5017 3451 5084 Abrahae,
3469 5020 3627 5086 etex,

1976 5111 2108 5173 etc.,
2128 5122 2300 5177 usque
2320 5104 2391 5161 ad
2411 5110 2467 5161 et
2486 5105 2722 5162 coelum.
2747 5107 2881 5176 (Id.,
2905 5124 3067 5163 serm.
3093 5107 3156 5163 de
3176 5106 3321 5163 verb.
3345 5106 3634 5175 Evangelii

1976 5214 2090 5260 xnv,
2121 5199 2263 5251 tom.
2295 5193 2363 5263 V,
2399 5200 2548 5266 part.
2583 5214 2618 5264 ι,
2653 5194 2762 5251 col.
2795 5197 2948 5265 727.)

2051 5283 2327 5356 Legimus
2349 5283 2661 5356 justiﬁcari
2695 5284 2754 5338 in
2786 5283 3013 5340 Christo
3045 5284 3146 5355 qui
3198 5285 3468 5352 credunt,
3496 5288 3629 5354 etc.,

1978 5390 2148 5446 usque
2178 5373 2247 5429 ad
2277 5372 2361 5429 ita
2389 5372 2623 5429 dicitur.
2657 5373 2789 5446 (Id.,
2823 5372 2920 5428 lib.
2953 5372 3017 5430 de
3046 5372 3628 5446 Baptis.par.tom.X,

1979 5466 2125 5536 part.
2162 5480 2201 5529 ι,
2238 5461 2348 5518 col.
2384 5462 2531 5535 115.)

2052 5553 2296 5609 Christus
2325 5551 2553 5608 redemit
2578 5568 2697 5617 nos,
2731 5554 2863 5619 etc.,
2898 5568 3086 5623 usque
3117 5553 3189 5609 ad
3233 5561 3330 5608 aut
3369 5569 3632 5625 superor-

1977 5643 2152 5700 dinat.
2187 5640 2437 5698 Secutus
2483 5643 2800 5712 Apostolus
2843 5640 2983 5698 dicit
3013 5642 3083 5698 de
3113 5641 3344 5699 Christo
3377 5659 3391 5698 :
3422 5642 3630 5699 Factus

1979 5738 2069 5794 est
2096 5748 2201 5811 pro
2233 5729 2402 5789 nobis
2433 5727 2836 5812 maledictum.
2865 5730 3029 5793 Sicut
3076 5748 3194 5790 non
3242 5731 3466 5807 timuit,
3495 5735 3633 5817 etc.,
