4114 6472
524 428 644 491 απ
1729 427 1961 491 FLOR!
2006 426 2321 492 DIACONI
2368 428 2748 491 MONAOHI.
2814 440 2817 441 '

3833 425 3958 489 308

531 578 704 635 usque
729 563 802 619 ad
829 563 1212 621 sanabuntur.
1245 563 1378 637 (Id.,
1411 563 1509 620 lib.
1538 569 1712 620 contr.
1731 566 2182 633 Faustum,tom.
2210 560 2271 631 Α
2370 562 2535 619 Certe
2562 563 2722 619 enim
2740 562 2872 636 ipsa
2886 566 2977 619 est
2991 561 3082 619 lex
3097 578 3224 634 quae
3256 559 3960 633 subintravit,eto.,usque

533 650 680 723 VIII,
713 652 821 708 col.
853 654 959 708 297
989 657 1047 710 et
1076 654 1228 726 seq.)

600 744 668 796 In
699 741 1009 815 prophetia
1039 741 1261 798 dictum
1287 745 1395 798 est.
1426 740 1775 798 Maledictus
1809 739 2028 808 omnis,
2050 742 2188 808 etc.,

526 846 700 903 usque
729 831 802 887 ad
829 831 1177 889 benedictio.
1208 832 1343 907 (Id.,
1374 840 1530 889 tract.
1561 833 1765 904 psalm.
1801 848 2016 901 xxxvn,
2041 834 2185 887 tom.

531 918 629 989 IV,
664 923 816 993 part.
849 938 890 990 ι,
923 921 1031 978 col.
1066 922 1214 993 411.)

599 1010 835 1068 Abrahae
890 1011 1052 1068 dicta:
1104 1019 1231 1067 sunt
1284 1012 1683 1084 promissiones
1720 1019 1772 1068 et
1806 1012 2006 1068 semini
2045 1010 2184 1082 ejus.

529 1098 810 1172 Nunquid
839 1101 911 1156 de
941 1116 1152 1174 genere
1179 1100 1453 1156 venimus
1479 1100 1748 1170 Abrahae,
1771 1104 1905 1169 etc.,
1922 1116 2091 1172 usque
2120 1099 2190 1155 ad

530 1187 798 1245 inseruit.
819 1189 947 1260 (Id.,
963 1197 1122 1246 tract.
1137 1191 1347 1259 Evang.
1362 1206 1466 1246 sec.
1479 1192 1642 1247 Joan.
1656 1207 1893 1257 xxxvm,
1918 1192 2060 1245 tom.
2086 1188 2185 1257 Ill,

529 1282 680 1351 part.
715 1295 773 1345 ιι,
808 1277 918 1334 col.
954 1279 1143 1348 4701.)

600 1372 725 1426 Non
969 1376 1022 1424 et
1075 1371 1401 1438 seminibus,
1435 1373 1571 1437 etc.,
1604 1384 1793 1441 usque
1842 1369 1916 1424 ad
1968 1369 2069 1440 qui
2112 1375 2195 1445 est

531 1456 799 1514 Christus.
832 1457 957 1514 Nisi
989 1456 1258 1515 Christus
1277 1458 1440 1515 solus
1461 1459 1574 1514 iret
1593 1458 1665 1514 ad
1689 1461 1938 1531 patrem,
1962 1474 2077 1513 non
2104 1456 2190 1511 di-

533 1550 708 1603 ceret.
734 1547 915 1603 Nemo
946 1548 1212 1604 ascendit
1240 1548 1299 1603 in
1331 1547 1544 1604 omlum
1575 1547 1688 1603 nisi
1731 1547 1831 1619 qui
1863 1546 2186 1613 descendit,

533 1638 671 1703 etc.,
702 1652 876 1708 usque
908 1636 978 1693 ad
1008 1654 1163 1694 unus
1196 1643 1286 1693 est
1304 1636 1595 1693 Christus.
1625 1636 1755 1710 (Id.,
1787 1653 1949 1692 serm.
1979 1636 2045 1692 de
2073 1651 2184 1691 ver.

533 1727 744 1795 anng.
780 1727 916 1795 mu.)

606 1819 725 1871 Hoc
751 1822 935 1872 autem
949 1816 1068 1872 dico
1091 1823 1492 1885 testamentum,
1506 1819 1641 1885 etc.,
1656 1830 1846 1887 usque
1861 1815 1933 1870 ad
1958 1815 2191 1872 donavit

534 1908 702 2008 tiens.
725 1903 1040 1976 Apostolus
1073 1921 1208 2008 cum
1237 1905 1792 2008 Abrabe'laudare’t',
1808 1908 1870 2008 et
1891 1920 2189 2008 commen-
2218 1940 2269 2008 Β

534 1994 720 2060 daret,
744 1997 882 2063 etc.,
904 2010 1074 2067 usque
1101 1995 1174 2051 ad
1198 1998 1447 2050 mortem
1475 1992 1715 2067 Joseph.
1740 1992 1874 2065 (Id.,
1907 1993 2004 2049 lib.
2028 1998 2187 2064 Qum.

534 2082 706 2139 Exod.
740 2081 834 2139 tit.
868 2100 997 2150 xnv,
1029 2087 1174 2140 tom.
1204 2082 1302 2153 Ill,
1336 2086 1487 2156 part.
1524 2101 1559 2150 ι,
1594 2081 1702 2138 col.
1734 2082 1886 2150 612.)

601 2171 755 2242 Quid
781 2172 956 2241 igitur
984 2173 1269 2241 lex?eto.,
1300 2187 1490 2243 usque
1520 2172 1593 2227 ad
1626 2187 1770 2226 unus
1798 2179 1897 2226 est.
1932 2169 2078 2225 Cum
2101 2186 2192 2225 ex-

535 2276 835 2334 ponerem,
880 2260 1030 2325 Quid
1058 2277 1217 2335 ergo,
1240 2266 1376 2330 etc.,
1401 2277 1571 2334 usque
1599 2260 1671 2317 ad
1699 2262 1789 2316 est
1818 2259 2024 2333 gratia.
2060 2259 2189 2332 (Id.,

535 2351 639 2406 ub.
671 2358 915 2419 retract.,
944 2354 1089 2406 tom.
1125 2351 1168 2419 Ι,
1202 2349 1310 2406 ool.
1344 2350 1494 2423 623.)

608 2440 721 2495 Lex
748 2438 1242 2511 praevaricationis
1273 2438 1463 2512 gratia
1492 2438 1685 2512 posita
1713 2442 1821 2505 est,
1854 2442 1961 2494 etc.
1972 2481 1990 2509 ,
2022 2454 2193 2511 usque

537 2528 610 2585 ad
635 2528 882 2585 addidit.
914 2529 1047 2601 (Id.,
1080 2528 1177 2584 lib.
1204 2527 1270 2584 de
1298 2530 1638 2599 Perfectione
1659 2529 1900 2601 justitiae
1928 2529 2189 2594 hominis,

537 2621 682 2674 tom.
714 2617 782 2686 Χ,
812 2621 964 2690 part.
996 2634 1036 2685 ι,
1069 2617 1179 2674 col.
1211 2618 1363 2686 315.)

608 2705 735 2762 Non
767 2705 1014 2779 angelus
1045 2705 1444 2779 singulariter,
1478 2706 1579 2763 sed
1611 2705 1851 2762 omnino
1881 2706 2074 2779 angeli
2105 2705 2192 2761 di-

538 2799 756 2851 cuntur
786 2811 800 2850 :
835 2811 960 2868 per,
990 2799 1126 2864 etc.,
1158 2811 1330 2867 usque
1375 2795 1447 2851 ad
1474 2795 1816 2851 audiuntur.
1851 2796 1956 2869 (Id.
1995 2794 2095 2851 lib.
2130 2811 2193 2853 ιιι
2268 2816 2277 2821 ί

539 2885 605 2942 de
638 2886 860 2953 Trinit.,
890 2888 1035 2941 tom.
1067 2884 1219 2951 VIII,
1251 2883 1357 2940 col.
1393 2885 1545 2953 885.)

612 2973 898 3031 Dominus
940 2977 1140 3030 noster
1187 2973 1363 3030 Jesus
1392 2972 1661 3030 Christus
1691 2977 1978 3046 tanquam
2008 2977 2191 3041 totus,

544 3068 679 3131 etc.,
704 3079 878 3136 usque
903 3063 975 3119 ad
1004 3062 1286 3120 reﬁceret.
1322 3063 1457 3137 (Id.,
1489 3071 1649 3123 tract.
1675 3063 2192 3136 psal.xc,tom.IV,

538 3157 695 3226 part.
729 3170 791 3222 ιι,
824 3152 936 3209 col.
973 3153 1112 3208 1159
1141 3156 1198 3208 et
1227 3152 1375 3225 seq.)

610 3239 765 3305 Quid
795 3256 937 3314 ergo
961 3238 1053 3296 lex
1073 3240 1101 3296 ?
1131 3240 1303 3313 quasi
1336 3257 1486 3313 quae,
1518 3246 1654 3310 etc.,
1683 3258 1855 3314 usque
1879 3241 1950 3298 ad
1978 3241 2194 3299 revela-

534 3334 663 3387 tum
695 3335 806 3388 est.
840 3330 970 3403 (Id.,
1003 3347 1168 3387 scrm.
1200 3330 1267 3387 de
1294 3332 1440 3387 verb.
1467 3331 1674 3404 Apost.)

2297 652 2369 707 ad
2406 651 2627 724 peccati
2661 652 2867 708 nostri.
2903 651 3038 724 (Id.,
3073 656 3158 709 Ex
3183 651 3280 708 lib.
3313 660 3457 708 cont.
3494 653 3775 707 Faustum.
3805 652 3955 706 tom.
4048 666 4057 672 ·

2296 739 2452 806 VIII,
2485 739 2596 796 col.
2628 739 2725 796 351
2767 739 2821 796 el
2849 740 2997 812 seq.)

2372 827 2565 885 Omnes
2593 830 2743 885 enim
2769 830 2900 900 ﬁlii,
2934 832 3073 897 etc.,
3108 845 3297 901 usque
3328 829 3401 886 ad
3430 844 3606 900 neque
3631 828 3859 900 femina.
3879 828 3962 891 De

2297 917 2518 990 templo
2558 918 2683 989 Dei,
2714 923 2773 974 et
2821 919 3116 990 quomodo
3165 917 3594 991 accipiendum,
3625 921 3760 986 etc.,
3786 934 3962 990 usque

2297 1006 2368 1062 ad
2397 1011 2455 1062 et
2483 1006 2736 1080 piorum.
2774 1007 2907 1080 (Id.,
2940 1007 3039 1065 lib.
3070 1007 3134 1063 de
3166 1007 3287 1079 bap.
3322 1011 3464 1062 tom.
3498 1006 3594 1077 IX,
3644 1005 3756 1061 col.
3807 1007 3958 1079 193.)

2371 1095 2588 1153 Omnes
2617 1096 2777 1152 enim
2809 1097 2965 1169 apud
2994 1113 3125 1153 eam
3153 1095 3348 1153 vestiti
3370 1100 3533 1164 sunt,
3557 1096 3963 1168 etc.,usqucad

2296 1185 2565 1242 vestitus.
2601 1186 2734 1255 (Id.,
2765 1202 2928 1242 serm.
2966 1187 3063 1242 lib.
3096 1186 3303 1242 Salom.
3335 1185 3401 1242 de
3429 1185 3663 1241 muliere
3684 1186 3839 1256 forti.

2372 1275 2566 1331 Omnes
2602 1277 2753 1331 enim
2796 1291 2914 1342 vos,
2948 1280 3085 1347 etc.,
3119 1291 3306 1347 usque
3365 1274 3438 1331 ad
3496 1273 3758 1331 hwredes.
3793 1273 3961 1331 Unus

2296 1367 2387 1420 est
2417 1363 2709 1435 Christus,
2741 1369 2939 1437 caput,
2972 1368 3030 1420 et
3056 1381 3271 1438 corpus
3314 1364 3580 1432 docente,
3612 1368 3749 1430 etc.,
3781 1379 3959 1435 usque

2298 1453 2369 1509 ad
2399 1453 2779 1525 adimplebat.
2813 1454 2950 1524 (Id.,
2980 1462 3138 1510 tract.
3171 1455 3380 1524 Evang.
3411 1470 3516 1509 sec.
3547 1458 3714 1511 Joan.
3747 1457 3865 1524 cv.)

2370 1542 2486 1597 Cur
2513 1558 2649 1615 ergo
2690 1559 2974 1615 magnum
3007 1543 3280 1600 volumus
3313 1541 3589 1615 intelligi,
3618 1546 3753 1610 etc.,
3785 1559 3959 1616 usque

2298 1631 2368 1687 ad
2398 1630 2750 1702 ejicientem.
2785 1632 2919 1705 (Id.,
2974 1639 3131 1688 b'act.
3190 1633 3398 1702 Evang.
3455 1647 3561 1688 sec.
3609 1632 3766 1689 Joan.
3799 1648 3948 1697 cmx.

2298 1723 2439 1776 tom.
2472 1720 2567 1785 IlI,
2601 1725 2753 1792 part.
2786 1738 2848 1789 ιι,
2883 1720 2991 1777 col.
3028 1722 3168 1777 4946
3197 1725 3256 1777 et
3285 1723 3438 1793 seq.)
3938 1772 3943 1777 .

2370 1808 2657 1865 Omnibus
2679 1809 2740 1865 in
2761 1810 3063 1867 Christum
3094 1811 3490 1880 credentibus,
3509 1828 3627 1868 non
3649 1810 3956 1881 solis,eto.,

2299 1915 2470 1970 usque
2526 1899 2596 1954 ad
2644 1900 3028 1957 Testamenti.
3062 1900 3193 1972 (Id.,
3228 1901 3328 1957 lib.
3358 1899 3423 1956 de
3455 1899 3601 1956 Grat.
3635 1905 3770 1958 Nov.
3822 1902 3956 1958 Test.

2304 1992 2447 2044 tom.
2480 1988 2550 2055 ΙΙ,
2583 1987 2693 2045 col.
2726 1990 2880 2058 558.)

2371 2165 2500 2221 Dico
2523 2173 2723 2234 autem,
2758 2173 2958 2238 quanto
2986 2173 3239 2240 tempore,
3273 2168 3473 2238 haeres,
3506 2172 3644 2236 etc.,
3673 2185 3860 2241 usque
3881 2169 3956 2225 ad

2300 2255 2680 2326 reciperantis.
2714 2254 2782 2309 Et
2813 2271 2985 2312 nemo
3015 2255 3178 2313 misit
3206 2257 3266 2312 in
3308 2256 3478 2313 illum
3527 2275 3783 2314 manus:
3817 2258 3962 2331 quia

2302 2343 2586 2413 nondum,
2613 2346 2748 2410 etc.,
2773 2361 2945 2416 usque
2965 2344 3035 2401 ad
3055 2345 3291 2403 fecerat.
3316 2347 3449 2420 (Id.,
3471 2355 3626 2404 tract.
3658 2349 3828 2404 Euan.
3846 2364 3955 2403 sec.

2299 2436 2466 2490 Joan.
2494 2451 2652 2499 χχιιι,
2683 2437 2826 2489 tom.
2863 2434 2962 2502 III,
2994 2439 3143 2507 part.
3179 2453 3238 2503 ιι,
3268 2435 3378 2492 col.
3411 2437 3598 2510 1639.)

2375 2522 2537 2588 Quod
2566 2521 2664 2592 ait,
2691 2523 3051 2592 Pater,venit
3070 2524 3234 2594 hora,
3251 2525 3508 2583 clariﬁoa
3529 2525 3743 2583 Filium
3760 2530 3955 2596 tuum,

2302 2615 2436 2681 etc.,
2466 2628 2636 2685 usque
2692 2613 2764 2668 ad
2820 2613 2945 2669 dies
3001 2613 3214 2670 salutis
3245 2616 3378 2685 (Id.,
3411 2624 3568 2673 tract.
3597 2618 3816 2686 Evang.
3846 2633 3958 2674 sec.

2302 2705 2471 2759 Joan.
2504 2718 2624 2771 om,
2658 2706 2801 2757 tom.
2835 2702 2931 2780 ΙΙΙ,
2962 2708 3113 2775 part.
3148 2722 3209 2772 ιι,
3245 2703 3356 2760 col.
3391 2704 3531 2761 1902
3560 2710 3619 2761 et
3645 2707 3795 2778 seq.)

2376 2790 2558 2847 Filius
2575 2792 2839 2863 quidem,
2862 2808 2978 2849 non
3000 2793 3188 2863 Pater,
3206 2798 3383 2851 natus
3402 2799 3492 2851 est
3507 2795 3579 2850 de
3598 2794 3818 2866 virgine
3830 2795 3962 2853 Ma-

2305 2880 2412 2948 ria,
2444 2884 2578 2947 etc.,
2610 2897 2781 2954 usque
2829 2881 2899 2937 ad
2956 2882 3181 2940 missus
3233 2884 3488 2941 advenit.
3536 2885 3670 2954 (Id.,
3699 2901 3861 2941 serm.
3893 2885 3963 2942 de

2309 2971 2485 3038 Trin,
2517 2974 2667 3026 tom.
2695 2970 2765 3037 V,
2797 2976 2948 3043 part.
2982 2990 3021 3041 1,
3054 2972 3164 3029 col.
3195 2973 3303 3030 357
3332 2976 3392 3030 et
3421 2974 3568 3047 seq.)

2375 3061 2520 3116 Ecce
2548 3060 2689 3133 quid
2723 3063 2811 3117 est
2849 3061 3100 3118 missum
3157 3080 3286 3119 esse
3344 3062 3555 3120 filium.
3588 3063 3963 3137 Quaecunque

2304 3153 2562 3222 propter,
2593 3153 2728 3220 etc.,
2759 3166 2931 3222 usque
2960 3151 3031 3206 ad
3054 3152 3362 3223 aequalem.
3396 3154 3726 3224 (ld.,lib.de
3759 3155 3959 3211 Trinit.

2305 3256 2380 3306 IV,
2413 3256 2538 3312 cap.
2577 3238 2664 3308 49,
2696 3243 2837 3295 tom.
2872 3239 3024 3311 VIII,
3059 3241 3168 3297 col.
3200 3241 3350 3315 905.)

2221 3317 2265 3385 C
2378 3329 2610 3397 Emitte,
2641 3328 2857 3401 inquit,
2890 3329 3053 3386 illam
3106 3332 3177 3387 de
3227 3331 3390 3388 eoelis
3441 3332 3661 3390 sanctis
3706 3334 3846 3403 tuis,
3903 3339 3966 3391 et

609 3422 721 3478 Lex
744 3436 870 3492 ergo
896 3419 1172 3490 adversus,
1213 3423 1350 3493 etc.,
1396 3437 1588 3493 usque
1636 3422 1708 3477 ad
1758 3423 1996 3495 justitia.
2028 3420 2188 3494 Opus
2294 3419 2485 3488 mitte,
2517 3423 2650 3489 etc.,
2678 3436 2850 3492 usque
2875 3419 2945 3476 ad
2968 3420 3030 3476 in
3058 3420 3263 3495 gloria.
3297 3422 3485 3496 (Ibid.,
3519 3422 3629 3479 col.
3660 3423 3815 3494 907.)

538 3514 630 3569 est
652 3510 768 3566 hoc
794 3509 997 3583 gratiae
1032 3527 1046 3566 :
1081 3524 1261 3582 quam
1290 3510 1392 3583 qui
1419 3510 1735 3583 accipiunt,
1767 3514 1901 3580 etc.,
1933 3527 2103 3583 usque
2120 3511 2191 3567 ad

539 3604 827 3657 teneatur.
863 3599 995 3671 (Id.,
1026 3601 1187 3671 epist.
1236 3598 1307 3654 ad
1339 3599 1585 3669 Vitalem,
1619 3603 1763 3656 tom.
1796 3601 1868 3669 II,
1902 3600 2010 3657 col.
2040 3600 2189 3673 983.)

612 3689 729 3745 Lex
746 3688 904 3745 enim
926 3688 1052 3745 sine
1072 3688 1279 3761 gratia,
1300 3688 1496 3745 littera
1517 3689 1642 3747 sola
1661 3694 1752 3746 est
1773 3708 1786 3746 :
1813 3694 2032 3760 manet,
2055 3694 2189 3758 etc.,

537 3793 712 3850 usque
740 3777 811 3834 ad
839 3776 1212 3834 extolleretis.
1250 3778 1381 3850 (Id.,
1417 3786 1573 3835 tract.
1603 3780 1747 3852 psal.
1783 3795 1906 3848 ωσι,
1930 3782 2072 3835 tom.
2096 3778 2189 3849 ιν,

540 3874 690 3942 part.
725 3882 788 3939 ιι,
820 3865 931 3923 ool.
965 3868 1118 3938 888.)

613 3956 974 4013 Putabamus
1002 3974 1110 4013 nos
1156 3958 1327 4015 facile
1367 3959 1563 4031 juslos
1610 3975 1740 4016 esse
1772 3975 1962 4033 posse,
1997 3975 2113 4031 qua
2142 3958 2191 4014 si

537 4045 784 4115 viribus,
817 4049 951 4116 etc.,
983 4063 1154 4119 usque
1208 4048 1279 4103 ad
1336 4047 1649 4104 medicina.
1702 4048 1835 4121 (Id.,
1868 4055 2026 4104 tract.
2048 4047 2190 4120 psal.

539 4154 773 4206 Lxxxm,
807 4140 948 4195 tom.
978 4135 1070 4208 IV,
1102 4141 1253 4210 part.
1286 4154 1349 4206 ιι,
1379 4136 1487 4194 col.
1521 4138 1662 4194 1064
1691 4142 1749 4195 et
1777 4140 1928 4210 seq.)

610 4227 671 4286 Si
701 4225 859 4284 enim
888 4227 1026 4283 data
1053 4230 1212 4283 esset
1238 4227 1350 4294 lex,
1365 4244 1497 4300 quae
1518 4230 1737 4301 posset,
1760 4231 1895 4294 etc.,
1917 4242 2089 4300 usque
2117 4226 2197 4283 ad

538 4332 749 4375 sanare
780 4333 864 4373 se.
898 4316 1033 4390 (Id.,
1063 4333 1229 4373 serm.
1261 4316 1325 4373 de
1353 4317 1500 4373 verb.
1534 4317 1712 4390 Apost.
1744 4316 1968 4382 tom.V,
1996 4320 2193 4390 part.I,

536 4406 649 4463 col.
682 4406 836 4475 850.)

612 4496 770 4552 Bona
818 4499 907 4552 est
956 4495 1047 4553 lex
1093 4495 1143 4553 si
1188 4497 1324 4569 quis
1355 4513 1423 4554 ea
1453 4496 1731 4571 legitime,
1764 4501 1899 4564 etc.,
1928 4513 2100 4569 usque
2126 4496 2197 4553 ad

542 4588 813 4641 mortuus
844 4589 953 4641 est.
989 4586 1176 4659 (lbid.,
1208 4585 1316 4641 ool.
1350 4587 1501 4659 851.)

2368 3508 2557 3565 Verbo
2590 3510 2790 3582 itaque
2820 3509 2922 3565 Dei
2954 3511 3026 3566 ad
3059 3511 3346 3568 unitatem
3378 3528 3662 3584 personae,
3697 3516 3835 3585 etc.,
3867 3530 3964 3571 us-

2299 3614 2402 3670 que
2431 3598 2501 3654 ad
2530 3598 2662 3671 ipsa
2691 3603 2865 3656 esset.
2900 3599 3084 3671 (Ibid,,
3119 3599 3227 3657 col.
3253 3601 3403 3675 909.)

2372 3687 2531 3745 Misit
2554 3688 2707 3745 Deus
2739 3687 2952 3745 Filium
2998 3705 3173 3746 suum
3224 3690 3444 3747 factum
3476 3709 3547 3749 ex
3596 3691 3862 3761 muliere,
3896 3693 3962 3749 id

2301 3781 2411 3846 est,
2444 3782 2578 3847 etc.,
2609 3794 2780 3851 usque
2809 3779 2878 3835 ad
2907 3779 2980 3835 ad
3021 3779 3226 3836 Deum.
3261 3781 3398 3852 (Id.,
3428 3790 3583 3839 tract.
3613 3783 3759 3855 psal.
3790 3799 3954 3851 χχχι,

2300 3871 2443 3924 tom.
2479 3867 2574 3935 IV,
2606 3873 2759 3942 part.
2792 3886 2832 3926 1.
2863 3868 2969 3925 col.
3001 3870 3151 3937 269.)

2375 3960 2814 4032 lnterrogamus
2848 3959 3181 4031 apostolum
3211 3964 3270 4017 et
3298 3961 3441 4018 dicit
3460 3962 3653 4031 nobis,
3673 3963 3958 4036 quoniam

2304 4063 2420 4104 non
2445 4064 2675 4117 sumus,
2698 4052 2831 4117 etc.,
2855 4065 3028 4121 usque
3046 4049 3117 4105 ad
3135 4050 3308 4106 Jesus
3332 4051 3619 4109 Christus.
3641 4053 3776 4123 (Id.,
3795 4061 3956 4111 tract.

2304 4143 2513 4207 Avang.
2541 4153 2646 4194 sec.
2676 4142 2843 4196 Joan.
2880 4154 2965 4207 In,
2997 4142 3141 4195 tom.
3175 4139 3274 4209 ΙΙΙ,
3308 4144 3458 4213 part.
3492 4157 3553 4210 ιι,
3573 4140 3685 4197 col.
3721 4142 3963 4211 1397,et

2306 4227 2452 4299 seq.)

2377 4316 2539 4373 Misit
2570 4316 2769 4390 itaque
2820 4317 2978 4375 Deus
3025 4318 3237 4376 Filium
3271 4337 3448 4377 suum
3476 4322 3698 4378 factum
3721 4336 3795 4378 ex
3821 4338 3965 4379 mu-

2304 4405 2467 4472 liere,
2513 4410 2646 4475 etc.,
2699 4423 2868 4480 usque
2924 4408 2996 4463 ad
3042 4409 3375 4467 hominum.
3410 4410 3539 4485 (Id.,
3573 4412 3676 4468 lib.
3706 4412 3774 4468 de
3799 4416 3965 4483 Gra.,

2305 4496 2436 4553 Nov.
2474 4497 2635 4565 Tcst.,
2668 4498 2811 4552 tom.
2847 4497 2917 4566 ΙΙ,
2951 4496 3061 4553 ool.
3093 4498 3249 4572 542.)

2378 4586 2577 4657 Neque
2604 4585 2763 4640 enim
2805 4587 3059 4643 absurde
3100 4588 3317 4659 dicitur
3347 4589 3599 4664 quisque
3630 4608 3746 4647 non
3767 4606 3971 4662 carne,

614 4674 764 4740 Quid
791 4674 926 4730 fecit
955 4674 1048 4733 lex
1076 4675 1205 4732 sine
1233 4675 1442 4749 gratia,
1486 4675 1597 4732 nisi
1633 4676 1841 4750 magis,
1867 4680 2000 4745 etc.,
2028 4692 2196 4749 usque
2227 4697 2275 4763 D
2306 4679 2440 4743 etc.,
2472 4691 2641 4747 usque
2660 4675 2730 4730 ad
2751 4677 3025 4733 ostendit.
3051 4678 3181 4748 (Id.,
3209 4679 3308 4735 lib.
3350 4680 3418 4736 de
3451 4682 3626 4737 Cons.
3648 4682 3973 4755 evangelist.

541 4762 614 4821 ad
644 4763 745 4819 ubi
776 4780 934 4837 spes.
970 4765 1100 4838 (Id.,
1131 4780 1295 4821 sem.
1330 4765 1395 4821 de
1426 4766 1838 4823 illuminatione
1864 4768 2018 4837 caeci,
2054 4769 2194 4821 tom.

541 4857 610 4922 ν,
640 4855 790 4925 part.
819 4868 860 4920 ι,
894 4853 1002 4909 col.
1043 4854 1201 4925 753.)

608 4942 714 5000 Sed
742 4943 1010 4999 conclusit
1033 4945 1346 5017 Scripjura,
1361 4948 1494 5012 etc.,
1512 4961 1699 5017 usque
1721 4945 1793 5000 ad
1814 4944 2201 5001 credentibus?

539 5034 623 5089 Ex
652 5033 761 5088 hac
791 5032 1206 5106 promissione,
1238 5032 1370 5100 hoc,
1403 5040 1537 5103 etc.,
1564 5050 1735 5107 usque
1763 5034 1834 5089 ad
1865 5034 2197 5091 sanandum

541 5122 671 5178 fuit.
708 5123 839 5194 (Id.,
875 5124 972 5178 lib.
1007 5141 1045 5179 ιι
1077 5123 1141 5179 de
1170 5128 1327 5196 Bapt.
1358 5128 1543 5196 paro.)

614 5212 675 5267 Si
705 5211 863 5268 enim
889 5212 1025 5268 data
1056 5217 1211 5268 esset
1234 5212 1325 5268 lex
1357 5230 1486 5285 qua!
1516 5217 1733 5285 posset,
1766 5217 1899 5281 etc.,
1932 5230 2101 5286 usque
2129 5212 2199 5269 ad

542 5302 1016 5447 quaereregééld”
1049 5303 1206 5375 epist.
1239 5302 1310 5359 ad
1359 5304 1611 5376 Optatum
1669 5305 2002 5376 episcopum,
2053 5307 2196 5359 tom.

542 5390 614 5447 II.
648 5390 758 5447 col.
906 5391 943 5447 .l

540 5390 614 5462 ΙΙ,
648 5390 758 5447 col.
792 5390 943 5458 859.)

614 5479 1031 5549 Manifestatio,
1065 5481 1278 5555 inquit,
1310 5482 1622 5539 verborum
1654 5486 1913 5552 tuorum,
1941 5486 2076 5551 etc.,
2102 5499 2196 5539 us-

541 5569 740 5643 quead
769 5569 1240 5642 olamares.(1d.,
1285 5580 1443 5629 tract.
1499 5573 1643 5642 psal.
1706 5589 1898 5639 cxvm,
1943 5576 2066 5629 tom
2103 5572 2194 5642 ιν,

542 5663 695 5733 part.
729 5676 792 5730 ιι,
822 5658 930 5717 col.
964 5661 1104 5716 1580
1129 5664 1189 5717 et
1218 5662 1367 5733 seq.)

613 5750 780 5810 Prius
798 5756 980 5810 autem
999 5767 1164 5829 quam
1184 5752 1411 5824 veniret,
1425 5755 1559 5828 etc.,
1575 5770 1763 5831 usque
1785 5754 1852 5809 ad
1868 5752 2188 5830 pl’dngngn.

2307 4782 2371 4835 ιι,
2398 4769 2542 4821 tom.
2580 4765 2680 4834 ΙῘΙ,
2713 4770 2865 4837 part.
2900 4783 2940 4836 ι,
2972 4767 3083 4823 col.
3119 4768 3307 4839 1073.)

2374 4853 2723 4926 Adoptionis
2754 4872 2967 4912 nomen
2999 4856 3348 4930 plurimum,
3378 4863 3515 4932 etc.,
3545 4878 3717 4935 usque
3746 4861 3977 4919 adado-

2307 4943 2427 5016 ptio
2456 4948 2715 5002 vocatur.
2745 4946 2876 5018 (Id.,
2913 4947 3010 5003 lib.
3044 4956 3216 5004 contr.
3251 4954 3542 5022 Faustum,
3575 4953 3659 5007 tit.
3696 4955 3775 5019 Ἰ.)

2379 5036 2657 5106 Quoniam
2688 5044 2868 5092 autem
2917 5039 3044 5094 estis
3073 5039 3185 5109 ﬁlii
3219 5042 3342 5109 Dei,
3375 5043 3510 5108 etc.,
3545 5057 3733 5113 usque
3764 5041 3835 5097 ad
3866 5058 3979 5114 per

2306 5123 2657 5179 Deum.Misit
2668 5125 2941 5198 spiritum
2956 5127 3083 5183 Filii
3097 5128 3189 5185 sui
3201 5128 3555 5188 clamantem
3570 5147 3582 5186 :
3600 5131 3765 5187 Abba
3774 5136 3972 5205 pater,

2304 5213 2365 5270 id
2387 5217 2497 5281 est,
2519 5218 2654 5285 etc.,
2678 5231 2848 5288 usque
2878 5217 2947 5273 ad
2979 5217 3321 5276 olamemus.
3358 5219 3490 5293 (Id.,
3522 5221 3620 5277 lib.
3654 5220 3872 5285 deﬂor.
3912 5232 3973 5280 et

2307 5303 2534 5377 gratia.)

2377 5392 2603 5467 Aliquis
2634 5394 2878 5452 forsitan
2902 5403 3126 5470 quazrat
3147 5403 3347 5456 utrum
3369 5404 3428 5457 et
3448 5417 3482 5457 a
3504 5400 3648 5457 Filio
3661 5402 3969 5475 procedat,

2307 5487 2444 5552 etc.,
2474 5501 2643 5557 usque
2690 5486 2762 5542 ad
2810 5486 2987 5544 habet
3036 5489 3219 5547 Patre.
3258 5489 3386 5563 (Id.,
3420 5499 3579 5550 tract.
3609 5492 3819 5562 Evang.
3850 5509 3970 5551 sec.

2303 5575 2460 5631 Joan.
2494 5592 2547 5642 c,
2583 5578 2721 5631 tom.
2758 5577 2858 5645 ΙΙΙ,
2881 5583 3033 5650 part.
3070 5596 3129 5652 ιι,
3162 5579 3271 5635 col.
3308 5581 3490 5654 1888.)

2373 5664 2480 5721 Sed
2508 5674 2634 5721 tunc
2658 5665 2904 5738 quidem,
2936 5672 3070 5739 etc.,
3106 5686 3293 5743 usque
3324 5670 3396 5726 ad
3428 5673 3972 5731 scrviebatis.Natu-

2305 5770 2427 5811 ram
2454 5754 2639 5812 filium
2673 5773 2802 5814 esse
2834 5757 3050 5817 dixisti.
3082 5759 3209 5817 Non
3241 5775 3378 5837 ergo
3407 5764 3596 5836 pater,
3626 5768 3762 5839 etc.,
3792 5779 3973 5840 usque
