4114 6464
1012 424 1427 490 EXPOSI'I‘IO
1471 425 1550 489 IN
1595 426 1768 489 EPP;
1815 423 2159 494 PAULL—
2187 427 2311 494 ΕΡ.
2354 429 2459 496 AD
2505 433 2790 501 GALAT.

3492 436 3613 507 370

183 558 253 614 ad
282 570 493 614 verum
525 557 773 631 negetis.
808 558 941 629 (Id.,
974 559 1073 616 lib.
1124 569 1297 617 contr.
1327 561 1573 618 Maximi.
1607 577 1670 629 11,
1701 565 1845 618 tom.
1878 561 1934 629 Α
2038 565 2214 621 Unum
2241 566 2460 641 quidem
2488 569 2549 626 in
2576 580 2776 640 monte,
2808 575 2945 644 etc.,
3005 586 3177 646 usque
3207 572 3277 631 ad
3303 576 3440 647 filiis
3468 578 3608 635 suis.

181 647 335 718 VIII,
372 647 486 704 col.
518 649 672 722 758.)

249 741 424 794 Nunc
450 753 577 796 vero
605 746 999 809 cognoscentes,
1031 742 1164 809 etc.,
1197 757 1386 813 usque
1407 741 1478 796 ad
1498 743 1705 798 servire
1731 742 1850 797 vul-

181 829 250 884 tis
271 827 300 883 ?
320 827 421 883 Sic
440 827 503 883 in
526 831 729 885 sancto
750 827 996 900 apparui
1020 828 1147 896 tibi,
1164 833 1231 885 ut
1247 829 1505 887 viderem
1527 830 1847 903 potentiam

178 918 370 984 tuam,
404 919 542 985 etc.,
565 933 737 990 usque
758 917 829 973 ad
850 933 1130 990 apparere
1152 918 1329 988 Deus,
1357 919 1489 991 (Id.,
1513 927 1670 975 tract.
1700 920 1844 993 psal.

180 1023 316 1078 Lm,
350 1010 499 1062 tom.
533 1006 627 1075 IV,
662 1010 812 1079 part.
847 1023 886 1061 1.
921 1005 1029 1062 col.
1053 1007 1206 1077 754.)

250 1095 403 1151 Cum
417 1095 579 1152 enim
597 1095 815 1152 dicitur
835 1096 990 1168 quod
1009 1113 1117 1152 nos
1139 1097 1458 1169 cognoscit,
1478 1093 1632 1154 Deus
1644 1097 1846 1171 cogni-

178 1184 428 1252 tionem,
464 1188 597 1255 etc.,
630 1202 799 1258 usque
845 1185 917 1241 ad
966 1184 1027 1241 tit
1046 1185 1257 1241 bonus.
1290 1186 1420 1258 (Id.,
1455 1188 1550 1242 lib.
1582 1188 1647 1243 de
1696 1187 1841 1243 Crat.

177 1274 310 1329 Nov.
351 1275 604 1341 Testam.,
630 1277 771 1330 tom.
804 1275 975 1342 XVII,
1011 1274 1122 1331 col.
1154 1276 1264 1330 574
1288 1278 1345 1330 et
1375 1276 1523 1348 seq.)

248 1362 489 1419 Dicitur
516 1363 673 1420 Deus
702 1364 1068 1437 cognovisse,
1100 1364 1257 1435 quod
1288 1368 1375 1431 ut,
1408 1368 1540 1433 etc.,
1575 1381 1744 1437 usque
1773 1364 1844 1421 ad

177 1456 639 1525 cognosceretur
665 1453 874 1509 eII'ecit.
906 1453 1039 1524 (Id.,
1073 1454 1171 1508 lib.
1205 1452 1270 1509 de
1301 1454 1414 1509 Civ.
1449 1454 1547 1509 Dei
1575 1471 1710 1509 xxu.
1745 1454 1760 1516 )

250 1540 422 1598 Sicut
449 1545 605 1598 recte
635 1541 853 1597 dicitur
907 1546 1062 1598 Deus
1095 1542 1283 1598 facere
1339 1542 1652 1615 quidquid,
1705 1546 1840 1615 etc.,

177 1647 351 1704 usque
370 1630 444 1688 ad
472 1631 808 1688 donaverat.
843 1632 975 1705 (Id.,
998 1631 1095 1687 lib.
1118 1631 1183 1687 de
1207 1632 1334 1688 Gen.
1359 1631 1430 1688 ad
1456 1632 1562 1687 litt.
1594 1648 1668 1700 1v,
1694 1636 1835 1690 tom.

175 1724 281 1787 III,
311 1724 473 1793 part.
506 1737 548 1789 1,
582 1719 690 1776 col.
718 1721 828 1776 302
855 1724 912 1777 et
943 1720 1093 1793 seq.)

246 1812 383 1866 Dies
411 1809 731 1877 observatis,
756 1818 808 1866 et
834 1827 1063 1879 menses,
1096 1813 1229 1877 etc.,
1253 1826 1441 1882 usque
1458 1810 1551 1880 ad,
1584 1809 1740 1866 nihil
1755 1827 1842 1869 me

175 1900 425 1958 lwsistis.
459 1900 609 1956 Sunt
640 1900 907 1972 quaadam
965 1917 1093 1972 quae
1124 1898 1425 1955 levissima
1471 1903 1838 1973 putarentur,
1871 1938 1918 2005 Β

174 1994 313 2056 etc.,
349 2006 524 2061 usque
542 1988 613 2045 ad
640 1988 858 2045 talibus
889 1989 989 2045 ait.
1019 1988 1151 2060 (Id.,
1185 1989 1283 2044 lib.
1316 1989 1535 2046 Enchir.
1568 1992 1712 2045 tom.
1743 1989 1837 2059 VI,

174 2080 287 2137 col.
326 2080 483 2152 270.)

174 2170 177 2175 ’
244 2171 381 2227 Νοιι
404 2169 604 2241 itaque
624 2168 749 2224 dies
771 2169 1171 2237 observemus,
1196 2172 1252 2224 et
1274 2186 1481 2236 annos,
1509 2172 1567 2225 et
1584 2185 1838 2236 menses,

172 2263 314 2326 etc.,
350 2275 521 2333 usque
568 2258 637 2314 ad
666 2261 724 2313 et
754 2257 944 2314 annis.
1004 2258 1138 2329 (Id.,
1182 2258 1280 2313 lib.
1334 2258 1405 2314 ad
1459 2263 1741 2316 Jannuar.
1775 2275 1836 2328 11,

171 2354 322 2407 tom.
353 2349 428 2417 II,
462 2346 573 2403 col.
603 2348 713 2401 210
741 2349 799 2402 ct
827 2348 980 2419 seq.)

245 2439 422 2495 Scitis
449 2443 634 2493 autem
663 2438 816 2509 quia,
848 2439 982 2503 etc.,
1014 2453 1203 2509 usque
1235 2437 1306 2492 ad
1328 2453 1500 2509 neque
1528 2439 1835 2509 respuistis.

170 2527 352 2584 Aliud
381 2527 473 2583 est
501 2524 700 2581 induci
726 2525 786 2580 in
816 2524 1220 2593 tentationem,
1254 2523 1413 2580 aliud
1446 2529 1555 2596 est,
1587 2530 1721 2592 etc.,
1751 2543 1841 2581 us-

170 2633 281 2691 que
309 2615 384 2672 ad
415 2617 733 2687 antequam
764 2613 928 2669 ﬁant.
965 2613 1096 2686 (Id.,
1128 2615 1227 2669 lib.
1264 2629 1301 2669 11
1334 2612 1399 2669 de
1427 2614 1600 2670 Serm.
1651 2616 1832 2670 Domi.

174 2708 237 2763 in
266 2712 476 2770 monte,
509 2706 652 2759 tom.
684 2706 786 2771 III,
819 2705 968 2775 part.
1004 2720 1043 2768 1,
1070 2701 1181 2757 col.
1218 2702 1403 2771 1282.)

245 2794 357 2851 Sed
383 2793 529 2849 sicut
555 2793 814 2862 angelum
835 2792 932 2848 Dei
958 2793 1236 2862 accepistis
1255 2807 1360 2859 me,
1387 2794 1531 2847 sicut
1557 2791 1837 2850 Christum

169 2887 388 2944 Iesum.
422 2881 570 2946 Quia
598 2882 723 2954 ipse
752 2880 1018 2954 loquitur
1046 2880 1106 2935 in
1138 2880 1358 2936 sanctis
1390 2881 1536 2953 suis,
1577 2886 1710 2950 etc.,
1742 2899 1834 2938 us-

169 2990 281 3047 que
312 2972 385 3028 ad
414 2988 626 3044 corpus
655 2987 851 3027 suum.
886 2969 1015 3043 (Id.,
1045 2986 1135 3026 ser
1161 2969 1366 3025 deKal.
1395 2972 1655 3038 Januar.,
1688 2974 1830 3027 tom.

164 3062 242 3128 V,
276 3065 431 3134 part.
467 3064 509 3130 Ι,
542 3058 650 3116 col.
702 3060 842 3116 1023
869 3062 927 3115 et
956 3060 1105 3131 seq.)

246 3154 599 3224 Arguuntur
628 3148 891 3221 quidam,
923 3148 1064 3221 quia
1092 3164 1226 3203 cum
1274 3147 1365 3204 lac
1397 3140 1829 3218 consumerent,

166 3244 229 3298 et
263 3239 443 3307 lanis,
477 3243 613 3307 etc.,
659 3255 829 3310 usque
857 3238 928 3294 ad
981 3237 1121 3293 Jesu
1176 3237 1410 3293 Christi.
1443 3238 1576 3307 (Id.,
1636 3240 1735 3294 lib.
1767 3238 1833 3294 de

1959 656 2025 708 In
2065 652 2163 710 illo
2221 659 2595 729 testamento,
2630 662 2786 733 quod
2847 662 3081 735 proprie
3136 663 3316 720 Vetus
3373 665 3607 736 dicitur,

1958 744 2090 811 etc.,
2124 759 2294 817 usque
2322 747 2397 802 ad
2433 746 2935 807 ministraverunt.
2999 752 3130 824 (Id.,
3167 753 3265 810 lib.
3320 754 3386 813 de
3443 755 3612 817 Gesti}

1955 831 2192 902 Pelagii,
2227 836 2369 890 tom.
2396 835 2463 903 Χ,
2496 842 2647 909 part.
2682 856 2720 896 1.
2756 838 2844 896 col
2872 840 3024 912 328.)

2028 921 2391 980 Hierusalem
2420 926 2671 983 cculestis
2702 945 2830 1001 quae
2848 946 3088 988 sursum
3111 934 3218 1000 est,
3245 935 3451 1002 mater,
3474 937 3610 1008 etc.,

1955 1026 2125 1083 usque
2172 1012 2242 1067 ad
2299 1017 2597 1078 aeternam.
2629 1018 2760 1089 (Id.,
2794 1025 2949 1074 tract.
2976 1020 3122 1091 psal.
3182 1036 3309 1090 cxv,
3340 1025 3486 1083 tom.
3514 1023 3607 1094 IV,

1953 1100 2105 1168 part.
2139 1116 2198 1167 11,
2232 1099 2342 1156 col.
2378 1101 2517 1157 1193
2545 1106 2605 1159 et
2634 1105 2785 1177 seq.)

2025 1187 2131 1243 Est
2159 1192 2358 1245 autem
2389 1189 2544 1247 sicut
2573 1193 2781 1264 nostis,
2811 1211 2921 1252 vox
2949 1197 3410 1264 ascendentium,
3444 1202 3608 1266 Quod

1954 1274 2067 1331 nisi
2095 1277 2169 1332 ad
2200 1276 2386 1347 illam,
2421 1284 2558 1350 etc.,
2590 1299 2762 1355 usque
2786 1284 2856 1341 ad
2886 1285 3224 1345 debeamus.
3261 1288 3394 1360 (Id.,
3425 1296 3605 1359 tract.,

1947 1366 2090 1437 psal.
2123 1383 2288 1438 cxxv,
2318 1371 2462 1425 tom.
2498 1370 2573 1425 IV
2603 1376 2753 1444 part.
2786 1391 2849 1439 ιι,
2884 1375 3024 1431 1656
3050 1378 3108 1431 et
3136 1375 3282 1448 seq.)

2021 1460 2133 1515 Nos
2161 1466 2364 1525 autem,
2395 1462 2615 1532 fratres,
2648 1462 2966 1531 secundum,
2987 1467 3120 1533 etc.,
3150 1481 3339 1536 usque
3363 1467 3434 1523 ad
3458 1468 3605 1525 itaet

1950 1562 2117 1601 nunc.
2146 1548 2591 1605 Testamentum
2622 1550 2803 1608 Vetus
2824 1553 2897 1608 ad
2917 1552 3153 1610 Iudaeos
3173 1553 3406 1626 proprie
3430 1556 3607 1628 perti-

1951 1638 2072 1691 net.
2104 1636 2355 1707 Etenim,
2390 1640 2523 1705 etc.,
2551 1655 2724 1713 usque
2768 1641 2839 1699 ad
2867 1641 3224 1715 superbiam.
3258 1642 3389 1711 (Id.,
3437 1660 3600 1703 serm.

1949 1724 2015 1781 de
2039 1727 2187 1796 Agar
2212 1732 2266 1782 et
2292 1727 2590 1799 Hismaele,
2623 1732 2766 1785 tom.
2794 1729 2863 1799 V,
2887 1733 3040 1802 part.
3073 1749 3111 1799 1,
3145 1729 3254 1787 col.
3281 1732 3359 1787 32
3381 1734 3439 1788 et
3457 1735 3604 1806 seq.)

2611 1871 2845 1929 CAPUT
2883 1873 2951 1928 V.

2020 1992 2185 2064 State,
2216 2001 2269 2050 et
2288 1996 2458 2051 nolite
2488 1998 2708 2065 iterum,
2741 2001 2876 2067 etc.,
2900 2015 3089 2072 usque
3133 2000 3205 2057 ad
3236 2017 3269 2056 a
3297 2002 3483 2072 gratia
3511 2017 3605 2060 ειυ-

1948 2082 2178 2139 cidistis.
2214 2083 2426 2140 Primis
2457 2085 2807 2143 Christianis
2838 2086 2942 2160 qui
2971 2105 3040 2145 ex
3080 2089 3300 2145 Judais
3338 2090 3603 2147 credide-

1948 2175 2109 2242 runt,
2141 2172 2348 2242 donec,
2379 2177 2515 2241 etc.,
2564 2190 2741 2247 usque
2780 2175 2852 2232 ad
2906 2177 3246 2249 perdurant.
3306 2178 3436 2251 (Id.,
3499 2180 3598 2236 lib.

1947 2268 2119 2318 contr.
2152 2264 2434 2321 Faustum.
2468 2266 2612 2321 tom.
2645 2263 2799 2335 VIII,
2829 2264 2939 2321 col.
2970 2266 3077 2321 357
3103 2269 3162 2323 et
3187 2267 3343 2338 seq.)

2019 2354 2159 2407 Ecce
2187 2368 2284 2421 ego
2312 2353 2546 2423 Paulus,
2579 2356 2715 2419 etc.,
2746 2369 2935 2425 usque
2967 2355 3040 2409 ad
3067 2355 3330 2426 proderit.
3362 2355 3603 2428 Decepit

1947 2454 2085 2513 ergo
2113 2438 2509 2509 Timotheum,
2543 2444 2602 2497 et
2641 2440 2796 2507 fecit,
2848 2450 2913 2498 ut
2958 2442 3128 2513 nihil,
3161 2446 3296 2512 etc.,
3330 2459 3497 2521 usque
3529 2445 3602 2501 ad

1948 2528 2285 2586 deserenda.
2324 2529 2452 2602 (Id.,
2508 2532 2668 2603 epist.
2701 2531 2772 2588 ad
2800 2532 3118 2604 Hieronym.
3178 2536 3324 2590 tom.
3355 2537 3432 2603 II,
3486 2534 3597 2592 col.

1945 2617 2053 2672 284
2076 2621 2134 2673 et
2163 2621 2314 2691 seq.)

2016 2711 2126 2764 Nos
2153 2709 2301 2765 enim
2320 2709 2524 2780 spiritu
2552 2725 2623 2766 ea:
2651 2709 2757 2779 ﬁde
2785 2724 2935 2781 spem
2944 2710 3188 2781 justitia’
3206 2719 3597 2784 adspeetum.

1947 2796 2075 2853 Haec
2106 2800 2196 2852 est
2225 2797 2372 2853 ﬁdes
2402 2814 2472 2853 ex
2503 2815 2621 2870 qua
2645 2799 2849 2869 justus
2876 2798 3040 2868 vivit,
3087 2799 3230 2867 11836,
3265 2804 3400 2869 etc,,
3430 2818 3603 2875 usque

1944 2884 2015 2941 ad
2045 2884 2160 2941 Deo
2193 2884 2426 2943 dicitur.
2461 2887 2591 2959 (Id.,
2624 2887 2726 2945 lib.
2777 2888 2842 2946 de
2868 2888 3020 2961 Spir.
3078 2897 3133 2945 et
3163 2889 3269 2948 litt.
3330 2893 3474 2947 tom.
3529 2891 3597 2963 Χ,

1943 2978 2093 3047 part.
2126 2991 2167 3043 1,
2200 2974 2307 3031 col.
2339 2976 2467 3031 237.

2014 3065 2159 3121 Nam
2178 3065 2238 3119 in
2271 3063 2482 3121 Christo
2509 3067 2657 3132 Jesu,
2692 3071 2806 3122 etc.
2822 3081 3035 3139 ,usque
3060 3068 3132 3123 ad
3152 3069 3297 3126 sicut
3320 3075 3372 3125 te
3394 3070 3595 3142 ipsum.

1942 3150 2111 3206 Multi
2138 3151 2294 3208 enim
2328 3153 2533 3209 dicunt
2561 3154 2744 3210 Credo
2778 3170 2791 3210 :
2827 3156 2928 3210 sed
2959 3156 3107 3211 ﬁdes
3134 3155 3263 3212 sine
3291 3157 3597 3230 operibus,

1942 3245 2054 3312 etc,
2084 3254 2256 3314 usque
2303 3242 2375 3298 ad
2422 3242 2530 3299 hoc
2571 3258 2654 3301 es.
2690 3244 2822 3316 (Id.,
2856 3251 3014 3300 tract.
3049 3245 3110 3300 in
3149 3246 3304 3318 epist.
3338 3250 3503 3304 Joan.
3536 3266 3592 3317 x,

166 3333 332 3388 Past.
364 3301 517 3385 Erice.
549 3301 749 3397 xsxw,
773 3331 917 3383 tom.
948 3326 1016 3395 V,
1049 3331 1201 3399 part.
1234 3344 1274 3393 1,
1305 3325 1414 3381 col.
1447 3301 1570 3382 “213-
1591 3331 1649 3384 et
1680 3327 1828 3399 seq.)
1861 3301 1905 3368 Ct
1942 3301 2085 3385 tom.
2118 3301 2212 3397 II‘I,
2247 3329 2355 3385 col.
2384 3332 2526 3386 2054
2556 3335 2614 3387 et
2642 3301 2788 3405 seq.)

249 3420 359 3478 Ubi
386 3426 462 3474 est
488 3434 615 3488 ergo
650 3417 923 3474 beatitudo
946 3424 1129 3473 vestra
1150 3419 1179 3471 ?
1207 3419 1340 3485 etc.,
1365 3433 1554 3488 usque
1584 3418 1655 3473 ad
1685 3415 1833 3489 apud

168 3527 292 3568 vos.
334 3508 450 3564 Cur
478 3507 634 3564 enim
668 3505 792 3562 ﬁeri
825 3523 941 3562 non
973 3508 1190 3578 posset,
1224 3509 1358 3571 etc.,
1414 3521 1585 3577 usque
1612 3505 1682 3561 ad
1731 3523 1833 3579 per

155 3597 492 3674 justitiam,
526 3597 659 3670 (Id.,
686 3596 783 3651 lib.
808 3595 877 3652 ad
896 3597 1050 3668 epist.
1069 3602 1242 3650 contr.
1269 3594 1649 3663 Gaudentium,
1685 3600 1828 3653 tom.

161 3689 265 3756 1x,
303 3687 413 3743 col.
445 3685 598 3758 727.)
994 3726 997 3727 κ

238 3778 445 3836 Filioli
468 3776 581 3832 mei
628 3791 762 3848 quos
792 3775 992 3831 iterum
1040 3775 1315 3846 parturio,
1346 3777 1479 3839 etc.,
1541 3790 1727 3846 usque
1758 3774 1831 3830 ad

162 3873 368 3938 Legem
398 3881 507 3922 non
540 3865 743 3936 legistis
768 3866 791 3919 Ρ
817 3863 1070 3919 Alienati
1093 3866 1234 3919 sunt
1254 3867 1588 3935 peccatores
1636 3880 1671 3919 a
1708 3863 1832 3918 vul-

159 3975 256 4015 va.
294 3956 332 4011 A
365 3954 622 4027 quadam
650 3952 824 4009 vulva
852 3951 1088 4009 alienati
1120 3956 1261 4008 sunt
1306 3954 1659 4024 peccatores,
1692 3956 1830 4021 etc.,

158 4062 342 4119 usque
386 4044 456 4100 ad
487 4059 664 4117 quam
692 4059 825 4098 suo.
861 4042 992 4114 (Id.,
1026 4042 1125 4097 lib.
1155 4042 1298 4113 psal.
1359 4057 1494 4108 Lvn,
1555 4044 1698 4096 tom.
1733 4042 1828 4111 1V,

163 4138 329 4211 part.
362 4151 402 4201 1,
435 4132 544 4189 col.
576 4130 728 4204 678.)

237 4224 527 4295 Scriptum
550 4229 630 4278 est
659 4222 830 4288 enim,
858 4223 1123 4293 quoniam
1151 4219 1443 4290 Abraham,
1475 4223 1609 4286 etc.,
1642 4236 1832 4292 usque

163 4312 243 4372 ad
278 4313 446 4369 diem.
481 4310 739 4382 Uterque
767 4310 1007 4383 quidem
1038 4309 1109 4365 de
1157 4307 1381 4365 semine
1428 4307 1694 4377 Abrahae,
1729 4309 1831 4364 sed

162 4406 369 4474 illum,
402 4407 512 4459 etc.
546 4417 717 4473 usque
737 4400 811 4456 ad
841 4404 1016 4456 natus
1046 4404 1227 4456 Isaac.
1261 4400 1394 4467 (Id.,
1428 4399 1523 4454 lib.
1556 4414 1597 4454 11
1619 4398 1683 4455 de
1715 4397 1829 4453 Civ.

165 4497 292 4561 Dei,
324 4498 470 4549 tom.
505 4493 623 4560 VII,
655 4508 785 4565 cap.
818 4495 855 4546 2
883 4494 941 4547 et
967 4486 1023 4557 3,
1056 4489 1165 4545 col.
1201 4491 1348 4557 438.)

242 4582 443 4640 Nostis
469 4582 618 4637 duos
653 4579 806 4637 ﬁlios
845 4579 1139 4635 Abraham
1184 4578 1484 4643 habuisse,
1517 4594 1666 4649 quos
1695 4578 1832 4650 qui-

2010 3418 2208 3490 Ncque
2237 3418 2607 3476 circumcisio
2637 3420 2860 3493 aliquid
2889 3421 3062 3490 valet,
3125 3437 3316 3494 neque
3364 3439 3593 3497 praepu-

1940 3507 2111 3576 tium,
2144 3509 2268 3574 sed,
2292 3513 2425 3577 etc.,
2457 3522 2629 3582 usque
2656 3511 2727 3565 ad
2783 3509 2967 3584 gloria
3017 3514 3142 3567 tua.
3176 3510 3305 3584 (Id.,
3335 3527 3497 3573 serm.
3526 3513 3596 3575 de

1937 3597 2083 3653 verb.
2116 3598 2215 3669 Ap.
2246 3614 2362 3664 xv1,
2393 3601 2539 3654 tom.
2570 3599 2639 3668 V,
2673 3604 2823 3671 part.
2856 3617 2896 3667 1,
2932 3599 3043 3656 col.
3074 3601 3183 3656 865
3212 3604 3271 3656 et
3299 3601 3447 3673 seq.)

2012 3686 2086 3741 Ut
2113 3690 2310 3743 autem
2342 3687 2568 3743 habitet
2594 3688 2850 3760 Spiritus
2873 3692 3135 3757 sanctus,
3166 3693 3301 3758 etc.,
3323 3706 3495 3762 usque
3522 3689 3596 3747 ad

1940 3775 2183 3832 traxerit
2231 3792 2389 3831 eum.
2449 3777 2583 3846 (Id.,
2642 3778 2799 3849 epist.
2859 3779 2930 3834 ad
2983 3780 3131 3835 Siet.
3187 3778 3593 3851 presbyterum.

1940 3869 2083 3921 tom.
2116 3865 2188 3932 II,
2221 3865 2331 3921 col.
2365 3868 2517 3935 878.)

2013 3953 2323 4011 Maledicta
2353 3970 2488 4010 cum
2521 3972 2590 4011 ex
2620 3954 2928 4028 prophetia
2956 3955 3258 4027 dicuntur,
3285 3973 3403 4013 non
3435 3959 3596 4028 sunt,

1941 4047 2075 4111 etc.,
2105 4060 2274 4116 usque
2295 4045 2364 4100 ad
2394 4044 2697 4112 caelorum,
2723 4046 2852 4115 (Id.,
2875 4046 2974 4101 lib.
2996 4053 3173 4103 contr.
3196 4047 3383 4101 Faust.
3405 4046 3489 4103 tit.
3506 4045 3596 4101 16.

1941 4137 2083 4189 tom.
2118 4133 2271 4199 VIII,
2306 4132 2415 4188 col.
2448 4135 2596 4197 330.)

2012 4223 2175 4288 Quod
2204 4221 2331 4277 ﬁeri
2362 4240 2474 4277 non
2505 4226 2718 4294 potest,
2737 4226 2829 4279 etc
2858 4239 3029 4296 usque
3051 4223 3121 4278 ad
3149 4222 3429 4280 salutem.
3463 4223 3596 4293 (Id.,

1942 4311 2040 4367 lib.
2073 4311 2138 4368 de
2166 4312 2342 4367 Serm.
2375 4312 2596 4367 Domini
2625 4313 2686 4368 in
2712 4319 2914 4368 monte.

2012 4399 2072 4456 Si
2102 4416 2240 4473 ergo
2272 4417 2372 4456 vos
2406 4399 2562 4456 ﬁlius
2590 4394 2942 4473 liberaverit,
2965 4404 3126 4472 tunc,
3159 4404 3294 4470 etc.,
3327 4415 3499 4475 usque
3525 4401 3599 4463 ad

1942 4489 1999 4544 id
2030 4505 2297 4562 agamus.
2330 4489 2465 4558 (Id.,
2497 4497 2655 4545 tract.
2687 4491 2892 4562 Evang.
2924 4506 3030 4546 sec.
3053 4479 3234 4551 "Joan.
3282 4508 3401 4560 xm,
3447 4494 3593 4548 tom.

1941 4582 2040 4642 III,
2074 4581 2225 4650 part.
2261 4595 2299 4645 1,
2333 4577 2441 4633 col.
2474 4576 2619 4633 1692
2645 4582 2703 4633 et
2747 4584 2896 4651 seq.)

166 4676 330 4741 dem,
365 4675 498 4739 etc.,
531 4686 702 4743 usque
729 4669 801 4727 ad
824 4667 1112 4726 ventilari.
1145 4669 1279 4740 (Id.,
1321 4676 1477 4725 tract.
1533 4634 1676 4739 psal.
1710 4634 1825 4734 clx,
1858 4671 1905 4736 D
2009 4634 2158 4734 ρεῖοά
2184 4668 2237 4723 si
2260 4634 2513 4734 invicem,
2547 4671 2681 4735 etc.,
2705 4634 2894 4740 usque
2915 4669 2987 4725 ad
3006 4670 3595 4737 consumamini.Quid

166 4769 316 4821 tom.
354 4760 448 4828 IV,
482 4764 635 4834 part.
668 4777 731 4826 11,
765 4759 874 4816 col.
909 4758 1092 4830 1603.)

244 4853 425 4909 Forte
455 4849 590 4922 quis
622 4852 789 4922 putat
818 4848 1051 4922 ingenio
1084 4847 1230 4913 ﬁeri,
1263 4850 1395 4915 etc.,
1457 4863 1627 4919 usque
1654 4846 1725 4903 ad
1753 4847 1833 4903 si-

169 4941 463 5016 gniﬁcent
492 4955 774 5012 quaerere,
803 4938 935 5010 (Id.,
968 4939 1066 4993 lib.
1120 4945 1295 4993 contr.
1354 4940 1541 4993 Faust.
1603 4936 1699 4991 lib.
1732 4953 1832 5005 x11,

172 5037 323 5088 tom.
358 5029 508 5096 VIII,
544 5026 653 5085 col.
685 5029 793 5084 273
823 5030 881 5083 et
911 5027 1056 5100 seq.)

245 5124 313 5175 In
348 5116 566 5191 populo
601 5117 759 5173 enim
787 5117 1126 5173 Judmorum
1157 5118 1464 5190 ﬁguratus,
1499 5118 1632 5183 etc.,
1668 5131 1839 5187 usque

172 5210 249 5266 ad
277 5211 339 5264 in
372 5208 540 5264 ccelo.
586 5208 722 5276 (Id.,
756 5214 912 5262 tract.
962 5207 1164 5277 Evang.
1209 5223 1315 5261 sec.
1363 5207 1526 5262 Joan.
1577 5223 1637 5260 11.
1690 5207 1834 5260 tom.
1872 5227 1879 5232 ·

173 5304 281 5365 Ill,
313 5301 467 5371 part.
500 5314 563 5365 11,
597 5296 709 5353 col.
747 5297 932 5366 1479.)

249 5388 449 5444 Unum
480 5385 722 5458 quidem
748 5385 809 5441 in
840 5388 1060 5454 monte,
1093 5388 1226 5454 etc.,
1261 5401 1460 5457 usque.
1487 5384 1559 5440 ad
1608 5383 1833 5439 litterae.

176 5478 314 5552 (Id.,
345 5491 511 5531 serm.
543 5475 608 5531 de
636 5476 784 5531 verb.
807 5477 1002 5546 apost.)
1055 5518 1060 5522 .

250 5565 534 5634 Quamvis
564 5564 625 5620 in
654 5564 849 5620 Veteri
880 5564 1254 5620 Testamento
1285 5568 1540 5637 propter,
1573 5567 1712 5630 etc.,
1743 5578 1837 5618 us-

177 5672 286 5727 que
315 5654 760 5712 adrevelatum.
794 5654 926 5726 (Id.,
963 5654 1060 5709 lib.
1093 5661 1267 5710 contr.
1300 5655 1593 5710 inimicum
1622 5654 1755 5725 legis
1783 5658 1839 5708 et

174 5744 596 5819 prophetarum,
628 5747 771 5801 tom.
802 5743 953 5813 VIII,
986 5742 1096 5799 col.
1127 5744 1235 5799 622
1264 5748 1319 5799 ct
1352 5746 1501 5815 seq.)

1940 4760 2030 4813 est
2056 4756 2356 4826 mordctis,
2420 4760 2556 4827 etc.,
2617 4757 2889 4829 usquead
2947 4758 3402 4817 consumamini.
3464 4759 3599 4832 (Id.,

1943 4854 2083 4902 tract
2105 4847 2249 4917 psal.
2284 4864 2454 4901 1.111111.
2482 4846 2656 4902 Serm.
2687 4848 2943 4920 Decalogi
2971 4849 3041 4904 ad
3066 4849 3352 4921 populum.

2016 4936 2142 4991 Dico
2171 4942 2352 4991 autem
2380 4937 2445 4991 in
2474 4936 2703 5005 Christo,
2738 4942 2873 5009 etc.,
2905 4955 3093 5010 usque
3124 4937 3197 4993 ad
3227 4938 3330 4993 illa
3355 4937 3594 5008 faciatis.

1945 5025 2070 5079 Non
2103 5024 2202 5090 ait,
2234 5042 2349 5081 non
2384 5026 2636 5081 feceritis
2671 5043 2684 5082 :
2719 5027 2859 5098 quia
2899 5044 2967 5084 ea
3009 5044 3126 5083 non
3183 5025 3399 5081 habere
3456 5042 3596 5094 non,

1947 5118 2079 5183 etc.,
2114 5131 2281 5186 usque
2311 5114 2384 5170 ad
2403 5115 2897 5188 concupiscimus.
2925 5117 3056 5188 (Id.,
3092 5116 3188 5171 lib.
3221 5122 3394 5171 contr.
3425 5115 3603 5171 Julia-

1945 5221 2096 5259 nam.
2132 5221 2214 5275 111,
2246 5208 2389 5260 tom.
2423 5205 2489 5273 Χ,
2524 5211 2673 5279 part.
2707 5223 2747 5274 1,
2780 5205 2889 5261 col.
2925 5206 3029 5260 733
3054 5209 3110 5260 et
3141 5208 3290 5276 seq.)

2016 5293 2156 5349 Dico
2187 5298 2383 5350 autem
2419 5312 2432 5349 :
2468 5295 2686 5368 Spiritu
2720 5294 3037 5362 ambulate,
3071 5296 3129 5349 et
3181 5294 3600 5366 concupiscen-

1945 5381 2079 5449 tias,
2115 5385 2247 5451 etc.,
2277 5399 2444 5455 usque
2472 5384 2542 5440 ad
2571 5382 2844 5439 continuo
2876 5381 3119 5437 addidit.
3154 5382 3288 5455 (Id.,
3327 5397 3489 5439 serm.
3534 5381 3603 5443 de

1946 5471 2090 5526 vcrb.
2125 5471 2383 5543 apostoli,
2414 5476 2558 5528 tom.
2591 5471 2659 5526 V.
2692 5474 2822 5545 part
2847 5488 2887 5537 1,
2920 5469 3031 5526 col.
3060 5471 3181 5526 715'
3197 5474 3256 5527 et
3284 5473 3434 5543 seq.)

1994 5560 2219 5633 .Neque
2248 5561 2405 5617 enim
2439 5560 2669 5618 nullum
2699 5563 2790 5617 est
2816 5560 3045 5628 vitium,
3104 5576 3240 5616 cum
3270 5560 3447 5627 sicut,
3485 5563 3598 5616 etc.

1948 5666 2119 5721 usque
2158 5651 2229 5705 ad
2254 5650 2681 5723 pertrahamur.
2713 5651 2849 5721 (Id.,
2890 5652 2988 5707 lib.
3028 5649 3094 5706 de
3140 5651 3260 5707 Civ.
3312 5651 3432 5707 Dei.
3480 5667 3598 5707 χιιι.

1950 5743 2094 5795 tom.
2122 5740 2245 5807 VII,
2277 5741 2386 5797 col.
2417 5740 2571 5810 629.)
3244 5794 3249 5797 _
3446 5752 3447 5755 ‘
