4114 6446
570 434 646 497 '11
1352 474 1359 481 -
1731 433 1962 497 FLORI
2004 432 2179 495 DIAC

2322 433 2327 493 ἶ
2370 430 2754 494 MONACHI.

3824 423 3947 486 372

607 573 722 628 1100
751 572 947 627 autem
978 568 1200 626 bellum
1232 586 1534 642 nunquam
1568 566 1756 623 ullum
1799 571 1973 633 esset,
1999 566 2048 621 si
2085 583 2181 621 na-
2214 570 2266 636 Α
2369 566 2528 620 Alter
2554 563 2791 620 alterius
2822 581 2990 621 onera
3002 570 3230 637 portate,
3263 570 3313 619 et
3331 562 3411 618 sic
3429 560 3741 633 adimpletis
3772 559 3949 629 legem

531 665 685 733 tura,
717 664 850 729 etc.,
885 677 1057 733 usque
1102 660 1171 715 ad
1220 654 1574 731 permittere.
1607 658 1740 727 (Id.,
1793 658 1890 711 lib.
1942 656 2006 711 de
2062 655 2175 710 Cir.

532 752 649 821 Dei,
682 769 800 820 11111,
829 753 973 806 tom.
1022 749 1144 818 VII,
1176 747 1285 804 col.
1318 748 1423 804 729
1454 752 1512 803 et
1541 749 1690 818 seq.)

602 840 922 914 Apostolus
988 838 1244 895 Jacobus
1293 836 1420 893 ait:
1484 836 1902 908 Unusquisque
1962 837 2181 902 autem,

532 934 666 1001 etc.,
699 945 871 1003 usque
898 928 969 985 ad
988 943 1189 1001 pugna
1217 926 1349 983 erit.
1384 926 1516 999 (Id.,
1538 942 1699 981 serm.
1726 925 1790 981 de
1817 923 2183 983 contrJacob.

533 1039 574 1089 1,
604 1020 748 1093 psal.
782 1029 896 1092 XL.)

601 1107 923 1165 Verissime
980 1123 1045 1161 ac
1101 1104 1478 1161 veracissime
1539 1103 1825 1176 scriptum
1884 1106 1991 1170 est,
2053 1106 2188 1171 etc.,

535 1214 705 1270 usque
734 1196 805 1252 ad
838 1212 954 1251 non
988 1194 1282 1250 obeditur.
1310 1194 1442 1265 (1d,,
1472 1194 1570 1249 lib.
1594 1193 1658 1249 de
1680 1192 1807 1249 Gen.
1835 1192 1903 1246 ad
1925 1191 2187 1258 litteram,

557 1302 674 1342 om.
709 1285 809 1352 III,
842 1288 991 1357 part.
1025 1299 1066 1351 1,
1100 1282 1208 1339 col.
1242 1284 1347 1338 416
1376 1285 1433 1339 01
1463 1284 1611 1355 seq.)

612 1374 918 1448 Diligenda
946 1376 1035 1429 est
1063 1372 1239 1429 etiam
1272 1372 1401 1443 ipsa
1432 1369 1687 1438 dilectio,
1745 1372 1878 1437 etc.,
1910 1385 2080 1441 usque
2121 1366 2190 1423 ad

537 1464 651 1521 nisi
681 1464 836 1520 bona
864 1462 1096 1519 dilectio
1120 1462 1148 1517 ‘?
1175 1462 1307 1529 (Id.,
1343 1468 1498 1516 tract.
1522 1461 1664 1532 psat.
1699 1475 1888 1527 cxvm,
1923 1462 2064 1513 tom.
2094 1456 2187 1526 IV,

537 1558 687 1627 part.
721 1571 781 1621 11,
815 1550 927 1608 col.
962 1550 1146 1623 1521.)

612 1642 715 1698 Est
742 1657 910 1697 amor
947 1657 1063 1713 quo
1097 1642 1351 1705 amatur,
1386 1642 1443 1694 et
1474 1638 1631 1711 quod
1680 1637 2023 1703 amandum,
2056 1638 2190 1703 etc.,

537 1746 709 1804 usque
756 1728 827 1786 ad
856 1728 1128 1784 vivimus.
1166 1729 1296 1799 (Id.,
1323 1744 1393 1783 ex
1422 1727 1520 1783 tib.
1550 1727 1708 1800 .Sent.
1740 1726 2014 1797 Prosperi,
2048 1728 2189 1781 tom.

538 1820 605 1889 X,
640 1822 790 1892 part.
826 1836 887 1885 11,
919 1817 1027 1873 col.
1058 1819 1195 1873 1870
1219 1821 1275 1873 et
1306 1818 1454 1889 seq.)

2294 653 2514 709 Christi.
2541 654 2661 709 Sub
2694 653 2807 709 alia
2838 653 3263 727 significatione
3296 651 3645 724 intelligitur
3676 649 3943 713 tentatio,

2293 744 2363 798 de
2393 758 2528 814 qua,
2562 747 2695 810 etc.,
2728 760 2894 815 usque
2921 743 2992 798 ad
3023 747 3332 815 portantur
3359 742 3493 811 (Id.,
3550 740 3647 795 tib.
3679 740 3745 795 de
3786 739 3946 795 Cons.

2292 849 2509 905 evang.,
2544 847 2631 902 11.,
2663 835 2806 888 tom.
2842 832 2939 901 III,
2972 835 3123 904 part.
3157 847 3196 901 ι,
3230 830 3339 887 001.
3367 831 3508 886 4112
3533 832 3590 885 01
3619 829 3765 902 seq.)

2366 938 2495 995 Alia
2520 943 2660 995 sunt
2689 955 2869 995 onera
2898 938 2959 994 in
2991 938 3209 1011 quibus
3242 936 3672 1009 unusquisque,
3701 940 3835 1004 etc.,
3860 953 3955 991 us-

2297 1045 2400 1101 que
2428 1029 2499 1084 ad
2528 1032 2918 1101 peccatorum.
2958 1028 3087 1100 (Id.,
3110 1044 3273 1083 serm.
3302 1026 3366 1083 de
3393 1026 3539 1082 verb.
3572 1033 3766 1097 apost.,
3801 1029 3951 1082 tom.

2295 1117 2367 1186 V,
2396 1122 2546 1190 part.
2582 1136 2618 1184 1,
2652 1117 2762 1173 col.
2794 1117 2941 1189 896.)

2369 1206 2516 1271 Quia
2542 1207 2767 1263 Veteris
2798 1206 3159 1262 Testamenti
3191 1205 3457 1262 custodia
3488 1205 3778 1273 timorem,
3810 1208 3954 1273 etc.,

2296 1313 2466 1369 usque
2494 1297 2564 1351 ad
2592 1296 2798 1370 erigat,
2835 1295 2965 1369 (Id.,
3000 1296 3097 1351 lib.
3124 1313 3327 1351 Lxxxm
3363 1295 3540 1364 Quaes.
3569 1298 3689 1349 tom
3721 1292 3814 1362 VI,
3834 1293 3951 1349 col.

2299 1386 2369 1440 80
2396 1389 2454 1441 et
2484 1388 2633 1458 seq.)

2373 1472 2473 1529 1110
2492 1473 2809 1548 languidus
2827 1475 3071 1547 grabato
3090 1474 3454 1547 portabatur,
3475 1476 3717 1529 sanatus
3728 1476 3954 1542 autem,

2300 1566 2434 1631 etc.,
2467 1580 2637 1635 usque
2664 1564 2734 1619 ad
2765 1564 3100 1637 proximum
3129 1568 3320 1619 tuum.
3365 1563 3496 1635 (Id.,
3528 1570 3693 1619 tract.
3740 1564 3955 1632 Evang.

2298 1667 2400 1707 sec.
2432 1654 2570 1709 Joan
2600 1695 2613 1721 ,
2646 1670 2784 1724 xvu,
2816 1656 2959 1709 tom.
2992 1653 3093 1722 III,
3127 1657 3277 1725 part.
3309 1656 3365 1720 2,
3406 1651 3515 1708 col.
3551 1651 3735 1724 1532.)

2375 1758 2624 1815 Invicem
2656 1777 2834 1816 onera
2861 1764 3053 1816 vestra
3081 1763 3324 1833 portate,
3357 1762 3414 1815 et
3443 1758 3527 1815 sic
3559 1757 3962 1831 adimplebitis

2300 1847 2488 1921 legem
2515 1847 2751 1904 Christi.
2776 1849 2928 1904 Audi
2962 1848 3283 1917 Psalmum,
3308 1851 3442 1916 etc.,
3468 1864 3639 1920 usque
3665 1847 3735 1904 ad
3764 1847 3958 1921 legem

611 1907 881 2010 Οιῆθηάἓιι
909 1905 1068 2006 “iis
1101 1908 1665 2010 ῗεῖῌξιβηεῖξπνέξγ
1725 1920 1894 1977 υδίὶαθ
1936 1903 2006 1959 αλ
2061 1919 2193 1975 Ρτθ·
2221 1941 2269 2008 Β
2298 1903 2842 2005 οέιέίειίιιά..ςενηι.
2876 1939 2942 1994 de
2964 1903 3137 2010 Epist.
3168 1903 3351 2007 Joan,
3385 1903 3622 2007 ιξιοιὶιη
3650 1940 3747 2007 ιιι,
3799 1903 3957 2010 ρυειιοι.

537 2001 785 2054 muntur
811 1995 1079 2069 imperio.
1112 1995 1301 2065 (Ibid.,
1334 1993 1439 2051 col.
1473 1993 1657 2065 1873.)

610 2086 759 2155 Quod
782 2087 835 2141 si
857 2086 1063 2157 spiritu
1091 2084 1380 2151 ducimini,
1412 2099 1523 2139 non
1543 2085 1670 2139 estis
1689 2084 1788 2138 sub
1819 2083 1953 2151 lege'
1980 2082 2194 2154 Magna

534 2175 681 2232 mihi
712 2174 939 2231 videtur
968 2172 1233 2246 quaestio,
1266 2172 1406 2245 quid
1432 2172 1511 2228 sit
1540 2188 1669 2228 esse
1700 2172 1833 2237 sub,
1857 2176 1995 2241 etc.,
2021 2187 2192 2242 usque

534 2266 624 2334 ad,
658 2279 980 2337 peccarem.
1014 2262 1149 2335 (Id.,
1180 2263 1338 2335 epist.
1373 2261 1442 2317 ad
1470 2262 1874 2330 Hieron.,tom.
1907 2260 1958 2316 II
1988 2259 2192 2317 001284

537 2357 595 2410 01
624 2356 773 2427 seq.)

609 2442 773 2513 Caro,
805 2440 1019 2514 inquit,
1050 2439 1413 2513 concupiscit
1443 2441 1741 2509 adversus,
1776 2444 1912 2508 etc.,
1932 2437 2193 2511 usquead

538 2530 850 2587 libertatis.
885 2530 1015 2602 (Id.,
1049 2531 1146 2586 lib.
1173 2530 1239 2586 de
1265 2530 1389 2585 Nat.
1415 2538 1467 2586 et
1489 2529 1656 2601 grat.)

610 2622 899 2693 Manifesta
919 2628 1102 2676 autem
1116 2627 1435 2692 suntopera,
1463 2623 1552 2675 etc
1584 2662 1598 2687 ,
1631 2635 1819 2691 usque
1845 2619 1917 2675 ad
1940 2635 2050 2675 non
2068 2636 2193 2675 con-

537 2717 852 2782 sequentur.
886 2709 1030 2765 Cum
1064 2709 1270 2765 multis
1303 2708 1493 2765 modis
1524 2725 1671 2781 quos
1729 2709 2080 2780 perscrutari
2138 2712 2195 2764 et

539 2798 831 2873 colligere,
867 2803 1003 2868 etc.,
1038 2814 1210 2871 usque
1241 2798 1311 2853 ad
1340 2797 1698 2870 loqueretur,
1727 2797 1859 2867 (Id.,
1883 2798 1956 2853 ib.
1990 2798 2054 2853 de
2075 2798 2188 2854 Civ.

536 2889 637 2945 Dei
664 2906 778 2957 XIV,
812 2905 862 2955 c,
896 2889 986 2957 23,
1019 2893 1163 2943 tom.
1195 2887 1342 2955 VII,,
1377 2884 1485 2943 col.
1519 2887 1623 2941 404
1652 2892 1710 2943 01
1741 2886 1889 2959 seq.)

609 2978 805 3034 Potest
834 2976 1004 3034 nobis
1036 2977 1086 3032 si
1130 2977 1425 3032 frumenta
1473 2974 1788 3045 dominica,
1840 2979 1975 3044 etc.,
2023 2992 2193 3048 usque

541 3065 615 3123 ad
646 3065 876 3123 alienus
906 3066 1004 3123 sit.
1037 3065 1170 3135 (Id.,
1206 3064 1302 3120 lib.
1336 3082 1395 3120 1v
1449 3065 1514 3121 de
1564 3066 1861 3137 Baptismo,
1918 3069 2062 3120 tom.
2095 3064 2187 3135 ΧΙ,

541 3154 652 3213 001.
688 3157 791 3211 170
805 3158 875 3212 -et
903 3154 1050 3228 seq.)

608 3243 718 3310 Qui
749 3261 864 3301 non
892 3244 1083 3302 solum
1112 3242 1368 3313 diabolo,
1402 3247 1536 3311 etc.,
1594 3260 1763 3316 usque
1789 3244 1860 3300 ad
1889 3243 1948 3299 in
1987 3260 2186 3318 regno.

536 3333 669 3408 (1d,,
713 3336 790 3391 tib
822 3335 887 3391 de
913 3334 1026 3391 Civ.
1062 3335 1179 3403 Dei,
1212 3343 1331 3405 xx.)

538 3448 547 3455 ·
609 3423 880 3493 Quoniam
903 3425 1002 3498 qui
1028 3424 1166 3480 talia
1194 3429 1385 3495 agunt,
1418 3438 1650 3492 regnum
1680 3424 1779 3479 Dei
1805 3441 1917 3479 non
1939 3423 2184 3496 posside-

534 3513 691 3569 bunt.
725 3513 850 3569 Non
882 3511 983 3585 qui
1013 3513 1292 3568 adversus
1321 3509 1463 3567 talia
1493 3512 1816 3585 confligunt
1849 3529 1861 3568 :
1895 3514 2018 3581 sed,
2048 3516 2182 3585 etc.,

540 3618 710 3674 usque
723 3601 795 3657 ad
826 3601 926 3657 sed
959 3605 1178 3673 postea.
1204 3600 1336 3673 (Id.,
1361 3607 1499 3655 tract
1516 3602 1658 3672 psat.
1693 3618 1881 3671 cxun,
1910 3605 2051 3658 tom.
2085 3602 2179 3671 1V,

535 3695 687 3763 part.
721 3707 783 3758 ιι,
815 3690 925 3745 001.
962 3690 1146 3760 1859.)

608 3780 857 3835 Fructus
886 3777 1042 3833 enim
1074 3777 1318 3850 spiritus
1363 3783 1473 3847 est,
1536 3778 1814 3848 charitas,
1874 3778 2178 3852 gaudium,

532 3866 1109 3941 pax,longanimitas,
1128 3866 1380 3936 bonitas,
1397 3866 1745 3941 benignitas,
1771 3868 1935 3937 fides,
1957 3869 2183 3924 modes-

530 3957 632 4022 tia,
666 3955 1048 4012 continentia.
1080 3956 1373 4013 Adversus
1405 3956 1584 4028 hujus
1617 3956 1771 4012 modi
1804 3973 1920 4013 non
1951 3962 2040 4014 est
2069 3957 2178 4013 lex.

529 4046 690 4114 Quod
724 4044 1011 4117 adiunxit,
1042 4050 1107 4100 ut
1136 4046 1571 4117 quodcumque,
1605 4049 1739 4113 etc.,
1768 4061 1938 4117 usque
1965 4046 2034 4101 ad
2063 4047 2182 4102 efﬁ-

526 4134 682 4191 citur
710 4134 918 4192 bonus.
954 4134 1086 4206 (Id.,
1130 4142 1287 4190 tract.
1336 4136 1538 4205 Evang.
1589 4151 1693 4190 sec.
1744 4136 1900 4191 Joau.
1935 4152 2179 4204 Lxxxvu,

525 4227 667 4281 tom.
704 4229 803 4292 111,
836 4228 968 4298 part
999 4241 1061 4293 ιι,
1096 4223 1204 4279 001.
1240 4224 1380 4279 1852
1408 4228 1465 4279 01
1495 4224 1643 4296 seq.)

597 4316 706 4383 Qui
732 4322 915 4370 autem
940 4321 1070 4369 sunt
1096 4313 1319 4380 Christi,
1367 4330 1613 4382 carnem,
1673 4318 1806 4382 etc.,
1869 4331 2057 4387 usque
2105 4316 2177 4371 ad

524 4404 843 4459 invidentes.
876 4401 1157 4475 Congruit
1178 4407 1388 4458 nostra:
1407 4402 1717 4473 devotioni,
1744 4407 1879 4470 etc.,
1910 4421 2081 4477 usque
2107 4405 2180 4461 ad

523 4491 641 4548 Deo
668 4491 1014 4564 placentem.
1050 4492 1180 4564 (Id.,
1229 4508 1392 4547 serm.
1425 4492 1489 4548 de
1534 4493 1895 4563 Quadrages.,
1929 4497 2072 4550 tom.
2105 4494 2175 4562 V,

522 4584 673 4652 part.
705 4598 745 4647 1,
777 4579 888 4636 col.
919 4580 1107 4650 1039.)

2301 2044 2360 2093 11,
2390 2026 2498 2083 col.
2525 2027 2705 2100 1987.)

2372 2115 2479 2179 Qui
2512 2121 2747 2188 portant
2775 2116 3022 2173 invicem
3054 2134 3231 2172 onera
3260 2134 3370 2172 sua
3405 2115 3520 2172 nisi
3568 2116 3667 2188 qui
3710 2114 3958 2186 habent,

2301 2209 2434 2273 etc.,
2467 2222 2635 2279 usque
2665 2206 2734 2261 ad
2766 2206 2848 2263 ait
2876 2206 3213 2280 Apostolus.
3239 2206 3370 2282 (Id.,
3397 2213 3555 2262 tract.
3585 2206 3729 2278 psal.
3762 2223 3957 2277 cxxu,

2300 2296 2443 2348 tom.
2479 2294 2571 2363 IV,
2605 2300 2752 2367 part.
2787 2314 2848 2363 11,
2882 2294 2992 2352 001.
3026 2296 3166 2351 4698
3196 2300 3252 2351 01
3280 2298 3430 2368 seq.)

2372 2386 2517 2439 Nam
2544 2387 2596 2440 si
2614 2386 2738 2457 quis
2757 2387 3036 2440 existimat
3063 2401 3120 2441 se
3142 2385 3356 2457 aliquid
3382 2400 3496 2441 esse
3517 2400 3643 2439 cum
3674 2386 3833 2441 mihi!
3858 2387 3957 2453 sit,

2302 2473 2416 2543 ipse
2444 2490 2501 2528 se
2528 2474 2756 2529 seducit.
2800 2475 2998 2546 Neque
3030 2474 3187 2529 enim
3219 2490 3463 2546 prorsus
3520 2472 3686 2529 nulla
3741 2492 3833 2531 res
3863 2480 3962 2532 est

2301 2562 2478 2618 homo
2510 2564 2580 2619 de
2612 2580 2725 2636 quo
2756 2563 2840 2619 ait
2869 2563 3202 2636 Apostolus.
3238 2563 3345 2631 Qui
3401 2580 3463 2619 se
3493 2568 3662 2636 putat
3702 2562 3956 2637 aliquid,

2303 2656 2436 2722 etc.,
2494 2669 2666 2725 usque
2716 2652 2787 2707 ad
2838 2653 3170 2708 sanitatem.
3201 2653 3307 2716 (Id.
3369 2660 3526 2709 tract.
3582 2654 3787 2725 Evang.
3841 2670 3957 2710 sec.

2299 2743 2478 2811 Joan.,
2511 2758 2606 2809 cu,
2638 2747 2786 2799 tom.
2827 2742 2923 2810 III,
2952 2745 3102 2814 part.
3139 2759 3197 2809 ιι,
3233 2740 3337 2798 001.
3374 2741 3561 2812 4896.)

2373 2832 2695 2888 LLaudans
2724 2830 2930 2887 invoca
2960 2830 3300 2900 Dominum,
3335 2834 3392 2887 et
3438 2832 3510 2887 ab
3543 2831 3800 2888 inimicis
3833 2832 3961 2890 tuis

2302 2919 2500 2976 salvus
2531 2921 2666 2976 eris.
2701 2919 2847 2984 Quia
2878 2921 3033 2992 quod
3066 2921 3190 2993 ipse
3220 2920 3504 2977 Dominus
3537 2937 3551 2975 :
3587 2920 3958 2979 Sacrificium

2300 3007 2515 3078 laudis,
2551 3014 2683 3079 etc.,
2716 3026 2885 3084 usque
2918 3011 2987 3066 ad
3041 3009 3179 3066 audi
3221 3010 3588 3082 Apostolum.
3624 3011 3755 3086 (Id.,
3786 3029 3956 3069 serm.

2298 3098 2364 3154 de
2392 3100 2537 3154 verb.
2572 3105 2714 3172 Αρο.
2748 3112 2874 3174 x11.)

2374 3192 2527 3261 Opus
2555 3196 2739 3245 autem
2765 3205 2929 3245 suum
2949 3189 3140 3261 probet
3160 3190 3535 3262 unusquisque
3557 3206 3569 3245 :
3594 3197 3645 3246 et
3673 3192 3753 3246 sic
3782 3191 3836 3245 in
3869 3206 3957 3246 se-

2296 3280 2547 3351 metipso,
2581 3282 2714 3346 etc.,
2749 3294 2935 3350 usque
2966 3279 3037 3334 ad
3068 3284 3355 3336 aeternam.
3418 3278 3592 3335 Stulti
3622 3282 3679 3335 et
3707 3278 3807 3351 qui
3836 3278 3958 3336 sibi

2297 3366 2528 3439 placent
2557 3370 2838 3439 tanquam
2871 3367 2963 3436 dc,
3008 3370 3143 3436 etc.,
3175 3384 3346 3440 usque
3388 3368 3457 3423 ad
3486 3367 3786 3440 glorietur.
3819 3367 3954 3441 (Id.,

2295 3458 2392 3512 lib.
2426 3457 2491 3513 de
2523 3457 2670 3513 Crat.
2695 3459 2836 3515 Novi
2869 3458 3059 3526 Testa.,
3091 3460 3235 3512 tom.
3270 3457 3341 3527 ΙΙ,
3372 3455 3481 3512 001.
3512 3457 3663 3525 574.)

2363 3564 2433 3620 Ε1
2464 3581 2568 3620 nos
2600 3563 2837 3637 quidem
2870 3564 2941 3621 de
2980 3566 3194 3621 sancta:
3252 3562 3495 3637 virginis
3555 3562 3866 3637 disciplina
3893 3568 3959 3620 et.

2291 3652 2646 3721 humilitate,
2678 3659 2812 3722 etc.,
2846 3660 3012 3727 usque
3042 3654 3113 3710 ad
3129 3653 3325 3710 anima
3347 3655 3496 3726 ejus.
3527 3653 3657 3723 (Id.,
3690 3655 3844 3727 epist.
3878 3654 3957 3711 ad

2289 3744 2598 3812 lulianum,
2632 3748 2773 3800 tom.
2807 3748 2880 3813 II,
2914 3742 3023 3799 col.
3048 3745 3197 3808 852.)

2362 3834 2577 3889 Bonum
2606 3835 2755 3889 enim
2790 3835 3077 3905 facientes,
3118 3838 3252 3900 etc.,
3299 3849 3488 3905 usque
3536 3833 3609 3888 ad
3655 3850 3763 3890 non
3810 3833 3954 3907 deﬁ-

2289 3923 2508 3978 cientes.
2541 3923 2694 3978 Sane
2751 3923 3020 3994 quaedam
3053 3922 3323 3994 quamvis
3381 3922 3441 3977 in
3484 3922 3742 3993 nomine,
3804 3928 3950 3993 etc,,

2290 4028 2458 4084 usque
2484 4012 2554 4067 ad
2586 4016 2897 4068 metemus.
2924 4012 3054 4080 (Id.,
3077 4020 3257 4081 tract.,
3280 4012 3482 4083 Evang.
3516 4029 3620 4068 sec.
3650 4014 3806 4069 Joan.
3842 4030 3947 4084 v11,

2290 4136 2366 4187 1v,
2398 4122 2541 4184 tom,
2576 4119 2674 4186 IlI,
2707 4122 2859 4190 part.
2895 4136 2957 4186 11,
2992 4116 3101 4173 col.
3138 4119 3276 4173 1825
3305 4122 3364 4174 01
3391 4124 3539 4190 seq.)

2362 4209 2571 4264 Semen
2603 4207 2811 4263 futura;
2844 4207 3057 4263 messis
3096 4224 3273 4280 Opera
3328 4224 3457 4263 esse
3508 4206 3942 4278 misericordia,

2287 4301 2421 4365 etc.,
2452 4314 2622 4370 usque
2650 4298 2719 4353 ad
2747 4296 3127 4365 valeat?(ld.,
3161 4306 3319 4353 tract.
3346 4298 3492 4369 psal.
3522 4314 3635 4366 σει,
3665 4301 3808 4354 tom.
3841 4298 3942 4364 ιν,

2288 4391 2436 4459 part.
2472 4404 2532 4455 11,
2567 4385 2676 4443 col.
2713 4386 2895 4457 1468.)

2357 4475 2492 4532 Mihi
2518 4485 2700 4531 autem
2730 4475 2875 4531 absit
2902 4476 3155 4545 gloriari,
3207 4478 3326 4532 nisi
3349 4477 3407 4532 in
3440 4492 3612 4544 cruce,
3671 4480 3804 4546 etc.,
3838 4494 3943 4533 us-

2287 4581 2401 4638 que
2431 4565 2503 4621 ad
2533 4581 2674 4621 nova
2703 4572 2973 4621 creatura.
3007 4564 3349 4621 Dilexerunt
3374 4565 3532 4621 enim
3564 4565 3809 4639 gloriam
3838 4564 3945 4623 ho-

593 4672 727 4725 Haec
754 4673 846 4725 est
871 4668 1127 4725 hominis
1141 4669 1259 4726 vita
1288 4671 1660 4743 beata,atque
1681 4671 2020 4745 tranquilla,
2037 4676 2172 4743 etc.,

2322 4654 2516 4710 minum
2548 4653 2757 4727 magis,
2792 4658 2928 4719 etc.,
2964 4670 3132 4725 usque
3185 4654 3262 4711 ad
3292 4653 3516 4729 diligat.
3579 4655 3710 4727 (Id.,
3753 4663 3938 4729 tract,

521 4773 694 4830 usque
722 4758 1303 4831 adconcupiscentis.
1339 4760 1469 4831 (Id.,
1503 4761 1599 4816 lib.
1631 4769 1801 4817 contr.
1834 4743 2073 4818 Manich.
2108 4766 2172 4833 1.)

2322 4746 2488 4816 'vang.
2521 4759 2625 4799 sec.
2655 4748 2821 4813 Joan,
2845 4760 2900 4811 v,
2930 4744 2984 4812 3,
3013 4748 3154 4800 tom.
3180 4743 3277 4812 III,
3309 4749 3464 4817 part.
3497 4761 3560 4812 11,
3595 4743 3685 4801 col
3718 4746 3905 4810 1780.)

1154 4856 1385 4913 CAPUT
1423 4856 1537 4912 XV.

590 4939 826 5006 Fratres,
858 4941 985 4995 etsi
1008 4946 1417 5011 praeoccupatus
1440 4939 1630 5011 fuerit,
1665 4943 1798 5007 etc.,
1819 4955 2007 5011 usque
2024 4941 2095 4996 ad
2114 4948 2174 4997 tu

518 5031 759 5085 tenteris.
792 5029 1082 5094 Quaaritur
1114 5028 1265 5083 inter
1293 5032 1599 5101 peccatum
1649 5031 1706 5084 et
1735 5027 2011 5085 delictum
2043 5047 2170 5102 quae

518 5116 615 5187 sit,
639 5121 772 5185 etc.,
796 5134 967 5189 usque
990 5118 1059 5173 ad
1080 5117 1504 5189 comprehensa
1534 5121 1693 5173 sunt.
1709 5118 1841 5187 (Id.,
1858 5120 2165 5186 lib.Quzest.

517 5206 685 5261 Leuit.
719 5209 801 5262 tit.
832 5210 928 5276 28,
954 5211 1097 5262 tom.
1133 5206 1291 5273 CXV,
1327 5210 1475 5279 part.
1510 5224 1548 5275 1,
1584 5207 1690 5262 col.
1727 5208 1797 5261 68
1859 5213 1916 5263 01
1946 5213 2093 5281 seq.)

585 5294 817 5352 Scimus
848 5301 1043 5353 autem
1076 5295 1215 5368 quia
1246 5295 1335 5351 lex
1384 5294 1665 5368 spiritalis
1710 5300 1819 5364 est,
1850 5313 1977 5370 ego,
2030 5303 2163 5365 etc.,

512 5399 684 5457 usque
711 5385 782 5440 ad
813 5385 897 5441 sic
923 5390 1030 5441 est.
1068 5385 1199 5459 (Id.,
1232 5401 1394 5440 serm.
1428 5384 1657 5440 deverb.
1689 5393 1885 5458 apost.,
1920 5390 2062 5441 tom.
2095 5386 2164 5455 V,

514 5477 665 5544 part.
694 5490 733 5541 1,
765 5472 876 5530 col.
908 5476 1058 5543 836.)

586 5562 646 5618 Si
674 5568 1112 5635 praeoccupatus
1154 5564 1327 5619 fuerit
1373 5563 1548 5619 homo
1579 5564 1659 5633 in,
1721 5570 1867 5633 etc.,
1901 5581 2069 5637 usque
2097 5567 2167 5622 ad

513 5650 920 5721 compatientis
951 5655 1180 5710 affectu.
1215 5652 1344 5719 (Id.,
1367 5655 1523 5724 epist.
1557 5654 1627 5710 ad
1657 5656 1711 5710 S.
1744 5654 1987 5721 Hieron.,
2021 5660 2161 5712 tom.

512 5742 588 5811 11,
620 5739 730 5796 col.
761 5740 911 5813 288.)

2357 4851 2482 4907 Ibat
2505 4866 2643 4923 ergo
2665 4850 2738 4906 ad
2768 4849 2961 4906 locum
2981 4850 3081 4906 ubi
3105 4850 3294 4907 fuerat
3313 4849 3767 4923 crucifigendus,
3798 4857 3936 4923 etc.,

2280 4956 2451 5013 usque
2480 4939 2549 4995 ad
2604 4939 2844 4995 ferebat.
2877 4939 3009 5009 (Id.,
3043 4948 3198 4995 tract.
3259 4940 3467 5010 Evang.
3497 4956 3603 4997 sec.
3660 4945 3827 4999 Joan.
3871 4962 3935 5012 11,

2279 5032 2422 5085 tom.
2457 5030 2553 5097 III,
2589 5032 2737 5101 part.
2769 5045 2826 5096 11,
2862 5028 2969 5085 col.
3006 5028 3151 5085 4945
3183 5032 3239 5085 01
3271 5047 3372 5102 seq
3401 5034 3421 5099 )

2352 5118 2473 5173 Fiat
2504 5134 2615 5190 pax
2647 5118 2705 5171 in
2729 5116 2943 5173 virtute
2973 5121 3094 5184 tua,
3117 5122 3249 5186 etc.,
3277 5133 3448 5190 usque
3476 5116 3545 5173 ad
3568 5117 3625 5172 in
3651 5117 3789 5173 Deo.
3818 5120 3931 5189 ([d.

2276 5214 2429 5263 tract.
2457 5207 2660 5280 psatm.
2693 5223 2843 5271 cxx1,
2877 5211 3019 5261 tom.
3053 5206 3146 5274 ιν,
3182 5210 3331 5278 part.
3363 5223 3422 5273 11,
3447 5205 3535 5261 col
3566 5207 3753 5275 1628.)

2345 5298 2409 5352 In
2441 5300 2730 5369 quantum
2751 5295 2853 5351 Dei
2875 5296 3228 5367 sapientiam
3256 5312 3360 5368 per
3380 5312 3559 5368 quam
3588 5296 3740 5351 tacta
3768 5302 3927 5368 sunt,

2272 5390 2407 5452 etc.,
2439 5402 2608 5459 usque
2638 5386 2707 5441 ad
2736 5384 3102 5441 morientem.
3139 5386 3270 5458 (Id.,
3313 5384 3410 5441 tib.
3446 5401 3488 5440 11
3535 5384 3600 5440 de
3645 5386 3925 5456 Trinitate,

2274 5480 2416 5531 tom.
2454 5475 2594 5543 VIII,
2627 5474 2715 5530 col
2750 5476 2900 5547 864.)

2344 5565 2487 5619 Cum
2518 5563 2839 5621 viderimus
2868 5580 3002 5619 cum
3036 5564 3205 5619 sicuti
3240 5568 3351 5629 est,
3388 5564 3516 5636 jam
3550 5563 3797 5620 transiet
3826 5584 3925 5640 pe-

2273 5653 2609 5727 regrinatio,
2643 5658 2774 5720 etc.,
2807 5670 2976 5725 usque
3020 5654 3091 5709 ad
3139 5654 3580 5710 erubescamus.
3616 5652 3725 5715 (Id.
3758 5672 3943 5713 serna-

2272 5743 2335 5800 de
2366 5759 2474 5799 ver.
2507 5750 2676 5814 apost.
2711 5744 2804 5815 20,
2835 5748 2979 5799 tom.
3011 5743 3078 5812 V,
3112 5748 3263 5817 part.
3295 5761 3335 5811 1,
3368 5742 3460 5800 col
3492 5744 3644 5808 181.)
