4114 6446
501 439 622 503 375

1724 428 1956 502 FLOR!
1997 436 2314 500 DIACONI
2357 436 2742 501 MONACHI.

579 580 721 632 Deus
752 582 932 632 autem
962 576 1061 648 qui
1088 575 1255 645 dives,
1284 578 1417 640 etc.,
1453 590 1639 645 usque
1670 573 1740 628 ad
1772 572 1986 627 Christo
2006 573 2151 628 Jesu.
2184 569 2239 638 Α
2267 569 2402 639 bus,
2434 575 2566 638 etc.,
2598 587 2768 643 usque
2806 571 2876 627 ad
2922 571 3097 627 verba
3143 584 3368 626 eorum.
3405 568 3538 641 (Id.,
3569 575 3724 625 tract.
3747 568 3926 640 psal.,

505 666 668 731 Quod
718 664 815 722 hic
864 665 1030 734 dixit,
1081 664 1513 721 Conviviﬁcavit
1558 680 1665 718 nos
1713 660 1966 726 Christo,
2017 665 2154 727 etc.,

506 769 677 826 usque
707 752 778 811 ad
834 752 1103 827 sequitur
1148 756 1205 808 et
1259 752 1418 807 dicit.
1455 752 1586 824 (Id.,
1621 750 1718 806 lib.
1780 758 1952 807 contr.
1986 750 2155 806 Faus-

504 848 649 911 tum,
683 846 829 899 tom.
861 841 1010 912 VIII,
1045 841 1153 899 col.
1186 843 1339 911 252.)

584 935 648 991 Ut
689 931 986 991 ostenderet
1012 932 1073 988 in
1112 931 1639 1003 supervenientibus,
1687 934 1821 1000 etc.,
1855 946 2042 1002 usque
2085 930 2158 985 ad

511 1023 724 1079 Christo
743 1024 888 1079 Jesu.
914 1022 976 1078 In
998 1020 1141 1077 cmlo
1162 1037 1299 1094 ergo
1324 1038 1431 1077 nos
1464 1021 1694 1076 futuros
1711 1036 1839 1075 esse
1863 1018 2156 1092 promisit,

511 1116 644 1180 etc.,
696 1125 867 1183 usque
912 1110 982 1165 ad
1028 1124 1143 1166 non
1191 1110 1441 1166 dubitat.
1478 1110 1610 1182 (Id.,
1642 1116 1804 1165 tract.
1837 1124 1942 1166 sec.
1974 1111 2156 1179 Joan.,

512 1204 652 1257 tom.
688 1201 783 1271 III,
818 1203 968 1273 part.
1001 1217 1064 1266 11,
1097 1199 1209 1256 col.
1243 1200 1427 1271 4926.)

582 1309 831 1364 Gratiam
857 1310 1007 1365 enim
1034 1308 1234 1364 salvati
1261 1309 1411 1375 estis,
1444 1308 1577 1378 etc.,
1597 1324 1787 1380 usque
1807 1306 1877 1362 ad
1912 1308 2035 1380 quis
2050 1308 2163 1376 glo-

512 1401 706 1455 rietur.
723 1398 850 1453 Non
883 1397 1022 1470 quia
1051 1397 1205 1452 bona
1234 1414 1410 1469 opera
1432 1397 1543 1452 ista
1566 1396 1662 1469 pia
1683 1395 2035 1469 cogitatione
2050 1396 2162 1451 fru-

511 1491 949 1561 strantur,etc.,
982 1503 1153 1560 usque
1181 1487 1251 1542 ad
1283 1502 1352 1542 ex
1381 1486 1498 1541 Deo
1522 1489 1627 1542 est.
1662 1485 2165 1557 (ld.,lib.adBoni-

509 1579 722 1651 facium
762 1595 895 1652 pap.
937 1578 1091 1649 urb.,
1122 1579 1265 1633 tom.
1298 1575 1364 1646 Χ,
1399 1578 1546 1649 pert.
1582 1593 1621 1643 1,
1653 1573 1761 1631 col.
1792 1575 1899 1630 584
1928 1579 1985 1631 et
2014 1576 2162 1648 seq.)

587 1690 731 1742 Cum
764 1684 1033 1751 dixisset,
1072 1682 1270 1740 Gratia
1317 1680 1463 1739 salvi
1510 1682 1667 1752 facti,
1713 1686 1852 1750 etc.,
1894 1699 2065 1756 usque
2093 1682 2164 1739 ad

515 1774 913 1833 ambulemus.
940 1774 1070 1843 (Id.,
1088 1774 1186 1830 lib.
1218 1774 1282 1830 de
1304 1772 1517 1831 Grat.et
1543 1772 1702 1842 liber,
1720 1774 2070 1842 arbit.,tom.
2091 1777 2160 1842 X,

516 1867 666 1938 part.
693 1881 734 1930 1,
767 1863 877 1919 col.
909 1864 1010 1919 891
1045 1866 1103 1918 et
1134 1864 1283 1935 seq.)

2264 663 2407 717 tom.
2443 660 2536 729 IV,
2570 664 2720 733 part.
2754 677 2818 726 11,
2848 660 2958 717 col.
2996 661 3134 716 1049
3160 653 3393 732 θῐέθᾳ.)

2904 776 3136 833 CAPUT
3178 775 3278 832 III.

2336 885 2512 956 Hujus
2558 886 2644 940 rei
2682 887 2867 955 gratia
2911 900 3007 955 ego
3054 884 3264 940 Paulus
3307 885 3521 939 vinctus
3550 882 3758 939 Christi
3785 886 3939 940 Jesu

2265 990 2369 1045 pro
2397 975 2549 1029 vobis
2580 974 2833 1043 gentibus
2864 992 2883 1029 :
2913 975 2966 1030 si
2995 981 3176 1029 tamen
3203 972 3601 1042 audistis,etc.,
3635 988 3822 1044 usque
3857 971 3939 1027 ad

2268 1064 2368 1135 qui
2391 1064 2577 1119 omnia
2606 1062 3029 1119 creavit.Habct
3046 1063 3198 1118 Deus
3227 1061 3288 1117 in
3318 1061 3635 1136 semetipso
3670 1062 3931 1116 abscon-

2269 1152 2423 1207 ditae
2455 1152 2847 1224 quorumdam
2871 1152 3514 1223 factorum,etc.,usque
3534 1150 3605 1206 ad
3626 1150 3724 1205 dat
3746 1150 3929 1206 Deus.

2268 1242 2350 1314 (S.
2380 1242 2527 1313 Aug.
2549 1234 2662 1296 'lib.
2698 1257 2753 1297 Ix
2781 1240 2847 1297 de
2889 1240 3076 1298 Cenes.
3112 1240 3183 1295 ad
3230 1240 3362 1307 litt.,
3390 1244 3532 1295 tom.
3568 1238 3663 1307 III,
3697 1244 3848 1310 part.
3886 1254 3930 1307 1,

2271 1330 2380 1386 col.
2415 1330 2519 1385 406
2544 1332 2601 1386 et
2634 1347 2759 1401 seq.

2346 1422 2409 1477 Ut
2438 1421 2742 1476 innotescat
2747 1419 3096 1491 principibus
3128 1425 3197 1489 et,
3212 1422 3348 1487 etc.,
3364 1434 3552 1491 usque
3564 1418 3635 1474 ad
3643 1434 3745 1490 per
3760 1418 3932 1490 ﬁdem

2271 1511 2407 1582 ejus.
2423 1509 2549 1565 Non
2578 1526 2717 1565 sane
2737 1511 2972 1581 propter
2992 1508 3336 1564 inferiorum
3350 1507 3658 1564 scientiam
3673 1506 3925 1575 nuntiis,

2271 1603 2379 1656 etc.
2431 1615 2600 1671 usque
2627 1598 2697 1654 ad
2746 1598 2970 1653 dictum
3009 1600 3118 1652 est.
3148 1596 3276 1666 (Id.,
3329 1597 3429 1653 lib.
3458 1614 3495 1653 ν
3522 1596 3589 1653 de
3620 1596 3802 1653 Cenes.
3857 1597 3933 1653 ad

2274 1689 2403 1757 litt.,
2432 1693 2574 1743 tom.
2610 1686 2706 1744 ΙΙΙ.
2730 1689 2879 1760 pait.
2903 1703 2942 1752 1,
2984 1686 3093 1743 col.
3122 1686 3227 1742 334
3255 1690 3313 1742 et
3342 1689 3492 1759 seq.)

2344 1779 2571 1850 Propter
2597 1776 2739 1849 quod
2765 1784 2884 1848 peto
2913 1792 2981 1831 ne
3010 1775 3299 1847 deﬁciatis,
3331 1779 3439 1831 etc.
3448 1792 3672 1848 ,usque
3721 1777 3794 1833 ad
3828 1794 3939 1851 per

2272 1868 2435 1939 ﬁdem
2464 1868 2524 1923 in
2553 1866 2804 1923 cordibus
2833 1866 3044 1921 vestris.
3073 1864 3413 1923 Cousonant
3464 1882 3670 1923 omnes
3712 1865 3930 1924 divina:

588 1954 882 2027 Scriptum
913 1952 1181 2025 est,quia
1210 1951 1467 2024 sumpsit
1491 1950 1645 2007 Deus
1678 1950 1885 2006 limum
1901 1952 1972 2007 de
1988 1955 2162 2019 terra,
2193 1947 2243 2013 B
2271 1956 2570 2024 lectiones,
2605 1960 2670 2012 ut
2699 1972 2865 2027 spem
2898 1971 3015 2011 non
3047 1953 3129 2021 in,
3162 1959 3484 2028 etc.,usque
3512 1955 3581 2013 ad
3613 1956 3713 2012 det
3739 1956 3935 2013 vobis.

516 2048 655 2110 etc.,
685 2059 855 2116 usque
890 2042 961 2098 ad
1009 2039 1574 2113 ambulemus;(ld.,
1606 2048 1763 2096 tract.
1794 2041 1943 2113 psal.
1979 2057 2164 2112 cxuv,

512 2137 658 2195 tam.
685 2132 779 2205 IV,
810 2134 959 2205 part.
993 2148 1056 2198 11,
1089 2129 1198 2187 col.
1227 2131 1367 2186 1875
1397 2133 1455 2186 et
1478 2133 1628 2205 seq.)

586 2221 887 2289 Quomodo
938 2220 1254 2294 quisquam
1304 2219 1375 2275 de
1404 2218 1586 2276 libero
1620 2218 1861 2275 arbitrio
1908 2219 1967 2275 in
1989 2220 2164 2289 bono,

514 2316 648 2379 etc.,
677 2327 850 2383 usque
877 2310 948 2367 ad
973 2313 1267 2366 creaverat
1295 2309 1621 2379 Deus.(Id.,
1652 2310 1729 2365 lib
1758 2309 2164 2379 Enchir.,tom.

514 2402 611 2471 VI,
640 2400 750 2458 col.
781 2402 936 2471 247.)

589 2491 788 2551 Gratia
816 2489 962 2547 salvi
992 2489 1127 2546 facti
1156 2489 1297 2545 estis
1328 2504 1431 2561 per
1457 2489 1634 2545 ﬁdem
1670 2506 1682 2544 :
1717 2493 1775 2546 et
1804 2489 1914 2546 hoc
1944 2507 2061 2546 non
2100 2506 2169 2546 ex

516 2580 682 2637 vobis
715 2597 729 2636 :
763 2579 868 2637 sed
897 2577 1019 2647 Dei,
1052 2582 1370 2649 etc.,usque
1398 2575 1468 2631 ad
1498 2577 2168 2648 damnes.(ld.,serm.de

517 2670 663 2727 verb.
697 2676 867 2742 apost.
892 2685 985 2735 xv,
1016 2673 1160 2724 tom.
1187 2665 1258 2735 V,
1290 2668 1436 2738 part.
1471 2683 1511 2735 1,
1540 2664 1649 2721 col.
1678 2666 1784 2721 9l6
1805 2671 1864 2722 et
1884 2668 2031 2739 seq.)

588 2779 768 2852 Ipsius
832 2777 983 2834 enim
1043 2791 1234 2831 sumus
1285 2777 1506 2846 factura
1546 2792 1564 2828 :
1605 2774 1779 2829 creati
1822 2775 1886 2829 in
1932 2775 2163 2842 Christo,

517 2873 859 2941 etc.,usque
889 2865 961 2923 ad
995 2867 1055 2921 in
1082 2865 1354 2936 sanguine
1384 2863 1605 2919 Christi.
1628 2862 2063 2920 Praedestinatio
2080 2869 2170 2921 est

517 2959 717 3033 gratia:
748 2953 1093 3030 praeparatio
1127 2969 1141 3007 :
1175 2951 1365 3025 gratia
1391 2968 1547 3017 vero,
1579 2955 1714 3020 etc.,
1736 2967 1906 3025 usque
1933 2954 2004 3008 art
2031 2954 2166 3009 611³6-

519 3052 670 3104 ctus.
702 3046 836 3116 (Id.,
869 3044 966 3101 lib.
998 3044 1064 3100 de
1091 3041 1356 3100 Praedest.
1387 3047 1717 3110 sanctorum,
1750 3044 1894 3097 tom.
1916 3042 1983 3111 Χ,
2014 3047 2165 3115 part.

519 3155 559 3205 1,
592 3135 702 3193 col.
736 3136 842 3192 974
870 3138 928 3190 et
953 3132 1102 3205 seq.)

591 3225 694 3282 Ille
724 3225 924 3297 itaque
941 3225 1213 3296 operetur
1241 3220 1544 3277 hominem
1575 3222 1818 3288 bonum,
1848 3224 2168 3295 etc.,usque

2278 2046 2405 2119 (Id.,
2437 2062 2599 2101 serm.
2630 2044 2696 2101 de
2724 2043 2928 2101 eisdem
2956 2043 3103 2100 verb.
3136 2060 3281 2101 avo..
3315 2047 3455 2100 tom.
3483 2042 3552 2113 V,
3577 2048 3729 2118 part.
3764 2062 3802 2116 1,
3817 2045 3936 2102 col.

2274 2136 2382 2191 909
2411 2138 2468 2191 et
2496 2138 2647 2207 seq.)

2346 2225 2412 2279 In
2438 2222 2705 2280 charitate
2738 2221 2979 2279 radicati
3005 2230 3056 2278 et
3081 2221 3325 2294 fundati,
3339 2226 3474 2291 etc.,
3492 2239 3679 2296 usque
3709 2225 3781 2280 ad
3809 2242 3943 2298 pro-

2272 2314 2529 2386 fundum.
2545 2310 2692 2378 Quid
2710 2310 2905 2386 pergis
2919 2312 3090 2369 corde
3101 2356 3119 2380 ,
3130 2311 3307 2368 homo
3322 2310 3673 2379 Christiane,
3689 2313 3939 2387 perlati-

2274 2403 2565 2470 tudinem,
2596 2405 2729 2471 etc.,
2762 2418 2933 2475 usque
2977 2401 3047 2457 ad
3095 2400 3285 2457 crucis
3315 2405 3423 2457 est.
3455 2403 3589 2473 (Id.,
3619 2403 3703 2459 Ex
3748 2405 3941 2461 eodem

2273 2510 2434 2551 serm.
2466 2495 2522 2559 7,
2555 2491 2620 2549 de
2647 2491 2852 2548 eisdem
2881 2491 3029 2547 verb.
3047 2489 3310 2563 Apostoli,
3330 2493 3477 2548 tom.
3505 2490 3576 2562 V,
3597 2496 3749 2565 part.
3765 2494 3937 2571 1,091.

2273 2583 2380 2639 904
2404 2586 2463 2639 et
2489 2598 2613 2655 seq.

2346 2672 2602 2729 Habitare
2640 2671 2920 2726 Christum
2958 2687 3060 2743 per
3104 2670 3268 2742 ﬁdem
3315 2671 3375 2727 in
3427 2671 3680 2727 cordibus
3718 2675 3939 2730 vestris.

2276 2761 2445 2818 Fides
2476 2761 2535 2815 in
2568 2759 2759 2825 nobis,
2783 2758 3056 2816 Christus
3087 2759 3145 2815 in
3166 2759 3356 2830 nobis,
3374 2761 3512 2830 etc.,
3532 2762 3940 2836 usquead.Ego

2276 2867 2409 2906 sum
2439 2849 2668 2905 veritas.
2703 2849 2838 2919 (Id.,
2872 2857 3030 2905 tract.
3067 2849 3131 2905 in
3154 2838 3313 2906 Joan.
3349 2866 3401 2917 1.,
3418 2850 3560 2905 tom.
3585 2850 3939 2924 IlI,part.11,

2277 2938 2386 2995 col.
2422 2941 2561 2994 1762
2591 2941 2648 2994 et
2673 2940 2825 3011 seq.)

2347 3030 2417 3084 Et
2439 3045 2574 3084 cum
2605 3026 2974 3100 loquebatur,
3006 3029 3140 3096 etc.,
3174 3044 3346 3101 usque
3393 3027 3465 3083 ad
3494 3030 3785 3087 orandum
3818 3036 3937 3090 est.

2278 3118 2407 3192 (Id.,
2442 3125 2600 3174 tract.
2633 3118 2775 3190 psal.
2809 3135 2887 3185 1v,
2919 3121 3042 3173 tom
3074 3115 3167 3185 IV,
3200 3120 3350 3190 part.
3385 3135 3422 3189 1,
3455 3116 3564 3174 col.
3598 3118 3712 3191 80.)

2349 3207 2515 3263 Nunc
2544 3207 2702 3264 enim
2735 3206 2952 3263 dicitur
2981 3204 3236 3263 homini:
3255 3205 3417 3263 Tolle
3448 3223 3682 3263 crucem
3700 3210 3860 3266 tuam
3874 3216 3939 3269 et

519 3278 690 3373 ad};
708 3278 1061 3386 ιίὸὶἷὲξᾰὶι..
1095 3312 1191 3367 lib.
1223 3312 1288 3367 de
1313 3310 1497 3367 Cenes.
1531 3311 1602 3367 ad
1627 3278 1890 3378 litteram,
1924 3278 2168 3368 tdmfm
2200 3318 2243 3387 ρ
2282 3300 2415 3365 διον,
2446 3310 2617 3387 usque
2646 3297 2717 3387 qd
2746 3295 3124 3369 profundum
3158 3296 3409 3367 (Id-,lib-
3441 3278 3517 3353 ad'
3539 3297 3934 3382 Ianuarium.

521 3409 673 3479 part.
706 3423 747 3475 1,
779 3403 891 3461 col.
914 3402 1063 3473 385.)

592 3494 920 3552 Annuntiat
967 3492 1427 3548 ﬁrmamentum.
1483 3489 1654 3558 Quid,
1705 3493 1841 3558 etc.,
1892 3507 2063 3564 usque
2100 3491 2171 3547 ad

521 3585 637 3658 ipsi
675 3600 804 3640 nos.
838 3583 970 3655 (Id.,
1002 3587 1158 3636 tract.
1185 3580 1350 3652 psal..
1372 3594 1532 3645 xvm,
1564 3578 2170 3652 tom.IV,part.1,col.

732 3754 884 3809 enim
910 3760 990 3808 est
1024 3767 1141 3823 pax
1186 3758 1395 3815 nostra,
1427 3750 1527 3821 qui
1573 3750 1704 3820 fecit
1751 3758 2002 3822 utraque,
2034 3753 2170 3822 etc.,

518 3859 710 3915 usque
742 3842 814 3897 ad
841 3843 901 3897 in
930 3840 1231 3912 semetipso.
1268 3837 1442 3909 Lapis
1489 3854 1666 3910 quem
1714 3839 2171 3910 reprobaverunt

514 3932 876 3990 mdiﬁcantes
905 3930 1099 3987 factus
1128 3932 1218 3985 est
1248 3927 1307 3983 in
1339 3931 1518 3999 caput
1573 3926 1797 4000 anguli,
1835 3931 1967 3995 etc.,
2001 3945 2168 4001 usque

516 4022 588 4078 ad
615 4020 873 4093 lapidem
925 4018 1328 4091 reprobantes.
1377 4017 1506 4089 (Id.,
1551 4017 1647 4072 lib.
1700 4017 1882 4073 adver.
1924 4017 2167 4087 Iudaeos,

509 4116 655 4170 tom.
688 4110 841 4177 VIII,
873 4108 983 4165 col.
1015 4109 1131 4181 60.)
2044 4100 2053 4107 κ

577 4204 645 4258 Et
672 4202 891 4257 veniens
944 4198 1362 4268 evangelimvit,
1408 4200 1543 4265 etc.,
1578 4212 1767 4268 usque
1815 4196 1886 4252 ad
1937 4197 2024 4252 his
2069 4200 2168 4270 qui

505 4307 690 4364 prope.
744 4292 901 4357 Quos
945 4287 1092 4345 dixit
1141 4287 1240 4359 qui
1280 4288 1448 4342 erant
1497 4286 1995 4357 prope‘hludaos,
2026 4286 2167 4359 quia

512 4397 722 4449 unum,
754 4385 891 4445 etc.,
936 4392 1107 4449 usque
1156 4375 1227 4432 ad
1273 4375 1445 4448 longe
1495 4380 1604 4443 ebt.
1638 4374 1769 4447 (Id.,
1811 4382 1969 4431 tract.
2016 4377 2161 4448 psal.

515 4486 741 4539 Lxxxw,
772 4472 915 4524 tom.
940 4467 1034 4534 1V,
1069 4470 1220 4539 part.
1249 4483 1312 4533 11,
1346 4463 1456 4520 col.
1489 4464 1673 4535 4077.)

583 4576 859 4647 Quoniam
884 4591 983 4646 per
1012 4575 1192 4646 ipsum
1219 4572 1479 4628 habemus
1509 4584 1783 4628 accessum
1800 4571 1958 4629 ambo
1975 4575 2032 4629 in
2054 4589 2166 4629 uno

510 4666 714 4737 spiritu
740 4663 812 4720 ad
834 4671 1065 4759 patrem.
1096 4660 1270 4759 ad
1303 4662 1597 4759 Romapps
1617 4660 1973 4759 ubihsimilis
2003 4679 2163 4759 quze-
2195 4694 2241 4759 Β

512 4754 645 4824 stic,
671 4757 969 4826 etc.usque
983 4753 1057 4808 ad
1079 4752 1243 4807 Abba
1273 4756 1438 4824 pater
1462 4751 1706 4821 (Id.,lib.
1723 4750 2079 4814 Serm.,tom.
2097 4752 2159 4821 V,

509 4848 662 4918 part.
697 4862 737 4911 1,
768 4842 878 4899 col.
911 4844 1017 4898 857
1036 4845 1094 4897 ct
1123 4841 1270 4913 seq.)

576 4935 716 5005 Ergo
730 4934 855 5007 jam
880 4947 993 4988 non
1015 4932 1141 4987 estis
1170 4930 1427 5001 hospites,
1460 4930 1593 4997 etc.,
1635 4944 1821 5001 usque
1872 4930 1945 4984 ad
1981 4929 2159 4985 dome-

504 5025 636 5080 stici
663 5023 783 5079 Dei.
815 5021 974 5077 Duas
1005 5020 1065 5075 in
1101 5023 1217 5075 toto
1248 5018 1469 5074 mundo
1498 5017 1761 5073 civitates
1794 5018 2019 5074 faciunt
2039 5019 2156 5075 duo

510 5128 761 5179 amores,
784 5115 1099 5181 etc.,usque
1119 5109 1190 5164 ad
1213 5108 1423 5163 deinde
1452 5106 1531 5162 sit
1559 5106 1723 5162 civis.
1740 5107 1871 5179 (Id.,
1889 5108 1986 5163 lib.
2002 5107 2152 5164 Sent.

511 5201 791 5274 Prosperi,
822 5204 967 5256 tom.
998 5200 1065 5268 X,
1094 5202 1245 5271 part.
1270 5213 1332 5264 11,
1367 5195 1476 5252 col.
1510 5195 1693 5268 4877.)

583 5307 1019 5382 Superzrdiﬁcati
1069 5320 1232 5377 super
1288 5303 1708 5376 fundamentum
1769 5305 2159 5375 apostolorum,

511 5404 644 5463 etc.,
665 5414 853 5471 usque
883 5396 954 5452 ad
987 5398 1045 5451 in
1075 5396 1278 5467 spiritu
1302 5393 1519 5449 Sancto.
1538 5392 1942 5449 Fundamenta
1957 5395 2157 5467 ejusin

515 5487 817 5545 montibus
831 5485 1068 5542 sanctis.
1089 5482 1194 5548 Qui
1218 5489 1375 5552 sunt,
1392 5487 1527 5554 etc.,
1545 5500 1716 5555 usque
1735 5483 1805 5538 ad
1822 5484 2154 5540 aediﬁcium.

514 5579 644 5649 (Id.,
673 5584 828 5633 tract.
853 5575 995 5649 psal.
1031 5589 1256 5645 LXXXVI,
1290 5578 1431 5629 tom.
1467 5572 1558 5641 IV,
1593 5576 1742 5645 part.
1776 5589 1835 5640 11,
1865 5572 1972 5629 col.
2019 5575 2147 5631 1101

512 5672 569 5723 et
599 5668 749 5737 seq.)

579 5754 741 5810 Sicut
762 5770 877 5811 non
900 5753 1153 5810 absurde
1179 5750 1434 5809 dicimus
1466 5752 1849 5809 fundamenta
1880 5753 2006 5809 coeli
2030 5754 2153 5827 qui-

2282 3389 2426 3441 tom.
2480 3386 2552 3454 ll,
2585 3384 2694 3442 col.
2725 3387 2833 3441 215
2862 3389 2919 3441 et
2949 3402 3070 3458 seq.

2350 3474 2614 3531 Charitas
2647 3476 2707 3531 in
2737 3492 3052 3532 commune
3083 3474 3295 3549 magis,
3330 3492 3507 3548 quam
3540 3475 3600 3532 in
3632 3476 3931 3550 privatum

2279 3563 2592 3621 consulens
2625 3582 2638 3621 :
2674 3563 2904 3630 dicitur,
2939 3568 3074 3630 etc.,
3106 3581 3276 3637 usque
3301 3564 3374 3621 ad
3404 3564 3488 3621 eis
3510 3565 3758 3635 dicatus.
3791 3565 3929 3642 (Id.,

2280 3653 2378 3709 lib.
2409 3654 2474 3711 de
2504 3655 2652 3711 Crat.
2684 3654 2813 3711 Nov.
2846 3655 3004 3721 Test.,
3027 3657 3169 3710 tom.
3206 3652 3276 3722 II,
3311 3653 3421 3711 col.
3447 3655 3555 3710 564
3585 3659 3643 3712 et
3671 3659 3815 3730 seq.)

2350 3743 2474 3799 Non
2507 3743 2663 3800 enim
2697 3743 2915 3800 frustra
2934 3741 3111 3799 talem
3160 3748 3431 3813 mortem,
3466 3747 3602 3818 etc.,
3651 3762 3819 3819 usque
3857 3749 3933 3806 ad

2277 3831 2487 3904 plenus
2518 3833 2654 3887 Deo.
2690 3833 2824 3902 (Id.,
2855 3848 3018 3888 serm.
3061 3834 3122 3887 in
3171 3832 3403 3889 basilica
3454 3834 3729 3904 Tricilar.,
3778 3839 3928 3897 tom.

2275 3921 2342 3986 V,
2377 3926 2527 3993 part.
2552 3939 2653 3987 vn,
2685 3919 2795 3978 col.
2829 3922 2928 3977 371
2964 3925 3022 3977 et
3051 3938 3178 3995 seq.

2345 4011 2552 4067 Pennas
2592 4009 2923 4066 animarum
2956 4028 3084 4083 quae
3116 4014 3274 4081 sunt,
3290 4011 3401 4068 nisi
3426 4011 3642 4086 quibus
3659 4031 3927 4087 sursum,

2274 4103 2408 4168 etc.,
2441 4117 2609 4174 usque
2637 4098 2709 4156 ad
2736 4105 3046 4156 ventorum
3078 4100 3379 4173 (1d,,tract.
3402 4105 3459 4159 in
3489 4103 3765 4175 psal.cm,
3780 4107 3927 4164 tom.

2275 4187 2370 4256 IV,
2401 4193 2551 4261 part.
2587 4204 2650 4255 11,
2684 4187 2795 4244 col.
2832 4189 3013 4260 1347.)
3239 4241 3247 4249 ,

2346 4280 2405 4334 In
2455 4277 2722 4334 charitate
2771 4275 3007 4334 radicati
3046 4286 3099 4333 et
3132 4277 3392 4350 fundati:
3426 4287 3487 4337 ut
3527 4282 3773 4353 possitis,
3806 4287 3923 4340 etc.

2276 4383 2464 4440 usque
2495 4367 2568 4423 ad
2597 4366 2793 4425 arcuit
2819 4365 3168 4423 saeculorum.
3202 4368 3389 4424 Amen.

2274 4458 2392 4530 Ego
2424 4456 2545 4511 haec
2575 4456 2751 4512 verba
2778 4454 3029 4527 apostoli
3060 4456 3223 4512 Pauli
3264 4456 3349 4513 sic
3380 4457 3707 4533 intelligere
3746 4460 3927 4520 soleo.

2274 4544 2336 4602 In
2370 4543 2700 4614 latitudine,
2717 4549 2850 4612 etc.,
2866 4561 3037 4617 usque
3060 4544 3659 4618 adplenitudine,Dei.
3680 4548 3927 4618 (Id.,lib.

2272 4634 2341 4691 ad
2361 4635 2661 4691 Paulinam
2686 4634 2753 4690 de
2782 4634 3007 4691 vivendo
3038 4634 3163 4705 Deo,
3198 4640 3340 4693 tom.
3367 4635 3437 4704 II,
3466 4637 3574 4694 col.
3604 4638 3755 4703 611.)

2913 4750 3143 4808 CAPUT
3184 4751 3257 4805 IV

2336 4855 2562 4913 Obsecro
2594 4859 2774 4929 itaque
2814 4873 2907 4913 vos
2952 4873 3049 4927 ego
3096 4860 3310 4915 vinctus
3357 4861 3419 4915 in
3475 4862 3726 4932 Domino,
3775 4867 3911 4933 etc.,

2262 4962 2450 5019 usque
2476 4947 2547 5001 ad
2580 4948 2814 5002 invicem
2842 4948 2902 5002 iu
2930 4948 3210 5004 charitate.
3246 4949 3342 5005 Sic
3366 4964 3505 5023 ergo
3535 4951 3915 5011 dilectissimi

2264 5035 2488 5109 diligite
2515 5035 2723 5102 otium,
2761 5040 2823 5091 ut
2851 5053 2954 5093 vos
2984 5037 3057 5093 ab
3090 5037 3272 5104 omni,
3306 5042 3441 5109 etc.,
3487 5056 3660 5113 usque
3702 5042 3775 5098 ad
3820 5059 3922 5101 vo-

2265 5124 2514 5180 biscum.
2550 5127 2725 5196 (epist.
2757 5124 2828 5180 ad
2880 5125 3218 5195 Eudoxium,
3252 5129 3399 5183 tom.
3442 5128 3515 5196 II,
3554 5129 3666 5185 col.
3717 5132 3821 5186 1&
3868 5138 3930 5190 et

2265 5224 2416 5287 seq.)
2512 5266 2519 5273 .

2341 5303 2599 5371 Solliciti,
2651 5307 2785 5371 etc.,
2835 5320 3025 5376 usque
3073 5305 3146 5360 ad
3194 5307 3415 5363 vinculo
3479 5310 3653 5379 pacis.
3701 5308 3925 5368 Ecclsia

2269 5394 2492 5466 accepit
2524 5394 2631 5448 hoc
2665 5393 2907 5462 donum,
2942 5398 3008 5449 ut
3034 5393 3095 5449 in
3127 5392 3347 5467 Spiritu
3380 5402 3582 5453 sancto
3612 5398 3713 5453 ﬁat
3743 5399 3922 5457 remis

2268 5482 2355 5539 sio
2383 5485 2779 5555 peccatorum,
2806 5485 2939 5551 etc.,
2973 5499 3143 5555 usque
3171 5484 3242 5539 ad
3287 5486 3471 5557 putati
3520 5500 3751 5544 sumus.
3784 5489 3917 5557 (Id.,

2264 5590 2427 5630 serm.
2462 5572 2526 5628 dc
2557 5573 2691 5627 blas.
2715 5573 2863 5645 Spir.
2894 5581 3067 5629 sanet.
3102 5578 3245 5629 tom.
3278 5574 3346 5644 V,
3388 5580 3538 5648 part.
3590 5592 3630 5646 1,
3664 5576 3775 5634 col.
3819 5579 3922 5637 1154

2265 5668 2323 5720 et
2353 5662 2501 5735 seq.)

2341 5755 2518 5811 Unum
2547 5767 2761 5824 corpus,
2786 5754 2920 5821 etc.,
2947 5768 3135 5825 usque
3163 5754 3236 5811 ad
3266 5770 3359 5827 spe
3386 5758 3683 5813 vocationes
3706 5765 3915 5829 vestra,

3799 430 4005 495 3’13~
