4114 6452
147 406 267 472 τιτι

970 408 1389 474 EXPOSITIO
1434 411 1515 473 IN
1556 409 1745 472 EPP.-
1776 407 2035 473 PAULI.
2067 442 2146 454 —
2180 408 2309 472 EP.
2352 406 2457 470 AD
2501 406 2779 471 EPHES.

3460 409 3580 473 378

153 543 293 599 Ideo
319 542 582 615 Spiritus
614 544 853 599 sanctus
876 542 1143 598 omnium
1191 542 1453 616 gentium
1504 542 1727 617 linguis
1759 559 1819 598 sc
1849 543 1901 609 Α
1932 541 2034 609 xit,
2067 545 2199 607 etc.,
2232 557 2403 613 usque
2431 540 2501 596 ad
2550 541 2766 596 mentis
2813 539 3171 598 illuminataa.
3219 542 3351 615 (Id.,
3385 542 3483 599 lib.
3518 561 3582 600 ιιι

150 634 572 690 demonstrare
604 631 882 704 dignatus
912 636 1021 701 est,
1054 636 1187 701 etc.,
1219 649 1390 705 usque
1435 632 1504 688 ad
1533 633 1604 688 de
1634 634 1823 688 forma

148 721 455 796 gloriaris.
489 722 623 795 (Id.,
653 736 817 778 serm.
854 722 877 776 1
914 722 976 778 in
1001 726 1326 789 Pentecost,
1357 721 1580 791 tom.V,
1614 724 1820 794 part.1,

148 811 265 868 col.
303 812 495 879 1232.)

227 903 383 959 Unus
414 902 702 969 Dominus,
746 903 881 970 etc.,
916 916 1105 973 usque
1145 901 1217 956 ad
1263 901 1324 956 in
1361 901 1615 957 omnibus
1643 901 1819 956 nobis.

148 990 326 1047 Aliud
358 992 508 1047 sunt
535 1005 605 1047 ea
634 1006 763 1063 quas
793 991 1141 1046 creduntur:
1175 987 1335 1045 aliud
1360 990 1506 1046 fides
1553 1006 1671 1062 qua
1698 1006 1822 1046 cre-

148 1080 333 1149 ditur,
399 1083 536 1148 etc.,
588 1095 759 1153 usque
800 1078 872 1135 ad
912 1078 1190 1152 praevidet
1244 1076 1625 1134 voluntatem.
1689 1079 1821 1151 (Id.,

151 1170 252 1226 tib.
287 1186 398 1226 x111
430 1168 497 1225 de
531 1169 754 1237 TriniL,
788 1172 912 1224 tom
940 1166 1092 1236 VIII,
1123 1167 1233 1223 col.
1267 1168 1409 1224 4016
1437 1170 1494 1224 et
1522 1168 1673 1240 seq.)

225 1260 566 1333 Unicuique,
617 1261 751 1326 etc.,
804 1272 994 1329 usque
1039 1256 1110 1311 ad
1158 1270 1476 1312 mensuram
1514 1257 1823 1313 donationis

147 1347 389 1404 Christi.
422 1347 579 1414 Quid
609 1351 699 1403 est
727 1346 878 1402 hoc?
920 1346 1045 1402 Non
1069 1344 1225 1401 enim
1259 1346 1331 1401 ad
1354 1362 1693 1402 mensuram
1724 1347 1826 1402 dat

150 1440 311 1495 Deus
342 1435 652 1509 spiritum,
684 1439 819 1504 etc.,
834 1435 1085 1508 usquead
1095 1451 1211 1490 non
1230 1435 1300 1490 ad
1321 1450 1658 1491 mensuram
1679 1434 1825 1491 acci-

150 1527 257 1601 pit.
292 1526 437 1597 (Id.,
471 1532 630 1582 tract.
662 1527 719 1580 in
738 1525 1058 1594 Evang.sec.
1089 1524 1271 1593 Joan.,
1296 1527 1419 1579 tom
1449 1523 1545 1591 III,
1579 1527 1731 1597 part.
1756 1541 1819 1593 11,

149 1616 264 1673 col.
302 1617 498 1684 1508.)

218 1708 464 1778 Propter
489 1703 631 1777 quod
677 1703 842 1769 dicit,
888 1705 1022 1771 etc.,
1075 1719 1265 1775 usque
1312 1703 1386 1759 ad
1415 1710 1477 1760 ut
1501 1703 1825 1777 adimpleret

145 1798 367 1853 munia.
401 1795 489 1850 Ad
521 1793 720 1867 ipsum
735 1791 1822 1862 Dominumlocutioneconversa,etc.,

146 1901 326 1957 usque
460 1883 600 1956 quid
634 1880 1047 1984 manifestius?
1069 1881 1200 1954 (Id.,
1222 1889 1381 1984 tract.
1414 1883 1474 1937 in
1488 1882 1819 1954 psal.1.xvn,
1855 1918 1903 1984 Β

147 1978 299 2031 tom.
337 1972 440 2041 IV,
473 1976 625 2045 part.
661 1973 712 2040 1,
747 1970 855 2028 col.
888 1971 995 2027 829
1024 1975 1083 2027 et
1114 1971 1264 2043 seq.)

219 2062 441 2120 Procul
467 2061 646 2118 dubio
668 2060 922 2133 Spiritus
943 2064 1187 2117 sanctus
1203 2061 1425 2117 donum
1441 2059 1542 2117 Dei
1562 2064 1671 2128 cst,
1690 2068 1823 2128 etc.,

150 2169 332 2226 usque
382 2153 457 2207 ad
515 2167 718 2207 omnes
769 2150 1089 2223 propheta,
1138 2154 1249 2205 etc.
1309 2150 1440 2223 (Id.,
1481 2151 1577 2205 lib.
1636 2167 1710 2205 xv
1764 2150 1829 2206 de

164 2244 396 2311 Trinit.,
430 2245 577 2296 tom.
608 2240 763 2310 VIII,
796 2238 904 2295 col.
940 2240 1079 2294 1084
1107 2243 1161 2294 et
1190 2239 1338 2311 seq.)
1710 2252 1711 2255 ‘

232 2333 303 2388 Et
336 2332 457 2404 ipse
483 2329 631 2386 dedit
679 2329 941 2403 quosdam
972 2331 1107 2396 etc.,
1158 2344 1345 2400 usque
1391 2329 1463 2384 ad
1495 2328 1555 2384 in
1587 2328 1826 2400 aediﬁca-

157 2424 377 2479 tionem
403 2420 648 2492 corporis
677 2419 901 2475 Christi.
934 2417 1017 2472 De
1047 2416 1348 2489 prophetis
1378 2418 1534 2489 quod
1565 2418 1647 2472 ait
1675 2417 1827 2490 Apo-

156 2509 382 2578 stolus,
414 2509 711 2574 Quosdam
733 2507 970 2580 quidem
995 2506 1156 2563 dedit
1178 2505 1333 2562 Deus
1361 2504 1421 2561 in
1434 2505 1678 2563 ecclesia
1693 2524 1831 2579 apo-

158 2599 721 2669 stolos,etc.,usque
751 2597 821 2652 ad
866 2593 1100 2655 duobus
1142 2594 1482 2652 nominibus
1527 2595 1832 2669 amplexus

155 2698 278 2747 est.
314 2688 449 2761 (Id.,
482 2688 578 2743 lib.
610 2686 682 2743 ad
720 2687 946 2743 Paulin.
994 2685 1184 2757 episc.,
1216 2687 1362 2742 tom.
1414 2686 1485 2751 II,
1520 2683 1630 2741 col.
1680 2686 1833 2755 635.)

239 2777 521 2848 Quosdam
550 2783 733 2832 autem
774 2782 1038 2848 pastores,
1071 2777 1205 2842 etc.,
1253 2790 1442 2846 usque
1491 2775 1564 2830 ad
1594 2777 1835 2847 corporis

441 2868 520 2922 Ut
566 2865 724 2921 enim
771 2863 1006 2920 exordio
1054 2862 1287 2936 generis
1338 2863 1586 2920 humani
1638 2865 1709 2921 de
1748 2864 1835 2920 la-

157 2962 292 3014 tere
318 2955 429 3011 viri
457 2953 800 3019 dormientis
830 2957 1012 3022 costa,
1046 2957 1183 3018 etc.,
1232 2970 1404 3026 usque
1446 2954 1519 3010 ad
1566 2955 1721 3027 quod
1746 2958 1837 3011 est

159 3044 456 3105 Ecclesia.
489 3044 620 3118 (Id.,
654 3044 751 3100 lib.
783 3061 803 3099 1
832 3043 898 3099 de
928 3044 1090 3100 Civil.
1122 3043 1240 3110 Dei,
1273 3047 1415 3098 tom.
1446 3042 1568 3110 VII,
1601 3043 1708 3100 col.
1730 3046 1839 3100 778

164 3141 234 3194 et
258 3134 415 3208 seq.)

244 3225 383 3282 Haec
413 3226 504 3281 est
527 3224 761 3293 demus,
795 3238 923 3296 qua:
955 3223 1109 3279 sicut
1137 3220 1407 3279 Psalmus
1438 3221 1616 3294 canit,
1649 3222 1836 3278 aedifi-

1929 631 1994 687 de
2025 630 2135 686 Gen
2157 630 2226 685 ad
2256 630 2365 686 litt.
2401 633 2541 685 tom.
2577 629 2670 698 ΙΙΙ,
2705 635 2854 703 part.
2887 648 2928 701 1,
2962 631 3070 688 col.
3101 631 3252 705 292.)

2002 718 2109 786 Qui
2140 735 2273 775 vero
2308 720 2751 775 commemorati
2797 725 3217 777 convertuntur
3260 723 3332 778 ad
3382 723 3580 779 Domi-

1931 825 2097 875 num,
2128 811 2264 876 etc.,
2296 823 2465 880 usque
2512 809 2583 864 ad
2611 826 2729 865 non
2760 809 2890 881 ipsa
2919 826 3047 881 quae
3078 815 3404 868 renovatur.
3445 812 3580 885 (Id.,

1932 899 2030 954 lib.
2060 915 2156 954 xw
2186 897 2250 954 de
2282 899 2500 967 Trinit.,
2530 902 2673 954 tom.
2702 899 2853 967 VIlI,
2886 899 2993 955 col.
3030 901 3170 956 1053
3197 905 3254 957 et
3284 904 3436 974 seq.)

2001 993 2235 1059 Propter
2287 987 2428 1059 quod
2484 986 2824 1059 deponentes,
2870 993 3002 1056 etc.,
3052 1006 3241 1061 usque
3270 990 3343 1046 ad
3397 1004 3587 1049 sumus

1932 1077 2165 1131 invicem
2193 1074 2457 1132 membra.
2491 1076 2674 1132 Nemo
2724 1077 2936 1150 cogitet
2964 1094 3099 1133 cum
3146 1078 3481 1136 Christiano
3507 1079 3588 1136 lo-

1931 1168 2224 1239 quendam
2241 1165 2562 1234 veritalem,
2580 1171 2784 1223 etcum
2799 1184 3025 1241 pagano
3038 1169 3434 1239 mendacium,
3449 1173 3558 1226 etc.
3570 1214 3584 1240 ,

1930 1256 2196 1328 usquead
2259 1255 2477 1311 habere
2526 1260 2836 1311 mereatur.
2891 1258 3019 1330 (Id.,
3059 1274 3131 1313 ea:
3173 1273 3334 1314 serm.
3385 1264 3589 1316 contra

1930 1344 2295 1414 mendacium,
2328 1348 2470 1400 tom.
2503 1344 2599 1411 Vl,
2632 1344 2740 1401 col.
2768 1346 2875 1401 519
2904 1350 2960 1402 et
2989 1346 3139 1419 seq.)

2003 1434 2318 1490 Irascimini
2346 1441 2397 1489 et
2426 1434 2593 1490 nolite
2616 1450 2858 1505 peccare.
2893 1435 2952 1491 Si
2982 1439 3289 1507 propterea
3319 1436 3588 1493 irasceris

1931 1538 2098 1579 servo
2127 1528 2227 1579 tuo
2286 1522 2428 1595 quia
2484 1523 2761 1596 peccavit,
2818 1527 2950 1592 etc.,
3010 1540 3184 1596 usque
3223 1525 3294 1580 ad
3348 1543 3588 1598 peccare

1932 1612 2200 1669 desinite.
2251 1613 2384 1682 (Id.,
2417 1619 2572 1669 tract.
2608 1614 2670 1669 in
2701 1611 2851 1669 Psal.
2885 1630 2961 1680 1v,
3011 1616 3156 1669 tom.
3192 1614 3290 1683 IV,
3342 1619 3490 1687 part.
3545 1633 3587 1685 1,

1932 1701 2042 1757 col.
2077 1701 2196 1774 80.)

2004 1789 2653 1862 Legebam,irascimini
2683 1795 2741 1847 et
2771 1790 2951 1848 nolite
2967 1806 3228 1864 peccare,
3252 1798 3389 1864 etc.,
3421 1812 3594 1868 usque

1932 1879 2002 1934 ad
2058 1895 2174 1934 non
2233 1879 2575 1951 peccarem?
2631 1880 2763 1952 (Id.,
2824 1881 2921 1936 lib.
2982 1898 3038 1937 ιιι
3071 1884 3288 1953 Confes.
3349 1887 3494 1940 tom.
3546 1883 3589 1954 Ι,

1933 1967 2043 2023 col.
2075 1969 2228 2037 767.)

2005 2055 2238 2113 Dictum
2266 2061 2357 2113 est
2385 2057 2445 2113 in
2479 2057 2739 2115 Psalmo:
2794 2059 3123 2116 Irascimini
3153 2064 3210 2117 et
3239 2062 3422 2118 nolite
3452 2062 3586 2135 pec-

1937 2161 2088 2212 care,
2143 2150 2234 2201 etc
2265 2187 2278 2212 ,
2310 2163 2479 2219 usque
2502 2147 2573 2202 ad
2602 2151 2661 2203 et
2698 2147 2796 2204 ille
2844 2149 3115 2220 ignoscit.
3165 2151 3297 2219 (1d,,
3330 2168 3493 2207 serm.
3527 2153 3594 2208 de

1935 2236 2084 2291 verb.
2117 2236 2350 2307 Evang.,
2382 2239 2525 2291 tom.
2557 2236 2627 2306 V,
2660 2240 2808 2309 part.
2844 2254 2883 2304 1,
2915 2237 3024 2293 col.
3055 2238 3210 2305 649.)

2008 2323 2100 2380 Sol
2126 2341 2239 2381 non
2267 2325 2475 2381 occidat
2502 2341 2668 2398 super
2698 2326 3051 2381 iracundiam
3088 2335 3343 2384 vestram.
3379 2330 3594 2386 Intelli-

1941 2412 2099 2485 gitur
2126 2413 2366 2485 quidem
2399 2420 2451 2469 et
2485 2415 2812 2470 secundum
2838 2419 3098 2487 tempus,
3140 2421 3275 2486 etc.,
3324 2434 3495 2492 usque
3522 2420 3595 2475 ad

1940 2519 2077 2559 cum
2144 2504 2447 2559 iracundia
2517 2508 2639 2560 tua.
2705 2505 2839 2576 (Id.,
2902 2514 3062 2561 tract.
3145 2509 3206 2563 in
3269 2510 3392 2579 psal
3456 2525 3591 2577 xxv,

1940 2596 2083 2648 tom.
2118 2591 2213 2658 IV,
2245 2597 2394 2665 part.
2428 2610 2469 2659 1,
2502 2593 2612 2649 col.
2646 2594 2795 2664 189.)

2012 2680 2168 2737 Nulli
2225 2681 2500 2737 irascenti
2554 2683 2789 2739 videtur
2845 2700 2954 2740 sua
3009 2684 3097 2740 ira
3154 2684 3397 2757 injuste,
3458 2691 3594 2757 etc.,

1939 2786 2112 2842 usque
2167 2770 2238 2825 ad
2284 2770 2548 2828 celeriter
2593 2772 2864 2845 ignoscit.
2898 2773 3034 2843 (Id.,
3084 2775 3184 2831 lib.
3225 2776 3372 2833 Sent.
3403 2779 3593 2851 Prosp.

1941 2862 2087 2915 tom.
2118 2859 2184 2927 X,
2217 2863 2367 2932 part.
2396 2877 2458 2929 11,
2489 2860 2599 2917 col.
2635 2862 2819 2931 1887.)

2017 2949 2077 3005 Si
2107 2948 2282 3005 irasci
2313 2966 2428 3005 non
2461 2954 2550 3005 est
2580 2952 2667 3008 fas
2699 2951 2863 3007 fratri
2894 2968 3030 3009 suo:
3065 2957 3166 3010 aut
3196 2953 3405 3024 dicere,
3460 2960 3594 3031 etc.,

1942 3054 2115 3110 usque
2150 3039 2222 3094 ad
2272 3055 2454 3112 super
2481 3040 2848 3095 iracundiam
2895 3046 3173 3098 vestram.
3222 3043 3352 3112 (Id.,
3405 3047 3501 3101 lib.
3535 3047 3601 3103 de

1942 3133 2119 3184 Serm.
2153 3129 2308 3184 Dom.
2342 3131 2405 3184 in
2429 3137 2632 3197 monte,
2666 3134 2809 3185 tom.
2844 3130 2938 3197 III,
2973 3135 3105 3203 part
3133 3149 3172 3199 1,
3201 3132 3309 3189 col.
3344 3134 3527 3208 12-12.)

2016 3217 2308 3273 Turbatus
2332 3222 2421 3273 est
2441 3218 2516 3273 ab
2542 3218 2629 3273 ira
2643 3218 2848 3274 oculus
2862 3223 3190 3289 meus,etc.,
3205 3222 3462 3294 usquead
3482 3240 3600 3280 non

172 3308 372 3383 catur,
416 3317 551 3385 etc.,
601 3288 773 3385 usque
813 3288 889 3368 ad
934 3310 1158 3384 accepit
1188 3311 1249 3366 in
1292 3288 1651 3368 hominibus.
1704 3311 1836 3384 (Id.,
1867 3288 1910 3357 (ἶ
1949 3305 2183 3362 sinitur.
2218 3306 2522 3379 (Id.,tract.
2558 3309 2619 3363 in
2642 3309 2786 3379 psal.
2819 3325 2897 3376 v1,
2931 3312 2973 3363 t.
2998 3309 3093 3378 IV,
3119 3288 3601 3383 part..1,,col.95.)

176 3408 289 3463 lib.
323 3421 399 3461 xv
425 3403 490 3460 de
519 3404 739 3469 Trinit.,
774 3405 897 3458 tom
926 3400 1078 3472 VIII,
1108 3399 1217 3456 col.
1253 3399 1434 3473 1085.)

244 3498 433 3553 Donec
455 3507 806 3550 occurramus
852 3506 1056 3559 omnes,
1108 3493 1242 3556 etc.,
1291 3506 1481 3562 usque
1528 3489 1601 3545 ad
1630 3489 1701 3545 ad
1728 3493 1844 3548 cir-

170 3583 619 3642 cumventionem
645 3580 870 3638 erroris.
905 3579 1063 3648 Quod
1097 3577 1179 3634 ait
1206 3576 1543 3651 Apostolus,
1569 3595 1847 3637 occursu-

172 3691 281 3732 ros
313 3689 422 3729 nos
452 3669 746 3728 omnes'in
777 3668 969 3725 virum
1018 3668 1362 3741 perfectum,
1397 3671 1531 3737 etc.,
1575 3684 1747 3741 usque
1776 3670 1847 3725 ad

172 3760 373 3820 aetatis
398 3757 785 3834 plenitudinis
827 3756 1064 3814 Christi.
1112 3757 1245 3827 (Id.,
1299 3758 1394 3813 lib.
1426 3774 1544 3813 χχιι
1587 3757 1650 3813 de
1680 3757 1841 3815 Civit.

170 3854 302 3919 Dei,
334 3855 477 3906 tom.
512 3840 633 3919 VII,
666 3846 774 3903 col.
806 3847 917 3901 777
950 3849 1006 3902 et
1036 3846 1183 3918 seq.)

253 3941 551 3999 Veritatem
575 3945 759 3995 autem
786 3937 1066 4009 facientes,
1099 3937 1234 4002 etc.,
1285 3950 1472 4007 usque
1503 3935 1575 3990 ad
1626 3936 1689 3992 in
1716 3936 1844 3993 aedi-

171 4032 491 4105 ﬁcationem
524 4029 616 4085 sui
642 4029 704 4083 in
734 4027 1016 4082 charitate.
1048 4025 1192 4081 Ecce
1211 4022 1310 4097 qui
1323 4024 1511 4080 estvir
1527 4025 1839 4096 perfectus,

173 4123 364 4194 caput
391 4120 449 4175 et
468 4130 700 4190 corpus,
717 4118 1035 4186 etc.,usque
1058 4112 1129 4168 ad
1158 4111 1217 4167 in
1241 4113 1515 4169 omnibus
1543 4112 1839 4185 impletur.

174 4209 316 4285 (Id.,
351 4206 515 4276 ibid.,
546 4204 654 4262 col.
685 4206 795 4260 776
823 4207 881 4260 et
911 4201 1059 4275 seq.)

249 4300 362 4355 Hoc
390 4299 570 4367 igitur
597 4294 738 4363 dico,
799 4297 931 4361 etc.,
984 4304 1175 4363 usque
1206 4291 1281 4347 ad
1324 4289 1581 4348 habentes
1623 4293 1843 4349 intelle-

174 4397 350 4446 ctum.
385 4383 591 4443 Omnis
623 4379 724 4457 qui
754 4380 1048 4454 intelligit,
1080 4377 1208 4436 luce
1231 4379 1487 4453 quadam
1504 4397 1621 4436 non
1646 4398 1844 4455 corpo-

177 4477 317 4547 rali,
351 4478 488 4543 etc.,
520 4490 693 4547 usque
710 4466 1687 4544 adquiintelliguntilluminantur.
1707 4470 1839 4542 (Id.,

176 4574 338 4626 tract.
372 4566 437 4643 in
471 4565 613 4637 psal.
646 4579 758 4618 xu.
790 4565 934 4617 tom.
967 4559 1064 4631 IV,
1098 4561 1246 4631 part.
1279 4575 1320 4627 1,
1353 4556 1461 4614 col.
1495 4559 1643 4633 465.)

2025 3394 2420 3467 Supercecidit
2467 3396 2621 3469 ignis
2649 3399 2707 3452 et
2736 3414 2849 3452 non
2896 3396 3168 3454 viderunt
3215 3399 3419 3466 solem,
3461 3404 3597 3470 etc.,

1952 3500 2123 3557 usque
2170 3485 2240 3540 ad
2271 3502 2385 3540 non
2415 3489 2691 3541 estortus
2719 3485 2781 3541 in
2810 3486 3001 3543 nobis.
3023 3487 3154 3561 (Id.,
3184 3494 3344 3545 tract.
3366 3491 3429 3545 in
3457 3491 3597 3562 psal.

1954 3590 2082 3641 Lvn,
2115 3576 2258 3629 tom.
2287 3573 2381 3642 ιν,
2415 3577 2564 3646 part.
2597 3591 2637 3643 1,
2671 3573 2779 3630 col.
2810 3576 2962 3645 688.)

2025 3663 2088 3718 In
2121 3668 2486 3720 sacramento
2542 3664 2767 3720 dictum
2819 3664 3123 3737 accipitur,
3153 3670 3284 3735 etc.,
3334 3684 3506 3741 usque
3532 3669 3603 3725 ad

1953 3768 2131 3825 super
2154 3752 2519 3809 iracundiam
2550 3752 2826 3809 hominis.
2861 3753 2989 3827 (Id.,
3022 3756 3255 3812 serm.de
3296 3756 3437 3828 psal.
3469 3775 3605 3828 xxv,

1952 3845 2096 3897 tom.
2132 3842 2223 3913 IV,
2256 3846 2406 3914 part.
2440 3859 2479 3910 1,
2514 3841 2622 3898 col.
2658 3843 2763 3899 189
2791 3846 2850 3898 et
2876 3843 3025 3915 seq.)

2021 3933 2204 3989 Nolite
2251 3932 2428 3987 locum
2474 3931 2625 4000 dare,
2674 3935 2807 3997 etc.,
2863 3948 3050 4005 usque
3097 3934 3170 3989 ad
3229 3935 3318 3991 det
3361 3938 3603 4005 gratiam

1951 4021 2322 4076 audientibus.
2348 4022 2411 4075 In
2426 4020 2765 4077 abscondito
2777 4022 2832 4076 te
2847 4020 3132 4078 Dominus
3142 4023 3175 4079 J
3179 4038 3318 4080 esus
3333 4024 3605 4082 Christus

1942 4110 2127 4183 jussit
2155 4124 2339 4176 orare,
2364 4113 2495 4177 etc.,
2535 4125 2705 4182 usque
2733 4108 2805 4165 ad
2852 4109 2911 4164 in
2943 4110 3209 4182 gehenna
3259 4112 3433 4185 ignis.
3468 4114 3599 4185 (Id.,

1951 4206 2107 4256 tract.
2143 4200 2204 4255 in
2253 4199 2394 4271 psal.
2446 4214 2558 4264 χιι,
2605 4202 2748 4254 tom.
2810 4198 2902 4268 IV,
2954 4203 3104 4272 part.
3154 4216 3194 4268 1,
3228 4200 3337 4257 col.
3389 4202 3494 4257 466
3543 4207 3601 4259 et

1952 4288 2099 4361 seq.)

2021 4379 2176 4434 Deus
2206 4380 2394 4433 tentat
2422 4380 2489 4433 ut
2516 4377 2718 4433 doceat
2747 4375 3016 4433 diabolus
3044 4379 3249 4435 tentet.
3275 4383 3409 4447 etc.,
3431 4397 3603 4453 usque

1948 4468 2019 4524 ad
2049 4466 2189 4524 foris
2218 4465 2605 4538 triumphant.
2641 4466 2767 4535 (Id.,
2799 4482 2962 4522 serm.
2995 4465 3061 4524 de
3088 4469 3382 4525 tentatione
3415 4470 3602 4526 Abra-

1950 4557 2098 4623 ham;
2130 4560 2272 4612 tom.
2305 4555 2373 4623 V,
2405 4559 2553 4628 part.
2588 4572 2628 4625 1,
2663 4554 2772 4611 col.
2805 4556 2920 4625 29.)

253 4654 498 4712 Alienati
543 4669 579 4708 a
623 4653 741 4707 vita
768 4650 868 4706 Dei
904 4651 1037 4716 etc.,
1082 4660 1275 4720 usque
1323 4646 1396 4702 ad
1427 4654 1477 4703 et
1509 4648 1625 4719 ipso
1671 4648 1845 4704 edocti
1876 4665 1919 4731 D
2019 4646 2086 4700 Et
2108 4645 2278 4701 nolite
2305 4646 2645 4711 contristare,
2685 4647 2821 4711 etc.,
2865 4661 3060 4718 usque
3109 4646 3181 4702 ad
3222 4647 3284 4703 in
3324 4647 3469 4705 diem
3519 4665 3604 4705 re-

177 4748 332 4804 estis.
360 4745 433 4800 Et
462 4741 662 4799 anima
690 4740 955 4796 humana
995 4736 1322 4793 secundum
1372 4736 1687 4808 quemdam
1718 4753 1842 4794 mo-

179 4836 329 4893 dum
353 4827 956 4895 diciturimmortalis,
979 4829 1113 4892 etc.,
1134 4836 1306 4899 usque
1329 4825 1403 4881 ad
1412 4824 1602 4882 videat
1621 4824 1840 4882 lumen.

180 4926 317 4996 (Id.,
377 4939 540 4980 serm.
572 4920 637 4977 de
664 4920 868 4993 symb.,
893 4921 1037 4973 tom.
1069 4914 1138 4986 V,
1172 4918 1301 4987 part
1332 4932 1371 4983 1,
1405 4914 1515 4970 col.
1552 4915 1737 4985 1059.)

255 5015 427 5072 Sicut
457 5027 576 5068 non
607 5012 697 5067 est
725 5026 760 5065 a
786 5022 981 5074 carne,
1028 5005 1128 5061 sed
1162 5020 1344 5077 supra
1392 5014 1648 5072 carnem,
1709 5008 1844 5078 etc.,

180 5118 360 5178 usque
389 5102 462 5158 ad
488 5104 548 5158 et
575 5099 639 5155 in
666 5098 977 5154 tenebrosa
1005 5093 1385 5167 demergitur.
1412 5093 1542 5166 (Id.,
1566 5094 1663 5150 lib.
1695 5094 1843 5151 Sent.

184 5196 383 5266 Prosp.
416 5194 561 5247 tom.
595 5187 664 5256 Χ,
694 5189 845 5260 part.
878 5200 939 5254 11,
972 5182 1083 5239 col.
1120 5183 1279 5251 1873,
1313 5183 1472 5249 1877,
1510 5181 1693 5255 1878.)

258 5284 418 5340 Sicut
447 5288 527 5337 est
555 5278 778 5346 veritas,
809 5278 944 5340 etc.,
977 5288 1168 5346 usque
1200 5271 1272 5328 ad
1301 5271 1572 5327 desideria
1616 5274 1846 5329 erroris.

189 5374 394 5446 Neque
425 5366 687 5436 enim,ut
706 5362 977 5422 nonnulli
1009 5364 1237 5436 putant.
1271 5363 1404 5428 etc.,
1426 5375 1596 5432 usque
1623 5360 1693 5416 ad
1715 5377 1849 5418 cum

188 5461 617 5538 proximesuo.
648 5456 786 5527 (Id.,
845 5455 943 5510 lib.
974 5453 1039 5510 de
1065 5451 1327 5507 Passione
1353 5450 1594 5518 Domini,
1612 5452 1756 5507 tom.
1778 5450 1846 5509 V.

191 5554 344 5628 part.
378 5567 442 5617 11,
469 5546 582 5605 col.
619 5546 805 5617 1724.)

261 5638 646 5706 Renovamini,
698 5639 832 5705 etc.,
882 5648 1071 5705 usque
1118 5632 1191 5687 ad
1239 5631 1524 5686 sanctitate
1581 5632 1847 5689 veritatis.

188 5732 340 5791 Cum
369 5727 616 5787 dixisset
646 5726 720 5785 ad
739 5720 1058 5797 imaginem
1073 5723 1356 5790 nostram,
1376 5718 1577 5777 statim
1603 5721 1848 5793 subjun-

1952 4735 2298 4806 demptionis.
2334 4732 2497 4788 Sicut
2527 4736 2679 4789 recte
2711 4732 3091 4792 dieiturDeus
3105 4735 3295 4792 facere
3314 4737 3604 4809 quidquid

1952 4824 2080 4896 ipso
2112 4823 2171 4879 in
2205 4821 2375 4879 nobis
2405 4826 2683 4896 operante
2712 4822 3042 4891 fecerimus,
3066 4829 3199 4893 etc.,
3225 4842 3397 4898 usque
3418 4826 3488 4881 ad
3508 4826 3606 4881 bo-

1953 4929 2032 4969 na
2058 4928 2236 4986 cpera
2265 4911 2597 4968 fecerimus.
2639 4912 2768 4982 (Id.,
2804 4913 2900 4970 lib.
2932 4931 2990 4971 1v
3036 4914 3103 4970 de
3133 4914 3342 4983 Oenea,
3390 4914 3461 4971 ad
3493 4915 3599 4970 litt.

1955 5002 2230 5071 tom..III,
2262 5006 2412 5075 part.
2446 5019 2485 5068 1,
2519 5001 2626 5057 col.
2651 5002 2758 5057 302
2785 5006 2842 5059 et
2872 5018 2996 5077 seq.

2027 5093 2214 5150 Omnis
2242 5091 2573 5158 amaritudo,
2602 5094 2739 5161 etc.,
2773 5108 2960 5165 usque
2988 5093 3058 5147 ad
3094 5094 3156 5147 in
3187 5093 3398 5149 Christo
3435 5092 3604 5149 dona-

1952 5184 2030 5238 vit
2060 5182 2228 5238 vobis.
2266 5179 2635 5254 Blasphemia
2663 5184 2751 5237 est
2767 5198 2871 5254 per
2889 5185 3412 5254 quam,etc.,usque
3440 5183 3510 5238 ad
3532 5183 3604 5239 de

1956 5271 2084 5345 ipso
2117 5271 2233 5327 Deo
2255 5270 2404 5326 falsa
2432 5270 2732 5326 dicuntur.
2757 5270 2889 5340 (Id.,
2913 5271 3009 5326 lib.
3029 5276 3216 5326 contra
3235 5271 3602 5340 Mendacium,

1956 5365 2100 5418 tom.
2132 5360 2228 5433 VI,
2261 5359 2368 5416 col.
2401 5361 2509 5416 545
2537 5363 2594 5415 et
2625 5358 2770 5431 seq.)

2615 5501 2846 5558 CAPUT
2884 5501 2951 5557 V.

2028 5634 2202 5688 Estote
2221 5646 2345 5702 ergo
2376 5630 2677 5685 imitatores
2704 5630 2821 5696 Dei,
2867 5631 3000 5697 etc.,
3051 5644 3240 5701 usque
3270 5629 3341 5684 ad
3389 5631 3605 5699 gratia-

1960 5739 2086 5780 rum
2112 5722 2272 5779 actio.
2306 5718 2583 5775 Traditus
2612 5722 2701 5774 est
2747 5722 2984 5792 propter
3028 5716 3237 5776 delicta
3286 5722 3515 5777 nostra:
3548 5723 3608 5778 et
