  <div class='ocr_page' id='page_1' title='image "/cluster/home/n/w/nwhite01/storage/ocr_20150623/119/umn.319510024774125/213.png"; bbox 0 0 4114 6444; ppageno 0'>
   <div class='ocr_carea' id='block_1_1' title="bbox 545 393 665 463">
    <p class='ocr_par' dir='ltr' id='par_1_1' title="bbox 545 393 665 463">
     <span class='ocr_line' id='line_1_1' title="bbox 545 393 665 463; baseline -0.033 0"><span class='ocrx_word' id='word_1_1' title='bbox 545 393 665 463; x_wconf 85' lang='lat'><strong>379</strong></span> 
     </span>
    </p>
   </div>
   <div class='ocr_carea' id='block_1_2' title="bbox 1747 386 2765 455">
    <p class='ocr_par' dir='ltr' id='par_1_2' title="bbox 1747 386 2765 455">
     <span class='ocr_line' id='line_1_2' title="bbox 1747 386 2765 455; baseline -0.006 1"><span class='ocrx_word' id='word_1_2' title='bbox 1747 391 1982 455; x_wconf 82' lang='lat' dir='ltr'><strong>FLORI</strong></span> <span class='ocrx_word' id='word_1_3' title='bbox 2023 388 2344 453; x_wconf 88' lang='lat' dir='ltr'><strong>DIACONI</strong></span> <span class='ocrx_word' id='word_1_4' title='bbox 2387 386 2765 452; x_wconf 85' lang='lat' dir='ltr'><strong>MONACHI.</strong></span> 
     </span>
    </p>
   </div>
   <div class='ocr_carea' id='block_1_3' title="bbox 3856 382 4003 447">
    <p class='ocr_par' dir='ltr' id='par_1_3' title="bbox 3856 382 4003 447">
     <span class='ocr_line' id='line_1_3' title="bbox 3856 382 4003 447; baseline 0 0"><span class='ocrx_word' id='word_1_5' title='bbox 3856 382 4003 447; x_wconf 85' lang='lat'><strong>380</strong></span> 
     </span>
    </p>
   </div>
   <div class='ocr_carea' id='block_1_4' title="bbox 548 520 3994 602">
    <p class='ocr_par' dir='ltr' id='par_1_4' title="bbox 548 520 3994 602">
     <span class='ocr_line' id='line_1_4' title="bbox 548 520 3994 602; baseline -0.004 -14"><span class='ocrx_word' id='word_1_6' title='bbox 548 528 753 588; x_wconf 83' lang='lat' dir='ltr'><strong>dilexit</strong></span> <span class='ocrx_word' id='word_1_7' title='bbox 797 528 1140 602; x_wconf 86' lang='lat' dir='ltr'><strong>Ecclesiam,</strong></span> <span class='ocrx_word' id='word_1_8' title='bbox 1188 532 1323 597; x_wconf 90' lang='lat' dir='ltr'><strong>etc.,</strong></span> <span class='ocrx_word' id='word_1_9' title='bbox 1375 544 1540 600; x_wconf 83' lang='lat' dir='ltr'><strong>usque</strong></span> <span class='ocrx_word' id='word_1_10' title='bbox 1590 526 1658 582; x_wconf 81' lang='lat' dir='ltr'><strong>ad</strong></span> <span class='ocrx_word' id='word_1_11' title='bbox 1706 526 1815 582; x_wconf 87' lang='lat' dir='ltr'><strong>iste</strong></span> <span class='ocrx_word' id='word_1_12' title='bbox 1864 528 2075 580; x_wconf 84' lang='lat' dir='ltr'><strong>nostrae</strong></span> <span class='ocrx_word' id='word_1_13' title='bbox 2117 541 2205 579; x_wconf 85' lang='lat' dir='ltr'><strong>re-</strong></span> <span class='ocrx_word' id='word_1_14' title='bbox 2237 525 2290 590; x_wconf 83' lang='grc' dir='ltr'><strong>Α</strong></span> <span class='ocrx_word' id='word_1_15' title='bbox 2391 523 2543 578; x_wconf 76' lang='lat' dir='ltr'><strong>Sicut</strong></span> <span class='ocrx_word' id='word_1_16' title='bbox 2569 530 2620 578; x_wconf 85' lang='lat' dir='ltr'><strong>et</strong></span> <span class='ocrx_word' id='word_1_17' title='bbox 2651 524 2925 592; x_wconf 73' lang='lat' dir='ltr'><strong>Christus,</strong></span> <span class='ocrx_word' id='word_1_18' title='bbox 2974 526 3106 591; x_wconf 88' lang='lat' dir='ltr'><strong>etc.,</strong></span> <span class='ocrx_word' id='word_1_19' title='bbox 3169 537 3357 594; x_wconf 90' lang='lat' dir='ltr'><strong>usque</strong></span> <span class='ocrx_word' id='word_1_20' title='bbox 3405 520 3477 577; x_wconf 92' lang='lat' dir='ltr'><strong>ad</strong></span> <span class='ocrx_word' id='word_1_21' title='bbox 3510 520 3565 577; x_wconf 80' lang='lat' dir='ltr'><strong>in</strong></span> <span class='ocrx_word' id='word_1_22' title='bbox 3616 520 3775 576; x_wconf 84' lang='lat' dir='ltr'><strong>verbo</strong></span> <span class='ocrx_word' id='word_1_23' title='bbox 3820 522 3994 576; x_wconf 73' lang='lat' dir='ltr'><strong>vita:-</strong></span> 
     </span>
    </p>
   </div>
   <div class='ocr_carea' id='block_1_5' title="bbox 551 614 2202 693">
    <p class='ocr_par' dir='ltr' id='par_1_5' title="bbox 551 614 2202 693">
     <span class='ocr_line' id='line_1_5' title="bbox 551 614 2202 693; baseline -0.004 -18"><span class='ocrx_word' id='word_1_24' title='bbox 551 620 926 693; x_wconf 85' lang='lat' dir='ltr'><strong>demptionis.</strong></span> <span class='ocrx_word' id='word_1_25' title='bbox 960 621 1094 689; x_wconf 88' lang='lat' dir='ltr'><strong>(Id.,</strong></span> <span class='ocrx_word' id='word_1_26' title='bbox 1132 627 1286 676; x_wconf 83' lang='lat' dir='ltr'><strong>tract.</strong></span> <span class='ocrx_word' id='word_1_27' title='bbox 1322 621 1383 674; x_wconf 80' lang='lat' dir='ltr'><strong>in</strong></span> <span class='ocrx_word' id='word_1_28' title='bbox 1414 620 1617 687; x_wconf 57' lang='lat' dir='ltr'><strong>live-ag.</strong></span> <span class='ocrx_word' id='word_1_29' title='bbox 1641 617 1915 681; x_wconf 77' lang='lat' dir='ltr'><strong>secJoan,</strong></span> <span class='ocrx_word' id='word_1_30' title='bbox 1940 619 2081 669; x_wconf 84' lang='lat' dir='ltr'><strong>tom.</strong></span> <span class='ocrx_word' id='word_1_31' title='bbox 2106 614 2202 669; x_wconf 89' lang='lat' dir='ltr'><strong>IlI.</strong></span> 
     </span>
    </p>
   </div>
   <div class='ocr_carea' id='block_1_6' title="bbox 548 709 1155 782">
    <p class='ocr_par' dir='ltr' id='par_1_6' title="bbox 548 709 1155 782">
     <span class='ocr_line' id='line_1_6' title="bbox 548 709 1155 782; baseline -0.003 -16"><span class='ocrx_word' id='word_1_32' title='bbox 548 715 699 782; x_wconf 87' lang='lat' dir='ltr'><strong>part.</strong></span> <span class='ocrx_word' id='word_1_33' title='bbox 734 726 798 782; x_wconf 88' lang='grc' dir='ltr'><strong>ιι,</strong></span> <span class='ocrx_word' id='word_1_34' title='bbox 822 709 935 766; x_wconf 91' lang='lat' dir='ltr'><strong>col.</strong></span> <span class='ocrx_word' id='word_1_35' title='bbox 970 710 1155 781; x_wconf 83' lang='grc'>1459.)</span> 
     </span>
    </p>
   </div>
   <div class='ocr_carea' id='block_1_7' title="bbox 619 792 2209 869">
    <p class='ocr_par' dir='ltr' id='par_1_7' title="bbox 619 792 2209 869">
     <span class='ocr_line' id='line_1_7' title="bbox 619 792 2209 869; baseline -0.006 -12"><span class='ocrx_word' id='word_1_36' title='bbox 619 800 804 857; x_wconf 84' lang='lat' dir='ltr'><strong>Nosse</strong></span> <span class='ocrx_word' id='word_1_37' title='bbox 828 800 1072 867; x_wconf 85' lang='lat' dir='ltr'><strong>debetis,</strong></span> <span class='ocrx_word' id='word_1_38' title='bbox 1121 803 1178 855; x_wconf 90' lang='lat' dir='ltr'><strong>et</strong></span> <span class='ocrx_word' id='word_1_39' title='bbox 1223 795 1545 869; x_wconf 84' lang='lat' dir='ltr'><strong>intelligere</strong></span> <span class='ocrx_word' id='word_1_40' title='bbox 1574 811 1743 867; x_wconf 86' lang='lat' dir='ltr'><strong>usque</strong></span> <span class='ocrx_word' id='word_1_41' title='bbox 1772 794 1842 851; x_wconf 87' lang='lat' dir='ltr'><strong>ad</strong></span> <span class='ocrx_word' id='word_1_42' title='bbox 1869 792 2209 849; x_wconf 86' lang='lat' dir='ltr'><strong>nominibus</strong></span> 
     </span>
    </p>
   </div>
   <div class='ocr_carea' id='block_1_8' title="bbox 550 885 2206 962">
    <p class='ocr_par' dir='ltr' id='par_1_8' title="bbox 550 885 2206 962">
     <span class='ocr_line' id='line_1_8' title="bbox 550 885 2206 962; baseline -0.005 -16"><span class='ocrx_word' id='word_1_43' title='bbox 550 892 990 962; x_wconf 88' lang='lat' dir='ltr'><strong>nuncupantur.</strong></span> <span class='ocrx_word' id='word_1_44' title='bbox 1052 888 1184 959; x_wconf 88' lang='lat' dir='ltr'><strong>(Id.,</strong></span> <span class='ocrx_word' id='word_1_45' title='bbox 1242 894 1400 943; x_wconf 88' lang='lat' dir='ltr'><strong>tract.</strong></span> <span class='ocrx_word' id='word_1_46' title='bbox 1470 887 1530 941; x_wconf 89' lang='lat' dir='ltr'><strong>in</strong></span> <span class='ocrx_word' id='word_1_47' title='bbox 1586 888 1791 957; x_wconf 86' lang='lat' dir='ltr'><strong>Evang.</strong></span> <span class='ocrx_word' id='word_1_48' title='bbox 1862 899 1967 939; x_wconf 91' lang='lat' dir='ltr'><strong>sec.</strong></span> <span class='ocrx_word' id='word_1_49' title='bbox 2024 885 2206 948; x_wconf 86' lang='lat' dir='ltr'><strong>Joan.,</strong></span> 
     </span>
    </p>
   </div>
   <div class='ocr_carea' id='block_1_9' title="bbox 549 977 1514 1048">
    <p class='ocr_par' dir='ltr' id='par_1_9' title="bbox 549 977 1514 1048">
     <span class='ocr_line' id='line_1_9' title="bbox 549 977 1514 1048; baseline -0.008 -13"><span class='ocrx_word' id='word_1_50' title='bbox 549 983 695 1035; x_wconf 86' lang='lat' dir='ltr'><strong>tom.</strong></span> <span class='ocrx_word' id='word_1_51' title='bbox 726 979 820 1048; x_wconf 92' lang='lat' dir='ltr'><strong>III,</strong></span> <span class='ocrx_word' id='word_1_52' title='bbox 852 977 961 1034; x_wconf 93' lang='lat' dir='ltr'><strong>col.</strong></span> <span class='ocrx_word' id='word_1_53' title='bbox 1003 978 1136 1033; x_wconf 89' lang='lat'><strong>1875</strong></span> <span class='ocrx_word' id='word_1_54' title='bbox 1164 981 1220 1033; x_wconf 90' lang='lat' dir='ltr'><strong>et</strong></span> <span class='ocrx_word' id='word_1_55' title='bbox 1252 979 1400 1048; x_wconf 86' lang='lat' dir='ltr'><strong>seq.)</strong></span> <span class='ocrx_word' id='word_1_56' title='bbox 1493 1032 1514 1048; x_wconf 56' lang='grc'><em>,</em></span> 
     </span>
    </p>
   </div>
   <div class='ocr_carea' id='block_1_10' title="bbox 623 1062 2207 1137">
    <p class='ocr_par' dir='ltr' id='par_1_10' title="bbox 623 1062 2207 1137">
     <span class='ocr_line' id='line_1_10' title="bbox 623 1062 2207 1137; baseline -0.005 -14"><span class='ocrx_word' id='word_1_57' title='bbox 623 1070 729 1125; x_wconf 88' lang='lat' dir='ltr'><strong>Hoc</strong></span> <span class='ocrx_word' id='word_1_58' title='bbox 749 1069 898 1124; x_wconf 85' lang='lat' dir='ltr'><strong>enim</strong></span> <span class='ocrx_word' id='word_1_59' title='bbox 924 1068 1128 1132; x_wconf 76' lang='lat' dir='ltr'><strong>scitote,</strong></span> <span class='ocrx_word' id='word_1_60' title='bbox 1161 1072 1293 1131; x_wconf 90' lang='lat' dir='ltr'><strong>etc.,</strong></span> <span class='ocrx_word' id='word_1_61' title='bbox 1317 1082 1502 1137; x_wconf 90' lang='lat' dir='ltr'><strong>usque</strong></span> <span class='ocrx_word' id='word_1_62' title='bbox 1519 1065 1591 1120; x_wconf 90' lang='lat' dir='ltr'><strong>ad</strong></span> <span class='ocrx_word' id='word_1_63' title='bbox 1623 1066 1681 1120; x_wconf 87' lang='lat' dir='ltr'><strong>in</strong></span> <span class='ocrx_word' id='word_1_64' title='bbox 1702 1062 2207 1135; x_wconf 71' lang='lat' dir='ltr'><strong>filiosdi/‘ﬁdentiaa.</strong></span> 
     </span>
    </p>
   </div>
   <div class='ocr_carea' id='block_1_11' title="bbox 552 1150 2209 1223">
    <p class='ocr_par' dir='ltr' id='par_1_11' title="bbox 552 1150 2209 1223">
     <span class='ocr_line' id='line_1_11' title="bbox 552 1150 2209 1223; baseline -0.004 -10"><span class='ocrx_word' id='word_1_65' title='bbox 552 1157 855 1213; x_wconf 88' lang='lat' dir='ltr'><strong>Positurus</strong></span> <span class='ocrx_word' id='word_1_66' title='bbox 884 1160 971 1212; x_wconf 88' lang='lat' dir='ltr'><strong>est</strong></span> <span class='ocrx_word' id='word_1_67' title='bbox 1001 1156 1157 1211; x_wconf 88' lang='lat' dir='ltr'><strong>enim</strong></span> <span class='ocrx_word' id='word_1_68' title='bbox 1188 1172 1323 1211; x_wconf 90' lang='lat' dir='ltr'><strong>oves</strong></span> <span class='ocrx_word' id='word_1_69' title='bbox 1354 1155 1426 1209; x_wconf 87' lang='lat' dir='ltr'><strong>ad</strong></span> <span class='ocrx_word' id='word_1_70' title='bbox 1449 1155 1769 1219; x_wconf 74' lang='lat' dir='ltr'><strong>dexteram,</strong></span> <span class='ocrx_word' id='word_1_71' title='bbox 1794 1156 1927 1219; x_wconf 89' lang='lat' dir='ltr'><strong>etc.,</strong></span> <span class='ocrx_word' id='word_1_72' title='bbox 1959 1150 2209 1223; x_wconf 82' lang='lat' dir='ltr'><strong>usquead</strong></span> 
     </span>
    </p>
   </div>
   <div class='ocr_carea' id='block_1_12' title="bbox 551 1241 2209 1317">
    <p class='ocr_par' dir='ltr' id='par_1_12' title="bbox 551 1241 2209 1317">
     <span class='ocr_line' id='line_1_12' title="bbox 551 1241 2209 1317; baseline -0.005 -15"><span class='ocrx_word' id='word_1_73' title='bbox 551 1246 887 1302; x_wconf 86' lang='lat' dir='ltr'><strong>manifestet</strong></span> <span class='ocrx_word' id='word_1_74' title='bbox 916 1244 1299 1317; x_wconf 88' lang='lat' dir='ltr'><strong>cogitationes</strong></span> <span class='ocrx_word' id='word_1_75' title='bbox 1330 1243 1543 1299; x_wconf 84' lang='lat' dir='ltr'><strong>cordis.</strong></span> <span class='ocrx_word' id='word_1_76' title='bbox 1574 1243 1704 1315; x_wconf 76' lang='lat' dir='ltr'><strong>(Id.,</strong></span> <span class='ocrx_word' id='word_1_77' title='bbox 1732 1243 1827 1297; x_wconf 89' lang='lat' dir='ltr'><strong>lib.</strong></span> <span class='ocrx_word' id='word_1_78' title='bbox 1855 1241 1920 1297; x_wconf 87' lang='lat' dir='ltr'><strong>de</strong></span> <span class='ocrx_word' id='word_1_79' title='bbox 1939 1241 2209 1296; x_wconf 66' lang='lat' dir='ltr'><strong>Paeniten-</strong></span> 
     </span>
    </p>
   </div>
   <div class='ocr_carea' id='block_1_13' title="bbox 548 1331 1773 1406">
    <p class='ocr_par' dir='ltr' id='par_1_13' title="bbox 548 1331 1773 1406">
     <span class='ocr_line' id='line_1_13' title="bbox 548 1331 1773 1406; baseline -0.004 -16"><span class='ocrx_word' id='word_1_80' title='bbox 548 1337 648 1406; x_wconf 91' lang='lat' dir='ltr'><strong>tia,</strong></span> <span class='ocrx_word' id='word_1_81' title='bbox 680 1338 824 1390; x_wconf 89' lang='lat' dir='ltr'><strong>tom.</strong></span> <span class='ocrx_word' id='word_1_82' title='bbox 858 1334 927 1403; x_wconf 88' lang='lat' dir='ltr'><strong>V,</strong></span> <span class='ocrx_word' id='word_1_83' title='bbox 963 1338 1111 1406; x_wconf 89' lang='lat' dir='ltr'><strong>part.</strong></span> <span class='ocrx_word' id='word_1_84' title='bbox 1145 1351 1205 1400; x_wconf 89' lang='grc' dir='ltr'><strong><em>ιι,</em></strong></span> <span class='ocrx_word' id='word_1_85' title='bbox 1231 1333 1339 1388; x_wconf 91' lang='lat' dir='ltr'><strong>col.</strong></span> <span class='ocrx_word' id='word_1_86' title='bbox 1376 1332 1515 1387; x_wconf 88' lang='grc'>1544</span> <span class='ocrx_word' id='word_1_87' title='bbox 1543 1336 1599 1386; x_wconf 93' lang='lat' dir='ltr'><strong>et</strong></span> <span class='ocrx_word' id='word_1_88' title='bbox 1629 1331 1773 1404; x_wconf 90' lang='lat' dir='ltr'><strong>seq.)</strong></span> 
     </span>
    </p>
   </div>
   <div class='ocr_carea' id='block_1_14' title="bbox 619 1419 2210 1492">
    <p class='ocr_par' dir='ltr' id='par_1_14' title="bbox 619 1419 2210 1492">
     <span class='ocr_line' id='line_1_14' title="bbox 619 1419 2210 1492; baseline -0.003 -12"><span class='ocrx_word' id='word_1_89' title='bbox 619 1424 766 1480; x_wconf 90' lang='lat' dir='ltr'><strong>Cum</strong></span> <span class='ocrx_word' id='word_1_90' title='bbox 798 1423 1358 1479; x_wconf 78' lang='lat' dir='ltr'><strong>manifestissimum</strong></span> <span class='ocrx_word' id='word_1_91' title='bbox 1392 1421 1469 1477; x_wconf 85' lang='lat' dir='ltr'><strong>sit</strong></span> <span class='ocrx_word' id='word_1_92' title='bbox 1500 1419 1686 1476; x_wconf 92' lang='lat' dir='ltr'><strong>multo</strong></span> <span class='ocrx_word' id='word_1_93' title='bbox 1713 1419 1949 1492; x_wconf 86' lang='lat' dir='ltr'><strong>gravius</strong></span> <span class='ocrx_word' id='word_1_94' title='bbox 1970 1435 2210 1492; x_wconf 86' lang='lat' dir='ltr'><strong>peccare</strong></span> 
     </span>
    </p>
   </div>
   <div class='ocr_carea' id='block_1_15' title="bbox 548 1508 2206 1584">
    <p class='ocr_par' dir='ltr' id='par_1_15' title="bbox 548 1508 2206 1584">
     <span class='ocr_line' id='line_1_15' title="bbox 548 1508 2206 1584; baseline -0.004 -14"><span class='ocrx_word' id='word_1_95' title='bbox 548 1514 850 1581; x_wconf 85' lang='lat' dir='ltr'><strong>scientem,</strong></span> <span class='ocrx_word' id='word_1_96' title='bbox 887 1517 1018 1578; x_wconf 85' lang='lat' dir='ltr'><strong>etc.,</strong></span> <span class='ocrx_word' id='word_1_97' title='bbox 1054 1529 1224 1584; x_wconf 89' lang='lat' dir='ltr'><strong>usque</strong></span> <span class='ocrx_word' id='word_1_98' title='bbox 1252 1511 1323 1567; x_wconf 89' lang='lat' dir='ltr'><strong>ad</strong></span> <span class='ocrx_word' id='word_1_99' title='bbox 1352 1514 1408 1566; x_wconf 91' lang='lat' dir='ltr'><strong>et</strong></span> <span class='ocrx_word' id='word_1_100' title='bbox 1436 1509 1559 1565; x_wconf 90' lang='lat' dir='ltr'><strong>Dei.</strong></span> <span class='ocrx_word' id='word_1_101' title='bbox 1593 1510 1721 1583; x_wconf 91' lang='lat' dir='ltr'><strong>(Id.,</strong></span> <span class='ocrx_word' id='word_1_102' title='bbox 1775 1510 1873 1564; x_wconf 88' lang='lat' dir='ltr'><strong>lib.</strong></span> <span class='ocrx_word' id='word_1_103' title='bbox 1908 1525 1966 1565; x_wconf 88' lang='grc' dir='ltr'><strong><em>ιν</em></strong></span> <span class='ocrx_word' id='word_1_104' title='bbox 1996 1508 2061 1565; x_wconf 88' lang='lat' dir='ltr'><strong>de</strong></span> <span class='ocrx_word' id='word_1_105' title='bbox 2104 1513 2206 1564; x_wconf 89' lang='lat' dir='ltr'><strong>Ba-</strong></span> 
     </span>
    </p>
   </div>
   <div class='ocr_carea' id='block_1_16' title="bbox 543 1601 1394 1676">
    <p class='ocr_par' dir='ltr' id='par_1_16' title="bbox 543 1601 1394 1676">
     <span class='ocr_line' id='line_1_16' title="bbox 543 1601 1394 1676; baseline -0.006 -17"><span class='ocrx_word' id='word_1_106' title='bbox 543 1605 762 1676; x_wconf 83' lang='lat' dir='ltr'><strong>ptismo,</strong></span> <span class='ocrx_word' id='word_1_107' title='bbox 798 1606 941 1657; x_wconf 85' lang='lat' dir='ltr'><strong>tom.</strong></span> <span class='ocrx_word' id='word_1_108' title='bbox 976 1602 1066 1666; x_wconf 78' lang='lat' dir='ltr'><strong>IX,</strong></span> <span class='ocrx_word' id='word_1_109' title='bbox 1101 1601 1209 1656; x_wconf 89' lang='lat' dir='ltr'><strong>col.</strong></span> <span class='ocrx_word' id='word_1_110' title='bbox 1248 1601 1394 1672; x_wconf 85' lang='lat'><strong>158,)</strong></span> 
     </span>
    </p>
   </div>
   <div class='ocr_carea' id='block_1_17' title="bbox 622 1689 2206 1762">
    <p class='ocr_par' dir='ltr' id='par_1_17' title="bbox 622 1689 2206 1762">
     <span class='ocr_line' id='line_1_17' title="bbox 622 1689 2206 1762; baseline -0.004 -13"><span class='ocrx_word' id='word_1_111' title='bbox 622 1693 802 1749; x_wconf 78' lang='lat' dir='ltr'><strong>Nolite</strong></span> <span class='ocrx_word' id='word_1_112' title='bbox 828 1706 957 1760; x_wconf 87' lang='lat' dir='ltr'><strong>ergo</strong></span> <span class='ocrx_word' id='word_1_113' title='bbox 987 1689 1159 1762; x_wconf 75' lang='lat' dir='ltr'><strong>effici,</strong></span> <span class='ocrx_word' id='word_1_114' title='bbox 1193 1694 1326 1757; x_wconf 89' lang='lat' dir='ltr'><strong>etc.,</strong></span> <span class='ocrx_word' id='word_1_115' title='bbox 1362 1705 1548 1758; x_wconf 88' lang='lat' dir='ltr'><strong>usque</strong></span> <span class='ocrx_word' id='word_1_116' title='bbox 1595 1689 1667 1743; x_wconf 92' lang='lat' dir='ltr'><strong>ad</strong></span> <span class='ocrx_word' id='word_1_117' title='bbox 1707 1689 1950 1760; x_wconf 84' lang='lat' dir='ltr'><strong>justitia,</strong></span> <span class='ocrx_word' id='word_1_118' title='bbox 1984 1696 2035 1743; x_wconf 89' lang='lat' dir='ltr'><strong>et</strong></span> <span class='ocrx_word' id='word_1_119' title='bbox 2066 1690 2206 1743; x_wconf 86' lang='lat' dir='ltr'><strong>veri-</strong></span> 
     </span>
    </p>
   </div>
   <div class='ocr_carea' id='block_1_18' title="bbox 550 1777 2204 1851">
    <p class='ocr_par' dir='ltr' id='par_1_18' title="bbox 550 1777 2204 1851">
     <span class='ocr_line' id='line_1_18' title="bbox 550 1777 2204 1851; baseline -0.004 -14"><span class='ocrx_word' id='word_1_120' title='bbox 550 1789 679 1838; x_wconf 86' lang='lat' dir='ltr'><strong>tate.</strong></span> <span class='ocrx_word' id='word_1_121' title='bbox 715 1779 935 1836; x_wconf 89' lang='lat' dir='ltr'><strong>Fuistis</strong></span> <span class='ocrx_word' id='word_1_122' title='bbox 966 1778 1283 1851; x_wconf 82' lang='lat' dir='ltr'><strong>aliquando</strong></span> <span class='ocrx_word' id='word_1_123' title='bbox 1313 1778 1585 1844; x_wconf 70' lang='lat' dir='ltr'><strong>tenebrze,</strong></span> <span class='ocrx_word' id='word_1_124' title='bbox 1620 1794 1776 1832; x_wconf 90' lang='lat' dir='ltr'><strong>nunc</strong></span> <span class='ocrx_word' id='word_1_125' title='bbox 1799 1782 1994 1832; x_wconf 89' lang='lat' dir='ltr'><strong>autem</strong></span> <span class='ocrx_word' id='word_1_126' title='bbox 2025 1777 2124 1832; x_wconf 87' lang='lat' dir='ltr'><strong>lux</strong></span> <span class='ocrx_word' id='word_1_127' title='bbox 2148 1778 2204 1831; x_wconf 92' lang='lat' dir='ltr'><strong>in</strong></span> 
     </span>
    </p>
   </div>
   <div class='ocr_carea' id='block_1_19' title="bbox 2318 610 4005 683">
    <p class='ocr_par' dir='ltr' id='par_1_19' title="bbox 2318 610 4005 683">
     <span class='ocr_line' id='line_1_19' title="bbox 2318 610 4005 683; baseline 0 -18"><span class='ocrx_word' id='word_1_128' title='bbox 2318 612 2546 666; x_wconf 84' lang='lat' dir='ltr'><strong>Dictum</strong></span> <span class='ocrx_word' id='word_1_129' title='bbox 2570 616 2657 667; x_wconf 87' lang='lat' dir='ltr'><strong>est</strong></span> <span class='ocrx_word' id='word_1_130' title='bbox 2670 613 2739 667; x_wconf 89' lang='lat' dir='ltr'><strong>de</strong></span> <span class='ocrx_word' id='word_1_131' title='bbox 2754 612 2999 667; x_wconf 86' lang='lat' dir='ltr'><strong>Domino</strong></span> <span class='ocrx_word' id='word_1_132' title='bbox 3013 611 3070 666; x_wconf 88' lang='lat' dir='ltr'><strong>in</strong></span> <span class='ocrx_word' id='word_1_133' title='bbox 3094 610 3401 683; x_wconf 83' lang='lat' dir='ltr'><strong>Evangelio</strong></span> <span class='ocrx_word' id='word_1_134' title='bbox 3419 629 3430 665; x_wconf 91' lang='lat'><strong>:</strong></span> <span class='ocrx_word' id='word_1_135' title='bbox 3449 610 3958 682; x_wconf 82' lang='lat' dir='ltr'><strong>BaptizabatJesu</strong></span> <span class='ocrx_word' id='word_1_136' title='bbox 3971 627 4005 665; x_wconf 88' lang='lat' dir='ltr'><strong>s</strong></span> 
     </span>
    </p>
   </div>
   <div class='ocr_carea' id='block_1_20' title="bbox 2316 700 4000 774">
    <p class='ocr_par' dir='ltr' id='par_1_20' title="bbox 2316 700 4000 774">
     <span class='ocr_line' id='line_1_20' title="bbox 2316 700 4000 774; baseline -0.001 -19"><span class='ocrx_word' id='word_1_137' title='bbox 2316 700 2513 773; x_wconf 87' lang='lat' dir='ltr'><strong>plures</strong></span> <span class='ocrx_word' id='word_1_138' title='bbox 2545 718 2722 774; x_wconf 87' lang='lat' dir='ltr'><strong>quam</strong></span> <span class='ocrx_word' id='word_1_139' title='bbox 2754 702 2995 769; x_wconf 89' lang='lat' dir='ltr'><strong>Jonnes,</strong></span> <span class='ocrx_word' id='word_1_140' title='bbox 3027 704 3162 768; x_wconf 91' lang='lat' dir='ltr'><strong>etc.,</strong></span> <span class='ocrx_word' id='word_1_141' title='bbox 3192 717 3360 773; x_wconf 87' lang='lat' dir='ltr'><strong>usque</strong></span> <span class='ocrx_word' id='word_1_142' title='bbox 3390 701 3460 757; x_wconf 88' lang='lat' dir='ltr'><strong>ad</strong></span> <span class='ocrx_word' id='word_1_143' title='bbox 3489 717 3605 755; x_wconf 92' lang='lat' dir='ltr'><strong>non</strong></span> <span class='ocrx_word' id='word_1_144' title='bbox 3635 705 3724 755; x_wconf 88' lang='lat' dir='ltr'><strong>est</strong></span> <span class='ocrx_word' id='word_1_145' title='bbox 3752 700 4000 771; x_wconf 87' lang='lat' dir='ltr'><strong>baptis-</strong></span> 
     </span>
    </p>
   </div>
   <div class='ocr_carea' id='block_1_21' title="bbox 2317 788 4001 863">
    <p class='ocr_par' dir='ltr' id='par_1_21' title="bbox 2317 788 4001 863">
     <span class='ocr_line' id='line_1_21' title="bbox 2317 788 4001 863; baseline -0.001 -18"><span class='ocrx_word' id='word_1_146' title='bbox 2317 807 2472 846; x_wconf 91' lang='lat' dir='ltr'><strong>mus.</strong></span> <span class='ocrx_word' id='word_1_147' title='bbox 2506 791 2637 863; x_wconf 94' lang='lat' dir='ltr'><strong>(Id.,</strong></span> <span class='ocrx_word' id='word_1_148' title='bbox 2674 799 2832 846; x_wconf 86' lang='lat' dir='ltr'><strong>tract.</strong></span> <span class='ocrx_word' id='word_1_149' title='bbox 2867 792 2935 847; x_wconf 88' lang='grc'><strong>15</strong></span> <span class='ocrx_word' id='word_1_150' title='bbox 2964 792 3023 847; x_wconf 90' lang='lat' dir='ltr'><strong>in</strong></span> <span class='ocrx_word' id='word_1_151' title='bbox 3074 793 3281 860; x_wconf 84' lang='lat' dir='ltr'><strong>Evang.</strong></span> <span class='ocrx_word' id='word_1_152' title='bbox 3335 806 3419 846; x_wconf 90' lang='lat' dir='ltr'><strong>see</strong></span> <span class='ocrx_word' id='word_1_153' title='bbox 3446 790 3626 857; x_wconf 87' lang='lat' dir='ltr'><strong>Joan.,</strong></span> <span class='ocrx_word' id='word_1_154' title='bbox 3678 792 3823 845; x_wconf 89' lang='lat' dir='ltr'><strong>tom.</strong></span> <span class='ocrx_word' id='word_1_155' title='bbox 3884 788 4001 857; x_wconf 90' lang='lat' dir='ltr'><strong>III,</strong></span> 
     </span>
    </p>
   </div>
   <div class='ocr_carea' id='block_1_22' title="bbox 2316 880 3146 954">
    <p class='ocr_par' dir='ltr' id='par_1_22' title="bbox 2316 880 3146 954">
     <span class='ocr_line' id='line_1_22' title="bbox 2316 880 3146 954; baseline 0 -18"><span class='ocrx_word' id='word_1_156' title='bbox 2316 884 2468 952; x_wconf 89' lang='lat' dir='ltr'><strong>part.</strong></span> <span class='ocrx_word' id='word_1_157' title='bbox 2504 898 2566 945; x_wconf 88' lang='lat'><strong>11,</strong></span> <span class='ocrx_word' id='word_1_158' title='bbox 2597 880 2703 936; x_wconf 93' lang='lat' dir='ltr'><strong>col.</strong></span> <span class='ocrx_word' id='word_1_159' title='bbox 2739 882 2868 938; x_wconf 86' lang='lat'><strong>1511</strong></span> <span class='ocrx_word' id='word_1_160' title='bbox 2908 885 2965 937; x_wconf 90' lang='lat' dir='ltr'><strong>et</strong></span> <span class='ocrx_word' id='word_1_161' title='bbox 2995 884 3146 954; x_wconf 90' lang='lat' dir='ltr'><strong>seq.)</strong></span> 
     </span>
    </p>
   </div>
   <div class='ocr_carea' id='block_1_23' title="bbox 2392 969 4000 1044">
    <p class='ocr_par' dir='ltr' id='par_1_23' title="bbox 2392 969 4000 1044">
     <span class='ocr_line' id='line_1_23' title="bbox 2392 969 4000 1044; baseline -0.001 -18"><span class='ocrx_word' id='word_1_162' title='bbox 2392 972 2455 1027; x_wconf 89' lang='lat' dir='ltr'><strong>Ut</strong></span> <span class='ocrx_word' id='word_1_163' title='bbox 2478 970 2757 1027; x_wconf 68' lang='lat' dir='ltr'><strong>exhiberet</strong></span> <span class='ocrx_word' id='word_1_164' title='bbox 2798 973 2914 1044; x_wconf 84' lang='lat' dir='ltr'><strong>ipse</strong></span> <span class='ocrx_word' id='word_1_165' title='bbox 2959 977 3092 1040; x_wconf 86' lang='lat' dir='ltr'><strong>etc.,</strong></span> <span class='ocrx_word' id='word_1_166' title='bbox 3142 987 3330 1043; x_wconf 90' lang='lat' dir='ltr'><strong>usque</strong></span> <span class='ocrx_word' id='word_1_167' title='bbox 3371 971 3443 1026; x_wconf 89' lang='lat' dir='ltr'><strong>ad</strong></span> <span class='ocrx_word' id='word_1_168' title='bbox 3488 971 3728 1042; x_wconf 85' lang='lat' dir='ltr'><strong>seipsum</strong></span> <span class='ocrx_word' id='word_1_169' title='bbox 3766 969 4000 1039; x_wconf 79' lang='lat' dir='ltr'><strong>diligit.</strong></span> 
     </span>
    </p>
   </div>
   <div class='ocr_carea' id='block_1_24' title="bbox 2316 1058 3997 1131">
    <p class='ocr_par' dir='ltr' id='par_1_24' title="bbox 2316 1058 3997 1131">
     <span class='ocr_line' id='line_1_24' title="bbox 2316 1058 3997 1131; baseline -0.002 -16"><span class='ocrx_word' id='word_1_170' title='bbox 2316 1059 2722 1131; x_wconf 84' lang='lat' dir='ltr'><strong>Superexaltat</strong></span> <span class='ocrx_word' id='word_1_171' title='bbox 2779 1063 2976 1115; x_wconf 89' lang='lat' dir='ltr'><strong>autem</strong></span> <span class='ocrx_word' id='word_1_172' title='bbox 3051 1059 3453 1116; x_wconf 86' lang='lat' dir='ltr'><strong>misericordia</strong></span> <span class='ocrx_word' id='word_1_173' title='bbox 3523 1058 3767 1131; x_wconf 87' lang='lat' dir='ltr'><strong>judicis,</strong></span> <span class='ocrx_word' id='word_1_174' title='bbox 3838 1062 3997 1126; x_wconf 88' lang='lat' dir='ltr'><strong>etc.,</strong></span> 
     </span>
    </p>
   </div>
   <div class='ocr_carea' id='block_1_25' title="bbox 2315 1148 3995 1221">
    <p class='ocr_par' dir='ltr' id='par_1_25' title="bbox 2315 1148 3995 1221">
     <span class='ocr_line' id='line_1_25' title="bbox 2315 1148 3995 1221; baseline -0.001 -18"><span class='ocrx_word' id='word_1_175' title='bbox 2315 1165 2485 1221; x_wconf 87' lang='lat' dir='ltr'><strong>usque</strong></span> <span class='ocrx_word' id='word_1_176' title='bbox 2530 1149 2601 1205; x_wconf 88' lang='lat' dir='ltr'><strong>ad</strong></span> <span class='ocrx_word' id='word_1_177' title='bbox 2644 1148 2995 1221; x_wconf 79' lang='lat' dir='ltr'><strong>significavit</strong></span> <span class='ocrx_word' id='word_1_178' title='bbox 3025 1149 3087 1205; x_wconf 87' lang='lat' dir='ltr'><strong>in</strong></span> <span class='ocrx_word' id='word_1_179' title='bbox 3136 1149 3351 1205; x_wconf 89' lang='lat' dir='ltr'><strong>triduo.</strong></span> <span class='ocrx_word' id='word_1_180' title='bbox 3402 1149 3531 1220; x_wconf 91' lang='lat' dir='ltr'><strong>(Id.,</strong></span> <span class='ocrx_word' id='word_1_181' title='bbox 3566 1148 3663 1204; x_wconf 87' lang='lat' dir='ltr'><strong>lib.</strong></span> <span class='ocrx_word' id='word_1_182' title='bbox 3700 1149 3777 1203; x_wconf 81' lang='lat' dir='ltr'><strong>&#39;de</strong></span> <span class='ocrx_word' id='word_1_183' title='bbox 3819 1149 3995 1219; x_wconf 83' lang='lat' dir='ltr'><strong>Perf.</strong></span> 
     </span>
    </p>
   </div>
   <div class='ocr_carea' id='block_1_26' title="bbox 2306 1238 3505 1311">
    <p class='ocr_par' dir='ltr' id='par_1_26' title="bbox 2306 1238 3505 1311">
     <span class='ocr_line' id='line_1_26' title="bbox 2306 1238 3505 1311; baseline 0 -18"><span class='ocrx_word' id='word_1_184' title='bbox 2306 1238 2448 1310; x_wconf 86' lang='lat' dir='ltr'><strong>justi</strong></span> <span class='ocrx_word' id='word_1_185' title='bbox 2477 1238 2646 1305; x_wconf 91' lang='lat' dir='ltr'><strong>hom.,</strong></span> <span class='ocrx_word' id='word_1_186' title='bbox 2678 1242 2822 1294; x_wconf 91' lang='lat' dir='ltr'><strong>tom.</strong></span> <span class='ocrx_word' id='word_1_187' title='bbox 2859 1243 2928 1305; x_wconf 88' lang='grc' dir='ltr'><strong>Χ,</strong></span> <span class='ocrx_word' id='word_1_188' title='bbox 2962 1243 3110 1311; x_wconf 87' lang='lat' dir='ltr'><strong>part.</strong></span> <span class='ocrx_word' id='word_1_189' title='bbox 3138 1256 3179 1304; x_wconf 92' lang='lat'><strong>1,</strong></span> <span class='ocrx_word' id='word_1_190' title='bbox 3213 1238 3322 1295; x_wconf 92' lang='lat' dir='ltr'><strong>col.</strong></span> <span class='ocrx_word' id='word_1_191' title='bbox 3354 1239 3505 1311; x_wconf 90' lang='grc'>310.)</span> 
     </span>
    </p>
   </div>
   <div class='ocr_carea' id='block_1_27' title="bbox 2389 1325 3996 1400">
    <p class='ocr_par' dir='ltr' id='par_1_27' title="bbox 2389 1325 3996 1400">
     <span class='ocr_line' id='line_1_27' title="bbox 2389 1325 3996 1400; baseline -0.001 -18"><span class='ocrx_word' id='word_1_192' title='bbox 2389 1327 2517 1399; x_wconf 91' lang='lat' dir='ltr'><strong>Ipse</strong></span> <span class='ocrx_word' id='word_1_193' title='bbox 2547 1331 2636 1383; x_wconf 91' lang='lat' dir='ltr'><strong>est</strong></span> <span class='ocrx_word' id='word_1_194' title='bbox 2657 1328 2814 1384; x_wconf 90' lang='lat' dir='ltr'><strong>enim</strong></span> <span class='ocrx_word' id='word_1_195' title='bbox 2831 1327 2988 1396; x_wconf 87' lang='lat' dir='ltr'><strong>finis,</strong></span> <span class='ocrx_word' id='word_1_196' title='bbox 3004 1327 3226 1383; x_wconf 91' lang='lat' dir='ltr'><strong>utnihil</strong></span> <span class='ocrx_word' id='word_1_197' title='bbox 3240 1326 3456 1400; x_wconf 86' lang='lat' dir='ltr'><strong>duplici</strong></span> <span class='ocrx_word' id='word_1_198' title='bbox 3471 1328 3643 1383; x_wconf 89' lang='lat' dir='ltr'><strong>corde</strong></span> <span class='ocrx_word' id='word_1_199' title='bbox 3665 1325 3996 1393; x_wconf 84' lang='lat' dir='ltr'><strong>faciamus,</strong></span> 
     </span>
    </p>
   </div>
   <div class='ocr_carea' id='block_1_28' title="bbox 2316 1416 3998 1489">
    <p class='ocr_par' dir='ltr' id='par_1_28' title="bbox 2316 1416 3998 1489">
     <span class='ocr_line' id='line_1_28' title="bbox 2316 1416 3998 1489; baseline 0 -17"><span class='ocrx_word' id='word_1_200' title='bbox 2316 1420 2450 1484; x_wconf 90' lang='lat' dir='ltr'><strong>etc.,</strong></span> <span class='ocrx_word' id='word_1_201' title='bbox 2477 1417 2739 1489; x_wconf 81' lang='lat' dir='ltr'><strong>usquead</strong></span> <span class='ocrx_word' id='word_1_202' title='bbox 2768 1418 3053 1473; x_wconf 88' lang='lat' dir='ltr'><strong>mundam</strong></span> <span class='ocrx_word' id='word_1_203' title='bbox 3094 1421 3151 1473; x_wconf 89' lang='lat' dir='ltr'><strong>et</strong></span> <span class='ocrx_word' id='word_1_204' title='bbox 3180 1416 3534 1489; x_wconf 89' lang='lat' dir='ltr'><strong>simplicem.</strong></span> <span class='ocrx_word' id='word_1_205' title='bbox 3588 1416 3718 1489; x_wconf 93' lang='lat' dir='ltr'><strong>(Id.,</strong></span> <span class='ocrx_word' id='word_1_206' title='bbox 3772 1417 3876 1472; x_wconf 87' lang='lat' dir='ltr'><strong>lib.</strong></span> <span class='ocrx_word' id='word_1_207' title='bbox 3921 1417 3998 1472; x_wconf 81' lang='lat' dir='ltr'><strong>de</strong></span> 
     </span>
    </p>
   </div>
   <div class='ocr_carea' id='block_1_29' title="bbox 2316 1504 3893 1578">
    <p class='ocr_par' dir='ltr' id='par_1_29' title="bbox 2316 1504 3893 1578">
     <span class='ocr_line' id='line_1_29' title="bbox 2316 1504 3893 1578; baseline -0.001 -18"><span class='ocrx_word' id='word_1_208' title='bbox 2316 1504 2492 1561; x_wconf 89' lang='lat' dir='ltr'><strong>Serm.</strong></span> <span class='ocrx_word' id='word_1_209' title='bbox 2524 1508 2675 1562; x_wconf 90' lang='lat' dir='ltr'><strong>Dom.</strong></span> <span class='ocrx_word' id='word_1_210' title='bbox 2702 1508 2759 1562; x_wconf 88' lang='lat' dir='ltr'><strong>in</strong></span> <span class='ocrx_word' id='word_1_211' title='bbox 2790 1514 2993 1575; x_wconf 86' lang='lat' dir='ltr'><strong>monte,</strong></span> <span class='ocrx_word' id='word_1_212' title='bbox 3025 1511 3167 1562; x_wconf 90' lang='lat' dir='ltr'><strong>tom.</strong></span> <span class='ocrx_word' id='word_1_213' title='bbox 3202 1506 3300 1575; x_wconf 87' lang='lat' dir='ltr'><strong>III,</strong></span> <span class='ocrx_word' id='word_1_214' title='bbox 3334 1505 3443 1561; x_wconf 91' lang='lat' dir='ltr'><strong>col.</strong></span> <span class='ocrx_word' id='word_1_215' title='bbox 3480 1507 3618 1561; x_wconf 93' lang='lat'><strong>1288</strong></span> <span class='ocrx_word' id='word_1_216' title='bbox 3648 1510 3706 1561; x_wconf 91' lang='lat' dir='ltr'><strong>et</strong></span> <span class='ocrx_word' id='word_1_217' title='bbox 3736 1508 3893 1578; x_wconf 89' lang='lat' dir='ltr'><strong>seq.)</strong></span> 
     </span>
    </p>
   </div>
   <div class='ocr_carea' id='block_1_30' title="bbox 2392 1613 3993 1685">
    <p class='ocr_par' dir='ltr' id='par_1_30' title="bbox 2392 1613 3993 1685">
     <span class='ocr_line' id='line_1_30' title="bbox 2392 1613 3993 1685; baseline -0.001 -17"><span class='ocrx_word' id='word_1_218' title='bbox 2392 1613 2638 1669; x_wconf 88' lang='lat' dir='ltr'><strong>Lavabis</strong></span> <span class='ocrx_word' id='word_1_219' title='bbox 2682 1631 2796 1682; x_wconf 85' lang='lat' dir='ltr'><strong>me,</strong></span> <span class='ocrx_word' id='word_1_220' title='bbox 2848 1615 2906 1668; x_wconf 90' lang='lat' dir='ltr'><strong>id</strong></span> <span class='ocrx_word' id='word_1_221' title='bbox 2935 1618 3024 1670; x_wconf 91' lang='lat' dir='ltr'><strong>est</strong></span> <span class='ocrx_word' id='word_1_222' title='bbox 3073 1613 3416 1669; x_wconf 87' lang='lat' dir='ltr'><strong>mundabis:</strong></span> <span class='ocrx_word' id='word_1_223' title='bbox 3472 1617 3530 1668; x_wconf 89' lang='lat' dir='ltr'><strong>et</strong></span> <span class='ocrx_word' id='word_1_224' title='bbox 3567 1629 3744 1685; x_wconf 85' lang='lat' dir='ltr'><strong>super</strong></span> <span class='ocrx_word' id='word_1_225' title='bbox 3782 1613 3993 1668; x_wconf 86' lang='lat' dir='ltr'><strong>nivem</strong></span> 
     </span>
    </p>
   </div>
   <div class='ocr_carea' id='block_1_31' title="bbox 2317 1701 3993 1775">
    <p class='ocr_par' dir='ltr' id='par_1_31' title="bbox 2317 1701 3993 1775">
     <span class='ocr_line' id='line_1_31' title="bbox 2317 1701 3993 1775; baseline -0.001 -18"><span class='ocrx_word' id='word_1_226' title='bbox 2317 1701 2652 1758; x_wconf 88' lang='lat' dir='ltr'><strong>dealbabor.</strong></span> <span class='ocrx_word' id='word_1_227' title='bbox 2686 1705 2757 1759; x_wconf 88' lang='lat' dir='ltr'><strong>Et</strong></span> <span class='ocrx_word' id='word_1_228' title='bbox 2785 1703 2832 1758; x_wconf 90' lang='lat' dir='ltr'><strong>si</strong></span> <span class='ocrx_word' id='word_1_229' title='bbox 2892 1703 3111 1758; x_wconf 86' lang='lat' dir='ltr'><strong>fuerint</strong></span> <span class='ocrx_word' id='word_1_230' title='bbox 3167 1706 3407 1775; x_wconf 88' lang='lat' dir='ltr'><strong>peccata</strong></span> <span class='ocrx_word' id='word_1_231' title='bbox 3452 1706 3646 1757; x_wconf 88' lang='lat' dir='ltr'><strong>vestra</strong></span> <span class='ocrx_word' id='word_1_232' title='bbox 3694 1706 3760 1757; x_wconf 89' lang='lat' dir='ltr'><strong>ut</strong></span> <span class='ocrx_word' id='word_1_233' title='bbox 3807 1703 3993 1757; x_wconf 67' lang='lat' dir='ltr'><strong>faeni-</strong></span> 
     </span>
    </p>
   </div>
   <div class='ocr_carea' id='block_1_32' title="bbox 2317 1792 3990 1864">
    <p class='ocr_par' dir='ltr' id='par_1_32' title="bbox 2317 1792 3990 1864">
     <span class='ocr_line' id='line_1_32' title="bbox 2317 1792 3990 1864; baseline 0 -17"><span class='ocrx_word' id='word_1_234' title='bbox 2317 1792 2496 1857; x_wconf 89' lang='lat' dir='ltr'><strong>cium,</strong></span> <span class='ocrx_word' id='word_1_235' title='bbox 2515 1796 2649 1862; x_wconf 88' lang='lat' dir='ltr'><strong>etc.,</strong></span> <span class='ocrx_word' id='word_1_236' title='bbox 2675 1809 2841 1864; x_wconf 86' lang='lat' dir='ltr'><strong>usque</strong></span> <span class='ocrx_word' id='word_1_237' title='bbox 2861 1794 2931 1848; x_wconf 78' lang='lat' dir='ltr'><strong>ad</strong></span> <span class='ocrx_word' id='word_1_238' title='bbox 2955 1794 3327 1848; x_wconf 89' lang='lat' dir='ltr'><strong>mundatum.</strong></span> <span class='ocrx_word' id='word_1_239' title='bbox 3346 1792 3477 1862; x_wconf 92' lang='lat' dir='ltr'><strong>(Id.,</strong></span> <span class='ocrx_word' id='word_1_240' title='bbox 3501 1800 3662 1847; x_wconf 84' lang='lat' dir='ltr'><strong>tract.</strong></span> <span class='ocrx_word' id='word_1_241' title='bbox 3687 1794 3747 1847; x_wconf 87' lang='lat' dir='ltr'><strong>in</strong></span> <span class='ocrx_word' id='word_1_242' title='bbox 3764 1793 3912 1864; x_wconf 83' lang='lat' dir='ltr'><strong>psal.</strong></span> <span class='ocrx_word' id='word_1_243' title='bbox 3934 1810 3990 1859; x_wconf 85' lang='lat'><strong>1.,</strong></span> 
     </span>
    </p>
   </div>
   <div class='ocr_carea' id='block_1_33' title="bbox 550 1865 2207 1967">
    <p class='ocr_par' dir='ltr' id='par_1_33' title="bbox 550 1865 2205 1940">
     <span class='ocr_line' id='line_1_33' title="bbox 550 1865 2205 1940; baseline -0.004 -14"><span class='ocrx_word' id='word_1_244' title='bbox 550 1869 798 1926; x_wconf 90' lang='lat' dir='ltr'><strong>Domino</strong></span> <span class='ocrx_word' id='word_1_245' title='bbox 830 1872 962 1937; x_wconf 90' lang='lat' dir='ltr'><strong>etc.,</strong></span> <span class='ocrx_word' id='word_1_246' title='bbox 998 1885 1166 1940; x_wconf 89' lang='lat' dir='ltr'><strong>usque</strong></span> <span class='ocrx_word' id='word_1_247' title='bbox 1203 1867 1274 1923; x_wconf 86' lang='lat' dir='ltr'><strong>ad</strong></span> <span class='ocrx_word' id='word_1_248' title='bbox 1313 1866 1393 1921; x_wconf 90' lang='lat' dir='ltr'><strong>ibi</strong></span> <span class='ocrx_word' id='word_1_249' title='bbox 1426 1883 1541 1922; x_wconf 92' lang='lat' dir='ltr'><strong>non</strong></span> <span class='ocrx_word' id='word_1_250' title='bbox 1590 1865 1816 1938; x_wconf 83' lang='lat' dir='ltr'><strong>addidit</strong></span> <span class='ocrx_word' id='word_1_251' title='bbox 1845 1865 1903 1920; x_wconf 92' lang='lat' dir='ltr'><strong>in</strong></span> <span class='ocrx_word' id='word_1_252' title='bbox 1936 1865 2205 1920; x_wconf 90' lang='lat' dir='ltr'><strong>Domino.</strong></span> 
     </span>
    </p>
   </div>
   <div class='ocr_carea' id='block_1_34' title="bbox 2344 1865 3172 1967">
    <p class='ocr_par' dir='ltr' id='par_1_34' title="bbox 2344 1881 3172 1953">
     <span class='ocr_line' id='line_1_34' title="bbox 2344 1881 3172 1953; baseline 0.001 -18"><span class='ocrx_word' id='word_1_253' title='bbox 2344 1897 2457 1935; x_wconf 88' lang='lat' dir='ltr'><strong>om.</strong></span> <span class='ocrx_word' id='word_1_254' title='bbox 2494 1882 2588 1945; x_wconf 90' lang='lat' dir='ltr'><strong>IV,</strong></span> <span class='ocrx_word' id='word_1_255' title='bbox 2624 1885 2772 1953; x_wconf 86' lang='lat' dir='ltr'><strong>part.</strong></span> <span class='ocrx_word' id='word_1_256' title='bbox 2807 1897 2847 1949; x_wconf 88' lang='lat'><strong>1,</strong></span> <span class='ocrx_word' id='word_1_257' title='bbox 2880 1881 2989 1937; x_wconf 89' lang='lat' dir='ltr'><strong>col.</strong></span> <span class='ocrx_word' id='word_1_258' title='bbox 3022 1881 3172 1953; x_wconf 87' lang='lat'><strong>593.)</strong></span> 
     </span>
    </p>
   </div>
   <div class='ocr_carea' id='block_1_35' title="bbox 552 1952 2207 2033">
    <p class='ocr_par' dir='ltr' id='par_1_35' title="bbox 552 1952 2207 2033">
     <span class='ocr_line' id='line_1_35' title="bbox 552 1952 2207 2033; baseline -0.002 -19"><span class='ocrx_word' id='word_1_259' title='bbox 552 1960 677 2033; x_wconf 91' lang='lat' dir='ltr'><strong>(Id.,</strong></span> <span class='ocrx_word' id='word_1_260' title='bbox 704 1959 799 2015; x_wconf 91' lang='lat' dir='ltr'><strong>lib.</strong></span> <span class='ocrx_word' id='word_1_261' title='bbox 828 1959 893 2014; x_wconf 89' lang='lat' dir='ltr'><strong>de</strong></span> <span class='ocrx_word' id='word_1_262' title='bbox 916 1958 1293 2029; x_wconf 78' lang='lat' dir='ltr'><strong>Perfect.vitte</strong></span> <span class='ocrx_word' id='word_1_263' title='bbox 1314 1957 1574 2024; x_wconf 81' lang='lat' dir='ltr'><strong>hominis,</strong></span> <span class='ocrx_word' id='word_1_264' title='bbox 1602 1960 1744 2011; x_wconf 86' lang='lat' dir='ltr'><strong>tom.</strong></span> <span class='ocrx_word' id='word_1_265' title='bbox 1775 1956 1841 2021; x_wconf 92' lang='lat' dir='ltr'><strong>X,</strong></span> <span class='ocrx_word' id='word_1_266' title='bbox 1857 1958 2006 2026; x_wconf 91' lang='lat' dir='ltr'><strong>part,</strong></span> <span class='ocrx_word' id='word_1_267' title='bbox 2041 1972 2082 2026; x_wconf 90' lang='lat'><strong>1,</strong></span> <span class='ocrx_word' id='word_1_268' title='bbox 2096 1952 2207 2010; x_wconf 92' lang='lat' dir='ltr'><strong>col.</strong></span> 
     </span>
    </p>
   </div>
   <div class='ocr_carea' id='block_1_36' title="bbox 549 2050 932 2120">
    <p class='ocr_par' dir='ltr' id='par_1_36' title="bbox 549 2050 932 2120">
     <span class='ocr_line' id='line_1_36' title="bbox 549 2050 932 2120; baseline -0.008 -15"><span class='ocrx_word' id='word_1_269' title='bbox 549 2050 657 2105; x_wconf 89' lang='lat'><strong>307</strong></span> <span class='ocrx_word' id='word_1_270' title='bbox 688 2052 747 2104; x_wconf 90' lang='lat' dir='ltr'><strong>et</strong></span> <span class='ocrx_word' id='word_1_271' title='bbox 777 2051 932 2120; x_wconf 90' lang='lat' dir='ltr'><strong>seq.)</strong></span> 
     </span>
    </p>
   </div>
   <div class='ocr_carea' id='block_1_37' title="bbox 621 2133 2210 2208">
    <p class='ocr_par' dir='ltr' id='par_1_37' title="bbox 621 2133 2210 2208">
     <span class='ocr_line' id='line_1_37' title="bbox 621 2133 2210 2208; baseline -0.003 -15"><span class='ocrx_word' id='word_1_272' title='bbox 621 2139 693 2193; x_wconf 92' lang='lat' dir='ltr'><strong>Et</strong></span> <span class='ocrx_word' id='word_1_273' title='bbox 723 2142 878 2193; x_wconf 85' lang='lat' dir='ltr'><strong>terra</strong></span> <span class='ocrx_word' id='word_1_274' title='bbox 908 2139 1111 2192; x_wconf 89' lang='lat' dir='ltr'><strong>nostra</strong></span> <span class='ocrx_word' id='word_1_275' title='bbox 1141 2140 1457 2208; x_wconf 87' lang='lat' dir='ltr'><strong>antequam</strong></span> <span class='ocrx_word' id='word_1_276' title='bbox 1491 2134 1782 2206; x_wconf 89' lang='lat' dir='ltr'><strong>acciperet</strong></span> <span class='ocrx_word' id='word_1_277' title='bbox 1814 2133 2062 2189; x_wconf 88' lang='lat' dir='ltr'><strong>formam</strong></span> <span class='ocrx_word' id='word_1_278' title='bbox 2100 2134 2210 2189; x_wconf 92' lang='lat' dir='ltr'><strong>do-</strong></span> 
     </span>
    </p>
   </div>
   <div class='ocr_carea' id='block_1_38' title="bbox 550 2222 2205 2298">
    <p class='ocr_par' dir='ltr' id='par_1_38' title="bbox 550 2222 2205 2298">
     <span class='ocr_line' id='line_1_38' title="bbox 550 2222 2205 2298; baseline -0.002 -17"><span class='ocrx_word' id='word_1_279' title='bbox 550 2226 770 2294; x_wconf 69' lang='lat' dir='ltr'><strong>ctrinae,</strong></span> <span class='ocrx_word' id='word_1_280' title='bbox 802 2229 937 2295; x_wconf 90' lang='lat' dir='ltr'><strong>etc.,</strong></span> <span class='ocrx_word' id='word_1_281' title='bbox 984 2242 1156 2298; x_wconf 87' lang='lat' dir='ltr'><strong>usque</strong></span> <span class='ocrx_word' id='word_1_282' title='bbox 1202 2225 1274 2280; x_wconf 88' lang='lat' dir='ltr'><strong>ad</strong></span> <span class='ocrx_word' id='word_1_283' title='bbox 1304 2241 1520 2297; x_wconf 79' lang='lat' dir='ltr'><strong>sponso</strong></span> <span class='ocrx_word' id='word_1_284' title='bbox 1554 2223 1726 2279; x_wconf 89' lang='lat' dir='ltr'><strong>unico</strong></span> <span class='ocrx_word' id='word_1_285' title='bbox 1768 2228 1888 2279; x_wconf 92' lang='lat' dir='ltr'><strong>tuo.</strong></span> <span class='ocrx_word' id='word_1_286' title='bbox 1945 2222 2072 2294; x_wconf 91' lang='lat' dir='ltr'><strong>(Id.,</strong></span> <span class='ocrx_word' id='word_1_287' title='bbox 2107 2224 2205 2278; x_wconf 88' lang='lat' dir='ltr'><strong>lib.</strong></span> 
     </span>
    </p>
   </div>
   <div class='ocr_carea' id='block_1_39' title="bbox 546 2311 2211 2391">
    <p class='ocr_par' dir='ltr' id='par_1_39' title="bbox 546 2311 2211 2391">
     <span class='ocr_line' id='line_1_39' title="bbox 546 2311 2211 2391; baseline -0.007 -19"><span class='ocrx_word' id='word_1_288' title='bbox 546 2332 651 2372; x_wconf 73' lang='grc' dir='ltr'><strong><em>χιιι</em></strong></span> <span class='ocrx_word' id='word_1_289' title='bbox 683 2315 943 2386; x_wconf 82' lang='lat' dir='ltr'><strong>Confess.,</strong></span> <span class='ocrx_word' id='word_1_290' title='bbox 977 2318 1120 2371; x_wconf 91' lang='lat' dir='ltr'><strong>tom.</strong></span> <span class='ocrx_word' id='word_1_291' title='bbox 1154 2315 1197 2380; x_wconf 90' lang='grc' dir='ltr'><strong>Ι,</strong></span> <span class='ocrx_word' id='word_1_292' title='bbox 1233 2313 1342 2370; x_wconf 90' lang='lat' dir='ltr'><strong>col.</strong></span> <span class='ocrx_word' id='word_1_293' title='bbox 1376 2315 1483 2368; x_wconf 89' lang='lat'><strong>850</strong></span> <span class='ocrx_word' id='word_1_294' title='bbox 1513 2316 1571 2368; x_wconf 91' lang='lat' dir='ltr'><strong>et</strong></span> <span class='ocrx_word' id='word_1_295' title='bbox 1601 2311 1750 2383; x_wconf 89' lang='lat' dir='ltr'><strong>seq.)</strong></span> <span class='ocrx_word' id='word_1_296' title='bbox 2202 2388 2211 2391; x_wconf 80' lang='lat'>_</span> 
     </span>
    </p>
   </div>
   <div class='ocr_carea' id='block_1_40' title="bbox 570 2400 2210 2474">
    <p class='ocr_par' dir='ltr' id='par_1_40' title="bbox 570 2400 2210 2474">
     <span class='ocr_line' id='line_1_40' title="bbox 570 2400 2210 2474; baseline -0.003 -14"><span class='ocrx_word' id='word_1_297' title='bbox 570 2464 577 2469; x_wconf 86' lang='lat'><strong><em>_</em></strong></span> <span class='ocrx_word' id='word_1_298' title='bbox 618 2406 689 2460; x_wconf 90' lang='lat' dir='ltr'><strong>Et</strong></span> <span class='ocrx_word' id='word_1_299' title='bbox 718 2403 877 2460; x_wconf 77' lang='lat' dir='ltr'><strong>vidit.</strong></span> <span class='ocrx_word' id='word_1_300' title='bbox 906 2409 1053 2459; x_wconf 78' lang='lat' dir='ltr'><strong>Ileus</strong></span> <span class='ocrx_word' id='word_1_301' title='bbox 1100 2403 1293 2459; x_wconf 86' lang='lat' dir='ltr'><strong>lucem</strong></span> <span class='ocrx_word' id='word_1_302' title='bbox 1341 2400 1479 2474; x_wconf 91' lang='lat' dir='ltr'><strong>quia</strong></span> <span class='ocrx_word' id='word_1_303' title='bbox 1527 2401 1682 2456; x_wconf 90' lang='lat' dir='ltr'><strong>bona</strong></span> <span class='ocrx_word' id='word_1_304' title='bbox 1711 2404 1819 2466; x_wconf 87' lang='lat' dir='ltr'><strong>est,</strong></span> <span class='ocrx_word' id='word_1_305' title='bbox 1871 2403 2005 2467; x_wconf 90' lang='lat' dir='ltr'><strong>etc.,</strong></span> <span class='ocrx_word' id='word_1_306' title='bbox 2041 2415 2210 2471; x_wconf 86' lang='lat' dir='ltr'><strong>usque</strong></span> 
     </span>
    </p>
   </div>
   <div class='ocr_carea' id='block_1_41' title="bbox 549 2487 2205 2564">
    <p class='ocr_par' dir='ltr' id='par_1_41' title="bbox 549 2487 2205 2564">
     <span class='ocr_line' id='line_1_41' title="bbox 549 2487 2205 2564; baseline -0.004 -15"><span class='ocrx_word' id='word_1_307' title='bbox 549 2494 620 2549; x_wconf 89' lang='lat' dir='ltr'><strong>ad</strong></span> <span class='ocrx_word' id='word_1_308' title='bbox 649 2493 787 2549; x_wconf 92' lang='lat' dir='ltr'><strong>boni</strong></span> <span class='ocrx_word' id='word_1_309' title='bbox 818 2496 1019 2549; x_wconf 90' lang='lat' dir='ltr'><strong>estote.</strong></span> <span class='ocrx_word' id='word_1_310' title='bbox 1056 2492 1185 2564; x_wconf 91' lang='lat' dir='ltr'><strong>(Id.,</strong></span> <span class='ocrx_word' id='word_1_311' title='bbox 1225 2508 1393 2547; x_wconf 74' lang='lat' dir='ltr'><strong>serm;</strong></span> <span class='ocrx_word' id='word_1_312' title='bbox 1418 2490 1484 2546; x_wconf 84' lang='lat' dir='ltr'><strong>de</strong></span> <span class='ocrx_word' id='word_1_313' title='bbox 1514 2491 1622 2559; x_wconf 87' lang='lat' dir='ltr'><strong>vig.</strong></span> <span class='ocrx_word' id='word_1_314' title='bbox 1672 2490 1914 2557; x_wconf 80' lang='lat' dir='ltr'><strong>Paschae,</strong></span> <span class='ocrx_word' id='word_1_315' title='bbox 1960 2492 2103 2544; x_wconf 91' lang='lat' dir='ltr'><strong>tom.</strong></span> <span class='ocrx_word' id='word_1_316' title='bbox 2142 2487 2205 2556; x_wconf 92' lang='lat' dir='ltr'><strong>V,</strong></span> 
     </span>
    </p>
   </div>
   <div class='ocr_carea' id='block_1_42' title="bbox 550 2581 1140 2656">
    <p class='ocr_par' dir='ltr' id='par_1_42' title="bbox 550 2581 1140 2656">
     <span class='ocr_line' id='line_1_42' title="bbox 550 2581 1140 2656; baseline -0.007 -17"><span class='ocrx_word' id='word_1_317' title='bbox 550 2587 698 2656; x_wconf 84' lang='lat' dir='ltr'><strong>part.</strong></span> <span class='ocrx_word' id='word_1_318' title='bbox 733 2601 772 2651; x_wconf 90' lang='lat'><strong>1,</strong></span> <span class='ocrx_word' id='word_1_319' title='bbox 806 2582 916 2639; x_wconf 94' lang='lat' dir='ltr'><strong>col.</strong></span> <span class='ocrx_word' id='word_1_320' title='bbox 953 2581 1140 2650; x_wconf 86' lang='lat'><strong>1092.)</strong></span> 
     </span>
    </p>
   </div>
   <div class='ocr_carea' id='block_1_43' title="bbox 620 2666 2210 2741">
    <p class='ocr_par' dir='ltr' id='par_1_43' title="bbox 620 2666 2210 2741">
     <span class='ocr_line' id='line_1_43' title="bbox 620 2666 2210 2741; baseline -0.003 -14"><span class='ocrx_word' id='word_1_321' title='bbox 620 2671 1130 2737; x_wconf 87' lang='lat' dir='ltr'><strong>Quemadmodum</strong></span> <span class='ocrx_word' id='word_1_322' title='bbox 1162 2670 1223 2724; x_wconf 89' lang='lat' dir='ltr'><strong>in</strong></span> <span class='ocrx_word' id='word_1_323' title='bbox 1253 2668 1401 2741; x_wconf 91' lang='lat' dir='ltr'><strong>ipsis</strong></span> <span class='ocrx_word' id='word_1_324' title='bbox 1431 2668 1794 2741; x_wconf 87' lang='lat' dir='ltr'><strong>corporibus,</strong></span> <span class='ocrx_word' id='word_1_325' title='bbox 1827 2685 1895 2724; x_wconf 91' lang='lat' dir='ltr'><strong>ea</strong></span> <span class='ocrx_word' id='word_1_326' title='bbox 1927 2666 2210 2739; x_wconf 65' lang='lat' dir='ltr'><strong>quaeinte-</strong></span> 
     </span>
    </p>
   </div>
   <div class='ocr_carea' id='block_1_44' title="bbox 550 2756 2205 2832">
    <p class='ocr_par' dir='ltr' id='par_1_44' title="bbox 550 2756 2205 2832">
     <span class='ocr_line' id='line_1_44' title="bbox 550 2756 2205 2832; baseline -0.003 -15"><span class='ocrx_word' id='word_1_327' title='bbox 550 2760 706 2818; x_wconf 87' lang='lat' dir='ltr'><strong>riora</strong></span> <span class='ocrx_word' id='word_1_328' title='bbox 736 2764 894 2829; x_wconf 89' lang='lat' dir='ltr'><strong>sunt,</strong></span> <span class='ocrx_word' id='word_1_329' title='bbox 929 2765 1064 2827; x_wconf 91' lang='lat' dir='ltr'><strong>etc.,</strong></span> <span class='ocrx_word' id='word_1_330' title='bbox 1095 2775 1268 2832; x_wconf 82' lang='lat' dir='ltr'><strong>usque</strong></span> <span class='ocrx_word' id='word_1_331' title='bbox 1295 2758 1365 2815; x_wconf 88' lang='lat' dir='ltr'><strong>ad</strong></span> <span class='ocrx_word' id='word_1_332' title='bbox 1395 2758 1496 2814; x_wconf 83' lang='lat' dir='ltr'><strong>lux</strong></span> <span class='ocrx_word' id='word_1_333' title='bbox 1524 2757 1580 2812; x_wconf 81' lang='lat' dir='ltr'><strong>ic</strong></span> <span class='ocrx_word' id='word_1_334' title='bbox 1611 2757 1878 2813; x_wconf 91' lang='lat' dir='ltr'><strong>Domino.</strong></span> <span class='ocrx_word' id='word_1_335' title='bbox 1924 2756 2056 2829; x_wconf 89' lang='lat' dir='ltr'><strong>(Id.,</strong></span> <span class='ocrx_word' id='word_1_336' title='bbox 2108 2757 2205 2812; x_wconf 86' lang='lat' dir='ltr'><strong>lib.</strong></span> 
     </span>
    </p>
   </div>
   <div class='ocr_carea' id='block_1_45' title="bbox 550 2846 1838 2919">
    <p class='ocr_par' dir='ltr' id='par_1_45' title="bbox 550 2846 1838 2919">
     <span class='ocr_line' id='line_1_45' title="bbox 550 2846 1838 2919; baseline -0.005 -12"><span class='ocrx_word' id='word_1_337' title='bbox 550 2851 615 2906; x_wconf 87' lang='lat' dir='ltr'><strong>de</strong></span> <span class='ocrx_word' id='word_1_338' title='bbox 646 2851 792 2915; x_wconf 87' lang='lat' dir='ltr'><strong>Grat,</strong></span> <span class='ocrx_word' id='word_1_339' title='bbox 826 2851 958 2907; x_wconf 87' lang='lat' dir='ltr'><strong>Nov.</strong></span> <span class='ocrx_word' id='word_1_340' title='bbox 996 2852 1245 2916; x_wconf 89' lang='lat' dir='ltr'><strong>Testam.,</strong></span> <span class='ocrx_word' id='word_1_341' title='bbox 1268 2853 1411 2903; x_wconf 91' lang='lat' dir='ltr'><strong>tom.</strong></span> <span class='ocrx_word' id='word_1_342' title='bbox 1445 2848 1517 2916; x_wconf 93' lang='lat' dir='ltr'><strong>II,</strong></span> <span class='ocrx_word' id='word_1_343' title='bbox 1552 2846 1661 2904; x_wconf 89' lang='lat' dir='ltr'><strong>col.</strong></span> <span class='ocrx_word' id='word_1_344' title='bbox 1693 2847 1838 2919; x_wconf 87' lang='lat'><strong>562).</strong></span> 
     </span>
    </p>
   </div>
   <div class='ocr_carea' id='block_1_46' title="bbox 626 2936 2206 3010">
    <p class='ocr_par' dir='ltr' id='par_1_46' title="bbox 626 2936 2206 3010">
     <span class='ocr_line' id='line_1_46' title="bbox 626 2936 2206 3010; baseline -0.004 -15"><span class='ocrx_word' id='word_1_345' title='bbox 626 2940 921 2996; x_wconf 87' lang='lat' dir='ltr'><strong>Probantes</strong></span> <span class='ocrx_word' id='word_1_346' title='bbox 950 2938 1081 3010; x_wconf 88' lang='lat' dir='ltr'><strong>quid</strong></span> <span class='ocrx_word' id='word_1_347' title='bbox 1106 2940 1197 3006; x_wconf 82' lang='lat' dir='ltr'><strong>sit,</strong></span> <span class='ocrx_word' id='word_1_348' title='bbox 1231 2941 1363 3005; x_wconf 90' lang='lat' dir='ltr'><strong>etc.,</strong></span> <span class='ocrx_word' id='word_1_349' title='bbox 1389 2954 1576 3010; x_wconf 91' lang='lat' dir='ltr'><strong>usque</strong></span> <span class='ocrx_word' id='word_1_350' title='bbox 1592 2938 1665 2993; x_wconf 91' lang='lat' dir='ltr'><strong>ad</strong></span> <span class='ocrx_word' id='word_1_351' title='bbox 1696 2936 2206 3009; x_wconf 81' lang='lat' dir='ltr'><strong>turpeestetdicere.</strong></span> 
     </span>
    </p>
   </div>
   <div class='ocr_carea' id='block_1_47' title="bbox 553 3023 2207 3099">
    <p class='ocr_par' dir='ltr' id='par_1_47' title="bbox 553 3023 2207 3099">
     <span class='ocr_line' id='line_1_47' title="bbox 553 3023 2207 3099; baseline -0.002 -16"><span class='ocrx_word' id='word_1_352' title='bbox 553 3028 737 3084; x_wconf 90' lang='lat' dir='ltr'><strong>Nemo</strong></span> <span class='ocrx_word' id='word_1_353' title='bbox 769 3032 902 3083; x_wconf 87' lang='lat' dir='ltr'><strong>ante</strong></span> <span class='ocrx_word' id='word_1_354' title='bbox 931 3031 1167 3099; x_wconf 88' lang='lat' dir='ltr'><strong>tempus</strong></span> <span class='ocrx_word' id='word_1_355' title='bbox 1193 3027 1424 3083; x_wconf 86' lang='lat' dir='ltr'><strong>deserat</strong></span> <span class='ocrx_word' id='word_1_356' title='bbox 1452 3042 1668 3082; x_wconf 90' lang='lat' dir='ltr'><strong>aream.</strong></span> <span class='ocrx_word' id='word_1_357' title='bbox 1704 3025 1934 3082; x_wconf 90' lang='lat' dir='ltr'><strong>Toleret</strong></span> <span class='ocrx_word' id='word_1_358' title='bbox 1977 3023 2207 3097; x_wconf 88' lang='lat' dir='ltr'><strong>paleam</strong></span> 
     </span>
    </p>
   </div>
   <div class='ocr_carea' id='block_1_48' title="bbox 553 3114 2209 3187">
    <p class='ocr_par' dir='ltr' id='par_1_48' title="bbox 553 3114 2209 3187">
     <span class='ocr_line' id='line_1_48' title="bbox 553 3114 2209 3187; baseline -0.001 -17"><span class='ocrx_word' id='word_1_359' title='bbox 553 3115 617 3170; x_wconf 90' lang='lat' dir='ltr'><strong>in</strong></span> <span class='ocrx_word' id='word_1_360' title='bbox 663 3114 895 3184; x_wconf 90' lang='lat' dir='ltr'><strong>tritura,</strong></span> <span class='ocrx_word' id='word_1_361' title='bbox 946 3115 1154 3173; x_wconf 86' lang='lat' dir='ltr'><strong>toleret</strong></span> <span class='ocrx_word' id='word_1_362' title='bbox 1200 3116 1259 3171; x_wconf 91' lang='lat' dir='ltr'><strong>in</strong></span> <span class='ocrx_word' id='word_1_363' title='bbox 1309 3132 1465 3183; x_wconf 89' lang='lat' dir='ltr'><strong>area,</strong></span> <span class='ocrx_word' id='word_1_364' title='bbox 1516 3120 1647 3183; x_wconf 91' lang='lat' dir='ltr'><strong>etc.,</strong></span> <span class='ocrx_word' id='word_1_365' title='bbox 1688 3131 1858 3187; x_wconf 84' lang='lat' dir='ltr'><strong>usque</strong></span> <span class='ocrx_word' id='word_1_366' title='bbox 1902 3115 1973 3170; x_wconf 86' lang='lat' dir='ltr'><strong>ad</strong></span> <span class='ocrx_word' id='word_1_367' title='bbox 2020 3131 2209 3187; x_wconf 90' lang='lat' dir='ltr'><strong>neque</strong></span> 
     </span>
    </p>
   </div>
   <div class='ocr_carea' id='block_1_49' title="bbox 555 3204 2209 3278">
    <p class='ocr_par' dir='ltr' id='par_1_49' title="bbox 555 3204 2209 3278">
     <span class='ocr_line' id='line_1_49' title="bbox 555 3204 2209 3278; baseline -0.001 -17"><span class='ocrx_word' id='word_1_368' title='bbox 555 3205 965 3278; x_wconf 88' lang='lat' dir='ltr'><strong>superbientes</strong></span> <span class='ocrx_word' id='word_1_369' title='bbox 994 3208 1060 3261; x_wconf 92' lang='lat' dir='ltr'><strong>ut</strong></span> <span class='ocrx_word' id='word_1_370' title='bbox 1085 3205 1441 3261; x_wconf 88' lang='lat' dir='ltr'><strong>insultanter</strong></span> <span class='ocrx_word' id='word_1_371' title='bbox 1470 3205 1733 3278; x_wconf 86' lang='lat' dir='ltr'><strong>arguatis</strong></span> <span class='ocrx_word' id='word_1_372' title='bbox 1762 3205 1894 3275; x_wconf 91' lang='lat' dir='ltr'><strong>(Id.,</strong></span> <span class='ocrx_word' id='word_1_373' title='bbox 1948 3220 2111 3260; x_wconf 89' lang='lat' dir='ltr'><strong>serm.</strong></span> <span class='ocrx_word' id='word_1_374' title='bbox 2145 3204 2209 3259; x_wconf 89' lang='lat' dir='ltr'><strong>de</strong></span> 
     </span>
    </p>
   </div>
   <div class='ocr_carea' id='block_1_50' title="bbox 550 3294 2001 3368">
    <p class='ocr_par' dir='ltr' id='par_1_50' title="bbox 550 3294 2001 3368">
     <span class='ocr_line' id='line_1_50' title="bbox 550 3294 2001 3368; baseline -0.001 -18"><span class='ocrx_word' id='word_1_375' title='bbox 550 3297 699 3352; x_wconf 84' lang='lat' dir='ltr'><strong>verb.</strong></span> <span class='ocrx_word' id='word_1_376' title='bbox 732 3303 930 3367; x_wconf 84' lang='lat' dir='ltr'><strong>apost.,</strong></span> <span class='ocrx_word' id='word_1_377' title='bbox 963 3298 1106 3351; x_wconf 90' lang='lat' dir='ltr'><strong>tom.</strong></span> <span class='ocrx_word' id='word_1_378' title='bbox 1138 3295 1207 3363; x_wconf 91' lang='lat' dir='ltr'><strong>V,</strong></span> <span class='ocrx_word' id='word_1_379' title='bbox 1240 3298 1390 3368; x_wconf 90' lang='lat' dir='ltr'><strong>part.</strong></span> <span class='ocrx_word' id='word_1_380' title='bbox 1426 3312 1463 3363; x_wconf 90' lang='lat'><strong>1,</strong></span> <span class='ocrx_word' id='word_1_381' title='bbox 1496 3294 1604 3351; x_wconf 89' lang='lat' dir='ltr'><strong>col.</strong></span> <span class='ocrx_word' id='word_1_382' title='bbox 1635 3295 1741 3349; x_wconf 90' lang='lat'><strong>899</strong></span> <span class='ocrx_word' id='word_1_383' title='bbox 1770 3299 1827 3350; x_wconf 93' lang='lat' dir='ltr'><strong>et</strong></span> <span class='ocrx_word' id='word_1_384' title='bbox 1854 3294 2001 3366; x_wconf 92' lang='lat' dir='ltr'><strong>seq.)</strong></span> 
     </span>
    </p>
   </div>
   <div class='ocr_carea' id='block_1_51' title="bbox 625 3383 2211 3457">
    <p class='ocr_par' dir='ltr' id='par_1_51' title="bbox 625 3383 2211 3457">
     <span class='ocr_line' id='line_1_51' title="bbox 625 3383 2211 3457; baseline -0.002 -17"><span class='ocrx_word' id='word_1_385' title='bbox 625 3383 822 3440; x_wconf 86' lang='lat' dir='ltr'><strong>Omnia</strong></span> <span class='ocrx_word' id='word_1_386' title='bbox 853 3392 1052 3451; x_wconf 89' lang='lat' dir='ltr'><strong>autem,</strong></span> <span class='ocrx_word' id='word_1_387' title='bbox 1086 3388 1220 3453; x_wconf 90' lang='lat' dir='ltr'><strong>etc.,</strong></span> <span class='ocrx_word' id='word_1_388' title='bbox 1272 3400 1460 3457; x_wconf 90' lang='lat' dir='ltr'><strong>usque</strong></span> <span class='ocrx_word' id='word_1_389' title='bbox 1490 3384 1564 3440; x_wconf 90' lang='lat' dir='ltr'><strong>ad</strong></span> <span class='ocrx_word' id='word_1_390' title='bbox 1613 3384 1799 3440; x_wconf 87' lang='lat' dir='ltr'><strong>lumen</strong></span> <span class='ocrx_word' id='word_1_391' title='bbox 1843 3392 1941 3440; x_wconf 90' lang='lat' dir='ltr'><strong>est.</strong></span> <span class='ocrx_word' id='word_1_392' title='bbox 1974 3383 2092 3438; x_wconf 89' lang='lat' dir='ltr'><strong>Hoc</strong></span> <span class='ocrx_word' id='word_1_393' title='bbox 2121 3386 2211 3438; x_wconf 89' lang='lat' dir='ltr'><strong>est</strong></span> 
     </span>
    </p>
   </div>
   <div class='ocr_carea' id='block_1_52' title="bbox 543 3473 2205 3546">
    <p class='ocr_par' dir='ltr' id='par_1_52' title="bbox 543 3473 2205 3546">
     <span class='ocr_line' id='line_1_52' title="bbox 543 3473 2205 3546; baseline -0.002 -17"><span class='ocrx_word' id='word_1_394' title='bbox 543 3473 870 3546; x_wconf 84' lang='lat' dir='ltr'><strong>judicium:</strong></span> <span class='ocrx_word' id='word_1_395' title='bbox 931 3473 1212 3545; x_wconf 88' lang='lat' dir='ltr'><strong>quoniam</strong></span> <span class='ocrx_word' id='word_1_396' title='bbox 1262 3473 1361 3529; x_wconf 85' lang='lat' dir='ltr'><strong>lux</strong></span> <span class='ocrx_word' id='word_1_397' title='bbox 1406 3473 1564 3530; x_wconf 91' lang='lat' dir='ltr'><strong>venit</strong></span> <span class='ocrx_word' id='word_1_398' title='bbox 1594 3473 1653 3528; x_wconf 90' lang='lat' dir='ltr'><strong>in</strong></span> <span class='ocrx_word' id='word_1_399' title='bbox 1706 3474 2018 3541; x_wconf 88' lang='lat' dir='ltr'><strong>mundum,</strong></span> <span class='ocrx_word' id='word_1_400' title='bbox 2072 3477 2205 3538; x_wconf 89' lang='lat' dir='ltr'><strong>etc.,</strong></span> 
     </span>
    </p>
   </div>
   <div class='ocr_carea' id='block_1_53' title="bbox 552 3561 2204 3635">
    <p class='ocr_par' dir='ltr' id='par_1_53' title="bbox 552 3561 2204 3635">
     <span class='ocr_line' id='line_1_53' title="bbox 552 3561 2204 3635; baseline -0.002 -16"><span class='ocrx_word' id='word_1_401' title='bbox 552 3580 723 3635; x_wconf 84' lang='lat' dir='ltr'><strong>usque</strong></span> <span class='ocrx_word' id='word_1_402' title='bbox 751 3562 823 3618; x_wconf 88' lang='lat' dir='ltr'><strong>ad</strong></span> <span class='ocrx_word' id='word_1_403' title='bbox 853 3564 1008 3634; x_wconf 90' lang='lat' dir='ltr'><strong>quod</strong></span> <span class='ocrx_word' id='word_1_404' title='bbox 1039 3561 1098 3618; x_wconf 90' lang='lat' dir='ltr'><strong>in</strong></span> <span class='ocrx_word' id='word_1_405' title='bbox 1130 3579 1193 3618; x_wconf 91' lang='lat' dir='ltr'><strong>se</strong></span> <span class='ocrx_word' id='word_1_406' title='bbox 1223 3563 1444 3619; x_wconf 89' lang='lat' dir='ltr'><strong>odisset</strong></span> <span class='ocrx_word' id='word_1_407' title='bbox 1493 3562 1832 3618; x_wconf 88' lang='lat' dir='ltr'><strong>ostenderit.</strong></span> <span class='ocrx_word' id='word_1_408' title='bbox 1883 3562 2011 3631; x_wconf 91' lang='lat' dir='ltr'><strong>(Id.,</strong></span> <span class='ocrx_word' id='word_1_409' title='bbox 2048 3569 2204 3617; x_wconf 90' lang='lat' dir='ltr'><strong>tract.</strong></span> 
     </span>
    </p>
   </div>
   <div class='ocr_carea' id='block_1_54' title="bbox 554 3650 2137 3723">
    <p class='ocr_par' dir='ltr' id='par_1_54' title="bbox 554 3650 2137 3723">
     <span class='ocr_line' id='line_1_54' title="bbox 554 3650 2137 3723; baseline -0.002 -15"><span class='ocrx_word' id='word_1_410' title='bbox 554 3654 613 3708; x_wconf 88' lang='lat' dir='ltr'><strong>in</strong></span> <span class='ocrx_word' id='word_1_411' title='bbox 647 3655 860 3720; x_wconf 80' lang='lat' dir='ltr'><strong>Evang.</strong></span> <span class='ocrx_word' id='word_1_412' title='bbox 885 3668 989 3717; x_wconf 87' lang='lat' dir='ltr'><strong>see,</strong></span> <span class='ocrx_word' id='word_1_413' title='bbox 1020 3654 1370 3719; x_wconf 83' lang='lat' dir='ltr'><strong>Joan.,to1n.</strong></span> <span class='ocrx_word' id='word_1_414' title='bbox 1406 3652 1506 3716; x_wconf 92' lang='lat' dir='ltr'><strong>III,</strong></span> <span class='ocrx_word' id='word_1_415' title='bbox 1533 3656 1682 3723; x_wconf 87' lang='lat' dir='ltr'><strong>part.</strong></span> <span class='ocrx_word' id='word_1_416' title='bbox 1716 3667 1776 3718; x_wconf 90' lang='grc' dir='ltr'><strong><em>ιι,</em></strong></span> <span class='ocrx_word' id='word_1_417' title='bbox 1806 3650 1915 3706; x_wconf 89' lang='lat' dir='ltr'><strong>col.</strong></span> <span class='ocrx_word' id='word_1_418' title='bbox 1954 3651 2137 3719; x_wconf 86' lang='grc'>1491.)</span> 
     </span>
    </p>
   </div>
   <div class='ocr_carea' id='block_1_55' title="bbox 541 3740 2210 3817">
    <p class='ocr_par' dir='ltr' id='par_1_55' title="bbox 541 3740 2210 3817">
     <span class='ocr_line' id='line_1_55' title="bbox 541 3740 2210 3817; baseline 0 -22"><span class='ocrx_word' id='word_1_419' title='bbox 541 3806 557 3817; x_wconf 39' lang='grc'>⁶</span> <span class='ocrx_word' id='word_1_420' title='bbox 626 3746 859 3812; x_wconf 85' lang='lat' dir='ltr'><strong>Propter</strong></span> <span class='ocrx_word' id='word_1_421' title='bbox 886 3740 1028 3813; x_wconf 88' lang='lat' dir='ltr'><strong>quod</strong></span> <span class='ocrx_word' id='word_1_422' title='bbox 1056 3740 1210 3807; x_wconf 84' lang='lat' dir='ltr'><strong>dicit,</strong></span> <span class='ocrx_word' id='word_1_423' title='bbox 1251 3745 1387 3808; x_wconf 90' lang='lat' dir='ltr'><strong>etc.,</strong></span> <span class='ocrx_word' id='word_1_424' title='bbox 1427 3756 1618 3812; x_wconf 90' lang='lat' dir='ltr'><strong>usque</strong></span> <span class='ocrx_word' id='word_1_425' title='bbox 1664 3741 1737 3797; x_wconf 88' lang='lat' dir='ltr'><strong>ad</strong></span> <span class='ocrx_word' id='word_1_426' title='bbox 1788 3740 2131 3796; x_wconf 86' lang='lat' dir='ltr'><strong>illuminabit</strong></span> <span class='ocrx_word' id='word_1_427' title='bbox 2162 3746 2210 3795; x_wconf 84' lang='lat' dir='ltr'><strong>te</strong></span> 
     </span>
    </p>
   </div>
   <div class='ocr_carea' id='block_1_56' title="bbox 558 3829 2207 3898">
    <p class='ocr_par' dir='ltr' id='par_1_56' title="bbox 558 3829 2207 3898">
     <span class='ocr_line' id='line_1_56' title="bbox 558 3829 2207 3898; baseline -0.001 -13"><span class='ocrx_word' id='word_1_428' title='bbox 558 3831 824 3886; x_wconf 83' lang='lat' dir='ltr'><strong>Christus.</strong></span> <span class='ocrx_word' id='word_1_429' title='bbox 898 3829 1155 3885; x_wconf 88' lang='lat' dir='ltr'><strong>Somnus</strong></span> <span class='ocrx_word' id='word_1_430' title='bbox 1230 3829 1460 3898; x_wconf 68' lang='lat' dir='ltr'><strong>animae,</strong></span> <span class='ocrx_word' id='word_1_431' title='bbox 1522 3835 1611 3886; x_wconf 80' lang='lat' dir='ltr'><strong>est</strong></span> <span class='ocrx_word' id='word_1_432' title='bbox 1686 3829 1948 3886; x_wconf 90' lang='lat' dir='ltr'><strong>oblivisci</strong></span> <span class='ocrx_word' id='word_1_433' title='bbox 2023 3829 2207 3885; x_wconf 88' lang='lat' dir='ltr'><strong>Deum</strong></span> 
     </span>
    </p>
   </div>
   <div class='ocr_carea' id='block_1_57' title="bbox 556 3917 2208 3992">
    <p class='ocr_par' dir='ltr' id='par_1_57' title="bbox 556 3917 2208 3992">
     <span class='ocr_line' id='line_1_57' title="bbox 556 3917 2208 3992; baseline -0.001 -18"><span class='ocrx_word' id='word_1_434' title='bbox 556 3936 756 3986; x_wconf 87' lang='lat' dir='ltr'><strong>suum,</strong></span> <span class='ocrx_word' id='word_1_435' title='bbox 790 3923 926 3985; x_wconf 89' lang='lat' dir='ltr'><strong>etc.,</strong></span> <span class='ocrx_word' id='word_1_436' title='bbox 957 3936 1127 3992; x_wconf 85' lang='lat' dir='ltr'><strong>usque</strong></span> <span class='ocrx_word' id='word_1_437' title='bbox 1157 3919 1226 3974; x_wconf 86' lang='lat' dir='ltr'><strong>ad</strong></span> <span class='ocrx_word' id='word_1_438' title='bbox 1257 3917 1617 3975; x_wconf 88' lang='lat' dir='ltr'><strong>illuminabit</strong></span> <span class='ocrx_word' id='word_1_439' title='bbox 1647 3923 1702 3975; x_wconf 93' lang='lat' dir='ltr'><strong>te</strong></span> <span class='ocrx_word' id='word_1_440' title='bbox 1733 3918 2018 3974; x_wconf 88' lang='lat' dir='ltr'><strong>Christus.</strong></span> <span class='ocrx_word' id='word_1_441' title='bbox 2077 3918 2208 3991; x_wconf 92' lang='lat' dir='ltr'><strong>(Id.,</strong></span> 
     </span>
    </p>
   </div>
   <div class='ocr_carea' id='block_1_58' title="bbox 556 4007 2027 4081">
    <p class='ocr_par' dir='ltr' id='par_1_58' title="bbox 556 4007 2027 4081">
     <span class='ocr_line' id='line_1_58' title="bbox 556 4007 2027 4081; baseline -0.001 -17"><span class='ocrx_word' id='word_1_442' title='bbox 556 4016 714 4064; x_wconf 86' lang='lat' dir='ltr'><strong>tract.</strong></span> <span class='ocrx_word' id='word_1_443' title='bbox 750 4010 811 4064; x_wconf 88' lang='lat' dir='ltr'><strong>in</strong></span> <span class='ocrx_word' id='word_1_444' title='bbox 834 4009 979 4079; x_wconf 86' lang='lat' dir='ltr'><strong>psal.</strong></span> <span class='ocrx_word' id='word_1_445' title='bbox 1014 4026 1145 4076; x_wconf 71' lang='lat'><strong>1.1111,</strong></span> <span class='ocrx_word' id='word_1_446' title='bbox 1180 4013 1324 4065; x_wconf 90' lang='lat' dir='ltr'><strong>tom.</strong></span> <span class='ocrx_word' id='word_1_447' title='bbox 1358 4008 1451 4078; x_wconf 88' lang='lat' dir='ltr'><strong>IV,</strong></span> <span class='ocrx_word' id='word_1_448' title='bbox 1485 4013 1636 4081; x_wconf 89' lang='lat' dir='ltr'><strong>part.</strong></span> <span class='ocrx_word' id='word_1_449' title='bbox 1671 4027 1715 4076; x_wconf 88' lang='lat'><strong>1,</strong></span> <span class='ocrx_word' id='word_1_450' title='bbox 1746 4007 1855 4065; x_wconf 91' lang='lat' dir='ltr'><strong>col.</strong></span> <span class='ocrx_word' id='word_1_451' title='bbox 1879 4010 2027 4077; x_wconf 87' lang='lat'><strong>750).</strong></span> 
     </span>
    </p>
   </div>
   <div class='ocr_carea' id='block_1_59' title="bbox 628 4097 2210 4154">
    <p class='ocr_par' dir='ltr' id='par_1_59' title="bbox 628 4097 2210 4154">
     <span class='ocr_line' id='line_1_59' title="bbox 628 4097 2210 4154; baseline -0.001 -2"><span class='ocrx_word' id='word_1_452' title='bbox 628 4097 753 4153; x_wconf 91' lang='lat' dir='ltr'><strong>Nisi</strong></span> <span class='ocrx_word' id='word_1_453' title='bbox 785 4097 943 4153; x_wconf 88' lang='lat' dir='ltr'><strong>enim</strong></span> <span class='ocrx_word' id='word_1_454' title='bbox 976 4098 1048 4153; x_wconf 88' lang='lat' dir='ltr'><strong>ad</strong></span> <span class='ocrx_word' id='word_1_455' title='bbox 1082 4102 1348 4154; x_wconf 90' lang='lat' dir='ltr'><strong>mortuos</strong></span> <span class='ocrx_word' id='word_1_456' title='bbox 1390 4097 1762 4154; x_wconf 88' lang='lat' dir='ltr'><strong>suscitandos</strong></span> <span class='ocrx_word' id='word_1_457' title='bbox 1801 4097 2086 4153; x_wconf 89' lang='lat' dir='ltr'><strong>Dominus</strong></span> <span class='ocrx_word' id='word_1_458' title='bbox 2117 4114 2210 4151; x_wconf 89' lang='lat' dir='ltr'><strong>ve-</strong></span> 
     </span>
    </p>
   </div>
   <div class='ocr_carea' id='block_1_60' title="bbox 556 4186 2212 4261">
    <p class='ocr_par' dir='ltr' id='par_1_60' title="bbox 556 4186 2212 4261">
     <span class='ocr_line' id='line_1_60' title="bbox 556 4186 2212 4261; baseline -0.001 -18"><span class='ocrx_word' id='word_1_459' title='bbox 556 4187 761 4257; x_wconf 90' lang='lat' dir='ltr'><strong>nisset,</strong></span> <span class='ocrx_word' id='word_1_460' title='bbox 795 4192 932 4253; x_wconf 90' lang='lat' dir='ltr'><strong>etc.,</strong></span> <span class='ocrx_word' id='word_1_461' title='bbox 963 4204 1132 4261; x_wconf 87' lang='lat' dir='ltr'><strong>usque</strong></span> <span class='ocrx_word' id='word_1_462' title='bbox 1162 4188 1233 4243; x_wconf 89' lang='lat' dir='ltr'><strong>ad</strong></span> <span class='ocrx_word' id='word_1_463' title='bbox 1263 4186 1323 4243; x_wconf 95' lang='lat' dir='ltr'><strong>in</strong></span> <span class='ocrx_word' id='word_1_464' title='bbox 1355 4187 1642 4260; x_wconf 87' lang='lat' dir='ltr'><strong>sepulcro.</strong></span> <span class='ocrx_word' id='word_1_465' title='bbox 1679 4187 1809 4256; x_wconf 88' lang='lat' dir='ltr'><strong>(Id.,</strong></span> <span class='ocrx_word' id='word_1_466' title='bbox 1850 4204 2014 4243; x_wconf 87' lang='lat' dir='ltr'><strong>serm.</strong></span> <span class='ocrx_word' id='word_1_467' title='bbox 2050 4188 2119 4244; x_wconf 82' lang='grc'><strong>44</strong></span> <span class='ocrx_word' id='word_1_468' title='bbox 2148 4186 2212 4241; x_wconf 87' lang='lat' dir='ltr'><strong>de</strong></span> 
     </span>
    </p>
   </div>
   <div class='ocr_carea' id='block_1_61' title="bbox 554 4276 2060 4349">
    <p class='ocr_par' dir='ltr' id='par_1_61' title="bbox 554 4276 2060 4349">
     <span class='ocr_line' id='line_1_61' title="bbox 554 4276 2060 4349; baseline -0.001 -17"><span class='ocrx_word' id='word_1_469' title='bbox 554 4278 702 4334; x_wconf 89' lang='lat' dir='ltr'><strong>verb.</strong></span> <span class='ocrx_word' id='word_1_470' title='bbox 726 4278 933 4347; x_wconf 87' lang='lat' dir='ltr'><strong>Evang.</strong></span> <span class='ocrx_word' id='word_1_471' title='bbox 967 4281 1109 4333; x_wconf 90' lang='lat' dir='ltr'><strong>tom.</strong></span> <span class='ocrx_word' id='word_1_472' title='bbox 1139 4277 1207 4345; x_wconf 91' lang='lat' dir='ltr'><strong>V,</strong></span> <span class='ocrx_word' id='word_1_473' title='bbox 1242 4280 1392 4349; x_wconf 88' lang='lat' dir='ltr'><strong>part.</strong></span> <span class='ocrx_word' id='word_1_474' title='bbox 1428 4295 1466 4343; x_wconf 89' lang='lat'><strong>1,</strong></span> <span class='ocrx_word' id='word_1_475' title='bbox 1501 4276 1612 4333; x_wconf 89' lang='lat' dir='ltr'><strong>col.</strong></span> <span class='ocrx_word' id='word_1_476' title='bbox 1652 4276 1793 4332; x_wconf 82' lang='grc'>1194</span> <span class='ocrx_word' id='word_1_477' title='bbox 1824 4280 1881 4332; x_wconf 91' lang='lat' dir='ltr'><strong>et</strong></span> <span class='ocrx_word' id='word_1_478' title='bbox 1911 4279 2060 4347; x_wconf 90' lang='lat' dir='ltr'><strong>seq.)</strong></span> 
     </span>
    </p>
   </div>
   <div class='ocr_carea' id='block_1_62' title="bbox 629 4367 2213 4439">
    <p class='ocr_par' dir='ltr' id='par_1_62' title="bbox 629 4367 2213 4439">
     <span class='ocr_line' id='line_1_62' title="bbox 629 4367 2213 4439; baseline -0.001 -17"><span class='ocrx_word' id='word_1_479' title='bbox 629 4367 806 4423; x_wconf 83' lang='lat' dir='ltr'><strong>Videte</strong></span> <span class='ocrx_word' id='word_1_480' title='bbox 855 4368 1055 4438; x_wconf 87' lang='lat' dir='ltr'><strong>itaque,</strong></span> <span class='ocrx_word' id='word_1_481' title='bbox 1100 4370 1325 4439; x_wconf 79' lang='lat' dir='ltr'><strong>fratres,</strong></span> <span class='ocrx_word' id='word_1_482' title='bbox 1386 4370 1519 4435; x_wconf 90' lang='lat' dir='ltr'><strong>etc.,</strong></span> <span class='ocrx_word' id='word_1_483' title='bbox 1554 4383 1741 4438; x_wconf 88' lang='lat' dir='ltr'><strong>usque</strong></span> <span class='ocrx_word' id='word_1_484' title='bbox 1789 4367 1862 4422; x_wconf 91' lang='lat' dir='ltr'><strong>ad</strong></span> <span class='ocrx_word' id='word_1_485' title='bbox 1895 4367 1955 4422; x_wconf 90' lang='lat' dir='ltr'><strong>in</strong></span> <span class='ocrx_word' id='word_1_486' title='bbox 2001 4382 2104 4439; x_wconf 85' lang='lat' dir='ltr'><strong>quo</strong></span> <span class='ocrx_word' id='word_1_487' title='bbox 2133 4374 2213 4421; x_wconf 89' lang='lat' dir='ltr'><strong>est</strong></span> 
     </span>
    </p>
   </div>
   <div class='ocr_carea' id='block_1_63' title="bbox 557 4454 2213 4525">
    <p class='ocr_par' dir='ltr' id='par_1_63' title="bbox 557 4454 2213 4525">
     <span class='ocr_line' id='line_1_63' title="bbox 557 4454 2213 4525; baseline -0.001 -14"><span class='ocrx_word' id='word_1_488' title='bbox 557 4457 809 4512; x_wconf 70' lang='lat' dir='ltr'><strong>luaturia.</strong></span> <span class='ocrx_word' id='word_1_489' title='bbox 843 4454 979 4511; x_wconf 90' lang='lat' dir='ltr'><strong>Dies</strong></span> <span class='ocrx_word' id='word_1_490' title='bbox 1009 4455 1199 4512; x_wconf 86' lang='lat' dir='ltr'><strong>malos</strong></span> <span class='ocrx_word' id='word_1_491' title='bbox 1231 4455 1359 4511; x_wconf 71' lang='lat' dir='ltr'><strong>duae</strong></span> <span class='ocrx_word' id='word_1_492' title='bbox 1392 4472 1485 4512; x_wconf 88' lang='lat' dir='ltr'><strong>res</strong></span> <span class='ocrx_word' id='word_1_493' title='bbox 1518 4455 1759 4525; x_wconf 81' lang='lat' dir='ltr'><strong>faciunt,</strong></span> <span class='ocrx_word' id='word_1_494' title='bbox 1784 4454 2010 4511; x_wconf 88' lang='lat' dir='ltr'><strong>malitia</strong></span> <span class='ocrx_word' id='word_1_495' title='bbox 2031 4459 2087 4511; x_wconf 93' lang='lat' dir='ltr'><strong>et</strong></span> <span class='ocrx_word' id='word_1_496' title='bbox 2108 4454 2213 4510; x_wconf 92' lang='lat' dir='ltr'><strong>mi-</strong></span> 
     </span>
    </p>
   </div>
   <div class='ocr_carea' id='block_1_64' title="bbox 557 4543 2208 4617">
    <p class='ocr_par' dir='ltr' id='par_1_64' title="bbox 557 4543 2208 4617">
     <span class='ocr_line' id='line_1_64' title="bbox 557 4543 2208 4617; baseline -0.001 -17"><span class='ocrx_word' id='word_1_497' title='bbox 557 4544 729 4613; x_wconf 89' lang='lat' dir='ltr'><strong>seria,</strong></span> <span class='ocrx_word' id='word_1_498' title='bbox 762 4549 895 4613; x_wconf 92' lang='lat' dir='ltr'><strong>etc.,</strong></span> <span class='ocrx_word' id='word_1_499' title='bbox 927 4561 1098 4617; x_wconf 88' lang='lat' dir='ltr'><strong>usque</strong></span> <span class='ocrx_word' id='word_1_500' title='bbox 1125 4550 1193 4600; x_wconf 84' lang='lat' dir='ltr'><strong>ad</strong></span> <span class='ocrx_word' id='word_1_501' title='bbox 1218 4549 1453 4617; x_wconf 87' lang='lat' dir='ltr'><strong>tempus</strong></span> <span class='ocrx_word' id='word_1_502' title='bbox 1484 4543 1757 4601; x_wconf 90' lang='lat' dir='ltr'><strong>redimas.</strong></span> <span class='ocrx_word' id='word_1_503' title='bbox 1778 4544 1908 4614; x_wconf 91' lang='lat' dir='ltr'><strong>(Id.,</strong></span> <span class='ocrx_word' id='word_1_504' title='bbox 1931 4560 2094 4600; x_wconf 88' lang='lat' dir='ltr'><strong>serm.</strong></span> <span class='ocrx_word' id='word_1_505' title='bbox 2120 4545 2208 4612; x_wconf 85' lang='lat'><strong>50,</strong></span> 
     </span>
    </p>
   </div>
   <div class='ocr_carea' id='block_1_65' title="bbox 556 4632 1908 4706">
    <p class='ocr_par' dir='ltr' id='par_1_65' title="bbox 556 4632 1908 4706">
     <span class='ocr_line' id='line_1_65' title="bbox 556 4632 1908 4706; baseline 0 -18"><span class='ocrx_word' id='word_1_506' title='bbox 556 4635 702 4690; x_wconf 89' lang='lat' dir='ltr'><strong>hom.</strong></span> <span class='ocrx_word' id='word_1_507' title='bbox 737 4635 825 4701; x_wconf 86' lang='lat'><strong>10,</strong></span> <span class='ocrx_word' id='word_1_508' title='bbox 858 4637 1002 4689; x_wconf 88' lang='lat' dir='ltr'><strong>tom.</strong></span> <span class='ocrx_word' id='word_1_509' title='bbox 1031 4632 1101 4700; x_wconf 91' lang='lat' dir='ltr'><strong>V,</strong></span> <span class='ocrx_word' id='word_1_510' title='bbox 1130 4636 1279 4706; x_wconf 87' lang='lat' dir='ltr'><strong>part.</strong></span> <span class='ocrx_word' id='word_1_511' title='bbox 1315 4651 1356 4702; x_wconf 91' lang='lat'><strong>1,</strong></span> <span class='ocrx_word' id='word_1_512' title='bbox 1388 4632 1499 4689; x_wconf 91' lang='lat' dir='ltr'><strong>col.</strong></span> <span class='ocrx_word' id='word_1_513' title='bbox 1532 4633 1639 4688; x_wconf 89' lang='lat'><strong>909</strong></span> <span class='ocrx_word' id='word_1_514' title='bbox 1669 4637 1727 4688; x_wconf 92' lang='lat' dir='ltr'><strong>et</strong></span> <span class='ocrx_word' id='word_1_515' title='bbox 1758 4637 1908 4705; x_wconf 89' lang='lat' dir='ltr'><strong>seq.)</strong></span> 
     </span>
    </p>
   </div>
   <div class='ocr_carea' id='block_1_66' title="bbox 628 4722 2215 4796">
    <p class='ocr_par' dir='ltr' id='par_1_66' title="bbox 628 4722 2215 4796">
     <span class='ocr_line' id='line_1_66' title="bbox 628 4722 2215 4796; baseline 0 -17"><span class='ocrx_word' id='word_1_516' title='bbox 628 4722 732 4779; x_wconf 88' lang='lat' dir='ltr'><strong>Sed</strong></span> <span class='ocrx_word' id='word_1_517' title='bbox 761 4724 1090 4795; x_wconf 84' lang='lat' dir='ltr'><strong>implemini,</strong></span> <span class='ocrx_word' id='word_1_518' title='bbox 1124 4727 1258 4791; x_wconf 92' lang='lat' dir='ltr'><strong>etc.,</strong></span> <span class='ocrx_word' id='word_1_519' title='bbox 1291 4739 1480 4796; x_wconf 89' lang='lat' dir='ltr'><strong>usque</strong></span> <span class='ocrx_word' id='word_1_520' title='bbox 1509 4724 1582 4778; x_wconf 90' lang='lat' dir='ltr'><strong>ad</strong></span> <span class='ocrx_word' id='word_1_521' title='bbox 1634 4724 1696 4778; x_wconf 85' lang='lat' dir='ltr'><strong>in</strong></span> <span class='ocrx_word' id='word_1_522' title='bbox 1726 4723 1978 4779; x_wconf 85' lang='lat' dir='ltr'><strong>cordibus</strong></span> <span class='ocrx_word' id='word_1_523' title='bbox 2022 4725 2215 4779; x_wconf 86' lang='lat' dir='ltr'><strong>vestris</strong></span> 
     </span>
    </p>
   </div>
   <div class='ocr_carea' id='block_1_67' title="bbox 555 4810 2221 4885">
    <p class='ocr_par' dir='ltr' id='par_1_67' title="bbox 555 4810 2221 4885">
     <span class='ocr_line' id='line_1_67' title="bbox 555 4810 2221 4885; baseline -0.001 -16"><span class='ocrx_word' id='word_1_524' title='bbox 555 4813 807 4869; x_wconf 84' lang='lat' dir='ltr'><strong>Domino.</strong></span> <span class='ocrx_word' id='word_1_525' title='bbox 838 4811 1222 4868; x_wconf 85' lang='lat' dir='ltr'><strong>Ambulantes</strong></span> <span class='ocrx_word' id='word_1_526' title='bbox 1251 4828 1388 4885; x_wconf 88' lang='lat' dir='ltr'><strong>ergo</strong></span> <span class='ocrx_word' id='word_1_527' title='bbox 1406 4812 1466 4867; x_wconf 91' lang='lat' dir='ltr'><strong>in</strong></span> <span class='ocrx_word' id='word_1_528' title='bbox 1498 4810 1824 4879; x_wconf 88' lang='lat' dir='ltr'><strong>Christo,et</strong></span> <span class='ocrx_word' id='word_1_529' title='bbox 1844 4811 2036 4867; x_wconf 89' lang='lat' dir='ltr'><strong>adhuc</strong></span> <span class='ocrx_word' id='word_1_530' title='bbox 2058 4827 2221 4884; x_wconf 89' lang='lat' dir='ltr'><strong>pere-</strong></span> 
     </span>
    </p>
   </div>
   <div class='ocr_carea' id='block_1_68' title="bbox 556 4901 2216 4975">
    <p class='ocr_par' dir='ltr' id='par_1_68' title="bbox 556 4901 2216 4975">
     <span class='ocr_line' id='line_1_68' title="bbox 556 4901 2216 4975; baseline 0 -18"><span class='ocrx_word' id='word_1_531' title='bbox 556 4901 883 4975; x_wconf 86' lang='lat' dir='ltr'><strong>grinantes,</strong></span> <span class='ocrx_word' id='word_1_532' title='bbox 917 4904 1050 4969; x_wconf 89' lang='lat' dir='ltr'><strong>etc.,</strong></span> <span class='ocrx_word' id='word_1_533' title='bbox 1082 4918 1254 4974; x_wconf 81' lang='lat' dir='ltr'><strong>usque</strong></span> <span class='ocrx_word' id='word_1_534' title='bbox 1300 4901 1372 4957; x_wconf 88' lang='lat' dir='ltr'><strong>ad</strong></span> <span class='ocrx_word' id='word_1_535' title='bbox 1400 4905 1605 4957; x_wconf 90' lang='lat' dir='ltr'><strong>mutus</strong></span> <span class='ocrx_word' id='word_1_536' title='bbox 1636 4904 1726 4956; x_wconf 91' lang='lat' dir='ltr'><strong>est</strong></span> <span class='ocrx_word' id='word_1_537' title='bbox 1752 4901 2034 4973; x_wconf 86' lang='lat' dir='ltr'><strong>Deo.(Id.,</strong></span> <span class='ocrx_word' id='word_1_538' title='bbox 2059 4908 2216 4957; x_wconf 86' lang='lat' dir='ltr'><strong>tract.</strong></span> 
     </span>
    </p>
   </div>
   <div class='ocr_carea' id='block_1_69' title="bbox 560 4989 1969 5063">
    <p class='ocr_par' dir='ltr' id='par_1_69' title="bbox 560 4989 1969 5063">
     <span class='ocr_line' id='line_1_69' title="bbox 560 4989 1969 5063; baseline -0.002 -16"><span class='ocrx_word' id='word_1_539' title='bbox 560 4994 621 5047; x_wconf 87' lang='lat' dir='ltr'><strong>in</strong></span> <span class='ocrx_word' id='word_1_540' title='bbox 650 4992 789 5063; x_wconf 81' lang='lat' dir='ltr'><strong>psal.</strong></span> <span class='ocrx_word' id='word_1_541' title='bbox 826 5008 1046 5060; x_wconf 73' lang='lat' dir='ltr'><strong>LXXXVI,</strong></span> <span class='ocrx_word' id='word_1_542' title='bbox 1079 4995 1222 5047; x_wconf 86' lang='lat' dir='ltr'><strong>tom.</strong></span> <span class='ocrx_word' id='word_1_543' title='bbox 1257 4990 1352 5059; x_wconf 89' lang='lat' dir='ltr'><strong>IV,</strong></span> <span class='ocrx_word' id='word_1_544' title='bbox 1384 4994 1534 5062; x_wconf 89' lang='lat' dir='ltr'><strong>part.</strong></span> <span class='ocrx_word' id='word_1_545' title='bbox 1569 5008 1610 5060; x_wconf 91' lang='lat'><strong>1,</strong></span> <span class='ocrx_word' id='word_1_546' title='bbox 1642 4989 1750 5046; x_wconf 90' lang='lat' dir='ltr'><strong>col.</strong></span> <span class='ocrx_word' id='word_1_547' title='bbox 1786 4990 1969 5058; x_wconf 89' lang='lat'><strong>1108.)</strong></span> 
     </span>
    </p>
   </div>
   <div class='ocr_carea' id='block_1_70' title="bbox 632 5080 2215 5152">
    <p class='ocr_par' dir='ltr' id='par_1_70' title="bbox 632 5080 2215 5152">
     <span class='ocr_line' id='line_1_70' title="bbox 632 5080 2215 5152; baseline -0.003 -14"><span class='ocrx_word' id='word_1_548' title='bbox 632 5082 853 5138; x_wconf 86' lang='lat' dir='ltr'><strong>Gratias</strong></span> <span class='ocrx_word' id='word_1_549' title='bbox 877 5088 1117 5150; x_wconf 80' lang='lat' dir='ltr'><strong>agentes,</strong></span> <span class='ocrx_word' id='word_1_550' title='bbox 1150 5084 1283 5147; x_wconf 89' lang='lat' dir='ltr'><strong>etc.,</strong></span> <span class='ocrx_word' id='word_1_551' title='bbox 1318 5096 1505 5152; x_wconf 85' lang='lat' dir='ltr'><strong>usque</strong></span> <span class='ocrx_word' id='word_1_552' title='bbox 1535 5080 1606 5136; x_wconf 86' lang='lat' dir='ltr'><strong>ad</strong></span> <span class='ocrx_word' id='word_1_553' title='bbox 1641 5082 1700 5135; x_wconf 88' lang='lat' dir='ltr'><strong>in</strong></span> <span class='ocrx_word' id='word_1_554' title='bbox 1749 5081 1943 5136; x_wconf 87' lang='lat' dir='ltr'><strong>timore</strong></span> <span class='ocrx_word' id='word_1_555' title='bbox 1989 5081 2215 5136; x_wconf 85' lang='lat' dir='ltr'><strong>Christi.</strong></span> 
     </span>
    </p>
   </div>
   <div class='ocr_carea' id='block_1_71' title="bbox 556 5168 2214 5240">
    <p class='ocr_par' dir='ltr' id='par_1_71' title="bbox 556 5168 2214 5240">
     <span class='ocr_line' id='line_1_71' title="bbox 556 5168 2214 5240; baseline 0 -15"><span class='ocrx_word' id='word_1_556' title='bbox 556 5170 642 5225; x_wconf 90' lang='lat' dir='ltr'><strong>Ab</strong></span> <span class='ocrx_word' id='word_1_557' title='bbox 655 5170 765 5225; x_wconf 90' lang='lat' dir='ltr'><strong>hoc</strong></span> <span class='ocrx_word' id='word_1_558' title='bbox 781 5187 897 5225; x_wconf 92' lang='lat' dir='ltr'><strong>uno</strong></span> <span class='ocrx_word' id='word_1_559' title='bbox 912 5174 969 5224; x_wconf 90' lang='lat' dir='ltr'><strong>et</strong></span> <span class='ocrx_word' id='word_1_560' title='bbox 984 5186 1115 5225; x_wconf 90' lang='lat' dir='ltr'><strong>vero</strong></span> <span class='ocrx_word' id='word_1_561' title='bbox 1130 5170 1245 5226; x_wconf 92' lang='lat' dir='ltr'><strong>Deo</strong></span> <span class='ocrx_word' id='word_1_562' title='bbox 1259 5168 1435 5225; x_wconf 86' lang='lat' dir='ltr'><strong>vitam</strong></span> <span class='ocrx_word' id='word_1_563' title='bbox 1453 5185 1762 5240; x_wconf 87' lang='lat' dir='ltr'><strong>speramus</strong></span> <span class='ocrx_word' id='word_1_564' title='bbox 1776 5173 2214 5237; x_wconf 69' lang='lat' dir='ltr'><strong>aaternam,ete.,</strong></span> 
     </span>
    </p>
   </div>
   <div class='ocr_carea' id='block_1_72' title="bbox 559 5257 2208 5330">
    <p class='ocr_par' dir='ltr' id='par_1_72' title="bbox 559 5257 2208 5330">
     <span class='ocr_line' id='line_1_72' title="bbox 559 5257 2208 5330; baseline 0.001 -16"><span class='ocrx_word' id='word_1_565' title='bbox 559 5275 730 5330; x_wconf 85' lang='lat' dir='ltr'><strong>usque</strong></span> <span class='ocrx_word' id='word_1_566' title='bbox 757 5258 828 5314; x_wconf 87' lang='lat' dir='ltr'><strong>ad</strong></span> <span class='ocrx_word' id='word_1_567' title='bbox 875 5258 1019 5315; x_wconf 86' lang='lat' dir='ltr'><strong>satis</strong></span> <span class='ocrx_word' id='word_1_568' title='bbox 1067 5275 1196 5314; x_wconf 90' lang='lat' dir='ltr'><strong>esse</strong></span> <span class='ocrx_word' id='word_1_569' title='bbox 1240 5257 1664 5314; x_wconf 86' lang='lat' dir='ltr'><strong>contenderint.</strong></span> <span class='ocrx_word' id='word_1_570' title='bbox 1721 5258 1849 5330; x_wconf 90' lang='lat' dir='ltr'><strong>(Id.,</strong></span> <span class='ocrx_word' id='word_1_571' title='bbox 1884 5259 1981 5314; x_wconf 89' lang='lat' dir='ltr'><strong>lib.</strong></span> <span class='ocrx_word' id='word_1_572' title='bbox 2030 5277 2105 5314; x_wconf 86' lang='lat' dir='ltr'><strong>vn</strong></span> <span class='ocrx_word' id='word_1_573' title='bbox 2138 5260 2208 5316; x_wconf 86' lang='lat' dir='ltr'><strong>de</strong></span> 
     </span>
    </p>
   </div>
   <div class='ocr_carea' id='block_1_73' title="bbox 561 5346 1754 5419">
    <p class='ocr_par' dir='ltr' id='par_1_73' title="bbox 561 5346 1754 5419">
     <span class='ocr_line' id='line_1_73' title="bbox 561 5346 1754 5419; baseline -0.002 -16"><span class='ocrx_word' id='word_1_574' title='bbox 561 5348 720 5403; x_wconf 81' lang='lat' dir='ltr'><strong>Civil.</strong></span> <span class='ocrx_word' id='word_1_575' title='bbox 752 5349 875 5417; x_wconf 87' lang='lat' dir='ltr'><strong>Dei,</strong></span> <span class='ocrx_word' id='word_1_576' title='bbox 911 5352 1052 5403; x_wconf 90' lang='lat' dir='ltr'><strong>tom.</strong></span> <span class='ocrx_word' id='word_1_577' title='bbox 1084 5347 1204 5415; x_wconf 89' lang='lat' dir='ltr'><strong>VII,</strong></span> <span class='ocrx_word' id='word_1_578' title='bbox 1240 5346 1348 5403; x_wconf 93' lang='lat' dir='ltr'><strong>col.</strong></span> <span class='ocrx_word' id='word_1_579' title='bbox 1380 5349 1486 5402; x_wconf 88' lang='lat'><strong>220</strong></span> <span class='ocrx_word' id='word_1_580' title='bbox 1516 5351 1572 5402; x_wconf 91' lang='lat' dir='ltr'><strong>et</strong></span> <span class='ocrx_word' id='word_1_581' title='bbox 1605 5350 1754 5419; x_wconf 91' lang='lat' dir='ltr'><strong>seq.)</strong></span> 
     </span>
    </p>
   </div>
   <div class='ocr_carea' id='block_1_74' title="bbox 629 5437 2212 5509">
    <p class='ocr_par' dir='ltr' id='par_1_74' title="bbox 629 5437 2212 5509">
     <span class='ocr_line' id='line_1_74' title="bbox 629 5437 2212 5509; baseline 0.003 -17"><span class='ocrx_word' id='word_1_582' title='bbox 629 5437 879 5493; x_wconf 81' lang='lat' dir='ltr'><strong>Mulieres</strong></span> <span class='ocrx_word' id='word_1_583' title='bbox 908 5439 1044 5493; x_wconf 77' lang='lat' dir='ltr'><strong>viris</strong></span> <span class='ocrx_word' id='word_1_584' title='bbox 1070 5439 1186 5493; x_wconf 85' lang='lat' dir='ltr'><strong>suis</strong></span> <span class='ocrx_word' id='word_1_585' title='bbox 1216 5437 1469 5506; x_wconf 76' lang='lat' dir='ltr'><strong>subditw,</strong></span> <span class='ocrx_word' id='word_1_586' title='bbox 1502 5441 1635 5505; x_wconf 91' lang='lat' dir='ltr'><strong>etc.,</strong></span> <span class='ocrx_word' id='word_1_587' title='bbox 1666 5453 1853 5509; x_wconf 86' lang='lat' dir='ltr'><strong>usque</strong></span> <span class='ocrx_word' id='word_1_588' title='bbox 1883 5439 1951 5493; x_wconf 86' lang='lat' dir='ltr'><strong>ad</strong></span> <span class='ocrx_word' id='word_1_589' title='bbox 1997 5438 2212 5509; x_wconf 86' lang='lat' dir='ltr'><strong>diligite</strong></span> 
     </span>
    </p>
   </div>
   <div class='ocr_carea' id='block_1_75' title="bbox 559 5524 2209 5598">
    <p class='ocr_par' dir='ltr' id='par_1_75' title="bbox 559 5524 2209 5598">
     <span class='ocr_line' id='line_1_75' title="bbox 559 5524 2209 5598; baseline 0.002 -17"><span class='ocrx_word' id='word_1_590' title='bbox 559 5542 759 5582; x_wconf 65' lang='lat' dir='ltr'><strong>umores</strong></span> <span class='ocrx_word' id='word_1_591' title='bbox 790 5534 1010 5581; x_wconf 85' lang='lat' dir='ltr'><strong>vestras.</strong></span> <span class='ocrx_word' id='word_1_592' title='bbox 1040 5524 1228 5581; x_wconf 86' lang='lat' dir='ltr'><strong>Nolite</strong></span> <span class='ocrx_word' id='word_1_593' title='bbox 1262 5526 1530 5582; x_wconf 66' lang='lat' dir='ltr'><strong>maechari</strong></span> <span class='ocrx_word' id='word_1_594' title='bbox 1556 5530 1687 5597; x_wconf 89' lang='lat' dir='ltr'><strong>post</strong></span> <span class='ocrx_word' id='word_1_595' title='bbox 1718 5542 1924 5582; x_wconf 78' lang='lat' dir='ltr'><strong>uxores</strong></span> <span class='ocrx_word' id='word_1_596' title='bbox 1966 5532 2209 5598; x_wconf 85' lang='lat' dir='ltr'><strong>vestras,</strong></span> 
     </span>
    </p>
   </div>
   <div class='ocr_carea' id='block_1_76' title="bbox 560 5614 2209 5687">
    <p class='ocr_par' dir='ltr' id='par_1_76' title="bbox 560 5614 2209 5687">
     <span class='ocr_line' id='line_1_76' title="bbox 560 5614 2209 5687; baseline 0.002 -17"><span class='ocrx_word' id='word_1_597' title='bbox 560 5619 698 5682; x_wconf 89' lang='lat' dir='ltr'><strong>etc.,</strong></span> <span class='ocrx_word' id='word_1_598' title='bbox 714 5631 881 5686; x_wconf 88' lang='lat' dir='ltr'><strong>usque</strong></span> <span class='ocrx_word' id='word_1_599' title='bbox 902 5615 972 5670; x_wconf 85' lang='lat' dir='ltr'><strong>ad</strong></span> <span class='ocrx_word' id='word_1_600' title='bbox 998 5615 1071 5669; x_wconf 88' lang='lat' dir='ltr'><strong>ad</strong></span> <span class='ocrx_word' id='word_1_601' title='bbox 1094 5620 1268 5687; x_wconf 90' lang='lat' dir='ltr'><strong>caput</strong></span> <span class='ocrx_word' id='word_1_602' title='bbox 1280 5615 1547 5671; x_wconf 70' lang='lat' dir='ltr'><strong>Ecclesia:</strong></span> <span class='ocrx_word' id='word_1_603' title='bbox 1560 5614 1878 5670; x_wconf 83' lang='lat' dir='ltr'><strong>Christum.</strong></span> <span class='ocrx_word' id='word_1_604' title='bbox 1905 5616 2209 5687; x_wconf 87' lang='lat' dir='ltr'><strong>(Id.,serm.</strong></span> 
     </span>
    </p>
   </div>
   <div class='ocr_carea' id='block_1_77' title="bbox 560 5701 2213 5781">
    <p class='ocr_par' dir='ltr' id='par_1_77' title="bbox 560 5701 2213 5781">
     <span class='ocr_line' id='line_1_77' title="bbox 560 5701 2213 5781; baseline 0.003 -22"><span class='ocrx_word' id='word_1_605' title='bbox 560 5702 626 5760; x_wconf 81' lang='lat' dir='ltr'><strong>de</strong></span> <span class='ocrx_word' id='word_1_606' title='bbox 655 5701 834 5760; x_wconf 88' lang='lat' dir='ltr'><strong>decem</strong></span> <span class='ocrx_word' id='word_1_607' title='bbox 881 5702 1117 5772; x_wconf 83' lang='lat' dir='ltr'><strong>chordis,</strong></span> <span class='ocrx_word' id='word_1_608' title='bbox 1168 5706 1312 5761; x_wconf 91' lang='lat' dir='ltr'><strong>tom.</strong></span> <span class='ocrx_word' id='word_1_609' title='bbox 1342 5703 1408 5772; x_wconf 93' lang='lat' dir='ltr'><strong>V,</strong></span> <span class='ocrx_word' id='word_1_610' title='bbox 1459 5709 1612 5777; x_wconf 89' lang='lat' dir='ltr'><strong>part.</strong></span> <span class='ocrx_word' id='word_1_611' title='bbox 1645 5722 1684 5774; x_wconf 94' lang='lat'><strong>1,</strong></span> <span class='ocrx_word' id='word_1_612' title='bbox 1720 5702 1829 5760; x_wconf 93' lang='lat' dir='ltr'><strong>col.</strong></span> <span class='ocrx_word' id='word_1_613' title='bbox 1863 5706 1932 5760; x_wconf 93' lang='lat'><strong>83</strong></span> <span class='ocrx_word' id='word_1_614' title='bbox 1979 5709 2035 5762; x_wconf 90' lang='lat' dir='ltr'><strong>et</strong></span> <span class='ocrx_word' id='word_1_615' title='bbox 2065 5709 2213 5781; x_wconf 86' lang='lat' dir='ltr'><strong>seq.)</strong></span> 
     </span>
    </p>
   </div>
   <div class='ocr_carea' id='block_1_78' title="bbox 2390 1969 3989 2043">
    <p class='ocr_par' dir='ltr' id='par_1_78' title="bbox 2390 1969 3989 2043">
     <span class='ocr_line' id='line_1_78' title="bbox 2390 1969 3989 2043; baseline 0.001 -19"><span class='ocrx_word' id='word_1_616' title='bbox 2390 1969 2584 2025; x_wconf 87' lang='lat' dir='ltr'><strong>Vestis</strong></span> <span class='ocrx_word' id='word_1_617' title='bbox 2643 1970 3022 2027; x_wconf 87' lang='lat' dir='ltr'><strong>sacerdotalis</strong></span> <span class='ocrx_word' id='word_1_618' title='bbox 3068 1970 3386 2027; x_wconf 89' lang='lat' dir='ltr'><strong>Ecclesiam</strong></span> <span class='ocrx_word' id='word_1_619' title='bbox 3459 1969 3771 2043; x_wconf 79' lang='lat' dir='ltr'><strong>significat,</strong></span> <span class='ocrx_word' id='word_1_620' title='bbox 3838 1974 3989 2038; x_wconf 86' lang='lat' dir='ltr'><strong>etc.,</strong></span> 
     </span>
    </p>
   </div>
   <div class='ocr_carea' id='block_1_79' title="bbox 2318 2060 3986 2133">
    <p class='ocr_par' dir='ltr' id='par_1_79' title="bbox 2318 2060 3986 2133">
     <span class='ocr_line' id='line_1_79' title="bbox 2318 2060 3986 2133; baseline 0.001 -20"><span class='ocrx_word' id='word_1_621' title='bbox 2318 2074 2488 2130; x_wconf 87' lang='lat' dir='ltr'><strong>usque</strong></span> <span class='ocrx_word' id='word_1_622' title='bbox 2517 2060 2587 2115; x_wconf 89' lang='lat' dir='ltr'><strong>ad</strong></span> <span class='ocrx_word' id='word_1_623' title='bbox 2646 2077 2854 2133; x_wconf 86' lang='lat' dir='ltr'><strong>rugam</strong></span> <span class='ocrx_word' id='word_1_624' title='bbox 2886 2078 3003 2116; x_wconf 92' lang='lat' dir='ltr'><strong>non</strong></span> <span class='ocrx_word' id='word_1_625' title='bbox 3051 2060 3306 2116; x_wconf 88' lang='lat' dir='ltr'><strong>habeant</strong></span> <span class='ocrx_word' id='word_1_626' title='bbox 3363 2062 3491 2133; x_wconf 91' lang='lat' dir='ltr'><strong>(Id.,</strong></span> <span class='ocrx_word' id='word_1_627' title='bbox 3526 2067 3684 2117; x_wconf 86' lang='lat' dir='ltr'><strong>tract.</strong></span> <span class='ocrx_word' id='word_1_628' title='bbox 3741 2062 3801 2116; x_wconf 87' lang='lat' dir='ltr'><strong>in</strong></span> <span class='ocrx_word' id='word_1_629' title='bbox 3826 2062 3986 2132; x_wconf 81' lang='lat' dir='ltr'><strong>psal.</strong></span> 
     </span>
    </p>
   </div>
   <div class='ocr_carea' id='block_1_80' title="bbox 2317 2150 3462 2222">
    <p class='ocr_par' dir='ltr' id='par_1_80' title="bbox 2317 2150 3462 2222">
     <span class='ocr_line' id='line_1_80' title="bbox 2317 2150 3462 2222; baseline 0.002 -19"><span class='ocrx_word' id='word_1_630' title='bbox 2317 2164 2526 2215; x_wconf 77' lang='lat' dir='ltr'><strong>CXXXII,</strong></span> <span class='ocrx_word' id='word_1_631' title='bbox 2558 2153 2699 2205; x_wconf 90' lang='lat' dir='ltr'><strong>tom.</strong></span> <span class='ocrx_word' id='word_1_632' title='bbox 2729 2150 2823 2216; x_wconf 90' lang='lat' dir='ltr'><strong>IV,</strong></span> <span class='ocrx_word' id='word_1_633' title='bbox 2858 2153 3008 2222; x_wconf 88' lang='lat' dir='ltr'><strong>part.</strong></span> <span class='ocrx_word' id='word_1_634' title='bbox 3042 2167 3104 2215; x_wconf 90' lang='lat'><strong>11,</strong></span> <span class='ocrx_word' id='word_1_635' title='bbox 3132 2151 3243 2206; x_wconf 90' lang='lat' dir='ltr'><strong>col.</strong></span> <span class='ocrx_word' id='word_1_636' title='bbox 3283 2150 3462 2222; x_wconf 86' lang='grc'>1734.)</span> 
     </span>
    </p>
   </div>
   <div class='ocr_carea' id='block_1_81' title="bbox 2389 2237 3986 2312">
    <p class='ocr_par' dir='ltr' id='par_1_81' title="bbox 2389 2237 3986 2312">
     <span class='ocr_line' id='line_1_81' title="bbox 2389 2237 3986 2312; baseline 0.003 -21"><span class='ocrx_word' id='word_1_637' title='bbox 2389 2237 2667 2294; x_wconf 80' lang='lat' dir='ltr'><strong>Exhibete</strong></span> <span class='ocrx_word' id='word_1_638' title='bbox 2698 2256 2834 2311; x_wconf 86' lang='lat' dir='ltr'><strong>ergo</strong></span> <span class='ocrx_word' id='word_1_639' title='bbox 2864 2256 2966 2294; x_wconf 89' lang='lat' dir='ltr'><strong>vos</strong></span> <span class='ocrx_word' id='word_1_640' title='bbox 2993 2238 3234 2312; x_wconf 90' lang='lat' dir='ltr'><strong>dignum</strong></span> <span class='ocrx_word' id='word_1_641' title='bbox 3252 2255 3465 2312; x_wconf 90' lang='lat' dir='ltr'><strong>corpus</strong></span> <span class='ocrx_word' id='word_1_642' title='bbox 3488 2238 3589 2294; x_wconf 91' lang='lat' dir='ltr'><strong>tali</strong></span> <span class='ocrx_word' id='word_1_643' title='bbox 3611 2241 3820 2311; x_wconf 88' lang='lat' dir='ltr'><strong>capite,</strong></span> <span class='ocrx_word' id='word_1_644' title='bbox 3839 2243 3986 2308; x_wconf 86' lang='lat' dir='ltr'><strong>etc.,</strong></span> 
     </span>
    </p>
   </div>
   <div class='ocr_carea' id='block_1_82' title="bbox 2316 2327 3991 2401">
    <p class='ocr_par' dir='ltr' id='par_1_82' title="bbox 2316 2327 3991 2401">
     <span class='ocr_line' id='line_1_82' title="bbox 2316 2327 3991 2401; baseline 0.002 -20"><span class='ocrx_word' id='word_1_645' title='bbox 2316 2343 2488 2398; x_wconf 87' lang='lat' dir='ltr'><strong>usque</strong></span> <span class='ocrx_word' id='word_1_646' title='bbox 2534 2328 2604 2382; x_wconf 88' lang='lat' dir='ltr'><strong>ad</strong></span> <span class='ocrx_word' id='word_1_647' title='bbox 2658 2327 2716 2382; x_wconf 90' lang='lat' dir='ltr'><strong>in</strong></span> <span class='ocrx_word' id='word_1_648' title='bbox 2748 2328 2976 2383; x_wconf 90' lang='lat' dir='ltr'><strong>Christo</strong></span> <span class='ocrx_word' id='word_1_649' title='bbox 3030 2328 3190 2384; x_wconf 88' lang='lat' dir='ltr'><strong>Jesu.</strong></span> <span class='ocrx_word' id='word_1_650' title='bbox 3227 2328 3358 2401; x_wconf 89' lang='lat' dir='ltr'><strong>(Id.,</strong></span> <span class='ocrx_word' id='word_1_651' title='bbox 3416 2346 3579 2384; x_wconf 88' lang='lat' dir='ltr'><strong>serm.</strong></span> <span class='ocrx_word' id='word_1_652' title='bbox 3609 2329 3751 2400; x_wconf 86' lang='lat' dir='ltr'><strong>quod</strong></span> <span class='ocrx_word' id='word_1_653' title='bbox 3798 2329 3991 2384; x_wconf 85' lang='lat' dir='ltr'><strong>tribus</strong></span> 
     </span>
    </p>
   </div>
   <div class='ocr_carea' id='block_1_83' title="bbox 2316 2415 3987 2489">
    <p class='ocr_par' dir='ltr' id='par_1_83' title="bbox 2316 2415 3987 2489">
     <span class='ocr_line' id='line_1_83' title="bbox 2316 2415 3987 2489; baseline 0.002 -19"><span class='ocrx_word' id='word_1_654' title='bbox 2316 2415 2461 2471; x_wconf 88' lang='lat' dir='ltr'><strong>mod.</strong></span> <span class='ocrx_word' id='word_1_655' title='bbox 2495 2415 2693 2472; x_wconf 80' lang='lat' dir='ltr'><strong>Christ.</strong></span> <span class='ocrx_word' id='word_1_656' title='bbox 2722 2417 2900 2486; x_wconf 89' lang='lat' dir='ltr'><strong>intel.,</strong></span> <span class='ocrx_word' id='word_1_657' title='bbox 2932 2420 3073 2472; x_wconf 90' lang='lat' dir='ltr'><strong>tom.</strong></span> <span class='ocrx_word' id='word_1_658' title='bbox 3097 2417 3168 2484; x_wconf 91' lang='lat' dir='ltr'><strong>V,</strong></span> <span class='ocrx_word' id='word_1_659' title='bbox 3200 2422 3349 2489; x_wconf 88' lang='lat' dir='ltr'><strong>part.</strong></span> <span class='ocrx_word' id='word_1_660' title='bbox 3382 2416 3724 2484; x_wconf 88' lang='lat' dir='ltr'><strong>11,col.1500</strong></span> <span class='ocrx_word' id='word_1_661' title='bbox 3745 2422 3801 2473; x_wconf 88' lang='lat' dir='ltr'><strong>et</strong></span> <span class='ocrx_word' id='word_1_662' title='bbox 3826 2422 3987 2489; x_wconf 88' lang='lat' dir='ltr'><strong>seq.)</strong></span> 
     </span>
    </p>
   </div>
   <div class='ocr_carea' id='block_1_84' title="bbox 2389 2523 3985 2597">
    <p class='ocr_par' dir='ltr' id='par_1_84' title="bbox 2389 2523 3985 2597">
     <span class='ocr_line' id='line_1_84' title="bbox 2389 2523 3985 2597; baseline 0.001 -19"><span class='ocrx_word' id='word_1_663' title='bbox 2389 2523 2553 2579; x_wconf 88' lang='lat' dir='ltr'><strong>Nemo</strong></span> <span class='ocrx_word' id='word_1_664' title='bbox 2581 2527 2732 2579; x_wconf 85' lang='lat' dir='ltr'><strong>enim</strong></span> <span class='ocrx_word' id='word_1_665' title='bbox 2764 2540 3027 2596; x_wconf 86' lang='lat' dir='ltr'><strong>unquam,</strong></span> <span class='ocrx_word' id='word_1_666' title='bbox 3064 2528 3196 2593; x_wconf 89' lang='lat' dir='ltr'><strong>etc.,</strong></span> <span class='ocrx_word' id='word_1_667' title='bbox 3252 2542 3439 2597; x_wconf 87' lang='lat' dir='ltr'><strong>usque</strong></span> <span class='ocrx_word' id='word_1_668' title='bbox 3466 2524 3538 2580; x_wconf 86' lang='lat' dir='ltr'><strong>ad</strong></span> <span class='ocrx_word' id='word_1_669' title='bbox 3585 2533 3639 2581; x_wconf 88' lang='lat' dir='ltr'><strong>et</strong></span> <span class='ocrx_word' id='word_1_670' title='bbox 3663 2525 3727 2581; x_wconf 91' lang='lat' dir='ltr'><strong>de</strong></span> <span class='ocrx_word' id='word_1_671' title='bbox 3755 2527 3985 2581; x_wconf 79' lang='lat' dir='ltr'><strong>ossibus</strong></span> 
     </span>
    </p>
   </div>
   <div class='ocr_carea' id='block_1_85' title="bbox 2317 2612 3984 2687">
    <p class='ocr_par' dir='ltr' id='par_1_85' title="bbox 2317 2612 3984 2687">
     <span class='ocr_line' id='line_1_85' title="bbox 2317 2612 3984 2687; baseline 0.001 -20"><span class='ocrx_word' id='word_1_672' title='bbox 2317 2613 2454 2684; x_wconf 85' lang='lat' dir='ltr'><strong>ejus.</strong></span> <span class='ocrx_word' id='word_1_673' title='bbox 2516 2612 2660 2668; x_wconf 90' lang='lat' dir='ltr'><strong>Cum</strong></span> <span class='ocrx_word' id='word_1_674' title='bbox 2713 2614 2782 2669; x_wconf 91' lang='lat' dir='ltr'><strong>de</strong></span> <span class='ocrx_word' id='word_1_675' title='bbox 2812 2616 3020 2669; x_wconf 88' lang='lat' dir='ltr'><strong>sancta</strong></span> <span class='ocrx_word' id='word_1_676' title='bbox 3076 2612 3384 2669; x_wconf 85' lang='lat' dir='ltr'><strong>dilectione</strong></span> <span class='ocrx_word' id='word_1_677' title='bbox 3433 2614 3789 2687; x_wconf 72' lang='lat' dir='ltr'><strong>praeciperet,</strong></span> <span class='ocrx_word' id='word_1_678' title='bbox 3834 2619 3984 2682; x_wconf 90' lang='lat' dir='ltr'><strong>etc.,</strong></span> 
     </span>
    </p>
   </div>
   <div class='ocr_carea' id='block_1_86' title="bbox 2317 2703 3981 2775">
    <p class='ocr_par' dir='ltr' id='par_1_86' title="bbox 2317 2703 3981 2775">
     <span class='ocr_line' id='line_1_86' title="bbox 2317 2703 3981 2775; baseline 0.002 -19"><span class='ocrx_word' id='word_1_679' title='bbox 2317 2718 2490 2773; x_wconf 88' lang='lat' dir='ltr'><strong>usque</strong></span> <span class='ocrx_word' id='word_1_680' title='bbox 2539 2703 2608 2757; x_wconf 84' lang='lat' dir='ltr'><strong>ad</strong></span> <span class='ocrx_word' id='word_1_681' title='bbox 2657 2703 2915 2758; x_wconf 85' lang='lat' dir='ltr'><strong>foventes</strong></span> <span class='ocrx_word' id='word_1_682' title='bbox 2979 2718 3214 2757; x_wconf 88' lang='lat' dir='ltr'><strong>carnem</strong></span> <span class='ocrx_word' id='word_1_683' title='bbox 3271 2719 3463 2758; x_wconf 89' lang='lat' dir='ltr'><strong>suam.</strong></span> <span class='ocrx_word' id='word_1_684' title='bbox 3527 2703 3652 2775; x_wconf 93' lang='lat' dir='ltr'><strong>(Id.,</strong></span> <span class='ocrx_word' id='word_1_685' title='bbox 3716 2703 3812 2759; x_wconf 88' lang='lat' dir='ltr'><strong>lib.</strong></span> <span class='ocrx_word' id='word_1_686' title='bbox 3875 2721 3981 2759; x_wconf 76' lang='lat' dir='ltr'><strong>xxr</strong></span> 
     </span>
    </p>
   </div>
   <div class='ocr_carea' id='block_1_87' title="bbox 2317 2791 3414 2864">
    <p class='ocr_par' dir='ltr' id='par_1_87' title="bbox 2317 2791 3414 2864">
     <span class='ocr_line' id='line_1_87' title="bbox 2317 2791 3414 2864; baseline 0.001 -19"><span class='ocrx_word' id='word_1_687' title='bbox 2317 2799 2491 2847; x_wconf 85' lang='lat' dir='ltr'><strong>contr.</strong></span> <span class='ocrx_word' id='word_1_688' title='bbox 2526 2793 2730 2859; x_wconf 85' lang='lat' dir='ltr'><strong>Faust.,</strong></span> <span class='ocrx_word' id='word_1_689' title='bbox 2764 2795 2907 2846; x_wconf 90' lang='lat' dir='ltr'><strong>tom.</strong></span> <span class='ocrx_word' id='word_1_690' title='bbox 2941 2792 3091 2861; x_wconf 87' lang='lat' dir='ltr'><strong>VIII,</strong></span> <span class='ocrx_word' id='word_1_691' title='bbox 3123 2791 3231 2847; x_wconf 87' lang='lat' dir='ltr'><strong>col.</strong></span> <span class='ocrx_word' id='word_1_692' title='bbox 3265 2792 3414 2864; x_wconf 87' lang='lat'><strong>392.)</strong></span> 
     </span>
    </p>
   </div>
   <div class='ocr_carea' id='block_1_88' title="bbox 2386 2879 3979 2954">
    <p class='ocr_par' dir='ltr' id='par_1_88' title="bbox 2386 2879 3979 2954">
     <span class='ocr_line' id='line_1_88' title="bbox 2386 2879 3979 2954; baseline 0.003 -21"><span class='ocrx_word' id='word_1_693' title='bbox 2386 2879 2567 2934; x_wconf 83' lang='lat' dir='ltr'><strong>Nemo</strong></span> <span class='ocrx_word' id='word_1_694' title='bbox 2599 2880 2753 2935; x_wconf 88' lang='lat' dir='ltr'><strong>enim</strong></span> <span class='ocrx_word' id='word_1_695' title='bbox 2786 2897 3052 2951; x_wconf 89' lang='lat' dir='ltr'><strong>unquam</strong></span> <span class='ocrx_word' id='word_1_696' title='bbox 3084 2895 3322 2936; x_wconf 87' lang='lat' dir='ltr'><strong>carnem</strong></span> <span class='ocrx_word' id='word_1_697' title='bbox 3353 2897 3522 2936; x_wconf 88' lang='lat' dir='ltr'><strong>suam</strong></span> <span class='ocrx_word' id='word_1_698' title='bbox 3555 2881 3689 2938; x_wconf 90' lang='lat' dir='ltr'><strong>odio</strong></span> <span class='ocrx_word' id='word_1_699' title='bbox 3741 2881 3979 2954; x_wconf 82' lang='lat' dir='ltr'><strong>habuit,</strong></span> 
     </span>
    </p>
   </div>
   <div class='ocr_carea' id='block_1_89' title="bbox 2316 2968 3981 3043">
    <p class='ocr_par' dir='ltr' id='par_1_89' title="bbox 2316 2968 3981 3043">
     <span class='ocr_line' id='line_1_89' title="bbox 2316 2968 3981 3043; baseline 0.003 -20"><span class='ocrx_word' id='word_1_700' title='bbox 2316 2972 2454 3035; x_wconf 91' lang='lat' dir='ltr'><strong>etc.,</strong></span> <span class='ocrx_word' id='word_1_701' title='bbox 2511 2985 2681 3041; x_wconf 89' lang='lat' dir='ltr'><strong>usque</strong></span> <span class='ocrx_word' id='word_1_702' title='bbox 2735 2969 2825 3024; x_wconf 86' lang='lat' dir='ltr'><strong>ad.</strong></span> <span class='ocrx_word' id='word_1_703' title='bbox 2888 2968 3334 3025; x_wconf 90' lang='lat' dir='ltr'><strong>consuetudinis</strong></span> <span class='ocrx_word' id='word_1_704' title='bbox 3392 2969 3556 3025; x_wconf 72' lang='lat' dir='ltr'><strong>bonae</strong></span> <span class='ocrx_word' id='word_1_705' title='bbox 3589 2972 3719 3043; x_wconf 90' lang='lat' dir='ltr'><strong>(Id.,</strong></span> <span class='ocrx_word' id='word_1_706' title='bbox 3764 2971 3861 3027; x_wconf 89' lang='lat' dir='ltr'><strong>lib.</strong></span> <span class='ocrx_word' id='word_1_707' title='bbox 3909 2972 3981 3028; x_wconf 88' lang='lat' dir='ltr'><strong>de</strong></span> 
     </span>
    </p>
   </div>
   <div class='ocr_carea' id='block_1_90' title="bbox 2318 3058 3675 3131">
    <p class='ocr_par' dir='ltr' id='par_1_90' title="bbox 2318 3058 3675 3131">
     <span class='ocr_line' id='line_1_90' title="bbox 2318 3058 3675 3131; baseline 0.001 -18"><span class='ocrx_word' id='word_1_708' title='bbox 2318 3062 2468 3113; x_wconf 86' lang='lat' dir='ltr'><strong>Dect.</strong></span> <span class='ocrx_word' id='word_1_709' title='bbox 2503 3059 2823 3126; x_wconf 86' lang='lat' dir='ltr'><strong>Christian.,</strong></span> <span class='ocrx_word' id='word_1_710' title='bbox 2855 3062 2998 3114; x_wconf 90' lang='lat' dir='ltr'><strong>tom.</strong></span> <span class='ocrx_word' id='word_1_711' title='bbox 3033 3058 3133 3124; x_wconf 89' lang='lat' dir='ltr'><strong>Ill,</strong></span> <span class='ocrx_word' id='word_1_712' title='bbox 3165 3062 3314 3131; x_wconf 88' lang='lat' dir='ltr'><strong>part.</strong></span> <span class='ocrx_word' id='word_1_713' title='bbox 3348 3076 3387 3128; x_wconf 93' lang='lat'><strong>1,</strong></span> <span class='ocrx_word' id='word_1_714' title='bbox 3421 3058 3530 3114; x_wconf 93' lang='lat' dir='ltr'><strong>col.</strong></span> <span class='ocrx_word' id='word_1_715' title='bbox 3563 3060 3675 3131; x_wconf 82' lang='lat'><strong>28.)</strong></span> 
     </span>
    </p>
   </div>
   <div class='ocr_carea' id='block_1_91' title="bbox 2388 3164 3977 3240">
    <p class='ocr_par' dir='ltr' id='par_1_91' title="bbox 2388 3164 3977 3240">
     <span class='ocr_line' id='line_1_91' title="bbox 2388 3164 3977 3240; baseline 0.003 -21"><span class='ocrx_word' id='word_1_716' title='bbox 2388 3164 2531 3221; x_wconf 88' lang='lat' dir='ltr'><strong>Caro</strong></span> <span class='ocrx_word' id='word_1_717' title='bbox 2563 3164 2827 3239; x_wconf 89' lang='lat' dir='ltr'><strong>diligitur</strong></span> <span class='ocrx_word' id='word_1_718' title='bbox 2858 3164 3095 3237; x_wconf 89' lang='lat' dir='ltr'><strong>quidem</strong></span> <span class='ocrx_word' id='word_1_719' title='bbox 3138 3183 3245 3221; x_wconf 91' lang='lat' dir='ltr'><strong>nec</strong></span> <span class='ocrx_word' id='word_1_720' title='bbox 3295 3170 3493 3222; x_wconf 89' lang='lat' dir='ltr'><strong>tamen</strong></span> <span class='ocrx_word' id='word_1_721' title='bbox 3544 3167 3797 3240; x_wconf 91' lang='lat' dir='ltr'><strong>proprie,</strong></span> <span class='ocrx_word' id='word_1_722' title='bbox 3839 3173 3977 3236; x_wconf 86' lang='lat' dir='ltr'><strong>etc.,</strong></span> 
     </span>
    </p>
   </div>
   <div class='ocr_carea' id='block_1_92' title="bbox 2241 3253 3977 3344">
    <p class='ocr_par' dir='ltr' id='par_1_92' title="bbox 2241 3253 3977 3344">
     <span class='ocr_line' id='line_1_92' title="bbox 2241 3253 3977 3344; baseline 0.003 -35"><span class='ocrx_word' id='word_1_723' title='bbox 2241 3277 2284 3344; x_wconf 68' lang='grc' dir='ltr'>ρ</span> <span class='ocrx_word' id='word_1_724' title='bbox 2322 3271 2493 3344; x_wconf 86' lang='lat' dir='ltr'><strong>usque</strong></span> <span class='ocrx_word' id='word_1_725' title='bbox 2524 3255 2593 3311; x_wconf 89' lang='lat' dir='ltr'><strong>ad</strong></span> <span class='ocrx_word' id='word_1_726' title='bbox 2624 3262 2763 3311; x_wconf 90' lang='lat' dir='ltr'><strong>sunt</strong></span> <span class='ocrx_word' id='word_1_727' title='bbox 2812 3253 3024 3310; x_wconf 89' lang='lat' dir='ltr'><strong>omnia.</strong></span> <span class='ocrx_word' id='word_1_728' title='bbox 3081 3256 3212 3325; x_wconf 91' lang='lat' dir='ltr'><strong>(Id.,</strong></span> <span class='ocrx_word' id='word_1_729' title='bbox 3267 3256 3364 3311; x_wconf 87' lang='lat' dir='ltr'><strong>lib.</strong></span> <span class='ocrx_word' id='word_1_730' title='bbox 3401 3257 3699 3328; x_wconf 80' lang='lat' dir='ltr'><strong>1Retract.,</strong></span> <span class='ocrx_word' id='word_1_731' title='bbox 3740 3261 3883 3313; x_wconf 88' lang='lat' dir='ltr'><strong>tom.</strong></span> <span class='ocrx_word' id='word_1_732' title='bbox 3930 3259 3977 3323; x_wconf 80' lang='grc' dir='ltr'><strong>Ι,</strong></span> 
     </span>
    </p>
   </div>
   <div class='ocr_carea' id='block_1_93' title="bbox 2322 3342 2616 3414">
    <p class='ocr_par' dir='ltr' id='par_1_93' title="bbox 2322 3342 2616 3414">
     <span class='ocr_line' id='line_1_93' title="bbox 2322 3342 2616 3414; baseline 0.007 -15"><span class='ocrx_word' id='word_1_733' title='bbox 2322 3342 2431 3399; x_wconf 91' lang='lat' dir='ltr'><strong>col.</strong></span> <span class='ocrx_word' id='word_1_734' title='bbox 2463 3345 2616 3414; x_wconf 89' lang='grc'>617.)</span> 
     </span>
    </p>
   </div>
   <div class='ocr_carea' id='block_1_94' title="bbox 2389 3434 3981 3507">
    <p class='ocr_par' dir='ltr' id='par_1_94' title="bbox 2389 3434 3981 3507">
     <span class='ocr_line' id='line_1_94' title="bbox 2389 3434 3981 3507; baseline 0.003 -20"><span class='ocrx_word' id='word_1_735' title='bbox 2389 3434 2616 3506; x_wconf 84' lang='lat' dir='ltr'><strong>Propter</strong></span> <span class='ocrx_word' id='word_1_736' title='bbox 2644 3435 2742 3490; x_wconf 90' lang='lat' dir='ltr'><strong>hoc</strong></span> <span class='ocrx_word' id='word_1_737' title='bbox 2772 3435 3062 3507; x_wconf 81' lang='lat' dir='ltr'><strong>relinquet,</strong></span> <span class='ocrx_word' id='word_1_738' title='bbox 3097 3438 3230 3503; x_wconf 90' lang='lat' dir='ltr'><strong>etc.,</strong></span> <span class='ocrx_word' id='word_1_739' title='bbox 3262 3452 3449 3507; x_wconf 91' lang='lat' dir='ltr'><strong>usque</strong></span> <span class='ocrx_word' id='word_1_740' title='bbox 3481 3436 3551 3491; x_wconf 90' lang='lat' dir='ltr'><strong>ad</strong></span> <span class='ocrx_word' id='word_1_741' title='bbox 3576 3437 3767 3492; x_wconf 82' lang='lat' dir='ltr'><strong>timeat</strong></span> <span class='ocrx_word' id='word_1_742' title='bbox 3794 3439 3981 3493; x_wconf 88' lang='lat' dir='ltr'><strong>virum</strong></span> 
     </span>
    </p>
   </div>
   <div class='ocr_carea' id='block_1_95' title="bbox 2317 3522 3976 3596">
    <p class='ocr_par' dir='ltr' id='par_1_95' title="bbox 2317 3522 3976 3596">
     <span class='ocr_line' id='line_1_95' title="bbox 2317 3522 3976 3596; baseline 0.001 -16"><span class='ocrx_word' id='word_1_743' title='bbox 2317 3539 2497 3580; x_wconf 87' lang='lat' dir='ltr'><strong>suum.</strong></span> <span class='ocrx_word' id='word_1_744' title='bbox 2533 3522 2638 3578; x_wconf 90' lang='lat' dir='ltr'><strong>Illa</strong></span> <span class='ocrx_word' id='word_1_745' title='bbox 2668 3523 2884 3579; x_wconf 85' lang='lat' dir='ltr'><strong>extasis</strong></span> <span class='ocrx_word' id='word_1_746' title='bbox 2913 3541 3089 3596; x_wconf 89' lang='lat' dir='ltr'><strong>quam</strong></span> <span class='ocrx_word' id='word_1_747' title='bbox 3104 3524 3518 3581; x_wconf 89' lang='lat' dir='ltr'><strong>Deusimmisit</strong></span> <span class='ocrx_word' id='word_1_748' title='bbox 3547 3524 3605 3579; x_wconf 91' lang='lat' dir='ltr'><strong>in</strong></span> <span class='ocrx_word' id='word_1_749' title='bbox 3619 3526 3976 3595; x_wconf 85' lang='lat' dir='ltr'><strong>Adam,etc.,</strong></span> 
     </span>
    </p>
   </div>
   <div class='ocr_carea' id='block_1_96' title="bbox 2318 3612 3976 3686">
    <p class='ocr_par' dir='ltr' id='par_1_96' title="bbox 2318 3612 3976 3686">
     <span class='ocr_line' id='line_1_96' title="bbox 2318 3612 3976 3686; baseline 0.001 -18"><span class='ocrx_word' id='word_1_750' title='bbox 2318 3628 2488 3683; x_wconf 87' lang='lat' dir='ltr'><strong>usque</strong></span> <span class='ocrx_word' id='word_1_751' title='bbox 2519 3612 2587 3667; x_wconf 85' lang='lat' dir='ltr'><strong>ad</strong></span> <span class='ocrx_word' id='word_1_752' title='bbox 2616 3612 2808 3669; x_wconf 88' lang='lat' dir='ltr'><strong>dicere</strong></span> <span class='ocrx_word' id='word_1_753' title='bbox 2836 3613 3118 3686; x_wconf 89' lang='lat' dir='ltr'><strong>potuisse.</strong></span> <span class='ocrx_word' id='word_1_754' title='bbox 3154 3614 3281 3684; x_wconf 91' lang='lat' dir='ltr'><strong>(Id.,</strong></span> <span class='ocrx_word' id='word_1_755' title='bbox 3317 3614 3410 3669; x_wconf 89' lang='lat' dir='ltr'><strong>lib.</strong></span> <span class='ocrx_word' id='word_1_756' title='bbox 3447 3632 3503 3669; x_wconf 84' lang='lat' dir='ltr'><strong>1x</strong></span> <span class='ocrx_word' id='word_1_757' title='bbox 3521 3615 3727 3671; x_wconf 86' lang='lat' dir='ltr'><strong>deCcn.</strong></span> <span class='ocrx_word' id='word_1_758' title='bbox 3752 3615 3821 3670; x_wconf 84' lang='lat' dir='ltr'><strong>ad</strong></span> <span class='ocrx_word' id='word_1_759' title='bbox 3844 3616 3976 3683; x_wconf 89' lang='lat' dir='ltr'><strong>litt.,</strong></span> 
     </span>
    </p>
   </div>
   <div class='ocr_carea' id='block_1_97' title="bbox 2318 3701 3184 3775">
    <p class='ocr_par' dir='ltr' id='par_1_97' title="bbox 2318 3701 3184 3775">
     <span class='ocr_line' id='line_1_97' title="bbox 2318 3701 3184 3775; baseline 0.002 -20"><span class='ocrx_word' id='word_1_760' title='bbox 2318 3705 2462 3756; x_wconf 89' lang='lat' dir='ltr'><strong>tom.</strong></span> <span class='ocrx_word' id='word_1_761' title='bbox 2498 3701 2594 3768; x_wconf 93' lang='lat' dir='ltr'><strong>III,</strong></span> <span class='ocrx_word' id='word_1_762' title='bbox 2627 3705 2777 3773; x_wconf 87' lang='lat' dir='ltr'><strong>part.</strong></span> <span class='ocrx_word' id='word_1_763' title='bbox 2812 3719 2850 3768; x_wconf 92' lang='lat'><strong>1,</strong></span> <span class='ocrx_word' id='word_1_764' title='bbox 2887 3702 2995 3757; x_wconf 91' lang='lat' dir='ltr'><strong>col.</strong></span> <span class='ocrx_word' id='word_1_765' title='bbox 3030 3702 3184 3775; x_wconf 90' lang='grc'>408.)</span> 
     </span>
    </p>
   </div>
   <div class='ocr_carea' id='block_1_98' title="bbox 2390 3783 4076 3868">
    <p class='ocr_par' dir='ltr' id='par_1_98' title="bbox 2390 3783 4076 3868">
     <span class='ocr_line' id='line_1_98' title="bbox 2390 3783 4076 3868; baseline 0.003 -23"><span class='ocrx_word' id='word_1_766' title='bbox 2390 3790 2591 3862; x_wconf 89' lang='lat' dir='ltr'><strong>Neque</strong></span> <span class='ocrx_word' id='word_1_767' title='bbox 2622 3790 2777 3846; x_wconf 89' lang='lat' dir='ltr'><strong>enim</strong></span> <span class='ocrx_word' id='word_1_768' title='bbox 2812 3791 2957 3846; x_wconf 79' lang='lat' dir='ltr'><strong>dixit</strong></span> <span class='ocrx_word' id='word_1_769' title='bbox 2988 3792 3207 3847; x_wconf 83' lang='lat' dir='ltr'><strong>frustra</strong></span> <span class='ocrx_word' id='word_1_770' title='bbox 3248 3792 3595 3864; x_wconf 90' lang='lat' dir='ltr'><strong>Apostolus:</strong></span> <span class='ocrx_word' id='word_1_771' title='bbox 3640 3793 3826 3849; x_wconf 89' lang='lat' dir='ltr'><strong>Adam</strong></span> <span class='ocrx_word' id='word_1_772' title='bbox 3874 3786 3977 3868; x_wconf 88' lang='lat' dir='ltr'><strong>qui</strong></span> <span class='ocrx_word' id='word_1_773' title='bbox 4072 3783 4076 3786; x_wconf 4' lang='lat'><strong>0</strong></span> 
     </span>
    </p>
   </div>
   <div class='ocr_carea' id='block_1_99' title="bbox 2321 3879 3979 3956">
    <p class='ocr_par' dir='ltr' id='par_1_99' title="bbox 2321 3879 3979 3956">
     <span class='ocr_line' id='line_1_99' title="bbox 2321 3879 3979 3956; baseline 0.003 -21"><span class='ocrx_word' id='word_1_774' title='bbox 2321 3882 2410 3935; x_wconf 89' lang='lat' dir='ltr'><strong>est</strong></span> <span class='ocrx_word' id='word_1_775' title='bbox 2439 3879 2629 3935; x_wconf 84' lang='lat' dir='ltr'><strong>forma</strong></span> <span class='ocrx_word' id='word_1_776' title='bbox 2659 3880 2862 3947; x_wconf 88' lang='lat' dir='ltr'><strong>futuri,</strong></span> <span class='ocrx_word' id='word_1_777' title='bbox 2897 3884 3031 3947; x_wconf 89' lang='lat' dir='ltr'><strong>etc.,</strong></span> <span class='ocrx_word' id='word_1_778' title='bbox 3064 3898 3234 3953; x_wconf 88' lang='lat' dir='ltr'><strong>usque</strong></span> <span class='ocrx_word' id='word_1_779' title='bbox 3262 3881 3334 3937; x_wconf 89' lang='lat' dir='ltr'><strong>ad</strong></span> <span class='ocrx_word' id='word_1_780' title='bbox 3369 3898 3581 3955; x_wconf 89' lang='lat' dir='ltr'><strong>corpus</strong></span> <span class='ocrx_word' id='word_1_781' title='bbox 3610 3900 3737 3939; x_wconf 91' lang='lat' dir='ltr'><strong>esse</strong></span> <span class='ocrx_word' id='word_1_782' title='bbox 3778 3901 3979 3956; x_wconf 88' lang='lat' dir='ltr'><strong>posse-</strong></span> 
     </span>
    </p>
   </div>
   <div class='ocr_carea' id='block_1_100' title="bbox 2321 3969 3977 4046">
    <p class='ocr_par' dir='ltr' id='par_1_100' title="bbox 2321 3969 3977 4046">
     <span class='ocr_line' id='line_1_100' title="bbox 2321 3969 3977 4046; baseline 0.004 -23"><span class='ocrx_word' id='word_1_783' title='bbox 2321 3984 2477 4024; x_wconf 91' lang='lat' dir='ltr'><strong>mus.</strong></span> <span class='ocrx_word' id='word_1_784' title='bbox 2512 3969 2642 4041; x_wconf 91' lang='lat' dir='ltr'><strong>(ld.,</strong></span> <span class='ocrx_word' id='word_1_785' title='bbox 2678 3970 2776 4024; x_wconf 89' lang='lat' dir='ltr'><strong>lib.</strong></span> <span class='ocrx_word' id='word_1_786' title='bbox 2799 3975 2881 4024; x_wconf 83' lang='lat' dir='ltr'><strong>x11</strong></span> <span class='ocrx_word' id='word_1_787' title='bbox 2907 3977 3080 4025; x_wconf 85' lang='lat' dir='ltr'><strong>contr.</strong></span> <span class='ocrx_word' id='word_1_788' title='bbox 3116 3972 3325 4037; x_wconf 86' lang='lat' dir='ltr'><strong>Faust.,</strong></span> <span class='ocrx_word' id='word_1_789' title='bbox 3358 3974 3502 4025; x_wconf 91' lang='lat' dir='ltr'><strong>tom.</strong></span> <span class='ocrx_word' id='word_1_790' title='bbox 3524 3971 3805 4039; x_wconf 87' lang='lat' dir='ltr'><strong>VIII,col.</strong></span> <span class='ocrx_word' id='word_1_791' title='bbox 3827 3974 3977 4046; x_wconf 87' lang='lat'><strong>258.)</strong></span> 
     </span>
    </p>
   </div>
   <div class='ocr_carea' id='block_1_101' title="bbox 2393 4076 3974 4150">
    <p class='ocr_par' dir='ltr' id='par_1_101' title="bbox 2393 4076 3974 4150">
     <span class='ocr_line' id='line_1_101' title="bbox 2393 4076 3974 4150; baseline 0.003 -18"><span class='ocrx_word' id='word_1_792' title='bbox 2393 4078 2687 4141; x_wconf 88' lang='lat' dir='ltr'><strong>Quantum</strong></span> <span class='ocrx_word' id='word_1_793' title='bbox 2732 4076 3078 4150; x_wconf 73' lang='lat' dir='ltr'><strong>mysteaium</strong></span> <span class='ocrx_word' id='word_1_794' title='bbox 3129 4080 3199 4134; x_wconf 91' lang='lat' dir='ltr'><strong>de</strong></span> <span class='ocrx_word' id='word_1_795' title='bbox 3230 4077 3459 4135; x_wconf 88' lang='lat' dir='ltr'><strong>Christo</strong></span> <span class='ocrx_word' id='word_1_796' title='bbox 3512 4079 3791 4147; x_wconf 85' lang='lat' dir='ltr'><strong>continet,</strong></span> <span class='ocrx_word' id='word_1_797' title='bbox 3842 4085 3974 4150; x_wconf 87' lang='lat' dir='ltr'><strong>etc.,</strong></span> 
     </span>
    </p>
   </div>
   <div class='ocr_carea' id='block_1_102' title="bbox 2319 4166 3975 4242">
    <p class='ocr_par' dir='ltr' id='par_1_102' title="bbox 2319 4166 3975 4242">
     <span class='ocr_line' id='line_1_102' title="bbox 2319 4166 3975 4242; baseline 0.002 -20"><span class='ocrx_word' id='word_1_798' title='bbox 2319 4183 2493 4239; x_wconf 84' lang='lat' dir='ltr'><strong>usque</strong></span> <span class='ocrx_word' id='word_1_799' title='bbox 2524 4167 2594 4221; x_wconf 82' lang='lat' dir='ltr'><strong>ad</strong></span> <span class='ocrx_word' id='word_1_800' title='bbox 2625 4167 2814 4222; x_wconf 81' lang='lat' dir='ltr'><strong>forma</strong></span> <span class='ocrx_word' id='word_1_801' title='bbox 2844 4166 3197 4239; x_wconf 86' lang='lat' dir='ltr'><strong>futuri.(Id.,</strong></span> <span class='ocrx_word' id='word_1_802' title='bbox 3221 4175 3378 4223; x_wconf 87' lang='lat' dir='ltr'><strong>tract.</strong></span> <span class='ocrx_word' id='word_1_803' title='bbox 3400 4170 3975 4242; x_wconf 82' lang='lat' dir='ltr'><strong>inEvang.secJoan.,</strong></span> 
     </span>
    </p>
   </div>
   <div class='ocr_carea' id='block_1_103' title="bbox 2324 4256 3252 4329">
    <p class='ocr_par' dir='ltr' id='par_1_103' title="bbox 2324 4256 3252 4329">
     <span class='ocr_line' id='line_1_103' title="bbox 2324 4256 3252 4329; baseline 0 -18"><span class='ocrx_word' id='word_1_804' title='bbox 2324 4261 2465 4312; x_wconf 88' lang='lat' dir='ltr'><strong>tom.</strong></span> <span class='ocrx_word' id='word_1_805' title='bbox 2504 4257 2604 4325; x_wconf 91' lang='lat' dir='ltr'><strong>llI,</strong></span> <span class='ocrx_word' id='word_1_806' title='bbox 2639 4261 2792 4328; x_wconf 90' lang='lat' dir='ltr'><strong>part.</strong></span> <span class='ocrx_word' id='word_1_807' title='bbox 2826 4274 2890 4325; x_wconf 89' lang='lat'><strong>11,</strong></span> <span class='ocrx_word' id='word_1_808' title='bbox 2924 4256 3030 4312; x_wconf 90' lang='lat' dir='ltr'><strong>col.</strong></span> <span class='ocrx_word' id='word_1_809' title='bbox 3071 4257 3252 4329; x_wconf 85' lang='grc'>1463.)</span> 
     </span>
    </p>
   </div>
   <div class='ocr_carea' id='block_1_104' title="bbox 2395 4345 3980 4421">
    <p class='ocr_par' dir='ltr' id='par_1_104' title="bbox 2395 4345 3980 4421">
     <span class='ocr_line' id='line_1_104' title="bbox 2395 4345 3980 4421; baseline 0.003 -19"><span class='ocrx_word' id='word_1_810' title='bbox 2395 4346 2469 4402; x_wconf 93' lang='lat' dir='ltr'><strong>Ut</strong></span> <span class='ocrx_word' id='word_1_811' title='bbox 2500 4345 2777 4402; x_wconf 84' lang='lat' dir='ltr'><strong>noveritis</strong></span> <span class='ocrx_word' id='word_1_812' title='bbox 2809 4345 2947 4418; x_wconf 90' lang='lat' dir='ltr'><strong>quia</strong></span> <span class='ocrx_word' id='word_1_813' title='bbox 2978 4363 3134 4403; x_wconf 91' lang='lat' dir='ltr'><strong>unus</strong></span> <span class='ocrx_word' id='word_1_814' title='bbox 3165 4346 3384 4402; x_wconf 89' lang='lat' dir='ltr'><strong>dicitur</strong></span> <span class='ocrx_word' id='word_1_815' title='bbox 3413 4347 3682 4404; x_wconf 89' lang='lat' dir='ltr'><strong>Christus</strong></span> <span class='ocrx_word' id='word_1_816' title='bbox 3723 4355 3893 4421; x_wconf 87' lang='lat' dir='ltr'><strong>caput</strong></span> <span class='ocrx_word' id='word_1_817' title='bbox 3923 4357 3980 4406; x_wconf 87' lang='lat' dir='ltr'><strong>et</strong></span> 
     </span>
    </p>
   </div>
   <div class='ocr_carea' id='block_1_105' title="bbox 2323 4435 3979 4508">
    <p class='ocr_par' dir='ltr' id='par_1_105' title="bbox 2323 4435 3979 4508">
     <span class='ocr_line' id='line_1_105' title="bbox 2323 4435 3979 4508; baseline 0.003 -18"><span class='ocrx_word' id='word_1_818' title='bbox 2323 4452 2535 4507; x_wconf 89' lang='lat' dir='ltr'><strong>corpus</strong></span> <span class='ocrx_word' id='word_1_819' title='bbox 2568 4452 2762 4503; x_wconf 89' lang='lat' dir='ltr'><strong>suum,</strong></span> <span class='ocrx_word' id='word_1_820' title='bbox 2797 4437 2928 4501; x_wconf 86' lang='lat' dir='ltr'><strong>etc.,</strong></span> <span class='ocrx_word' id='word_1_821' title='bbox 2960 4452 3129 4508; x_wconf 87' lang='lat' dir='ltr'><strong>usque</strong></span> <span class='ocrx_word' id='word_1_822' title='bbox 3149 4436 3217 4491; x_wconf 90' lang='lat' dir='ltr'><strong>ad</strong></span> <span class='ocrx_word' id='word_1_823' title='bbox 3248 4435 3387 4507; x_wconf 89' lang='lat' dir='ltr'><strong>quia</strong></span> <span class='ocrx_word' id='word_1_824' title='bbox 3406 4440 3578 4492; x_wconf 87' lang='lat' dir='ltr'><strong>erunt</strong></span> <span class='ocrx_word' id='word_1_825' title='bbox 3594 4437 3709 4493; x_wconf 90' lang='lat' dir='ltr'><strong>duo</strong></span> <span class='ocrx_word' id='word_1_826' title='bbox 3735 4438 3793 4493; x_wconf 92' lang='lat' dir='ltr'><strong>in</strong></span> <span class='ocrx_word' id='word_1_827' title='bbox 3810 4455 3979 4496; x_wconf 88' lang='lat' dir='ltr'><strong>carne</strong></span> 
     </span>
    </p>
   </div>
   <div class='ocr_carea' id='block_1_106' title="bbox 2323 4524 3978 4599">
    <p class='ocr_par' dir='ltr' id='par_1_106' title="bbox 2323 4524 3978 4599">
     <span class='ocr_line' id='line_1_106' title="bbox 2323 4524 3978 4599; baseline 0.003 -19"><span class='ocrx_word' id='word_1_828' title='bbox 2323 4541 2460 4580; x_wconf 91' lang='lat' dir='ltr'><strong>una.</strong></span> <span class='ocrx_word' id='word_1_829' title='bbox 2494 4524 2627 4594; x_wconf 90' lang='lat' dir='ltr'><strong>(Id.,</strong></span> <span class='ocrx_word' id='word_1_830' title='bbox 2654 4532 2795 4581; x_wconf 85' lang='lat' dir='ltr'><strong>tract</strong></span> <span class='ocrx_word' id='word_1_831' title='bbox 2811 4526 2868 4580; x_wconf 86' lang='lat' dir='ltr'><strong>in</strong></span> <span class='ocrx_word' id='word_1_832' title='bbox 2886 4526 3029 4596; x_wconf 87' lang='lat' dir='ltr'><strong>psal.</strong></span> <span class='ocrx_word' id='word_1_833' title='bbox 3054 4530 3345 4593; x_wconf 82' lang='lat' dir='ltr'><strong>xxx,tom.</strong></span> <span class='ocrx_word' id='word_1_834' title='bbox 3369 4526 3632 4599; x_wconf 83' lang='lat' dir='ltr'><strong>IV,part.</strong></span> <span class='ocrx_word' id='word_1_835' title='bbox 3653 4527 3978 4599; x_wconf 78' lang='lat'><strong>1,601.232.)</strong></span> 
     </span>
    </p>
   </div>
   <div class='ocr_carea' id='block_1_107' title="bbox 2244 4629 3979 4719">
    <p class='ocr_par' dir='ltr' id='par_1_107' title="bbox 2244 4629 3979 4719">
     <span class='ocr_line' id='line_1_107' title="bbox 2244 4629 3979 4719; baseline 0.003 -33"><span class='ocrx_word' id='word_1_836' title='bbox 2244 4653 2291 4719; x_wconf 72' lang='grc' dir='ltr'><strong>Β</strong></span> <span class='ocrx_word' id='word_1_837' title='bbox 2392 4630 2483 4687; x_wconf 90' lang='lat' dir='ltr'><strong>Sic</strong></span> <span class='ocrx_word' id='word_1_838' title='bbox 2514 4647 2650 4704; x_wconf 88' lang='lat' dir='ltr'><strong>ergo</strong></span> <span class='ocrx_word' id='word_1_839' title='bbox 2682 4629 2999 4704; x_wconf 87' lang='lat' dir='ltr'><strong>aliquando</strong></span> <span class='ocrx_word' id='word_1_840' title='bbox 3017 4631 3470 4689; x_wconf 89' lang='lat' dir='ltr'><strong>insinuanturin</strong></span> <span class='ocrx_word' id='word_1_841' title='bbox 3494 4634 3979 4707; x_wconf 85' lang='lat' dir='ltr'><strong>ScripturisChri-</strong></span> 
     </span>
    </p>
   </div>
   <div class='ocr_carea' id='block_1_108' title="bbox 2326 4721 3974 4795">
    <p class='ocr_par' dir='ltr' id='par_1_108' title="bbox 2326 4721 3974 4795">
     <span class='ocr_line' id='line_1_108' title="bbox 2326 4721 3974 4795; baseline 0.003 -19"><span class='ocrx_word' id='word_1_842' title='bbox 2326 4725 2473 4790; x_wconf 91' lang='lat' dir='ltr'><strong>stus,</strong></span> <span class='ocrx_word' id='word_1_843' title='bbox 2508 4725 2641 4789; x_wconf 89' lang='lat' dir='ltr'><strong>etc.,</strong></span> <span class='ocrx_word' id='word_1_844' title='bbox 2690 4738 2861 4793; x_wconf 82' lang='lat' dir='ltr'><strong>usque</strong></span> <span class='ocrx_word' id='word_1_845' title='bbox 2888 4721 2959 4777; x_wconf 89' lang='lat' dir='ltr'><strong>ad</strong></span> <span class='ocrx_word' id='word_1_846' title='bbox 2989 4738 3144 4777; x_wconf 92' lang='lat' dir='ltr'><strong>unus</strong></span> <span class='ocrx_word' id='word_1_847' title='bbox 3193 4722 3465 4779; x_wconf 88' lang='lat' dir='ltr'><strong>Christus</strong></span> <span class='ocrx_word' id='word_1_848' title='bbox 3498 4728 3607 4780; x_wconf 90' lang='lat' dir='ltr'><strong>est.</strong></span> <span class='ocrx_word' id='word_1_849' title='bbox 3658 4724 3767 4795; x_wconf 90' lang='lat' dir='ltr'><strong>(Id.</strong></span> <span class='ocrx_word' id='word_1_850' title='bbox 3818 4741 3974 4781; x_wconf 84' lang='lat' dir='ltr'><strong>serm.</strong></span> 
     </span>
    </p>
   </div>
   <div class='ocr_carea' id='block_1_109' title="bbox 2328 4810 3975 4886">
    <p class='ocr_par' dir='ltr' id='par_1_109' title="bbox 2328 4810 3975 4886">
     <span class='ocr_line' id='line_1_109' title="bbox 2328 4810 3975 4886; baseline 0.003 -20"><span class='ocrx_word' id='word_1_851' title='bbox 2328 4810 2470 4882; x_wconf 86' lang='lat' dir='ltr'><strong>quod</strong></span> <span class='ocrx_word' id='word_1_852' title='bbox 2498 4810 2626 4866; x_wconf 90' lang='lat' dir='ltr'><strong>trib.</strong></span> <span class='ocrx_word' id='word_1_853' title='bbox 2659 4810 2804 4868; x_wconf 90' lang='lat' dir='ltr'><strong>mod.</strong></span> <span class='ocrx_word' id='word_1_854' title='bbox 2838 4810 3036 4868; x_wconf 85' lang='lat' dir='ltr'><strong>Christ.</strong></span> <span class='ocrx_word' id='word_1_855' title='bbox 3071 4812 3305 4884; x_wconf 86' lang='lat' dir='ltr'><strong>intellig.</strong></span> <span class='ocrx_word' id='word_1_856' title='bbox 3339 4817 3482 4869; x_wconf 89' lang='lat' dir='ltr'><strong>tom.</strong></span> <span class='ocrx_word' id='word_1_857' title='bbox 3506 4813 3574 4881; x_wconf 88' lang='lat' dir='ltr'><strong>V,</strong></span> <span class='ocrx_word' id='word_1_858' title='bbox 3606 4818 3758 4886; x_wconf 90' lang='lat' dir='ltr'><strong>part.</strong></span> <span class='ocrx_word' id='word_1_859' title='bbox 3792 4832 3848 4883; x_wconf 90' lang='grc' dir='ltr'><strong><em>ιι,</em></strong></span> <span class='ocrx_word' id='word_1_860' title='bbox 3871 4814 3975 4872; x_wconf 88' lang='lat' dir='ltr'><strong>col.</strong></span> 
     </span>
    </p>
   </div>
   <div class='ocr_carea' id='block_1_110' title="bbox 2327 4900 2730 4975">
    <p class='ocr_par' dir='ltr' id='par_1_110' title="bbox 2327 4900 2730 4975">
     <span class='ocr_line' id='line_1_110' title="bbox 2327 4900 2730 4975; baseline 0.002 -20"><span class='ocrx_word' id='word_1_861' title='bbox 2327 4900 2469 4956; x_wconf 89' lang='grc'>1500</span> <span class='ocrx_word' id='word_1_862' title='bbox 2497 4904 2554 4956; x_wconf 90' lang='lat' dir='ltr'><strong>et</strong></span> <span class='ocrx_word' id='word_1_863' title='bbox 2583 4901 2730 4975; x_wconf 90' lang='lat' dir='ltr'><strong>seq.)</strong></span> 
     </span>
    </p>
   </div>
   <div class='ocr_carea' id='block_1_111' title="bbox 2398 4989 3978 5051">
    <p class='ocr_par' dir='ltr' id='par_1_111' title="bbox 2398 4989 3978 5051">
     <span class='ocr_line' id='line_1_111' title="bbox 2398 4989 3978 5051; baseline 0.004 -7"><span class='ocrx_word' id='word_1_864' title='bbox 2398 4989 2683 5046; x_wconf 85' lang='lat' dir='ltr'><strong>Dominus</strong></span> <span class='ocrx_word' id='word_1_865' title='bbox 2715 4994 2913 5047; x_wconf 89' lang='lat' dir='ltr'><strong>noster</strong></span> <span class='ocrx_word' id='word_1_866' title='bbox 2931 4992 2963 5048; x_wconf 88' lang='lat' dir='ltr'><strong>J</strong></span> <span class='ocrx_word' id='word_1_867' title='bbox 2969 5009 3106 5049; x_wconf 87' lang='lat' dir='ltr'><strong>esus</strong></span> <span class='ocrx_word' id='word_1_868' title='bbox 3117 4991 3386 5049; x_wconf 89' lang='lat' dir='ltr'><strong>Christus</strong></span> <span class='ocrx_word' id='word_1_869' title='bbox 3400 4994 3664 5051; x_wconf 86' lang='lat' dir='ltr'><strong>Salvator</strong></span> <span class='ocrx_word' id='word_1_870' title='bbox 3691 4995 3897 5051; x_wconf 88' lang='lat' dir='ltr'><strong>sedens</strong></span> <span class='ocrx_word' id='word_1_871' title='bbox 3908 4996 3978 5051; x_wconf 88' lang='lat' dir='ltr'><strong>ad</strong></span> 
     </span>
    </p>
   </div>
   <div class='ocr_carea' id='block_1_112' title="bbox 2329 5079 3978 5153">
    <p class='ocr_par' dir='ltr' id='par_1_112' title="bbox 2329 5079 3978 5153">
     <span class='ocr_line' id='line_1_112' title="bbox 2329 5079 3978 5153; baseline 0.004 -19"><span class='ocrx_word' id='word_1_872' title='bbox 2329 5079 2625 5135; x_wconf 82' lang='lat' dir='ltr'><strong>dexteram</strong></span> <span class='ocrx_word' id='word_1_873' title='bbox 2699 5080 2908 5149; x_wconf 90' lang='lat' dir='ltr'><strong>Patris,</strong></span> <span class='ocrx_word' id='word_1_874' title='bbox 2979 5084 3087 5136; x_wconf 90' lang='lat' dir='ltr'><strong>etc.</strong></span> <span class='ocrx_word' id='word_1_875' title='bbox 3160 5098 3331 5153; x_wconf 88' lang='lat' dir='ltr'><strong>usque</strong></span> <span class='ocrx_word' id='word_1_876' title='bbox 3385 5082 3457 5138; x_wconf 86' lang='lat' dir='ltr'><strong>ad</strong></span> <span class='ocrx_word' id='word_1_877' title='bbox 3522 5100 3628 5139; x_wconf 87' lang='lat' dir='ltr'><strong>nos</strong></span> <span class='ocrx_word' id='word_1_878' title='bbox 3701 5089 3978 5143; x_wconf 87' lang='lat' dir='ltr'><strong>creatura.</strong></span> 
     </span>
    </p>
   </div>
   <div class='ocr_carea' id='block_1_113' title="bbox 2328 5169 3977 5245">
    <p class='ocr_par' dir='ltr' id='par_1_113' title="bbox 2328 5169 3977 5245">
     <span class='ocr_line' id='line_1_113' title="bbox 2328 5169 3977 5245; baseline 0.004 -21"><span class='ocrx_word' id='word_1_879' title='bbox 2328 5169 2460 5239; x_wconf 91' lang='lat' dir='ltr'><strong>(Id.,</strong></span> <span class='ocrx_word' id='word_1_880' title='bbox 2492 5176 2647 5235; x_wconf 88' lang='lat' dir='ltr'><strong>tract,</strong></span> <span class='ocrx_word' id='word_1_881' title='bbox 2678 5171 2735 5224; x_wconf 88' lang='lat' dir='ltr'><strong>in</strong></span> <span class='ocrx_word' id='word_1_882' title='bbox 2763 5171 2910 5241; x_wconf 87' lang='lat' dir='ltr'><strong>psal.</strong></span> <span class='ocrx_word' id='word_1_883' title='bbox 2944 5186 3220 5238; x_wconf 82' lang='lat' dir='ltr'><strong>cxxxvm,</strong></span> <span class='ocrx_word' id='word_1_884' title='bbox 3252 5176 3396 5226; x_wconf 87' lang='lat' dir='ltr'><strong>tom.</strong></span> <span class='ocrx_word' id='word_1_885' title='bbox 3431 5171 3525 5240; x_wconf 91' lang='lat' dir='ltr'><strong>IV,</strong></span> <span class='ocrx_word' id='word_1_886' title='bbox 3560 5177 3709 5245; x_wconf 89' lang='lat' dir='ltr'><strong>part.</strong></span> <span class='ocrx_word' id='word_1_887' title='bbox 3760 5191 3841 5242; x_wconf 88' lang='lat'><strong>111,</strong></span> <span class='ocrx_word' id='word_1_888' title='bbox 3873 5175 3977 5231; x_wconf 89' lang='lat' dir='ltr'><strong>col.</strong></span> 
     </span>
    </p>
   </div>
   <div class='ocr_carea' id='block_1_114' title="bbox 2324 5258 2737 5331">
    <p class='ocr_par' dir='ltr' id='par_1_114' title="bbox 2324 5258 2737 5331">
     <span class='ocr_line' id='line_1_114' title="bbox 2324 5258 2737 5331; baseline -0.007 -17"><span class='ocrx_word' id='word_1_889' title='bbox 2324 5260 2467 5315; x_wconf 89' lang='grc'>1784</span> <span class='ocrx_word' id='word_1_890' title='bbox 2499 5262 2555 5314; x_wconf 88' lang='lat' dir='ltr'><strong>et</strong></span> <span class='ocrx_word' id='word_1_891' title='bbox 2588 5258 2737 5331; x_wconf 90' lang='lat' dir='ltr'><strong>seq.)</strong></span> 
     </span>
    </p>
   </div>
   <div class='ocr_carea' id='block_1_115' title="bbox 2389 5346 3960 5425">
    <p class='ocr_par' dir='ltr' id='par_1_115' title="bbox 2389 5346 3960 5425">
     <span class='ocr_line' id='line_1_115' title="bbox 2389 5346 3960 5425; baseline 0.005 -21"><span class='ocrx_word' id='word_1_892' title='bbox 2389 5348 2607 5404; x_wconf 91' lang='lat' dir='ltr'><strong>Omnes</strong></span> <span class='ocrx_word' id='word_1_893' title='bbox 2640 5346 2840 5404; x_wconf 80' lang='lat' dir='ltr'><strong>fideles</strong></span> <span class='ocrx_word' id='word_1_894' title='bbox 2872 5348 3012 5422; x_wconf 89' lang='lat' dir='ltr'><strong>quid</strong></span> <span class='ocrx_word' id='word_1_895' title='bbox 3044 5350 3293 5406; x_wconf 91' lang='lat' dir='ltr'><strong>audiunt</strong></span> <span class='ocrx_word' id='word_1_896' title='bbox 3312 5352 3384 5407; x_wconf 83' lang='lat' dir='ltr'><strong>ab</strong></span> <span class='ocrx_word' id='word_1_897' title='bbox 3404 5352 3713 5425; x_wconf 82' lang='lat' dir='ltr'><strong>Apostolo?</strong></span> <span class='ocrx_word' id='word_1_898' title='bbox 3733 5353 3847 5410; x_wconf 91' lang='lat' dir='ltr'><strong>Vos</strong></span> <span class='ocrx_word' id='word_1_899' title='bbox 3868 5372 3960 5411; x_wconf 86' lang='lat' dir='ltr'><strong>au-</strong></span> 
     </span>
    </p>
   </div>
   <div class='ocr_carea' id='block_1_116' title="bbox 2318 5426 3958 5515">
    <p class='ocr_par' dir='ltr' id='par_1_116' title="bbox 2318 5426 3958 5515">
     <span class='ocr_line' id='line_1_116' title="bbox 2318 5426 3958 5515; baseline 0.004 -21"><span class='ocrx_word' id='word_1_900' title='bbox 2318 5426 2439 5494; x_wconf 85' lang='lat' dir='ltr'><strong>tem</strong></span> <span class='ocrx_word' id='word_1_901' title='bbox 2471 5436 2610 5494; x_wconf 90' lang='lat' dir='ltr'><strong>estis</strong></span> <span class='ocrx_word' id='word_1_902' title='bbox 2641 5455 2854 5511; x_wconf 90' lang='lat' dir='ltr'><strong>corpus</strong></span> <span class='ocrx_word' id='word_1_903' title='bbox 2885 5438 3120 5503; x_wconf 88' lang='lat' dir='ltr'><strong>Christi,</strong></span> <span class='ocrx_word' id='word_1_904' title='bbox 3151 5444 3208 5495; x_wconf 90' lang='lat' dir='ltr'><strong>et</strong></span> <span class='ocrx_word' id='word_1_905' title='bbox 3237 5441 3503 5499; x_wconf 88' lang='lat' dir='ltr'><strong>membra</strong></span> <span class='ocrx_word' id='word_1_906' title='bbox 3530 5447 3799 5515; x_wconf 81' lang='lat' dir='ltr'><strong>exparte,</strong></span> <span class='ocrx_word' id='word_1_907' title='bbox 3831 5450 3958 5515; x_wconf 89' lang='lat' dir='ltr'><strong>etc.,</strong></span> 
     </span>
    </p>
   </div>
   <div class='ocr_carea' id='block_1_117' title="bbox 2320 5529 3957 5604">
    <p class='ocr_par' dir='ltr' id='par_1_117' title="bbox 2320 5529 3957 5604">
     <span class='ocr_line' id='line_1_117' title="bbox 2320 5529 3957 5604; baseline 0.004 -21"><span class='ocrx_word' id='word_1_908' title='bbox 2320 5545 2491 5601; x_wconf 85' lang='lat' dir='ltr'><strong>usque</strong></span> <span class='ocrx_word' id='word_1_909' title='bbox 2517 5529 2587 5584; x_wconf 91' lang='lat' dir='ltr'><strong>ad</strong></span> <span class='ocrx_word' id='word_1_910' title='bbox 2618 5545 2837 5601; x_wconf 88' lang='lat' dir='ltr'><strong>sponsa</strong></span> <span class='ocrx_word' id='word_1_911' title='bbox 2856 5529 2914 5583; x_wconf 91' lang='lat' dir='ltr'><strong>in</strong></span> <span class='ocrx_word' id='word_1_912' title='bbox 2938 5531 3524 5602; x_wconf 88' lang='lat' dir='ltr'><strong>corpore.(1d..serm.</strong></span> <span class='ocrx_word' id='word_1_913' title='bbox 3558 5532 3957 5604; x_wconf 84' lang='lat' dir='ltr'><strong>dever.Evang.</strong></span> 
     </span>
    </p>
   </div>
   <div class='ocr_carea' id='block_1_118' title="bbox 2322 5618 3385 5694">
    <p class='ocr_par' dir='ltr' id='par_1_118' title="bbox 2322 5618 3385 5694">
     <span class='ocr_line' id='line_1_118' title="bbox 2322 5618 3385 5694; baseline 0.003 -20"><span class='ocrx_word' id='word_1_914' title='bbox 2322 5622 2468 5675; x_wconf 90' lang='lat' dir='ltr'><strong>tom.</strong></span> <span class='ocrx_word' id='word_1_915' title='bbox 2500 5618 2569 5687; x_wconf 90' lang='lat' dir='ltr'><strong>V,</strong></span> <span class='ocrx_word' id='word_1_916' title='bbox 2603 5623 2753 5691; x_wconf 85' lang='lat' dir='ltr'><strong>part.</strong></span> <span class='ocrx_word' id='word_1_917' title='bbox 2787 5636 2825 5687; x_wconf 93' lang='lat'><strong>1,</strong></span> <span class='ocrx_word' id='word_1_918' title='bbox 2862 5618 2972 5675; x_wconf 89' lang='lat' dir='ltr'><strong>col.</strong></span> <span class='ocrx_word' id='word_1_919' title='bbox 3003 5620 3110 5675; x_wconf 88' lang='grc'><strong>570</strong></span> <span class='ocrx_word' id='word_1_920' title='bbox 3142 5624 3199 5676; x_wconf 88' lang='lat' dir='ltr'><strong>et</strong></span> <span class='ocrx_word' id='word_1_921' title='bbox 3228 5620 3385 5694; x_wconf 91' lang='lat' dir='ltr'><strong>seq.)</strong></span> 
     </span>
    </p>
   </div>
   <div class='ocr_carea' id='block_1_119' title="bbox 2401 5702 3979 5786">
    <p class='ocr_par' dir='ltr' id='par_1_119' title="bbox 2401 5702 3979 5786">
     <span class='ocr_line' id='line_1_119' title="bbox 2401 5702 3979 5786; baseline 0.003 -21"><span class='ocrx_word' id='word_1_922' title='bbox 2401 5707 2662 5780; x_wconf 85' lang='lat' dir='ltr'><strong>Reliquit</strong></span> <span class='ocrx_word' id='word_1_923' title='bbox 2691 5707 2919 5765; x_wconf 90' lang='lat' dir='ltr'><strong>Patrem</strong></span> <span class='ocrx_word' id='word_1_924' title='bbox 2951 5702 3083 5765; x_wconf 79' lang='lat' dir='ltr'><strong>etim</strong></span> <span class='ocrx_word' id='word_1_925' title='bbox 3100 5709 3263 5767; x_wconf 81' lang='lat' dir='ltr'><strong>dixit:</strong></span> <span class='ocrx_word' id='word_1_926' title='bbox 3289 5710 3407 5783; x_wconf 89' lang='lat' dir='ltr'><strong>Ego</strong></span> <span class='ocrx_word' id='word_1_927' title='bbox 3430 5716 3647 5770; x_wconf 88' lang='lat' dir='ltr'><strong>aPatre</strong></span> <span class='ocrx_word' id='word_1_928' title='bbox 3659 5712 3831 5786; x_wconf 83' lang='lat' dir='ltr'><strong>exivi,</strong></span> <span class='ocrx_word' id='word_1_929' title='bbox 3852 5719 3979 5785; x_wconf 90' lang='lat' dir='ltr'><strong>etc.,</strong></span> 
     </span>
    </p>
   </div>
  </div>
