4114 6458
189 412 307 480 381

1008 419 1423 484 EXPOSITIO
1466 420 1545 482 IN
1589 420 1760 483 EPP.
1804 419 2068 487 PAULI.
2100 457 2178 468 —
2208 423 2332 499 ΕΡ,
2377 422 2481 487 AD
2523 423 2809 488 PHILIP.

3499 426 3619 492 382

186 568 367 623 usque
392 549 467 606 ad
496 554 553 607 et
581 549 898 608 Ecclesium
930 570 1143 625 corpus
1194 555 1339 624 ejus.
1377 555 1505 627 (Id.,
1541 555 1637 610 lib.
1673 564 1848 611 contr.
1876 553 1934 623 Α
1961 559 2117 613 tasse
2143 556 2383 631 longum
2415 561 2523 629 est,
2556 562 2871 632 etc.,usque
2897 559 2968 615 ad
2998 559 3097 632 qui
3122 577 3239 617 non
3269 561 3615 618 existentem

189 640 458 712 Manich.,
494 644 636 697 tom.
677 641 772 708 ΙΙΙ,
805 647 955 715 part.
990 660 1027 727 1,
1063 642 1172 698 col.
1205 645 1312 698 215
1342 649 1398 699 et
1428 646 1576 716 seq.)

843 786 1074 842 CAPUT
1108 787 1204 843 VI.

260 913 425 977 Filii,
460 912 672 968 obedite
700 912 1044 983 parentibus,
1072 915 1205 980 etc.,
1238 928 1426 984 usque
1458 913 1527 968 ad
1578 921 1628 970 et
1674 930 1854 971 corre-

187 1002 378 1072 ptione
412 1002 655 1056 Domini.
689 1000 773 1055 Ad
805 1000 922 1055 duo
954 1005 1259 1072 praecepta,
1293 1000 1351 1056 id
1386 1005 1473 1057 est
1502 1003 1574 1057 ad
1602 1001 1855 1058 dilectio-

192 1105 331 1145 nem
363 1089 471 1145 Dei
503 1093 561 1145 et
590 1088 861 1162 proximi,
894 1094 1027 1157 etc.,
1058 1106 1230 1161 usque
1277 1091 1347 1146 ad
1392 1095 1621 1147 cantate
1669 1092 1849 1148 canti-

192 1194 331 1233 cum
386 1195 630 1234 novum.
663 1179 794 1248 (Id.,
832 1180 929 1234 lib.
985 1182 1072 1235 De
1110 1179 1291 1235 decem
1341 1180 1574 1248 chordis,
1608 1184 1749 1236 tom.
1782 1181 1853 1251 V,

192 1272 345 1339 part.
376 1287 414 1333 1,
446 1266 560 1324 col.
591 1268 662 1323 80
690 1272 748 1324 et
777 1270 929 1340 seq.)

261 1357 448 1424 Servi,
512 1357 725 1413 obedite
780 1356 1040 1423 dominis,
1086 1361 1225 1426 etc.,
1274 1375 1461 1431 usque
1491 1360 1564 1415 ad
1614 1362 1856 1431 potentia

187 1447 421 1502 virtutis
451 1446 588 1518 ejus.
621 1444 819 1501 Prima
847 1444 1147 1501 servitutis
1173 1462 1351 1502 causa
1397 1452 1702 1519 peceatum
1744 1452 1852 1517 est,

189 1538 327 1602 etc.,
349 1550 524 1607 usque
557 1534 627 1590 ad
658 1534 1099 1591 immortalitate
1141 1534 1425 1592 felicibus.
1460 1537 1591 1608 (Id.,
1629 1538 1726 1593 lib.
1758 1555 1855 1593 x111

188 1625 255 1681 de
283 1626 456 1683 Civit.
491 1625 613 1695 Dei,
646 1627 789 1679 tom.
822 1623 943 1691 VII,
968 1623 1079 1679 col.
1111 1625 1219 1679 643
1248 1628 1305 1680 et
1335 1628 1485 1696 seq.)

263 1713 577 1770 Ordinavit
618 1712 775 1768 enim
809 1712 894 1768 sic
942 1713 1098 1768 Deus
1145 1712 1486 1780 Ecclesiam,
1519 1718 1652 1782 etc.,
1683 1733 1855 1789 usque

189 1804 265 1861 ad
320 1801 545 1858 subditi
600 1805 767 1858 erant
824 1802 999 1857 etiam
1057 1802 1293 1858 domino
1343 1804 1671 1875 temporali.
1715 1806 1852 1874 (Id.,

1967 647 2098 701 fecit
2128 651 2202 703 te.
2239 649 2367 720 (Id.,
2401 657 2558 705 tract.
2593 651 2654 704 in
2676 650 2819 721 psal.
2848 666 3037 715 (2.111.111,
3072 654 3214 705 tom.
3246 650 3340 719 IV,
3374 655 3523 723 part.
3549 670 3609 721 11,

1965 735 2073 792 col.
2110 738 2247 792 1858
2273 741 2330 793 et
2358 737 2504 810 seq.)

2035 826 2160 881 Non
2210 830 2299 881 est
2345 826 2514 882 nobis
2562 825 2895 882 colluctatio
2945 828 3225 884 adversus
3279 845 3513 885 carnem
3555 834 3614 886 et

1963 915 2334 987 sanguinem,
2367 919 2499 983 etc.,
2528 933 2699 987 usque
2736 916 2807 971 ad
2865 914 3220 972 invisibilem
3268 918 3454 974 vincis
3494 935 3614 975 cre-

1964 1003 2172 1059 dendo.
2206 1005 2337 1072 (Id.,
2367 1021 2527 1080 serm.
2568 1004 2633 1060 de
2660 1007 2808 1061 verb.
2841 1007 3079 1077 Evang.,
3113 1014 3253 1062 tom.
3286 1006 3355 1078 V,
3390 1012 3539 1080 part.
3574 1026 3615 1079 1,

1964 1092 2073 1148 col.
2097 1094 2202 1148 434
2232 1096 2288 1149 et
2319 1096 2469 1164 seq.)

2034 1182 2159 1237 Non
2190 1186 2280 1238 est
2309 1181 2479 1238 nobis
2502 1181 2831 1241 colluctatio
2851 1184 3132 1241 adversus
3160 1200 3396 1240 carnem
3413 1189 3471 1241 et
3484 1204 3613 1242 san-

1962 1270 2222 1343 guinem,
2255 1275 2387 1337 etc.,
2419 1288 2590 1344 usque
2637 1272 2707 1327 ad
2737 1272 2810 1327 de
2848 1271 2980 1327 sinu
3012 1273 3219 1329 matris
3249 1273 3398 1329 lucis
3430 1280 3611 1333 orate.

1965 1358 2271 1432 (Id.,serm.
2288 1359 2353 1417 de
2378 1361 2534 1431 vigil.
2552 1360 3034 1429 Paschie,tom.V,
3050 1365 3200 1433 part.
3233 1379 3272 1428 1,
3296 1361 3403 1418 col.
3427 1363 3612 1432 1091.)

2034 1448 2205 1504 Venit
2236 1449 2393 1505 enim
2422 1449 2693 1521 princeps
2725 1448 2931 1504 mundi
2959 1448 3159 1521 hujus,
3192 1454 3326 1519 etc.,
3352 1468 3524 1524 usque
3543 1452 3615 1508 ad

1960 1537 2123 1611 virgo
2154 1541 2477 1610 pepererat.
2513 1539 2646 1606 (Id.,
2681 1545 2837 1593 tract.
2865 1538 2937 1592 79
2968 1540 3028 1593 in
3051 1540 3281 1610 Evang.,
3312 1555 3416 1595 sec.
3448 1542 3611 1597 Joan.

1961 1629 2105 1683 tom.
2140 1627 2238 1695 III,
2273 1631 2422 1699 part.
2457 1645 2519 1695 11,
2553 1626 2663 1683 col.
2700 1627 2881 1699 1838.)

2034 1715 2232 1771 Contra
2259 1716 2542 1788 spiritalia
2571 1717 2836 1787 nequitia
2865 1717 2925 1770 in
2951 1716 3467 1787 spiritalibus.Cum
3497 1718 3618 1773 dia-

1963 1804 2131 1860 bolus
2157 1805 2278 1875 jam
2314 1805 2577 1861 misisset
2604 1805 2664 1859 in
2697 1821 2813 1869 cor,
2847 1808 2981 1873 etc.,
3014 1805 3270 1876 usquead
3296 1806 3499 1877 adjuta
3515 1824 3618 1879 per

189 1902 359 1951 tract.
394 1895 453 1949 in
472 1892 614 1964 psal.
648 1907 872 1959 cxxx1v,
906 1895 1048 1947 tom.
1084 1892 1177 1957 IV,
1210 1896 1360 1963 part.
1394 1910 1452 1957 11,
1487 1892 1596 1949 col.
1630 1894 1769 1949 1750
1798 1899 1855 1950 et
1881 1924 1934 1993 Β
1963 1892 2232 1965 gratiam.
2266 1894 2400 1966 (Id.,
2433 1894 2675 1950 tract.55
2705 1895 2767 1949 in
2797 1897 3005 1962 Evang.
3039 1910 3143 1949 sec.
3176 1895 3616 1964 Joan.,tom.lII,

189 1982 351 2056 seq.)

267 2072 422 2131 Nam
454 2070 503 2127 si
537 2087 739 2127 servus
771 2086 888 2127 non
939 2087 1009 2126 ex
1056 2071 1255 2126 animo
1292 2071 1401 2127 tibi
1451 2071 1685 2139 serviat,
1719 2078 1852 2142 etc.,

189 2176 373 2234 usque
423 2159 495 2215 ad
538 2176 673 2215 cum
723 2159 878 2215 bona
918 2159 1237 2216 voluntate.
1269 2161 1404 2229 (Id.,
1433 2169 1587 2217 tract.
1621 2163 1679 2217 in
1706 2164 1851 2234 psal.

190 2268 325 2318 ω,
358 2254 502 2306 tam.
535 2249 628 2316 IX,
657 2253 808 2321 part.
844 2265 904 2315 11,
936 2248 1044 2304 col.
1084 2250 1223 2304 1037
1252 2252 1309 2304 et
1338 2248 1483 2321 seq.)

260 2339 489 2398 Induite
514 2355 607 2396 vos
635 2345 977 2394 armaturam
1027 2339 1148 2405 Dei,
1180 2341 1317 2406 etc.,
1348 2355 1537 2410 usque
1585 2341 1656 2395 ad
1705 2349 1757 2396 et
1796 2343 1856 2396 in

183 2429 448 2487 omnibus
466 2429 698 2501 perfecti
726 2426 1180 2499 stare.Nunquid
1211 2426 1479 2483 homines
1501 2428 1655 2485 solos
1677 2429 1856 2485 habet

183 2518 466 2575 inimicos
497 2516 926 2584 Ecclesia?etc.,
961 2532 1133 2588 usque
1161 2515 1231 2571 ad
1252 2515 1574 2589 principem
1598 2522 1852 2589 potesta-

186 2607 271 2665 tis
303 2607 458 2664 aeris
496 2606 697 2679 hujus.
729 2605 865 2675 (Id.,
899 2613 1055 2662 tract.
1091 2607 1149 2661 in
1195 2606 1337 2677 psal.
1381 2623 1551 2673 cxvn,
1586 2611 1728 2663 tom.
1754 2608 1850 2677 ιν,

190 2702 350 2771 part.
378 2713 440 2763 11,
475 2696 587 2752 col.
622 2695 805 2767 11196.)

269 2786 647 2860 Intelligendi
697 2789 839 2841 sunt
883 2783 1108 2841 inimici
1149 2801 1253 2856 pro
1307 2785 1524 2857 quibus
1566 2787 1853 2843 orandum

191 2878 296 2947 sit,
331 2880 651 2948 etc.,usque
677 2862 831 2931 adet
858 2873 1112 2931 vincitis.
1143 2873 1276 2943 (Id.,
1301 2882 1457 2930 tract.
1491 2876 1553 2930 in
1573 2877 1852 2948 psal.xxx,

193 2972 347 3025 tom.
383 2966 476 3031 IV,
506 2968 657 3037 part.
689 2982 728 3033 1,
762 2962 872 3020 col.
902 2964 1052 3035 248.)

270 3058 566 3113 Docemur
590 3053 827 3126 iniquos
857 3069 1051 3118 nosse,
1075 3055 1281 3108 contra
1309 3069 1457 3125 quos
1484 3052 1858 3111 invisibiliter

197 3144 582 3211 dimicamus,
615 3146 749 3212 etc.,
795 3158 968 3214 usque
992 3141 1064 3197 ad
1111 3140 1300 3214 migra
1351 3141 1423 3197 ad
1472 3141 1684 3198 lucem.
1719 3144 1853 3213 (Id.,

194 3242 358 3293 tract.
394 3235 452 3290 in
492 3233 636 3306 psal.
672 3249 894 3299 Lxxxw,
928 3234 1071 3287 tom.
1113 3230 1208 3299 IV,
1240 3233 1386 3302 part.
1423 3248 1485 3300 11,
1520 3230 1630 3287 col.
1667 3233 1770 3287 107
1800 3237 1858 3289 et

192 3342 326 3396 seq.

266 3409 556 3469 Diabolus
584 3413 643 3466 et
670 3408 863 3483 angeli
892 3409 1020 3481 ejus
1050 3408 1108 3464 in
1139 3407 1461 3481 Scripturis
1487 3409 1706 3465 sanctis
1729 3426 1851 3466 ma-

189 3500 401 3560 nifesti
433 3502 918 3570 sunt,etc.,usque
937 3498 1008 3553 ad
1036 3497 1135 3553 lux
1164 3497 1224 3552 in
1250 3498 1518 3554 Domino.
1555 3498 1849 3570 (Id.,tract.

189 3595 258 3651 in
286 3590 434 3664 psal.
469 3606 578 3656 LIV,
612 3592 755 3644 tom.
789 3587 879 3653 IV,
915 3590 1064 3659 part.
1099 3605 1134 3651 1,
1170 3586 1279 3642 col.
1312 3586 1459 3658 830.)

267 3682 398 3737 Non
452 3682 543 3734 est
600 3675 935 3733 colluctatio
989 3676 1270 3732 adversus
1324 3692 1559 3732 carnem
1610 3680 1670 3733 et
1716 3695 1852 3734 san-

187 3770 462 3846 guinem,
495 3770 630 3834 etc.,
664 3781 835 3837 usque
862 3764 933 3821 ad
962 3763 1200 3819 omnino
1249 3781 1365 3820 non
1414 3769 1684 3836 possunt.
1714 3766 1850 3834 (Id.,

187 3867 356 3919 tract.
414 3859 475 3913 in
518 3854 667 3928 psal.
724 3872 812 3922 Lv,
861 3856 1006 3910 tom.
1055 3853 1152 3924 1V,
1202 3856 1350 3925 part.
1406 3869 1447 3919 1,
1496 3852 1604 3909 col.
1646 3855 1754 3910 649
1797 3859 1854 3911 et

187 3952 348 4020 seq.)

269 4037 567 4093 Habemus
599 4034 797 4089 hostes
829 4030 1177 4101 invisibiles,
1211 4035 1345 4097 etc.,
1376 4048 1545 4103 usque
1589 4032 1660 4087 ad
1689 4036 1850 4088 tene-

185 4129 439 4183 brarum
488 4124 718 4179 harum.
752 4121 893 4188 (Id.,
934 4128 1090 4188 tract,
1124 4122 1185 4175 in
1228 4121 1372 4192 psal.
1405 4137 1540 4187 c1111,
1573 4124 1716 4175 tom.
1754 4121 1847 4188 IV,

187 4219 344 4291 part.
379 4232 439 4280 11,
471 4211 581 4269 col.
618 4213 758 4268 1475
789 4214 845 4267 et
875 4228 999 4282 seq.

266 4302 604 4361 Praaliorum
636 4304 694 4357 et
722 4299 1011 4357 bellorum
1043 4314 1727 4371 generacommemorare
1743 4298 1850 4354 for-

1967 1985 2115 2055 part.
2149 1997 2211 2047 11,
2246 1981 2355 2037 col.
2390 1983 2573 2051 1786.)

2035 2070 2181 2136 Quia
2208 2087 2343 2127 vero
2373 2074 2430 2127 et
2458 2071 2569 2143 ipsi
2602 2070 2741 2126 mali
2774 2070 3097 2143 angelinon
3130 2088 3165 2127 a
3188 2071 3305 2127 Deo
3328 2076 3470 2128 sunt
3485 2090 3617 2129 con-

1965 2159 2091 2227 diti,
2126 2163 2260 2226 etc.,
2292 2176 2462 2232 usque
2488 2160 2559 2215 ad
2588 2158 2647 2215 in
2689 2159 2827 2215 ﬁliis
2856 2159 3218 2215 diffidentiae.
3254 2160 3384 2233 (Id.,
3419 2163 3516 2217 lib.
3550 2163 3616 2218 de

1962 2249 2173 2305 Natura
2205 2250 2351 2317 boni,
2383 2253 2526 2303 tom.
2559 2248 2712 2314 VIII,
2739 2248 2849 2303 col.
2880 2248 2981 2302 561
3017 2250 3075 2302 et
3104 2246 3251 2320 seq.)

2033 2339 2179 2394 State
2206 2355 2331 2409 ergo
2359 2338 2781 2405 succincti,etc.,
2802 2353 2989 2407 usque
3020 2336 3090 2392 ad
3121 2337 3415 2406 Evangelii
3435 2341 3610 2410 pacis.

1963 2426 2125 2483 Stola
2175 2427 2367 2500 prima
2405 2430 2495 2482 est
2539 2425 2819 2498 dignitas,
2852 2430 2983 2492 etc.,
3017 2442 3189 2498 usque
3218 2426 3287 2481 ad
3317 2428 3614 2500 tangenda

1962 2520 2212 2572 terrena.
2248 2516 2376 2587 (Id.,
2418 2517 2515 2571 lib.
2548 2533 2588 2583 1,
2635 2515 2838 2583 Quaest.
2892 2530 3109 2585 evang,
3139 2518 3284 2570 tom.
3328 2516 3429 2587 III,
3462 2521 3613 2588 part.

1963 2622 2024 2672 11,
2058 2604 2167 2662 col.
2199 2606 2380 2673 1346.)

2035 2694 2268 2750 Marcus
2291 2693 2536 2749 dicendo
2567 2691 2800 2748 calciari
2833 2692 3152 2765 apostolos,
3178 2696 3312 2773 etc.,
3344 2709 3518 2767 usque
3547 2696 3618 2752 ad

1962 2783 2272 2839 innitatur.
2308 2783 2442 2855 (Id.,
2475 2783 2572 2838 lib.
2607 2799 2648 2837 11
2678 2781 2742 2837 de
2787 2782 3015 2839 Consen.
3049 2774 3282 2852 Evang.,
3316 2786 3458 2840 tom.
3512 2785 3614 2850 ΙΙΙ,

1963 2876 2114 2944 part.
2139 2890 2180 2940 1,
2214 2872 2322 2929 col.
2360 2872 2546 2941 1090.)

2034 2966 2105 3020 In
2160 2962 2431 3042 qmnibus,
2481 2966 2616 3028 etc.,
2667 2977 2856 3033 usque
2906 2962 2977 3016 ad
3026 2962 3191 3029 ignea
3244 2963 3614 3032 exstinguere.

1964 3052 2164 3124 Neque
2194 3050 2349 3107 enim
2380 3049 2594 3106 melius
2616 3054 2808 3122 potest
2837 3048 3086 3122 intelligi
3108 3051 3265 3122 quod
3283 3050 3508 3107 dictum
3529 3055 3620 3108 est

1964 3141 2102 3205 Deo,
2135 3145 2268 3207 etc.,
2318 3156 2488 3211 usque
2515 3139 2586 3195 ad
2626 3139 2893 3211 transﬁgi
2925 3156 3040 3194 non
3074 3139 3213 3194 sint.
3255 3139 3387 3208 (Id.,
3424 3141 3521 3195 lib.
3554 3140 3619 3196 de

1962 3232 2142 3286 Doctr.
2177 3230 2399 3297 Christ,
2432 3232 2574 3284 tom.
2608 3229 2707 3297 III,
2741 3232 2887 3300 part.
2923 3245 2961 3294 1,
2997 3226 3106 3282 col.
3138 3227 3210 3282 79
3239 3231 3297 3283 et
3326 3228 3473 3300 seq.)

1887 3293 1932 3364 α
2033 3321 2098 3375 Et
2125 3319 2341 3388 galeam
2363 3293 2580 3385 salutis,
2616 3293 2757 3384 etc.,
2765 3293 2953 3388 usque
2984 3317 3056 3371 ad
3086 3293 3436 3373 consolentur
3454 3293 3620 3373 corda

1965 3408 2369 3464 vestra.Sermo
2398 3423 2533 3478 ergo
2564 3405 2664 3462 Dei
2696 3405 2931 3479 gladius
2955 3404 3047 3460 bis
3075 3408 3619 3478 acutus,etc.,usque

1961 3497 2031 3553 ad
2076 3513 2250 3552 verax
2296 3495 2566 3551 inventus
2614 3498 2722 3550 est.
2757 3494 2886 3565 (Id.,
2920 3500 3077 3549 tract.
3129 3494 3189 3549 in
3232 3494 3374 3565 psal.
3425 3511 3612 3563 cxux,

1960 3589 2102 3642 tom.
2138 3586 2231 3653 IV,
2264 3588 2413 3657 part.
2448 3601 2508 3652 11,
2543 3582 2651 3639 col.
2689 3583 2832 3638 1955
2859 3587 2917 3639 et
2946 3585 3095 3655 seq.)

2030 3676 2155 3729 Pax
2194 3674 2482 3746 fratribus,
2534 3675 2668 3737 etc.,
2717 3686 2906 3742 usque
2955 3670 3028 3725 ad
3073 3671 3131 3725 in
3177 3670 3611 3741 incorruptione.

1960 3759 2796 3834 Amen.Pax,inquit,fratribus
2826 3762 2885 3815 et
2913 3758 3312 3815 charitascum
3335 3760 3610 3829 fide,etc.,

1958 3869 2127 3925 usque
2157 3853 2227 3907 ad
2258 3851 2371 3906 nisi
2404 3850 2504 3905 Dei
2537 3851 2710 3905 dona.
2736 3848 2865 3920 (Id.,
2892 3848 2992 3904 lib.
3023 3847 3090 3904 de
3121 3849 3247 3904 Gra.
3280 3856 3333 3905 et
3361 3849 3609 3918 lib.arb.,

1959 3946 2104 3998 tom.
2136 3941 2201 4008 X,
2238 3945 2387 4012 part.
2415 3956 2454 4007 1,
2488 3938 2597 3994 col.
2620 3938 2774 4006 905.)

2030 4030 2155 4085 Non
2185 4032 2384 4083 tamen
2417 4026 2691 4099 qusniam
2718 4026 2865 4081 ﬁdes
2893 4026 3069 4080 datur
3094 4024 3440 4097 priusquam
3473 4043 3610 4098 pos-

1957 4118 2180 4174 tuletur
2208 4116 2280 4172 ab
2310 4115 2410 4171 illo
2439 4116 2536 4171 cui
2568 4115 3080 4185 datur,etc.,usque
3109 4113 3180 4168 ad
3202 4131 3318 4169 non
3349 4113 3612 4170 habenti-

1958 4209 2069 4263 bus
2101 4205 2401 4278 poscimus
2431 4203 2578 4259 dari.
2610 4202 2744 4272 (Id.,
2778 4203 2876 4271 lib,
2910 4202 2977 4258 de
3003 4204 3151 4258 Dono
3194 4219 3432 4274 persev.,
3463 4206 3608 4258 tom.

1956 4297 2023 4365 X,
2054 4299 2200 4369 part.
2237 4312 2298 4361 11,
2331 4293 2439 4349 col.
2476 4293 2662 4361 1021.)

963 4614 1079 4700 IN
1138 4608 1769 4703 EPISTOLAM
1823 4554 1968 4699 AD
2025 4606 2827 4703 PHILIPPENSES.

1684 4787 2113 4809 μ

746 4913 1286 4972 ARGUMENTUM.

256 5024 668 5097 Philippenses
700 5026 840 5078 sunt
878 5022 1246 5078 Macedones.
1279 5020 1346 5076 Hi
1382 5025 1616 5094 accepto
1667 5022 1842 5079 verbo

180 5114 451 5174 veritatis
482 5111 867 5184 perstiterunt
894 5110 956 5166 in
988 5111 1133 5166 fide:
1167 5127 1272 5166 nec
1300 5112 1644 5182 receperunt
1664 5110 1843 5168 falsos

183 5201 504 5278 apostolos.
535 5200 652 5257 Hos
705 5199 1002 5256 collaudat
1050 5198 1370 5271 apostolus,
1403 5199 1666 5256 scribens
1693 5199 1778 5255 eis
1809 5217 1844 5255 a

183 5295 378 5351 Roma
408 5290 479 5347 de
502 5306 731 5346 carcere
759 5304 862 5361 per
890 5287 1376 5361 Epaphroditum.
1419 5318 1423 5323 -

711 5430 947 5487 CAPUT
999 5429 1310 5487 PRIMUM.

254 5541 469 5599 Paulus
497 5547 549 5596 et
582 5540 885 5595 Timotheus
911 5540 1076 5611 servi,
1108 5542 1240 5607 etc.,
1272 5554 1461 5610 usque
1503 5537 1575 5592 ad
1614 5539 1840 5595 Domino

176 5636 309 5693 Iesu
340 5628 750 5689 Christo.Sicut
780 5632 919 5685 sunt
947 5629 1064 5684 duo
1090 5627 1335 5684 timores
1359 5627 1459 5700 qui
1490 5626 1838 5684 faciuntduo

179 5737 403 5797 genera
430 5718 789 5787 timentium,
817 5722 951 5787 etc.,
983 5734 1152 5791 usque
1196 5717 1268 5773 ad
1316 5716 1485 5788 quasi
1529 5733 1645 5774 non
1677 5733 1837 5774 acce-

1873 4919 1921 4984 D
1951 4914 2119 4989 perit.
2153 4912 2285 4986 (Id.,
2320 4917 2476 4967 tract.
2508 4910 2580 4964 85
2625 4910 2688 4964 in
2716 4909 2921 4981 Evang.
2955 4924 3059 4964 sec.
3089 4912 3281 4977 Joan.,
3324 4911 3468 4964 tom.
3500 4908 3603 4977 Ill,

1950 5008 2194 5080 partum,
2228 4999 2340 5057 col.
2374 4998 2555 5070 1849.)

2024 5094 2242 5150 Gratias
2270 5106 2372 5159 ago
2403 5090 2526 5156 Deo,
2561 5091 2696 5155 etc.,
2725 5102 2914 5158 usque
2945 5086 3016 5140 ad
3053 5086 3279 5141 verbum
3306 5084 3406 5139 Dei
3434 5084 3601 5156 loqui.

1951 5179 2323 5253 Cooperando
2354 5176 2508 5233 Deus
2534 5174 2595 5230 in
2625 5174 2794 5231 nobis
2838 5173 3064 5246 perficit
3102 5172 3259 5244 quod
3310 5173 3604 5245 operando

1948 5269 2510 5342 incipit,etc.,usque
2541 5264 2610 5320 ad
2639 5280 2816 5336 opera
2848 5260 2992 5318 nihil
3026 5260 3309 5317 valemus.
3339 5262 3470 5333 (Id.,
3504 5261 3600 5316 lib.

1948 5359 2013 5416 de
2041 5363 2195 5415 Grat.
2224 5364 2275 5413 et
2295 5357 2392 5411 lib.
2427 5356 2746 5422 arb.,.tom.
2779 5352 2845 5419 Χ,
2880 5354 3029 5424 part.
3065 5368 3101 5417 1,
3137 5348 3248 5405 col.
3281 5350 3432 5421 961.)

2019 5449 2102 5505 De
2131 5446 2372 5514 mundo,
2405 5443 2740 5516 inquit,non
2771 5445 2933 5507 sunt,
2948 5440 3101 5496 sicut
3121 5443 3177 5496 et
3205 5456 3312 5512 ego
3334 5455 3449 5494 non
3464 5455 3600 5493 sum

1948 5540 2019 5594 de
2051 5536 2293 5603 mundo,
2328 5537 2462 5602 etc.,
2496 5547 2665 5606 usque
2693 5530 2763 5587 ad
2784 5530 2996 5586 veritas
3026 5534 3083 5585 et
3108 5529 3245 5584 vita.
3283 5528 3418 5600 (Id.,
3439 5535 3597 5582 tract.

1950 5629 2051 5684 108
2097 5629 2160 5684 in
2205 5627 2409 5695 Evang.
2457 5639 2561 5679 sec.
2611 5625 2799 5691 Joan.,
2855 5625 2998 5677 tom.
3050 5619 3153 5687 III,
3187 5622 3337 5691 part.
3388 5634 3453 5686 11,
3487 5614 3596 5674 col.

1950 5717 2132 5787 19159
