4114 6464
516 460 636 529 383

1720 451 1954 516 FLORI
1997 446 2335 511 DIAC‘ONI'
2358 444 2743 509 MONACHI.

3815 444 3942 510 384

590 600 827 674 Quidam
857 596 1094 672 quidem,
1129 599 1265 663 etc.,
1299 608 1484 665 usque
1514 591 1584 647 ad
1620 591 1888 645 suscitare
1932 584 2168 641 vinculis
2197 583 2253 649 Α
2280 581 2598 674 Iohannes,
2633 585 2766 651 etc.,
2798 598 2970 655 usque
2995 580 3065 637 ad
3095 582 3153 637 in
3171 581 3417 674 ivinculo
3444 582 3936 656 pacis.(ld.,serm.

450 682 463 695 “
517 694 675 750 meis.
707 691 860 748 Sunt
884 688 944 743 in
974 685 1237 742 Ecclesia
1266 682 1509 755 quidam
1540 677 2180 754 praepositi,etc.,usque

517 782 590 839 ad
632 782 787 836 inter
834 775 1226 834 mercenaries
1276 786 1596 828 remanere.
1649 769 1782 838 (Id.,
1825 773 1983 822 tract.
2017 765 2087 819 46
2117 765 2180 819 in

517 872 734 942 Evang.
766 884 869 926 sec.
902 870 1090 934 Joan.,
1142 867 1284 918 tom.
1338 861 1436 929 III,
1481 861 1632 932 part.
1675 875 1737 926 ιι,
1780 855 1889 911 col.
1938 854 2076 909 1729
2123 855 2180 908 et

519 975 621 1017 εεα
630 1003 641 1015 .

585 961 781 1106 (dium
796 1064 897 1120 per
919 1041 1307 1100 mercenaries
1328 1054 1527 1096 vocem
1542 1037 1739 1094 audite
1757 1034 2148 1108 pastoris,etc.
2162 1075 2177 1096 ,

520 1156 690 1212 usque
719 1138 789 1193 ad
818 1135 1086 1192 Christus
1115 1123 1965 1198 annuntietur.(ld.,ibid.,col.
1992 1122 2175 1195 1751.)

590 1228 844 1286 Possunt
872 1224 967 1279 isti
1002 1220 1297 1277 maledicti
1331 1218 1528 1291 potius
1559 1214 2172 1278 calumniatores,etc.,

519 1333 689 1392 usque
731 1315 801 1371 ad
850 1331 968 1369 non
1019 1313 1089 1366 de
1137 1308 1503 1381 turpitudine
1554 1306 1847 1361 vitiorum.
1895 1304 2023 1376 (Id.,
2073 1303 2171 1357 lib.

517 1413 691 1464 contr.
724 1406 932 1473 Faust.,
964 1406 1107 1457 tom.
1141 1399 1295 1465 VIII,
1329 1397 1437 1452 col.
1473 1397 1577 1451 429
1607 1400 1664 1450 et
1694 1393 1843 1466 seq.)

585 1494 974 1552 Notissimum
1007 1506 1136 1546 esse
1162 1487 1413 1544 arbitror
1442 1485 1739 1542 sanctitati
1774 1486 1982 1539 vestra;
2014 1482 2171 1555 quod

518 1584 599 1639 ait
624 1581 963 1655 Apostolus,
998 1583 1131 1643 etc.,
1163 1590 1336 1648 usque
1363 1574 1433 1629 ad
1464 1589 1577 1628 non
1610 1572 1857 1628 credunt
1885 1586 2015 1626 esse
2043 1586 2172 1642 qua;

517 1675 744 1730 dicunt.
777 1671 908 1743 (Id.,
942 1675 1096 1725 tract.
1131 1668 1187 1721 in
1233 1664 1378 1737 psal.
1427 1680 1553 1731 cxv,
1602 1665 1745 1718 tom.
1788 1661 1859 1732 II,
1908 1663 2056 1732 part.
2112 1677 2168 1726 Il,

520 1761 629 1820 col.
666 1762 806 1817 1490
834 1762 891 1815 et
919 1756 1067 1829 seq.)

590 1851 855 1908 Fuerunt
878 1847 1037 1903 enim
1066 1844 1245 1901 etiam
1269 1839 2046 1915 temporibusapostolorum
2068 1840 2170 1911 qui

408 1916 413 1921 ξ
518 1940 821 1997 veritatem
854 1954 970 1992 non
1001 1933 1258 2001 veritate,
1279 1934 1599 2003 etc.,usque
1620 1931 1692 1985 ad
1710 1930 1873 2002 prius
1904 1932 2168 2002 negetur.
2202 1957 2250 2023 Β

520 2030 652 2101 (Id.,
685 2029 782 2084 lib.
809 2033 999 2083 contra
1022 2023 1386 2087 Mendacium,
1420 2024 1560 2076 tom.
1593 2019 1685 2085 VI,
1719 2019 1827 2074 col.
1859 2018 2009 2090 527.)

574 2119 737 2174 ~Tres
766 2131 1045 2189 personas
1072 2112 1217 2168 dixit
1264 2109 1571 2177 Dominus,
1601 2112 1659 2164 et
1705 2108 1989 2164 debemus
2038 2106 2173 2164 illas

517 2207 869 2279 investigare
899 2204 959 2259 in
986 2200 1318 2275 Evangelio,
1352 2203 1486 2267 etc.,
1519 2214 1689 2271 usque
1715 2198 1786 2254 ad
1817 2198 2038 2254 bonum
2070 2214 2171 2270 pa-

519 2301 731 2353 ratum.
766 2295 1077 2368 (Id.,serm.
1111 2293 1180 2347 49
1204 2290 1268 2346 de
1296 2292 1445 2346 verb.
1476 2289 1708 2358 Evang.,
1739 2292 1882 2343 tom.
1916 2287 1984 2355 V,
2019 2291 2169 2360 part.

516 2405 555 2456 ι,
590 2384 699 2442 col.
728 2384 838 2440 756
866 2387 923 2440 et
953 2381 1103 2454 seq.)

589 2477 654 2531 In
688 2491 749 2531 se
779 2476 976 2531 autem
1010 2487 1277 2527 reversus
1318 2469 1466 2525 dixit
1499 2484 1511 2523 :
1561 2468 1775 2534 Quanti
1827 2467 2173 2524 mercenarii

516 2564 701 2640 patris
731 2563 845 2619 mei
878 2561 1182 2618 abundant
1210 2558 1484 2632 panibus,
1517 2561 1651 2626 etc.,
1674 2574 1846 2629 usque
1873 2558 1943 2614 ad
1976 2574 2171 2630 perce-

516 2657 729 2729 perunt
758 2650 1087 2708 mercedem
1119 2665 1310 2705 suam.
1346 2647 1586 2720 (Id.,lib.
1606 2651 1813 2718 Quaest.
1839 2649 1898 2703 in
1929 2649 2168 2721 Evang.,

516 2747 659 2800 tom.
693 2745 794 2809 III,
826 2743 975 2814 part.
1009 2755 1071 2808 ιι,
1107 2737 1215 2794 col.
1248 2737 1431 2808 1345.)

589 2831 742 2906 Quid
769 2832 919 2887 enim
960 2829 1092 2884 dum
1137 2826 1464 2891 omnimodo,
1497 2829 1632 2895 etc.,
1677 2843 1865 2899 usque
1908 2827 1977 2883 ad
2028 2830 2173 2885 mori

519 2923 756 2978 lucrum.
785 2916 935 2974 Audi
962 2915 1163 2989 quales
1194 2919 1616 2971 commemorat
1644 2916 1957 2989 Apostolus
1991 2917 2170 2976 falsos

518 3010 888 3077 fratres,ctc.,
920 3021 1091 3077 usque
1138 3005 1207 3060 ad
1235 3003 1529 3060 homicida
1556 3007 1666 3060 est.
1701 3006 1831 3078 (Id.,
1856 3014 2012 3067 tract.
2044 3008 2081 3062 5
2110 3009 2173 3063 in

518 3096 727 3167 Evang.
761 3111 865 3152 sec.
896 3096 1081 3163 Joan.,
1113 3097 1256 3149 tom.
1288 3093 1389 3159 III,
1422 3096 1570 3166 part.
1606 3111 1668 3159 ιι,
1696 3093 1805 3150 col.
1842 3096 2028 3165 1424.)

590 3186 871 3242 Videmus
902 3184 1067 3253 istos,
1082 3186 1215 3249 etc.,
1238 3198 1406 3254 usque
1434 3182 1506 3238 ad
1535 3182 2037 3255 diﬂ'ametur.(ld.,
2069 3186 2166 3241 lib.

518 3282 708 3332 contra
737 3274 925 3342 Petil.,
960 3276 1101 3328 tom.
1135 3272 1225 3342 IX,
1260 3271 1368 3327 col.
1402 3271 1551 3344 314.)

591 3329 819 3434 Quod—si
844 3329 1043 3428 vivere,
1077 3329 1224 3427 etc.,,
1244 3376 1433 3433 usque
1480 3329 1562 3417 ad
1602 3362 1993 3419 collaborantes
2040 3366 2170 3436 ﬁdei
2196 3329 2242 3399 Ο

518 3453 824 3524 Evangelii.
857 3452 1001 3507 Cum
1047 3450 1225 3506 verba
1272 3450 1511 3522 propria
1556 3450 1782 3507 faciunt
1826 3453 2167 3528 ambiguam

517 3542 1034 3617 scripturam,etc.,
1068 3555 1236 3611 usque
1263 3538 1335 3594 ad
1359 3539 1747 3595 necessariam
1780 3544 2016 3612 propter
2042 3559 2166 3612 vos,

520 3632 652 3704 (Id.,
684 3633 780 3687 lib.
815 3647 876 3686 III
908 3630 971 3685 de
998 3630 1265 3685 Doctrina
1290 3629 1632 3697 Christiana,
1665 3633 1806 3685 tom.
1841 3630 2102 3703 III,part.
2128 3649 2167 3702 ι,

520 3720 629 3777 col.
663 3722 736 3776 65
761 3723 818 3774 et
846 3722 995 3790 seq.)

591 3810 723 3865 Haec
755 3808 911 3864 enim
944 3824 1072 3881 quae
1101 3824 1258 3862 nunc
1289 3806 1946 3881 agimus,etc.,usquead
1968 3810 2173 3881 justus

520 3904 577 3956 et
608 3899 721 3954 ﬁde
749 3897 907 3952 vivit.
939 3897 1070 3969 (Id.,
1105 3897 1202 3953 lib.
1236 3896 1306 3952 ad
1334 3897 1485 3963 Jan.,
1517 3898 1661 3952 tom.
1693 3901 1765 3965 II,
1799 3896 1911 3953 col.
1950 3901 2099 3971 216.)

592 3988 775 4044 Intret
805 3990 938 4043 ante
962 3990 1337 4058 conspectum
1360 3990 1531 4041 tuum
1554 3986 1807 4059 gemitus
1821 3989 2174 4061 compedito-

520 4093 674 4145 rum,
704 4080 837 4145 etc.,
869 4092 1039 4148 usque
1080 4075 1150 4130 ad
1198 4073 1452 4147 gemitus
1503 4091 1725 4131 eorum.
1759 4076 1891 4147 (Id.,
1922 4085 2077 4155 tract.
2112 4081 2173 4135 in

515 4168 658 4242 psal.
684 4183 909 4235 Lxxvm,
940 4168 1083 4222 tom.
1116 4164 1211 4234 IV,
1247 4163 1356 4220 col.
1384 4163 1566 4236 1019.)

589 4258 812 4329 Corpus
843 4258 1113 4311 nostrum
1145 4257 1560 4309 ornamentum
1592 4254 1763 4310 nobis
1792 4255 2060 4325 fuit,etc.,
2086 4274 2174 4315 us-

515 4363 619 4420 que
648 4346 719 4401 ad
749 4345 967 4417 quibus
998 4343 1381 4399 ministraret.
1421 4343 1528 4414 ld.,
1560 4351 1716 4400 tract.
1750 4346 1810 4400 in
1836 4347 1980 4417 psal.
2009 4363 2169 4416 CXLV,

516 4441 661 4491 tom.
694 4434 789 4500 IV,
822 4437 971 4506 part.
999 4448 1064 4500 ιι,
1097 4432 1206 4488 col.
1242 4431 1423 4505 1896.)

589 4524 845 4593 Manere,
878 4521 1089 4594 inquit,
1122 4522 1181 4576 in
1216 4538 1452 4577 carnem
1485 4522 1884 4579 necessarium
1937 4529 2174 4599 propter

517 4630 640 4668 vos.
674 4609 1001 4683 Compellor
1030 4614 1246 4679 autem,
1274 4615 1410 4678 etc.,
1450 4628 1620 4684 usque
1648 4612 1720 4667 ad
1739 4613 1943 4683 justus
1967 4615 2169 4685 judex.

2288 671 2353 727 de
2383 674 2519 728 blas.
2553 672 2701 746 Spir.
2732 681 2933 740 sanct.,
2962 677 3104 729 tom.
3137 673 3205 742 V,
3239 678 3389 747 part.
3423 692 3463 744 ι,
3498 674 3606 731 col.
3643 675 3790 747 461.)

2356 764 2511 820 Nihil
2540 780 2638 837 per
2664 765 3079 831 contentionem,
3112 768 3247 833 etc.,
3280 780 3468 836 usque
3519 765 3590 820 ad
3623 765 3763 837 quod
3792 773 3845 822 et
3875 767 3941 822 in

2285 855 2497 912 Christo
2524 854 2669 911 Jesu.
2703 854 2828 909 Non
2878 852 2990 909 hoc
3040 853 3124 908 ita
3171 853 3454 911 debemus
3483 854 3835 924 existimare,
3873 860 3944 912 ut

2287 961 2402 999 non
2436 943 3002 1012 existimemus,etc.,
3026 959 3194 1016 usque
3220 944 3291 1000 ad
3321 961 3499 1000 onera
3521 949 3724 1002 nostra
3742 949 3942 1019 porte-

2286 1050 2439 1089 mus.
2475 1033 2605 1106 (Id.,
2639 1034 2734 1089 lib.
2767 1033 2992 1102 Qua»,
3022 1037 3166 1089 tom.
3198 1034 3293 1102 VI,
3329 1033 3437 1090 col.
3469 1036 3532 1090 81
3568 1038 3625 1091 et
3653 1036 3799 1109 seq.)

2357 1125 2471 1197 Qui
2497 1140 2622 1179 cum
2648 1125 2711 1178 in
2737 1126 2919 1195 forma
2947 1124 3400 1196 Dei,etc.,usque
3431 1125 3503 1180 ad
3530 1128 3769 1195 formam
3790 1130 3943 1183 servi

2284 1215 2576 1285 accipiens.
2609 1212 2755 1268 Hinc
2786 1228 2924 1286 ergo
2972 1212 3165 1286 magis
3214 1213 3551 1284 quaerebant
3578 1231 3714 1271 eum
3744 1215 3939 1272 Judaei

2284 1302 2629 1371 interﬁcere,
2665 1306 2799 1369 etc.,
2825 1318 2998 1374 usque
3024 1302 3094 1357 ad
3125 1302 3372 1357 formam
3418 1303 3567 1358 servi
3617 1304 3935 1377 accipiens.

2282 1393 2417 1463 (Id.,
2451 1399 2608 1448 tract.
2640 1395 2676 1446 7
2708 1394 2768 1447 in
2794 1393 3001 1462 Evang.
3031 1408 3135 1448 sec.
3166 1393 3450 1459 Joannem,
3483 1396 3627 1449 tom.
3655 1395 3754 1461 III,
3779 1402 3934 1466 part.

2284 1499 2345 1549 ιι,
2375 1481 2483 1538 col.
2522 1481 2703 1554 1535.)
3643 1478 3653 1485 ’

2352 1572 2478 1627 Non
2526 1587 2662 1644 ergo
2711 1569 3031 1627 exinanivit
3073 1571 3349 1628 amittens
3396 1560 3559 1645 quod.
3607 1580 3748 1646 erat,
3796 1582 3932 1647 etc.,

2280 1677 2451 1734 usque
2479 1660 2549 1716 ad
2578 1659 2847 1716 Christus
2878 1659 3107 1717 occisus
3134 1665 3242 1719 est.
3278 1662 3409 1734 (Id.,
3442 1670 3596 1721 tract.
3631 1667 3692 1721 in
3724 1669 3933 1741 Evang.

2279 1749 2577 1807 secundum
2605 1752 2888 1818 Joannem,
2919 1754 3064 1805 tom.
3107 1749 3202 1817 III,
3234 1755 3385 1823 part.
3420 1769 3481 1821 ιι,
3532 1753 3641 1810 col.
3691 1756 3830 1813 1836
3878 1761 3940 1814 et

2282 1840 2429 1912 seq.)

2352 1929 2623 1985 Christus
2654 1929 2756 1985 Dei
2784 1928 2968 1986 Filius
2997 1932 3088 1985 est
3118 1934 3177 1985 et
3206 1930 3361 1988 Deus
3387 1931 3582 2000 homo,
3603 1937 3735 2002 etc.,
3764 1952 3938 2010 usque

2281 2018 2351 2074 ad
2378 2018 2664 2074 Dominus
2695 2021 2893 2075 noster
2922 2018 3092 2074 Jesus
3122 2018 3934 2097 Christus.(Id.,lib.Enchir.,

2282 2110 2423 2163 tom.
2456 2107 2552 2173 VI,
2586 2106 2692 2163 col.
2725 2107 2834 2163 249
2863 2110 2921 2163 et
2949 2108 3099 2181 seq.)

2351 2196 2498 2252 Nam
2530 2195 2580 2251 si
2608 2195 3031 2269 temporalibus
3065 2202 3122 2252 et
3137 2197 3517 2270 passibilibus
3529 2201 3684 2258 Deus
3704 2203 3935 2273 tribuit,

2281 2290 2416 2353 etc.,
2447 2302 2617 2358 usque
2641 2286 2711 2341 ad
2749 2287 2905 2343 Deus
2934 2286 3221 2344 Christus.
3255 2288 3384 2361 (Id.,
3417 2290 3575 2362 epist.
3622 2292 3692 2348 ad
3735 2297 3937 2351 Maxi-

2279 2377 2441 2441 min.,
2475 2375 2774 2442 tom.VIlI,
2803 2375 2911 2431 col.
2941 2378 3051 2432 797
3081 2381 3139 2432 et
3168 2378 3316 2450 seq.)

2352 2464 2506 2521 Deus
2555 2481 2732 2537 quem
2780 2465 3002 2538 genuit,
3036 2470 3168 2535 etc.,
3200 2482 3374 2539 usque
3416 2470 3486 2525 ad
3517 2470 3788 2529 inﬁmus
3818 2477 3933 2530 est.

2280 2556 2363 2626 (S.
2397 2555 2667 2628 August.,
2702 2554 2800 2610 lib.
2833 2555 3035 2623 Quaest.
3068 2556 3157 2624 83,
3193 2560 3336 2613 tom.
3369 2557 3466 2625 VI,
3498 2559 3607 2615 col.
3639 2562 3753 2633 31.)

2352 2644 2411 2700 Si
2443 2643 2634 2716 potuit
2662 2648 2721 2699 et
2744 2643 2953 2712 noluit,
2985 2644 3220 2701 invidus
3251 2649 3361 2702 est.
3409 2649 3488 2703 Ex
3538 2666 3655 2722 quo
3696 2652 3938 2708 conﬁci-

2278 2736 2398 2802 tur,
2428 2736 2749 2806 etc.,usque
2771 2733 2843 2788 ad
2872 2749 2988 2789 non
3019 2735 3423 2805 degenerando
3449 2737 3522 2793 ab
3553 2738 3937 2812 mquali.(ld.,

2280 2831 2437 2880 tract.
2472 2825 2533 2879 in
2575 2824 2717 2895 psal.
2752 2839 2939 2890 Lxxw,
2973 2828 3118 2879 tom.
3172 2828 3270 2890 IV,
3306 2829 3457 2898 part.
3491 2842 3529 2895 ι,
3580 2828 3692 2884 col.
3724 2829 3832 2884 949
3880 2836 3945 2888 et

2281 2915 2430 2986 seq.)

2350 3003 2459 3068 Qui
2490 2998 2629 3059 cum
2655 3002 2714 3058 in
2750 3003 2938 3059 forma
2966 3003 3066 3059 Dei
3099 3007 3423 3073 esset,etc.,
3456 3021 3628 3080 usque
3655 3006 3726 3063 ad
3752 3024 3786 3064 a
3814 3025 3940 3082 quo

2279 3092 2515 3167 genitus
2544 3096 2652 3149 est.
2682 3092 2815 3165 (Id.,
2837 3100 2995 3149 tract.
3022 3095 3079 3149 in
3107 3094 3249 3166 psal.
3274 3110 3462 3164 cxxvx,
3487 3099 3631 3153 tom.
3658 3097 3751 3169 IV,
3776 3103 3936 3170 part.

2279 3201 2342 3251 ιι,
2373 3182 2482 3239 col.
2518 3182 2702 3255 1671.)
3908 3170 3917 3176 ’

2351 3272 2422 3328 Et
2446 3271 2700 3328 haeretici
2733 3271 2974 3345 quidem
3005 3273 3211 3329 dicunt
3241 3274 3529 3331 minorem
3552 3275 3764 3332 Filium
3796 3290 3935 3336 esse

2279 3379 2458 3435 quam
2488 3362 2654 3418 Pater
2684 3364 2794 3431 est,
2824 3365 2958 3428 etc.,
2989 3378 3159 3436 usque
3203 3364 3275 3419 ad
3314 3380 3445 3421 esse
3474 3370 3761 3422 creatura.
3791 3367 3928 3440 (Id.,

2283 3451 2382 3508 lib.
2413 3452 2478 3508 de
2512 3453 2685 3519 Trin.,
2717 3454 2860 3507 tom.
2890 3450 3040 3521 VIII,
3075 3451 3184 3508 col.
3217 3452 3324 3508 829
3354 3457 3412 3510 et
3439 3457 3591 3527 seq)

2350 3542 2521 3598 Pater
2549 3557 2685 3614 ergo
2716 3544 2773 3596 et
2802 3539 2984 3597 Filius
3014 3558 3201 3597 unum
3231 3546 3391 3609 sunt,
3423 3547 3733 3618 etc.,usque
3752 3546 3823 3602 ad
3853 3547 3934 3604 de

2279 3630 2612 3687 substantia
2631 3631 2762 3702 ejus
2794 3629 3088 3687 dicuntur.
3119 3632 3253 3701 (Id.,
3274 3633 3371 3687 lib.
3403 3633 3469 3690 de
3503 3634 3676 3703 Trin.,
3702 3638 3742 3690 t.
3778 3635 3932 3708 VIII,

2280 3719 2391 3777 col.
2423 3720 2529 3775 926
2554 3723 2613 3776 et
2641 3723 2788 3792 seq.)
3655 3790 3663 3799 _

2351 3808 2598 3866 Cuinam
2629 3809 2786 3865 enim
2817 3809 3024 3882 rapina
3053 3814 3176 3867 erat
3204 3827 3332 3868 esse
3362 3812 3607 3884 aequalis
3636 3813 3774 3883 Deo,
3793 3816 3935 3885 etc.,

2278 3915 2448 3972 usque
2476 3899 2546 3955 ad
2582 3916 2688 3954 nos
2716 3898 2925 3955 divites
2955 3898 3111 3955 facit.
3146 3900 3278 3969 (Id.,
3314 3901 3488 3958 lib.ea:
3521 3904 3670 3959 Verb.
3703 3906 3933 3977 apostol.

2279 3991 2424 4045 tom.
2456 3988 2524 4055 V,
2560 3991 2708 4060 part.
2742 4005 2782 4057 1,
2815 3986 2925 4044 col.
2964 3989 3099 4045 1213
3129 3992 3185 4045 et
3213 3989 3360 4063 seq.)

2352 4083 2414 4132 In
2449 4076 2732 4149 principio
2762 4080 2887 4133 erat
2913 4077 3267 4133 Verbum.Et
3296 4079 3425 4136 ideo
3452 4079 3511 4135 in
3535 4081 3822 4156 principio
3853 4083 3937 4140 fe-

2282 4167 2361 4223 cit
2389 4167 2546 4223 Deus
2576 4166 2787 4222 ccelum
2820 4170 2876 4222 et
2903 4170 3141 4235 terram,
3171 4171 3307 4235 etc.,
3340 4186 3510 4243 usque
3557 4172 3629 4226 ad
3667 4171 3726 4227 in
3760 4189 3938 4230 carne

2278 4257 2528 4312 venisse.
2563 4257 2694 4327 (Id.,
2722 4273 2884 4313 serm.
2927 4257 2991 4313 de
3038 4257 3211 4329 ejusd.
3245 4263 3415 4332 'apost.
3449 4261 3648 4328 verbis,
3683 4265 3826 4318 to‘m.
3860 4266 3932 4331 V,

2282 4349 2432 4418 part.
2469 4364 2509 4416 ι,
2543 4345 2653 4402 col.
2685 4346 2838 4415 990.)

2352 4435 2494 4492 Vide
2527 4439 2785 4508 quantus
2834 4436 3024 4492 factus
3055 4436 3132 4492 sit
3161 4437 3450 4511 tantillus,
3483 4442 3618 4509 etc.,
3646 4457 3818 4513 usque
3862 4442 3939 4499 ad

2283 4524 2470 4581 factus
2503 4528 2593 4581 est
2636 4525 2832 4580 homo.
2868 4525 2998 4598 (Id.,
3029 4543 3192 4582 serm.
3225 4528 3288 4582 in
3336 4536 3449 4584 nat.
3482 4531 3660 4585 sancti
3698 4533 3938 4588 Joannis

2281 4617 2566 4687 Baptistae,
2596 4618 2740 4671 tom.
2773 4618 2842 4684 V,
2875 4618 3027 4687 part.
3062 4633 3099 4682 ι,
3132 4616 3240 4671 col.
3276 4618 3458 4689 1321.)

520 4702 650 4775 (Id.,
677 4709 834 4756 tract.
870 4702 929 4756 in
958 4701 1094 4772 psal.
1127 4717 1286 4767 xcm,
1320 4704 1463 4756 tom.
1499 4700 1592 4767 IV,
1626 4705 1776 4773 part.
1809 4718 1871 4767 II,
1905 4703 2171 4759 001.1207
2202 4704 2246 4770 D
2346 4704 2520 4760 Venit
2566 4702 2780 4777 aliquis
2830 4709 2884 4761 et
2932 4705 3155 4778 accepit
3201 4704 3445 4777 aliquid,
3501 4712 3634 4777 etc.,
3666 4726 3836 4782 usque
3863 4711 3938 4768 ad

518 4794 575 4847 et
605 4790 752 4863 seq.)

587 4884 652 4938 Et
682 4884 743 4938 in
766 4882 922 4938 nullo
953 4882 1257 4948 terremini,
1292 4885 1423 4949 etc.,
1470 4897 1656 4953 usque
1707 4881 1779 4936 ad
1827 4882 2061 4939 audistis
2107 4884 2172 4941 de

516 4987 621 5029 me.
654 4970 853 5040 Vobis,
886 4971 1101 5043 inquit,
1136 4969 1419 5027 donatum
1473 4973 1563 5026 est
1601 4986 1706 5043 pro
1749 4969 1996 5040 Christo,
2031 4976 2167 5046 etc.,

516 5077 687 5133 usque
709 5061 777 5116 ad
808 5059 957 5115 dixit
986 5076 1114 5115 esse
1146 5060 1450 5115 donatum.
1486 5059 1794 5129 (Id.,lib.de
1825 5060 2044 5118 Grut.“
2071 5062 2166 5118 lib.

516 5151 734 5216 arbitr.,
769 5153 911 5204 tom.
945 5148 1011 5216 Χ,
1045 5150 1195 5221 part.
1232 5166 1270 5216 ι,
1306 5148 1416 5205 col.
1448 5149 1598 5219 897.)

587 5238 766 5295 Vobis
799 5239 1081 5294 donatum
1113 5241 1201 5295 est
1231 5255 1334 5310 pro
1367 5236 1597 5293 Christo
1619 5254 1735 5292 non
1754 5237 1946 5294 solum
1970 5244 2033 5295 ut
2052 5256 2170 5297 cre-

516 5328 670 5385 datis
700 5327 761 5382 in
791 5344 948 5399 eum,
981 5331 1117 5394 etc.,
1159 5344 1329 5400 usque
1377 5326 1449 5382 ad
1497 5331 1561 5382 ut
1600 5330 1897 5399 pateretur
1944 5346 2046 5401 pro
2079 5347 2165 5386 eo.

517 5418 646 5487 (Id.,
697 5418 795 5473 lib.
846 5417 911 5473 de
960 5417 1141 5475 Prwd.
1190 5424 1382 5485 sanet,
1435 5421 1577 5472 tom.
1628 5416 1693 5484 X,
1749 5421 1899 5489 part.
1960 5436 1999 5487 ι,
2056 5419 2165 5475 col.

515 5507 665 5576 962.)

1173 5596 1406 5653 CAPUT
1446 5596 1515 5652 11.
1982 5660 2001 5671 ,

587 5686 651 5741 Si
680 5702 787 5759 qua
816 5702 940 5758 ergo
964 5686 1615 5759 consolatio,etc.,usque
1645 5685 1717 5741 ad
1749 5684 1808 5740 id
1838 5688 2016 5758 ipsum
2039 5705 2169 5745 sen-

519 5775 731 5832 tientes.
767 5777 831 5831 In
860 5775 971 5832 hoc
1011 5776 1442 5850 cognoscimus,
1476 5776 1631 5833 sicut
1677 5774 1819 5831 dicit
1867 5778 2167 5850 apostolus

2278 4794 2439 4867 quod
2468 4793 2742 4850 ostendit.
2764 4793 2898 4864 (Id.,
2927 4811 2998 4851 ea:
3025 4810 3187 4851 serm.
3212 4794 3276 4851 de
3306 4796 3480 4852 Paulo
3508 4799 3764 4871 apostolo,
3786 4802 3934 4855 tom.

2278 4887 2350 4951 V,
2382 4886 2531 4955 part.
2568 4900 2607 4951 ι,
2640 4882 2747 4939 col.
2783 4884 2922 4939 1279
2951 4888 3007 4940 et
3037 4887 3185 4957 seq.)

2350 4973 2500 5029 Dicit
2528 4973 2803 5029 Joannes.
2839 4973 3096 5029 Verbum
3128 4991 3262 5031 caro
3293 4974 3513 5031 factum
3547 4980 3655 5046 est,
3689 4982 3748 5034 et
3773 4977 3938 5034 habi-

2278 5062 2421 5118 tavit
2450 5062 2508 5118 in
2542 5062 2731 5119 nobis.
2754 5062 2967 5119 Audite
2988 5064 3116 5135 jam
3149 5069 3467 5137 utrumque
3496 5065 3557 5121 in
3581 5065 3682 5123 illo
3701 5066 3937 5124 notissi-

2279 5169 2375 5208 mo
2406 5151 2685 5226 capitulo,
2705 5158 2839 5221 etc.,
2863 5169 3033 5225 usque
3061 5153 3132 5209 ad
3153 5154 3401 5211 formam
3433 5156 3582 5212 servi
3612 5157 3929 5230 accipiens.

2280 5242 2408 5314 (Id.,
2439 5260 2509 5298 ea:
2550 5258 2795 5299 sermone
2836 5241 2902 5299 de
2946 5244 3123 5299 tribus
3165 5244 3361 5313 modis,
3406 5249 3547 5302 tom.
3581 5245 3650 5315 V,
3684 5250 3834 5319 part.
3869 5264 3930 5317 η,

2279 5330 2387 5387 col.
2419 5331 2600 5404 1095.)

2352 5421 2481 5494 Ipse
2513 5424 2601 5477 est
2630 5421 2899 5477 Christus
2931 5424 2988 5477 et
3016 5422 3200 5478 factor
3227 5427 3286 5479 et
3332 5424 3541 5481 factus.
3572 5424 3718 5481 Vide
3750 5425 3946 5483 facto-.

2279 5527 2423 5566 rem.
2459 5516 2525 5565 In
2574 5510 2860 5591 principio
2911 5515 3035 5568 erat
3079 5511 3361 5582 Verbum,
3402 5517 3460 5569 et
3504 5514 3762 5570 Verbum
3808 5520 3934 5572 erat

2278 5600 2432 5673 apud
2490 5599 2697 5671 Deum,
2747 5605 2879 5671 etc.,
2926 5617 3097 5674 usque
3144 5602 3214 5658 ad
3272 5603 3406 5676 quis
3454 5604 3765 5661 enarrabit.
3822 5605 3932 5678 Id.,

2275 5707 2437 5746 serm.
2470 5691 2536 5747 de
2561 5693 2740 5747 verbis
2772 5693 3077 5765 Evangelii,
3110 5696 3254 5750 tom.
3288 5693 3357 5760 V,
3390 5697 3540 5767 part.
3577 5713 3613 5763 ι,
3648 5692 3758 5751 col.
3797 5693 3938 5751 1149

2278 5784 2335 5837 et
2360 5784 2510 5853 seq.)
3204 5800 3207 5803 ·
