4114 6448
176 393 301 463 885

990 391 1405 461 EXPOSITIO
1447 396 1526 461 IN
1572 394 1742 462 EPP.
1784 396 2137 464 PAULI’.-—
2165 397 2285 465 ΕΡ.
2318 402 2423 464 ΑΒ
2470 399 2810 465 PHILIPP.

3494 408 3615 469 386

248 530 582 601 Assumpta
611 531 807 585 autem
842 546 1019 587 carne
1038 546 1157 602 qua
1178 530 1368 588 factus
1388 535 1478 589 est
1502 532 1680 590 homo
1700 532 1854 588 sicut
1879 534 1936 603 Α
2034 534 2189 589 Deus
2236 538 2326 591 est
2354 535 2512 591 enim
2544 536 2647 609 qui
2678 539 2952 609 operatur
2982 536 3042 593 in
3084 538 3248 595 vobis
3295 542 3352 595 et
3389 538 3532 595 velle
3564 544 3621 597 et

178 617 473 697 aequalem
505 633 568 674 se
598 618 777 686 novit,
807 622 942 687 etc.,
992 635 1165 692 usque
1211 620 1282 676 ad
1326 622 1514 693 major
1540 627 1630 678 est
1662 623 1849 678 Pater.

178 707 315 780 (Id.,
349 708 451 763 lib.
483 724 502 762 1
532 715 705 764 contr.
734 707 1123 777 Maximinum,
1154 712 1297 765 tom.
1330 710 1479 779 VlII,
1523 709 1632 767 col.
1663 712 1814 783 747.)

250 795 313 852 Si
344 796 511 852 enim
543 796 839 853 conﬁteris
871 798 973 854 Dei
997 798 1408 867 formam,etc.,
1431 817 1601 871 usque
1628 799 1700 856 ad
1723 817 1851 856 esse

179 902 298 941 non
330 884 528 958 potuit
575 885 904 958 inaequalis.
941 887 1072 961 (Id.,
1106 887 1268 955 ibid.,
1300 887 1410 944 col.
1443 873 1550 945 747
1580 893 1639 945 et
1665 892 1817 961 seq.)

252 974 555 1043 Quoniam
586 991 722 1031 cum
752 974 812 1031 in
836 977 1023 1033 forma
1056 976 1152 1033 Dei
1182 982 1358 1043 esset,
1391 994 1508 1032 non
1560 978 1851 1050 rapinam,

182 1069 320 1133 etc.,
356 1080 529 1137 usque
577 1064 648 1119 ad
704 1065 945 1122 omnino
989 1066 1328 1139 procedere.
1381 1067 1519 1138 (Id.,
1575 1083 1739 1123 serm.
1791 1068 1856 1123 de

179 1154 575 1227 disceptatione
622 1162 812 1211 contra
857 1156 1227 1228 Pascentium,
1279 1159 1421 1212 tom.
1455 1160 1528 1225 ΙΙ,
1573 1157 1681 1213 col.
1718 1158 1857 1214 1042

180 1247 237 1299 et
266 1259 403 1315 seq.

251 1332 529 1399 Quicum
559 1332 620 1388 in
653 1332 841 1389 forma
868 1333 968 1389 Dei
1001 1336 1177 1402 esset,
1211 1337 1344 1402 etc.,
1377 1351 1549 1406 usque
1575 1335 1646 1391 ad
1672 1339 1857 1392 muta-

180 1425 309 1478 tam
344 1420 732 1478 divinitatem.
770 1422 903 1493 (Id.,
935 1422 1106 1480 lib.de
1135 1422 1326 1479 Gratia
1349 1423 1486 1480 Novi
1507 1426 1849 1493 Testamenti,

180 1516 334 1568 tom.
372 1511 445 1579 ll,
476 1509 587 1567 col.
618 1512 770 1585 543.)

253 1601 319 1657 1η
352 1600 798 1668 similitudinem,
831 1605 967 1669 etc.,
1000 1618 1188 1675 usque
1222 1602 1294 1657 ad
1324 1610 1386 1658 ut
1415 1602 1857 1658 homo.Habitus

189 1691 255 1747 in
289 1708 363 1746 ea
395 1706 455 1746 re
481 1689 698 1745 dicitur
727 1707 855 1763 quae
884 1691 1055 1747 nobis
1088 1696 1154 1748 ut
1182 1691 1468 1747 habeatur
1488 1691 1854 1762 accidit,etc.,

184 1796 371 1852 usque
419 1779 491 1834 ad
531 1778 820 1835 diceretur
850 1778 950 1835 illa
980 1780 1296 1854 susceptio.
1332 1780 1465 1852 (Id.,
1497 1781 1594 1836 lib.
1630 1781 1855 1849 Ωιιωδιη

186 1874 344 1926 tom.
376 1868 477 1935 Vl,
509 1866 619 1924 col.
651 1869 723 1924 84
752 1871 810 1924 et
839 1872 992 1941 seq.)

257 1958 610 2026 Humiliavit,
640 1961 772 2026 etc.,
805 1950 997 2029 usque
1053 1959 1124 2013 ad
1173 1967 1401 2015 mortem
1438 1967 1624 2016 autem
1651 1960 1853 2015 crucis.

180 2046 439 2115 Discite,
472 2046 684 2119 inquit,
718 2064 753 2102 a
783 2046 1048 2103 me.Cum
1081 2064 1271 2104 essem
1303 2048 1361 2103 in
1394 2048 1682 2121 principio
1704 2049 1857 2105 Deus

181 2137 350 2210 apud
382 2135 786 2205 Deum,creavi
814 2140 1079 2208 vos,etc.,
1111 2153 1282 2209 usque
1303 2136 1375 2192 ad
1394 2142 1451 2193 et
1470 2154 1574 2211 ego
1599 2137 1855 2193 reﬁciam

181 2244 314 2284 vos.
349 2224 481 2298 (Id.,
511 2241 674 2281 serm.
705 2241 783 2280 x11
814 2224 879 2281 de
929 2225 1109 2283 Verbis
1155 2227 1546 2298 apostolorum,
1597 2231 1741 2281 tom.
1786 2226 1855 2293 V,

182 2319 348 2388 part.
383 2332 424 2381 1,
458 2313 570 2370 col.
604 2315 752 2378 898.)
1484 2359 1488 2362 .

262 2402 611 2475 Intelligens
660 2420 797 2476 ergo
828 2403 998 2459 Pater
1027 2403 1393 2471 effusionem,
1426 2407 1560 2471 etc.,
1589 2420 1762 2476 usque
1789 2403 1860 2459 ad

186 2494 250 2549 in
284 2493 569 2549 cordibus
603 2492 819 2548 nostris
849 2492 1216 2548 charitatem.
1250 2494 1566 2564 (Id.,serm.
1602 2495 1662 2549 in
1683 2494 1862 2549 natali

186 2585 379 2640 sancti
407 2583 713 2649 Laurentii,
749 2585 891 2638 tom.
924 2582 995 2650 V,
1030 2588 1180 2655 part.
1216 2601 1252 2651 1,
1287 2582 1395 2638 col.
1431 2583 1609 2648 1396.)

264 2675 507 2729 Creator
559 2670 818 2727 hominis
867 2671 1043 2727 homo
1091 2689 1219 2728 esse
1267 2673 1544 2746 dignatus
1584 2676 1692 2740 est,
1724 2675 1858 2739 etc.,

186 2778 372 2836 usque
402 2760 473 2817 ad
505 2760 554 2817 si
608 2761 1070 2833 cruciﬁgeretur.
1103 2762 1235 2834 (Id.,
1269 2770 1429 2818 tract.
1461 2764 1532 2817 36
1564 2763 1624 2817 in
1652 2762 1858 2830 Evang.

187 2850 501 2910 secundum
546 2850 828 2919 Joannem,
884 2852 1029 2905 tom.
1074 2854 1174 2918 III,
1208 2855 1359 2922 part.
1394 2868 1453 2920 11,
1490 2851 1600 2907 col.
1637 2851 1775 2906 1664
1805 2854 1863 2905 et

193 2941 354 3014 seq.)

266 3037 503 3103 Propter
528 3028 671 3104 quod
698 3036 751 3085 et
796 3030 958 3098 Deus,
986 3031 1121 3099 etc.,
1153 3045 1343 3101 usque
1384 3029 1454 3085 ad
1489 3030 1552 3084 in
1579 3028 1761 3100 gloria
1787 3037 1868 3085 est

186 3122 297 3178 Dei
327 3121 533 3176 Patris.
568 3119 631 3174 In
667 3118 941 3191 passione
971 3117 1160 3190 magis
1193 3119 1321 3189 ejus
1350 3117 1653 3174 humilitas
1685 3135 1863 3191 quam

188 3208 437 3268 claritas
457 3209 931 3275 commendatur,
961 3211 1096 3276 etc.,
1128 3223 1301 3279 usque
1319 3207 1390 3262 ad
1416 3207 1543 3263 sine
1573 3208 1687 3263 ﬁne
1718 3224 1866 3264 sem-

1961 623 2190 696 operari
2215 641 2320 696 pro
2352 624 2504 680 bona
2530 624 2852 694 voluntate,
2883 630 3015 695 etc.,
3040 644 3209 698 usque
3237 628 3306 684 ad
3326 629 3498 687 detur
3528 633 3614 684 to-

1960 714 2087 767 tum
2119 712 2255 768 Deo.
2290 713 2421 783 (Id.,
2458 715 2560 771 lib.
2591 714 2657 770 de
2686 720 2835 772 Bono
2856 718 3098 786 Perseu,
3130 720 3273 774 tom.
3306 717 3371 784 Χ,
3396 722 3616 792 part.n,

1961 800 2070 856 col.
2109 802 2291 875 1013.)
2632 870 2635 871 ί

2032 890 2340 962 Proprium
2391 891 2606 965 quippe
2637 893 2973 962 arbitrium,
3004 899 3139 961 etc.,
3173 912 3344 968 usque
3391 897 3471 953 ad
3502 914 3621 955 ma-

1962 977 2331 1052 gnitudinem
2362 981 2754 1038 continentiae.
2791 982 3096 1055 (Id.,epist.
3129 984 3200 1041 ad
3227 986 3364 1055 Jul.,
3397 990 3540 1043 tom.
3575 986 3624 1042 II

1964 1066 2073 1123 col.
2107 1069 2208 1122 851
2234 1072 2291 1123 et
2319 1060 2470 1142 seq.)

2036 1158 2336 1223 Quomodo
2368 1158 2512 1214 dicis
2536 1161 2693 1232 quod
2717 1161 2891 1217 audio
2915 1161 3105 1218 dicere
3135 1179 3148 1218 :
3169 1167 3235 1218 ut
3257 1167 3410 1221 recte
3432 1165 3628 1221 creda-

1968 1262 2104 1302 mus
2133 1245 2191 1302 in
2222 1246 2430 1314 Deum,
2463 1252 2597 1315 etc.,
2630 1266 2799 1322 usque
2828 1251 2898 1306 ad
2938 1251 3094 1306 viam
3124 1253 3254 1323 ejus
3281 1251 3454 1309 volet.
3491 1251 3621 1321 (Id.,

1967 1335 2063 1391 lib.
2095 1335 2161 1390 de
2195 1339 2345 1392 Bono
2375 1342 2620 1403 Persem,
2654 1342 2797 1394 tom.
2829 1339 2895 1408 Χ,
2947 1343 3097 1412 part.
3144 1356 3206 1407 11,
3254 1338 3364 1396 col.
3401 1340 3540 1396 10l2
3568 1345 3626 1396 et

1966 1424 2120 1496 seq.)

2041 1511 2238 1569 Omnia
2265 1521 2449 1570 autem
2473 1517 2664 1587 facile,
2695 1520 2829 1583 etc.,
2863 1533 3049 1589 usque
3090 1518 3161 1573 ad
3191 1526 3242 1575 et
3274 1519 3622 1590 congratula-

1964 1604 2110 1657 mini
2131 1604 2289 1659 mihi.
2327 1602 2665 1660 Similitudo
2714 1605 2785 1661 de
2831 1604 3225 1662 luminaribus
3267 1606 3404 1662 data
3432 1611 3521 1663 est
3550 1607 3622 1663 ad

1968 1695 2223 1761 sanctos,
2259 1696 2483 1763 ut,etc.,
2533 1710 2706 1767 usque
2752 1694 2824 1750 ad
2856 1711 2958 1767 per
2999 1696 3251 1768 ﬁguram
3280 1694 3428 1752 liber
3454 1695 3621 1768 legis.

1971 1780 2102 1852 (Id.,
2135 1789 2291 1838 tract.
2324 1783 2385 1837 in
2404 1783 2551 1855 psal.
2585 1800 2742 1851 11cm,
2775 1787 2919 1841 tom.
2954 1783 3046 1853 ιν,
3080 1776 3230 1858 part.
3264 1802 3327 1854 11,
3356 1783 3466 1841 col.
3488 1784 3625 1840 1193

1968 1872 2026 1926 et
2054 1870 2202 1943 seq.)

2036 1958 2143 2024 Qui
2175 1964 2447 2016 numerat
2478 1961 2922 2017 multitudinem
2946 1961 3272 2030 stellarum,
3297 1968 3432 2029 etc.,
3451 1979 3625 2036 usque
3698 1998 3703 2001 ν

1966 2049 2051 2104 ad
2073 2048 2200 2119 jam
2256 2053 2526 2105 numerat
2573 2050 2749 2106 Deus.
2784 2051 2915 2123 (Id.,
2949 2058 3104 2106 tract.
3137 2053 3197 2106 in
3242 2052 3387 2124 psal.
3438 2068 3620 2120 CXLVI,

1964 2140 2107 2192 tom.
2136 2137 2229 2207 IV,
2262 2141 2411 2209 part.
2446 2155 2508 2204 11,
2537 2138 2644 2194 col.
2681 2140 2863 2211 1904.)

2038 2226 2201 2280 Sicut
2231 2225 2431 2282 stellas
2462 2226 2591 2282 cmli
2623 2245 2737 2283 non
2770 2228 3093 2301 exstinguit
3126 2246 3258 2297 nox,
3289 2233 3423 2299 etc.,
3452 2246 3624 2303 usque

1967 2316 2052 2371 ad
2081 2314 2383 2370 mundana
2402 2315 2704 2388 iniquitas.
2742 2317 2873 2389 (Id.,
2906 2318 3003 2372 lib.
3036 2318 3183 2374 Sent.
3221 2323 3437 2390 Prosp.,
3473 2322 3616 2383 tom,

1966 2404 2032 2472 Χ,
2068 2408 2219 2476 part.
2252 2419 2314 2472 11,
2348 2404 2455 2460 col.
2492 2404 2675 2477 1869.)

2038 2493 2203 2565 Spero
2258 2500 2443 2549 autem
2498 2495 2561 2548 in
2615 2496 2871 2563 Domino,
2934 2499 3069 2564 etc.,
3129 2512 3315 2568 usque
3372 2496 3442 2552 ad
3490 2512 3621 2566 erga

1966 2598 2151 2638 meum
2195 2583 2531 2655 obsequium.
2566 2583 2722 2639 Inter
2775 2583 3166 2640 mercenarios
3214 2588 3415 2657 pastor
3459 2585 3622 2658 inge-

1970 2671 2139 2740 muit,
2173 2674 2308 2737 etc.,
2340 2688 2514 2744 usque
2546 2672 2632 2728 ad
2662 2672 2814 2728 inter
2861 2674 3253 2730 mercenarios
3303 2690 3624 2730 remanere.

1969 2761 2101 2831 (Id.,
2134 2769 2292 2816 tract.
2340 2763 2401 2816 in
2446 2762 2654 2831 Evang.
2685 2778 2789 2818 sec.
2839 2764 3030 2832 Jama,
3064 2767 3207 2819 tom.
3250 2763 3347 2831 ΙΙΙ,
3382 2767 3529 2836 part.
3565 2780 3624 2831 ιι,

1970 2848 2080 2906 col.
2116 2849 2296 2922 1739.)

2612 2939 2844 2996 CAPUT
2885 2940 2982 2996 III.

2044 3033 2121 3084 De
2149 3036 2361 3095 caetero,
2389 3030 2608 3100 fratres,
2642 3034 2778 3097 etc.,
2810 3046 2998 3101 usque
3029 3029 3284 3097 advobis
3315 3037 3500 3085 autem
3527 3045 3624 3086 ne-

1971 3118 2288 3172 cessarium.
2322 3116 2549 3172 Dixisse
2598 3115 2837 3188 quidem
2892 3116 3239 3189 Apostolum
3290 3115 3515 3172 scimus
3555 3116 3629 3172 ad

1972 3204 2377 3278 Philippenses
2410 3222 2423 3260 :
2451 3205 2685 3275 Eadem,
2736 3209 2869 3275 etc.,
2920 3221 3096 3278 usque
3143 3207 3230 3262 ad.
3259 3205 3406 3260 mihi
3456 3204 3628 3261 mole-

188 3317 305 3373 per
334 3301 428 3354 est
454 3296 713 3354 claritas.
748 3297 880 3369 (Id.,
912 3305 1075 3353 tract.
1110 3297 1212 3351 104
1243 3298 1305 3352 in
1325 3297 1531 3366 Evang.
1563 3312 1669 3353 sec.
1689 3299 1858 3353 Joan-
1888 3281 1935 3349 C
1975 3298 2103 3350 stus
2134 3294 2230 3350 sit.
2256 3294 2337 3366 (S.
2367 3295 2515 3366 Aug.
2560 3294 2635 3350 lib
2665 3293 2730 3350 de
2763 3294 2939 3350 Praad.
2972 3302 3170 3362 sanct.,
3203 3297 3345 3352 tom.
3376 3294 3442 3362 X,
3478 3298 3625 3367 part.

189 3390 502 3457 nem,tom.
534 3385 633 3455 III,
666 3389 817 3458 part.
850 3402 911 3453 ιι,
943 3385 1053 3441 col.
1088 3386 1273 3458 1903.)

270 3477 518 3549 Propter
548 3475 705 3548 quod
737 3475 892 3531 Deus
923 3491 1059 3531 eum
1100 3474 1397 3541 exultavit,
1428 3477 1563 3543 etc.,
1595 3491 1768 3548 usque
1796 3474 1867 3530 ad

190 3565 386 3624 Filius
426 3564 770 3638 unigenitus
818 3563 942 3620 Dei.
994 3564 1126 3633 (Id.,
1174 3565 1272 3620 lib.
1320 3572 1494 3621 contr.
1549 3565 1860 3632 Maximin.,

187 3662 346 3713 tom.
380 3654 527 3723 VIII,
564 3653 673 3710 col.
706 3653 861 3723 759.)

274 3744 560 3801 Novimus
582 3743 884 3800 Christum
903 3744 1105 3800 sedere
1116 3744 1190 3800 ad
1203 3745 1502 3801 dexteram
1524 3744 1710 3801 Patris
1733 3747 1866 3816 post

190 3834 697 3894 resurrectionem
728 3850 763 3889 a
794 3832 1065 3900 mortuis,
1097 3838 1230 3901 etc.,
1252 3851 1424 3907 usque
1443 3835 1513 3890 ad
1544 3833 1863 3890 scabellum

193 3926 424 4001 pedum
454 3927 713 3979 tuorum.
749 3922 878 3995 (Id.,
929 3930 1086 3979 tract.
1134 3924 1193 3977 in
1236 3923 1382 3993 μιαί.
1435 3939 1546 3991 01x,
1590 3926 1733 3978 tom.
1766 3920 1860 3991 ιν,

194 4018 356 4090 part.
392 4030 456 4082 11,
488 4012 597 4070 col.
633 4013 773 4069 1450
801 4016 859 4067 et
888 4012 1036 4083 seq.)

273 4103 487 4160 Dicitis
516 4120 620 4159 vos
650 4101 948 4157 Christum
981 4100 1191 4170 colere,
1224 4104 1536 4172 etc.,usque
1566 4099 1635 4157 ad
1654 4100 1727 4155 de
1748 4099 1863 4156 Deo

194 4198 381 4250 natus
409 4191 673 4265 aequalis.
694 4189 822 4261 (Id.,
856 4190 953 4246 lib.
988 4207 1026 4246 ιι
1049 4197 1223 4248 contr.
1239 4188 1860 4258 Mawimin.,tom.VllI,

195 4283 312 4341 col.
345 4284 499 4349 759.)

271 4372 439 4440 Quod
472 4371 616 4429 dicit
656 4371 836 4428 Jacob
881 4371 951 4427 ad
982 4370 1200 4443 Joseph
1234 4370 1389 4443 quod
1423 4374 1512 4426 est
1541 4369 1860 4440 somnium,

186 4467 334 4530 etc.,
364 4477 535 4534 usque
573 4461 645 4517 ad
674 4464 732 4517 et
758 4460 1146 4518 infernorum.
1179 4459 1314 4528 (Id.,
1347 4459 1444 4516 lib.
1486 4463 1695 4529 Quaest.
1731 4458 1859 4515 Gen.

189 4555 280 4610 tit.
316 4568 513 4617 cxxm,
546 4554 589 4605 t.
622 4548 724 4616 III,
757 4552 910 4622 part.
938 4566 978 4618 1,
1013 4547 1122 4604 col.
1157 4547 1254 4603 581
1293 4550 1349 4603 et
1378 4556 1527 4619 seq.)

1975 3400 2015 3451 1,
2047 3382 2155 3439 col.
2186 3383 2292 3438 959
2322 3387 2381 3439 et
2408 3382 2554 3455 seq.)

2048 3472 2225 3529 Videte
2252 3488 2413 3529 canes
2445 3491 2463 3528 :
2492 3471 2667 3529 videte
2714 3473 2889 3528 malos
2935 3473 3211 3545 operarios
3244 3491 3261 3526 :
3291 3471 3467 3528 videte
3497 3488 3629 3528 con-

1972 3564 2253 3618 cisionem.
2287 3562 2473 3619 Canes
2502 3560 2815 3637 appellavit
2845 3579 2962 3617 non
2993 3561 3237 3631 ratione,
3256 3561 3354 3617 sed
3391 3577 3632 3617 consuc-

1974 3651 2198 3721 tudine,
2232 3656 2366 3721 etc.,
2400 3668 2576 3725 usque
2595 3653 2682 3709 ad
2712 3651 3125 3707 innocentibus
3145 3649 3470 3706 irritentur.
3495 3649 3625 3720 (Id.,

1975 3741 2074 3797 lib.
2102 3741 2166 3797 de
2198 3740 2346 3797 Grat.
2379 3745 2518 3797 Nov.
2556 3742 2780 3797 Testam.
2812 3745 2957 3796 tom.
2989 3740 3062 3809 II,
3096 3740 3205 3795 col.
3238 3738 3388 3812 555.)

2042 3831 2149 3887 Nos
2179 3833 2328 3886 enim
2354 3847 2543 3886 sumus
2569 3831 2933 3899 circumcisio,
2973 3832 3072 3901 qui
3115 3831 3317 3901 spiritu
3361 3829 3628 3885 servimus

1973 3922 2097 3976 Deo.
2134 3920 2384 3975 Maxime
2432 3919 2491 3974 in
2522 3919 2622 3976 illo
2653 3918 2777 3975 loco
2808 3919 2950 3976 satis
2981 3918 3160 3975 claret
3191 3918 3346 3990 quod
3376 3917 3627 3990 Spiritus

1974 4012 2216 4067 sanctus
2249 4027 2366 4069 non
2398 4010 2474 4065 sit
2499 4013 2786 4080 creatura,
2817 4013 2950 4075 etc.,
2972 4024 3151 4081 usque
3189 4009 3268 4064 ad
3298 4007 3358 4062 in
3389 4023 3627 4078 corpore

1972 4103 2184 4155 vestro.
2238 4099 2370 4172 (Id.,
2424 4098 2522 4154 lib.
2571 4097 2637 4154 de
2683 4099 2831 4153 Trin.
2883 4100 3026 4152 tom.
3075 4096 3221 4163 VIII,
3273 4093 3381 4151 col.
3436 4095 3541 4150 827
3570 4099 3628 4150 et

1974 4187 2119 4261 seq.)

2040 4276 2305 4347 Audistis
2335 4276 2627 4333 dicentem
2655 4275 2999 4349 Apostolum
3030 4272 3298 4330 Paulum.
3320 4271 3437 4329 Nos
3465 4271 3623 4329 enim

1974 4383 2182 4422 sumus
2212 4366 2600 4434 circumcisio,
2627 4365 2728 4439 qui
2759 4364 2994 4439 spiritui
3025 4363 3128 4419 Dei
3152 4361 3460 4431 servimus,
3488 4366 3625 4431 etc.,

1966 4472 2144 4528 usque
2173 4455 2254 4513 ad
2275 4472 2452 4528 quam
2483 4472 2688 4511 cursor
2707 4458 2915 4527 praeter
2932 4452 3106 4510 viam.
3141 4451 3270 4522 (Id.,
3302 4449 3536 4508 serm.de
3556 4450 3622 4508 ed

1974 4547 2118 4613 lect.,
2152 4549 2295 4601 tom.
2328 4544 2399 4614 V,
2429 4548 2580 4617 part.
2615 4561 2656 4611 1,
2689 4543 2797 4600 col.
2829 4543 2935 4599 915
2965 4543 3035 4599 ad
3067 4543 3218 4612 926.)

262 4647 457 4713 Itaque
484 4640 804 4696 charissimi
829 4641 960 4708 mei,
993 4646 1116 4701 etc.,
1148 4653 1339 4709 usque
1368 4637 1441 4694 ad
1466 4653 1568 4708 pro
1602 4637 1741 4694 bona
1767 4653 1862 4691 vo-
1893 4658 1941 4722 Ι)
2044 4636 2412 4691 Circumcisus
2441 4642 2629 4691 octava
2657 4634 2765 4690 die.
2797 4633 2861 4688 In
2905 4633 3200 4689 veteribus
3242 4631 3627 4689 sacramentis

187 4729 679 4796 luntate.Quando
701 4728 875 4799 jubet
903 4731 970 4783 ut
986 4729 1639 4799 operentur,etc.,usque
1665 4727 1735 4781 ad
1757 4726 1857 4798 qui

187 4824 475 4894 operatur
520 4818 582 4873 in
632 4816 815 4873 vobis.
850 4816 979 4889 (Id.,
1031 4817 1129 4873 lib.
1161 4815 1227 4871 de
1274 4813 1422 4871 Grat.
1469 4823 1520 4872 et
1569 4815 1664 4871 lib.
1713 4816 1857 4882 arb.,

190 4915 342 4967 tom.
374 4907 441 4974 Χ,
468 4910 620 4980 part.
652 4922 692 4976 1,
728 4905 837 4962 col.
871 4905 1020 4979 1911.)
1093 4933 1100 4941 -

269 4998 425 5056 Audi
456 5013 657 5054 vocem
690 4995 971 5068 Apostoli.
1006 4995 1153 5051 Cum
1197 4995 1428 5062 timore,
1481 4993 1692 5066 inquit,
1726 4998 1860 5062 etc.,

199 5105 377 5161 usque
420 5086 491 5143 ad
520 5087 823 5143 auferatur
850 5085 1123 5157 superbo.
1158 5085 1454 5158 (Id.,tract.
1489 5085 1550 5140 in
1576 5084 1859 5156 psal.1.xv,

198 5185 352 5237 tom.
387 5175 484 5248 ιν,
516 5178 667 5249 part.
699 5192 739 5243 1,
773 5173 883 5232 col.
915 5174 1065 5248 789.)

274 5266 492 5322 Mirum
524 5268 614 5321 est
642 5266 839 5320 autem
873 5263 1028 5336 quod
1058 5262 1367 5336 praedicata
1414 5261 1644 5319 Christo
1685 5261 1864 5318 cruci-

196 5359 342 5427 ﬁxo,
372 5358 511 5424 etc.,
560 5370 731 5426 usque
775 5353 847 5409 ad
894 5370 968 5409 ne
995 5352 1253 5410 sicceris.
1286 5350 1419 5423 (Id.,
1456 5368 1625 5409 serm.
1657 5352 1721 5409 de
1750 5368 1860 5408 ver.

195 5450 411 5518 Evang.
442 5440 586 5500 tom.
614 5443 683 5513 V,
715 5446 867 5516 part.
898 5460 939 5513 1,
973 5441 1082 5499 col.
1114 5444 1268 5513 730.)

267 5536 387 5597 Nec
416 5535 490 5590 de
519 5533 648 5607 ipsa
678 5532 1115 5606 perseverantia
1138 5531 1276 5589 boni
1318 5531 1499 5590 voluit
1522 5532 1676 5591 Deus
1700 5548 1866 5588 sanc-

195 5631 318 5700 tos,
342 5629 481 5694 etc.,
504 5640 676 5697 usque
706 5623 777 5680 ad
806 5622 866 5679 in
898 5620 1145 5680 Domino
1166 5620 1467 5696 glorietur.
1503 5622 1636 5695 (Id.,
1669 5623 1767 5680 lib.
1801 5620 1865 5679 de

198 5717 332 5778 Cor.
362 5722 416 5775 et
442 5722 611 5790 grata
630 5719 774 5773 tom.
810 5714 876 5785 X,
907 5718 1060 5791 part.
1093 5732 1135 5786 1,
1164 5711 1273 5774 col.
1303 5712 1411 5772 9‘25
1438 5716 1497 5771 et
1536 5711 1684 5790 seq.)

1971 4724 2338 4780 circumcisio
2370 4722 2771 4796 parvulorum,
2803 4726 2938 4792 etc.,
2969 4738 3147 4795 usque
3176 4722 3263 4779 ad
3292 4726 3425 4795 post
3448 4721 3626 4794 septi-

1970 4830 2134 4869 mum
2167 4817 2404 4869 octavus
2431 4813 2702 4886 est..(ld.,
2738 4814 2895 4885 epist.
2922 4812 2993 4868 ad
3032 4813 3217 4870 Hilar.
3260 4829 3434 4877 mora,
3481 4815 3626 4885 tom.

1971 4907 2045 4971 Il,
2078 4902 2186 4958 col.
2219 4904 2369 4972 680.)

2043 4993 2167 5069 Nec
2190 4996 2418 5048 moveat
2445 4992 2599 5064 quod
2628 4992 2708 5048 ait
2739 4994 3065 5049 secundum
3083 4990 3379 5063 justitiam
3406 5006 3533 5061 quae
3564 4987 3623 5043 in

1973 5068 2239 5156 lege-est,
2258 5086 2568 5156 etc.,usque
2585 5083 2668 5139 ad
2685 5084 3013 5139 secundum
3037 5099 3201 5154 spem
3227 5080 3354 5137 vitae
3375 5084 3623 5135 aeternae.

1974 5172 2105 5242 (Id.,
2135 5173 2235 5228 lib.
2265 5171 2335 5228 ad
2366 5174 2738 5245 Boni/nciam,
2761 5188 2891 5244 pap.
2931 5171 3081 5237 Urb.,
3114 5174 3258 5226 tom.
3292 5169 3356 5241 Χ,
3401 5171 3549 5240 part.
3584 5184 3623 5237 1,

1976 5261 2083 5317 col.
2115 5261 2264 5334 558.)
2900 5258 2909 5267 “
3447 5332 3457 5339 δ

2042 5353 2276 5421 Propter
2303 5368 2460 5424 quem
2489 5353 3028 5425 omnia,etc.,usque
3059 5349 3131 5404 ad
3154 5349 3382 5421 justitia
3409 5349 3467 5404 in
3498 5345 3623 5419 ﬁde.

1974 5440 2092 5497 Hoc
2121 5458 2256 5514 ergo
2286 5441 2626 5498 Judmorum
2659 5439 2874 5497 Paulus
2904 5441 3276 5496 destruxerat
3307 5438 3462 5511 quod
3502 5452 3627 5492 ma-

1973 5529 2097 5586 lum
2129 5530 2444 5601 habebant,
2477 5536 2611 5600 etc.,
2644 5547 2816 5603 usque
2844 5529 2914 5587 ad
2944 5529 3101 5602 quod
3133 5528 3194 5583 in
3226 5528 3392 5584 Petro
3432 5541 3628 5599 repre-

1971 5619 2279 5694 henderat,
2312 5621 2441 5694 (Id.,
2472 5623 2629 5695 epist.
2664 5622 2736 5678 ad
2767 5624 2951 5691 llier.,
2981 5623 3126 5676 tom.
3160 5618 3230 5681 ll,
3253 5616 3361 5673 col.
3390 5617 3538 5685 156.)

2045 5710 2192 5781 Quid
2225 5716 2331 5772 est.
2365 5712 2491 5770 Non
2540 5711 2766 5769 habens
2808 5728 3001 5770 meam
3043 5697 3360 5786 justitiam,
3401 5724 3529 5786 quae
3560 5722 3629 5767 ex
