  <div class='ocr_page' id='page_1' title='image "/cluster/home/n/w/nwhite01/storage/ocr_20150623/119/umn.319510024774125/219.png"; bbox 0 0 4114 6468; ppageno 0'>
   <div class='ocr_carea' id='block_1_1' title="bbox 569 417 686 481">
    <p class='ocr_par' dir='ltr' id='par_1_1' title="bbox 569 417 686 481">
     <span class='ocr_line' id='line_1_1' title="bbox 569 417 686 481; baseline -0.026 0"><span class='ocrx_word' id='word_1_1' title='bbox 569 417 686 481; x_wconf 73' lang='grc'><strong>391</strong></span> 
     </span>
    </p>
   </div>
   <div class='ocr_carea' id='block_1_2' title="bbox 1771 409 2795 477">
    <p class='ocr_par' dir='ltr' id='par_1_2' title="bbox 1771 409 2795 477">
     <span class='ocr_line' id='line_1_2' title="bbox 1771 409 2795 477; baseline -0.002 -2"><span class='ocrx_word' id='word_1_2' title='bbox 1771 411 2005 476; x_wconf 81' lang='lat' dir='ltr'>FLORI</span> <span class='ocrx_word' id='word_1_3' title='bbox 2049 411 2366 476; x_wconf 79' lang='lat' dir='ltr'>DIACONI</span> <span class='ocrx_word' id='word_1_4' title='bbox 2412 410 2632 475; x_wconf 83' lang='lat' dir='ltr'><strong>MONA</strong></span> <span class='ocrx_word' id='word_1_5' title='bbox 2643 409 2795 477; x_wconf 80' lang='lat' dir='ltr'>CIII.</span> 
     </span>
    </p>
   </div>
   <div class='ocr_carea' id='block_1_3' title="bbox 3878 404 4008 475">
    <p class='ocr_par' dir='ltr' id='par_1_3' title="bbox 3878 404 4008 475">
     <span class='ocr_line' id='line_1_3' title="bbox 3878 404 4008 475; baseline 0 -4"><span class='ocrx_word' id='word_1_6' title='bbox 3878 404 4008 475; x_wconf 66' lang='lat'>39%</span> 
     </span>
    </p>
   </div>
   <div class='ocr_carea' id='block_1_4' title="bbox 572 540 4005 622">
    <p class='ocr_par' dir='ltr' id='par_1_4' title="bbox 572 540 4005 622">
     <span class='ocr_line' id='line_1_4' title="bbox 572 540 4005 622; baseline -0.003 -16"><span class='ocrx_word' id='word_1_7' title='bbox 572 568 783 607; x_wconf 90' lang='lat' dir='ltr'><strong>norum</strong></span> <span class='ocrx_word' id='word_1_8' title='bbox 813 567 1012 620; x_wconf 88' lang='lat' dir='ltr'><strong>causa,</strong></span> <span class='ocrx_word' id='word_1_9' title='bbox 1045 554 1136 606; x_wconf 88' lang='lat' dir='ltr'><strong>est</strong></span> <span class='ocrx_word' id='word_1_10' title='bbox 1165 549 1460 622; x_wconf 72' lang='lat' dir='ltr'><strong>superbia,</strong></span> <span class='ocrx_word' id='word_1_11' title='bbox 1490 551 1600 605; x_wconf 92' lang='lat' dir='ltr'><strong>etc.</strong></span> <span class='ocrx_word' id='word_1_12' title='bbox 1632 562 1808 621; x_wconf 81' lang='lat' dir='ltr'><strong>usque</strong></span> <span class='ocrx_word' id='word_1_13' title='bbox 1830 547 1918 603; x_wconf 83' lang='lat' dir='ltr'><strong>ad</strong></span> <span class='ocrx_word' id='word_1_14' title='bbox 1964 550 2022 603; x_wconf 87' lang='lat' dir='ltr'><strong>et</strong></span> <span class='ocrx_word' id='word_1_15' title='bbox 2052 546 2226 604; x_wconf 89' lang='lat' dir='ltr'><strong>disci-</strong></span> <span class='ocrx_word' id='word_1_16' title='bbox 2259 547 2313 614; x_wconf 78' lang='grc' dir='ltr'>Α</span> <span class='ocrx_word' id='word_1_17' title='bbox 2413 545 2785 618; x_wconf 88' lang='lat' dir='ltr'><strong>Principatus</strong></span> <span class='ocrx_word' id='word_1_18' title='bbox 2815 543 3184 618; x_wconf 79' lang='lat' dir='ltr'><strong>exemplavit,</strong></span> <span class='ocrx_word' id='word_1_19' title='bbox 3215 543 3272 600; x_wconf 89' lang='lat' dir='ltr'><strong>id</strong></span> <span class='ocrx_word' id='word_1_20' title='bbox 3319 546 3411 600; x_wconf 89' lang='lat' dir='ltr'><strong>est</strong></span> <span class='ocrx_word' id='word_1_21' title='bbox 3450 541 3785 616; x_wconf 71' lang='lat' dir='ltr'><strong>exetnplum</strong></span> <span class='ocrx_word' id='word_1_22' title='bbox 3814 540 4005 611; x_wconf 86' lang='lat' dir='ltr'><strong>dedit,</strong></span> 
     </span>
    </p>
   </div>
   <div class='ocr_carea' id='block_1_5' title="bbox 572 635 2226 711">
    <p class='ocr_par' dir='ltr' id='par_1_5' title="bbox 572 635 2226 711">
     <span class='ocr_line' id='line_1_5' title="bbox 572 635 2226 711; baseline -0.002 -17"><span class='ocrx_word' id='word_1_23' title='bbox 572 644 689 696; x_wconf 88' lang='lat' dir='ltr'><strong>tur.</strong></span> <span class='ocrx_word' id='word_1_24' title='bbox 751 640 884 709; x_wconf 88' lang='lat' dir='ltr'>(Id.,</span> <span class='ocrx_word' id='word_1_25' title='bbox 944 640 1043 696; x_wconf 91' lang='lat' dir='ltr'><strong>lib.</strong></span> <span class='ocrx_word' id='word_1_26' title='bbox 1096 639 1161 695; x_wconf 84' lang='lat' dir='ltr'><strong>de</strong></span> <span class='ocrx_word' id='word_1_27' title='bbox 1213 640 1363 711; x_wconf 82' lang='lat' dir='ltr'><strong>Spir.</strong></span> <span class='ocrx_word' id='word_1_28' title='bbox 1418 644 1473 694; x_wconf 81' lang='lat' dir='ltr'><strong>et</strong></span> <span class='ocrx_word' id='word_1_29' title='bbox 1525 638 1652 701; x_wconf 88' lang='lat' dir='ltr'><strong>litt.,</strong></span> <span class='ocrx_word' id='word_1_30' title='bbox 1705 640 1849 692; x_wconf 90' lang='lat' dir='ltr'><strong>tom.</strong></span> <span class='ocrx_word' id='word_1_31' title='bbox 1881 635 1947 704; x_wconf 88' lang='lat' dir='ltr'><strong>X,</strong></span> <span class='ocrx_word' id='word_1_32' title='bbox 1981 639 2131 708; x_wconf 87' lang='lat' dir='ltr'><strong>part.</strong></span> <span class='ocrx_word' id='word_1_33' title='bbox 2184 654 2226 703; x_wconf 86' lang='grc' dir='ltr'>ι,</span> 
     </span>
    </p>
   </div>
   <div class='ocr_carea' id='block_1_6' title="bbox 571 728 866 802">
    <p class='ocr_par' dir='ltr' id='par_1_6' title="bbox 571 728 866 802">
     <span class='ocr_line' id='line_1_6' title="bbox 571 728 866 802; baseline -0.007 -16"><span class='ocrx_word' id='word_1_34' title='bbox 571 728 682 786; x_wconf 85' lang='grc'><strong>001.</strong></span> <span class='ocrx_word' id='word_1_35' title='bbox 714 728 866 802; x_wconf 82' lang='grc'><strong>237.)</strong></span> 
     </span>
    </p>
   </div>
   <div class='ocr_carea' id='block_1_7' title="bbox 642 814 2229 889">
    <p class='ocr_par' dir='ltr' id='par_1_7' title="bbox 642 814 2229 889">
     <span class='ocr_line' id='line_1_7' title="bbox 642 814 2229 889; baseline -0.002 -14"><span class='ocrx_word' id='word_1_36' title='bbox 642 818 775 874; x_wconf 69' lang='lat' dir='ltr'><strong>Haec</strong></span> <span class='ocrx_word' id='word_1_37' title='bbox 803 821 1002 875; x_wconf 88' lang='lat' dir='ltr'><strong>autem</strong></span> <span class='ocrx_word' id='word_1_38' title='bbox 1035 816 1232 874; x_wconf 83' lang='lat' dir='ltr'><strong>omnia</strong></span> <span class='ocrx_word' id='word_1_39' title='bbox 1279 832 1406 889; x_wconf 62' lang='lat' dir='ltr'><strong>qua</strong></span> <span class='ocrx_word' id='word_1_40' title='bbox 1446 832 1550 889; x_wconf 90' lang='lat' dir='ltr'><strong>pro</strong></span> <span class='ocrx_word' id='word_1_41' title='bbox 1605 814 1775 871; x_wconf 90' lang='lat' dir='ltr'><strong>nobis</strong></span> <span class='ocrx_word' id='word_1_42' title='bbox 1803 814 2063 872; x_wconf 77' lang='lat' dir='ltr'><strong>Verbum</strong></span> <span class='ocrx_word' id='word_1_43' title='bbox 2095 831 2229 872; x_wconf 87' lang='lat' dir='ltr'><strong>caro</strong></span> 
     </span>
    </p>
   </div>
   <div class='ocr_carea' id='block_1_8' title="bbox 572 904 2226 980">
    <p class='ocr_par' dir='ltr' id='par_1_8' title="bbox 572 904 2226 980">
     <span class='ocr_line' id='line_1_8' title="bbox 572 904 2226 980; baseline -0.003 -16"><span class='ocrx_word' id='word_1_44' title='bbox 572 908 815 976; x_wconf 88' lang='lat' dir='ltr'><strong>factum,</strong></span> <span class='ocrx_word' id='word_1_45' title='bbox 865 912 999 974; x_wconf 91' lang='lat' dir='ltr'><strong>etc.,</strong></span> <span class='ocrx_word' id='word_1_46' title='bbox 1048 922 1223 980; x_wconf 74' lang='lat' dir='ltr'><strong>usque</strong></span> <span class='ocrx_word' id='word_1_47' title='bbox 1272 906 1361 962; x_wconf 87' lang='lat' dir='ltr'><strong>ad</strong></span> <span class='ocrx_word' id='word_1_48' title='bbox 1403 908 1774 961; x_wconf 83' lang='lat' dir='ltr'><strong>vocarentur.</strong></span> <span class='ocrx_word' id='word_1_49' title='bbox 1810 904 1939 977; x_wconf 90' lang='lat' dir='ltr'>(Id.,</span> <span class='ocrx_word' id='word_1_50' title='bbox 1973 904 2070 960; x_wconf 88' lang='lat' dir='ltr'><strong>lib.</strong></span> <span class='ocrx_word' id='word_1_51' title='bbox 2103 921 2226 971; x_wconf 82' lang='lat' dir='ltr'><strong>xm,</strong></span> 
     </span>
    </p>
   </div>
   <div class='ocr_carea' id='block_1_9' title="bbox 570 993 1728 1066">
    <p class='ocr_par' dir='ltr' id='par_1_9' title="bbox 570 993 1728 1066">
     <span class='ocr_line' id='line_1_9' title="bbox 570 993 1728 1066; baseline -0.003 -13"><span class='ocrx_word' id='word_1_52' title='bbox 570 997 635 1053; x_wconf 83' lang='lat' dir='ltr'><strong>de</strong></span> <span class='ocrx_word' id='word_1_53' title='bbox 670 999 819 1053; x_wconf 84' lang='lat' dir='ltr'><strong>Trin.</strong></span> <span class='ocrx_word' id='word_1_54' title='bbox 850 1000 996 1051; x_wconf 87' lang='lat' dir='ltr'><strong>tom.</strong></span> <span class='ocrx_word' id='word_1_55' title='bbox 1027 995 1178 1061; x_wconf 85' lang='lat' dir='ltr'><strong>VIII,</strong></span> <span class='ocrx_word' id='word_1_56' title='bbox 1213 993 1322 1051; x_wconf 92' lang='lat' dir='ltr'><strong>col.</strong></span> <span class='ocrx_word' id='word_1_57' title='bbox 1356 996 1464 1050; x_wconf 85' lang='lat'><strong>282</strong></span> <span class='ocrx_word' id='word_1_58' title='bbox 1492 998 1548 1051; x_wconf 89' lang='lat' dir='ltr'><strong>et</strong></span> <span class='ocrx_word' id='word_1_59' title='bbox 1578 994 1728 1066; x_wconf 81' lang='lat' dir='ltr'><strong>seq.)</strong></span> 
     </span>
    </p>
   </div>
   <div class='ocr_carea' id='block_1_10' title="bbox 644 1082 2230 1157">
    <p class='ocr_par' dir='ltr' id='par_1_10' title="bbox 644 1082 2230 1157">
     <span class='ocr_line' id='line_1_10' title="bbox 644 1082 2230 1157; baseline -0.003 -14"><span class='ocrx_word' id='word_1_60' title='bbox 644 1087 818 1143; x_wconf 85' lang='lat' dir='ltr'><strong>Videte</strong></span> <span class='ocrx_word' id='word_1_61' title='bbox 847 1101 917 1141; x_wconf 87' lang='lat' dir='ltr'><strong>ne</strong></span> <span class='ocrx_word' id='word_1_62' title='bbox 944 1087 1087 1157; x_wconf 85' lang='lat' dir='ltr'><strong>quis,</strong></span> <span class='ocrx_word' id='word_1_63' title='bbox 1120 1088 1451 1157; x_wconf 86' lang='lat' dir='ltr'><strong>etc.,usque</strong></span> <span class='ocrx_word' id='word_1_64' title='bbox 1480 1084 1552 1139; x_wconf 89' lang='lat' dir='ltr'><strong>ad</strong></span> <span class='ocrx_word' id='word_1_65' title='bbox 1582 1100 1690 1140; x_wconf 86' lang='lat' dir='ltr'><strong>non</strong></span> <span class='ocrx_word' id='word_1_66' title='bbox 1721 1082 2020 1140; x_wconf 86' lang='lat' dir='ltr'><strong>secundum</strong></span> <span class='ocrx_word' id='word_1_67' title='bbox 2067 1083 2230 1139; x_wconf 82' lang='lat' dir='ltr'><strong>Chri-</strong></span> 
     </span>
    </p>
   </div>
   <div class='ocr_carea' id='block_1_11' title="bbox 566 1173 2229 1247">
    <p class='ocr_par' dir='ltr' id='par_1_11' title="bbox 566 1173 2229 1247">
     <span class='ocr_line' id='line_1_11' title="bbox 566 1173 2229 1247; baseline -0.002 -15"><span class='ocrx_word' id='word_1_68' title='bbox 566 1183 727 1232; x_wconf 71' lang='lat' dir='ltr'><strong>stum.</strong></span> <span class='ocrx_word' id='word_1_69' title='bbox 762 1175 909 1242; x_wconf 87' lang='lat' dir='ltr'>Quid</span> <span class='ocrx_word' id='word_1_70' title='bbox 939 1178 1028 1230; x_wconf 91' lang='lat' dir='ltr'><strong>est</strong></span> <span class='ocrx_word' id='word_1_71' title='bbox 1053 1174 1253 1230; x_wconf 79' lang='lat' dir='ltr'><strong>Juno?</strong></span> <span class='ocrx_word' id='word_1_72' title='bbox 1282 1177 1418 1242; x_wconf 89' lang='lat' dir='ltr'><strong>etc.,</strong></span> <span class='ocrx_word' id='word_1_73' title='bbox 1449 1189 1626 1247; x_wconf 79' lang='lat' dir='ltr'><strong>usque</strong></span> <span class='ocrx_word' id='word_1_74' title='bbox 1653 1173 1738 1230; x_wconf 85' lang='lat' dir='ltr'><strong>ad</strong></span> <span class='ocrx_word' id='word_1_75' title='bbox 1766 1173 2054 1230; x_wconf 90' lang='lat' dir='ltr'><strong>cavendos</strong></span> <span class='ocrx_word' id='word_1_76' title='bbox 2099 1188 2229 1230; x_wconf 89' lang='lat' dir='ltr'><strong>esse</strong></span> 
     </span>
    </p>
   </div>
   <div class='ocr_carea' id='block_1_12' title="bbox 566 1260 2228 1334">
    <p class='ocr_par' dir='ltr' id='par_1_12' title="bbox 566 1260 2228 1334">
     <span class='ocr_line' id='line_1_12' title="bbox 566 1260 2228 1334; baseline 0 -17"><span class='ocrx_word' id='word_1_77' title='bbox 566 1263 917 1319; x_wconf 84' lang='lat' dir='ltr'><strong>admunens.</strong></span> <span class='ocrx_word' id='word_1_78' title='bbox 957 1261 1089 1334; x_wconf 89' lang='lat' dir='ltr'><strong>(Id.,</strong></span> <span class='ocrx_word' id='word_1_79' title='bbox 1123 1278 1289 1318; x_wconf 85' lang='lat' dir='ltr'><strong>serm.</strong></span> <span class='ocrx_word' id='word_1_80' title='bbox 1324 1262 1388 1318; x_wconf 82' lang='lat' dir='ltr'><strong>de</strong></span> <span class='ocrx_word' id='word_1_81' title='bbox 1416 1260 1546 1317; x_wconf 78' lang='lat' dir='ltr'><strong>Kal.</strong></span> <span class='ocrx_word' id='word_1_82' title='bbox 1575 1262 1700 1318; x_wconf 83' lang='lat' dir='ltr'><strong>Jan.</strong></span> <span class='ocrx_word' id='word_1_83' title='bbox 1735 1264 1879 1317; x_wconf 71' lang='lat' dir='ltr'><strong>tom.</strong></span> <span class='ocrx_word' id='word_1_84' title='bbox 1909 1260 1979 1328; x_wconf 92' lang='lat' dir='ltr'><strong>V,</strong></span> <span class='ocrx_word' id='word_1_85' title='bbox 2003 1264 2153 1333; x_wconf 87' lang='lat' dir='ltr'><strong>part.</strong></span> <span class='ocrx_word' id='word_1_86' title='bbox 2189 1279 2228 1331; x_wconf 87' lang='lat' dir='ltr'><strong>I,</strong></span> 
     </span>
    </p>
   </div>
   <div class='ocr_carea' id='block_1_13' title="bbox 566 1350 893 1423">
    <p class='ocr_par' dir='ltr' id='par_1_13' title="bbox 566 1350 893 1423">
     <span class='ocr_line' id='line_1_13' title="bbox 566 1350 893 1423; baseline 0 -16"><span class='ocrx_word' id='word_1_87' title='bbox 566 1350 675 1407; x_wconf 92' lang='lat' dir='ltr'><strong>col.</strong></span> <span class='ocrx_word' id='word_1_88' title='bbox 711 1351 893 1423; x_wconf 81' lang='grc'><strong>1024.)</strong></span> 
     </span>
    </p>
   </div>
   <div class='ocr_carea' id='block_1_14' title="bbox 635 1438 2227 1513">
    <p class='ocr_par' dir='ltr' id='par_1_14' title="bbox 635 1438 2227 1513">
     <span class='ocr_line' id='line_1_14' title="bbox 635 1438 2227 1513; baseline -0.001 -17"><span class='ocrx_word' id='word_1_89' title='bbox 635 1440 1132 1513; x_wconf 85' lang='lat' dir='ltr'><strong>Respondendum</strong></span> <span class='ocrx_word' id='word_1_90' title='bbox 1185 1443 1276 1496; x_wconf 85' lang='lat' dir='ltr'><strong>est</strong></span> <span class='ocrx_word' id='word_1_91' title='bbox 1324 1439 1667 1496; x_wconf 88' lang='lat' dir='ltr'><strong>hominibus</strong></span> <span class='ocrx_word' id='word_1_92' title='bbox 1717 1439 1819 1512; x_wconf 86' lang='lat' dir='ltr'><strong>qui</strong></span> <span class='ocrx_word' id='word_1_93' title='bbox 1876 1438 2227 1496; x_wconf 82' lang='lat' dir='ltr'><strong>calumniari</strong></span> 
     </span>
    </p>
   </div>
   <div class='ocr_carea' id='block_1_15' title="bbox 564 1527 2263 1603">
    <p class='ocr_par' dir='ltr' id='par_1_15' title="bbox 564 1527 2263 1603">
     <span class='ocr_line' id='line_1_15' title="bbox 564 1527 2263 1603; baseline -0.003 -19"><span class='ocrx_word' id='word_1_94' title='bbox 564 1529 731 1584; x_wconf 84' lang='lat' dir='ltr'><strong>libris</strong></span> <span class='ocrx_word' id='word_1_95' title='bbox 761 1533 973 1586; x_wconf 67' lang='lat' dir='ltr'><strong>nostrae</strong></span> <span class='ocrx_word' id='word_1_96' title='bbox 1005 1527 1235 1593; x_wconf 89' lang='lat' dir='ltr'><strong>salutis,</strong></span> <span class='ocrx_word' id='word_1_97' title='bbox 1267 1533 1405 1596; x_wconf 88' lang='lat' dir='ltr'><strong>etc.,</strong></span> <span class='ocrx_word' id='word_1_98' title='bbox 1434 1545 1611 1603; x_wconf 78' lang='lat' dir='ltr'><strong>usque</strong></span> <span class='ocrx_word' id='word_1_99' title='bbox 1638 1530 1723 1585; x_wconf 87' lang='lat' dir='ltr'><strong>ad</strong></span> <span class='ocrx_word' id='word_1_100' title='bbox 1753 1528 1978 1584; x_wconf 83' lang='lat' dir='ltr'><strong>eruisse</strong></span> <span class='ocrx_word' id='word_1_101' title='bbox 1999 1532 2228 1585; x_wconf 88' lang='lat' dir='ltr'><strong>senten-</strong></span> <span class='ocrx_word' id='word_1_102' title='bbox 2262 1576 2263 1579; x_wconf 44' lang='grc' dir='ltr'><strong>η</strong></span> 
     </span>
    </p>
   </div>
   <div class='ocr_carea' id='block_1_16' title="bbox 565 1618 2225 1693">
    <p class='ocr_par' dir='ltr' id='par_1_16' title="bbox 565 1618 2225 1693">
     <span class='ocr_line' id='line_1_16' title="bbox 565 1618 2225 1693; baseline 0.001 -20"><span class='ocrx_word' id='word_1_103' title='bbox 565 1619 732 1675; x_wconf 79' lang='lat' dir='ltr'><strong>tiam.</strong></span> <span class='ocrx_word' id='word_1_104' title='bbox 768 1619 899 1693; x_wconf 92' lang='lat' dir='ltr'>(Id.,</span> <span class='ocrx_word' id='word_1_105' title='bbox 935 1618 1032 1674; x_wconf 90' lang='lat' dir='ltr'><strong>lib.</strong></span> <span class='ocrx_word' id='word_1_106' title='bbox 1062 1618 1128 1675; x_wconf 86' lang='lat' dir='ltr'><strong>de</strong></span> <span class='ocrx_word' id='word_1_107' title='bbox 1160 1619 1286 1675; x_wconf 77' lang='lat' dir='ltr'><strong>Gen.</strong></span> <span class='ocrx_word' id='word_1_108' title='bbox 1319 1618 1390 1675; x_wconf 84' lang='lat' dir='ltr'><strong>ad</strong></span> <span class='ocrx_word' id='word_1_109' title='bbox 1420 1620 1550 1687; x_wconf 88' lang='lat' dir='ltr'><strong>litt.,</strong></span> <span class='ocrx_word' id='word_1_110' title='bbox 1583 1624 1725 1676; x_wconf 89' lang='lat' dir='ltr'><strong>tom.</strong></span> <span class='ocrx_word' id='word_1_111' title='bbox 1760 1623 1859 1689; x_wconf 90' lang='lat' dir='ltr'><strong>III,</strong></span> <span class='ocrx_word' id='word_1_112' title='bbox 1883 1622 2035 1692; x_wconf 90' lang='lat' dir='ltr'><strong>part,</strong></span> <span class='ocrx_word' id='word_1_113' title='bbox 2067 1618 2225 1688; x_wconf 85' lang='lat' dir='ltr'><strong>1,col.</strong></span> 
     </span>
    </p>
   </div>
   <div class='ocr_carea' id='block_1_17' title="bbox 566 1710 721 1776">
    <p class='ocr_par' dir='ltr' id='par_1_17' title="bbox 566 1710 721 1776">
     <span class='ocr_line' id='line_1_17' title="bbox 566 1710 721 1776; baseline 0 -14"><span class='ocrx_word' id='word_1_114' title='bbox 566 1710 721 1776; x_wconf 72' lang='grc'><strong>262)</strong></span> 
     </span>
    </p>
   </div>
   <div class='ocr_carea' id='block_1_18' title="bbox 642 1797 2230 1870">
    <p class='ocr_par' dir='ltr' id='par_1_18' title="bbox 642 1797 2230 1870">
     <span class='ocr_line' id='line_1_18' title="bbox 642 1797 2230 1870; baseline 0 -18"><span class='ocrx_word' id='word_1_115' title='bbox 642 1797 782 1865; x_wconf 82' lang='lat' dir='ltr'><strong>Quia</strong></span> <span class='ocrx_word' id='word_1_116' title='bbox 813 1799 873 1852; x_wconf 88' lang='lat' dir='ltr'><strong>in</strong></span> <span class='ocrx_word' id='word_1_117' title='bbox 915 1798 1031 1869; x_wconf 86' lang='lat' dir='ltr'><strong>ipso</strong></span> <span class='ocrx_word' id='word_1_118' title='bbox 1059 1797 1354 1864; x_wconf 80' lang='lat' dir='ltr'><strong>inhabitat,</strong></span> <span class='ocrx_word' id='word_1_119' title='bbox 1385 1801 1520 1865; x_wconf 89' lang='lat' dir='ltr'><strong>etc.,</strong></span> <span class='ocrx_word' id='word_1_120' title='bbox 1558 1813 1746 1870; x_wconf 89' lang='lat' dir='ltr'><strong>usque</strong></span> <span class='ocrx_word' id='word_1_121' title='bbox 1779 1797 1850 1852; x_wconf 91' lang='lat' dir='ltr'><strong>ad</strong></span> <span class='ocrx_word' id='word_1_122' title='bbox 1881 1798 2230 1868; x_wconf 78' lang='lat' dir='ltr'><strong>principatus</strong></span> 
     </span>
    </p>
   </div>
   <div class='ocr_carea' id='block_1_19' title="bbox 565 1885 2230 1958">
    <p class='ocr_par' dir='ltr' id='par_1_19' title="bbox 565 1885 2230 1958">
     <span class='ocr_line' id='line_1_19' title="bbox 565 1885 2230 1958; baseline -0.001 -16"><span class='ocrx_word' id='word_1_123' title='bbox 565 1894 620 1942; x_wconf 90' lang='lat' dir='ltr'><strong>et</strong></span> <span class='ocrx_word' id='word_1_124' title='bbox 643 1885 1105 1958; x_wconf 84' lang='lat' dir='ltr'><strong>potestatis.Deus</strong></span> <span class='ocrx_word' id='word_1_125' title='bbox 1131 1885 1235 1958; x_wconf 89' lang='lat' dir='ltr'><strong>qui</strong></span> <span class='ocrx_word' id='word_1_126' title='bbox 1268 1885 1487 1958; x_wconf 90' lang='lat' dir='ltr'><strong>ubique</strong></span> <span class='ocrx_word' id='word_1_127' title='bbox 1518 1902 1776 1958; x_wconf 68' lang='lat' dir='ltr'><strong>praesens</strong></span> <span class='ocrx_word' id='word_1_128' title='bbox 1806 1889 1981 1953; x_wconf 86' lang='lat' dir='ltr'><strong>est,et</strong></span> <span class='ocrx_word' id='word_1_129' title='bbox 2012 1885 2230 1957; x_wconf 87' lang='lat' dir='ltr'><strong>ubique</strong></span> 
     </span>
    </p>
   </div>
   <div class='ocr_carea' id='block_1_20' title="bbox 567 1973 2226 2047">
    <p class='ocr_par' dir='ltr' id='par_1_20' title="bbox 567 1973 2226 2047">
     <span class='ocr_line' id='line_1_20' title="bbox 567 1973 2226 2047; baseline -0.001 -18"><span class='ocrx_word' id='word_1_130' title='bbox 567 1978 725 2030; x_wconf 87' lang='lat' dir='ltr'><strong>totus</strong></span> <span class='ocrx_word' id='word_1_131' title='bbox 754 1991 1032 2047; x_wconf 68' lang='lat' dir='ltr'><strong>praesens,</strong></span> <span class='ocrx_word' id='word_1_132' title='bbox 1065 1978 1199 2045; x_wconf 89' lang='lat' dir='ltr'><strong>etc.,</strong></span> <span class='ocrx_word' id='word_1_133' title='bbox 1230 1991 1401 2046; x_wconf 87' lang='lat' dir='ltr'><strong>usque</strong></span> <span class='ocrx_word' id='word_1_134' title='bbox 1430 1975 1499 2030; x_wconf 86' lang='lat' dir='ltr'><strong>ad</strong></span> <span class='ocrx_word' id='word_1_135' title='bbox 1531 1975 1697 2031; x_wconf 84' lang='lat' dir='ltr'><strong>nefas</strong></span> <span class='ocrx_word' id='word_1_136' title='bbox 1745 1979 1837 2031; x_wconf 90' lang='lat' dir='ltr'><strong>est</strong></span> <span class='ocrx_word' id='word_1_137' title='bbox 1882 1974 2028 2030; x_wconf 88' lang='lat' dir='ltr'><strong>velle</strong></span> <span class='ocrx_word' id='word_1_138' title='bbox 2064 1973 2226 2045; x_wconf 92' lang='lat' dir='ltr'><strong>judi-</strong></span> 
     </span>
    </p>
   </div>
   <div class='ocr_carea' id='block_1_21' title="bbox 567 2063 2228 2137">
    <p class='ocr_par' dir='ltr' id='par_1_21' title="bbox 567 2063 2228 2137">
     <span class='ocr_line' id='line_1_21' title="bbox 567 2063 2228 2137; baseline -0.001 -18"><span class='ocrx_word' id='word_1_139' title='bbox 567 2079 718 2120; x_wconf 83' lang='lat' dir='ltr'><strong>care.</strong></span> <span class='ocrx_word' id='word_1_140' title='bbox 751 2064 882 2137; x_wconf 90' lang='lat' dir='ltr'>(Id.,</span> <span class='ocrx_word' id='word_1_141' title='bbox 920 2064 1016 2120; x_wconf 92' lang='lat' dir='ltr'><strong>lib.</strong></span> <span class='ocrx_word' id='word_1_142' title='bbox 1050 2063 1122 2120; x_wconf 84' lang='lat' dir='ltr'><strong>ad</strong></span> <span class='ocrx_word' id='word_1_143' title='bbox 1151 2063 1330 2121; x_wconf 89' lang='lat' dir='ltr'><strong>Dard.</strong></span> <span class='ocrx_word' id='word_1_144' title='bbox 1361 2063 1426 2121; x_wconf 77' lang='lat' dir='ltr'><strong>de</strong></span> <span class='ocrx_word' id='word_1_145' title='bbox 1452 2079 1644 2137; x_wconf 50' lang='lat' dir='ltr'><strong>praes,</strong></span> <span class='ocrx_word' id='word_1_146' title='bbox 1683 2069 1823 2120; x_wconf 91' lang='lat' dir='ltr'><strong>tom.</strong></span> <span class='ocrx_word' id='word_1_147' title='bbox 1860 2065 1934 2134; x_wconf 90' lang='lat' dir='ltr'>II,</span> <span class='ocrx_word' id='word_1_148' title='bbox 1966 2063 2076 2119; x_wconf 91' lang='lat' dir='ltr'><strong>col.</strong></span> <span class='ocrx_word' id='word_1_149' title='bbox 2121 2063 2228 2119; x_wconf 80' lang='grc'><strong>845</strong></span> 
     </span>
    </p>
   </div>
   <div class='ocr_carea' id='block_1_22' title="bbox 566 2158 806 2226">
    <p class='ocr_par' dir='ltr' id='par_1_22' title="bbox 566 2158 806 2226">
     <span class='ocr_line' id='line_1_22' title="bbox 566 2158 806 2226; baseline -0.004 -17"><span class='ocrx_word' id='word_1_150' title='bbox 566 2158 625 2209; x_wconf 89' lang='lat' dir='ltr'><strong>et</strong></span> <span class='ocrx_word' id='word_1_151' title='bbox 657 2158 806 2226; x_wconf 88' lang='lat' dir='ltr'><strong>seq.)</strong></span> 
     </span>
    </p>
   </div>
   <div class='ocr_carea' id='block_1_23' title="bbox 636 2242 2228 2316">
    <p class='ocr_par' dir='ltr' id='par_1_23' title="bbox 636 2242 2228 2316">
     <span class='ocr_line' id='line_1_23' title="bbox 636 2242 2228 2316; baseline 0.001 -19"><span class='ocrx_word' id='word_1_152' title='bbox 636 2243 791 2299; x_wconf 89' lang='lat' dir='ltr'><strong>Satis</strong></span> <span class='ocrx_word' id='word_1_153' title='bbox 819 2246 909 2299; x_wconf 91' lang='lat' dir='ltr'><strong>est</strong></span> <span class='ocrx_word' id='word_1_154' title='bbox 935 2259 1074 2316; x_wconf 86' lang='lat' dir='ltr'><strong>ergo</strong></span> <span class='ocrx_word' id='word_1_155' title='bbox 1108 2243 1258 2300; x_wconf 91' lang='lat' dir='ltr'><strong>scire</strong></span> <span class='ocrx_word' id='word_1_156' title='bbox 1288 2242 1587 2316; x_wconf 83' lang='lat' dir='ltr'><strong>corporale</strong></span> <span class='ocrx_word' id='word_1_157' title='bbox 1618 2242 1866 2315; x_wconf 88' lang='lat' dir='ltr'><strong>aliquid,</strong></span> <span class='ocrx_word' id='word_1_158' title='bbox 1898 2247 2034 2309; x_wconf 89' lang='lat' dir='ltr'><strong>etc.,</strong></span> <span class='ocrx_word' id='word_1_159' title='bbox 2055 2258 2228 2315; x_wconf 86' lang='lat' dir='ltr'><strong>usque</strong></span> 
     </span>
    </p>
   </div>
   <div class='ocr_carea' id='block_1_24' title="bbox 563 2331 2221 2402">
    <p class='ocr_par' dir='ltr' id='par_1_24' title="bbox 563 2331 2221 2402">
     <span class='ocr_line' id='line_1_24' title="bbox 563 2331 2221 2402; baseline -0.001 -14"><span class='ocrx_word' id='word_1_160' title='bbox 563 2331 634 2388; x_wconf 86' lang='lat' dir='ltr'><strong>ad</strong></span> <span class='ocrx_word' id='word_1_161' title='bbox 657 2332 831 2388; x_wconf 88' lang='lat' dir='ltr'><strong>verbo</strong></span> <span class='ocrx_word' id='word_1_162' title='bbox 862 2349 1007 2389; x_wconf 90' lang='lat' dir='ltr'><strong>usus</strong></span> <span class='ocrx_word' id='word_1_163' title='bbox 1036 2336 1144 2389; x_wconf 90' lang='lat' dir='ltr'><strong>est.</strong></span> <span class='ocrx_word' id='word_1_164' title='bbox 1178 2333 1311 2402; x_wconf 90' lang='lat' dir='ltr'><strong>(Id.,</strong></span> <span class='ocrx_word' id='word_1_165' title='bbox 1345 2334 1442 2388; x_wconf 86' lang='lat' dir='ltr'><strong>lib.</strong></span> <span class='ocrx_word' id='word_1_166' title='bbox 1478 2349 1556 2387; x_wconf 83' lang='lat' dir='ltr'><strong>xu</strong></span> <span class='ocrx_word' id='word_1_167' title='bbox 1588 2333 1653 2388; x_wconf 84' lang='lat' dir='ltr'><strong>de</strong></span> <span class='ocrx_word' id='word_1_168' title='bbox 1685 2332 1812 2389; x_wconf 85' lang='lat' dir='ltr'><strong>Gen.</strong></span> <span class='ocrx_word' id='word_1_169' title='bbox 1845 2332 1917 2388; x_wconf 87' lang='lat' dir='ltr'><strong>ad</strong></span> <span class='ocrx_word' id='word_1_170' title='bbox 1946 2334 2051 2389; x_wconf 88' lang='lat' dir='ltr'><strong>litt.</strong></span> <span class='ocrx_word' id='word_1_171' title='bbox 2075 2335 2221 2389; x_wconf 91' lang='lat' dir='ltr'><strong>tom.</strong></span> 
     </span>
    </p>
   </div>
   <div class='ocr_carea' id='block_1_25' title="bbox 566 2421 1262 2493">
    <p class='ocr_par' dir='ltr' id='par_1_25' title="bbox 566 2421 1262 2493">
     <span class='ocr_line' id='line_1_25' title="bbox 566 2421 1262 2493; baseline 0.001 -18"><span class='ocrx_word' id='word_1_172' title='bbox 566 2421 665 2488; x_wconf 85' lang='lat' dir='ltr'>III,</span> <span class='ocrx_word' id='word_1_173' title='bbox 699 2424 848 2491; x_wconf 89' lang='lat' dir='ltr'><strong>part.</strong></span> <span class='ocrx_word' id='word_1_174' title='bbox 883 2437 943 2488; x_wconf 84' lang='grc' dir='ltr'>ιι,</span> <span class='ocrx_word' id='word_1_175' title='bbox 971 2421 1079 2476; x_wconf 83' lang='grc'><strong>601.</strong></span> <span class='ocrx_word' id='word_1_176' title='bbox 1113 2421 1262 2493; x_wconf 86' lang='grc'><strong>459.)</strong></span> 
     </span>
    </p>
   </div>
   <div class='ocr_carea' id='block_1_26' title="bbox 636 2509 2218 2583">
    <p class='ocr_par' dir='ltr' id='par_1_26' title="bbox 636 2509 2218 2583">
     <span class='ocr_line' id='line_1_26' title="bbox 636 2509 2218 2583; baseline 0.002 -19"><span class='ocrx_word' id='word_1_177' title='bbox 636 2509 894 2565; x_wconf 89' lang='lat' dir='ltr'><strong>Montem</strong></span> <span class='ocrx_word' id='word_1_178' title='bbox 924 2509 984 2564; x_wconf 94' lang='lat' dir='ltr'><strong>in</strong></span> <span class='ocrx_word' id='word_1_179' title='bbox 1016 2526 1133 2582; x_wconf 88' lang='lat' dir='ltr'><strong>quo</strong></span> <span class='ocrx_word' id='word_1_180' title='bbox 1165 2509 1388 2583; x_wconf 87' lang='lat' dir='ltr'><strong>placuit</strong></span> <span class='ocrx_word' id='word_1_181' title='bbox 1416 2510 1532 2566; x_wconf 92' lang='lat' dir='ltr'><strong>Deo</strong></span> <span class='ocrx_word' id='word_1_182' title='bbox 1562 2510 1826 2566; x_wconf 84' lang='lat' dir='ltr'><strong>habitare</strong></span> <span class='ocrx_word' id='word_1_183' title='bbox 1864 2509 1923 2565; x_wconf 90' lang='lat' dir='ltr'><strong>in</strong></span> <span class='ocrx_word' id='word_1_184' title='bbox 1975 2527 2060 2578; x_wconf 90' lang='lat' dir='ltr'><strong>eo,</strong></span> <span class='ocrx_word' id='word_1_185' title='bbox 2085 2515 2218 2581; x_wconf 91' lang='lat' dir='ltr'><strong>etc.,</strong></span> 
     </span>
    </p>
   </div>
   <div class='ocr_carea' id='block_1_27' title="bbox 562 2597 2221 2673">
    <p class='ocr_par' dir='ltr' id='par_1_27' title="bbox 562 2597 2221 2673">
     <span class='ocr_line' id='line_1_27' title="bbox 562 2597 2221 2673; baseline 0.002 -19"><span class='ocrx_word' id='word_1_186' title='bbox 562 2615 736 2673; x_wconf 82' lang='lat' dir='ltr'><strong>usque</strong></span> <span class='ocrx_word' id='word_1_187' title='bbox 765 2599 850 2655; x_wconf 88' lang='lat' dir='ltr'><strong>ad</strong></span> <span class='ocrx_word' id='word_1_188' title='bbox 880 2602 937 2669; x_wconf 86' lang='lat' dir='ltr'><strong>et</strong></span> <span class='ocrx_word' id='word_1_189' title='bbox 963 2602 1026 2653; x_wconf 88' lang='lat' dir='ltr'><strong>tu</strong></span> <span class='ocrx_word' id='word_1_190' title='bbox 1057 2597 1117 2653; x_wconf 89' lang='lat' dir='ltr'><strong>in</strong></span> <span class='ocrx_word' id='word_1_191' title='bbox 1149 2615 1262 2654; x_wconf 92' lang='lat' dir='ltr'><strong>me.</strong></span> <span class='ocrx_word' id='word_1_192' title='bbox 1288 2599 1421 2667; x_wconf 91' lang='lat' dir='ltr'><strong>(Id.,</strong></span> <span class='ocrx_word' id='word_1_193' title='bbox 1456 2606 1612 2662; x_wconf 81' lang='lat' dir='ltr'><strong>tract.</strong></span> <span class='ocrx_word' id='word_1_194' title='bbox 1648 2601 1709 2654; x_wconf 89' lang='lat' dir='ltr'><strong>in</strong></span> <span class='ocrx_word' id='word_1_195' title='bbox 1731 2600 1875 2672; x_wconf 85' lang='lat' dir='ltr'><strong>psal.</strong></span> <span class='ocrx_word' id='word_1_196' title='bbox 1907 2604 2221 2669; x_wconf 81' lang='lat' dir='ltr'><strong>vau,tom.</strong></span> 
     </span>
    </p>
   </div>
   <div class='ocr_carea' id='block_1_28' title="bbox 562 2686 1457 2760">
    <p class='ocr_par' dir='ltr' id='par_1_28' title="bbox 562 2686 1457 2760">
     <span class='ocr_line' id='line_1_28' title="bbox 562 2686 1457 2760; baseline -0.001 -18"><span class='ocrx_word' id='word_1_197' title='bbox 562 2687 661 2754; x_wconf 88' lang='lat' dir='ltr'><strong>IV,</strong></span> <span class='ocrx_word' id='word_1_198' title='bbox 692 2691 842 2760; x_wconf 85' lang='lat' dir='ltr'><strong>part.</strong></span> <span class='ocrx_word' id='word_1_199' title='bbox 876 2704 915 2754; x_wconf 91' lang='grc' dir='ltr'>ι,</span> <span class='ocrx_word' id='word_1_200' title='bbox 949 2686 1058 2742; x_wconf 90' lang='lat' dir='ltr'><strong>col.</strong></span> <span class='ocrx_word' id='word_1_201' title='bbox 1089 2688 1197 2742; x_wconf 86' lang='lat'><strong>826</strong></span> <span class='ocrx_word' id='word_1_202' title='bbox 1223 2690 1281 2743; x_wconf 92' lang='lat' dir='ltr'><strong>et</strong></span> <span class='ocrx_word' id='word_1_203' title='bbox 1307 2691 1457 2760; x_wconf 86' lang='lat' dir='ltr'><strong>seq.)</strong></span> 
     </span>
    </p>
   </div>
   <div class='ocr_carea' id='block_1_29' title="bbox 632 2778 2222 2849">
    <p class='ocr_par' dir='ltr' id='par_1_29' title="bbox 632 2778 2222 2849">
     <span class='ocr_line' id='line_1_29' title="bbox 632 2778 2222 2849; baseline 0.001 -16"><span class='ocrx_word' id='word_1_204' title='bbox 632 2779 697 2834; x_wconf 91' lang='lat' dir='ltr'><strong>In</strong></span> <span class='ocrx_word' id='word_1_205' title='bbox 727 2793 831 2848; x_wconf 84' lang='lat' dir='ltr'><strong>quo</strong></span> <span class='ocrx_word' id='word_1_206' title='bbox 857 2783 909 2833; x_wconf 90' lang='lat' dir='ltr'><strong>et</strong></span> <span class='ocrx_word' id='word_1_207' title='bbox 934 2778 1408 2845; x_wconf 87' lang='lat' dir='ltr'><strong>circumcisi,etc.,</strong></span> <span class='ocrx_word' id='word_1_208' title='bbox 1431 2794 1619 2849; x_wconf 91' lang='lat' dir='ltr'><strong>usque</strong></span> <span class='ocrx_word' id='word_1_209' title='bbox 1646 2778 1718 2833; x_wconf 86' lang='lat' dir='ltr'><strong>ad</strong></span> <span class='ocrx_word' id='word_1_210' title='bbox 1745 2780 2033 2834; x_wconf 68' lang='lat' dir='ltr'><strong>suscitavit</strong></span> <span class='ocrx_word' id='word_1_211' title='bbox 2058 2779 2222 2835; x_wconf 87' lang='lat' dir='ltr'><strong>illum</strong></span> 
     </span>
    </p>
   </div>
   <div class='ocr_carea' id='block_1_30' title="bbox 559 2865 2218 2941">
    <p class='ocr_par' dir='ltr' id='par_1_30' title="bbox 559 2865 2218 2941">
     <span class='ocr_line' id='line_1_30' title="bbox 559 2865 2218 2941; baseline 0.001 -19"><span class='ocrx_word' id='word_1_212' title='bbox 559 2883 596 2922; x_wconf 88' lang='lat' dir='ltr'><strong>a</strong></span> <span class='ocrx_word' id='word_1_213' title='bbox 621 2869 874 2923; x_wconf 76' lang='lat' dir='ltr'><strong>mortuis.</strong></span> <span class='ocrx_word' id='word_1_214' title='bbox 910 2865 1062 2921; x_wconf 92' lang='lat' dir='ltr'><strong>Illud</strong></span> <span class='ocrx_word' id='word_1_215' title='bbox 1087 2866 1401 2922; x_wconf 88' lang='lat' dir='ltr'><strong>sabbatum</strong></span> <span class='ocrx_word' id='word_1_216' title='bbox 1432 2865 1547 2923; x_wconf 89' lang='lat' dir='ltr'><strong>nisi</strong></span> <span class='ocrx_word' id='word_1_217' title='bbox 1577 2870 1633 2923; x_wconf 87' lang='lat' dir='ltr'><strong>et</strong></span> <span class='ocrx_word' id='word_1_218' title='bbox 1663 2866 1859 2939; x_wconf 90' lang='lat' dir='ltr'><strong>ipsum</strong></span> <span class='ocrx_word' id='word_1_219' title='bbox 1892 2867 2047 2923; x_wconf 88' lang='lat' dir='ltr'><strong>inter</strong></span> <span class='ocrx_word' id='word_1_220' title='bbox 2086 2884 2218 2941; x_wconf 90' lang='lat' dir='ltr'><strong>pro-</strong></span> 
     </span>
    </p>
   </div>
   <div class='ocr_carea' id='block_1_31' title="bbox 561 2955 2219 3029">
    <p class='ocr_par' dir='ltr' id='par_1_31' title="bbox 561 2955 2219 3029">
     <span class='ocr_line' id='line_1_31' title="bbox 561 2955 2219 3029; baseline 0.001 -18"><span class='ocrx_word' id='word_1_221' title='bbox 561 2956 816 3029; x_wconf 79' lang='lat' dir='ltr'><strong>phetiae,</strong></span> <span class='ocrx_word' id='word_1_222' title='bbox 847 2960 956 3012; x_wconf 87' lang='lat' dir='ltr'><strong>etc.</strong></span> <span class='ocrx_word' id='word_1_223' title='bbox 989 2971 1159 3028; x_wconf 78' lang='lat' dir='ltr'><strong>usque</strong></span> <span class='ocrx_word' id='word_1_224' title='bbox 1201 2955 1271 3011; x_wconf 83' lang='lat' dir='ltr'><strong>ad</strong></span> <span class='ocrx_word' id='word_1_225' title='bbox 1311 2955 1570 3028; x_wconf 91' lang='lat' dir='ltr'><strong>corporis</strong></span> <span class='ocrx_word' id='word_1_226' title='bbox 1597 2956 1811 3012; x_wconf 89' lang='lat' dir='ltr'><strong>carnis.</strong></span> <span class='ocrx_word' id='word_1_227' title='bbox 1845 2957 1978 3027; x_wconf 91' lang='lat' dir='ltr'><strong>(Id.,</strong></span> <span class='ocrx_word' id='word_1_228' title='bbox 2009 2958 2105 3013; x_wconf 88' lang='lat' dir='ltr'><strong>lib.</strong></span> <span class='ocrx_word' id='word_1_229' title='bbox 2137 2972 2219 3014; x_wconf 85' lang='lat' dir='ltr'><strong>xu</strong></span> 
     </span>
    </p>
   </div>
   <div class='ocr_carea' id='block_1_32' title="bbox 559 3042 1634 3116">
    <p class='ocr_par' dir='ltr' id='par_1_32' title="bbox 559 3042 1634 3116">
     <span class='ocr_line' id='line_1_32' title="bbox 559 3042 1634 3116; baseline 0 -16"><span class='ocrx_word' id='word_1_230' title='bbox 559 3052 732 3101; x_wconf 83' lang='lat' dir='ltr'><strong>contr.</strong></span> <span class='ocrx_word' id='word_1_231' title='bbox 766 3047 947 3101; x_wconf 84' lang='lat' dir='ltr'><strong>Faust.</strong></span> <span class='ocrx_word' id='word_1_232' title='bbox 980 3048 1122 3101; x_wconf 91' lang='lat' dir='ltr'><strong>tom.</strong></span> <span class='ocrx_word' id='word_1_233' title='bbox 1154 3044 1306 3110; x_wconf 87' lang='lat' dir='ltr'>VIII,</span> <span class='ocrx_word' id='word_1_234' title='bbox 1341 3042 1448 3099; x_wconf 91' lang='lat' dir='ltr'><strong>col.</strong></span> <span class='ocrx_word' id='word_1_235' title='bbox 1483 3045 1634 3116; x_wconf 81' lang='grc'><strong>354.)</strong></span> 
     </span>
    </p>
   </div>
   <div class='ocr_carea' id='block_1_33' title="bbox 630 3132 2219 3206">
    <p class='ocr_par' dir='ltr' id='par_1_33' title="bbox 630 3132 2219 3206">
     <span class='ocr_line' id='line_1_33' title="bbox 630 3132 2219 3206; baseline 0.001 -17"><span class='ocrx_word' id='word_1_236' title='bbox 630 3135 755 3190; x_wconf 84' lang='lat' dir='ltr'><strong>Non</strong></span> <span class='ocrx_word' id='word_1_237' title='bbox 788 3135 936 3190; x_wconf 91' lang='lat' dir='ltr'><strong>duas</strong></span> <span class='ocrx_word' id='word_1_238' title='bbox 966 3133 1168 3206; x_wconf 88' lang='lat' dir='ltr'><strong>utique</strong></span> <span class='ocrx_word' id='word_1_239' title='bbox 1197 3150 1289 3189; x_wconf 89' lang='lat' dir='ltr'><strong>res</strong></span> <span class='ocrx_word' id='word_1_240' title='bbox 1320 3132 1566 3205; x_wconf 85' lang='lat' dir='ltr'><strong>intelligi</strong></span> <span class='ocrx_word' id='word_1_241' title='bbox 1584 3132 1786 3201; x_wconf 84' lang='lat' dir='ltr'><strong>voluit,</strong></span> <span class='ocrx_word' id='word_1_242' title='bbox 1810 3137 1919 3190; x_wconf 85' lang='lat' dir='ltr'><strong>etc.</strong></span> <span class='ocrx_word' id='word_1_243' title='bbox 1950 3150 2121 3206; x_wconf 79' lang='lat' dir='ltr'><strong>usque</strong></span> <span class='ocrx_word' id='word_1_244' title='bbox 2148 3135 2219 3191; x_wconf 89' lang='lat' dir='ltr'><strong>ad</strong></span> 
     </span>
    </p>
   </div>
   <div class='ocr_carea' id='block_1_34' title="bbox 559 3222 2212 3297">
    <p class='ocr_par' dir='ltr' id='par_1_34' title="bbox 559 3222 2212 3297">
     <span class='ocr_line' id='line_1_34' title="bbox 559 3222 2212 3297; baseline -0.001 -17"><span class='ocrx_word' id='word_1_245' title='bbox 559 3241 687 3297; x_wconf 70' lang='lat' dir='ltr'><strong>quae</strong></span> <span class='ocrx_word' id='word_1_246' title='bbox 714 3240 883 3280; x_wconf 85' lang='lat' dir='ltr'><strong>mens</strong></span> <span class='ocrx_word' id='word_1_247' title='bbox 911 3226 1170 3279; x_wconf 83' lang='lat' dir='ltr'><strong>vocatur.</strong></span> <span class='ocrx_word' id='word_1_248' title='bbox 1205 3222 1335 3296; x_wconf 85' lang='lat' dir='ltr'><strong>(Id.,</strong></span> <span class='ocrx_word' id='word_1_249' title='bbox 1369 3222 1466 3278; x_wconf 89' lang='lat' dir='ltr'><strong>lib.</strong></span> <span class='ocrx_word' id='word_1_250' title='bbox 1490 3239 1588 3278; x_wconf 70' lang='lat' dir='ltr'><strong>xxv</strong></span> <span class='ocrx_word' id='word_1_251' title='bbox 1615 3223 1687 3279; x_wconf 86' lang='lat' dir='ltr'><strong>de</strong></span> <span class='ocrx_word' id='word_1_252' title='bbox 1719 3225 1879 3280; x_wconf 82' lang='lat' dir='ltr'><strong>Trin.</strong></span> <span class='ocrx_word' id='word_1_253' title='bbox 1912 3223 2212 3293; x_wconf 88' lang='lat' dir='ltr'><strong>tom.VIlI,</strong></span> 
     </span>
    </p>
   </div>
   <div class='ocr_carea' id='block_1_35' title="bbox 556 3313 883 3383">
    <p class='ocr_par' dir='ltr' id='par_1_35' title="bbox 556 3313 883 3383">
     <span class='ocr_line' id='line_1_35' title="bbox 556 3313 883 3383; baseline -0.009 -13"><span class='ocrx_word' id='word_1_254' title='bbox 556 3314 665 3370; x_wconf 92' lang='lat' dir='ltr'><strong>col.</strong></span> <span class='ocrx_word' id='word_1_255' title='bbox 702 3313 883 3383; x_wconf 88' lang='grc'><strong>1053.)</strong></span> 
     </span>
    </p>
   </div>
   <div class='ocr_carea' id='block_1_36' title="bbox 625 3402 2218 3468">
    <p class='ocr_par' dir='ltr' id='par_1_36' title="bbox 625 3402 2218 3468">
     <span class='ocr_line' id='line_1_36' title="bbox 625 3402 2218 3468; baseline -0.001 -8"><span class='ocrx_word' id='word_1_256' title='bbox 625 3405 691 3460; x_wconf 84' lang='lat' dir='ltr'><strong>In</strong></span> <span class='ocrx_word' id='word_1_257' title='bbox 737 3403 1158 3459; x_wconf 79' lang='lat' dir='ltr'><strong>circumcisione</strong></span> <span class='ocrx_word' id='word_1_258' title='bbox 1207 3402 1429 3468; x_wconf 81' lang='lat' dir='ltr'><strong>Christi,</strong></span> <span class='ocrx_word' id='word_1_259' title='bbox 1480 3410 1532 3458; x_wconf 88' lang='lat' dir='ltr'><strong>et</strong></span> <span class='ocrx_word' id='word_1_260' title='bbox 1577 3408 1794 3459; x_wconf 64' lang='lat' dir='ltr'><strong>caetera.</strong></span> <span class='ocrx_word' id='word_1_261' title='bbox 1849 3402 2218 3459; x_wconf 85' lang='lat' dir='ltr'><strong>Resurrectio</strong></span> 
     </span>
    </p>
   </div>
   <div class='ocr_carea' id='block_1_37' title="bbox 554 3490 2217 3564">
    <p class='ocr_par' dir='ltr' id='par_1_37' title="bbox 554 3490 2217 3564">
     <span class='ocr_line' id='line_1_37' title="bbox 554 3490 2217 3564; baseline -0.001 -16"><span class='ocrx_word' id='word_1_262' title='bbox 554 3492 769 3549; x_wconf 85' lang='lat' dir='ltr'><strong>Christi</strong></span> <span class='ocrx_word' id='word_1_263' title='bbox 822 3508 950 3564; x_wconf 65' lang='lat' dir='ltr'><strong>quae</strong></span> <span class='ocrx_word' id='word_1_264' title='bbox 1002 3491 1157 3547; x_wconf 84' lang='lat' dir='ltr'><strong>facta</strong></span> <span class='ocrx_word' id='word_1_265' title='bbox 1204 3494 1294 3546; x_wconf 86' lang='lat' dir='ltr'><strong>est</strong></span> <span class='ocrx_word' id='word_1_266' title='bbox 1343 3490 1513 3547; x_wconf 87' lang='lat' dir='ltr'><strong>tertio</strong></span> <span class='ocrx_word' id='word_1_267' title='bbox 1563 3491 1800 3563; x_wconf 88' lang='lat' dir='ltr'><strong>quidem</strong></span> <span class='ocrx_word' id='word_1_268' title='bbox 1849 3490 1942 3546; x_wconf 89' lang='lat' dir='ltr'><strong>die</strong></span> <span class='ocrx_word' id='word_1_269' title='bbox 1992 3491 2217 3563; x_wconf 89' lang='lat' dir='ltr'><strong>passio-</strong></span> 
     </span>
    </p>
   </div>
   <div class='ocr_carea' id='block_1_38' title="bbox 553 3579 2219 3653">
    <p class='ocr_par' dir='ltr' id='par_1_38' title="bbox 553 3579 2219 3653">
     <span class='ocr_line' id='line_1_38' title="bbox 553 3579 2219 3653; baseline 0 -16"><span class='ocrx_word' id='word_1_270' title='bbox 553 3581 667 3649; x_wconf 89' lang='lat' dir='ltr'><strong>nis,</strong></span> <span class='ocrx_word' id='word_1_271' title='bbox 719 3585 851 3649; x_wconf 90' lang='lat' dir='ltr'><strong>etc.,</strong></span> <span class='ocrx_word' id='word_1_272' title='bbox 901 3597 1071 3653; x_wconf 87' lang='lat' dir='ltr'><strong>usque</strong></span> <span class='ocrx_word' id='word_1_273' title='bbox 1112 3580 1186 3635; x_wconf 87' lang='lat' dir='ltr'><strong>ad</strong></span> <span class='ocrx_word' id='word_1_274' title='bbox 1233 3579 1440 3653; x_wconf 89' lang='lat' dir='ltr'><strong>sapitis</strong></span> <span class='ocrx_word' id='word_1_275' title='bbox 1487 3596 1666 3652; x_wconf 88' lang='lat' dir='ltr'><strong>super</strong></span> <span class='ocrx_word' id='word_1_276' title='bbox 1706 3583 1947 3635; x_wconf 89' lang='lat' dir='ltr'><strong>terram.</strong></span> <span class='ocrx_word' id='word_1_277' title='bbox 1993 3581 2103 3651; x_wconf 92' lang='lat' dir='ltr'>Id.,</span> <span class='ocrx_word' id='word_1_278' title='bbox 2148 3597 2219 3637; x_wconf 74' lang='lat' dir='ltr'><strong>ea:</strong></span> 
     </span>
    </p>
   </div>
   <div class='ocr_carea' id='block_1_39' title="bbox 554 3667 1751 3743">
    <p class='ocr_par' dir='ltr' id='par_1_39' title="bbox 554 3667 1751 3743">
     <span class='ocr_line' id='line_1_39' title="bbox 554 3667 1751 3743; baseline -0.003 -16"><span class='ocrx_word' id='word_1_279' title='bbox 554 3672 698 3727; x_wconf 84' lang='lat' dir='ltr'><strong>verb.</strong></span> <span class='ocrx_word' id='word_1_280' title='bbox 732 3677 905 3743; x_wconf 82' lang='lat' dir='ltr'><strong>apost.</strong></span> <span class='ocrx_word' id='word_1_281' title='bbox 939 3675 1086 3725; x_wconf 86' lang='lat' dir='ltr'><strong>tom.</strong></span> <span class='ocrx_word' id='word_1_282' title='bbox 1107 3669 1177 3737; x_wconf 93' lang='lat' dir='ltr'><strong>V,</strong></span> <span class='ocrx_word' id='word_1_283' title='bbox 1208 3673 1357 3742; x_wconf 88' lang='lat' dir='ltr'><strong>part.</strong></span> <span class='ocrx_word' id='word_1_284' title='bbox 1383 3685 1424 3740; x_wconf 87' lang='grc' dir='ltr'>ι,</span> <span class='ocrx_word' id='word_1_285' title='bbox 1458 3667 1569 3725; x_wconf 84' lang='grc'><strong>001.</strong></span> <span class='ocrx_word' id='word_1_286' title='bbox 1600 3670 1751 3736; x_wconf 86' lang='grc'><strong>916.)</strong></span> 
     </span>
    </p>
   </div>
   <div class='ocr_carea' id='block_1_40' title="bbox 625 3758 2216 3830">
    <p class='ocr_par' dir='ltr' id='par_1_40' title="bbox 625 3758 2216 3830">
     <span class='ocr_line' id='line_1_40' title="bbox 625 3758 2216 3830; baseline 0.001 -16"><span class='ocrx_word' id='word_1_287' title='bbox 625 3760 689 3815; x_wconf 85' lang='lat' dir='ltr'><strong>Et</strong></span> <span class='ocrx_word' id='word_1_288' title='bbox 719 3776 810 3816; x_wconf 85' lang='lat' dir='ltr'><strong>vos</strong></span> <span class='ocrx_word' id='word_1_289' title='bbox 836 3776 961 3815; x_wconf 86' lang='lat' dir='ltr'><strong>cum</strong></span> <span class='ocrx_word' id='word_1_290' title='bbox 983 3761 1194 3815; x_wconf 85' lang='lat' dir='ltr'><strong>mortui</strong></span> <span class='ocrx_word' id='word_1_291' title='bbox 1219 3760 1424 3827; x_wconf 85' lang='lat' dir='ltr'><strong>essetis,</strong></span> <span class='ocrx_word' id='word_1_292' title='bbox 1457 3762 1788 3830; x_wconf 85' lang='lat' dir='ltr'><strong>etc.,usque</strong></span> <span class='ocrx_word' id='word_1_293' title='bbox 1810 3759 1882 3813; x_wconf 88' lang='lat' dir='ltr'><strong>ad</strong></span> <span class='ocrx_word' id='word_1_294' title='bbox 1913 3761 2098 3815; x_wconf 85' lang='lat' dir='ltr'><strong>omnia</strong></span> <span class='ocrx_word' id='word_1_295' title='bbox 2128 3758 2216 3815; x_wconf 88' lang='lat' dir='ltr'><strong>de-</strong></span> 
     </span>
    </p>
   </div>
   <div class='ocr_carea' id='block_1_41' title="bbox 554 3847 2213 3922">
    <p class='ocr_par' dir='ltr' id='par_1_41' title="bbox 554 3847 2213 3922">
     <span class='ocr_line' id='line_1_41' title="bbox 554 3847 2213 3922; baseline 0 -18"><span class='ocrx_word' id='word_1_296' title='bbox 554 3849 705 3905; x_wconf 86' lang='lat' dir='ltr'><strong>licta.</strong></span> <span class='ocrx_word' id='word_1_297' title='bbox 739 3848 1095 3922; x_wconf 65' lang='lat' dir='ltr'><strong>Preputium</strong></span> <span class='ocrx_word' id='word_1_298' title='bbox 1125 3848 1372 3917; x_wconf 87' lang='lat' dir='ltr'><strong>vocavit,</strong></span> <span class='ocrx_word' id='word_1_299' title='bbox 1407 3853 1540 3912; x_wconf 85' lang='lat' dir='ltr'><strong>etc.,</strong></span> <span class='ocrx_word' id='word_1_300' title='bbox 1572 3863 1747 3921; x_wconf 73' lang='lat' dir='ltr'><strong>usgue</strong></span> <span class='ocrx_word' id='word_1_301' title='bbox 1777 3849 1859 3905; x_wconf 86' lang='lat' dir='ltr'><strong>ad</strong></span> <span class='ocrx_word' id='word_1_302' title='bbox 1885 3847 2213 3921; x_wconf 77' lang='lat' dir='ltr'><strong>exspoliari-</strong></span> 
     </span>
    </p>
   </div>
   <div class='ocr_carea' id='block_1_42' title="bbox 552 3936 2210 4009">
    <p class='ocr_par' dir='ltr' id='par_1_42' title="bbox 552 3936 2210 4009">
     <span class='ocr_line' id='line_1_42' title="bbox 552 3936 2210 4009; baseline 0.001 -16"><span class='ocrx_word' id='word_1_303' title='bbox 552 3938 612 3993; x_wconf 91' lang='lat' dir='ltr'><strong>di</strong></span> <span class='ocrx_word' id='word_1_304' title='bbox 662 3955 892 3995; x_wconf 89' lang='lat' dir='ltr'><strong>sumus.</strong></span> <span class='ocrx_word' id='word_1_305' title='bbox 944 3938 1080 4009; x_wconf 87' lang='lat' dir='ltr'><strong>(Id.,</strong></span> <span class='ocrx_word' id='word_1_306' title='bbox 1133 3938 1230 3993; x_wconf 88' lang='lat' dir='ltr'><strong>lib.</strong></span> <span class='ocrx_word' id='word_1_307' title='bbox 1281 3936 1353 3992; x_wconf 86' lang='lat' dir='ltr'><strong>ad</strong></span> <span class='ocrx_word' id='word_1_308' title='bbox 1399 3938 1562 3993; x_wconf 85' lang='lat' dir='ltr'><strong>Paul.</strong></span> <span class='ocrx_word' id='word_1_309' title='bbox 1596 3938 1784 4009; x_wconf 87' lang='lat' dir='ltr'><strong>episc.,</strong></span> <span class='ocrx_word' id='word_1_310' title='bbox 1817 3941 1959 3993; x_wconf 89' lang='lat' dir='ltr'><strong>tom.</strong></span> <span class='ocrx_word' id='word_1_311' title='bbox 1996 3942 2068 3993; x_wconf 89' lang='lat' dir='ltr'><strong>II.</strong></span> <span class='ocrx_word' id='word_1_312' title='bbox 2102 3937 2210 3994; x_wconf 93' lang='lat' dir='ltr'><strong>col.</strong></span> 
     </span>
    </p>
   </div>
   <div class='ocr_carea' id='block_1_43' title="bbox 551 4028 704 4099">
    <p class='ocr_par' dir='ltr' id='par_1_43' title="bbox 551 4028 704 4099">
     <span class='ocr_line' id='line_1_43' title="bbox 551 4028 704 4099; baseline -0.013 -16"><span class='ocrx_word' id='word_1_313' title='bbox 551 4028 704 4099; x_wconf 75' lang='grc'><strong>641)</strong></span> 
     </span>
    </p>
   </div>
   <div class='ocr_carea' id='block_1_44' title="bbox 621 4116 2215 4190">
    <p class='ocr_par' dir='ltr' id='par_1_44' title="bbox 621 4116 2215 4190">
     <span class='ocr_line' id='line_1_44' title="bbox 621 4116 2215 4190; baseline 0 -17"><span class='ocrx_word' id='word_1_314' title='bbox 621 4118 773 4173; x_wconf 81' lang='lat' dir='ltr'><strong>Deles</strong></span> <span class='ocrx_word' id='word_1_315' title='bbox 811 4117 952 4190; x_wconf 88' lang='lat' dir='ltr'><strong>quod</strong></span> <span class='ocrx_word' id='word_1_316' title='bbox 992 4117 1248 4173; x_wconf 83' lang='lat' dir='ltr'><strong>adversus</strong></span> <span class='ocrx_word' id='word_1_317' title='bbox 1291 4132 1408 4185; x_wconf 87' lang='lat' dir='ltr'><strong>nos,</strong></span> <span class='ocrx_word' id='word_1_318' title='bbox 1459 4118 1593 4182; x_wconf 89' lang='lat' dir='ltr'><strong>etc.,</strong></span> <span class='ocrx_word' id='word_1_319' title='bbox 1627 4132 1818 4189; x_wconf 86' lang='lat' dir='ltr'><strong>usque</strong></span> <span class='ocrx_word' id='word_1_320' title='bbox 1859 4116 1930 4172; x_wconf 90' lang='lat' dir='ltr'><strong>ad</strong></span> <span class='ocrx_word' id='word_1_321' title='bbox 1984 4118 2215 4188; x_wconf 81' lang='lat' dir='ltr'><strong>afﬁgens</strong></span> 
     </span>
    </p>
   </div>
   <div class='ocr_carea' id='block_1_45' title="bbox 550 4207 2213 4280">
    <p class='ocr_par' dir='ltr' id='par_1_45' title="bbox 550 4207 2213 4280">
     <span class='ocr_line' id='line_1_45' title="bbox 550 4207 2213 4280; baseline 0 -18"><span class='ocrx_word' id='word_1_322' title='bbox 550 4207 695 4263; x_wconf 88' lang='lat' dir='ltr'><strong>illud</strong></span> <span class='ocrx_word' id='word_1_323' title='bbox 724 4207 1182 4264; x_wconf 85' lang='lat' dir='ltr'><strong>cruci.Nostrum</strong></span> <span class='ocrx_word' id='word_1_324' title='bbox 1207 4221 1345 4279; x_wconf 86' lang='lat' dir='ltr'><strong>ergo</strong></span> <span class='ocrx_word' id='word_1_325' title='bbox 1368 4221 1583 4278; x_wconf 90' lang='lat' dir='ltr'><strong>corpus</strong></span> <span class='ocrx_word' id='word_1_326' title='bbox 1607 4210 1908 4261; x_wconf 88' lang='lat' dir='ltr'><strong>mortuum</strong></span> <span class='ocrx_word' id='word_1_327' title='bbox 1940 4210 2022 4261; x_wconf 84' lang='lat' dir='ltr'><strong>est</strong></span> <span class='ocrx_word' id='word_1_328' title='bbox 2047 4222 2213 4280; x_wconf 82' lang='lat' dir='ltr'><strong>prop-</strong></span> 
     </span>
    </p>
   </div>
   <div class='ocr_carea' id='block_1_46' title="bbox 551 4294 2210 4368">
    <p class='ocr_par' dir='ltr' id='par_1_46' title="bbox 551 4294 2210 4368">
     <span class='ocr_line' id='line_1_46' title="bbox 551 4294 2210 4368; baseline 0 -15"><span class='ocrx_word' id='word_1_329' title='bbox 551 4300 637 4352; x_wconf 90' lang='lat' dir='ltr'><strong>ter</strong></span> <span class='ocrx_word' id='word_1_330' title='bbox 666 4301 994 4368; x_wconf 90' lang='lat' dir='ltr'><strong>peccatum,</strong></span> <span class='ocrx_word' id='word_1_331' title='bbox 1028 4300 1163 4365; x_wconf 90' lang='lat' dir='ltr'><strong>etc.,</strong></span> <span class='ocrx_word' id='word_1_332' title='bbox 1195 4311 1368 4367; x_wconf 81' lang='lat' dir='ltr'><strong>usque</strong></span> <span class='ocrx_word' id='word_1_333' title='bbox 1404 4294 1475 4350; x_wconf 87' lang='lat' dir='ltr'><strong>ad</strong></span> <span class='ocrx_word' id='word_1_334' title='bbox 1514 4297 1910 4366; x_wconf 86' lang='lat' dir='ltr'><strong>peccatorum.</strong></span> <span class='ocrx_word' id='word_1_335' title='bbox 1944 4295 2075 4368; x_wconf 88' lang='lat' dir='ltr'><strong>(Id.,</strong></span> <span class='ocrx_word' id='word_1_336' title='bbox 2110 4296 2210 4353; x_wconf 86' lang='lat' dir='ltr'><strong>lib.</strong></span> 
     </span>
    </p>
   </div>
   <div class='ocr_carea' id='block_1_47' title="bbox 549 4383 2059 4458">
    <p class='ocr_par' dir='ltr' id='par_1_47' title="bbox 549 4383 2059 4458">
     <span class='ocr_line' id='line_1_47' title="bbox 549 4383 2059 4458; baseline -0.001 -18"><span class='ocrx_word' id='word_1_337' title='bbox 549 4401 591 4441; x_wconf 91' lang='grc' dir='ltr'><strong>ιι</strong></span> <span class='ocrx_word' id='word_1_338' title='bbox 618 4385 685 4442; x_wconf 83' lang='lat' dir='ltr'><strong>de</strong></span> <span class='ocrx_word' id='word_1_339' title='bbox 714 4387 994 4458; x_wconf 88' lang='lat' dir='ltr'><strong>Baptismo</strong></span> <span class='ocrx_word' id='word_1_340' title='bbox 1022 4402 1201 4457; x_wconf 81' lang='grc' dir='ltr'><strong>ρανυ..</strong></span> <span class='ocrx_word' id='word_1_341' title='bbox 1235 4388 1379 4440; x_wconf 85' lang='lat' dir='ltr'><strong>tom.</strong></span> <span class='ocrx_word' id='word_1_342' title='bbox 1409 4384 1473 4453; x_wconf 89' lang='grc' dir='ltr'><strong>Χ,</strong></span> <span class='ocrx_word' id='word_1_343' title='bbox 1510 4386 1660 4456; x_wconf 86' lang='lat' dir='ltr'><strong>part.</strong></span> <span class='ocrx_word' id='word_1_344' title='bbox 1695 4402 1735 4451; x_wconf 84' lang='lat'><strong>1,</strong></span> <span class='ocrx_word' id='word_1_345' title='bbox 1769 4383 1876 4442; x_wconf 88' lang='lat' dir='ltr'><strong>col.</strong></span> <span class='ocrx_word' id='word_1_346' title='bbox 1916 4384 2059 4457; x_wconf 92' lang='grc'><strong>180.)</strong></span> 
     </span>
    </p>
   </div>
   <div class='ocr_carea' id='block_1_48' title="bbox 619 4471 2212 4547">
    <p class='ocr_par' dir='ltr' id='par_1_48' title="bbox 619 4471 2212 4547">
     <span class='ocr_line' id='line_1_48' title="bbox 619 4471 2212 4547; baseline 0.001 -18"><span class='ocrx_word' id='word_1_347' title='bbox 619 4475 726 4543; x_wconf 91' lang='lat' dir='ltr'><strong>Tu,</strong></span> <span class='ocrx_word' id='word_1_348' title='bbox 762 4474 977 4547; x_wconf 87' lang='lat' dir='ltr'><strong>inquit,</strong></span> <span class='ocrx_word' id='word_1_349' title='bbox 1008 4472 1338 4529; x_wconf 87' lang='lat' dir='ltr'><strong>humiliasti</strong></span> <span class='ocrx_word' id='word_1_350' title='bbox 1386 4472 1541 4528; x_wconf 87' lang='lat' dir='ltr'><strong>sicut</strong></span> <span class='ocrx_word' id='word_1_351' title='bbox 1579 4471 1952 4529; x_wconf 85' lang='lat' dir='ltr'><strong>vulneratum</strong></span> <span class='ocrx_word' id='word_1_352' title='bbox 2003 4491 2212 4547; x_wconf 86' lang='lat' dir='ltr'><strong>super-</strong></span> 
     </span>
    </p>
   </div>
   <div class='ocr_carea' id='block_1_49' title="bbox 551 4562 2207 4636">
    <p class='ocr_par' dir='ltr' id='par_1_49' title="bbox 551 4562 2207 4636">
     <span class='ocr_line' id='line_1_49' title="bbox 551 4562 2207 4636; baseline -0.001 -17"><span class='ocrx_word' id='word_1_353' title='bbox 551 4564 714 4632; x_wconf 91' lang='lat' dir='ltr'><strong>bum,</strong></span> <span class='ocrx_word' id='word_1_354' title='bbox 747 4568 881 4631; x_wconf 86' lang='lat' dir='ltr'><strong>etc.,</strong></span> <span class='ocrx_word' id='word_1_355' title='bbox 912 4580 1082 4636; x_wconf 86' lang='lat' dir='ltr'><strong>usque</strong></span> <span class='ocrx_word' id='word_1_356' title='bbox 1131 4563 1201 4618; x_wconf 89' lang='lat' dir='ltr'><strong>ad</strong></span> <span class='ocrx_word' id='word_1_357' title='bbox 1248 4562 1349 4618; x_wconf 91' lang='lat' dir='ltr'><strong>ubi</strong></span> <span class='ocrx_word' id='word_1_358' title='bbox 1394 4563 1687 4635; x_wconf 89' lang='lat' dir='ltr'><strong>superbus</strong></span> <span class='ocrx_word' id='word_1_359' title='bbox 1717 4566 1825 4618; x_wconf 88' lang='lat' dir='ltr'><strong>est.</strong></span> <span class='ocrx_word' id='word_1_360' title='bbox 1872 4562 2002 4634; x_wconf 91' lang='lat' dir='ltr'>(Id.,</span> <span class='ocrx_word' id='word_1_361' title='bbox 2049 4572 2207 4620; x_wconf 87' lang='lat' dir='ltr'><strong>tract.</strong></span> 
     </span>
    </p>
   </div>
   <div class='ocr_carea' id='block_1_50' title="bbox 2339 631 4002 709">
    <p class='ocr_par' dir='ltr' id='par_1_50' title="bbox 2339 631 4002 709">
     <span class='ocr_line' id='line_1_50' title="bbox 2339 631 4002 709; baseline -0.002 -18"><span class='ocrx_word' id='word_1_362' title='bbox 2339 640 2473 703; x_wconf 91' lang='lat' dir='ltr'><strong>etc.,</strong></span> <span class='ocrx_word' id='word_1_363' title='bbox 2523 651 2698 709; x_wconf 70' lang='lat' dir='ltr'><strong>usque</strong></span> <span class='ocrx_word' id='word_1_364' title='bbox 2743 635 2828 692; x_wconf 87' lang='lat' dir='ltr'><strong>ad</strong></span> <span class='ocrx_word' id='word_1_365' title='bbox 2870 634 3086 690; x_wconf 83' lang='lat' dir='ltr'><strong>servire</strong></span> <span class='ocrx_word' id='word_1_366' title='bbox 3132 637 3372 707; x_wconf 81' lang='lat' dir='ltr'><strong>cogunt.</strong></span> <span class='ocrx_word' id='word_1_367' title='bbox 3424 632 3557 705; x_wconf 89' lang='lat' dir='ltr'>(Id.,</span> <span class='ocrx_word' id='word_1_368' title='bbox 3591 634 3690 689; x_wconf 89' lang='lat' dir='ltr'><strong>lib.</strong></span> <span class='ocrx_word' id='word_1_369' title='bbox 3734 631 3804 687; x_wconf 87' lang='lat' dir='ltr'><strong>ad</strong></span> <span class='ocrx_word' id='word_1_370' title='bbox 3832 631 4002 688; x_wconf 81' lang='lat' dir='ltr'><strong>Paul.</strong></span> 
     </span>
    </p>
   </div>
   <div class='ocr_carea' id='block_1_51' title="bbox 2336 720 4008 798">
    <p class='ocr_par' dir='ltr' id='par_1_51' title="bbox 2336 720 4008 798">
     <span class='ocr_line' id='line_1_51' title="bbox 2336 720 4008 798; baseline -0.002 -16"><span class='ocrx_word' id='word_1_371' title='bbox 2336 727 2498 798; x_wconf 87' lang='lat' dir='ltr'><strong>episc.</strong></span> <span class='ocrx_word' id='word_1_372' title='bbox 2528 741 2598 781; x_wconf 78' lang='lat' dir='ltr'><strong>ea:</strong></span> <span class='ocrx_word' id='word_1_373' title='bbox 2626 726 2723 780; x_wconf 85' lang='lat' dir='ltr'><strong>lib.</strong></span> <span class='ocrx_word' id='word_1_374' title='bbox 2756 724 2820 781; x_wconf 82' lang='lat' dir='ltr'><strong>de</strong></span> <span class='ocrx_word' id='word_1_375' title='bbox 2843 728 3015 794; x_wconf 80' lang='lat' dir='ltr'><strong>Agon.</strong></span> <span class='ocrx_word' id='word_1_376' title='bbox 3046 723 3276 794; x_wconf 67' lang='lat' dir='ltr'><strong>Christ,</strong></span> <span class='ocrx_word' id='word_1_377' title='bbox 3308 726 3453 779; x_wconf 89' lang='lat' dir='ltr'><strong>tom.</strong></span> <span class='ocrx_word' id='word_1_378' title='bbox 3484 722 3582 794; x_wconf 86' lang='lat' dir='ltr'>VI,</span> <span class='ocrx_word' id='word_1_379' title='bbox 3634 720 3742 778; x_wconf 92' lang='lat' dir='ltr'><strong>col.</strong></span> <span class='ocrx_word' id='word_1_380' title='bbox 3791 720 3889 777; x_wconf 79' lang='lat'><strong>291</strong></span> <span class='ocrx_word' id='word_1_381' title='bbox 3944 724 4008 778; x_wconf 89' lang='lat' dir='ltr'><strong>et</strong></span> 
     </span>
    </p>
   </div>
   <div class='ocr_carea' id='block_1_52' title="bbox 2338 817 2494 887">
    <p class='ocr_par' dir='ltr' id='par_1_52' title="bbox 2338 817 2494 887">
     <span class='ocr_line' id='line_1_52' title="bbox 2338 817 2494 887; baseline -0.032 -14"><span class='ocrx_word' id='word_1_382' title='bbox 2338 817 2494 887; x_wconf 79' lang='lat' dir='ltr'><strong>seq.)</strong></span> 
     </span>
    </p>
   </div>
   <div class='ocr_carea' id='block_1_53' title="bbox 2407 901 4008 976">
    <p class='ocr_par' dir='ltr' id='par_1_53' title="bbox 2407 901 4008 976">
     <span class='ocr_line' id='line_1_53' title="bbox 2407 901 4008 976; baseline -0.002 -16"><span class='ocrx_word' id='word_1_383' title='bbox 2407 904 2574 960; x_wconf 85' lang='lat' dir='ltr'><strong>Nemo</strong></span> <span class='ocrx_word' id='word_1_384' title='bbox 2601 919 2729 973; x_wconf 85' lang='lat' dir='ltr'><strong>ergo</strong></span> <span class='ocrx_word' id='word_1_385' title='bbox 2755 920 2848 962; x_wconf 84' lang='lat' dir='ltr'><strong>vos</strong></span> <span class='ocrx_word' id='word_1_386' title='bbox 2866 903 3098 976; x_wconf 83' lang='lat' dir='ltr'><strong>judicet,</strong></span> <span class='ocrx_word' id='word_1_387' title='bbox 3147 905 3284 971; x_wconf 87' lang='lat' dir='ltr'><strong>etc.,</strong></span> <span class='ocrx_word' id='word_1_388' title='bbox 3316 918 3509 976; x_wconf 87' lang='lat' dir='ltr'><strong>usque</strong></span> <span class='ocrx_word' id='word_1_389' title='bbox 3558 901 3632 958; x_wconf 90' lang='lat' dir='ltr'><strong>ad</strong></span> <span class='ocrx_word' id='word_1_390' title='bbox 3677 917 3875 974; x_wconf 77' lang='lat' dir='ltr'><strong>corpus</strong></span> <span class='ocrx_word' id='word_1_391' title='bbox 3901 918 4008 956; x_wconf 83' lang='lat' dir='ltr'><strong>au-</strong></span> 
     </span>
    </p>
   </div>
   <div class='ocr_carea' id='block_1_54' title="bbox 2338 990 4011 1065">
    <p class='ocr_par' dir='ltr' id='par_1_54' title="bbox 2338 990 4011 1065">
     <span class='ocr_line' id='line_1_54' title="bbox 2338 990 4011 1065; baseline -0.002 -15"><span class='ocrx_word' id='word_1_392' title='bbox 2338 1000 2446 1050; x_wconf 83' lang='lat' dir='ltr'><strong>tem</strong></span> <span class='ocrx_word' id='word_1_393' title='bbox 2477 992 2905 1051; x_wconf 83' lang='lat' dir='ltr'><strong>Christi.Patres</strong></span> <span class='ocrx_word' id='word_1_394' title='bbox 2932 992 3120 1050; x_wconf 86' lang='lat' dir='ltr'><strong>nostri</strong></span> <span class='ocrx_word' id='word_1_395' title='bbox 3150 991 3253 1065; x_wconf 89' lang='lat' dir='ltr'><strong>qui</strong></span> <span class='ocrx_word' id='word_1_396' title='bbox 3284 992 3401 1049; x_wconf 91' lang='lat' dir='ltr'><strong>duo</strong></span> <span class='ocrx_word' id='word_1_397' title='bbox 3432 990 4011 1065; x_wconf 83' lang='lat' dir='ltr'><strong>placuerunt,tenue-</strong></span> 
     </span>
    </p>
   </div>
   <div class='ocr_carea' id='block_1_55' title="bbox 2338 1080 4012 1156">
    <p class='ocr_par' dir='ltr' id='par_1_55' title="bbox 2338 1080 4012 1156">
     <span class='ocr_line' id='line_1_55' title="bbox 2338 1080 4012 1156; baseline -0.001 -18"><span class='ocrx_word' id='word_1_398' title='bbox 2338 1086 2477 1138; x_wconf 88' lang='lat' dir='ltr'><strong>runt</strong></span> <span class='ocrx_word' id='word_1_399' title='bbox 2506 1082 2796 1148; x_wconf 85' lang='lat' dir='ltr'><strong>ordinem,</strong></span> <span class='ocrx_word' id='word_1_400' title='bbox 2825 1086 3143 1156; x_wconf 83' lang='lat' dir='ltr'><strong>etc.,usque</strong></span> <span class='ocrx_word' id='word_1_401' title='bbox 3172 1082 3255 1145; x_wconf 83' lang='lat' dir='ltr'><strong>ad</strong></span> <span class='ocrx_word' id='word_1_402' title='bbox 3283 1080 3564 1138; x_wconf 85' lang='lat' dir='ltr'><strong>recitatur</strong></span> <span class='ocrx_word' id='word_1_403' title='bbox 3593 1080 3663 1135; x_wconf 88' lang='lat' dir='ltr'><strong>ad</strong></span> <span class='ocrx_word' id='word_1_404' title='bbox 3696 1080 4012 1139; x_wconf 82' lang='lat' dir='ltr'><strong>conﬁrma-</strong></span> 
     </span>
    </p>
   </div>
   <div class='ocr_carea' id='block_1_56' title="bbox 2337 1168 4010 1244">
    <p class='ocr_par' dir='ltr' id='par_1_56' title="bbox 2337 1168 4010 1244">
     <span class='ocr_line' id='line_1_56' title="bbox 2337 1168 4010 1244; baseline -0.001 -18"><span class='ocrx_word' id='word_1_405' title='bbox 2337 1172 2580 1229; x_wconf 87' lang='lat' dir='ltr'><strong>tionem.</strong></span> <span class='ocrx_word' id='word_1_406' title='bbox 2613 1171 2746 1244; x_wconf 94' lang='lat' dir='ltr'><strong>(Id.,</strong></span> <span class='ocrx_word' id='word_1_407' title='bbox 2782 1171 2880 1227; x_wconf 88' lang='lat' dir='ltr'><strong>lib.</strong></span> <span class='ocrx_word' id='word_1_408' title='bbox 2905 1179 3081 1229; x_wconf 87' lang='lat' dir='ltr'><strong>contr.</strong></span> <span class='ocrx_word' id='word_1_409' title='bbox 3112 1173 3325 1240; x_wconf 86' lang='lat' dir='ltr'><strong>Faust.,</strong></span> <span class='ocrx_word' id='word_1_410' title='bbox 3359 1174 3503 1228; x_wconf 90' lang='lat' dir='ltr'><strong>tom.</strong></span> <span class='ocrx_word' id='word_1_411' title='bbox 3536 1168 3688 1240; x_wconf 85' lang='lat' dir='ltr'>VIII,</span> <span class='ocrx_word' id='word_1_412' title='bbox 3739 1168 3851 1225; x_wconf 87' lang='lat' dir='ltr'><strong>col.</strong></span> <span class='ocrx_word' id='word_1_413' title='bbox 3895 1169 4010 1225; x_wconf 83' lang='lat'><strong>236</strong></span> 
     </span>
    </p>
   </div>
   <div class='ocr_carea' id='block_1_57' title="bbox 2337 1262 2569 1332">
    <p class='ocr_par' dir='ltr' id='par_1_57' title="bbox 2337 1262 2569 1332">
     <span class='ocr_line' id='line_1_57' title="bbox 2337 1262 2569 1332; baseline -0.004 -16"><span class='ocrx_word' id='word_1_414' title='bbox 2337 1262 2394 1316; x_wconf 87' lang='lat' dir='ltr'><strong>et</strong></span> <span class='ocrx_word' id='word_1_415' title='bbox 2418 1262 2569 1332; x_wconf 90' lang='lat' dir='ltr'><strong>seq.)</strong></span> 
     </span>
    </p>
   </div>
   <div class='ocr_carea' id='block_1_58' title="bbox 2409 1346 4004 1422">
    <p class='ocr_par' dir='ltr' id='par_1_58' title="bbox 2409 1346 4004 1422">
     <span class='ocr_line' id='line_1_58' title="bbox 2409 1346 4004 1422; baseline 0 -18"><span class='ocrx_word' id='word_1_416' title='bbox 2409 1347 2620 1405; x_wconf 87' lang='lat' dir='ltr'><strong>Omnia</strong></span> <span class='ocrx_word' id='word_1_417' title='bbox 2641 1366 2770 1421; x_wconf 81' lang='lat' dir='ltr'><strong>quae</strong></span> <span class='ocrx_word' id='word_1_418' title='bbox 2794 1349 2949 1407; x_wconf 84' lang='lat' dir='ltr'><strong>dicta</strong></span> <span class='ocrx_word' id='word_1_419' title='bbox 2970 1353 3111 1406; x_wconf 89' lang='lat' dir='ltr'><strong>sunt</strong></span> <span class='ocrx_word' id='word_1_420' title='bbox 3136 1349 3381 1422; x_wconf 90' lang='lat' dir='ltr'><strong>antiquo</strong></span> <span class='ocrx_word' id='word_1_421' title='bbox 3411 1347 3627 1422; x_wconf 86' lang='lat' dir='ltr'><strong>populo</strong></span> <span class='ocrx_word' id='word_1_422' title='bbox 3657 1346 4004 1420; x_wconf 83' lang='lat' dir='ltr'><strong>Israel,etc.,</strong></span> 
     </span>
    </p>
   </div>
   <div class='ocr_carea' id='block_1_59' title="bbox 2335 1437 4005 1512">
    <p class='ocr_par' dir='ltr' id='par_1_59' title="bbox 2335 1437 4005 1512">
     <span class='ocr_line' id='line_1_59' title="bbox 2335 1437 4005 1512; baseline -0.001 -19"><span class='ocrx_word' id='word_1_423' title='bbox 2335 1454 2509 1512; x_wconf 78' lang='lat' dir='ltr'><strong>usque</strong></span> <span class='ocrx_word' id='word_1_424' title='bbox 2536 1438 2623 1495; x_wconf 85' lang='lat' dir='ltr'><strong>ad</strong></span> <span class='ocrx_word' id='word_1_425' title='bbox 2652 1439 2918 1494; x_wconf 87' lang='lat' dir='ltr'><strong>membra</strong></span> <span class='ocrx_word' id='word_1_426' title='bbox 2957 1438 3396 1512; x_wconf 76' lang='lat' dir='ltr'><strong>peregrinantis</strong></span> <span class='ocrx_word' id='word_1_427' title='bbox 3442 1437 3830 1511; x_wconf 79' lang='lat' dir='ltr'><strong>signiﬁcabat.</strong></span> <span class='ocrx_word' id='word_1_428' title='bbox 3865 1438 4005 1504; x_wconf 89' lang='lat' dir='ltr'><strong>(Id.,</strong></span> 
     </span>
    </p>
   </div>
   <div class='ocr_carea' id='block_1_60' title="bbox 2337 1525 4003 1599">
    <p class='ocr_par' dir='ltr' id='par_1_60' title="bbox 2337 1525 4003 1599">
     <span class='ocr_line' id='line_1_60' title="bbox 2337 1525 4003 1599; baseline -0.001 -16"><span class='ocrx_word' id='word_1_429' title='bbox 2337 1535 2494 1583; x_wconf 84' lang='lat' dir='ltr'><strong>tract.</strong></span> <span class='ocrx_word' id='word_1_430' title='bbox 2526 1529 2597 1583; x_wconf 87' lang='lat'>28</span> <span class='ocrx_word' id='word_1_431' title='bbox 2629 1528 2688 1583; x_wconf 87' lang='lat' dir='ltr'><strong>in</strong></span> <span class='ocrx_word' id='word_1_432' title='bbox 2717 1528 2925 1597; x_wconf 85' lang='lat' dir='ltr'><strong>Evang.</strong></span> <span class='ocrx_word' id='word_1_433' title='bbox 2957 1544 3063 1584; x_wconf 85' lang='lat' dir='ltr'><strong>sec.</strong></span> <span class='ocrx_word' id='word_1_434' title='bbox 3095 1528 3278 1595; x_wconf 85' lang='lat' dir='ltr'><strong>Joan.,</strong></span> <span class='ocrx_word' id='word_1_435' title='bbox 3310 1532 3455 1583; x_wconf 86' lang='lat' dir='ltr'><strong>tom.</strong></span> <span class='ocrx_word' id='word_1_436' title='bbox 3489 1526 3585 1594; x_wconf 90' lang='grc' dir='ltr'>ΙΙΙ,</span> <span class='ocrx_word' id='word_1_437' title='bbox 3621 1530 3772 1599; x_wconf 84' lang='lat' dir='ltr'><strong>part.</strong></span> <span class='ocrx_word' id='word_1_438' title='bbox 3800 1543 3862 1594; x_wconf 82' lang='grc' dir='ltr'>ιι,</span> <span class='ocrx_word' id='word_1_439' title='bbox 3886 1525 4003 1582; x_wconf 89' lang='lat' dir='ltr'><strong>col.</strong></span> 
     </span>
    </p>
   </div>
   <div class='ocr_carea' id='block_1_61' title="bbox 2336 1616 2523 1689">
    <p class='ocr_par' dir='ltr' id='par_1_61' title="bbox 2336 1616 2523 1689">
     <span class='ocr_line' id='line_1_61' title="bbox 2336 1616 2523 1689; baseline 0 -17"><span class='ocrx_word' id='word_1_440' title='bbox 2336 1616 2523 1689; x_wconf 78' lang='grc'><strong>1626)</strong></span> 
     </span>
    </p>
   </div>
   <div class='ocr_carea' id='block_1_62' title="bbox 2407 1705 4003 1780">
    <p class='ocr_par' dir='ltr' id='par_1_62' title="bbox 2407 1705 4003 1780">
     <span class='ocr_line' id='line_1_62' title="bbox 2407 1705 4003 1780; baseline -0.001 -18"><span class='ocrx_word' id='word_1_441' title='bbox 2407 1706 2603 1762; x_wconf 90' lang='lat' dir='ltr'><strong>Primo</strong></span> <span class='ocrx_word' id='word_1_442' title='bbox 2633 1706 2973 1763; x_wconf 74' lang='lat' dir='ltr'><strong>Judaeorum</strong></span> <span class='ocrx_word' id='word_1_443' title='bbox 2996 1705 3093 1763; x_wconf 89' lang='lat' dir='ltr'><strong>ille</strong></span> <span class='ocrx_word' id='word_1_444' title='bbox 3118 1706 3562 1780; x_wconf 85' lang='lat' dir='ltr'><strong>redarguendus</strong></span> <span class='ocrx_word' id='word_1_445' title='bbox 3584 1709 3675 1762; x_wconf 88' lang='lat' dir='ltr'><strong>est</strong></span> <span class='ocrx_word' id='word_1_446' title='bbox 3695 1722 4003 1778; x_wconf 87' lang='lat' dir='ltr'><strong>error,quo</strong></span> 
     </span>
    </p>
   </div>
   <div class='ocr_carea' id='block_1_63' title="bbox 2336 1793 4008 1870">
    <p class='ocr_par' dir='ltr' id='par_1_63' title="bbox 2336 1793 4008 1870">
     <span class='ocr_line' id='line_1_63' title="bbox 2336 1793 4008 1870; baseline -0.001 -19"><span class='ocrx_word' id='word_1_447' title='bbox 2336 1798 2568 1868; x_wconf 86' lang='lat' dir='ltr'><strong>putant,</strong></span> <span class='ocrx_word' id='word_1_448' title='bbox 2602 1799 2915 1870; x_wconf 85' lang='lat' dir='ltr'><strong>etc.,usque</strong></span> <span class='ocrx_word' id='word_1_449' title='bbox 2952 1797 3040 1853; x_wconf 88' lang='lat' dir='ltr'><strong>ad</strong></span> <span class='ocrx_word' id='word_1_450' title='bbox 3068 1795 3322 1852; x_wconf 90' lang='lat' dir='ltr'><strong>carnalis</strong></span> <span class='ocrx_word' id='word_1_451' title='bbox 3353 1795 3667 1852; x_wconf 87' lang='lat' dir='ltr'><strong>celebratio</strong></span> <span class='ocrx_word' id='word_1_452' title='bbox 3688 1795 3816 1866; x_wconf 88' lang='lat' dir='ltr'><strong>jam</strong></span> <span class='ocrx_word' id='word_1_453' title='bbox 3842 1793 4008 1868; x_wconf 83' lang='lat' dir='ltr'><strong>quie-</strong></span> 
     </span>
    </p>
   </div>
   <div class='ocr_carea' id='block_1_64' title="bbox 2336 1883 4004 1956">
    <p class='ocr_par' dir='ltr' id='par_1_64' title="bbox 2336 1883 4004 1956">
     <span class='ocr_line' id='line_1_64' title="bbox 2336 1883 4004 1956; baseline 0 -17"><span class='ocrx_word' id='word_1_454' title='bbox 2336 1888 2479 1940; x_wconf 82' lang='lat' dir='ltr'><strong>scat.</strong></span> <span class='ocrx_word' id='word_1_455' title='bbox 2515 1885 2647 1956; x_wconf 92' lang='lat' dir='ltr'><strong>(Id.,</strong></span> <span class='ocrx_word' id='word_1_456' title='bbox 2701 1885 2801 1941; x_wconf 90' lang='lat' dir='ltr'><strong>lib.</strong></span> <span class='ocrx_word' id='word_1_457' title='bbox 2851 1885 3035 1942; x_wconf 86' lang='lat' dir='ltr'><strong>adver.</strong></span> <span class='ocrx_word' id='word_1_458' title='bbox 3078 1884 3229 1955; x_wconf 84' lang='lat' dir='ltr'><strong>lud.,</strong></span> <span class='ocrx_word' id='word_1_459' title='bbox 3279 1889 3424 1942; x_wconf 88' lang='lat' dir='ltr'><strong>tom.</strong></span> <span class='ocrx_word' id='word_1_460' title='bbox 3473 1884 3625 1953; x_wconf 87' lang='lat' dir='ltr'>VIII,</span> <span class='ocrx_word' id='word_1_461' title='bbox 3660 1883 3769 1940; x_wconf 92' lang='lat' dir='ltr'><strong>col.</strong></span> <span class='ocrx_word' id='word_1_462' title='bbox 3819 1884 3895 1940; x_wconf 88' lang='lat'><strong>52</strong></span> <span class='ocrx_word' id='word_1_463' title='bbox 3943 1887 4004 1939; x_wconf 84' lang='lat' dir='ltr'><strong>ct</strong></span> 
     </span>
    </p>
   </div>
   <div class='ocr_carea' id='block_1_65' title="bbox 2335 1976 2486 2046">
    <p class='ocr_par' dir='ltr' id='par_1_65' title="bbox 2335 1976 2486 2046">
     <span class='ocr_line' id='line_1_65' title="bbox 2335 1976 2486 2046; baseline -0.013 -16"><span class='ocrx_word' id='word_1_464' title='bbox 2335 1976 2486 2046; x_wconf 87' lang='lat' dir='ltr'><strong>seq.)</strong></span> 
     </span>
    </p>
   </div>
   <div class='ocr_carea' id='block_1_66' title="bbox 2403 2062 4003 2136">
    <p class='ocr_par' dir='ltr' id='par_1_66' title="bbox 2403 2062 4003 2136">
     <span class='ocr_line' id='line_1_66' title="bbox 2403 2062 4003 2136; baseline 0.003 -18"><span class='ocrx_word' id='word_1_465' title='bbox 2403 2063 2570 2119; x_wconf 84' lang='lat' dir='ltr'><strong>Nemo</strong></span> <span class='ocrx_word' id='word_1_466' title='bbox 2598 2079 2691 2120; x_wconf 84' lang='lat' dir='ltr'><strong>vos</strong></span> <span class='ocrx_word' id='word_1_467' title='bbox 2717 2063 2958 2132; x_wconf 76' lang='lat' dir='ltr'><strong>seducet,</strong></span> <span class='ocrx_word' id='word_1_468' title='bbox 2989 2068 3123 2133; x_wconf 83' lang='lat' dir='ltr'><strong>etc.,</strong></span> <span class='ocrx_word' id='word_1_469' title='bbox 3156 2080 3346 2136; x_wconf 88' lang='lat' dir='ltr'><strong>usque</strong></span> <span class='ocrx_word' id='word_1_470' title='bbox 3379 2064 3449 2121; x_wconf 88' lang='lat' dir='ltr'><strong>ad</strong></span> <span class='ocrx_word' id='word_1_471' title='bbox 3485 2065 3549 2119; x_wconf 87' lang='lat' dir='ltr'><strong>in</strong></span> <span class='ocrx_word' id='word_1_472' title='bbox 3575 2063 3778 2121; x_wconf 79' lang='lat' dir='ltr'><strong>honore</strong></span> <span class='ocrx_word' id='word_1_473' title='bbox 3805 2062 4003 2136; x_wconf 78' lang='lat' dir='ltr'><strong>aliqua</strong></span> 
     </span>
    </p>
   </div>
   <div class='ocr_carea' id='block_1_67' title="bbox 2330 2152 4002 2213">
    <p class='ocr_par' dir='ltr' id='par_1_67' title="bbox 2330 2152 4002 2213">
     <span class='ocr_line' id='line_1_67' title="bbox 2330 2152 4002 2213; baseline 0.003 -5"><span class='ocrx_word' id='word_1_474' title='bbox 2330 2152 2403 2208; x_wconf 89' lang='lat' dir='ltr'><strong>ad</strong></span> <span class='ocrx_word' id='word_1_475' title='bbox 2429 2154 2781 2209; x_wconf 81' lang='lat' dir='ltr'><strong>saturitatem</strong></span> <span class='ocrx_word' id='word_1_476' title='bbox 2808 2156 3011 2211; x_wconf 84' lang='lat' dir='ltr'><strong>carnis.</strong></span> <span class='ocrx_word' id='word_1_477' title='bbox 3047 2154 3109 2211; x_wconf 89' lang='lat' dir='ltr'><strong>In</strong></span> <span class='ocrx_word' id='word_1_478' title='bbox 3160 2153 3253 2210; x_wconf 87' lang='lat' dir='ltr'><strong>his</strong></span> <span class='ocrx_word' id='word_1_479' title='bbox 3302 2152 3494 2210; x_wconf 81' lang='lat' dir='ltr'><strong>verbis</strong></span> <span class='ocrx_word' id='word_1_480' title='bbox 3536 2152 3874 2211; x_wconf 84' lang='lat' dir='ltr'><strong>adhibenda</strong></span> <span class='ocrx_word' id='word_1_481' title='bbox 3909 2156 4002 2213; x_wconf 74' lang='lat' dir='ltr'><strong>est</strong></span> 
     </span>
    </p>
   </div>
   <div class='ocr_carea' id='block_1_68' title="bbox 2333 2242 4002 2316">
    <p class='ocr_par' dir='ltr' id='par_1_68' title="bbox 2333 2242 4002 2316">
     <span class='ocr_line' id='line_1_68' title="bbox 2333 2242 4002 2316; baseline 0.001 -20"><span class='ocrx_word' id='word_1_482' title='bbox 2333 2242 2604 2314; x_wconf 66' lang='lat' dir='ltr'><strong>quaedam</strong></span> <span class='ocrx_word' id='word_1_483' title='bbox 2634 2242 3033 2315; x_wconf 84' lang='lat' dir='ltr'><strong>pronuntiatio</strong></span> <span class='ocrx_word' id='word_1_484' title='bbox 3061 2243 3122 2299; x_wconf 90' lang='lat' dir='ltr'><strong>in</strong></span> <span class='ocrx_word' id='word_1_485' title='bbox 3151 2242 3340 2311; x_wconf 89' lang='lat' dir='ltr'><strong>vultu,</strong></span> <span class='ocrx_word' id='word_1_486' title='bbox 3367 2246 3500 2311; x_wconf 81' lang='lat' dir='ltr'><strong>etc.,</strong></span> <span class='ocrx_word' id='word_1_487' title='bbox 3532 2258 3708 2316; x_wconf 78' lang='lat' dir='ltr'><strong>usque</strong></span> <span class='ocrx_word' id='word_1_488' title='bbox 3728 2243 3814 2301; x_wconf 83' lang='lat' dir='ltr'><strong>ad</strong></span> <span class='ocrx_word' id='word_1_489' title='bbox 3834 2242 4002 2298; x_wconf 81' lang='lat' dir='ltr'><strong>Chri-</strong></span> 
     </span>
    </p>
   </div>
   <div class='ocr_carea' id='block_1_69' title="bbox 2331 2330 3994 2406">
    <p class='ocr_par' dir='ltr' id='par_1_69' title="bbox 2331 2330 3994 2406">
     <span class='ocr_line' id='line_1_69' title="bbox 2331 2330 3994 2406; baseline 0.001 -20"><span class='ocrx_word' id='word_1_490' title='bbox 2331 2334 2429 2387; x_wconf 89' lang='lat' dir='ltr'><strong>tus</strong></span> <span class='ocrx_word' id='word_1_491' title='bbox 2460 2331 2791 2388; x_wconf 88' lang='lat' dir='ltr'><strong>advenerat.</strong></span> <span class='ocrx_word' id='word_1_492' title='bbox 2827 2333 2963 2406; x_wconf 89' lang='lat' dir='ltr'><strong>(Id.,</strong></span> <span class='ocrx_word' id='word_1_493' title='bbox 2994 2333 3092 2389; x_wconf 90' lang='lat' dir='ltr'><strong>lib.</strong></span> <span class='ocrx_word' id='word_1_494' title='bbox 3125 2333 3197 2389; x_wconf 85' lang='lat' dir='ltr'><strong>ad</strong></span> <span class='ocrx_word' id='word_1_495' title='bbox 3222 2330 3393 2390; x_wconf 87' lang='lat' dir='ltr'><strong>Paul.</strong></span> <span class='ocrx_word' id='word_1_496' title='bbox 3425 2334 3768 2406; x_wconf 84' lang='lat' dir='ltr'><strong>episc.,tom.</strong></span> <span class='ocrx_word' id='word_1_497' title='bbox 3801 2331 3994 2399; x_wconf 69' lang='lat'><strong>11,001.</strong></span> 
     </span>
    </p>
   </div>
   <div class='ocr_carea' id='block_1_70' title="bbox 2332 2420 2486 2493">
    <p class='ocr_par' dir='ltr' id='par_1_70' title="bbox 2332 2420 2486 2493">
     <span class='ocr_line' id='line_1_70' title="bbox 2332 2420 2486 2493; baseline 0.006 -18"><span class='ocrx_word' id='word_1_498' title='bbox 2332 2420 2486 2493; x_wconf 76' lang='grc'><strong>640)</strong></span> 
     </span>
    </p>
   </div>
   <div class='ocr_carea' id='block_1_71' title="bbox 2401 2510 3997 2584">
    <p class='ocr_par' dir='ltr' id='par_1_71' title="bbox 2401 2510 3997 2584">
     <span class='ocr_line' id='line_1_71' title="bbox 2401 2510 3997 2584; baseline 0.002 -19"><span class='ocrx_word' id='word_1_499' title='bbox 2401 2510 2700 2567; x_wconf 85' lang='lat' dir='ltr'><strong>Ambulans</strong></span> <span class='ocrx_word' id='word_1_500' title='bbox 2729 2513 2939 2584; x_wconf 85' lang='lat' dir='ltr'><strong>frustra</strong></span> <span class='ocrx_word' id='word_1_501' title='bbox 2963 2513 3212 2582; x_wconf 83' lang='lat' dir='ltr'><strong>inﬂatus,</strong></span> <span class='ocrx_word' id='word_1_502' title='bbox 3240 2515 3376 2579; x_wconf 88' lang='lat' dir='ltr'><strong>etc.,</strong></span> <span class='ocrx_word' id='word_1_503' title='bbox 3409 2526 3597 2584; x_wconf 79' lang='lat' dir='ltr'><strong>usque</strong></span> <span class='ocrx_word' id='word_1_504' title='bbox 3627 2510 3700 2567; x_wconf 89' lang='lat' dir='ltr'><strong>ad</strong></span> <span class='ocrx_word' id='word_1_505' title='bbox 3742 2512 3803 2567; x_wconf 87' lang='lat' dir='ltr'><strong>in</strong></span> <span class='ocrx_word' id='word_1_506' title='bbox 3853 2528 3997 2582; x_wconf 78' lang='lat' dir='ltr'><strong>aug-</strong></span> 
     </span>
    </p>
   </div>
   <div class='ocr_carea' id='block_1_72' title="bbox 2327 2598 3995 2672">
    <p class='ocr_par' dir='ltr' id='par_1_72' title="bbox 2327 2598 3995 2672">
     <span class='ocr_line' id='line_1_72' title="bbox 2327 2598 3995 2672; baseline -0.001 -16"><span class='ocrx_word' id='word_1_507' title='bbox 2327 2607 2572 2656; x_wconf 83' lang='lat' dir='ltr'><strong>mentum</strong></span> <span class='ocrx_word' id='word_1_508' title='bbox 2597 2600 2744 2671; x_wconf 79' lang='lat' dir='ltr'><strong>ﬁdei.</strong></span> <span class='ocrx_word' id='word_1_509' title='bbox 2779 2601 2906 2657; x_wconf 91' lang='lat' dir='ltr'><strong>Non</strong></span> <span class='ocrx_word' id='word_1_510' title='bbox 2949 2605 3146 2657; x_wconf 87' lang='lat' dir='ltr'><strong>autem</strong></span> <span class='ocrx_word' id='word_1_511' title='bbox 3199 2600 3391 2657; x_wconf 90' lang='lat' dir='ltr'><strong>solum</strong></span> <span class='ocrx_word' id='word_1_512' title='bbox 3437 2598 3805 2672; x_wconf 89' lang='lat' dir='ltr'><strong>vaniloquos,</strong></span> <span class='ocrx_word' id='word_1_513' title='bbox 3854 2604 3995 2669; x_wconf 89' lang='lat' dir='ltr'><strong>etc.,</strong></span> 
     </span>
    </p>
   </div>
   <div class='ocr_carea' id='block_1_73' title="bbox 2328 2689 3992 2764">
    <p class='ocr_par' dir='ltr' id='par_1_73' title="bbox 2328 2689 3992 2764">
     <span class='ocr_line' id='line_1_73' title="bbox 2328 2689 3992 2764; baseline 0.001 -19"><span class='ocrx_word' id='word_1_514' title='bbox 2328 2705 2504 2764; x_wconf 78' lang='lat' dir='ltr'><strong>usque</strong></span> <span class='ocrx_word' id='word_1_515' title='bbox 2536 2691 2617 2746; x_wconf 86' lang='lat' dir='ltr'><strong>ad</strong></span> <span class='ocrx_word' id='word_1_516' title='bbox 2644 2689 2924 2746; x_wconf 87' lang='lat' dir='ltr'><strong>liberetur</strong></span> <span class='ocrx_word' id='word_1_517' title='bbox 2953 2707 2987 2747; x_wconf 89' lang='lat' dir='ltr'><strong>a</strong></span> <span class='ocrx_word' id='word_1_518' title='bbox 3018 2689 3194 2747; x_wconf 87' lang='lat' dir='ltr'><strong>malo.</strong></span> <span class='ocrx_word' id='word_1_519' title='bbox 3229 2690 3357 2763; x_wconf 91' lang='lat' dir='ltr'><strong>(Id.,</strong></span> <span class='ocrx_word' id='word_1_520' title='bbox 3391 2697 3547 2747; x_wconf 86' lang='lat' dir='ltr'><strong>tract.</strong></span> <span class='ocrx_word' id='word_1_521' title='bbox 3579 2689 3651 2745; x_wconf 91' lang='lat'>98</span> <span class='ocrx_word' id='word_1_522' title='bbox 3676 2691 3733 2745; x_wconf 83' lang='lat' dir='ltr'><strong>in</strong></span> <span class='ocrx_word' id='word_1_523' title='bbox 3776 2690 3992 2761; x_wconf 68' lang='lat' dir='ltr'><strong>Evmg.</strong></span> 
     </span>
    </p>
   </div>
   <div class='ocr_carea' id='block_1_74' title="bbox 2327 2777 3591 2852">
    <p class='ocr_par' dir='ltr' id='par_1_74' title="bbox 2327 2777 3591 2852">
     <span class='ocr_line' id='line_1_74' title="bbox 2327 2777 3591 2852; baseline -0.001 -17"><span class='ocrx_word' id='word_1_524' title='bbox 2327 2795 2435 2836; x_wconf 78' lang='lat' dir='ltr'><strong>sec.</strong></span> <span class='ocrx_word' id='word_1_525' title='bbox 2460 2781 2640 2846; x_wconf 81' lang='lat' dir='ltr'><strong>Joan.,</strong></span> <span class='ocrx_word' id='word_1_526' title='bbox 2673 2782 2818 2836; x_wconf 87' lang='lat' dir='ltr'><strong>tom.</strong></span> <span class='ocrx_word' id='word_1_527' title='bbox 2854 2779 2953 2846; x_wconf 90' lang='lat' dir='ltr'>III,</span> <span class='ocrx_word' id='word_1_528' title='bbox 2984 2783 3131 2852; x_wconf 85' lang='lat' dir='ltr'><strong>part.</strong></span> <span class='ocrx_word' id='word_1_529' title='bbox 3170 2796 3227 2847; x_wconf 89' lang='grc' dir='ltr'>ιι,</span> <span class='ocrx_word' id='word_1_530' title='bbox 3258 2777 3368 2837; x_wconf 89' lang='lat' dir='ltr'><strong>col.</strong></span> <span class='ocrx_word' id='word_1_531' title='bbox 3408 2779 3591 2850; x_wconf 78' lang='grc'><strong>1884.)</strong></span> 
     </span>
    </p>
   </div>
   <div class='ocr_carea' id='block_1_75' title="bbox 2399 2867 3994 2940">
    <p class='ocr_par' dir='ltr' id='par_1_75' title="bbox 2399 2867 3994 2940">
     <span class='ocr_line' id='line_1_75' title="bbox 2399 2867 3994 2940; baseline 0.001 -15"><span class='ocrx_word' id='word_1_532' title='bbox 2399 2869 2461 2925; x_wconf 90' lang='lat' dir='ltr'><strong>Si</strong></span> <span class='ocrx_word' id='word_1_533' title='bbox 2490 2876 2672 2924; x_wconf 85' lang='lat' dir='ltr'><strong>autem</strong></span> <span class='ocrx_word' id='word_1_534' title='bbox 2698 2869 2925 2939; x_wconf 84' lang='lat' dir='ltr'><strong>mortui,</strong></span> <span class='ocrx_word' id='word_1_535' title='bbox 2958 2873 3092 2937; x_wconf 89' lang='lat' dir='ltr'><strong>etc.,</strong></span> <span class='ocrx_word' id='word_1_536' title='bbox 3126 2883 3315 2940; x_wconf 89' lang='lat' dir='ltr'><strong>usque</strong></span> <span class='ocrx_word' id='word_1_537' title='bbox 3362 2868 3435 2924; x_wconf 79' lang='lat' dir='ltr'><strong>ad</strong></span> <span class='ocrx_word' id='word_1_538' title='bbox 3468 2868 3530 2923; x_wconf 88' lang='lat' dir='ltr'><strong>in</strong></span> <span class='ocrx_word' id='word_1_539' title='bbox 3567 2867 3775 2926; x_wconf 76' lang='lat' dir='ltr'><strong>mundo</strong></span> <span class='ocrx_word' id='word_1_540' title='bbox 3801 2868 3994 2926; x_wconf 72' lang='lat' dir='ltr'><strong>decer-</strong></span> 
     </span>
    </p>
   </div>
   <div class='ocr_carea' id='block_1_76' title="bbox 2327 2956 3993 3030">
    <p class='ocr_par' dir='ltr' id='par_1_76' title="bbox 2327 2956 3993 3030">
     <span class='ocr_line' id='line_1_76' title="bbox 2327 2956 3993 3030; baseline 0.001 -17"><span class='ocrx_word' id='word_1_541' title='bbox 2327 2956 2502 3014; x_wconf 86' lang='lat' dir='ltr'><strong>nitis?</strong></span> <span class='ocrx_word' id='word_1_542' title='bbox 2531 2957 2827 3030; x_wconf 86' lang='lat' dir='ltr'><strong>Quidquid</strong></span> <span class='ocrx_word' id='word_1_543' title='bbox 2856 2974 3070 3029; x_wconf 85' lang='lat' dir='ltr'><strong>passus</strong></span> <span class='ocrx_word' id='word_1_544' title='bbox 3100 2961 3209 3024; x_wconf 89' lang='lat' dir='ltr'><strong>est,</strong></span> <span class='ocrx_word' id='word_1_545' title='bbox 3243 2957 3304 3014; x_wconf 90' lang='lat' dir='ltr'><strong>in</strong></span> <span class='ocrx_word' id='word_1_546' title='bbox 3334 2956 3437 3015; x_wconf 93' lang='lat' dir='ltr'><strong>illo</strong></span> <span class='ocrx_word' id='word_1_547' title='bbox 3465 2961 3524 3013; x_wconf 88' lang='lat' dir='ltr'><strong>et</strong></span> <span class='ocrx_word' id='word_1_548' title='bbox 3555 2973 3664 3014; x_wconf 88' lang='lat' dir='ltr'><strong>nos</strong></span> <span class='ocrx_word' id='word_1_549' title='bbox 3690 2957 3851 3030; x_wconf 86' lang='lat' dir='ltr'><strong>passi</strong></span> <span class='ocrx_word' id='word_1_550' title='bbox 3884 2975 3993 3015; x_wconf 74' lang='lat' dir='ltr'><strong>su-</strong></span> 
     </span>
    </p>
   </div>
   <div class='ocr_carea' id='block_1_77' title="bbox 2328 3045 3991 3119">
    <p class='ocr_par' dir='ltr' id='par_1_77' title="bbox 2328 3045 3991 3119">
     <span class='ocr_line' id='line_1_77' title="bbox 2328 3045 3991 3119; baseline 0.001 -17"><span class='ocrx_word' id='word_1_551' title='bbox 2328 3064 2486 3113; x_wconf 91' lang='lat' dir='ltr'><strong>mus,</strong></span> <span class='ocrx_word' id='word_1_552' title='bbox 2519 3050 2651 3115; x_wconf 91' lang='lat' dir='ltr'><strong>etc.,</strong></span> <span class='ocrx_word' id='word_1_553' title='bbox 2682 3063 2851 3119; x_wconf 86' lang='lat' dir='ltr'><strong>usque</strong></span> <span class='ocrx_word' id='word_1_554' title='bbox 2878 3046 2949 3101; x_wconf 90' lang='lat' dir='ltr'><strong>ad</strong></span> <span class='ocrx_word' id='word_1_555' title='bbox 2979 3045 3188 3119; x_wconf 86' lang='lat' dir='ltr'><strong>capitis</strong></span> <span class='ocrx_word' id='word_1_556' title='bbox 3217 3049 3274 3101; x_wconf 89' lang='lat' dir='ltr'><strong>et</strong></span> <span class='ocrx_word' id='word_1_557' title='bbox 3304 3045 3581 3119; x_wconf 88' lang='lat' dir='ltr'><strong>corporis.</strong></span> <span class='ocrx_word' id='word_1_558' title='bbox 3614 3046 3991 3115; x_wconf 79' lang='lat' dir='ltr'><strong>(Id.,tract.iu</strong></span> 
     </span>
    </p>
   </div>
   <div class='ocr_carea' id='block_1_78' title="bbox 2322 3134 3502 3209">
    <p class='ocr_par' dir='ltr' id='par_1_78' title="bbox 2322 3134 3502 3209">
     <span class='ocr_line' id='line_1_78' title="bbox 2322 3134 3502 3209; baseline -0.002 -17"><span class='ocrx_word' id='word_1_559' title='bbox 2322 3137 2465 3209; x_wconf 84' lang='lat' dir='ltr'><strong>psal.</strong></span> <span class='ocrx_word' id='word_1_560' title='bbox 2502 3153 2633 3206; x_wconf 77' lang='lat' dir='ltr'>LXII,</span> <span class='ocrx_word' id='word_1_561' title='bbox 2666 3138 2810 3192; x_wconf 89' lang='lat' dir='ltr'><strong>tom.</strong></span> <span class='ocrx_word' id='word_1_562' title='bbox 2844 3134 2938 3205; x_wconf 86' lang='lat' dir='ltr'>IV,</span> <span class='ocrx_word' id='word_1_563' title='bbox 2973 3139 3124 3208; x_wconf 87' lang='lat' dir='ltr'><strong>part.</strong></span> <span class='ocrx_word' id='word_1_564' title='bbox 3160 3152 3197 3203; x_wconf 82' lang='lat' dir='ltr'>I,</span> <span class='ocrx_word' id='word_1_565' title='bbox 3228 3134 3317 3193; x_wconf 87' lang='lat' dir='ltr'><strong>col</strong></span> <span class='ocrx_word' id='word_1_566' title='bbox 3346 3135 3502 3204; x_wconf 84' lang='grc'><strong>749.)</strong></span> 
     </span>
    </p>
   </div>
   <div class='ocr_carea' id='block_1_79' title="bbox 2398 3223 3985 3297">
    <p class='ocr_par' dir='ltr' id='par_1_79' title="bbox 2398 3223 3985 3297">
     <span class='ocr_line' id='line_1_79' title="bbox 2398 3223 3985 3297; baseline 0.001 -16"><span class='ocrx_word' id='word_1_567' title='bbox 2398 3226 2505 3281; x_wconf 90' lang='lat' dir='ltr'><strong>Ubi</strong></span> <span class='ocrx_word' id='word_1_568' title='bbox 2537 3224 2764 3281; x_wconf 86' lang='lat' dir='ltr'><strong>invenis</strong></span> <span class='ocrx_word' id='word_1_569' title='bbox 2792 3224 2962 3281; x_wconf 82' lang='lat' dir='ltr'><strong>aliter</strong></span> <span class='ocrx_word' id='word_1_570' title='bbox 2988 3227 3048 3281; x_wconf 86' lang='lat' dir='ltr'><strong>et</strong></span> <span class='ocrx_word' id='word_1_571' title='bbox 3079 3223 3265 3292; x_wconf 86' lang='lat' dir='ltr'><strong>aliter,</strong></span> <span class='ocrx_word' id='word_1_572' title='bbox 3298 3224 3451 3280; x_wconf 85' lang='lat' dir='ltr'><strong>facta</strong></span> <span class='ocrx_word' id='word_1_573' title='bbox 3477 3229 3567 3281; x_wconf 83' lang='lat' dir='ltr'><strong>est</strong></span> <span class='ocrx_word' id='word_1_574' title='bbox 3596 3224 3675 3280; x_wconf 92' lang='lat' dir='ltr'><strong>ibi</strong></span> <span class='ocrx_word' id='word_1_575' title='bbox 3706 3226 3985 3297; x_wconf 70' lang='lat' dir='ltr'><strong>quaedam</strong></span> 
     </span>
    </p>
   </div>
   <div class='ocr_carea' id='block_1_80' title="bbox 2243 3298 3982 3387">
    <p class='ocr_par' dir='ltr' id='par_1_80' title="bbox 2243 3298 3982 3387">
     <span class='ocr_line' id='line_1_80' title="bbox 2243 3298 3982 3387; baseline 0.003 -21"><span class='ocrx_word' id='word_1_576' title='bbox 2243 3298 2285 3366; x_wconf 89' lang='lat' dir='ltr'><strong>C</strong></span> <span class='ocrx_word' id='word_1_577' title='bbox 2325 3331 2507 3382; x_wconf 91' lang='lat' dir='ltr'><strong>mors,</strong></span> <span class='ocrx_word' id='word_1_578' title='bbox 2548 3319 2683 3384; x_wconf 90' lang='lat' dir='ltr'><strong>etc.,</strong></span> <span class='ocrx_word' id='word_1_579' title='bbox 2717 3330 2888 3387; x_wconf 79' lang='lat' dir='ltr'><strong>usque</strong></span> <span class='ocrx_word' id='word_1_580' title='bbox 2915 3313 2987 3371; x_wconf 84' lang='lat' dir='ltr'><strong>ad</strong></span> <span class='ocrx_word' id='word_1_581' title='bbox 3037 3314 3292 3371; x_wconf 84' lang='lat' dir='ltr'><strong>viximus</strong></span> <span class='ocrx_word' id='word_1_582' title='bbox 3338 3316 3405 3373; x_wconf 89' lang='lat' dir='ltr'><strong>ut</strong></span> <span class='ocrx_word' id='word_1_583' title='bbox 3440 3330 3827 3372; x_wconf 80' lang='lat' dir='ltr'><strong>moraremur.</strong></span> <span class='ocrx_word' id='word_1_584' title='bbox 3864 3317 3982 3386; x_wconf 88' lang='lat' dir='ltr'>(Id.</span> 
     </span>
    </p>
   </div>
   <div class='ocr_carea' id='block_1_81' title="bbox 2326 3403 3982 3476">
    <p class='ocr_par' dir='ltr' id='par_1_81' title="bbox 2326 3403 3982 3476">
     <span class='ocr_line' id='line_1_81' title="bbox 2326 3403 3982 3476; baseline 0 -16"><span class='ocrx_word' id='word_1_585' title='bbox 2326 3412 2483 3461; x_wconf 86' lang='lat' dir='ltr'><strong>tract.</strong></span> <span class='ocrx_word' id='word_1_586' title='bbox 2516 3405 2587 3460; x_wconf 88' lang='lat'><strong>23</strong></span> <span class='ocrx_word' id='word_1_587' title='bbox 2617 3405 2678 3459; x_wconf 87' lang='lat' dir='ltr'><strong>in</strong></span> <span class='ocrx_word' id='word_1_588' title='bbox 2711 3408 2912 3475; x_wconf 78' lang='lat' dir='ltr'><strong>Evang.</strong></span> <span class='ocrx_word' id='word_1_589' title='bbox 2944 3420 3050 3460; x_wconf 83' lang='lat' dir='ltr'><strong>sec.</strong></span> <span class='ocrx_word' id='word_1_590' title='bbox 3079 3406 3260 3475; x_wconf 85' lang='lat' dir='ltr'><strong>Jaan.,</strong></span> <span class='ocrx_word' id='word_1_591' title='bbox 3285 3407 3427 3460; x_wconf 90' lang='lat' dir='ltr'><strong>tom.</strong></span> <span class='ocrx_word' id='word_1_592' title='bbox 3463 3403 3560 3471; x_wconf 82' lang='lat' dir='ltr'>III,</span> <span class='ocrx_word' id='word_1_593' title='bbox 3594 3407 3745 3476; x_wconf 83' lang='lat' dir='ltr'><strong>part.</strong></span> <span class='ocrx_word' id='word_1_594' title='bbox 3778 3420 3840 3473; x_wconf 79' lang='grc' dir='ltr'>ιι,</span> <span class='ocrx_word' id='word_1_595' title='bbox 3864 3404 3982 3462; x_wconf 83' lang='lat' dir='ltr'><strong>col.</strong></span> 
     </span>
    </p>
   </div>
   <div class='ocr_carea' id='block_1_82' title="bbox 2325 3493 2513 3567">
    <p class='ocr_par' dir='ltr' id='par_1_82' title="bbox 2325 3493 2513 3567">
     <span class='ocr_line' id='line_1_82' title="bbox 2325 3493 2513 3567; baseline 0 -17"><span class='ocrx_word' id='word_1_596' title='bbox 2325 3493 2513 3567; x_wconf 70' lang='grc'><strong>4588)</strong></span> 
     </span>
    </p>
   </div>
   <div class='ocr_carea' id='block_1_83' title="bbox 2965 3581 3337 3639">
    <p class='ocr_par' dir='ltr' id='par_1_83' title="bbox 2965 3581 3337 3639">
     <span class='ocr_line' id='line_1_83' title="bbox 2965 3581 3337 3639; baseline -0.005 0"><span class='ocrx_word' id='word_1_597' title='bbox 2965 3581 3197 3639; x_wconf 85' lang='lat' dir='ltr'><strong>CAPUT</strong></span> <span class='ocrx_word' id='word_1_598' title='bbox 3235 3586 3337 3638; x_wconf 89' lang='lat' dir='ltr'>III.</span> 
     </span>
    </p>
   </div>
   <div class='ocr_carea' id='block_1_84' title="bbox 2394 3670 3992 3744">
    <p class='ocr_par' dir='ltr' id='par_1_84' title="bbox 2394 3670 3992 3744">
     <span class='ocr_line' id='line_1_84' title="bbox 2394 3670 3992 3744; baseline 0 -16"><span class='ocrx_word' id='word_1_599' title='bbox 2394 3674 2575 3742; x_wconf 86' lang='lat' dir='ltr'><strong>Igitur</strong></span> <span class='ocrx_word' id='word_1_600' title='bbox 2599 3673 2652 3728; x_wconf 87' lang='lat' dir='ltr'><strong>si</strong></span> <span class='ocrx_word' id='word_1_601' title='bbox 2678 3672 3121 3739; x_wconf 73' lang='lat' dir='ltr'><strong>consurrexistis,</strong></span> <span class='ocrx_word' id='word_1_602' title='bbox 3145 3672 3473 3743; x_wconf 78' lang='lat' dir='ltr'><strong>etc.,usque</strong></span> <span class='ocrx_word' id='word_1_603' title='bbox 3502 3670 3575 3731; x_wconf 87' lang='lat' dir='ltr'><strong>ad</strong></span> <span class='ocrx_word' id='word_1_604' title='bbox 3603 3688 3717 3728; x_wconf 84' lang='lat' dir='ltr'><strong>non</strong></span> <span class='ocrx_word' id='word_1_605' title='bbox 3746 3686 3992 3744; x_wconf 66' lang='lat' dir='ltr'><strong>quaesa-</strong></span> 
     </span>
    </p>
   </div>
   <div class='ocr_carea' id='block_1_85' title="bbox 2318 3760 3990 3834">
    <p class='ocr_par' dir='ltr' id='par_1_85' title="bbox 2318 3760 3990 3834">
     <span class='ocr_line' id='line_1_85' title="bbox 2318 3760 3990 3834; baseline -0.001 -16"><span class='ocrx_word' id='word_1_606' title='bbox 2318 3778 2419 3834; x_wconf 86' lang='lat' dir='ltr'><strong>per</strong></span> <span class='ocrx_word' id='word_1_607' title='bbox 2448 3761 2949 3817; x_wconf 75' lang='lat' dir='ltr'><strong>terramNondum</strong></span> <span class='ocrx_word' id='word_1_608' title='bbox 2971 3760 3176 3833; x_wconf 89' lang='lat' dir='ltr'><strong>utique</strong></span> <span class='ocrx_word' id='word_1_609' title='bbox 3198 3760 3624 3817; x_wconf 76' lang='lat' dir='ltr'><strong>resurreximus</strong></span> <span class='ocrx_word' id='word_1_610' title='bbox 3647 3760 3799 3817; x_wconf 86' lang='lat' dir='ltr'><strong>sicut</strong></span> <span class='ocrx_word' id='word_1_611' title='bbox 3816 3760 3990 3817; x_wconf 84' lang='lat' dir='ltr'><strong>Chri-</strong></span> 
     </span>
    </p>
   </div>
   <div class='ocr_carea' id='block_1_86' title="bbox 2324 3848 3987 3924">
    <p class='ocr_par' dir='ltr' id='par_1_86' title="bbox 2324 3848 3987 3924">
     <span class='ocr_line' id='line_1_86' title="bbox 2324 3848 3987 3924; baseline -0.001 -17"><span class='ocrx_word' id='word_1_612' title='bbox 2324 3854 2451 3907; x_wconf 92' lang='lat' dir='ltr'><strong>stus</strong></span> <span class='ocrx_word' id='word_1_613' title='bbox 2483 3854 2794 3922; x_wconf 78' lang='lat' dir='ltr'><strong>etc.,usque</strong></span> <span class='ocrx_word' id='word_1_614' title='bbox 2822 3850 2893 3907; x_wconf 85' lang='lat' dir='ltr'><strong>ad</strong></span> <span class='ocrx_word' id='word_1_615' title='bbox 2921 3850 3036 3922; x_wconf 83' lang='lat' dir='ltr'><strong>Spe</strong></span> <span class='ocrx_word' id='word_1_616' title='bbox 3066 3849 3224 3907; x_wconf 88' lang='lat' dir='ltr'><strong>enim</strong></span> <span class='ocrx_word' id='word_1_617' title='bbox 3257 3848 3402 3906; x_wconf 85' lang='lat' dir='ltr'><strong>salvi</strong></span> <span class='ocrx_word' id='word_1_618' title='bbox 3431 3849 3568 3907; x_wconf 77' lang='lat' dir='ltr'><strong>facti</strong></span> <span class='ocrx_word' id='word_1_619' title='bbox 3600 3849 3987 3924; x_wconf 81' lang='lat' dir='ltr'><strong>sumus.(ld.,</strong></span> 
     </span>
    </p>
   </div>
   <div class='ocr_carea' id='block_1_87' title="bbox 2324 3937 3552 4012">
    <p class='ocr_par' dir='ltr' id='par_1_87' title="bbox 2324 3937 3552 4012">
     <span class='ocr_line' id='line_1_87' title="bbox 2324 3937 3552 4012; baseline -0.003 -15"><span class='ocrx_word' id='word_1_620' title='bbox 2324 3941 2423 3997; x_wconf 89' lang='lat' dir='ltr'><strong>lib.</strong></span> <span class='ocrx_word' id='word_1_621' title='bbox 2455 3948 2628 3997; x_wconf 90' lang='lat' dir='ltr'><strong>contr.</strong></span> <span class='ocrx_word' id='word_1_622' title='bbox 2661 3944 2874 4009; x_wconf 81' lang='lat' dir='ltr'><strong>Faust.,</strong></span> <span class='ocrx_word' id='word_1_623' title='bbox 2904 3942 3049 3996; x_wconf 87' lang='lat' dir='ltr'><strong>tom.</strong></span> <span class='ocrx_word' id='word_1_624' title='bbox 3075 3938 3226 4006; x_wconf 91' lang='lat' dir='ltr'>VIII,</span> <span class='ocrx_word' id='word_1_625' title='bbox 3260 3937 3369 3995; x_wconf 91' lang='lat' dir='ltr'><strong>col.</strong></span> <span class='ocrx_word' id='word_1_626' title='bbox 3402 3938 3552 4012; x_wconf 76' lang='lat'>251.)</span> 
     </span>
    </p>
   </div>
   <div class='ocr_carea' id='block_1_88' title="bbox 2392 4026 3981 4101">
    <p class='ocr_par' dir='ltr' id='par_1_88' title="bbox 2392 4026 3981 4101">
     <span class='ocr_line' id='line_1_88' title="bbox 2392 4026 3981 4101; baseline 0.002 -16"><span class='ocrx_word' id='word_1_627' title='bbox 2392 4028 2785 4085; x_wconf 85' lang='lat' dir='ltr'><strong>Commutatio</strong></span> <span class='ocrx_word' id='word_1_628' title='bbox 2816 4045 2942 4101; x_wconf 83' lang='lat' dir='ltr'><strong>quae</strong></span> <span class='ocrx_word' id='word_1_629' title='bbox 2967 4027 3399 4100; x_wconf 88' lang='lat' dir='ltr'><strong>corruptionem</strong></span> <span class='ocrx_word' id='word_1_630' title='bbox 3432 4044 3546 4084; x_wconf 88' lang='lat' dir='ltr'><strong>non</strong></span> <span class='ocrx_word' id='word_1_631' title='bbox 3578 4026 3981 4099; x_wconf 81' lang='lat' dir='ltr'><strong>habebit,etc.,</strong></span> 
     </span>
    </p>
   </div>
   <div class='ocr_carea' id='block_1_89' title="bbox 2320 4116 3979 4192">
    <p class='ocr_par' dir='ltr' id='par_1_89' title="bbox 2320 4116 3979 4192">
     <span class='ocr_line' id='line_1_89' title="bbox 2320 4116 3979 4192; baseline -0.001 -17"><span class='ocrx_word' id='word_1_632' title='bbox 2320 4135 2492 4192; x_wconf 86' lang='lat' dir='ltr'><strong>usque</strong></span> <span class='ocrx_word' id='word_1_633' title='bbox 2518 4119 2591 4175; x_wconf 86' lang='lat' dir='ltr'><strong>ad</strong></span> <span class='ocrx_word' id='word_1_634' title='bbox 2620 4121 2709 4174; x_wconf 87' lang='lat' dir='ltr'><strong>est</strong></span> <span class='ocrx_word' id='word_1_635' title='bbox 2734 4117 2796 4173; x_wconf 92' lang='lat' dir='ltr'><strong>in</strong></span> <span class='ocrx_word' id='word_1_636' title='bbox 2826 4116 3016 4175; x_wconf 87' lang='lat' dir='ltr'><strong>nobis.</strong></span> <span class='ocrx_word' id='word_1_637' title='bbox 3049 4117 3181 4187; x_wconf 92' lang='lat' dir='ltr'><strong>(Id.,</strong></span> <span class='ocrx_word' id='word_1_638' title='bbox 3221 4133 3384 4174; x_wconf 71' lang='lat' dir='ltr'><strong>senm.</strong></span> <span class='ocrx_word' id='word_1_639' title='bbox 3432 4117 3499 4174; x_wconf 86' lang='lat' dir='ltr'><strong>de</strong></span> <span class='ocrx_word' id='word_1_640' title='bbox 3545 4119 3738 4175; x_wconf 83' lang='lat' dir='ltr'><strong>Resur.</strong></span> <span class='ocrx_word' id='word_1_641' title='bbox 3787 4126 3979 4187; x_wconf 68' lang='grc' dir='ltr'><strong>των-1.,</strong></span> 
     </span>
    </p>
   </div>
   <div class='ocr_carea' id='block_1_90' title="bbox 2321 4206 3197 4281">
    <p class='ocr_par' dir='ltr' id='par_1_90' title="bbox 2321 4206 3197 4281">
     <span class='ocr_line' id='line_1_90' title="bbox 2321 4206 3197 4281; baseline -0.003 -15"><span class='ocrx_word' id='word_1_642' title='bbox 2321 4213 2465 4266; x_wconf 88' lang='lat' dir='ltr'><strong>tom.</strong></span> <span class='ocrx_word' id='word_1_643' title='bbox 2496 4208 2564 4278; x_wconf 92' lang='lat' dir='ltr'>V,</span> <span class='ocrx_word' id='word_1_644' title='bbox 2596 4211 2744 4281; x_wconf 87' lang='lat' dir='ltr'><strong>part.</strong></span> <span class='ocrx_word' id='word_1_645' title='bbox 2777 4224 2838 4275; x_wconf 90' lang='lat' dir='ltr'><strong>II,</strong></span> <span class='ocrx_word' id='word_1_646' title='bbox 2871 4206 2980 4264; x_wconf 88' lang='lat' dir='ltr'><strong>col.</strong></span> <span class='ocrx_word' id='word_1_647' title='bbox 3015 4208 3197 4276; x_wconf 83' lang='lat'>1627.)</span> 
     </span>
    </p>
   </div>
   <div class='ocr_carea' id='block_1_91' title="bbox 2392 4295 3976 4369">
    <p class='ocr_par' dir='ltr' id='par_1_91' title="bbox 2392 4295 3976 4369">
     <span class='ocr_line' id='line_1_91' title="bbox 2392 4295 3976 4369; baseline 0.001 -16"><span class='ocrx_word' id='word_1_648' title='bbox 2392 4297 2453 4353; x_wconf 91' lang='lat' dir='ltr'><strong>Si</strong></span> <span class='ocrx_word' id='word_1_649' title='bbox 2482 4296 2569 4353; x_wconf 87' lang='lat' dir='ltr'><strong>vis</strong></span> <span class='ocrx_word' id='word_1_650' title='bbox 2600 4313 2730 4353; x_wconf 90' lang='lat' dir='ltr'><strong>esse</strong></span> <span class='ocrx_word' id='word_1_651' title='bbox 2756 4295 2968 4352; x_wconf 58' lang='lat' dir='ltr'><strong>omnium</strong></span> <span class='ocrx_word' id='word_1_652' title='bbox 3003 4313 3016 4351; x_wconf 89' lang='lat'><strong>:</strong></span> <span class='ocrx_word' id='word_1_653' title='bbox 3051 4312 3239 4369; x_wconf 84' lang='lat' dir='ltr'><strong>purga</strong></span> <span class='ocrx_word' id='word_1_654' title='bbox 3279 4297 3351 4352; x_wconf 90' lang='lat' dir='ltr'><strong>de</strong></span> <span class='ocrx_word' id='word_1_655' title='bbox 3395 4296 3567 4353; x_wconf 91' lang='lat' dir='ltr'><strong>corde</strong></span> <span class='ocrx_word' id='word_1_656' title='bbox 3600 4300 3700 4352; x_wconf 86' lang='lat' dir='ltr'><strong>tuo</strong></span> <span class='ocrx_word' id='word_1_657' title='bbox 3730 4300 3976 4366; x_wconf 80' lang='lat' dir='ltr'><strong>terram,</strong></span> 
     </span>
    </p>
   </div>
   <div class='ocr_carea' id='block_1_92' title="bbox 2320 4384 3980 4459">
    <p class='ocr_par' dir='ltr' id='par_1_92' title="bbox 2320 4384 3980 4459">
     <span class='ocr_line' id='line_1_92' title="bbox 2320 4384 3980 4459; baseline 0.001 -16"><span class='ocrx_word' id='word_1_658' title='bbox 2320 4390 2432 4444; x_wconf 89' lang='lat' dir='ltr'><strong>etc.</strong></span> <span class='ocrx_word' id='word_1_659' title='bbox 2464 4403 2634 4458; x_wconf 84' lang='lat' dir='ltr'><strong>usque</strong></span> <span class='ocrx_word' id='word_1_660' title='bbox 2661 4386 2733 4442; x_wconf 83' lang='lat' dir='ltr'><strong>ad</strong></span> <span class='ocrx_word' id='word_1_661' title='bbox 2760 4385 2819 4441; x_wconf 91' lang='lat' dir='ltr'><strong>in</strong></span> <span class='ocrx_word' id='word_1_662' title='bbox 2852 4384 3014 4443; x_wconf 78' lang='lat' dir='ltr'><strong>caelis</strong></span> <span class='ocrx_word' id='word_1_663' title='bbox 3043 4389 3150 4442; x_wconf 88' lang='lat' dir='ltr'><strong>est.</strong></span> <span class='ocrx_word' id='word_1_664' title='bbox 3181 4386 3318 4457; x_wconf 90' lang='lat' dir='ltr'><strong>(Id.,</strong></span> <span class='ocrx_word' id='word_1_665' title='bbox 3351 4392 3509 4443; x_wconf 87' lang='lat' dir='ltr'><strong>tract.</strong></span> <span class='ocrx_word' id='word_1_666' title='bbox 3542 4388 3605 4442; x_wconf 89' lang='lat' dir='ltr'><strong>in</strong></span> <span class='ocrx_word' id='word_1_667' title='bbox 3640 4386 3788 4459; x_wconf 68' lang='grc' dir='ltr'><strong>μαι.</strong></span> <span class='ocrx_word' id='word_1_668' title='bbox 3821 4401 3980 4459; x_wconf 76' lang='grc' dir='ltr'><strong>κενι,</strong></span> 
     </span>
    </p>
   </div>
   <div class='ocr_carea' id='block_1_93' title="bbox 2320 4472 2953 4547">
    <p class='ocr_par' dir='ltr' id='par_1_93' title="bbox 2320 4472 2953 4547">
     <span class='ocr_line' id='line_1_93' title="bbox 2320 4472 2953 4547; baseline -0.006 -14"><span class='ocrx_word' id='word_1_669' title='bbox 2320 4480 2464 4533; x_wconf 85' lang='lat' dir='ltr'><strong>tom.</strong></span> <span class='ocrx_word' id='word_1_670' title='bbox 2498 4474 2593 4543; x_wconf 91' lang='lat' dir='ltr'><strong>1V,</strong></span> <span class='ocrx_word' id='word_1_671' title='bbox 2627 4472 2736 4531; x_wconf 92' lang='lat' dir='ltr'><strong>col.</strong></span> <span class='ocrx_word' id='word_1_672' title='bbox 2771 4474 2953 4547; x_wconf 86' lang='grc'><strong>1243.)</strong></span> 
     </span>
    </p>
   </div>
   <div class='ocr_carea' id='block_1_94' title="bbox 2389 4562 3981 4635">
    <p class='ocr_par' dir='ltr' id='par_1_94' title="bbox 2389 4562 3981 4635">
     <span class='ocr_line' id='line_1_94' title="bbox 2389 4562 3981 4635; baseline 0.001 -15"><span class='ocrx_word' id='word_1_673' title='bbox 2389 4570 2456 4620; x_wconf 89' lang='lat' dir='ltr'><strong>In</strong></span> <span class='ocrx_word' id='word_1_674' title='bbox 2485 4581 2622 4621; x_wconf 89' lang='lat' dir='ltr'><strong>voce</strong></span> <span class='ocrx_word' id='word_1_675' title='bbox 2654 4563 2806 4619; x_wconf 61' lang='lat' dir='ltr'><strong>tuba</strong></span> <span class='ocrx_word' id='word_1_676' title='bbox 2835 4562 3099 4619; x_wconf 80' lang='lat' dir='ltr'><strong>corneae?</strong></span> <span class='ocrx_word' id='word_1_677' title='bbox 3129 4566 3266 4633; x_wconf 86' lang='lat' dir='ltr'><strong>etc.,</strong></span> <span class='ocrx_word' id='word_1_678' title='bbox 3291 4579 3462 4635; x_wconf 82' lang='lat' dir='ltr'><strong>usque</strong></span> <span class='ocrx_word' id='word_1_679' title='bbox 3491 4562 3563 4621; x_wconf 84' lang='lat' dir='ltr'><strong>ad</strong></span> <span class='ocrx_word' id='word_1_680' title='bbox 3601 4579 3715 4620; x_wconf 88' lang='lat' dir='ltr'><strong>non</strong></span> <span class='ocrx_word' id='word_1_681' title='bbox 3764 4579 3981 4622; x_wconf 88' lang='lat' dir='ltr'><strong>secun—</strong></span> 
     </span>
    </p>
   </div>
   <div class='ocr_carea' id='block_1_95' title="bbox 550 4651 3980 4742">
    <p class='ocr_par' dir='ltr' id='par_1_95' title="bbox 550 4651 3980 4742">
     <span class='ocr_line' id='line_1_95' title="bbox 550 4651 3980 4742; baseline 0.001 -34"><span class='ocrx_word' id='word_1_682' title='bbox 550 4671 611 4726; x_wconf 74' lang='grc' dir='ltr'><strong>ίη</strong></span> <span class='ocrx_word' id='word_1_683' title='bbox 654 4653 798 4725; x_wconf 84' lang='lat' dir='ltr'><strong>psal.</strong></span> <span class='ocrx_word' id='word_1_684' title='bbox 856 4669 1118 4721; x_wconf 82' lang='lat' dir='ltr'><strong>Lxxxvm,</strong></span> <span class='ocrx_word' id='word_1_685' title='bbox 1168 4656 1310 4707; x_wconf 90' lang='lat' dir='ltr'><strong>tom.</strong></span> <span class='ocrx_word' id='word_1_686' title='bbox 1367 4651 1462 4723; x_wconf 78' lang='grc' dir='ltr'><strong>ιν,</strong></span> <span class='ocrx_word' id='word_1_687' title='bbox 1513 4656 1663 4724; x_wconf 88' lang='lat' dir='ltr'><strong>part.</strong></span> <span class='ocrx_word' id='word_1_688' title='bbox 1718 4670 1776 4718; x_wconf 80' lang='grc' dir='ltr'>ιι,</span> <span class='ocrx_word' id='word_1_689' title='bbox 1828 4653 1937 4708; x_wconf 92' lang='lat' dir='ltr'><strong>col.</strong></span> <span class='ocrx_word' id='word_1_690' title='bbox 1983 4652 2127 4711; x_wconf 65' lang='lat'>11%</span> <span class='ocrx_word' id='word_1_691' title='bbox 2155 4658 2213 4710; x_wconf 89' lang='lat' dir='ltr'><strong>et</strong></span> <span class='ocrx_word' id='word_1_692' title='bbox 2239 4675 2287 4742; x_wconf 70' lang='grc' dir='ltr'>Β</span> <span class='ocrx_word' id='word_1_693' title='bbox 2319 4656 2463 4712; x_wconf 91' lang='lat' dir='ltr'><strong>dum</strong></span> <span class='ocrx_word' id='word_1_694' title='bbox 2492 4669 2730 4711; x_wconf 85' lang='lat' dir='ltr'><strong>carnem</strong></span> <span class='ocrx_word' id='word_1_695' title='bbox 2762 4651 3110 4742; x_wconf 78' lang='lat' dir='ltr'><strong>militamus.</strong></span> <span class='ocrx_word' id='word_1_696' title='bbox 3144 4653 3278 4725; x_wconf 84' lang='lat' dir='ltr'><strong>(Id.,</strong></span> <span class='ocrx_word' id='word_1_697' title='bbox 3311 4660 3467 4710; x_wconf 80' lang='lat' dir='ltr'><strong>tract.</strong></span> <span class='ocrx_word' id='word_1_698' title='bbox 3502 4655 3563 4710; x_wconf 85' lang='lat' dir='ltr'><strong>in</strong></span> <span class='ocrx_word' id='word_1_699' title='bbox 3596 4653 3738 4725; x_wconf 78' lang='lat' dir='ltr'><strong>psal.</strong></span> <span class='ocrx_word' id='word_1_700' title='bbox 3768 4670 3980 4721; x_wconf 81' lang='lat' dir='ltr'><strong>xcxvn,</strong></span> 
     </span>
    </p>
   </div>
   <div class='ocr_carea' id='block_1_96' title="bbox 549 4742 697 4814">
    <p class='ocr_par' dir='ltr' id='par_1_96' title="bbox 549 4742 697 4814">
     <span class='ocr_line' id='line_1_96' title="bbox 549 4742 697 4814; baseline 0 -18"><span class='ocrx_word' id='word_1_701' title='bbox 549 4742 697 4814; x_wconf 88' lang='lat' dir='ltr'><strong>seq.)</strong></span> 
     </span>
    </p>
   </div>
   <div class='ocr_carea' id='block_1_97' title="bbox 621 4830 2207 4905">
    <p class='ocr_par' dir='ltr' id='par_1_97' title="bbox 621 4830 2207 4905">
     <span class='ocr_line' id='line_1_97' title="bbox 621 4830 2207 4905; baseline 0.003 -20"><span class='ocrx_word' id='word_1_702' title='bbox 621 4830 936 4887; x_wconf 88' lang='lat' dir='ltr'><strong>Victimam</strong></span> <span class='ocrx_word' id='word_1_703' title='bbox 977 4834 1246 4888; x_wconf 88' lang='lat' dir='ltr'><strong>sanctam</strong></span> <span class='ocrx_word' id='word_1_704' title='bbox 1301 4847 1419 4904; x_wconf 90' lang='lat' dir='ltr'><strong>qua</strong></span> <span class='ocrx_word' id='word_1_705' title='bbox 1465 4830 1723 4887; x_wconf 89' lang='lat' dir='ltr'><strong>deletum</strong></span> <span class='ocrx_word' id='word_1_706' title='bbox 1775 4836 1863 4887; x_wconf 88' lang='lat' dir='ltr'><strong>est</strong></span> <span class='ocrx_word' id='word_1_707' title='bbox 1909 4832 2207 4905; x_wconf 84' lang='lat' dir='ltr'><strong>chirogra-</strong></span> 
     </span>
    </p>
   </div>
   <div class='ocr_carea' id='block_1_98' title="bbox 548 4919 2204 4996">
    <p class='ocr_par' dir='ltr' id='par_1_98' title="bbox 548 4919 2204 4996">
     <span class='ocr_line' id='line_1_98' title="bbox 548 4919 2204 4996; baseline 0.001 -20"><span class='ocrx_word' id='word_1_708' title='bbox 548 4920 754 4994; x_wconf 89' lang='lat' dir='ltr'><strong>phum,</strong></span> <span class='ocrx_word' id='word_1_709' title='bbox 778 4925 886 4977; x_wconf 89' lang='lat' dir='ltr'><strong>etc.</strong></span> <span class='ocrx_word' id='word_1_710' title='bbox 915 4937 1092 4994; x_wconf 84' lang='lat' dir='ltr'><strong>usque</strong></span> <span class='ocrx_word' id='word_1_711' title='bbox 1111 4921 1193 4989; x_wconf 23' lang='lat' dir='ltr'><strong>ad,</strong></span> <span class='ocrx_word' id='word_1_712' title='bbox 1218 4919 1307 4976; x_wconf 91' lang='lat' dir='ltr'><strong>leo</strong></span> <span class='ocrx_word' id='word_1_713' title='bbox 1337 4925 1396 4976; x_wconf 89' lang='lat' dir='ltr'><strong>et</strong></span> <span class='ocrx_word' id='word_1_714' title='bbox 1425 4920 1619 4976; x_wconf 89' lang='lat' dir='ltr'><strong>draco.</strong></span> <span class='ocrx_word' id='word_1_715' title='bbox 1641 4920 2204 4996; x_wconf 78' lang='lat' dir='ltr'><strong>(Id.,lib.ix,Confes.,</strong></span> 
     </span>
    </p>
   </div>
   <div class='ocr_carea' id='block_1_99' title="bbox 548 5009 1314 5082">
    <p class='ocr_par' dir='ltr' id='par_1_99' title="bbox 548 5009 1314 5082">
     <span class='ocr_line' id='line_1_99' title="bbox 548 5009 1314 5082; baseline -0.003 -17"><span class='ocrx_word' id='word_1_716' title='bbox 548 5015 690 5066; x_wconf 88' lang='lat' dir='ltr'><strong>tom.</strong></span> <span class='ocrx_word' id='word_1_717' title='bbox 724 5014 769 5078; x_wconf 93' lang='grc' dir='ltr'>Ι,</span> <span class='ocrx_word' id='word_1_718' title='bbox 802 5009 910 5066; x_wconf 83' lang='grc'><strong>001.</strong></span> <span class='ocrx_word' id='word_1_719' title='bbox 938 5012 1045 5064; x_wconf 88' lang='lat'><strong>778</strong></span> <span class='ocrx_word' id='word_1_720' title='bbox 1074 5015 1129 5066; x_wconf 90' lang='lat' dir='ltr'><strong>et</strong></span> <span class='ocrx_word' id='word_1_721' title='bbox 1161 5013 1314 5082; x_wconf 89' lang='lat' dir='ltr'><strong>seq.)</strong></span> 
     </span>
    </p>
   </div>
   <div class='ocr_carea' id='block_1_100' title="bbox 618 5088 2204 5172">
    <p class='ocr_par' dir='ltr' id='par_1_100' title="bbox 618 5088 2204 5172">
     <span class='ocr_line' id='line_1_100' title="bbox 618 5088 2204 5172; baseline 0.003 -18"><span class='ocrx_word' id='word_1_722' title='bbox 618 5100 945 5172; x_wconf 76' lang='lat' dir='ltr'><strong>Easspolians</strong></span> <span class='ocrx_word' id='word_1_723' title='bbox 969 5102 1344 5172; x_wconf 81' lang='lat' dir='ltr'><strong>principatus,</strong></span> <span class='ocrx_word' id='word_1_724' title='bbox 1385 5103 1519 5166; x_wconf 92' lang='lat' dir='ltr'><strong>etc.,</strong></span> <span class='ocrx_word' id='word_1_725' title='bbox 1555 5115 1741 5172; x_wconf 88' lang='lat' dir='ltr'><strong>usque</strong></span> <span class='ocrx_word' id='word_1_726' title='bbox 1787 5100 1859 5156; x_wconf 85' lang='lat' dir='ltr'><strong>ad</strong></span> <span class='ocrx_word' id='word_1_727' title='bbox 1905 5088 2204 5158; x_wconf 38' lang='lat' dir='ltr'><strong>in&#39;semet-</strong></span> 
     </span>
    </p>
   </div>
   <div class='ocr_carea' id='block_1_101' title="bbox 547 5187 2202 5262">
    <p class='ocr_par' dir='ltr' id='par_1_101' title="bbox 547 5187 2202 5262">
     <span class='ocr_line' id='line_1_101' title="bbox 547 5187 2202 5262; baseline 0.002 -19"><span class='ocrx_word' id='word_1_728' title='bbox 547 5189 682 5260; x_wconf 84' lang='lat' dir='ltr'><strong>ipso.</strong></span> <span class='ocrx_word' id='word_1_729' title='bbox 736 5189 900 5245; x_wconf 90' lang='lat' dir='ltr'><strong>Unde</strong></span> <span class='ocrx_word' id='word_1_730' title='bbox 948 5188 1171 5262; x_wconf 84' lang='lat' dir='ltr'><strong>accepit</strong></span> <span class='ocrx_word' id='word_1_731' title='bbox 1218 5187 1491 5244; x_wconf 86' lang='lat' dir='ltr'><strong>diabolus</strong></span> <span class='ocrx_word' id='word_1_732' title='bbox 1543 5187 1798 5245; x_wconf 87' lang='lat' dir='ltr'><strong>exterius</strong></span> <span class='ocrx_word' id='word_1_733' title='bbox 1855 5193 2202 5262; x_wconf 85' lang='lat' dir='ltr'><strong>potestatem</strong></span> 
     </span>
    </p>
   </div>
   <div class='ocr_carea' id='block_1_102' title="bbox 547 5277 2202 5351">
    <p class='ocr_par' dir='ltr' id='par_1_102' title="bbox 547 5277 2202 5351">
     <span class='ocr_line' id='line_1_102' title="bbox 547 5277 2202 5351; baseline 0.002 -17"><span class='ocrx_word' id='word_1_734' title='bbox 547 5277 862 5334; x_wconf 65' lang='lat' dir='ltr'><strong>Dominicaz</strong></span> <span class='ocrx_word' id='word_1_735' title='bbox 910 5278 1105 5335; x_wconf 88' lang='lat' dir='ltr'><strong>carnis</strong></span> <span class='ocrx_word' id='word_1_736' title='bbox 1151 5277 1505 5345; x_wconf 68' lang='lat' dir='ltr'><strong>occidendae,</strong></span> <span class='ocrx_word' id='word_1_737' title='bbox 1555 5281 1689 5347; x_wconf 88' lang='lat' dir='ltr'><strong>etc.,</strong></span> <span class='ocrx_word' id='word_1_738' title='bbox 1735 5294 1904 5351; x_wconf 87' lang='lat' dir='ltr'><strong>usque</strong></span> <span class='ocrx_word' id='word_1_739' title='bbox 1951 5280 2022 5336; x_wconf 79' lang='lat' dir='ltr'><strong>ad</strong></span> <span class='ocrx_word' id='word_1_740' title='bbox 2053 5280 2202 5337; x_wconf 91' lang='lat' dir='ltr'><strong>redi-</strong></span> 
     </span>
    </p>
   </div>
   <div class='ocr_carea' id='block_1_103' title="bbox 548 5366 2200 5441">
    <p class='ocr_par' dir='ltr' id='par_1_103' title="bbox 548 5366 2200 5441">
     <span class='ocr_line' id='line_1_103' title="bbox 548 5366 2200 5441; baseline 0.001 -18"><span class='ocrx_word' id='word_1_741' title='bbox 548 5384 717 5423; x_wconf 91' lang='lat' dir='ltr'><strong>mens</strong></span> <span class='ocrx_word' id='word_1_742' title='bbox 748 5370 1099 5441; x_wconf 87' lang='lat' dir='ltr'><strong>peccatores.</strong></span> <span class='ocrx_word' id='word_1_743' title='bbox 1131 5367 1262 5439; x_wconf 93' lang='lat' dir='ltr'><strong>(Id.,</strong></span> <span class='ocrx_word' id='word_1_744' title='bbox 1297 5366 1397 5431; x_wconf 80' lang='lat' dir='ltr'><strong>lib.</strong></span> <span class='ocrx_word' id='word_1_745' title='bbox 1450 5384 1507 5423; x_wconf 86' lang='lat' dir='ltr'><strong>Iv</strong></span> <span class='ocrx_word' id='word_1_746' title='bbox 1553 5366 1619 5424; x_wconf 85' lang='lat' dir='ltr'><strong>de</strong></span> <span class='ocrx_word' id='word_1_747' title='bbox 1669 5368 1842 5438; x_wconf 88' lang='lat' dir='ltr'><strong>Trin.,</strong></span> <span class='ocrx_word' id='word_1_748' title='bbox 1876 5373 2018 5427; x_wconf 90' lang='lat' dir='ltr'><strong>tom.</strong></span> <span class='ocrx_word' id='word_1_749' title='bbox 2051 5369 2200 5439; x_wconf 91' lang='lat' dir='ltr'>VIII,</span> 
     </span>
    </p>
   </div>
   <div class='ocr_carea' id='block_1_104' title="bbox 548 5456 1062 5529">
    <p class='ocr_par' dir='ltr' id='par_1_104' title="bbox 548 5456 1062 5529">
     <span class='ocr_line' id='line_1_104' title="bbox 548 5456 1062 5529; baseline 0.002 -17"><span class='ocrx_word' id='word_1_750' title='bbox 548 5456 657 5513; x_wconf 92' lang='lat' dir='ltr'><strong>col.</strong></span> <span class='ocrx_word' id='word_1_751' title='bbox 689 5458 795 5512; x_wconf 91' lang='lat'>899</span> <span class='ocrx_word' id='word_1_752' title='bbox 824 5461 882 5513; x_wconf 89' lang='lat' dir='ltr'><strong>et</strong></span> <span class='ocrx_word' id='word_1_753' title='bbox 913 5457 1062 5529; x_wconf 83' lang='lat' dir='ltr'><strong>seq.)</strong></span> 
     </span>
    </p>
   </div>
   <div class='ocr_carea' id='block_1_105' title="bbox 619 5545 2202 5622">
    <p class='ocr_par' dir='ltr' id='par_1_105' title="bbox 619 5545 2202 5622">
     <span class='ocr_line' id='line_1_105' title="bbox 619 5545 2202 5622; baseline 0.004 -20"><span class='ocrx_word' id='word_1_754' title='bbox 619 5546 780 5612; x_wconf 86' lang='lat' dir='ltr'><strong>Quod</strong></span> <span class='ocrx_word' id='word_1_755' title='bbox 810 5546 968 5603; x_wconf 89' lang='lat' dir='ltr'><strong>enim</strong></span> <span class='ocrx_word' id='word_1_756' title='bbox 1000 5545 1141 5603; x_wconf 88' lang='lat' dir='ltr'><strong>dicit</strong></span> <span class='ocrx_word' id='word_1_757' title='bbox 1170 5545 1399 5603; x_wconf 83' lang='lat' dir='ltr'><strong>exuisse</strong></span> <span class='ocrx_word' id='word_1_758' title='bbox 1431 5563 1493 5602; x_wconf 89' lang='lat' dir='ltr'><strong>se</strong></span> <span class='ocrx_word' id='word_1_759' title='bbox 1522 5551 2101 5622; x_wconf 63' lang='lat' dir='ltr'><strong>carnem,ctc.,u&quot;que</strong></span> <span class='ocrx_word' id='word_1_760' title='bbox 2118 5552 2202 5609; x_wconf 86' lang='lat' dir='ltr'><strong>ad</strong></span> 
     </span>
    </p>
   </div>
   <div class='ocr_carea' id='block_1_106' title="bbox 548 5635 2194 5709">
    <p class='ocr_par' dir='ltr' id='par_1_106' title="bbox 548 5635 2194 5709">
     <span class='ocr_line' id='line_1_106' title="bbox 548 5635 2194 5709; baseline 0.005 -19"><span class='ocrx_word' id='word_1_761' title='bbox 548 5637 974 5693; x_wconf 88' lang='lat' dir='ltr'><strong>resurrectione</strong></span> <span class='ocrx_word' id='word_1_762' title='bbox 1013 5635 1418 5709; x_wconf 90' lang='lat' dir='ltr'><strong>complebitur.</strong></span> <span class='ocrx_word' id='word_1_763' title='bbox 1473 5636 1604 5706; x_wconf 89' lang='lat' dir='ltr'><strong>(Id.,</strong></span> <span class='ocrx_word' id='word_1_764' title='bbox 1654 5637 1753 5693; x_wconf 85' lang='lat' dir='ltr'><strong>lib.</strong></span> <span class='ocrx_word' id='word_1_765' title='bbox 1787 5646 1962 5697; x_wconf 86' lang='lat' dir='ltr'><strong>contr.</strong></span> <span class='ocrx_word' id='word_1_766' title='bbox 2011 5642 2194 5699; x_wconf 84' lang='lat' dir='ltr'><strong>Faust.</strong></span> 
     </span>
    </p>
   </div>
   <div class='ocr_carea' id='block_1_107' title="bbox 548 5725 1365 5799">
    <p class='ocr_par' dir='ltr' id='par_1_107' title="bbox 548 5725 1365 5799">
     <span class='ocr_line' id='line_1_107' title="bbox 548 5725 1365 5799; baseline -0.002 -16"><span class='ocrx_word' id='word_1_767' title='bbox 548 5727 692 5784; x_wconf 88' lang='lat' dir='ltr'><strong>tom.</strong></span> <span class='ocrx_word' id='word_1_768' title='bbox 724 5725 817 5797; x_wconf 90' lang='lat' dir='ltr'>VI,</span> <span class='ocrx_word' id='word_1_769' title='bbox 850 5726 959 5786; x_wconf 92' lang='lat' dir='ltr'><strong>col.</strong></span> <span class='ocrx_word' id='word_1_770' title='bbox 992 5727 1099 5784; x_wconf 91' lang='lat'><strong>300</strong></span> <span class='ocrx_word' id='word_1_771' title='bbox 1129 5729 1185 5784; x_wconf 87' lang='lat' dir='ltr'><strong>et</strong></span> <span class='ocrx_word' id='word_1_772' title='bbox 1214 5728 1365 5799; x_wconf 86' lang='lat' dir='ltr'><strong>seq.)</strong></span> 
     </span>
    </p>
   </div>
   <div class='ocr_carea' id='block_1_108' title="bbox 2316 4740 3227 4815">
    <p class='ocr_par' dir='ltr' id='par_1_108' title="bbox 2316 4740 3227 4815">
     <span class='ocr_line' id='line_1_108' title="bbox 2316 4740 3227 4815; baseline -0.003 -15"><span class='ocrx_word' id='word_1_773' title='bbox 2316 4748 2461 4800; x_wconf 85' lang='lat' dir='ltr'><strong>tom.</strong></span> <span class='ocrx_word' id='word_1_774' title='bbox 2495 4744 2589 4812; x_wconf 91' lang='lat' dir='ltr'><strong>1V,</strong></span> <span class='ocrx_word' id='word_1_775' title='bbox 2624 4746 2774 4815; x_wconf 79' lang='lat' dir='ltr'><strong>part.</strong></span> <span class='ocrx_word' id='word_1_776' title='bbox 2808 4760 2867 4810; x_wconf 88' lang='grc' dir='ltr'>ιι,</span> <span class='ocrx_word' id='word_1_777' title='bbox 2899 4740 3012 4799; x_wconf 83' lang='grc'><strong>001.</strong></span> <span class='ocrx_word' id='word_1_778' title='bbox 3046 4741 3227 4814; x_wconf 79' lang='grc'><strong>1256.)</strong></span> 
     </span>
    </p>
   </div>
   <div class='ocr_carea' id='block_1_109' title="bbox 2387 4829 3976 4904">
    <p class='ocr_par' dir='ltr' id='par_1_109' title="bbox 2387 4829 3976 4904">
     <span class='ocr_line' id='line_1_109' title="bbox 2387 4829 3976 4904; baseline -0.001 -14"><span class='ocrx_word' id='word_1_779' title='bbox 2387 4834 2723 4890; x_wconf 91' lang='lat' dir='ltr'><strong>Secundum</strong></span> <span class='ocrx_word' id='word_1_780' title='bbox 2740 4832 2893 4888; x_wconf 88' lang='lat' dir='ltr'><strong>hanc</strong></span> <span class='ocrx_word' id='word_1_781' title='bbox 2911 4831 3088 4888; x_wconf 87' lang='lat' dir='ltr'><strong>fidem</strong></span> <span class='ocrx_word' id='word_1_782' title='bbox 3106 4835 3163 4887; x_wconf 86' lang='lat' dir='ltr'><strong>et</strong></span> <span class='ocrx_word' id='word_1_783' title='bbox 3184 4847 3349 4904; x_wconf 88' lang='lat' dir='ltr'><strong>spem</strong></span> <span class='ocrx_word' id='word_1_784' title='bbox 3369 4834 3429 4888; x_wconf 89' lang='lat' dir='ltr'><strong>et</strong></span> <span class='ocrx_word' id='word_1_785' title='bbox 3442 4829 3817 4887; x_wconf 80' lang='lat' dir='ltr'><strong>dilectionem</strong></span> <span class='ocrx_word' id='word_1_786' title='bbox 3834 4846 3976 4904; x_wconf 81' lang='lat' dir='ltr'><strong>qua,</strong></span> 
     </span>
    </p>
   </div>
   <div class='ocr_carea' id='block_1_110' title="bbox 2314 4919 3975 4997">
    <p class='ocr_par' dir='ltr' id='par_1_110' title="bbox 2314 4919 3975 4997">
     <span class='ocr_line' id='line_1_110' title="bbox 2314 4919 3975 4997; baseline 0 -18"><span class='ocrx_word' id='word_1_787' title='bbox 2314 4928 2446 4989; x_wconf 88' lang='lat' dir='ltr'><strong>etc.,</strong></span> <span class='ocrx_word' id='word_1_788' title='bbox 2476 4939 2647 4997; x_wconf 84' lang='lat' dir='ltr'><strong>usque</strong></span> <span class='ocrx_word' id='word_1_789' title='bbox 2674 4922 2743 4978; x_wconf 86' lang='lat' dir='ltr'><strong>ad</strong></span> <span class='ocrx_word' id='word_1_790' title='bbox 2775 4938 2897 4977; x_wconf 87' lang='lat' dir='ltr'><strong>non</strong></span> <span class='ocrx_word' id='word_1_791' title='bbox 2924 4921 3039 4976; x_wconf 90' lang='lat' dir='ltr'><strong>nisi</strong></span> <span class='ocrx_word' id='word_1_792' title='bbox 3070 4919 3330 4978; x_wconf 75' lang='lat' dir='ltr'><strong>Ecclesia</strong></span> <span class='ocrx_word' id='word_1_793' title='bbox 3356 4919 3605 4991; x_wconf 64' lang='lat' dir='ltr'><strong>est.(‘Id.,</strong></span> <span class='ocrx_word' id='word_1_794' title='bbox 3638 4920 3736 4977; x_wconf 83' lang='lat' dir='ltr'><strong>lib.</strong></span> <span class='ocrx_word' id='word_1_795' title='bbox 3770 4919 3843 4976; x_wconf 88' lang='lat' dir='ltr'><strong>ad</strong></span> <span class='ocrx_word' id='word_1_796' title='bbox 3868 4922 3975 4979; x_wconf 83' lang='lat' dir='ltr'><strong>Ja-</strong></span> 
     </span>
    </p>
   </div>
   <div class='ocr_carea' id='block_1_111' title="bbox 2312 5009 3327 5082">
    <p class='ocr_par' dir='ltr' id='par_1_111' title="bbox 2312 5009 3327 5082">
     <span class='ocr_line' id='line_1_111' title="bbox 2312 5009 3327 5082; baseline -0.005 -13"><span class='ocrx_word' id='word_1_797' title='bbox 2312 5030 2503 5082; x_wconf 87' lang='lat' dir='ltr'><strong>nuar.,</strong></span> <span class='ocrx_word' id='word_1_798' title='bbox 2536 5017 2681 5068; x_wconf 89' lang='lat' dir='ltr'><strong>tom.</strong></span> <span class='ocrx_word' id='word_1_799' title='bbox 2716 5009 2785 5079; x_wconf 88' lang='lat' dir='ltr'><strong>II,</strong></span> <span class='ocrx_word' id='word_1_800' title='bbox 2819 5009 3064 5066; x_wconf 77' lang='lat'><strong>001.205</strong></span> <span class='ocrx_word' id='word_1_801' title='bbox 3091 5012 3149 5065; x_wconf 84' lang='lat' dir='ltr'><strong>et</strong></span> <span class='ocrx_word' id='word_1_802' title='bbox 3175 5011 3327 5081; x_wconf 83' lang='lat' dir='ltr'><strong>seq.)</strong></span> 
     </span>
    </p>
   </div>
   <div class='ocr_carea' id='block_1_112' title="bbox 2385 5097 3978 5172">
    <p class='ocr_par' dir='ltr' id='par_1_112' title="bbox 2385 5097 3978 5172">
     <span class='ocr_line' id='line_1_112' title="bbox 2385 5097 3978 5172; baseline -0.001 -13"><span class='ocrx_word' id='word_1_803' title='bbox 2385 5104 2520 5169; x_wconf 69' lang='lat' dir='ltr'><strong>Quae</strong></span> <span class='ocrx_word' id='word_1_804' title='bbox 2552 5117 2792 5158; x_wconf 89' lang='lat' dir='ltr'><strong>sursum</strong></span> <span class='ocrx_word' id='word_1_805' title='bbox 2823 5102 2966 5157; x_wconf 88' lang='lat' dir='ltr'><strong>sunt</strong></span> <span class='ocrx_word' id='word_1_806' title='bbox 2993 5097 3204 5171; x_wconf 84' lang='lat' dir='ltr'><strong>sapite,</strong></span> <span class='ocrx_word' id='word_1_807' title='bbox 3225 5103 3538 5172; x_wconf 77' lang='lat' dir='ltr'><strong>etc.,usque</strong></span> <span class='ocrx_word' id='word_1_808' title='bbox 3564 5098 3775 5161; x_wconf 82' lang='lat' dir='ltr'><strong>ad&#39;nos</strong></span> <span class='ocrx_word' id='word_1_809' title='bbox 3805 5098 3978 5157; x_wconf 77' lang='lat' dir='ltr'><strong>daba-</strong></span> 
     </span>
    </p>
   </div>
   <div class='ocr_carea' id='block_1_113' title="bbox 2313 5188 3973 5263">
    <p class='ocr_par' dir='ltr' id='par_1_113' title="bbox 2313 5188 3973 5263">
     <span class='ocr_line' id='line_1_113' title="bbox 2313 5188 3973 5263; baseline 0 -16"><span class='ocrx_word' id='word_1_810' title='bbox 2313 5208 2447 5248; x_wconf 89' lang='lat' dir='ltr'><strong>mus</strong></span> <span class='ocrx_word' id='word_1_811' title='bbox 2477 5208 2706 5248; x_wconf 87' lang='lat' dir='ltr'><strong>exuere.</strong></span> <span class='ocrx_word' id='word_1_812' title='bbox 2739 5189 2871 5263; x_wconf 92' lang='lat' dir='ltr'><strong>(Id.,</strong></span> <span class='ocrx_word' id='word_1_813' title='bbox 2903 5190 3003 5244; x_wconf 91' lang='lat' dir='ltr'><strong>lib.</strong></span> <span class='ocrx_word' id='word_1_814' title='bbox 3038 5188 3241 5257; x_wconf 58' lang='lat' dir='ltr'><strong>Quasi.</strong></span> <span class='ocrx_word' id='word_1_815' title='bbox 3270 5202 3568 5261; x_wconf 62' lang='lat' dir='ltr'><strong>numq.</strong></span> <span class='ocrx_word' id='word_1_816' title='bbox 3599 5188 3692 5258; x_wconf 85' lang='lat'><strong>29,</strong></span> <span class='ocrx_word' id='word_1_817' title='bbox 3722 5188 3973 5257; x_wconf 83' lang='lat' dir='ltr'><strong>tom.VI,</strong></span> 
     </span>
    </p>
   </div>
   <div class='ocr_carea' id='block_1_114' title="bbox 2313 5279 2790 5353">
    <p class='ocr_par' dir='ltr' id='par_1_114' title="bbox 2313 5279 2790 5353">
     <span class='ocr_line' id='line_1_114' title="bbox 2313 5279 2790 5353; baseline -0.006 -15"><span class='ocrx_word' id='word_1_818' title='bbox 2313 5282 2422 5338; x_wconf 93' lang='lat' dir='ltr'><strong>col.</strong></span> <span class='ocrx_word' id='word_1_819' title='bbox 2456 5282 2526 5337; x_wconf 77' lang='grc'><strong>18</strong></span> <span class='ocrx_word' id='word_1_820' title='bbox 2555 5284 2614 5337; x_wconf 80' lang='lat' dir='ltr'><strong>et</strong></span> <span class='ocrx_word' id='word_1_821' title='bbox 2640 5279 2790 5353; x_wconf 88' lang='lat' dir='ltr'><strong>seq.)</strong></span> 
     </span>
    </p>
   </div>
   <div class='ocr_carea' id='block_1_115' title="bbox 2383 5366 3972 5436">
    <p class='ocr_par' dir='ltr' id='par_1_115' title="bbox 2383 5366 3972 5436">
     <span class='ocr_line' id='line_1_115' title="bbox 2383 5366 3972 5436; baseline -0.001 -9"><span class='ocrx_word' id='word_1_822' title='bbox 2383 5371 2444 5427; x_wconf 89' lang='lat' dir='ltr'><strong>Si</strong></span> <span class='ocrx_word' id='word_1_823' title='bbox 2474 5371 2632 5429; x_wconf 88' lang='lat' dir='ltr'><strong>Deus</strong></span> <span class='ocrx_word' id='word_1_824' title='bbox 2662 5373 2719 5426; x_wconf 90' lang='lat' dir='ltr'><strong>et</strong></span> <span class='ocrx_word' id='word_1_825' title='bbox 2747 5368 3048 5425; x_wconf 84' lang='lat' dir='ltr'><strong>hominem</strong></span> <span class='ocrx_word' id='word_1_826' title='bbox 3080 5366 3152 5424; x_wconf 88' lang='lat' dir='ltr'><strong>de</strong></span> <span class='ocrx_word' id='word_1_827' title='bbox 3179 5371 3354 5436; x_wconf 83' lang='lat' dir='ltr'><strong>terra,</strong></span> <span class='ocrx_word' id='word_1_828' title='bbox 3386 5370 3444 5423; x_wconf 87' lang='lat' dir='ltr'><strong>et</strong></span> <span class='ocrx_word' id='word_1_829' title='bbox 3473 5366 3696 5426; x_wconf 82' lang='lat' dir='ltr'><strong>bestias</strong></span> <span class='ocrx_word' id='word_1_830' title='bbox 3715 5366 3788 5424; x_wconf 88' lang='lat' dir='ltr'><strong>de</strong></span> <span class='ocrx_word' id='word_1_831' title='bbox 3817 5372 3972 5426; x_wconf 78' lang='lat' dir='ltr'><strong>terra</strong></span> 
     </span>
    </p>
   </div>
   <div class='ocr_carea' id='block_1_116' title="bbox 2310 5457 3971 5531">
    <p class='ocr_par' dir='ltr' id='par_1_116' title="bbox 2310 5457 3971 5531">
     <span class='ocr_line' id='line_1_116' title="bbox 2310 5457 3971 5531; baseline -0.001 -15"><span class='ocrx_word' id='word_1_832' title='bbox 2310 5459 2600 5529; x_wconf 88' lang='lat' dir='ltr'><strong>formavit,</strong></span> <span class='ocrx_word' id='word_1_833' title='bbox 2621 5462 2939 5531; x_wconf 86' lang='lat' dir='ltr'><strong>etc.,usque</strong></span> <span class='ocrx_word' id='word_1_834' title='bbox 2966 5457 3037 5514; x_wconf 85' lang='lat' dir='ltr'><strong>ad</strong></span> <span class='ocrx_word' id='word_1_835' title='bbox 3065 5473 3182 5517; x_wconf 85' lang='lat' dir='ltr'><strong>non</strong></span> <span class='ocrx_word' id='word_1_836' title='bbox 3213 5473 3345 5530; x_wconf 66' lang='lat' dir='ltr'><strong>qua:</strong></span> <span class='ocrx_word' id='word_1_837' title='bbox 3374 5472 3556 5530; x_wconf 77' lang='lat' dir='ltr'><strong>super</strong></span> <span class='ocrx_word' id='word_1_838' title='bbox 3582 5459 3823 5515; x_wconf 79' lang='lat' dir='ltr'><strong>terram.</strong></span> <span class='ocrx_word' id='word_1_839' title='bbox 3859 5458 3971 5528; x_wconf 88' lang='lat' dir='ltr'><strong>Id.,</strong></span> 
     </span>
    </p>
   </div>
   <div class='ocr_carea' id='block_1_117' title="bbox 2309 5544 3900 5621">
    <p class='ocr_par' dir='ltr' id='par_1_117' title="bbox 2309 5544 3900 5621">
     <span class='ocr_line' id='line_1_117' title="bbox 2309 5544 3900 5621; baseline -0.001 -15"><span class='ocrx_word' id='word_1_840' title='bbox 2309 5550 2408 5607; x_wconf 88' lang='lat' dir='ltr'><strong>lib.</strong></span> <span class='ocrx_word' id='word_1_841' title='bbox 2440 5568 2497 5606; x_wconf 80' lang='lat' dir='ltr'><strong>v1</strong></span> <span class='ocrx_word' id='word_1_842' title='bbox 2530 5549 2596 5606; x_wconf 86' lang='lat' dir='ltr'><strong>de</strong></span> <span class='ocrx_word' id='word_1_843' title='bbox 2624 5548 2753 5606; x_wconf 81' lang='lat' dir='ltr'><strong>Gen.</strong></span> <span class='ocrx_word' id='word_1_844' title='bbox 2787 5548 2858 5605; x_wconf 85' lang='lat' dir='ltr'><strong>ad</strong></span> <span class='ocrx_word' id='word_1_845' title='bbox 2886 5549 3019 5616; x_wconf 83' lang='lat' dir='ltr'><strong>litt.,</strong></span> <span class='ocrx_word' id='word_1_846' title='bbox 3050 5550 3194 5607; x_wconf 81' lang='lat' dir='ltr'><strong>tom.</strong></span> <span class='ocrx_word' id='word_1_847' title='bbox 3229 5545 3329 5615; x_wconf 83' lang='grc' dir='ltr'>ΙΙΙ,</span> <span class='ocrx_word' id='word_1_848' title='bbox 3347 5548 3499 5618; x_wconf 79' lang='lat' dir='ltr'><strong>part.</strong></span> <span class='ocrx_word' id='word_1_849' title='bbox 3530 5562 3571 5616; x_wconf 80' lang='grc' dir='ltr'>ι,</span> <span class='ocrx_word' id='word_1_850' title='bbox 3604 5544 3717 5603; x_wconf 86' lang='lat' dir='ltr'><strong>col.</strong></span> <span class='ocrx_word' id='word_1_851' title='bbox 3748 5547 3900 5621; x_wconf 68' lang='grc'><strong>348.)</strong></span> 
     </span>
    </p>
   </div>
   <div class='ocr_carea' id='block_1_118' title="bbox 2376 5636 3972 5711">
    <p class='ocr_par' dir='ltr' id='par_1_118' title="bbox 2376 5636 3972 5711">
     <span class='ocr_line' id='line_1_118' title="bbox 2376 5636 3972 5711; baseline -0.002 -13"><span class='ocrx_word' id='word_1_852' title='bbox 2376 5641 2584 5698; x_wconf 81' lang='lat' dir='ltr'><strong>Mortui</strong></span> <span class='ocrx_word' id='word_1_853' title='bbox 2611 5641 2761 5697; x_wconf 82' lang='lat' dir='ltr'><strong>enim</strong></span> <span class='ocrx_word' id='word_1_854' title='bbox 2787 5640 3131 5711; x_wconf 84' lang='lat' dir='ltr'><strong>estis,usque</strong></span> <span class='ocrx_word' id='word_1_855' title='bbox 3155 5636 3229 5694; x_wconf 86' lang='lat' dir='ltr'><strong>ad</strong></span> <span class='ocrx_word' id='word_1_856' title='bbox 3257 5651 3384 5692; x_wconf 81' lang='lat' dir='ltr'><strong>cum</strong></span> <span class='ocrx_word' id='word_1_857' title='bbox 3407 5637 3524 5708; x_wconf 79' lang='lat' dir='ltr'><strong>ipso</strong></span> <span class='ocrx_word' id='word_1_858' title='bbox 3550 5637 3612 5693; x_wconf 88' lang='lat' dir='ltr'><strong>in</strong></span> <span class='ocrx_word' id='word_1_859' title='bbox 3640 5637 3972 5707; x_wconf 68' lang='lat' dir='ltr'><strong>gloriam-</strong></span> 
     </span>
    </p>
   </div>
   <div class='ocr_carea' id='block_1_119' title="bbox 2306 5723 3970 5806">
    <p class='ocr_par' dir='ltr' id='par_1_119' title="bbox 2306 5723 3970 5806">
     <span class='ocr_line' id='line_1_119' title="bbox 2306 5723 3970 5806; baseline -0.001 -18"><span class='ocrx_word' id='word_1_860' title='bbox 2306 5729 2586 5790; x_wconf 81' lang='lat' dir='ltr'><strong>nifestum</strong></span> <span class='ocrx_word' id='word_1_861' title='bbox 2617 5734 2725 5802; x_wconf 88' lang='lat' dir='ltr'><strong>cst,</strong></span> <span class='ocrx_word' id='word_1_862' title='bbox 2759 5733 2818 5789; x_wconf 87' lang='lat' dir='ltr'><strong>et</strong></span> <span class='ocrx_word' id='word_1_863' title='bbox 2847 5727 3033 5788; x_wconf 85' lang='lat' dir='ltr'><strong>cuivis</strong></span> <span class='ocrx_word' id='word_1_864' title='bbox 3063 5723 3387 5788; x_wconf 83' lang='lat' dir='ltr'><strong>advertenti</strong></span> <span class='ocrx_word' id='word_1_865' title='bbox 3436 5723 3606 5786; x_wconf 81' lang='lat' dir='ltr'><strong>facile</strong></span> <span class='ocrx_word' id='word_1_866' title='bbox 3640 5726 3970 5806; x_wconf 79' lang='lat' dir='ltr'><strong>cognitum,</strong></span> 
     </span>
    </p>
   </div>
  </div>
