4114 6448
167 429 172 440 ‘
227 423 351 485 397

1057 429 1495 529 ΔΕΧΡΟΞΙΊῚΟ
1542 431 1620 491 IN
1666 429 1836 492 EPP.
1885 429 2226 494 PAULL—
2257 433 2378 494 EP.
2426 435 2448 494 Ι
2492 435 2595 496 AD
2639 435 2804 498 TIM.

3532 437 3653 499 398

749 731 864 816 IN
922 729 1566 817 EPISTOLAM
1621 730 1697 814 ΙΙ
1751 730 1896 814 ΑΙ)
1955 721 3128 825 THESSALONICENSES.

788 987 1326 1043 ARGUMENTUM.

290 1097 379 1151 Ad
412 1094 966 1152 Thessalonicenses
992 1095 1312 1151 secundam
1335 1092 1540 1149 scribit
1559 1093 1878 1165 Epistolam

216 1184 538 1257 Apostolus
572 1201 584 1239 :
619 1187 676 1240 et
703 1188 909 1240 notum
941 1184 1080 1239 facit
1108 1183 1194 1238 eis
1216 1183 1286 1237 de
1306 1181 1670 1253 temporibus
1692 1181 1876 1238 novis-

217 1275 418 1343 simis,
449 1275 597 1330 etde
618 1265 933 1330 adversarii
956 1270 1528 1344 dejectione.Scribit
1556 1270 1706 1326 hanc
1747 1269 1875 1342 Epi-

217 1363 437 1419 stolam
470 1365 542 1418 ab
567 1363 809 1418 Athenis
840 1379 942 1434 per
970 1361 1170 1417 Titum
1215 1360 1543 1427 diaconem,
1575 1364 1632 1415 et
1673 1359 1874 1416 Onesi-

213 1469 387 1510 mum
420 1453 732 1526 acolytum.
1405 1502 1420 1505 _

756 1559 986 1616 CAPUT
1028 1557 1336 1615 PRIMUM.

283 1672 498 1727 Paulus
543 1677 596 1726 et
645 1669 918 1741 Sylvanus
965 1675 1017 1724 et
1059 1669 1382 1733 Timotheus,
1406 1674 1527 1734 etc.,
1564 1682 1750 1737 usque
1798 1666 1870 1720 ad

205 1763 458 1817 Charitas
487 1760 918 1830 uniuscujusque
948 1764 1186 1812 vestrum
1215 1758 1274 1810 in
1297 1757 1547 1811 invicem.
1565 1754 1681 1810 Hoc
1703 1754 1866 1823 dixit,

205 1867 283 1907 ne
317 1851 464 1906 forte
495 1851 566 1905 de
613 1853 775 1904 tanto
806 1849 979 1914 bono,
1013 1850 1146 1912 etc.,
1172 1861 1341 1916 usque
1387 1844 1456 1899 ad
1503 1843 1769 1899 habeatis
1801 1860 1870 1898 ex

202 1940 377 1996 vobis
433 1939 560 2012 (Id.,
596 1939 692 1994 lib.
725 1937 790 1994 de
821 1937 967 1993 Grut.
1001 1943 1053 1992 et
1080 1937 1176 1990 lib.
1209 1936 1353 2002 arb.,
1386 1937 1526 1989 tom.
1561 1933 1624 2000 Χ,
1651 1936 1798 2004 part.
1825 1949 1864 1998 ι,

203 2029 321 2088 col.
353 2029 506 2100 9011.)
1063 2020 1065 2023 ’

277 2122 367 2175 Ita
396 2125 457 2175 ut
478 2125 530 2175 et
555 2133 653 2174 nos
685 2119 812 2189 ipsi,
841 2124 963 2185 etc.,
985 2131 1170 2186 usque
1201 2114 1272 2169 ad
1296 2115 1536 2185 requiem
1556 2111 1858 2167 nobiseum.

187 2212 524 2280 Pressuras
573 2206 1123 2280 persecutionesque
1155 2204 1478 2275 justorum,
1510 2205 1645 2268 etc.,
1691 2217 1860 2272 usque

197 2300 274 2355 ad
305 2296 720 2371 perficiendam
752 2294 1178 2368 purgationem.
1212 2293 1344 2363 ([d.,
1379 2299 1536 2347 tract.
1573 2291 1638 2345 13
1669 2299 1857 2347 contra

190 2394 420 2453 Faust.,
454 2390 594 2441 tom.
628 2385 779 2452 VIII,
811 2383 920 2439 col.
952 2382 1048 2437 29l
1088 2386 1146 2437 et
1175 2383 1320 2452 seq.)

268 2480 336 2534 In
368 2476 713 2542 reuelatione,
741 2482 864 2540 etc.,
898 2489 1085 2543 usque
1134 2471 1205 2526 ad
1253 2473 1350 2542 qui
1394 2470 1756 2527 crediderunt.
1793 2470 1852 2526 Si

187 2571 367 2643 pejor
396 2572 486 2624 est
515 2565 769 2623 conditio
801 2563 1187 2620 nescientium
1220 2579 1400 2634 quam
1433 2561 1744 2617 scientium
1770 2560 1852 2617 1e-

186 2662 502 2732 gem,etc.,
535 2671 705 2727 usque
727 2654 796 2710 ad
828 2655 928 2726 qui
959 2653 1232 2726 ignorant
1261 2652 1464 2706 Deum.
1499 2652 1628 2721 (Id.,
1664 2653 1760 2706 lib.
1789 2651 1854 2707 de

191 2749 348 2804 Grat.
383 2754 434 2803 et
461 2747 558 2801 lib.
591 2744 708 2800 arb.
737 2748 880 2799 tom.
917 2743 982 2809 X,
1009 2745 1156 2814 part.
1190 2758 1228 2810 Ι,
1263 2740 1371 2796 col.
1395 2742 1501 2795 884
1531 2745 1587 2795 et
1615 2742 1766 2812 seq.)

264 2839 418 2908 Quia
446 2834 715 2891 credit-um
739 2841 1178 2902 est.etc.,usque
1210 2831 1282 2884 ad
1313 2831 1530 2886 Domini
1548 2831 1673 2885 Iesu
1703 2829 1854 2884 Chri-

183 2929 290 2983 sti.
325 2924 498 2982 Salus
530 2922 828 2996 religionis
859 2921 1037 2992 hujus
1087 2936 1188 2992 per
1217 2936 1394 2991 quam
1428 2918 1612 2974 solam
1654 2933 1852 2973 veram

184 3015 359 3072 salus
390 3031 546 3083 vera,
579 3011 974 3082 veraciterque
1005 3007 1387 3082 promittitur,
1407 3011 1540 3077 etc.,
1572 3023 1742 3078 usque
1783 3006 1852 3062 ad

182 3095 497 3162 vocatione
551 3120 659 3158 sua
702 3104 924 3158 sancta.
967 3099 1100 3172 (Id.,
1135 3099 1234 3154 lib.
1269 3114 1309 3152 ιι
1349 3099 1582 3153 Retract.
1624 3101 1766 3152 tom.
1805 3097 1847 3164 Ι,

184 3193 306 3252 col.
335 3194 438 3249 643
451 3192 488 3265 .)

855 3296 1084 3353 CAPUT
1119 3299 1192 3350 II.

264 3412 538 3481 Rogamus
568 3421 757 3464 aurem
786 3421 898 3473 vos,
926 3405 1503 3475 fratres,etc.,usque
1533 3402 1605 3456 ad
1627 3402 1846 3458 seducat

176 3502 304 3558 ullo
360 3498 539 3555 modo.
578 3496 819 3561 Quando
863 3493 1110 3548 dicebat.
1154 3492 1279 3547 Non
1329 3491 1441 3546 cito
1493 3491 1842 3546 moveamini

176 3592 730 3658 mente,etc.,usque
769 3583 839 3640 ad
868 3583 1048 3654 hujus
1079 3581 1202 3637 dies
1239 3580 1504 3636 ultimus.
1527 3581 1658 3646 (Id.,
1682 3583 1838 3652 epist.

174 3680 257 3736 ad
286 3678 513 3749 Hesych.
547 3677 710 3747 episc.
734 3674 800 3728 de
818 3675 926 3745 ﬁne
944 3688 1092 3740 sam,
1109 3675 1252 3726 tom.
1267 3671 1337 3737 II,
1352 3670 1460 3726 col.
1484 3671 1591 3724 905
1611 3674 1667 3724 et
1689 3673 1840 3742 seq.)

1883 2362 1933 2428 B

1907 987 1964 1055 Α
1993 1005 2145 1044 rum.
2179 988 2311 1061 (Id.,
2343 991 2440 1073 lib.
2472 1009 2545 1047 xx
2573 991 2638 1048 de
2669 993 2826 1050 Civit.
2877 995 3018 1062 Dei.,
3050 997 3194 1050 tom.
3226 993 3350 1063 VII,
3379 992 3488 1049 col.
3537 993 3646 1048 685

1988 1080 2045 1132 et
2073 1077 2218 1149 seq.)

2058 1172 2180 1222 Non
2209 1171 2472 1238 retinetis,
2506 1179 2627 1237 etc.,
2652 1187 2840 1242 usque
2871 1173 2942 1227 ad
2977 1173 3345 1229 illustratione
3374 1173 3640 1228 adventus

1985 1257 2094 1310 sui.
2131 1256 2261 1311 Haec
2291 1258 2467 1313 verba
2496 1258 2814 1331 apostolica
2842 1259 2927 1315 ita
2957 1276 3096 1316 sane
3128 1260 3379 1316 obscura
3397 1265 3557 1328 sunt,
3581 1265 3640 1316 et

1986 1343 2230 1416 mystice
2262 1346 2436 1415 dicta,
2470 1352 2604 1415 etc.,
2635 1365 2802 1420 usque
2843 1349 2914 1404 ad
2961 1349 3056 1404 hic
3105 1350 3343 1406 omnino
3385 1353 3632 1406 tacetur.

1983 1433 2118 1504 (Id.,
2141 1436 2295 1506 epist.
2330 1435 2400 1490 ad
2427 1438 2652 1509 Hesych.
2684 1439 2844 1509 episc.
2881 1442 3025 1493 tom.
3059 1442 3130 1508 II,
3164 1438 3272 1494 col.
3303 1438 3455 1508 908.)

2053 1524 2126 1578 E0
2156 1525 2300 1594 quod
2327 1525 2666 1593 charitatem,
2699 1535 2819 1594 etc.,
2855 1543 3044 1598 usque
3075 1527 3145 1582 ad
3183 1528 3242 1581 in
3274 1529 3426 1583 omni
3471 1544 3634 1599 opere
3747 1595 3752 1598 _

1981 1618 2033 1666 et
2059 1629 2304 1669 sermone
2325 1615 2479 1672 bono.
2495 1615 2681 1670 Judaei
2704 1632 2838 1671 cum
2861 1619 3071 1689 putant
3088 1616 3160 1671 ad
3183 1632 3356 1672 suum
3382 1632 3629 1688 regnum

1979 1701 2270 1758 visibilem
2300 1703 2475 1759 istam
2508 1705 2799 1776 pertinere
2827 1705 3531 1779 prophetiam,etc.,usque
3559 1707 3631 1762 ad

1978 1793 2034 1845 et
2084 1808 2200 1846 non
2246 1794 2370 1847 tota
2413 1808 2558 1864 gens
2607 1797 2824 1866 pereat.
2858 1795 2993 1863 (Id.,
3025 1801 3208 1863 tract.,
3251 1795 3312 1850 in
3353 1795 3496 1866 psal.
3539 1811 3626 1864 cv,

1979 1882 2120 1934 tom.
2156 1880 2248 1946 IV,
2281 1885 2432 1953 part.
2465 1899 2527 1949 Il,
2561 1882 2670 1939 col.
2705 1883 2888 1956 1418.)

2046 1968 2169 2024 Erit
2198 1969 2354 2025 enim
2376 1974 2518 2026 tunc
2549 1971 2851 2028 tribulatio
2882 1988 3116 2045 magna,
3146 1971 3338 2045 qualis
3369 1989 3485 2029 non
3517 1973 3630 2030 fuit

1973 2057 2046 2112 ab
2079 2057 2244 2114 initio
2295 2060 2503 2114 mundi
2552 2077 2739 2132 neque
2779 2062 2897 2130 ﬁet,
2929 2065 3061 2129 etc.,
3091 2078 3261 2134 usque
3309 2062 3378 2117 ad
3425 2063 3624 2134 potius

1971 2163 2149 2217 quam
2181 2164 2483 2220 passurus.
2503 2150 2804 2222 (Id.,epist.
2838 2150 2910 2206 ad
2937 2150 3161 2222 Hesych.
3195 2152 3361 2222 episc.
3378 2155 3519 2206 tom.
3546 2151 3618 2219 II,

1965 2235 2076 2292 col.
2107 2237 2258 2308 915.)

2612 2338 2843 2394 CAPUT
2881 2338 2976 2393 III.

2034 2427 2108 2481 De
2133 2435 2348 2494 caetero,
2373 2429 2592 2498 fratres,
2627 2435 2950 2500 etc.,usque
2981 2428 3051 2483 ad
3083 2428 3249 2482 malis
3277 2428 3610 2485 hominibus.

1961 2514 2237 2586 Nunquid
2263 2519 2557 2588 postremo
2605 2515 2937 2588 apostolum
2983 2516 3231 2572 Paulum
3263 2534 3366 2589 pro
3396 2517 3614 2574 Judaais

1962 2603 2320 2673 inﬁdelibus,
2355 2609 2488 2673 etc.,
2511 2622 2678 2678 usque
2715 2607 2784 2660 ad
2815 2607 3076 2678 praecipit
3126 2610 3191 2662 ut
3237 2606 3435 2663 faciat.
3477 2608 3610 2677 (Id.,

1962 2695 2119 2765 epist.
2153 2695 2224 2749 ad
2254 2695 2436 2762 Vital.,
2461 2699 2603 2750 tom.
2627 2699 2698 2763 Il,
2733 2694 2840 2750 col.
2873 2695 3024 2767 988.)

2033 2783 2151 2838 Non
2207 2785 2357 2838 enim
2412 2786 2681 2850 omnium,
2721 2793 2846 2850 etc.,
2873 2801 3060 2857 usque
3115 2785 3186 2840 ad
3245 2787 3466 2841 imitari
3491 2801 3611 2842 nos.

1961 2876 2139 2927 Posse
2169 2871 2381 2927 habere
2405 2873 2600 2937 ﬁdem,
2616 2876 2747 2940 etc.,
2769 2889 2939 2946 usque
2968 2874 3037 2929 ad
3059 2891 3176 2945 qua
3187 2875 3349 2945 juste
3361 2874 3611 2946 judicat.

1963 2962 2094 3033 (Id.,
2131 2961 2228 3016 lib.
2259 2961 2408 3017 Sent.
2445 2968 2720 3033 Prosper.,
2754 2966 2898 3018 tom.
2922 2963 2987 3030 X,
3026 2967 3176 3036 part.
3201 2981 3261 3031 Il,
3284 2963 3392 3020 col.
3425 2963 3612 3036 1887.)

2036 3051 2316 3122 Quoniam
2333 3066 2445 3106 non
2475 3052 2535 3106 in
2557 3053 2753 3124 quiete,
2768 3059 3092 3124 etc.,usque
3121 3054 3194 3108 ad
3218 3069 3420 3124 panem
3458 3070 3614 3109 man-

1960 3139 2172 3195 ducent.
2203 3138 2349 3207 Non,
2382 3139 2680 3211 inquiunt,
2715 3141 2786 3195 de
2816 3140 2928 3196 hoc
2949 3158 3121 3213 opere
3142 3141 3448 3215 corporali,
3474 3146 3608 3212 etc.,

1958 3244 2131 3299 usque
2159 3227 2228 3284 ad
2257 3229 2544 3300 praeconio
2567 3229 2754 3285 facere
2775 3230 3341 3302 jubentur.(Id.,lib.
3364 3232 3429 3287 de
3447 3232 3605 3304 Oper.

1956 3318 2229 3386 monach.,
2261 3321 2404 3372 tom.
2437 3318 2531 3386 VI,
2559 3317 2666 3374 col.
2698 3319 2805 3373 549
2835 3323 2891 3374 et
2921 3321 3069 3391 seq.)
3505 3322 3512 3326 ’

2029 3408 2125 3463 Vos
2171 3414 2371 3475 autem,
2402 3409 2620 3479 fratres,
2665 3409 2834 3464 nolite
2874 3408 3138 3480 perﬁcere
3189 3410 3598 3481 benefacientes.

1955 3497 2194 3569 PrOpter
2240 3496 2620 3553 necessitates
2668 3501 3026 3565 sanctorum,
3061 3501 3195 3565 etc.,
3227 3514 3395 3570 usque
3424 3499 3494 3555 ad
3526 3515 3600 3555 ne

1951 3586 2073 3642 sint
2099 3585 2471 3642 infructuosi.
2505 3586 2634 3658 (Id.,
2668 3586 2827 3653 ibid.,
2860 3586 2968 3642 col.
2999 3588 3151 3657 561.)

2022 3675 2172 3743 Quod
2200 3676 2252 3730 si
2289 3676 2433 3746 quis,
2461 3667 2582 3742 etc.,
2616 3692 2805 3747 usque
2835 3676 2908 3731 ad
2956 3693 3083 3731 cum
3127 3678 3379 3733 omnibus
3427 3679 3596 3734 vobis.

258 3764 603 3839 Diligendus
632 3779 768 3836 ergo
799 3766 888 3818 est
907 3765 965 3817 et
983 3759 1408 3832 exspectandus
1429 3758 1841 3824 D0mini,sieut
1870 3734 1912 3800 (ἶ
1950 3763 2138 3819 Amen.
2174 3762 2496 3835 Di-ligamus
2526 3763 2818 3834 inimicos,
2853 3765 3262 3837 corripiamus,
3284 3769 3601 3840 etc.,usque

178 3861 388 3915 sancte
420 3852 764 3920 exhortaris,
800 3852 1103 3916 adventus,
1130 3854 1262 3914 etc.,
1304 3865 1476 3920 usque
1521 3848 1590 3904 ad
1640 3848 1842 3920 utique

180 3964 304 4003 non
339 3944 632 4001 credebat.
667 3943 800 4014 (Id.,
833 3939 992 4007 ibid.,
1027 3937 1136 3994 col.
1168 3938 1275 3992 909
1304 3941 1360 3993 et
1391 3939 1539 4009 seq.)

257 4036 546 4110 Quoniam
574 4033 691 4088 nisi
720 4031 1290 4099 ven-erit,etc.,usque
1321 4029 1391 4082 ad
1424 4029 1738 4098 iniquitatis
1757 4029 1842 4084 his

176 4130 283 4201 qui
309 4130 558 4198 pereunt.
594 4123 893 4194 Rogamus
921 4135 1045 4186 vos,
1077 4116 1288 4188 inquit,
1331 4117 1536 4172 fratres
1586 4133 1689 4189 per
1737 4119 1838 4172 ad-

174 4219 428 4273 ventum
456 4209 708 4279 Domini,
733 4213 866 4277 etc.,
900 4223 1072 4280 usque
1099 4206 1168 4261 ad
1191 4205 1526 4276 justissime
1549 4205 1841 4277 judicatu-

1951 3853 2020 3908 ad
2051 3870 2168 3906 non
2199 3853 2463 3924 praecidit
2509 3853 2900 3910 dilectionem.
2936 3855 3065 3926 (1d,,
3097 3863 3251 3910 tract.
3303 3858 3362 3910 in
3397 3857 3596 3928 psalm.

1951 3959 2061 4008 LIV,
2092 3946 2234 3996 tom.
2271 3941 2362 4009 IV,
2396 3945 2543 4012 part.
2571 3959 2610 4010 I,
2643 3941 2751 3998 col.
2783 3944 2934 4015 635.)

2021 4030 2284 4102 Superbo
2306 4029 2473 4085 oculo
2498 4033 2554 4085 et
2579 4030 2896 4086 insatiabili
2925 4033 3096 4089 corde
3127 4033 3262 4089 huic
3301 4050 3604 4089 convesce-

1948 4120 2072 4188 bar,
2106 4123 2238 4188 etc.,
2262 4135 2432 4191 usque
2461 4119 2531 4174 ad
2559 4119 2673 4191 ipsi
2704 4122 3148 4177 saturabuntur.
3168 4123 3297 4194 (Id.,
3322 4125 3383 4178 in
3401 4123 3598 4194 psalm.

1948 4225 2000 4276 c,
2029 4206 2137 4264 col.
2174 4208 2354 4280 1290.)

943 4454 1056 4540 IN
1116 4452 1751 4543 EPISTOLAM
1805 4456 1844 4541 Ι
1898 4455 2042 4541 AD
2103 4454 2846 4547 TIMOTHEUM.

1699 4658 2095 4672 ————

664 4759 667 4761 ’
749 4755 1285 4814 ARGUMENTUM.

251 4865 634 4924 Timotheum
666 4863 925 4934 instruit,
942 4868 997 4921 et
1030 4865 1196 4920 docet
1226 4865 1296 4920 de
1328 4863 1695 4920 ordinatione
1723 4865 1840 4937 epi-

178 4959 552 5029 scopatus,et
580 4955 915 5023 diaconii,et
944 4955 1138 5011 omnis
1163 4952 1563 5010 ecclesiasticae
1589 4953 1845 5026 discipli-

178 5065 294 5112 na,
329 5045 594 5101 scribens
625 5062 658 5100 a
690 5044 964 5100 Laodicia
1011 5061 1113 5116 per
1150 5042 1469 5117 Tychicum
1515 5042 1840 5098 diaconem.

727 5178 961 5234 CAPUT
1003 5177 1314 5233 PRIMUM.

258 5297 475 5355 Paulus
503 5295 783 5368 Apostolus
810 5296 933 5352 Iesu
967 5295 1186 5363 Christi,
1219 5301 1345 5360 etc.,
1380 5310 1564 5366 usque
1603 5294 1673 5349 ad
1722 5309 1846 5367 quae

184 5396 266 5445 est
291 5388 352 5441 in
381 5385 502 5456 ﬁde.
519 5384 682 5448 Quod
712 5385 823 5440 iste
854 5385 1224 5458 profanas,et
1249 5383 1432 5439 aniles
1453 5381 1841 5454 fabulas,etc.,

183 5492 362 5548 usque
391 5474 461 5530 ad
489 5473 812 5530 catholicus
844 5473 1027 5530 lector
1056 5473 1346 5546 intelligit.
1381 5473 1514 5544 (Id.,
1543 5473 1633 5528 lib.
1671 5480 1841 5528 contr.

185 5571 353 5628 inim.
389 5565 492 5635 leg.
525 5571 578 5620 et
600 5565 794 5637 proph.
826 5563 1129 5636 tom.VIII,
1162 5562 1270 5618 col.
1301 5564 1407 5619 637
1437 5566 1494 5618 et
1519 5565 1668 5634 seq.)

223 5659 412 5714 -.Fints
443 5661 624 5710 autem
652 5655 931 5727 praecepti,
953 5661 1080 5722 etc.,
1105 5670 1294 5725 usque
1325 5653 1396 5708 ad
1427 5653 1533 5724 ﬁde
1562 5669 1673 5709 non
1689 5650 1841 5724 ﬁcta.

183 5746 536 5814 Divinarum
547 5744 986 5822 Scripturarum
1001 5742 1383 5821 multiplicem
1397 5742 1841 5819 abundantiam,

1870 4762 1916 4826 D
1948 4764 2081 4827 etc.,
2106 4760 2358 4833 usquead
2399 4763 2558 4816 tenet
2587 4759 2647 4816 in
2681 4761 2963 4818 moribus.
3007 4761 3138 4834 (Id.,
3161 4779 3324 4821 serm.
3354 4764 3419 4822 de
3441 4765 3600 4821 laude

1951 4851 2254 4906 charitatis.
2287 4853 2432 4906 tom.
2465 4850 2534 4918 V,
2570 4855 2718 4922 part.
2754 4868 2815 4922 II,
2848 4850 2957 4907 col.
2990 4853 3174 4923 1533.)

2023 4974 2261 5048 Diliges,
2293 4974 2503 5047 inquit,
2555 4975 2871 5031 Dominum
2920 4976 3102 5033 Deum
3150 4981 3320 5033 tuum
3371 4995 3440 5034 ex
3479 4981 3601 5034 toto

1953 5064 2124 5119 corde
2155 5069 2275 5132 tuo,
2310 5068 2440 5132 etc.,
2475 5081 2644 5138 usque
2673 5065 2743 5120 ad
2775 5065 3029 5137 quadam
3055 5069 3210 5121 sorte
3243 5067 3598 5140 junguntur.

1955 5153 2088 5222 (Id.,
2123 5155 2219 5221 lib,
2254 5154 2318 5210 de
2346 5155 2524 5210 Doctr.
2575 5155 2779 5211 Christ.
2834 5156 3036 5225 primo,
3069 5157 3212 5210 tom.
3247 5155 3342 5222 ΙΙΙ,
3375 5161 3524 5226 part.
3559 5173 3598 5224 ι,

1956 5243 2064 5298 col.
2096 5243 2167 5298 29
2196 5248 2252 5298 et
2281 5247 2426 5315 seq.)

2026 5359 2302 5414 Omnium
2335 5358 2515 5432 igitur
2545 5360 2667 5415 haec
2716 5377 2950 5416 summa
3001 5364 3106 5426 est,
3145 5364 3207 5416 ut
3241 5360 3604 5434 intelligatur

1953 5447 2121 5521 legis,
2164 5453 2221 5504 et
2273 5448 2537 5504 omnium
2595 5448 2926 5503 divinarum
2987 5449 3422 5522 Scripturarum
3478 5449 3599 5524 ple-

1957 5538 2183 5608 nitudo,
2217 5543 2352 5610 etc.,
2383 5554 2549 5610 usque
2600 5536 2670 5592 ad
2718 5541 2784 5592 ut
2829 5538 3083 5609 perfecta
3131 5539 3225 5597 sit.
3260 5541 3390 5612 (Id.,
3435 5540 3596 5612 ibid.,

1954 5627 2064 5685 col.
2094 5627 2212 5700 36.)

2025 5745 2236 5810 Omnia
2264 5744 2446 5824 igitur
2472 5747 2760 5823 praecepta
2779 5743 2976 5808 divina
3003 5745 3339 5806 referuntur
3369 5749 3442 5809 ad
3463 5747 3598 5810 cha-
