4114 6460
518 416 638 479 399

1725 414 1956 478 FLOR]
2001 413 2317 479 DIACONI
2361 410 2746 479 MONACHJ.

3822 407 3953 474 500

519 551 779 621 ritatem,
807 554 941 622 etc.,
974 568 1145 627 usque
1172 550 1242 608 ad
1280 554 1516 625 superet
1560 549 1722 606 nulla
1748 549 1876 606 erit.
1909 548 2043 621 (Id.,
2071 549 2169 605 lib.
2201 548 2260 617 Α
2285 546 2520 604 virtutis
2565 549 2678 602 ture
2734 544 2963 603 emittet
3011 543 3299 619 Dominus
3341 559 3411 601 ex
3454 543 3614 611 Sion.
3663 542 3951 618 Apparet,

516 640 773 716 Em'hir.,
804 644 947 698 tom.
981 642 1079 712 VI,
1115 640 1226 698 col.
1256 643 1362 697 288
1389 644 1446 697 et
1477 642 1625 712 seq.)

587 730 814 801 Amate,
843 732 946 788 sed
980 730 1123 807 quid
1151 730 1368 787 amatis
1394 729 1606 797 videte,
1638 733 1773 799 etc.,
1796 744 1967 803 usque
2011 729 2083 785 ad
2121 732 2180 784 et

519 818 636 875 ﬁde
668 837 788 877 non
846 821 1002 877 ﬁcta.
1036 820 1167 891 (Id.,
1204 828 1363 877 tract.
1397 822 1457 876 in
1503 820 1703 892 psalm.
1725 836 1879 888 xxxx,
1903 822 2047 875 tom.
2079 817 2178 888 IV,

517 912 669 980 part,
704 927 746 978 ι,
779 908 888 967 col.
920 911 1071 980 260.)
1622 946 1635 949 κ

590 997 883 1071 Quidquid
915 1016 1051 1072 ergo
1084 997 1405 1055 salubriter
1432 1003 1631 1056 mente
1661 997 2007 1070 concipitur,
2041 1001 2179 1066 etc.,

514 1103 687 1161 usque
711 1087 781 1144 ad
807 1086 1054 1160 laqueus
1077 1089 1186 1144 erit
1205 1087 1422 1145 dilecti.
1452 1089 1582 1162 (Id.,
1603 1096 1762 1145 tract.
1795 1089 1855 1143 in
1880 1088 2025 1159 psal.
2050 1103 2175 1154 CXL,

521 1183 661 1232 tom.
697 1177 791 1246 IV,
823 1182 973 1249 part.
1007 1194 1071 1245 II,
1103 1176 1214 1233 col.
1253 1178 1436 1250 1816.)

584 1266 732 1321 Cum
749 1266 1151 1323 enim’diceret
1171 1266 1689 1335 charitas,addidit
1716 1267 1787 1323 de
1815 1266 1989 1322 corde
2006 1281 2174 1338 puro,

511 1358 642 1424 etc.,
670 1372 841 1428 usque
882 1356 954 1411 ad
998 1374 1135 1429 spes
1184 1360 1386 1414 nostra
1444 1356 1708 1413 fallatur.
1760 1357 1891 1428 (Id.,
1935 1357 2032 1411 lib.
2066 1373 2084 1410 Ι
2112 1355 2179 1411 de

509 1445 655 1500 Doct.
686 1445 917 1511 Christ.,
959 1450 1103 1503 tom.
1132 1447 1232 1514 III,
1262 1451 1413 1519 part.
1439 1465 1478 1516 1,
1512 1446 1622 1503 col.
1659 1446 1773 1518 36.)

581 1534 622 1588 Α
654 1534 850 1606 quibus
880 1536 1127 1607 quidam,
1170 1544 1296 1605 etc.,
1328 1553 1517 1608 usque
1561 1536 1634 1591 ad
1683 1536 1748 1590 de
1794 1534 1992 1607 quibus
2020 1534 2179 1609 afﬁr-

517 1632 695 1680 mant.
746 1624 896 1689 Quid
945 1624 1103 1680 enim
1154 1625 1456 1693 molestiae,
1493 1625 1860 1697 tristitiaeque
1906 1624 2177 1697 ingerent

509 1713 902 1785 prudentibus
931 1715 1214 1772 fratribus
1242 1715 1560 1782 temerarii,
1593 1720 1729 1783 etc.,
1760 1730 1935 1787 usque
1983 1713 2053 1770 ad
2100 1714 2172 1769 ad

509 1818 706 1859 escam
738 1803 1100 1875 perveniant.
1133 1805 1380 1876 (Id.,lib.
1402 1804 1467 1861 de
1498 1805 1630 1861 Gen.
1655 1804 1724 1860 ad
1755 1805 1888 1872 litt.,
1913 1807 2052 1859 tom.
2074 1802 2171 1872 ΙΙΙ,

514 1894 668 1964 part.
702 1908 742 1960 ι,
777 1891 886 1948 col.
917 1895 1019 1949 261
1057 1897 1115 1948 et
1144 1894 1293 1966 seq.)

576 1979 793 2037 Scimus
821 1990 1004 2039 autem
1032 1985 1169 2056 quia
1195 1984 1339 2040 bona
1366 1991 1449 2040 est
1475 1985 1583 2053 lex,
1615 1985 1667 2039 si
1686 1985 1810 2057 quis
1830 2000 1893 2040 ea
1927 1983 2171 2052 legitime

505 2069 716 2126 utatur.
748 2071 922 2128 Justo
949 2072 1107 2129 enim
1135 2089 1252 2129 non
1282 2077 1372 2129 est
1394 2072 1485 2129 lex
1516 2073 1714 2146 posita
1746 2090 1759 2127 :
1793 2089 1923 2145 quae
1967 2076 2166 2127 tamen

504 2159 662 2215 bona
688 2164 798 2232 est,
812 2176 982 2234 usque
1009 2162 1080 2217 ad
1111 2160 1225 2219 nisi
1256 2162 1456 2218 divina
1478 2162 1670 2235 gratia
1694 2161 2010 2218 subveniri.
2030 2161 2163 2234 (Id.,

501 2248 601 2304 lib.
660 2249 724 2305 de
773 2251 925 2323 Spir.
984 2261 1036 2307 et
1091 2252 1222 2318 litt.,
1249 2256 1391 2308 tom.
1442 2251 1509 2323 X,
1544 2256 1692 2324 part.
1729 2270 1767 2321 ι,
1817 2250 1928 2306 col.
1959 2252 2066 2306 208
2109 2254 2167 2306 et

503 2340 653 2410 seq.)

572 2427 735 2484 Bona
760 2431 849 2487 est
877 2429 971 2486 lex
989 2429 1077 2485 illi
1109 2430 1211 2502 qui
1240 2447 1310 2487 ea
1336 2430 1594 2504 legitime
1625 2432 1969 2498 utitur,etc.,
1996 2445 2162 2501 usque

501 2515 830 2575 adsanante
853 2534 958 2590 per
985 2520 1258 2591 gratiam.
1277 2521 1580 2593 (Id.,epist.
1608 2520 1677 2576 ad
1704 2519 2161 2588 Anast.,tom.ll,

507 2603 618 2663 col.
648 2605 758 2664 593
782 2610 842 2662 et
870 2609 1016 2681 seq.)

571 2693 811 2752 Scientes
839 2697 955 2765 hoc,
973 2706 1303 2771 etc.,usque
1332 2699 1405 2755 ad
1435 2699 1578 2771 quod
1606 2699 1876 2755 creditum
1893 2705 1971 2755 est
1994 2699 2159 2754 mihi.

499 2782 620 2841 Deo
646 2784 789 2840 vivit
819 2785 922 2856 qui
953 2788 1065 2842 sub
1100 2788 1212 2843 Deo
1242 2787 1481 2861 est,legi
1514 2791 1733 2854 autem,
1757 2787 1859 2860 qui
1889 2787 2000 2843 sub
2031 2786 2157 2859 lege

498 2877 605 2932 est.
627 2874 746 2931 Sub
776 2873 903 2948 lege
951 2880 1153 2933 autem
1193 2876 1426 2946 vivitur,
1459 2879 1520 2933 in
1569 2877 2157 2950 quantum‘lquisque

497 2966 767 3034 peccator
799 2965 977 3034 est,id
1009 2970 1099 3023 est
1127 2965 1188 3021 in
1222 2971 1512 3038 quantum
1535 2967 1764 3024 aveteri
1779 2966 2017 3024 homine
2036 2983 2155 3023 non

497 3055 587 3108 est
615 3056 899 3109 mutatus.
935 3054 1057 3112 Sua
1083 3054 1241 3111 enim
1268 3055 1391 3112 vita
1420 3056 1579 3113 vivit.

565 3141 638 3196 Et
666 3139 799 3199 ideo
828 3140 921 3198 lex
947 3159 1131 3216 supra
1158 3142 1324 3201 illum
1359 3150 1468 3214 est,
1500 3145 1642 3218 quia
1671 3145 1779 3218 qui
1818 3145 1985 3201 illam
2034 3162 2152 3201 non

493 3227 720 3302 implet,
750 3229 927 3299 infra,
956 3237 1089 3302 etc.,
1120 3249 1292 3307 usque
1318 3234 1389 3290 ad
1417 3235 1614 3291 stabili
1660 3236 1927 3308 gaudens
1974 3236 2145 3292 bono.

2290 638 2519 704 fratres,
2554 634 3160 705 evidentissime,etc.,
3180 651 3352 707 usque
3371 634 3441 690 ad
3471 633 3634 708 regni
3667 634 3795 707 ejus
3825 648 3952 691 non

2287 725 2397 782 erit
2425 725 2580 782 ﬁnis.
2614 725 2745 798 (Id.,
2782 733 2945 782 tract.
2976 727 3038 781 in
3069 726 3216 798 psal.
3250 740 3363 794 cxx,
3393 728 3538 780 tom.
3573 723 3667 794 IV,
3700 726 3854 797 part.
3882 740 3951 793 II,

2292 814 2403 872 col.
2441 816 2626 885 1453.)

2360 904 2422 961 Si
2465 904 2527 960 in
2578 903 2695 960 illis
2741 904 2983 962 vocibus
3033 922 3161 978 quae
3219 904 3440 962 ﬁebant
3473 903 3530 959 in
3562 903 3779 974 Exodo,
3810 906 3957 972 etc.,

2286 1010 2458 1067 usque
2485 995 2556 1050 ad
2589 994 2789 1051 nullus
2850 993 3205 1067 imperiosus
3263 993 3474 1068 egisse.
3512 993 3654 1063 (Id.,
3688 993 3783 1048 lib.
3816 1010 3859 1049 ιι
3889 991 3963 1049 de

2290 1080 2512 1149 Trinit.,
2545 1088 2689 1140 tom.
2721 1084 2872 1153 VIII,
2907 1083 3018 1141 col.
3051 1085 3207 1154 866.)

2356 1173 2437 1230 De
2472 1173 2751 1231 invisibili
2784 1175 2902 1233 Deo
2926 1173 3081 1230 inter
3107 1190 3214 1230 nos
3245 1173 3462 1247 agitur,
3495 1177 3630 1242 etc.,
3661 1189 3828 1246 usque
3876 1171 3956 1229 ad

2282 1262 2615 1320 videbimus
2635 1281 2771 1321 eum
2793 1263 2970 1320 sicuti
2992 1268 3101 1320 est.
3135 1264 3266 1335 (Id.,
3287 1264 3384 1319 lib.
3411 1272 3582 1321 contr.
3618 1264 3945 1333 Maximin.,

2283 1356 2426 1409 tom.
2459 1352 2606 1421 VIII,
2645 1352 2754 1409 col.
2786 1355 2896 1409 762
2922 1357 2979 1410 et
3005 1355 3153 1425 seq.)

2353 1442 2566 1498 Habens
2602 1443 2784 1514 ﬁdem,
2817 1446 2952 1511 etc.,
3004 1458 3192 1514 usque
3248 1443 3320 1498 ad
3380 1459 3490 1499 non
3543 1442 3940 1514 blasphemure.

2285 1530 2445 1587 Istud
2480 1530 2742 1604 Apostoli
2775 1531 2946 1604 quale
2976 1536 3113 1588 est?
3143 1534 3340 1588 nonne‘
3364 1531 3446 1587 ita
3476 1531 3764 1602 mirabile,
3799 1537 3942 1599 etc.,

2282 1637 2452 1692 usque
2497 1622 2568 1677 ad
2614 1620 2946 1677 excluditur
2975 1638 3147 1695 opere
3178 1622 3428 1679 Satanae.
3458 1621 3703 1696 (Id.,lib.
3727 1622 3792 1677 de
3811 1621 3944 1677 Nat.

2282 1718 2333 1766 et
2362 1719 2530 1780 grat.,
2563 1716 2707 1767 tom.
2741 1711 2806 1780 X,
2840 1715 2992 1783 part.
3026 1728 3067 1779 ι,
3101 1711 3210 1769 col.
3244 1711 3394 1785 262.)

2352 1797 2523 1855 Nulla
2536 1802 2921 1866 creaturaest,
2937 1799 3056 1855 sive
3080 1815 3210 1872 qua:
3230 1798 3291 1855 in
3313 1798 3552 1856 veritate
3574 1803 3772 1856 manet
3791 1798 3948 1857 dans

2281 1885 2529 1960 gloriam
2558 1887 2696 1957 Deo,
2731 1892 2864 1958 etc.,
2897 1904 3069 1962 usque
3088 1888 3159 1945 ad
3193 1888 3305 1946 sibi
3336 1887 3578 1946 retinuit
3616 1889 3945 1967 (Id.,expos.

2276 1976 2426 2049 Epis.
2462 1978 2532 2033 ad
2565 1977 2718 2047 Gal.,
2753 1981 2894 2035 tom.
2929 1979 3028 2047 IlI,
3050 1983 3202 2052 part.
3236 1996 3296 2048 ιι,
3332 1978 3442 2035 col.
3473 1980 3614 2035 2128
3640 1981 3696 2036 et
3717 1980 3867 2053 seq.)

2934 2120 3169 2176 CAPUT
3212 2121 3283 2178 ΙΙ.

2346 2244 2571 2302 Obsecro
2602 2247 2794 2316 igitur,
2826 2253 2948 2314 etc.,
2982 2262 3171 2319 usque
3202 2248 3274 2304 ad
3320 2247 3391 2304 ad
3417 2249 3755 2318 agnitionem
3782 2250 3933 2305 veri-

2272 2334 2400 2391 tatis
2427 2336 2633 2392 venire.
2652 2335 2921 2400 Quandin
2940 2336 3235 2409 permistee
3266 2342 3406 2394 sunt
3434 2338 3620 2395 ambae
3642 2337 3928 2409 civitates,

2269 2427 2401 2492 etc.,
2434 2441 2606 2497 usque
2635 2426 2705 2481 ad
2735 2441 2869 2481 cum
2902 2424 3001 2482 illo
3044 2444 3149 2500 per
3196 2426 3472 2500 speciem.
3506 2426 3636 2501 (Id.,
3689 2428 3789 2484 lib.
3828 2442 3931 2503 xix

2268 2512 2332 2569 de
2361 2513 2518 2572 Civit.
2553 2515 2697 2583 Dei.,
2727 2518 2875 2573 tom.
2915 2516 3036 2585 VII,
3071 2516 3181 2572 col.
3212 2517 3318 2572 656
3347 2520 3404 2572 et
3434 2519 3585 2589 seq.)

2338 2602 2504 2659 Sicut
2533 2608 2732 2660 autem
2762 2605 3092 2661 Jerusalem
3123 2606 3416 2679 signiﬁcat
3434 2606 3723 2664 civitatem
3741 2607 3925 2665 socie-

2266 2693 2565 2765 tatemque
2612 2697 2973 2762 sanctorum,
3006 2699 3140 2764 etc.,
3171 2711 3338 2767 usque
3366 2693 3438 2750 ad
3467 2694 3569 2751 Dei
3611 2696 3929 2753 aediﬁcatio

2263 2780 2426 2838 estis.
2460 2782 2590 2853 (Id.,
2641 2783 2736 2839 lib.
2786 2783 2851 2840 de
2896 2785 3302 2841 catechizana‘is
3344 2784 3609 2855 Rudibus,
3642 2790 3785 2842 tom.
3818 2786 3919 2857 VI,

2264 2870 2374 2927 col.
2407 2872 2512 2928 337
2535 2877 2593 2928 et
2621 2876 2771 2944 seq.)

2337 2960 2453 3017 Ista
2472 2960 2645 3033 plane
2666 2961 3010 3021 difﬁcillime
3034 2963 3474 3036 discernuntur,
3491 2964 3589 3022 ubi
3614 2964 3719 3022 ait:
3744 2964 3925 3022 Obse-

2262 3066 2383 3118 cro,
2417 3055 2552 3117 ete.,
2586 3066 2754 3124 usque
2784 3052 2853 3108 ad
2902 3057 2961 3109 et
3006 3052 3295 3110 habitavit
3326 3054 3386 3109 in
3419 3054 3609 3111 nobis.
3642 3054 3771 3127 (Id.,
3803 3056 3909 3113 tib.

2260 3140 2331 3195 ad
2358 3140 2521 3195 Paul.
2554 3143 2722 3213 episc.
2763 3145 2908 3199 tom.
2934 3142 3002 3210 II,
3030 3141 3140 3199 col.
3174 3143 3281 3200 635
3311 3146 3369 3199 et
3398 3143 3546 3217 seq.)

2332 3229 2479 3285 Cum
2510 3230 2808 3299 audimus,
2842 3234 2898 3286 et
2932 3231 2991 3285 in
3023 3232 3206 3288 sacris
3240 3231 3452 3293 litteris
3472 3231 3728 3306 legimus
3758 3235 3923 3307 quod

495 3318 629 3389 (Id.,
658 3335 844 3392 cepas.
876 3322 1047 3394 Epist.
1074 3324 1145 3379 ad
1196 3324 1339 3392 Gal.,
1370 3329 1513 3382 tom.
1569 3307 1686 3395 III;
1717 3329 1868 3398 part.
1919 3343 1982 3397 ιι,
2031 3325 2143 3382 col.
2177 3307 2219 3374 Ο
2257 3318 2394 3375 velit
2413 3335 2618 3375 omnes
2640 3319 2912 3376 homines
2943 3319 3155 3390 salvos,
3178 3325 3311 3391 etc.,
3331 3338 3499 3394 usque
3518 3322 3590 3378 ad
3618 3324 3922 3396 quodcun-

490 3408 640 3464 2145
663 3412 720 3464 et
751 3410 901 3484 seq.)

564 3496 776 3555 Gratias
804 3516 905 3572 ago
928 3503 1001 3568 ei,
1033 3509 1158 3570 etc.,
1192 3518 1381 3575 usque
1412 3504 1485 3559 ad
1517 3520 1750 3577 quorum
1786 3506 2007 3577 primus
2052 3520 2150 3574 ego

494 3602 651 3642 sum.
683 3589 998 3659 Apostolus
1029 3590 1248 3648 Paulus
1279 3608 1349 3648 ex
1378 3598 1748 3667 persecutore
1791 3593 2007 3650 Christi
2051 3611 2152 3650 an-

497 3675 803 3733 nuntiator
831 3677 1040 3749 factus,
1063 3684 1199 3750 etc.,
1231 3698 1405 3753 usque.
1430 3684 1502 3739 ad
1542 3673 1880 3756 persecutor
1906 3688 1966 3740 et
1991 3685 2148 3757 inju-

499 3762 713 3821 riosus.
738 3767 873 3836 (Id.,
914 3784 1077 3825 serm.
1110 3769 1176 3827 de
1223 3788 1374 3828 conv.
1425 3773 1611 3842 Paul.,
1644 3777 1787 3829 tom.
1814 3773 1884 3842 V,
1916 3779 2067 3847 part.
2099 3779 2146 3845 Ι,

497 3851 608 3909 col.
644 3855 786 3912 1268
812 3860 869 3913 et
896 3859 1043 3931 seq.)

566 3942 671 3998 Sed
724 3944 843 4001 ideo
887 3949 1343 4020 misericordiam,
1376 3959 1500 4019 etc.,
1531 3969 1722 4025 usque
1751 3954 1824 4011 ad
1868 3956 1927 4009 in
1974 3956 2149 4011 vitam

492 4037 778 4090 aeternam.
812 4035 959 4101 Quia
1001 4036 1467 4097 misericordiam
1514 4045 1575 4098 et
1617 4042 1913 4099 veritatem
1956 4043 2149 4118 diligit

492 4119 669 4192 Deus,
703 4127 836 4193 etc.,
863 4140 1037 4199 usque
1062 4128 1132 4184 ad
1163 4145 1375 4202 negare
1424 4130 1638 4203 poterit
1678 4132 1963 4189 debitum.
2008 4134 2142 4205 (Id.,

491 4216 645 4268 tract.
681 4215 741 4269 in
758 4216 903 4286 psal.
940 4233 1168 4287 Lxxxm,
1202 4222 1344 4274 tom.
1380 4219 1472 4290 IV,
1499 4224 1647 4293 part.
1680 4238 1741 4290 ιι,
1763 4220 2075 4296 col.1067.)

558 4301 664 4357 Sed
690 4304 1154 4375 misericordiam,
1186 4316 1513 4381 etc.,usque
1542 4310 1617 4366 ad
1646 4311 1708 4366 in
1738 4310 2143 4369 incredulitate.

491 4388 703 4462 Magna
727 4397 817 4448 est
846 4395 1248 4453 misericordia
1276 4402 1380 4454 tua
1411 4415 1424 4456 :
1460 4404 1518 4455 et
1546 4401 1619 4455 de
1663 4418 1880 4475 magna
1919 4400 2143 4458 miseri-

490 4479 708 4548 cordia,
739 4486 871 4552 etc.,
894 4501 1063 4557 usque
1092 4487 1161 4542 ad
1199 4488 1301 4544 sed
1334 4504 1610 4562 magnam
1652 4491 2139 4549 misericordiam.

489 4567 622 4636 (Id.,
643 4570 701 4624 in
728 4573 870 4641 psal.
897 4590 949 4641 L,
980 4577 1122 4629 tom.
1161 4575 1251 4642 IV,
1288 4582 1438 4650 part.
1471 4596 1510 4646 Ι,
1541 4578 1651 4635 col.
1687 4581 1840 4650 588.)

559 4656 769 4753 [fidelis
794 4677 989 4731 sermo,
1022 4671 1144 4731 etc.,
1195 4683 1381 4738 usque
1426 4668 1499 4723 ad
1548 4670 1606 4724 in
1651 4671 1822 4726 vitam
1848 4680 2137 4728 mter-nam.
2171 4689 2219 4753 D

489 4744 665 4802 Nulla
693 4765 873 4806 causa
901 4751 1009 4808 fuit
1038 4754 1309 4811 veniendi
1331 4756 1563 4814 Christo
1584 4758 1981 4827 Domino,nisi
2004 4778 2141 4834 pee-

488 4839 736 4907 catores,
765 4844 897 4908 etc.,
927 4859 1097 4914 usque
1137 4845 1207 4901 ad
1254 4847 1467 4902 versati
1518 4847 1576 4902 in
1622 4848 1966 4906 inﬁrmitate
1993 4851 2141 4923 ejus.

488 4926 621 4998 (Id.,
652 4944 813 4984 serm.
846 4930 974 5007 9_de
1000 4933 1202 4990 eisdem
1230 4938 1376 4993 verb.
1408 4946 1604 5010 apost.,
1634 4942 1775 4995 tom.
1805 4939 1873 4995 V.
1897 4944 2047 5012 part.
2099 4957 2141 5011 ι,

486 5016 595 5071 col.
629 5017 735 5073 945
760 5024 815 5075 ct
845 5023 993 5094 seq.)

555 5104 824 5165 Christus
854 5109 1027 5168 Jesus
1057 5114 1215 5169 venit
1244 5115 1302 5170 in
1330 5117 1619 5172 mundum
1660 5121 2012 5190 peccatores,
2043 5117 2139 5174 in-

484 5193 631 5265 quit,
657 5196 871 5266 salvos,
891 5204 1023 5269 etc.,
1050 5220 1220 5275 usque
1248 5206 1318 5259 ad
1350 5206 1419 5260 ad
1449 5222 1582 5261 eum
1614 5208 1861 5263 sanandi
1901 5207 2134 5264 currite.

483 5283 616 5355 (Id.,
649 5286 784 5341 ibid.
813 5304 974 5345 serm.
1012 5293 1098 5361 10,
1131 5292 1240 5348 col.
1272 5295 1368 5349 951
1412 5299 1468 5350 et
1499 5296 1643 5369 seq.)

549 5375 897 5436 Audivimus
928 5380 1164 5438 beatum
1195 5384 1526 5457 apostolum
1561 5386 1805 5443 Paulum
1827 5389 2134 5456 dicentem,

483 5464 793 5523 Humanus
818 5483 1032 5539 sermo,
1063 5476 1121 5527 et
1151 5475 1310 5528 omni
1360 5476 1695 5549 acceptione
1730 5478 1962 5550 dignus,
1998 5483 2130 5547 etc.,

480 5567 651 5626 usque
691 5556 766 5612 ad
809 5557 934 5616 sine
982 5562 1255 5632 parvulos
1313 5567 1508 5621 venire
1556 5568 1628 5622 ad
1670 5583 1783 5622 me.
1832 5568 1962 5637 (Id.,
1998 5568 2129 5625 ibid.

479 5657 643 5698 serm.
675 5646 730 5714 8,
764 5645 872 5703 col.
904 5647 1028 5716 940,
1064 5658 1121 5706 et
1154 5654 1303 5725 seq.)

550 5731 695 5808 Regi
714 5743 913 5813 autem,
926 5745 1249 5821 etc.,usque
1279 5744 1352 5800 ad
1380 5744 1575 5805 bonum
1602 5748 2130 5828 miiitiamNirgam

2260 3424 2375 3481 que
2422 3426 2540 3465 non
2589 3409 2744 3465 fecit.
2779 3409 2912 3482 (Id.,
2945 3410 3043 3466 lib.
3075 3411 3330 3479 Enohir.,
3361 3415 3505 3470 tom.
3538 3411 3643 3483 VI,
3666 3412 3778 3471 col.
3807 3415 3920 3471 ΕΟ

2259 3502 2317 3553 et
2345 3501 2498 3571 seq.)

2331 3588 2497 3644 Sicut
2512 3586 2660 3644 illud
2680 3589 2836 3661 quod
2868 3587 3090 3645 dictum
3120 3593 3231 3658 est,
3254 3606 3461 3648 omnes
3489 3590 3553 3646 in
3582 3590 3815 3651 Christo
3834 3592 3917 3650 νὶ-

2256 3677 3009 3752 viﬁcabuntur.etc..usque
3032 3678 3104 3735 ad
3134 3679 3249 3737 nisi
3280 3680 3354 3737 ab
3386 3679 3517 3753 ipso
3545 3680 3775 3740 volente
3794 3699 3915 3741 non

2259 3767 2409 3824 ﬁunt
2437 3768 2569 3841 (Id.,
2601 3770 2663 3825 in
2685 3770 2830 3841 psal.
2864 3785 2996 3835 cxn,
3029 3786 3102 3826 ea:
3122 3771 3287 3842 epist.
3316 3769 3388 3827 ad
3419 3771 3623 3840 νηπίη
3652 3775 3795 3830 tom.
3838 3772 3911 3845 II,

2257 3856 2368 3915 col.
2399 3857 2504 3913 ἥδ
2527 3862 2585 3914 et
2614 3858 2762 3931 seq.)
3427 3918 3440 3929 ,

2325 3946 2465 4003 Vult
2496 3950 2695 4004 autem
2722 3947 2878 4005 Deus
2907 3964 3110 4005 omnes
3135 3948 3405 4006 homines
3434 3948 3627 4007 salVos
3655 3950 3782 4007 ﬁeri
3829 3955 3910 4021 et,

2254 4042 2388 4106 etc.,
2419 4053 2590 4111 usque
2616 4038 2687 4094 ad
2708 4038 2818 4095 sub
2847 4037 2950 4095 Dei
2979 4042 3284 4111 potestate.
3317 4040 3454 4113 (Id.,
3473 4040 3570 4097 lib.
3602 4041 3668 4100 de
3699 4041 3918 4115 διήκει

2254 4129 2384 4196 lita,
2416 4132 2558 4185 tom.
2591 4129 2656 4197 Χ,
2689 4132 2841 4201 part.
2872 4145 2915 4196 ι,
2937 4128 3046 4187 col.
3078 4130 3239 4194 238.)-

2325 4218 2477 4284 Quia
2517 4234 2652 4291 ergo
2705 4235 2813 4274 nos
2863 4217 2965 4290 qui
3014 4217 3158 4275 salvi
3190 4218 3373 4274 futuri
3402 4219 3531 4278 sint
3559 4219 3912 4292 nescientes,

2250 4311 2388 4375 etc.,
2416 4323 2587 4381 usque
2627 4307 2699 4363 ad
2744 4307 3027 4380 quoniam
3054 4325 3167 4365 nos
3192 4308 3333 4365 facit
3354 4308 3517 4367 velle.
3549 4310 3686 4381 (Id.,
3716 4311 3819 4368 lib.
3841 4312 3914 4370 de

2250 4398 2372 4453 Nat.
2405 4404 2455 4453 et
2480 4405 2647 4469 grat.,
2680 4400 2821 4453 tom.
2855 4397 2920 4465 X,
2956 4401 3105 4470 part.
3135 4415 3175 4467 Ι,
3208 4397 3316 4454 col.
3347 4400 3475 4455 255.

2326 4488 2473 4544 Unus
2496 4487 2645 4543 enim
2672 4488 2832 4555 Deus,
2863 4494 2991 4554 etc.,
3022 4503 3212 4559 usque
3242 4487 3315 4543 ad
3340 4504 3443 4560 pro
3462 4490 3735 4546 omnibus.
3758 4490 3909 4550 Cum

2251 4576 2330 4631 sit
2360 4577 2485 4649 ipse
2506 4575 2772 4632 Christus
2795 4575 3082 4648 sapientia
3103 4575 3197 4633 Dei
3219 4594 3323 4649 per
3343 4594 3522 4650 quam
3549 4583 3744 4636 creata
3767 4585 3913 4638 sunt

2250 4665 2469 4733 omnia,
2485 4669 2618 4733 etc.,
2637 4681 2807 4737 usque
2834 4665 2904 4721 ad
2934 4665 3037 4737 qui
3059 4670 3150 4722 est
3169 4664 3384 4722 veritas
3417 4667 3476 4722 in
3498 4669 3755 4725 aeternis.
3773 4669 3908 4743 (Id.,

2253 4755 2352 4811 lib.
2387 4772 2405 4809 ι
2439 4754 2504 4810 de
2532 4771 2677 4811 cons.
2710 4770 2931 4823 evang,
2962 4758 3106 4810 tom.
3132 4755 3234 4823 ΠΙ,
3266 4759 3419 4828 part.
3452 4772 3493 4823 ι,
3526 4757 3635 4814 col.
3668 4758 3823 4832 870.)

2325 4845 2413 4900 Tu
2444 4862 2506 4900 es
2534 4842 2747 4901 veritas
2777 4861 2955 4917 super
2982 4844 3181 4901 omnia
3209 4845 3552 4917 praesidens,
3583 4851 3914 4921 etc.,usque

2252 4934 2323 4990 ad
2353 4933 2523 4990 nobis
2556 4934 2879 4990 serviendo.
2903 4935 3034 5007 (Id.,
3068 4935 3167 4990 lib.
3199 4951 3237 4990 Χ
3262 4935 3502 5009 Con/"ess,
3536 4940 3680 4993 tom.
3713 4937 3756 5009 Ι,
3792 4924 3906 4997 col.

2249 5026 2355 5078 867
2376 5026 2433 5079 et
2461 5023 2609 5095 seq.)

2321 5112 2381 5169 Si
2413 5128 2618 5169 omnes
2648 5111 2938 5182 homines,
2958 5114 3220 5186 quandiu
3256 5115 3535 5173 mortales
3557 5117 3906 5187 sunt,etiam

2249 5202 2454 5258 miseri
2488 5202 2608 5258 sint
2637 5219 2878 5260 necesse
2909 5207 3017 5273 est,
3041 5207 3176 5274 etc.,
3211 5220 3387 5277 usque
3410 5205 3481 5263 ad
3510 5206 3611 5278 qui
3635 5207 3692 5262 in
3728 5225 3907 5281 supe-

2246 5292 2500 5349 rioribus
2528 5292 2666 5349 vita.
2697 5294 2831 5365 (Id.,
2860 5294 2956 5349 lib.
2988 5294 3053 5351 de
3100 5294 3259 5352 Civit.
3308 5296 3427 5364 Dei,
3459 5299 3602 5355 tomt
3635 5296 3758 5365 VII,
3789 5296 3904 5357 col.

2243 5384 2350 5437 268
2380 5386 2438 5438 et
2467 5384 2616 5454 seq.)

2317 5474 2405 5528 An
2434 5471 2741 5546 apostolus
2770 5472 2999 5541 Petrus,
3035 5473 3189 5530 sicut
3233 5489 3374 5530 eum
3424 5474 3666 5547 quidam
3710 5475 3907 5535 favore

2244 5578 2516 5636 perverso
2549 5562 3139 5637 excusarenituntur,
3156 5567 3477 5637 etc.,usque
3504 5565 3589 5622 ad.
3606 5567 3904 5639 qumnodo

2242 5655 2332 5709 est
2363 5652 2740 5710 membrum?
2773 5652 2880 5723 Id.,
2912 5662 3071 5712 tract.
3103 5656 3167 5710 in
3193 5655 3401 5725 Evang.
3433 5671 3520 5712 sec
3545 5654 3703 5715 Joau.
3744 5673 3899 5730 mu,

2240 5750 2381 5803 tom.
2418 5743 2517 5819 III,
2546 5747 2696 5821 part.
2730 5762 2793 5819 ιι,
2824 5743 2932 5806 col.
2970 5745 3109 5806 1810
3137 5748 3195 5806 et
3213 5750 3363 5824 seq.)
