  <div class='ocr_page' id='page_1' title='image "/cluster/home/n/w/nwhite01/storage/ocr_20150623/119/umn.319510024774125/225.png"; bbox 0 0 4114 6456; ppageno 0'>
   <div class='ocr_carea' id='block_1_1' title="bbox 458 407 581 475">
    <p class='ocr_par' dir='ltr' id='par_1_1' title="bbox 458 407 581 475">
     <span class='ocr_line' id='line_1_1' title="bbox 458 407 581 475; baseline 0 -2"><span class='ocrx_word' id='word_1_1' title='bbox 458 407 581 475; x_wconf 66' lang='lat'>403</span> 
     </span>
    </p>
   </div>
   <div class='ocr_carea' id='block_1_2' title="bbox 1680 410 2699 478">
    <p class='ocr_par' dir='ltr' id='par_1_2' title="bbox 1680 410 2699 478">
     <span class='ocr_line' id='line_1_2' title="bbox 1680 410 2699 478; baseline 0.001 -5"><span class='ocrx_word' id='word_1_2' title='bbox 1680 412 1914 476; x_wconf 83' lang='lat' dir='ltr'>FLORI</span> <span class='ocrx_word' id='word_1_3' title='bbox 1954 410 2273 475; x_wconf 84' lang='lat' dir='ltr'>DIAGONI</span> <span class='ocrx_word' id='word_1_4' title='bbox 2313 411 2699 478; x_wconf 85' lang='lat' dir='ltr'>MONACHI.</span> 
     </span>
    </p>
   </div>
   <div class='ocr_carea' id='block_1_3' title="bbox 3755 409 3895 473">
    <p class='ocr_par' dir='ltr' id='par_1_3' title="bbox 3755 409 3895 473">
     <span class='ocr_line' id='line_1_3' title="bbox 3755 409 3895 473; baseline 0.007 -1"><span class='ocrx_word' id='word_1_5' title='bbox 3755 409 3895 473; x_wconf 72' lang='lat'>404-</span> 
     </span>
    </p>
   </div>
   <div class='ocr_carea' id='block_1_4' title="bbox 461 542 3874 621">
    <p class='ocr_par' dir='ltr' id='par_1_4' title="bbox 461 542 3874 621">
     <span class='ocr_line' id='line_1_4' title="bbox 461 542 3874 621; baseline -0.001 -17"><span class='ocrx_word' id='word_1_6' title='bbox 461 547 716 604; x_wconf 83' lang='lat' dir='ltr'>stantem</span> <span class='ocrx_word' id='word_1_7' title='bbox 742 561 919 619; x_wconf 86' lang='lat' dir='ltr'>quem</span> <span class='ocrx_word' id='word_1_8' title='bbox 958 542 1256 619; x_wconf 79' lang='lat' dir='ltr'>diligebat,</span> <span class='ocrx_word' id='word_1_9' title='bbox 1290 547 1420 613; x_wconf 90' lang='lat' dir='ltr'>etc.,</span> <span class='ocrx_word' id='word_1_10' title='bbox 1450 561 1621 618; x_wconf 89' lang='lat' dir='ltr'>usque</span> <span class='ocrx_word' id='word_1_11' title='bbox 1667 544 1738 601; x_wconf 86' lang='lat' dir='ltr'>ad</span> <span class='ocrx_word' id='word_1_12' title='bbox 1784 544 2113 618; x_wconf 85' lang='lat' dir='ltr'>discipulus</span> <span class='ocrx_word' id='word_1_13' title='bbox 2142 546 2200 616; x_wconf 77' lang='grc' dir='ltr'><strong>Α</strong></span> <span class='ocrx_word' id='word_1_14' title='bbox 2232 552 2235 555; x_wconf 86' lang='grc'><em>’</em></span> <span class='ocrx_word' id='word_1_15' title='bbox 2297 547 2391 603; x_wconf 89' lang='lat' dir='ltr'>Est</span> <span class='ocrx_word' id='word_1_16' title='bbox 2415 554 2599 604; x_wconf 87' lang='lat' dir='ltr'>autem</span> <span class='ocrx_word' id='word_1_17' title='bbox 2625 554 2841 621; x_wconf 52' lang='lat' dir='ltr'>quatas</span> <span class='ocrx_word' id='word_1_18' title='bbox 2871 563 3107 617; x_wconf 82' lang='lat' dir='ltr'>magnus</span> <span class='ocrx_word' id='word_1_19' title='bbox 3126 546 3304 619; x_wconf 85' lang='lat' dir='ltr'>pietas</span> <span class='ocrx_word' id='word_1_20' title='bbox 3352 561 3479 603; x_wconf 85' lang='lat' dir='ltr'>cum</span> <span class='ocrx_word' id='word_1_21' title='bbox 3518 544 3874 619; x_wconf 76' lang='lat' dir='ltr'>sufﬁeientm.</span> 
     </span>
    </p>
   </div>
   <div class='ocr_carea' id='block_1_5' title="bbox 461 634 2107 709">
    <p class='ocr_par' dir='ltr' id='par_1_5' title="bbox 461 634 2107 709">
     <span class='ocr_line' id='line_1_5' title="bbox 461 634 2107 709; baseline -0.001 -18"><span class='ocrx_word' id='word_1_22' title='bbox 461 634 522 691; x_wconf 91' lang='lat' dir='ltr'>in</span> <span class='ocrx_word' id='word_1_23' title='bbox 554 652 679 693; x_wconf 90' lang='lat' dir='ltr'>sua.</span> <span class='ocrx_word' id='word_1_24' title='bbox 713 636 844 709; x_wconf 92' lang='lat' dir='ltr'>(Id.,</span> <span class='ocrx_word' id='word_1_25' title='bbox 877 643 1038 692; x_wconf 85' lang='lat' dir='ltr'>tract.</span> <span class='ocrx_word' id='word_1_26' title='bbox 1074 635 1177 692; x_wconf 92' lang='grc'>119</span> <span class='ocrx_word' id='word_1_27' title='bbox 1220 636 1281 691; x_wconf 88' lang='lat' dir='ltr'>in</span> <span class='ocrx_word' id='word_1_28' title='bbox 1327 637 1542 704; x_wconf 85' lang='lat' dir='ltr'>Evang.</span> <span class='ocrx_word' id='word_1_29' title='bbox 1591 650 1696 691; x_wconf 88' lang='lat' dir='ltr'>see.</span> <span class='ocrx_word' id='word_1_30' title='bbox 1741 636 1934 707; x_wconf 86' lang='lat' dir='ltr'>Joan.,</span> <span class='ocrx_word' id='word_1_31' title='bbox 1963 639 2107 691; x_wconf 90' lang='lat' dir='ltr'>tom.</span> 
     </span>
    </p>
   </div>
   <div class='ocr_carea' id='block_1_6' title="bbox 460 723 1409 797">
    <p class='ocr_par' dir='ltr' id='par_1_6' title="bbox 460 723 1409 797">
     <span class='ocr_line' id='line_1_6' title="bbox 460 723 1409 797; baseline -0.001 -17"><span class='ocrx_word' id='word_1_32' title='bbox 460 723 555 793; x_wconf 90' lang='lat' dir='ltr'>III,</span> <span class='ocrx_word' id='word_1_33' title='bbox 587 728 738 797; x_wconf 83' lang='lat' dir='ltr'><strong>part,</strong></span> <span class='ocrx_word' id='word_1_34' title='bbox 770 741 831 794; x_wconf 88' lang='grc' dir='ltr'>ιι,</span> <span class='ocrx_word' id='word_1_35' title='bbox 865 724 974 781; x_wconf 92' lang='lat' dir='ltr'>col.</span> <span class='ocrx_word' id='word_1_36' title='bbox 1008 725 1147 780; x_wconf 93' lang='lat'>1950</span> <span class='ocrx_word' id='word_1_37' title='bbox 1175 728 1233 780; x_wconf 90' lang='lat' dir='ltr'>et</span> <span class='ocrx_word' id='word_1_38' title='bbox 1263 723 1409 796; x_wconf 86' lang='lat' dir='ltr'>seq.)</span> 
     </span>
    </p>
   </div>
   <div class='ocr_carea' id='block_1_7' title="bbox 529 811 2109 887">
    <p class='ocr_par' dir='ltr' id='par_1_7' title="bbox 529 811 2109 887">
     <span class='ocr_line' id='line_1_7' title="bbox 529 811 2109 887; baseline 0.001 -19"><span class='ocrx_word' id='word_1_39' title='bbox 529 813 590 869; x_wconf 92' lang='lat' dir='ltr'>Si</span> <span class='ocrx_word' id='word_1_40' title='bbox 623 813 767 887; x_wconf 91' lang='lat' dir='ltr'>quid</span> <span class='ocrx_word' id='word_1_41' title='bbox 799 830 941 871; x_wconf 84' lang='lat' dir='ltr'>sane</span> <span class='ocrx_word' id='word_1_42' title='bbox 971 812 1231 887; x_wconf 78' lang='lat' dir='ltr'>pecuniae</span> <span class='ocrx_word' id='word_1_43' title='bbox 1262 828 1354 868; x_wconf 90' lang='lat' dir='ltr'>res</span> <span class='ocrx_word' id='word_1_44' title='bbox 1401 815 1505 868; x_wconf 88' lang='lat' dir='ltr'>tua</span> <span class='ocrx_word' id='word_1_45' title='bbox 1552 811 1861 869; x_wconf 81' lang='lat' dir='ltr'>familiaris</span> <span class='ocrx_word' id='word_1_46' title='bbox 1910 812 2109 883; x_wconf 89' lang='lat' dir='ltr'>habet,</span> 
     </span>
    </p>
   </div>
   <div class='ocr_carea' id='block_1_8' title="bbox 458 900 2112 976">
    <p class='ocr_par' dir='ltr' id='par_1_8' title="bbox 458 900 2112 976">
     <span class='ocr_line' id='line_1_8' title="bbox 458 900 2112 976; baseline -0.001 -16"><span class='ocrx_word' id='word_1_47' title='bbox 458 905 595 973; x_wconf 84' lang='lat' dir='ltr'>etc.,</span> <span class='ocrx_word' id='word_1_48' title='bbox 617 919 787 976; x_wconf 88' lang='lat' dir='ltr'>usque</span> <span class='ocrx_word' id='word_1_49' title='bbox 815 903 887 960; x_wconf 89' lang='lat' dir='ltr'>ad</span> <span class='ocrx_word' id='word_1_50' title='bbox 914 901 1135 958; x_wconf 86' lang='lat' dir='ltr'>inﬁdeli</span> <span class='ocrx_word' id='word_1_51' title='bbox 1167 900 1437 958; x_wconf 85' lang='lat' dir='ltr'>deterior.</span> <span class='ocrx_word' id='word_1_52' title='bbox 1474 901 1774 974; x_wconf 85' lang='lat' dir='ltr'>(Id.,epist.</span> <span class='ocrx_word' id='word_1_53' title='bbox 1789 902 1861 958; x_wconf 87' lang='lat' dir='ltr'>ad</span> <span class='ocrx_word' id='word_1_54' title='bbox 1879 905 2112 972; x_wconf 68' lang='lat' dir='ltr'>Lartem,</span> 
     </span>
    </p>
   </div>
   <div class='ocr_carea' id='block_1_9' title="bbox 456 991 1070 1063">
    <p class='ocr_par' dir='ltr' id='par_1_9' title="bbox 456 991 1070 1063">
     <span class='ocr_line' id='line_1_9' title="bbox 456 991 1070 1063; baseline -0.003 -15"><span class='ocrx_word' id='word_1_55' title='bbox 456 995 604 1048; x_wconf 88' lang='lat' dir='ltr'>tom.</span> <span class='ocrx_word' id='word_1_56' title='bbox 637 996 710 1060; x_wconf 89' lang='grc' dir='ltr'>ιι,</span> <span class='ocrx_word' id='word_1_57' title='bbox 744 991 853 1048; x_wconf 93' lang='lat' dir='ltr'>col.</span> <span class='ocrx_word' id='word_1_58' title='bbox 888 991 1070 1063; x_wconf 82' lang='lat'>1059.)</span> 
     </span>
    </p>
   </div>
   <div class='ocr_carea' id='block_1_10' title="bbox 530 1080 2110 1154">
    <p class='ocr_par' dir='ltr' id='par_1_10' title="bbox 530 1080 2110 1154">
     <span class='ocr_line' id='line_1_10' title="bbox 530 1080 2110 1154; baseline -0.001 -16"><span class='ocrx_word' id='word_1_59' title='bbox 530 1082 596 1138; x_wconf 90' lang='lat' dir='ltr'>Si</span> <span class='ocrx_word' id='word_1_60' title='bbox 623 1082 874 1154; x_wconf 87' lang='lat' dir='ltr'>hospitio,</span> <span class='ocrx_word' id='word_1_61' title='bbox 902 1089 1026 1148; x_wconf 86' lang='lat' dir='ltr'>etc.,</span> <span class='ocrx_word' id='word_1_62' title='bbox 1058 1098 1246 1153; x_wconf 89' lang='lat' dir='ltr'>usque</span> <span class='ocrx_word' id='word_1_63' title='bbox 1277 1081 1350 1137; x_wconf 90' lang='lat' dir='ltr'>ad</span> <span class='ocrx_word' id='word_1_64' title='bbox 1381 1082 1672 1137; x_wconf 87' lang='lat' dir='ltr'>subsecuta</span> <span class='ocrx_word' id='word_1_65' title='bbox 1701 1089 1797 1137; x_wconf 90' lang='lat' dir='ltr'>est.</span> <span class='ocrx_word' id='word_1_66' title='bbox 1826 1080 2110 1148; x_wconf 85' lang='lat' dir='ltr'>Dicimus,</span> 
     </span>
    </p>
   </div>
   <div class='ocr_carea' id='block_1_11' title="bbox 462 1169 2116 1243">
    <p class='ocr_par' dir='ltr' id='par_1_11' title="bbox 462 1169 2116 1243">
     <span class='ocr_line' id='line_1_11' title="bbox 462 1169 2116 1243; baseline 0.001 -18"><span class='ocrx_word' id='word_1_67' title='bbox 462 1170 693 1238; x_wconf 79' lang='lat' dir='ltr'>fratres,</span> <span class='ocrx_word' id='word_1_68' title='bbox 727 1169 1118 1226; x_wconf 85' lang='lat' dir='ltr'>humilitatem</span> <span class='ocrx_word' id='word_1_69' title='bbox 1150 1171 1223 1227; x_wconf 81' lang='lat' dir='ltr'>ab</span> <span class='ocrx_word' id='word_1_70' title='bbox 1252 1169 1515 1241; x_wconf 86' lang='lat' dir='ltr'>Excelso,</span> <span class='ocrx_word' id='word_1_71' title='bbox 1547 1174 1680 1237; x_wconf 90' lang='lat' dir='ltr'>etc.,</span> <span class='ocrx_word' id='word_1_72' title='bbox 1713 1186 1882 1243; x_wconf 88' lang='lat' dir='ltr'>usque</span> <span class='ocrx_word' id='word_1_73' title='bbox 1911 1171 1981 1226; x_wconf 90' lang='lat' dir='ltr'>ad</span> <span class='ocrx_word' id='word_1_74' title='bbox 2010 1170 2116 1226; x_wconf 87' lang='lat' dir='ltr'>hu-</span> 
     </span>
    </p>
   </div>
   <div class='ocr_carea' id='block_1_12' title="bbox 462 1258 2109 1333">
    <p class='ocr_par' dir='ltr' id='par_1_12' title="bbox 462 1258 2109 1333">
     <span class='ocr_line' id='line_1_12' title="bbox 462 1258 2109 1333; baseline 0 -19"><span class='ocrx_word' id='word_1_75' title='bbox 462 1258 727 1315; x_wconf 88' lang='lat' dir='ltr'>militatis</span> <span class='ocrx_word' id='word_1_76' title='bbox 756 1259 1019 1316; x_wconf 83' lang='lat' dir='ltr'>affectus.</span> <span class='ocrx_word' id='word_1_77' title='bbox 1057 1260 1188 1333; x_wconf 89' lang='lat' dir='ltr'>(Id.,</span> <span class='ocrx_word' id='word_1_78' title='bbox 1222 1267 1376 1317; x_wconf 89' lang='lat' dir='ltr'>tract.</span> <span class='ocrx_word' id='word_1_79' title='bbox 1407 1261 1477 1316; x_wconf 90' lang='lat'>58</span> <span class='ocrx_word' id='word_1_80' title='bbox 1508 1262 1570 1315; x_wconf 89' lang='lat' dir='ltr'>in</span> <span class='ocrx_word' id='word_1_81' title='bbox 1597 1261 1804 1332; x_wconf 88' lang='lat' dir='ltr'>Evang.</span> <span class='ocrx_word' id='word_1_82' title='bbox 1835 1261 2109 1317; x_wconf 78' lang='lat' dir='ltr'>secJoan.</span> 
     </span>
    </p>
   </div>
   <div class='ocr_carea' id='block_1_13' title="bbox 460 1349 1381 1422">
    <p class='ocr_par' dir='ltr' id='par_1_13' title="bbox 460 1349 1381 1422">
     <span class='ocr_line' id='line_1_13' title="bbox 460 1349 1381 1422; baseline -0.001 -17"><span class='ocrx_word' id='word_1_83' title='bbox 460 1353 605 1406; x_wconf 90' lang='lat' dir='ltr'>tom.</span> <span class='ocrx_word' id='word_1_84' title='bbox 639 1353 739 1418; x_wconf 87' lang='lat' dir='ltr'>III,</span> <span class='ocrx_word' id='word_1_85' title='bbox 773 1353 927 1422; x_wconf 85' lang='lat' dir='ltr'>part.</span> <span class='ocrx_word' id='word_1_86' title='bbox 960 1366 1022 1418; x_wconf 86' lang='lat'>11,</span> <span class='ocrx_word' id='word_1_87' title='bbox 1049 1349 1159 1405; x_wconf 89' lang='lat' dir='ltr'>col.</span> <span class='ocrx_word' id='word_1_88' title='bbox 1196 1351 1381 1413; x_wconf 88' lang='lat'>1794.)</span> 
     </span>
    </p>
   </div>
   <div class='ocr_carea' id='block_1_14' title="bbox 534 1439 2112 1510">
    <p class='ocr_par' dir='ltr' id='par_1_14' title="bbox 534 1439 2112 1510">
     <span class='ocr_line' id='line_1_14' title="bbox 534 1439 2112 1510; baseline -0.001 -14"><span class='ocrx_word' id='word_1_89' title='bbox 534 1440 1019 1507; x_wconf 78' lang='lat' dir='ltr'>Adolescentiores,</span> <span class='ocrx_word' id='word_1_90' title='bbox 1048 1448 1368 1510; x_wconf 89' lang='lat' dir='ltr'>etc.,usque</span> <span class='ocrx_word' id='word_1_91' title='bbox 1398 1439 1469 1494; x_wconf 91' lang='lat' dir='ltr'>ad</span> <span class='ocrx_word' id='word_1_92' title='bbox 1503 1439 1727 1494; x_wconf 86' lang='lat' dir='ltr'>irritam</span> <span class='ocrx_word' id='word_1_93' title='bbox 1748 1440 2015 1510; x_wconf 84' lang='lat' dir='ltr'>fecerunt.</span> <span class='ocrx_word' id='word_1_94' title='bbox 2045 1442 2112 1494; x_wconf 89' lang='lat' dir='ltr'>In</span> 
     </span>
    </p>
   </div>
   <div class='ocr_carea' id='block_1_15' title="bbox 463 1527 2112 1603">
    <p class='ocr_par' dir='ltr' id='par_1_15' title="bbox 463 1527 2112 1603">
     <span class='ocr_line' id='line_1_15' title="bbox 463 1527 2112 1603; baseline -0.002 -17"><span class='ocrx_word' id='word_1_95' title='bbox 463 1528 758 1603; x_wconf 86' lang='lat' dir='ltr'>conjugali</span> <span class='ocrx_word' id='word_1_96' title='bbox 789 1528 1008 1601; x_wconf 88' lang='lat' dir='ltr'>quippe</span> <span class='ocrx_word' id='word_1_97' title='bbox 1037 1527 1271 1584; x_wconf 90' lang='lat' dir='ltr'>vinculo</span> <span class='ocrx_word' id='word_1_98' title='bbox 1305 1528 1355 1583; x_wconf 88' lang='lat' dir='ltr'>si</span> <span class='ocrx_word' id='word_1_99' title='bbox 1387 1528 1673 1600; x_wconf 89' lang='lat' dir='ltr'>pudicitia</span> <span class='ocrx_word' id='word_1_100' title='bbox 1716 1531 2112 1596; x_wconf 85' lang='lat' dir='ltr'>conservatur,</span> 
     </span>
    </p>
   </div>
   <div class='ocr_carea' id='block_1_16' title="bbox 462 1616 2116 1692">
    <p class='ocr_par' dir='ltr' id='par_1_16' title="bbox 462 1616 2116 1692">
     <span class='ocr_line' id='line_1_16' title="bbox 462 1616 2116 1692; baseline -0.002 -14"><span class='ocrx_word' id='word_1_101' title='bbox 462 1624 596 1690; x_wconf 89' lang='lat' dir='ltr'>etc.,</span> <span class='ocrx_word' id='word_1_102' title='bbox 630 1636 802 1692; x_wconf 89' lang='lat' dir='ltr'>usque</span> <span class='ocrx_word' id='word_1_103' title='bbox 848 1618 920 1675; x_wconf 84' lang='lat' dir='ltr'>ad</span> <span class='ocrx_word' id='word_1_104' title='bbox 964 1618 1085 1674; x_wconf 86' lang='lat' dir='ltr'>sive</span> <span class='ocrx_word' id='word_1_105' title='bbox 1132 1618 1346 1673; x_wconf 88' lang='lat' dir='ltr'>desint.</span> <span class='ocrx_word' id='word_1_106' title='bbox 1384 1616 1513 1689; x_wconf 89' lang='lat' dir='ltr'>(Id.,</span> <span class='ocrx_word' id='word_1_107' title='bbox 1547 1617 1644 1673; x_wconf 93' lang='lat' dir='ltr'>lib.</span> <span class='ocrx_word' id='word_1_108' title='bbox 1675 1616 1747 1672; x_wconf 80' lang='lat' dir='ltr'>ad</span> <span class='ocrx_word' id='word_1_109' title='bbox 1790 1618 2004 1674; x_wconf 80' lang='lat' dir='ltr'>Julian.</span> <span class='ocrx_word' id='word_1_110' title='bbox 2050 1618 2116 1675; x_wconf 86' lang='lat' dir='ltr'>de</span> 
     </span>
    </p>
   </div>
   <div class='ocr_carea' id='block_1_17' title="bbox 461 1705 1652 1779">
    <p class='ocr_par' dir='ltr' id='par_1_17' title="bbox 461 1705 1652 1779">
     <span class='ocr_line' id='line_1_17' title="bbox 461 1705 1652 1779; baseline -0.004 -12"><span class='ocrx_word' id='word_1_111' title='bbox 461 1718 637 1767; x_wconf 85' lang='lat' dir='ltr'>sanet.</span> <span class='ocrx_word' id='word_1_112' title='bbox 667 1709 804 1777; x_wconf 85' lang='lat' dir='ltr'>vid.,</span> <span class='ocrx_word' id='word_1_113' title='bbox 834 1712 978 1765; x_wconf 89' lang='lat' dir='ltr'>tom.</span> <span class='ocrx_word' id='word_1_114' title='bbox 1009 1706 1106 1776; x_wconf 91' lang='lat' dir='ltr'>VI,</span> <span class='ocrx_word' id='word_1_115' title='bbox 1140 1705 1249 1764; x_wconf 93' lang='lat' dir='ltr'>col.</span> <span class='ocrx_word' id='word_1_116' title='bbox 1282 1707 1387 1762; x_wconf 85' lang='lat'>437</span> <span class='ocrx_word' id='word_1_117' title='bbox 1415 1709 1473 1762; x_wconf 90' lang='lat' dir='ltr'>et</span> <span class='ocrx_word' id='word_1_118' title='bbox 1502 1708 1652 1779; x_wconf 89' lang='lat' dir='ltr'>seq.)</span> 
     </span>
    </p>
   </div>
   <div class='ocr_carea' id='block_1_18' title="bbox 532 1796 2115 1869">
    <p class='ocr_par' dir='ltr' id='par_1_18' title="bbox 532 1796 2115 1869">
     <span class='ocr_line' id='line_1_18' title="bbox 532 1796 2115 1869; baseline -0.001 -15"><span class='ocrx_word' id='word_1_119' title='bbox 532 1799 749 1856; x_wconf 87' lang='lat' dir='ltr'>Vovete</span> <span class='ocrx_word' id='word_1_120' title='bbox 777 1802 835 1855; x_wconf 90' lang='lat' dir='ltr'>et</span> <span class='ocrx_word' id='word_1_121' title='bbox 863 1797 1087 1854; x_wconf 86' lang='lat' dir='ltr'>reddite</span> <span class='ocrx_word' id='word_1_122' title='bbox 1117 1796 1364 1852; x_wconf 92' lang='lat' dir='ltr'>Domino</span> <span class='ocrx_word' id='word_1_123' title='bbox 1394 1799 1508 1852; x_wconf 87' lang='lat' dir='ltr'>Deo</span> <span class='ocrx_word' id='word_1_124' title='bbox 1537 1798 1752 1862; x_wconf 90' lang='lat' dir='ltr'>vestro,</span> <span class='ocrx_word' id='word_1_125' title='bbox 1786 1798 1919 1862; x_wconf 89' lang='lat' dir='ltr'>etc.,</span> <span class='ocrx_word' id='word_1_126' title='bbox 1945 1812 2115 1869; x_wconf 86' lang='lat' dir='ltr'>usque</span> 
     </span>
    </p>
   </div>
   <div class='ocr_carea' id='block_1_19' title="bbox 2223 633 3879 709">
    <p class='ocr_par' dir='ltr' id='par_1_19' title="bbox 2223 633 3879 709">
     <span class='ocr_line' id='line_1_19' title="bbox 2223 633 3879 709; baseline 0 -18"><span class='ocrx_word' id='word_1_127' title='bbox 2223 635 2382 692; x_wconf 90' lang='lat' dir='ltr'>Hanc</span> <span class='ocrx_word' id='word_1_128' title='bbox 2410 635 2594 709; x_wconf 84' lang='lat' dir='ltr'>igitur</span> <span class='ocrx_word' id='word_1_129' title='bbox 2622 637 3042 694; x_wconf 84' lang='lat' dir='ltr'>sufﬁcientiam</span> <span class='ocrx_word' id='word_1_130' title='bbox 3073 653 3189 692; x_wconf 91' lang='lat' dir='ltr'>non</span> <span class='ocrx_word' id='word_1_131' title='bbox 3209 635 3548 691; x_wconf 86' lang='lat' dir='ltr'>indecenter</span> <span class='ocrx_word' id='word_1_132' title='bbox 3566 633 3879 708; x_wconf 84' lang='lat' dir='ltr'>vult,quis-</span> 
     </span>
    </p>
   </div>
   <div class='ocr_carea' id='block_1_20' title="bbox 2222 724 3901 799">
    <p class='ocr_par' dir='ltr' id='par_1_20' title="bbox 2222 724 3901 799">
     <span class='ocr_line' id='line_1_20' title="bbox 2222 724 3901 799; baseline -0.001 -18"><span class='ocrx_word' id='word_1_133' title='bbox 2222 726 2355 799; x_wconf 90' lang='lat' dir='ltr'>quis</span> <span class='ocrx_word' id='word_1_134' title='bbox 2382 727 2528 798; x_wconf 89' lang='lat' dir='ltr'>vult,</span> <span class='ocrx_word' id='word_1_135' title='bbox 2544 743 2649 783; x_wconf 88' lang='lat' dir='ltr'>nec</span> <span class='ocrx_word' id='word_1_136' title='bbox 2668 727 2925 799; x_wconf 87' lang='lat' dir='ltr'>amplius</span> <span class='ocrx_word' id='word_1_137' title='bbox 2953 726 3249 797; x_wconf 87' lang='lat' dir='ltr'>vult,etc.,</span> <span class='ocrx_word' id='word_1_138' title='bbox 3265 740 3439 798; x_wconf 89' lang='lat' dir='ltr'>usque</span> <span class='ocrx_word' id='word_1_139' title='bbox 3464 724 3536 780; x_wconf 87' lang='lat' dir='ltr'>ad</span> <span class='ocrx_word' id='word_1_140' title='bbox 3560 724 3901 780; x_wconf 77' lang='lat' dir='ltr'>vivendum&#39;</span> 
     </span>
    </p>
   </div>
   <div class='ocr_carea' id='block_1_21' title="bbox 2221 812 3879 888">
    <p class='ocr_par' dir='ltr' id='par_1_21' title="bbox 2221 812 3879 888">
     <span class='ocr_line' id='line_1_21' title="bbox 2221 812 3879 888; baseline -0.002 -16"><span class='ocrx_word' id='word_1_141' title='bbox 2221 819 2329 872; x_wconf 89' lang='lat' dir='ltr'>est.</span> <span class='ocrx_word' id='word_1_142' title='bbox 2366 816 2496 888; x_wconf 91' lang='lat' dir='ltr'>(Id.,</span> <span class='ocrx_word' id='word_1_143' title='bbox 2532 816 2629 872; x_wconf 91' lang='lat' dir='ltr'>Iib.</span> <span class='ocrx_word' id='word_1_144' title='bbox 2662 816 2733 872; x_wconf 87' lang='lat' dir='ltr'>ad</span> <span class='ocrx_word' id='word_1_145' title='bbox 2758 816 2999 873; x_wconf 91' lang='lat' dir='ltr'>Probam</span> <span class='ocrx_word' id='word_1_146' title='bbox 3027 815 3091 872; x_wconf 91' lang='lat' dir='ltr'>de</span> <span class='ocrx_word' id='word_1_147' title='bbox 3110 831 3192 872; x_wconf 90' lang='lat' dir='ltr'>or.</span> <span class='ocrx_word' id='word_1_148' title='bbox 3215 816 3345 885; x_wconf 90' lang='lat' dir='ltr'>Deo,</span> <span class='ocrx_word' id='word_1_149' title='bbox 3373 818 3517 870; x_wconf 89' lang='lat' dir='ltr'>tom.</span> <span class='ocrx_word' id='word_1_150' title='bbox 3542 813 3617 881; x_wconf 91' lang='grc' dir='ltr'>ΙΙ,</span> <span class='ocrx_word' id='word_1_151' title='bbox 3635 812 3746 871; x_wconf 91' lang='lat' dir='ltr'>col.</span> <span class='ocrx_word' id='word_1_152' title='bbox 3770 814 3879 869; x_wconf 86' lang='lat'>498</span> 
     </span>
    </p>
   </div>
   <div class='ocr_carea' id='block_1_22' title="bbox 2222 905 2457 977">
    <p class='ocr_par' dir='ltr' id='par_1_22' title="bbox 2222 905 2457 977">
     <span class='ocr_line' id='line_1_22' title="bbox 2222 905 2457 977; baseline -0.004 -16"><span class='ocrx_word' id='word_1_153' title='bbox 2222 908 2280 961; x_wconf 90' lang='lat' dir='ltr'>et</span> <span class='ocrx_word' id='word_1_154' title='bbox 2309 905 2457 977; x_wconf 87' lang='lat' dir='ltr'>seq.)</span> 
     </span>
    </p>
   </div>
   <div class='ocr_carea' id='block_1_23' title="bbox 2291 993 3880 1067">
    <p class='ocr_par' dir='ltr' id='par_1_23' title="bbox 2291 993 3880 1067">
     <span class='ocr_line' id='line_1_23' title="bbox 2291 993 3880 1067; baseline -0.001 -17"><span class='ocrx_word' id='word_1_155' title='bbox 2291 995 2446 1050; x_wconf 88' lang='lat' dir='ltr'>Nihil</span> <span class='ocrx_word' id='word_1_156' title='bbox 2474 995 2622 1051; x_wconf 90' lang='lat' dir='ltr'>enim</span> <span class='ocrx_word' id='word_1_157' title='bbox 2644 997 2954 1065; x_wconf 79' lang='lat' dir='ltr'>intulimus,</span> <span class='ocrx_word' id='word_1_158' title='bbox 2989 998 3124 1063; x_wconf 89' lang='lat' dir='ltr'>etc.,</span> <span class='ocrx_word' id='word_1_159' title='bbox 3158 1010 3349 1067; x_wconf 87' lang='lat' dir='ltr'>usque</span> <span class='ocrx_word' id='word_1_160' title='bbox 3397 993 3468 1049; x_wconf 90' lang='lat' dir='ltr'>ad</span> <span class='ocrx_word' id='word_1_161' title='bbox 3516 995 3755 1050; x_wconf 79' lang='lat' dir='ltr'>contenti</span> <span class='ocrx_word' id='word_1_162' title='bbox 3795 995 3880 1049; x_wconf 86' lang='lat' dir='ltr'>si-</span> 
     </span>
    </p>
   </div>
   <div class='ocr_carea' id='block_1_24' title="bbox 2222 1082 3880 1158">
    <p class='ocr_par' dir='ltr' id='par_1_24' title="bbox 2222 1082 3880 1158">
     <span class='ocr_line' id='line_1_24' title="bbox 2222 1082 3880 1158; baseline -0.001 -18"><span class='ocrx_word' id='word_1_163' title='bbox 2222 1101 2366 1140; x_wconf 88' lang='lat' dir='ltr'>mus.</span> <span class='ocrx_word' id='word_1_164' title='bbox 2400 1084 2607 1141; x_wconf 83' lang='lat' dir='ltr'>Recole</span> <span class='ocrx_word' id='word_1_165' title='bbox 2635 1085 2796 1141; x_wconf 89' lang='lat' dir='ltr'>dives</span> <span class='ocrx_word' id='word_1_166' title='bbox 2822 1085 3145 1158; x_wconf 87' lang='lat' dir='ltr'>primordia</span> <span class='ocrx_word' id='word_1_167' title='bbox 3174 1088 3297 1153; x_wconf 85' lang='lat' dir='ltr'>tua,</span> <span class='ocrx_word' id='word_1_168' title='bbox 3331 1087 3465 1150; x_wconf 89' lang='lat' dir='ltr'>etc.,</span> <span class='ocrx_word' id='word_1_169' title='bbox 3484 1099 3653 1155; x_wconf 85' lang='lat' dir='ltr'>usque</span> <span class='ocrx_word' id='word_1_170' title='bbox 3680 1082 3751 1138; x_wconf 84' lang='lat' dir='ltr'>ad</span> <span class='ocrx_word' id='word_1_171' title='bbox 3780 1082 3880 1139; x_wconf 90' lang='lat' dir='ltr'>his</span> 
     </span>
    </p>
   </div>
   <div class='ocr_carea' id='block_1_25' title="bbox 2222 1171 3876 1244">
    <p class='ocr_par' dir='ltr' id='par_1_25' title="bbox 2222 1171 3876 1244">
     <span class='ocr_line' id='line_1_25' title="bbox 2222 1171 3876 1244; baseline -0.002 -16"><span class='ocrx_word' id='word_1_172' title='bbox 2222 1174 2481 1229; x_wconf 86' lang='lat' dir='ltr'>contenti</span> <span class='ocrx_word' id='word_1_173' title='bbox 2512 1174 2721 1230; x_wconf 90' lang='lat' dir='ltr'>simus.</span> <span class='ocrx_word' id='word_1_174' title='bbox 2751 1175 2882 1244; x_wconf 89' lang='lat' dir='ltr'>(Id.,</span> <span class='ocrx_word' id='word_1_175' title='bbox 2914 1190 3079 1231; x_wconf 86' lang='lat' dir='ltr'>serm.</span> <span class='ocrx_word' id='word_1_176' title='bbox 3111 1174 3179 1230; x_wconf 89' lang='lat' dir='ltr'>de</span> <span class='ocrx_word' id='word_1_177' title='bbox 3210 1175 3355 1229; x_wconf 89' lang='lat' dir='ltr'>verb.</span> <span class='ocrx_word' id='word_1_178' title='bbox 3389 1173 3623 1242; x_wconf 85' lang='lat' dir='ltr'>Evang.,</span> <span class='ocrx_word' id='word_1_179' title='bbox 3643 1171 3876 1240; x_wconf 88' lang='lat' dir='ltr'>tom.V,</span> 
     </span>
    </p>
   </div>
   <div class='ocr_carea' id='block_1_26' title="bbox 2221 1263 2771 1335">
    <p class='ocr_par' dir='ltr' id='par_1_26' title="bbox 2221 1263 2771 1335">
     <span class='ocr_line' id='line_1_26' title="bbox 2221 1263 2771 1335; baseline 0 -17"><span class='ocrx_word' id='word_1_180' title='bbox 2221 1266 2374 1335; x_wconf 85' lang='lat' dir='ltr'>part.</span> <span class='ocrx_word' id='word_1_181' title='bbox 2408 1277 2448 1331; x_wconf 84' lang='grc' dir='ltr'>ι,</span> <span class='ocrx_word' id='word_1_182' title='bbox 2482 1263 2590 1319; x_wconf 92' lang='lat' dir='ltr'>col.</span> <span class='ocrx_word' id='word_1_183' title='bbox 2625 1263 2771 1335; x_wconf 84' lang='lat'>412.)</span> 
     </span>
    </p>
   </div>
   <div class='ocr_carea' id='block_1_27' title="bbox 2290 1352 3881 1425">
    <p class='ocr_par' dir='ltr' id='par_1_27' title="bbox 2290 1352 3881 1425">
     <span class='ocr_line' id='line_1_27' title="bbox 2290 1352 3881 1425; baseline -0.001 -18"><span class='ocrx_word' id='word_1_184' title='bbox 2290 1352 2431 1407; x_wconf 84' lang='lat' dir='ltr'>Nam</span> <span class='ocrx_word' id='word_1_185' title='bbox 2474 1354 2572 1424; x_wconf 88' lang='lat' dir='ltr'>qui</span> <span class='ocrx_word' id='word_1_186' title='bbox 2616 1353 2825 1421; x_wconf 89' lang='lat' dir='ltr'>volunt,</span> <span class='ocrx_word' id='word_1_187' title='bbox 2859 1356 2994 1420; x_wconf 89' lang='lat' dir='ltr'>etc.,</span> <span class='ocrx_word' id='word_1_188' title='bbox 3027 1369 3216 1425; x_wconf 89' lang='lat' dir='ltr'>usque</span> <span class='ocrx_word' id='word_1_189' title='bbox 3263 1353 3338 1409; x_wconf 88' lang='lat' dir='ltr'>ad</span> <span class='ocrx_word' id='word_1_190' title='bbox 3383 1353 3445 1408; x_wconf 87' lang='lat' dir='ltr'>in</span> <span class='ocrx_word' id='word_1_191' title='bbox 3491 1352 3776 1408; x_wconf 81' lang='lat' dir='ltr'>interitum</span> <span class='ocrx_word' id='word_1_192' title='bbox 3826 1358 3881 1407; x_wconf 87' lang='lat' dir='ltr'>et</span> 
     </span>
    </p>
   </div>
   <div class='ocr_carea' id='block_1_28' title="bbox 2216 1440 3876 1515">
    <p class='ocr_par' dir='ltr' id='par_1_28' title="bbox 2216 1440 3876 1515">
     <span class='ocr_line' id='line_1_28' title="bbox 2216 1440 3876 1515; baseline -0.001 -18"><span class='ocrx_word' id='word_1_193' title='bbox 2216 1442 2600 1514; x_wconf 78' lang='lat' dir='ltr'>perditionem.</span> <span class='ocrx_word' id='word_1_194' title='bbox 2634 1442 2840 1498; x_wconf 84' lang='lat' dir='ltr'>Videte</span> <span class='ocrx_word' id='word_1_195' title='bbox 2867 1442 3008 1515; x_wconf 91' lang='lat' dir='ltr'>quid</span> <span class='ocrx_word' id='word_1_196' title='bbox 3040 1441 3319 1498; x_wconf 88' lang='lat' dir='ltr'>divitibus</span> <span class='ocrx_word' id='word_1_197' title='bbox 3348 1441 3572 1497; x_wconf 88' lang='lat' dir='ltr'>dictum</span> <span class='ocrx_word' id='word_1_198' title='bbox 3614 1440 3712 1507; x_wconf 89' lang='lat' dir='ltr'>sit,</span> <span class='ocrx_word' id='word_1_199' title='bbox 3739 1444 3876 1509; x_wconf 90' lang='lat' dir='ltr'>etc.,</span> 
     </span>
    </p>
   </div>
   <div class='ocr_carea' id='block_1_29' title="bbox 2220 1531 3877 1605">
    <p class='ocr_par' dir='ltr' id='par_1_29' title="bbox 2220 1531 3877 1605">
     <span class='ocr_line' id='line_1_29' title="bbox 2220 1531 3877 1605; baseline 0 -18"><span class='ocrx_word' id='word_1_200' title='bbox 2220 1547 2394 1602; x_wconf 85' lang='lat' dir='ltr'>usque</span> <span class='ocrx_word' id='word_1_201' title='bbox 2438 1531 2509 1587; x_wconf 85' lang='lat' dir='ltr'>ad</span> <span class='ocrx_word' id='word_1_202' title='bbox 2554 1548 2626 1587; x_wconf 92' lang='lat' dir='ltr'>ne</span> <span class='ocrx_word' id='word_1_203' title='bbox 2673 1531 2983 1588; x_wconf 88' lang='lat' dir='ltr'>desideret.</span> <span class='ocrx_word' id='word_1_204' title='bbox 3032 1531 3165 1605; x_wconf 87' lang='lat' dir='ltr'>(Id.,</span> <span class='ocrx_word' id='word_1_205' title='bbox 3196 1539 3353 1588; x_wconf 85' lang='lat' dir='ltr'>tract.</span> <span class='ocrx_word' id='word_1_206' title='bbox 3385 1532 3449 1587; x_wconf 90' lang='lat' dir='ltr'>in</span> <span class='ocrx_word' id='word_1_207' title='bbox 3470 1531 3616 1603; x_wconf 88' lang='lat' dir='ltr'>psal.</span> <span class='ocrx_word' id='word_1_208' title='bbox 3649 1547 3877 1597; x_wconf 71' lang='lat' dir='ltr'>CXXXVI,</span> 
     </span>
    </p>
   </div>
   <div class='ocr_carea' id='block_1_30' title="bbox 2221 1620 3130 1693">
    <p class='ocr_par' dir='ltr' id='par_1_30' title="bbox 2221 1620 3130 1693">
     <span class='ocr_line' id='line_1_30' title="bbox 2221 1620 3130 1693; baseline 0.002 -19"><span class='ocrx_word' id='word_1_209' title='bbox 2221 1623 2364 1677; x_wconf 90' lang='lat' dir='ltr'>tom.</span> <span class='ocrx_word' id='word_1_210' title='bbox 2398 1620 2493 1692; x_wconf 90' lang='lat' dir='ltr'>IV,</span> <span class='ocrx_word' id='word_1_211' title='bbox 2527 1624 2677 1693; x_wconf 87' lang='lat' dir='ltr'>part.</span> <span class='ocrx_word' id='word_1_212' title='bbox 2705 1637 2766 1690; x_wconf 88' lang='grc' dir='ltr'>ιι,</span> <span class='ocrx_word' id='word_1_213' title='bbox 2797 1620 2908 1677; x_wconf 90' lang='lat' dir='ltr'>col.</span> <span class='ocrx_word' id='word_1_214' title='bbox 2943 1620 3130 1692; x_wconf 88' lang='grc'>1769.)</span> 
     </span>
    </p>
   </div>
   <div class='ocr_carea' id='block_1_31' title="bbox 2293 1710 3881 1783">
    <p class='ocr_par' dir='ltr' id='par_1_31' title="bbox 2293 1710 3881 1783">
     <span class='ocr_line' id='line_1_31' title="bbox 2293 1710 3881 1783; baseline -0.001 -16"><span class='ocrx_word' id='word_1_215' title='bbox 2293 1710 2478 1767; x_wconf 74' lang='lat' dir='ltr'>Radix</span> <span class='ocrx_word' id='word_1_216' title='bbox 2503 1712 2654 1767; x_wconf 89' lang='lat' dir='ltr'>enim</span> <span class='ocrx_word' id='word_1_217' title='bbox 2680 1712 2930 1767; x_wconf 88' lang='lat' dir='ltr'>omnium</span> <span class='ocrx_word' id='word_1_218' title='bbox 2957 1712 3252 1779; x_wconf 87' lang='lat' dir='ltr'>malorum,</span> <span class='ocrx_word' id='word_1_219' title='bbox 3285 1712 3418 1778; x_wconf 89' lang='lat' dir='ltr'>etc.,</span> <span class='ocrx_word' id='word_1_220' title='bbox 3452 1726 3641 1783; x_wconf 91' lang='lat' dir='ltr'>usque</span> <span class='ocrx_word' id='word_1_221' title='bbox 3678 1710 3752 1765; x_wconf 90' lang='lat' dir='ltr'>ad</span> <span class='ocrx_word' id='word_1_222' title='bbox 3783 1711 3881 1766; x_wconf 56' lang='lat' dir='ltr'>bo.</span> 
     </span>
    </p>
   </div>
   <div class='ocr_carea' id='block_1_32' title="bbox 2221 1798 3876 1873">
    <p class='ocr_par' dir='ltr' id='par_1_32' title="bbox 2221 1798 3876 1873">
     <span class='ocr_line' id='line_1_32' title="bbox 2221 1798 3876 1873; baseline -0.001 -18"><span class='ocrx_word' id='word_1_223' title='bbox 2221 1816 2355 1855; x_wconf 87' lang='lat' dir='ltr'>nam</span> <span class='ocrx_word' id='word_1_224' title='bbox 2397 1802 2808 1873; x_wconf 80' lang='lat' dir='ltr'>confessionem.</span> <span class='ocrx_word' id='word_1_225' title='bbox 2838 1800 3090 1856; x_wconf 87' lang='lat' dir='ltr'>Attende</span> <span class='ocrx_word' id='word_1_226' title='bbox 3136 1798 3279 1873; x_wconf 92' lang='lat' dir='ltr'>quid</span> <span class='ocrx_word' id='word_1_227' title='bbox 3328 1798 3705 1869; x_wconf 88' lang='lat' dir='ltr'>dimiserunt,</span> <span class='ocrx_word' id='word_1_228' title='bbox 3735 1802 3876 1866; x_wconf 88' lang='lat' dir='ltr'>etc.,</span> 
     </span>
    </p>
   </div>
   <div class='ocr_carea' id='block_1_33' title="bbox 464 1885 3881 1986">
    <p class='ocr_par' dir='ltr' id='par_1_33' title="bbox 464 1885 3881 1986">
     <span class='ocr_line' id='line_1_33' title="bbox 464 1885 3881 1986; baseline -0.001 -39"><span class='ocrx_word' id='word_1_229' title='bbox 464 1890 537 1947; x_wconf 85' lang='lat' dir='ltr'>ad</span> <span class='ocrx_word' id='word_1_230' title='bbox 564 1892 633 1945; x_wconf 92' lang='lat' dir='ltr'>ut</span> <span class='ocrx_word' id='word_1_231' title='bbox 658 1886 914 1986; x_wconf 78' lang='lat' dir='ltr'>voveatis</span> <span class='ocrx_word' id='word_1_232' title='bbox 941 1890 1000 1943; x_wconf 88' lang='lat' dir='ltr'>et</span> <span class='ocrx_word' id='word_1_233' title='bbox 1028 1885 1308 1986; x_wconf 68' lang='lat' dir='ltr'>reddatis.</span> <span class='ocrx_word' id='word_1_234' title='bbox 1346 1886 1475 1959; x_wconf 93' lang='lat' dir='ltr'>(Id.,</span> <span class='ocrx_word' id='word_1_235' title='bbox 1508 1892 1664 1986; x_wconf 77' lang='lat' dir='ltr'>tract.</span> <span class='ocrx_word' id='word_1_236' title='bbox 1695 1886 1755 1941; x_wconf 87' lang='lat' dir='ltr'>in</span> <span class='ocrx_word' id='word_1_237' title='bbox 1781 1886 1921 1957; x_wconf 90' lang='lat' dir='ltr'>psal.</span> <span class='ocrx_word' id='word_1_238' title='bbox 1948 1903 2112 1959; x_wconf 81' lang='lat' dir='ltr'>Lxxv,</span> <span class='ocrx_word' id='word_1_239' title='bbox 2147 1921 2194 1986; x_wconf 81' lang='grc' dir='ltr'><strong>Β</strong></span> <span class='ocrx_word' id='word_1_240' title='bbox 2221 1905 2394 1962; x_wconf 87' lang='lat' dir='ltr'>usque</span> <span class='ocrx_word' id='word_1_241' title='bbox 2420 1886 2498 1946; x_wconf 83' lang='lat' dir='ltr'>ad</span> <span class='ocrx_word' id='word_1_242' title='bbox 2520 1907 2636 1946; x_wconf 91' lang='lat' dir='ltr'>non</span> <span class='ocrx_word' id='word_1_243' title='bbox 2680 1888 2913 1958; x_wconf 70' lang='lat' dir='ltr'>divitiae,</span> <span class='ocrx_word' id='word_1_244' title='bbox 2948 1890 3051 1947; x_wconf 90' lang='lat' dir='ltr'>sed</span> <span class='ocrx_word' id='word_1_245' title='bbox 3100 1889 3416 1986; x_wconf 76' lang='lat' dir='ltr'>cupiditas.</span> <span class='ocrx_word' id='word_1_246' title='bbox 3451 1888 3584 1962; x_wconf 85' lang='lat' dir='ltr'>(Id.,</span> <span class='ocrx_word' id='word_1_247' title='bbox 3614 1904 3779 1946; x_wconf 81' lang='lat' dir='ltr'>serm.</span> <span class='ocrx_word' id='word_1_248' title='bbox 3811 1888 3881 1943; x_wconf 81' lang='lat' dir='ltr'>de</span> 
     </span>
    </p>
   </div>
   <div class='ocr_carea' id='block_1_34' title="bbox 464 1974 1527 2049">
    <p class='ocr_par' dir='ltr' id='par_1_34' title="bbox 464 1974 1527 2049">
     <span class='ocr_line' id='line_1_34' title="bbox 464 1974 1527 2049; baseline -0.005 -13"><span class='ocrx_word' id='word_1_249' title='bbox 464 1983 608 2036; x_wconf 89' lang='lat' dir='ltr'>tom.</span> <span class='ocrx_word' id='word_1_250' title='bbox 642 1977 735 2045; x_wconf 91' lang='lat' dir='ltr'>IV,</span> <span class='ocrx_word' id='word_1_251' title='bbox 768 1980 920 2049; x_wconf 86' lang='lat' dir='ltr'>part.</span> <span class='ocrx_word' id='word_1_252' title='bbox 952 1993 992 2046; x_wconf 91' lang='lat'>1,</span> <span class='ocrx_word' id='word_1_253' title='bbox 1024 1974 1132 2031; x_wconf 90' lang='lat' dir='ltr'>col.</span> <span class='ocrx_word' id='word_1_254' title='bbox 1165 1976 1272 2031; x_wconf 88' lang='lat'>967</span> <span class='ocrx_word' id='word_1_255' title='bbox 1301 1978 1358 2030; x_wconf 88' lang='lat' dir='ltr'>et</span> <span class='ocrx_word' id='word_1_256' title='bbox 1383 1975 1527 2047; x_wconf 89' lang='lat' dir='ltr'>seq.)</span> 
     </span>
    </p>
   </div>
   <div class='ocr_carea' id='block_1_35' title="bbox 534 2064 2112 2138">
    <p class='ocr_par' dir='ltr' id='par_1_35' title="bbox 534 2064 2112 2138">
     <span class='ocr_line' id='line_1_35' title="bbox 534 2064 2112 2138; baseline -0.003 -14"><span class='ocrx_word' id='word_1_257' title='bbox 534 2068 699 2133; x_wconf 89' lang='lat' dir='ltr'>Quod</span> <span class='ocrx_word' id='word_1_258' title='bbox 731 2066 888 2123; x_wconf 90' lang='lat' dir='ltr'>enim</span> <span class='ocrx_word' id='word_1_259' title='bbox 904 2065 1116 2138; x_wconf 89' lang='lat' dir='ltr'>cuique</span> <span class='ocrx_word' id='word_1_260' title='bbox 1133 2068 1449 2137; x_wconf 85' lang='lat' dir='ltr'>antequam</span> <span class='ocrx_word' id='word_1_261' title='bbox 1465 2064 1717 2121; x_wconf 88' lang='lat' dir='ltr'>vovisset</span> <span class='ocrx_word' id='word_1_262' title='bbox 1741 2064 2087 2133; x_wconf 88' lang='lat' dir='ltr'>licebat,etc.</span> <span class='ocrx_word' id='word_1_263' title='bbox 2099 2109 2112 2134; x_wconf 92' lang='lat'>,</span> 
     </span>
    </p>
   </div>
   <div class='ocr_carea' id='block_1_36' title="bbox 464 2154 2114 2233">
    <p class='ocr_par' dir='ltr' id='par_1_36' title="bbox 464 2154 2114 2233">
     <span class='ocr_line' id='line_1_36' title="bbox 464 2154 2114 2233; baseline -0.004 -16"><span class='ocrx_word' id='word_1_264' title='bbox 464 2174 635 2233; x_wconf 86' lang='lat' dir='ltr'>usque</span> <span class='ocrx_word' id='word_1_265' title='bbox 651 2158 726 2214; x_wconf 85' lang='lat' dir='ltr'>ad</span> <span class='ocrx_word' id='word_1_266' title='bbox 745 2157 921 2212; x_wconf 86' lang='lat' dir='ltr'>ﬁdem</span> <span class='ocrx_word' id='word_1_267' title='bbox 941 2154 1169 2211; x_wconf 89' lang='lat' dir='ltr'>irritam</span> <span class='ocrx_word' id='word_1_268' title='bbox 1193 2155 1470 2211; x_wconf 87' lang='lat' dir='ltr'>fecerunt.</span> <span class='ocrx_word' id='word_1_269' title='bbox 1496 2154 1736 2227; x_wconf 88' lang='lat' dir='ltr'>(Id.,lib.</span> <span class='ocrx_word' id='word_1_270' title='bbox 1763 2155 1833 2210; x_wconf 88' lang='lat' dir='ltr'>ad</span> <span class='ocrx_word' id='word_1_271' title='bbox 1854 2155 2114 2221; x_wconf 88' lang='lat' dir='ltr'>Pollent.,</span> 
     </span>
    </p>
   </div>
   <div class='ocr_carea' id='block_1_37' title="bbox 461 2244 1054 2317">
    <p class='ocr_par' dir='ltr' id='par_1_37' title="bbox 461 2244 1054 2317">
     <span class='ocr_line' id='line_1_37' title="bbox 461 2244 1054 2317; baseline -0.007 -12"><span class='ocrx_word' id='word_1_272' title='bbox 461 2253 603 2305; x_wconf 91' lang='lat' dir='ltr'>tom.</span> <span class='ocrx_word' id='word_1_273' title='bbox 638 2247 736 2314; x_wconf 91' lang='lat' dir='ltr'>VI,</span> <span class='ocrx_word' id='word_1_274' title='bbox 767 2244 875 2302; x_wconf 90' lang='lat' dir='ltr'>col.</span> <span class='ocrx_word' id='word_1_275' title='bbox 907 2245 1054 2317; x_wconf 91' lang='lat'>468.)</span> 
     </span>
    </p>
   </div>
   <div class='ocr_carea' id='block_1_38' title="bbox 536 2333 2113 2407">
    <p class='ocr_par' dir='ltr' id='par_1_38' title="bbox 536 2333 2113 2407">
     <span class='ocr_line' id='line_1_38' title="bbox 536 2333 2113 2407; baseline -0.003 -13"><span class='ocrx_word' id='word_1_276' title='bbox 536 2337 724 2395; x_wconf 91' lang='lat' dir='ltr'>Simul</span> <span class='ocrx_word' id='word_1_277' title='bbox 752 2339 970 2404; x_wconf 88' lang='lat' dir='ltr'>autem,</span> <span class='ocrx_word' id='word_1_278' title='bbox 1003 2339 1137 2402; x_wconf 88' lang='lat' dir='ltr'>etc.,</span> <span class='ocrx_word' id='word_1_279' title='bbox 1168 2349 1340 2407; x_wconf 84' lang='lat' dir='ltr'>usque</span> <span class='ocrx_word' id='word_1_280' title='bbox 1368 2333 1439 2389; x_wconf 90' lang='lat' dir='ltr'>ad</span> <span class='ocrx_word' id='word_1_281' title='bbox 1487 2350 1601 2389; x_wconf 89' lang='lat' dir='ltr'>non</span> <span class='ocrx_word' id='word_1_282' title='bbox 1651 2336 1897 2406; x_wconf 89' lang='lat' dir='ltr'>oportet.</span> <span class='ocrx_word' id='word_1_283' title='bbox 1930 2334 2113 2390; x_wconf 89' lang='lat' dir='ltr'>Nemo</span> 
     </span>
    </p>
   </div>
   <div class='ocr_carea' id='block_1_39' title="bbox 462 2422 2113 2494">
    <p class='ocr_par' dir='ltr' id='par_1_39' title="bbox 462 2422 2113 2494">
     <span class='ocr_line' id='line_1_39' title="bbox 462 2422 2113 2494; baseline -0.005 -7"><span class='ocrx_word' id='word_1_284' title='bbox 462 2447 566 2487; x_wconf 85' lang='lat' dir='ltr'>vos</span> <span class='ocrx_word' id='word_1_285' title='bbox 592 2427 774 2485; x_wconf 83' lang='lat' dir='ltr'>fallat.</span> <span class='ocrx_word' id='word_1_286' title='bbox 808 2425 869 2482; x_wconf 91' lang='lat' dir='ltr'>Si</span> <span class='ocrx_word' id='word_1_287' title='bbox 901 2442 1016 2481; x_wconf 91' lang='lat' dir='ltr'>non</span> <span class='ocrx_word' id='word_1_288' title='bbox 1054 2422 1232 2479; x_wconf 88' lang='lat' dir='ltr'>vultis</span> <span class='ocrx_word' id='word_1_289' title='bbox 1281 2422 1424 2490; x_wconf 87' lang='lat' dir='ltr'>falli,</span> <span class='ocrx_word' id='word_1_290' title='bbox 1457 2427 1592 2490; x_wconf 88' lang='lat' dir='ltr'>etc.,</span> <span class='ocrx_word' id='word_1_291' title='bbox 1625 2438 1796 2494; x_wconf 84' lang='lat' dir='ltr'>usque</span> <span class='ocrx_word' id='word_1_292' title='bbox 1839 2422 1909 2478; x_wconf 85' lang='lat' dir='ltr'>ad</span> <span class='ocrx_word' id='word_1_293' title='bbox 1958 2441 2113 2479; x_wconf 88' lang='lat' dir='ltr'>unus</span> 
     </span>
    </p>
   </div>
   <div class='ocr_carea' id='block_1_40' title="bbox 465 2511 2110 2585">
    <p class='ocr_par' dir='ltr' id='par_1_40' title="bbox 465 2511 2110 2585">
     <span class='ocr_line' id='line_1_40' title="bbox 465 2511 2110 2585; baseline -0.005 -10"><span class='ocrx_word' id='word_1_294' title='bbox 465 2522 803 2575; x_wconf 87' lang='lat' dir='ltr'>assumetur</span> <span class='ocrx_word' id='word_1_295' title='bbox 828 2518 887 2572; x_wconf 89' lang='lat' dir='ltr'>et</span> <span class='ocrx_word' id='word_1_296' title='bbox 913 2531 1070 2570; x_wconf 90' lang='lat' dir='ltr'>unus</span> <span class='ocrx_word' id='word_1_297' title='bbox 1116 2511 1497 2584; x_wconf 90' lang='lat' dir='ltr'>relinquetur.</span> <span class='ocrx_word' id='word_1_298' title='bbox 1532 2511 1660 2585; x_wconf 93' lang='lat' dir='ltr'>(Id.,</span> <span class='ocrx_word' id='word_1_299' title='bbox 1694 2520 1848 2568; x_wconf 88' lang='lat' dir='ltr'>tract.</span> <span class='ocrx_word' id='word_1_300' title='bbox 1881 2514 1941 2567; x_wconf 89' lang='lat' dir='ltr'>in</span> <span class='ocrx_word' id='word_1_301' title='bbox 1968 2513 2110 2584; x_wconf 87' lang='lat' dir='ltr'>psal.</span> 
     </span>
    </p>
   </div>
   <div class='ocr_carea' id='block_1_41' title="bbox 462 2600 1773 2675">
    <p class='ocr_par' dir='ltr' id='par_1_41' title="bbox 462 2600 1773 2675">
     <span class='ocr_line' id='line_1_41' title="bbox 462 2600 1773 2675; baseline -0.007 -11"><span class='ocrx_word' id='word_1_302' title='bbox 462 2624 615 2674; x_wconf 76' lang='lat' dir='ltr'>xcrx,</span> <span class='ocrx_word' id='word_1_303' title='bbox 646 2610 789 2662; x_wconf 89' lang='lat' dir='ltr'>tom.</span> <span class='ocrx_word' id='word_1_304' title='bbox 822 2603 917 2674; x_wconf 88' lang='lat' dir='ltr'>IV,</span> <span class='ocrx_word' id='word_1_305' title='bbox 949 2607 1098 2675; x_wconf 86' lang='lat' dir='ltr'>part.</span> <span class='ocrx_word' id='word_1_306' title='bbox 1132 2617 1193 2667; x_wconf 85' lang='grc' dir='ltr'>ιι,</span> <span class='ocrx_word' id='word_1_307' title='bbox 1226 2600 1336 2657; x_wconf 92' lang='lat' dir='ltr'>col.</span> <span class='ocrx_word' id='word_1_308' title='bbox 1370 2600 1510 2655; x_wconf 90' lang='lat'>1279</span> <span class='ocrx_word' id='word_1_309' title='bbox 1538 2603 1596 2655; x_wconf 90' lang='lat' dir='ltr'>et</span> <span class='ocrx_word' id='word_1_310' title='bbox 1624 2601 1773 2672; x_wconf 88' lang='lat' dir='ltr'>seq.)</span> 
     </span>
    </p>
   </div>
   <div class='ocr_carea' id='block_1_42' title="bbox 539 2684 2113 2765">
    <p class='ocr_par' dir='ltr' id='par_1_42' title="bbox 539 2684 2113 2765">
     <span class='ocr_line' id='line_1_42' title="bbox 539 2684 2113 2765; baseline -0.004 -12"><span class='ocrx_word' id='word_1_311' title='bbox 539 2697 663 2753; x_wconf 80' lang='lat' dir='ltr'>Volo</span> <span class='ocrx_word' id='word_1_312' title='bbox 692 2684 878 2751; x_wconf 74' lang='lat' dir='ltr'>autem</span> <span class='ocrx_word' id='word_1_313' title='bbox 895 2694 1169 2765; x_wconf 83' lang='lat' dir='ltr'>juniores,</span> <span class='ocrx_word' id='word_1_314' title='bbox 1201 2694 1336 2756; x_wconf 89' lang='lat' dir='ltr'>etc.,</span> <span class='ocrx_word' id='word_1_315' title='bbox 1368 2704 1557 2761; x_wconf 90' lang='lat' dir='ltr'>usque</span> <span class='ocrx_word' id='word_1_316' title='bbox 1586 2690 1660 2745; x_wconf 90' lang='lat' dir='ltr'>ad</span> <span class='ocrx_word' id='word_1_317' title='bbox 1688 2697 1832 2746; x_wconf 89' lang='lat' dir='ltr'>retro</span> <span class='ocrx_word' id='word_1_318' title='bbox 1849 2699 1979 2761; x_wconf 85' lang='lat' dir='ltr'>post</span> <span class='ocrx_word' id='word_1_319' title='bbox 2005 2690 2113 2747; x_wconf 93' lang='lat' dir='ltr'>Sa-</span> 
     </span>
    </p>
   </div>
   <div class='ocr_carea' id='block_1_43' title="bbox 465 2777 2115 2852">
    <p class='ocr_par' dir='ltr' id='par_1_43' title="bbox 465 2777 2115 2852">
     <span class='ocr_line' id='line_1_43' title="bbox 465 2777 2115 2852; baseline -0.004 -8"><span class='ocrx_word' id='word_1_320' title='bbox 465 2796 674 2845; x_wconf 87' lang='lat' dir='ltr'>tanam.</span> <span class='ocrx_word' id='word_1_321' title='bbox 705 2782 1060 2841; x_wconf 89' lang='lat' dir='ltr'>Nuntiarum</span> <span class='ocrx_word' id='word_1_322' title='bbox 1088 2781 1311 2837; x_wconf 81' lang='lat' dir='ltr'>bonum</span> <span class='ocrx_word' id='word_1_323' title='bbox 1342 2777 1664 2852; x_wconf 90' lang='lat' dir='ltr'>apostolica</span> <span class='ocrx_word' id='word_1_324' title='bbox 1691 2779 2036 2836; x_wconf 87' lang='lat' dir='ltr'>auctoritate</span> <span class='ocrx_word' id='word_1_325' title='bbox 2056 2784 2115 2837; x_wconf 91' lang='lat' dir='ltr'>et</span> 
     </span>
    </p>
   </div>
   <div class='ocr_carea' id='block_1_44' title="bbox 462 2869 2112 2940">
    <p class='ocr_par' dir='ltr' id='par_1_44' title="bbox 462 2869 2112 2940">
     <span class='ocr_line' id='line_1_44' title="bbox 462 2869 2112 2940; baseline -0.006 -5"><span class='ocrx_word' id='word_1_326' title='bbox 462 2875 775 2934; x_wconf 83' lang='lat' dir='ltr'>sobrietate</span> <span class='ocrx_word' id='word_1_327' title='bbox 804 2870 1197 2937; x_wconf 84' lang='lat' dir='ltr'>commendat,</span> <span class='ocrx_word' id='word_1_328' title='bbox 1229 2872 1366 2936; x_wconf 89' lang='lat' dir='ltr'>etc.,</span> <span class='ocrx_word' id='word_1_329' title='bbox 1397 2884 1569 2940; x_wconf 85' lang='lat' dir='ltr'>usque</span> <span class='ocrx_word' id='word_1_330' title='bbox 1605 2869 1675 2924; x_wconf 87' lang='lat' dir='ltr'>ad</span> <span class='ocrx_word' id='word_1_331' title='bbox 1705 2869 1909 2926; x_wconf 78' lang='lat' dir='ltr'>cadere</span> <span class='ocrx_word' id='word_1_332' title='bbox 1937 2873 1994 2925; x_wconf 90' lang='lat' dir='ltr'>et</span> <span class='ocrx_word' id='word_1_333' title='bbox 2022 2870 2112 2926; x_wconf 85' lang='lat' dir='ltr'>in-</span> 
     </span>
    </p>
   </div>
   <div class='ocr_carea' id='block_1_45' title="bbox 460 2957 2110 3035">
    <p class='ocr_par' dir='ltr' id='par_1_45' title="bbox 460 2957 2110 3035">
     <span class='ocr_line' id='line_1_45' title="bbox 460 2957 2110 3035; baseline -0.005 -12"><span class='ocrx_word' id='word_1_334' title='bbox 460 2966 656 3023; x_wconf 89' lang='lat' dir='ltr'>terire.</span> <span class='ocrx_word' id='word_1_335' title='bbox 689 2965 824 3035; x_wconf 92' lang='lat' dir='ltr'>(Id.,</span> <span class='ocrx_word' id='word_1_336' title='bbox 860 2963 958 3019; x_wconf 89' lang='lat' dir='ltr'>lib.</span> <span class='ocrx_word' id='word_1_337' title='bbox 984 2960 1056 3017; x_wconf 85' lang='lat' dir='ltr'>ad</span> <span class='ocrx_word' id='word_1_338' title='bbox 1079 2960 1292 3018; x_wconf 81' lang='lat' dir='ltr'>Julian.</span> <span class='ocrx_word' id='word_1_339' title='bbox 1323 2957 1389 3015; x_wconf 88' lang='lat' dir='ltr'>de</span> <span class='ocrx_word' id='word_1_340' title='bbox 1414 2965 1587 3015; x_wconf 80' lang='lat' dir='ltr'>sanet.</span> <span class='ocrx_word' id='word_1_341' title='bbox 1621 2958 2110 3032; x_wconf 85' lang='lat' dir='ltr'>viduit.,tom.VI,</span> 
     </span>
    </p>
   </div>
   <div class='ocr_carea' id='block_1_46' title="bbox 462 3054 754 3124">
    <p class='ocr_par' dir='ltr' id='par_1_46' title="bbox 462 3054 754 3124">
     <span class='ocr_line' id='line_1_46' title="bbox 462 3054 754 3124; baseline -0.017 -10"><span class='ocrx_word' id='word_1_342' title='bbox 462 3055 571 3114; x_wconf 90' lang='lat' dir='ltr'>col.</span> <span class='ocrx_word' id='word_1_343' title='bbox 606 3054 754 3124; x_wconf 84' lang='lat'>437.)</span> 
     </span>
    </p>
   </div>
   <div class='ocr_carea' id='block_1_47' title="bbox 531 3136 2115 3218">
    <p class='ocr_par' dir='ltr' id='par_1_47' title="bbox 531 3136 2115 3218">
     <span class='ocr_line' id='line_1_47' title="bbox 531 3136 2115 3218; baseline -0.005 -16"><span class='ocrx_word' id='word_1_344' title='bbox 531 3146 596 3202; x_wconf 87' lang='lat' dir='ltr'>Si</span> <span class='ocrx_word' id='word_1_345' title='bbox 622 3146 745 3218; x_wconf 84' lang='lat' dir='ltr'>quis</span> <span class='ocrx_word' id='word_1_346' title='bbox 773 3142 970 3215; x_wconf 77' lang='lat' dir='ltr'>ﬁdelis,</span> <span class='ocrx_word' id='word_1_347' title='bbox 1001 3143 1341 3210; x_wconf 89' lang='lat' dir='ltr'>etc.,usque</span> <span class='ocrx_word' id='word_1_348' title='bbox 1371 3137 1443 3193; x_wconf 91' lang='lat' dir='ltr'>ad</span> <span class='ocrx_word' id='word_1_349' title='bbox 1470 3138 1732 3209; x_wconf 76' lang='lat' dir='ltr'>sufﬁciat.</span> <span class='ocrx_word' id='word_1_350' title='bbox 1765 3136 2028 3194; x_wconf 88' lang='lat' dir='ltr'>Habebat</span> <span class='ocrx_word' id='word_1_351' title='bbox 2056 3142 2115 3195; x_wconf 90' lang='lat' dir='ltr'>et</span> 
     </span>
    </p>
   </div>
   <div class='ocr_carea' id='block_1_48' title="bbox 461 3225 2111 3302">
    <p class='ocr_par' dir='ltr' id='par_1_48' title="bbox 461 3225 2111 3302">
     <span class='ocr_line' id='line_1_48' title="bbox 461 3225 2111 3302; baseline -0.005 -9"><span class='ocrx_word' id='word_1_352' title='bbox 461 3233 750 3293; x_wconf 85' lang='lat' dir='ltr'>Dominus</span> <span class='ocrx_word' id='word_1_353' title='bbox 803 3229 1048 3302; x_wconf 86' lang='lat' dir='ltr'>loculos,</span> <span class='ocrx_word' id='word_1_354' title='bbox 1080 3233 1214 3297; x_wconf 88' lang='lat' dir='ltr'>etc.,</span> <span class='ocrx_word' id='word_1_355' title='bbox 1245 3243 1417 3299; x_wconf 89' lang='lat' dir='ltr'>usque</span> <span class='ocrx_word' id='word_1_356' title='bbox 1467 3225 1539 3282; x_wconf 85' lang='lat' dir='ltr'>ad</span> <span class='ocrx_word' id='word_1_357' title='bbox 1590 3226 1783 3283; x_wconf 88' lang='lat' dir='ltr'>viduis</span> <span class='ocrx_word' id='word_1_358' title='bbox 1842 3227 2111 3284; x_wconf 85' lang='lat' dir='ltr'>sufﬁcere</span> 
     </span>
    </p>
   </div>
   <div class='ocr_carea' id='block_1_49' title="bbox 2223 1977 3483 2051">
    <p class='ocr_par' dir='ltr' id='par_1_49' title="bbox 2223 1977 3483 2051">
     <span class='ocr_line' id='line_1_49' title="bbox 2223 1977 3483 2051; baseline 0 -18"><span class='ocrx_word' id='word_1_359' title='bbox 2223 1978 2367 2034; x_wconf 88' lang='lat' dir='ltr'>verb.</span> <span class='ocrx_word' id='word_1_360' title='bbox 2400 1996 2618 2049; x_wconf 87' lang='lat' dir='ltr'>evang.,</span> <span class='ocrx_word' id='word_1_361' title='bbox 2653 1982 2799 2046; x_wconf 88' lang='lat' dir='ltr'>tom,</span> <span class='ocrx_word' id='word_1_362' title='bbox 2830 1978 2899 2047; x_wconf 94' lang='lat' dir='ltr'>V,</span> <span class='ocrx_word' id='word_1_363' title='bbox 2929 1982 3079 2051; x_wconf 88' lang='lat' dir='ltr'>part.</span> <span class='ocrx_word' id='word_1_364' title='bbox 3113 1996 3153 2045; x_wconf 87' lang='grc' dir='ltr'>ι,</span> <span class='ocrx_word' id='word_1_365' title='bbox 3186 1977 3297 2035; x_wconf 93' lang='lat' dir='ltr'>col.</span> <span class='ocrx_word' id='word_1_366' title='bbox 3331 1977 3483 2048; x_wconf 85' lang='lat'>412.)</span> 
     </span>
    </p>
   </div>
   <div class='ocr_carea' id='block_1_50' title="bbox 2294 2066 3880 2142">
    <p class='ocr_par' dir='ltr' id='par_1_50' title="bbox 2294 2066 3880 2142">
     <span class='ocr_line' id='line_1_50' title="bbox 2294 2066 3880 2142; baseline 0.002 -21"><span class='ocrx_word' id='word_1_367' title='bbox 2294 2067 2537 2124; x_wconf 87' lang='lat' dir='ltr'>Initium</span> <span class='ocrx_word' id='word_1_368' title='bbox 2565 2067 2831 2123; x_wconf 89' lang='lat' dir='ltr'>omnium</span> <span class='ocrx_word' id='word_1_369' title='bbox 2863 2066 3083 2140; x_wconf 86' lang='lat' dir='ltr'>peccati</span> <span class='ocrx_word' id='word_1_370' title='bbox 3115 2067 3411 2140; x_wconf 87' lang='lat' dir='ltr'>superbia,</span> <span class='ocrx_word' id='word_1_371' title='bbox 3440 2070 3575 2138; x_wconf 91' lang='lat' dir='ltr'>etc.,</span> <span class='ocrx_word' id='word_1_372' title='bbox 3607 2084 3777 2142; x_wconf 74' lang='lat' dir='ltr'>usque</span> <span class='ocrx_word' id='word_1_373' title='bbox 3805 2068 3880 2124; x_wconf 78' lang='lat' dir='ltr'>ad</span> 
     </span>
    </p>
   </div>
   <div class='ocr_carea' id='block_1_51' title="bbox 2226 2155 3873 2230">
    <p class='ocr_par' dir='ltr' id='par_1_51' title="bbox 2226 2155 3873 2230">
     <span class='ocr_line' id='line_1_51' title="bbox 2226 2155 3873 2230; baseline 0.001 -19"><span class='ocrx_word' id='word_1_374' title='bbox 2226 2155 2490 2212; x_wconf 86' lang='lat' dir='ltr'>mittatur</span> <span class='ocrx_word' id='word_1_375' title='bbox 2517 2161 2819 2212; x_wconf 66' lang='lat' dir='ltr'>aeternum.</span> <span class='ocrx_word' id='word_1_376' title='bbox 2850 2157 2981 2230; x_wconf 92' lang='lat' dir='ltr'>(Id.,</span> <span class='ocrx_word' id='word_1_377' title='bbox 3016 2157 3123 2213; x_wconf 81' lang='lat' dir='ltr'>lib.</span> <span class='ocrx_word' id='word_1_378' title='bbox 3148 2174 3186 2212; x_wconf 90' lang='grc' dir='ltr'>ιι</span> <span class='ocrx_word' id='word_1_379' title='bbox 3215 2156 3280 2212; x_wconf 86' lang='lat' dir='ltr'>de</span> <span class='ocrx_word' id='word_1_380' title='bbox 3312 2156 3441 2213; x_wconf 89' lang='lat' dir='ltr'>Gen.</span> <span class='ocrx_word' id='word_1_381' title='bbox 3472 2157 3545 2212; x_wconf 87' lang='lat' dir='ltr'>ad</span> <span class='ocrx_word' id='word_1_382' title='bbox 3573 2158 3704 2226; x_wconf 82' lang='lat' dir='ltr'>titt.,</span> <span class='ocrx_word' id='word_1_383' title='bbox 3727 2160 3873 2213; x_wconf 89' lang='lat' dir='ltr'>tom.</span> 
     </span>
    </p>
   </div>
   <div class='ocr_carea' id='block_1_52' title="bbox 2221 2244 3124 2318">
    <p class='ocr_par' dir='ltr' id='par_1_52' title="bbox 2221 2244 3124 2318">
     <span class='ocr_line' id='line_1_52' title="bbox 2221 2244 3124 2318; baseline 0.001 -20"><span class='ocrx_word' id='word_1_384' title='bbox 2221 2248 2325 2311; x_wconf 88' lang='lat' dir='ltr'>IIl,</span> <span class='ocrx_word' id='word_1_385' title='bbox 2358 2249 2507 2318; x_wconf 89' lang='lat' dir='ltr'>part.</span> <span class='ocrx_word' id='word_1_386' title='bbox 2541 2262 2580 2314; x_wconf 82' lang='lat'>1,</span> <span class='ocrx_word' id='word_1_387' title='bbox 2610 2244 2719 2301; x_wconf 89' lang='lat' dir='ltr'>col.</span> <span class='ocrx_word' id='word_1_388' title='bbox 2752 2247 2858 2301; x_wconf 89' lang='lat'>436</span> <span class='ocrx_word' id='word_1_389' title='bbox 2889 2250 2946 2301; x_wconf 90' lang='lat' dir='ltr'>et</span> <span class='ocrx_word' id='word_1_390' title='bbox 2975 2246 3124 2317; x_wconf 91' lang='lat' dir='ltr'>seq.)</span> 
     </span>
    </p>
   </div>
   <div class='ocr_carea' id='block_1_53' title="bbox 2296 2332 3897 2407">
    <p class='ocr_par' dir='ltr' id='par_1_53' title="bbox 2296 2332 3897 2407">
     <span class='ocr_line' id='line_1_53' title="bbox 2296 2332 3897 2407; baseline 0.002 -18"><span class='ocrx_word' id='word_1_391' title='bbox 2296 2334 2519 2390; x_wconf 88' lang='lat' dir='ltr'>Inclina</span> <span class='ocrx_word' id='word_1_392' title='bbox 2541 2352 2641 2391; x_wconf 88' lang='lat' dir='ltr'>cor</span> <span class='ocrx_word' id='word_1_393' title='bbox 2669 2352 2868 2391; x_wconf 89' lang='lat' dir='ltr'>meum</span> <span class='ocrx_word' id='word_1_394' title='bbox 2899 2334 2959 2389; x_wconf 93' lang='lat' dir='ltr'>in</span> <span class='ocrx_word' id='word_1_395' title='bbox 3004 2332 3343 2390; x_wconf 84' lang='lat' dir='ltr'>testimonia</span> <span class='ocrx_word' id='word_1_396' title='bbox 3383 2336 3505 2401; x_wconf 92' lang='lat' dir='ltr'>tua,</span> <span class='ocrx_word' id='word_1_397' title='bbox 3538 2337 3675 2401; x_wconf 90' lang='lat' dir='ltr'>etc.,</span> <span class='ocrx_word' id='word_1_398' title='bbox 3704 2351 3897 2407; x_wconf 83' lang='lat' dir='ltr'>usque</span> 
     </span>
    </p>
   </div>
   <div class='ocr_carea' id='block_1_54' title="bbox 2222 2422 3874 2496">
    <p class='ocr_par' dir='ltr' id='par_1_54' title="bbox 2222 2422 3874 2496">
     <span class='ocr_line' id='line_1_54' title="bbox 2222 2422 3874 2496; baseline 0.001 -18"><span class='ocrx_word' id='word_1_399' title='bbox 2222 2422 2292 2478; x_wconf 85' lang='lat' dir='ltr'>ad</span> <span class='ocrx_word' id='word_1_400' title='bbox 2322 2429 2381 2479; x_wconf 90' lang='lat' dir='ltr'>et</span> <span class='ocrx_word' id='word_1_401' title='bbox 2411 2440 2524 2479; x_wconf 91' lang='lat' dir='ltr'>non</span> <span class='ocrx_word' id='word_1_402' title='bbox 2550 2423 2611 2478; x_wconf 90' lang='lat' dir='ltr'>in</span> <span class='ocrx_word' id='word_1_403' title='bbox 2641 2422 2965 2479; x_wconf 87' lang='lat' dir='ltr'>avaritiam.</span> <span class='ocrx_word' id='word_1_404' title='bbox 2993 2422 3124 2495; x_wconf 89' lang='lat' dir='ltr'>(Id.,</span> <span class='ocrx_word' id='word_1_405' title='bbox 3157 2430 3314 2478; x_wconf 84' lang='lat' dir='ltr'>tract.</span> <span class='ocrx_word' id='word_1_406' title='bbox 3365 2425 3427 2478; x_wconf 89' lang='lat' dir='ltr'>in</span> <span class='ocrx_word' id='word_1_407' title='bbox 3471 2423 3612 2495; x_wconf 86' lang='lat' dir='ltr'>psal.</span> <span class='ocrx_word' id='word_1_408' title='bbox 3644 2439 3874 2496; x_wconf 78' lang='lat' dir='ltr'>cxxvm,</span> 
     </span>
    </p>
   </div>
   <div class='ocr_carea' id='block_1_55' title="bbox 2220 2511 3339 2586">
    <p class='ocr_par' dir='ltr' id='par_1_55' title="bbox 2220 2511 3339 2586">
     <span class='ocr_line' id='line_1_55' title="bbox 2220 2511 3339 2586; baseline -0.002 -19"><span class='ocrx_word' id='word_1_409' title='bbox 2220 2515 2363 2568; x_wconf 90' lang='lat' dir='ltr'>tom.</span> <span class='ocrx_word' id='word_1_410' title='bbox 2398 2513 2494 2580; x_wconf 91' lang='lat' dir='ltr'>IV,</span> <span class='ocrx_word' id='word_1_411' title='bbox 2527 2517 2675 2586; x_wconf 89' lang='lat' dir='ltr'>part.</span> <span class='ocrx_word' id='word_1_412' title='bbox 2704 2529 2765 2584; x_wconf 87' lang='grc' dir='ltr'>ιι,</span> <span class='ocrx_word' id='word_1_413' title='bbox 2800 2512 2907 2568; x_wconf 92' lang='lat' dir='ltr'>col.</span> <span class='ocrx_word' id='word_1_414' title='bbox 2942 2514 3081 2568; x_wconf 89' lang='lat'>1530</span> <span class='ocrx_word' id='word_1_415' title='bbox 3104 2516 3163 2568; x_wconf 88' lang='lat' dir='ltr'>et</span> <span class='ocrx_word' id='word_1_416' title='bbox 3191 2511 3339 2585; x_wconf 89' lang='lat' dir='ltr'>seq.)</span> 
     </span>
    </p>
   </div>
   <div class='ocr_carea' id='block_1_56' title="bbox 2297 2601 3876 2674">
    <p class='ocr_par' dir='ltr' id='par_1_56' title="bbox 2297 2601 3876 2674">
     <span class='ocr_line' id='line_1_56' title="bbox 2297 2601 3876 2674; baseline 0.001 -16"><span class='ocrx_word' id='word_1_417' title='bbox 2297 2604 2360 2659; x_wconf 88' lang='lat' dir='ltr'>Ut</span> <span class='ocrx_word' id='word_1_418' title='bbox 2385 2619 2563 2658; x_wconf 83' lang='lat' dir='ltr'>serves</span> <span class='ocrx_word' id='word_1_419' title='bbox 2590 2602 2934 2670; x_wconf 83' lang='lat' dir='ltr'>mandatum,</span> <span class='ocrx_word' id='word_1_420' title='bbox 2966 2610 3088 2670; x_wconf 88' lang='lat' dir='ltr'>etc.,</span> <span class='ocrx_word' id='word_1_421' title='bbox 3123 2618 3313 2674; x_wconf 89' lang='lat' dir='ltr'>usque</span> <span class='ocrx_word' id='word_1_422' title='bbox 3360 2601 3434 2656; x_wconf 90' lang='lat' dir='ltr'>ad</span> <span class='ocrx_word' id='word_1_423' title='bbox 3479 2603 3742 2659; x_wconf 86' lang='lat' dir='ltr'>Dominus</span> <span class='ocrx_word' id='word_1_424' title='bbox 3778 2603 3876 2660; x_wconf 87' lang='lat' dir='ltr'>do-</span> 
     </span>
    </p>
   </div>
   <div class='ocr_carea' id='block_1_57' title="bbox 2218 2691 3876 2766">
    <p class='ocr_par' dir='ltr' id='par_1_57' title="bbox 2218 2691 3876 2766">
     <span class='ocr_line' id='line_1_57' title="bbox 2218 2691 3876 2766; baseline -0.001 -19"><span class='ocrx_word' id='word_1_425' title='bbox 2218 2691 2821 2748; x_wconf 88' lang='lat' dir='ltr'>minanttum.Ostendi</span> <span class='ocrx_word' id='word_1_426' title='bbox 2855 2708 2968 2747; x_wconf 93' lang='lat' dir='ltr'>non</span> <span class='ocrx_word' id='word_1_427' title='bbox 2999 2707 3128 2747; x_wconf 88' lang='lat' dir='ltr'>esse</span> <span class='ocrx_word' id='word_1_428' title='bbox 3158 2706 3544 2762; x_wconf 88' lang='lat' dir='ltr'>consequens,</span> <span class='ocrx_word' id='word_1_429' title='bbox 3565 2695 3876 2766; x_wconf 75' lang='lat' dir='ltr'>etc.,usque</span> 
     </span>
    </p>
   </div>
   <div class='ocr_carea' id='block_1_58' title="bbox 2221 2780 3874 2850">
    <p class='ocr_par' dir='ltr' id='par_1_58' title="bbox 2221 2780 3874 2850">
     <span class='ocr_line' id='line_1_58' title="bbox 2221 2780 3874 2850; baseline 0.001 -13"><span class='ocrx_word' id='word_1_430' title='bbox 2221 2782 2292 2837; x_wconf 87' lang='lat' dir='ltr'>ad</span> <span class='ocrx_word' id='word_1_431' title='bbox 2320 2781 2504 2838; x_wconf 88' lang='lat' dir='ltr'>Patris</span> <span class='ocrx_word' id='word_1_432' title='bbox 2540 2785 2750 2837; x_wconf 89' lang='lat' dir='ltr'>natura</span> <span class='ocrx_word' id='word_1_433' title='bbox 2797 2798 2914 2837; x_wconf 90' lang='lat' dir='ltr'>non</span> <span class='ocrx_word' id='word_1_434' title='bbox 2964 2780 3118 2837; x_wconf 83' lang='lat' dir='ltr'>fecit.</span> <span class='ocrx_word' id='word_1_435' title='bbox 3150 2781 3285 2850; x_wconf 91' lang='lat' dir='ltr'>(Id.,</span> <span class='ocrx_word' id='word_1_436' title='bbox 3321 2781 3419 2837; x_wconf 89' lang='lat' dir='ltr'>lib.</span> <span class='ocrx_word' id='word_1_437' title='bbox 3454 2797 3491 2836; x_wconf 92' lang='grc' dir='ltr'>ιι</span> <span class='ocrx_word' id='word_1_438' title='bbox 3520 2789 3712 2838; x_wconf 85' lang='lat' dir='ltr'>contra</span> <span class='ocrx_word' id='word_1_439' title='bbox 3759 2783 3874 2838; x_wconf 77' lang='lat' dir='ltr'>Ma-</span> 
     </span>
    </p>
   </div>
   <div class='ocr_carea' id='block_1_59' title="bbox 2218 2869 3284 2942">
    <p class='ocr_par' dir='ltr' id='par_1_59' title="bbox 2218 2869 3284 2942">
     <span class='ocr_line' id='line_1_59' title="bbox 2218 2869 3284 2942; baseline -0.002 -16"><span class='ocrx_word' id='word_1_440' title='bbox 2218 2872 2381 2939; x_wconf 77' lang='lat' dir='ltr'>xim.,</span> <span class='ocrx_word' id='word_1_441' title='bbox 2414 2875 2558 2927; x_wconf 90' lang='lat' dir='ltr'>tom.</span> <span class='ocrx_word' id='word_1_442' title='bbox 2591 2869 2740 2936; x_wconf 92' lang='lat' dir='ltr'>VIII,</span> <span class='ocrx_word' id='word_1_443' title='bbox 2773 2869 2882 2926; x_wconf 91' lang='lat' dir='ltr'>col.</span> <span class='ocrx_word' id='word_1_444' title='bbox 2912 2870 3020 2925; x_wconf 89' lang='lat'>766</span> <span class='ocrx_word' id='word_1_445' title='bbox 3048 2874 3105 2925; x_wconf 89' lang='lat' dir='ltr'>et</span> <span class='ocrx_word' id='word_1_446' title='bbox 3135 2871 3284 2942; x_wconf 91' lang='lat' dir='ltr'>seq.)</span> 
     </span>
    </p>
   </div>
   <div class='ocr_carea' id='block_1_60' title="bbox 2290 2958 3870 3032">
    <p class='ocr_par' dir='ltr' id='par_1_60' title="bbox 2290 2958 3870 3032">
     <span class='ocr_line' id='line_1_60' title="bbox 2290 2958 3870 3032; baseline 0.001 -16"><span class='ocrx_word' id='word_1_447' title='bbox 2290 2960 2476 3016; x_wconf 90' lang='lat' dir='ltr'>Unius</span> <span class='ocrx_word' id='word_1_448' title='bbox 2504 2959 2687 3032; x_wconf 87' lang='lat' dir='ltr'>igitur</span> <span class='ocrx_word' id='word_1_449' title='bbox 2717 2959 2983 3032; x_wconf 89' lang='lat' dir='ltr'>ejusdem</span> <span class='ocrx_word' id='word_1_450' title='bbox 3013 2975 3149 3015; x_wconf 92' lang='lat' dir='ltr'>cum</span> <span class='ocrx_word' id='word_1_451' title='bbox 3181 2958 3347 3015; x_wconf 88' lang='lat' dir='ltr'>Patre</span> <span class='ocrx_word' id='word_1_452' title='bbox 3385 2960 3729 3017; x_wconf 69' lang='lat' dir='ltr'>substantiae</span> <span class='ocrx_word' id='word_1_453' title='bbox 3758 2965 3870 3030; x_wconf 89' lang='lat' dir='ltr'>est,</span> 
     </span>
    </p>
   </div>
   <div class='ocr_carea' id='block_1_61' title="bbox 2220 3047 3869 3122">
    <p class='ocr_par' dir='ltr' id='par_1_61' title="bbox 2220 3047 3869 3122">
     <span class='ocr_line' id='line_1_61' title="bbox 2220 3047 3869 3122; baseline 0.001 -16"><span class='ocrx_word' id='word_1_454' title='bbox 2220 3053 2353 3118; x_wconf 89' lang='lat' dir='ltr'>etc.,</span> <span class='ocrx_word' id='word_1_455' title='bbox 2385 3066 2553 3122; x_wconf 86' lang='lat' dir='ltr'>usque</span> <span class='ocrx_word' id='word_1_456' title='bbox 2582 3049 2653 3105; x_wconf 85' lang='lat' dir='ltr'>ad</span> <span class='ocrx_word' id='word_1_457' title='bbox 2681 3053 2739 3105; x_wconf 88' lang='lat' dir='ltr'>et</span> <span class='ocrx_word' id='word_1_458' title='bbox 2770 3048 2983 3105; x_wconf 91' lang='lat' dir='ltr'>Filium</span> <span class='ocrx_word' id='word_1_459' title='bbox 3013 3052 3070 3104; x_wconf 89' lang='lat' dir='ltr'>et</span> <span class='ocrx_word' id='word_1_460' title='bbox 3100 3047 3387 3120; x_wconf 89' lang='lat' dir='ltr'>Spiritum</span> <span class='ocrx_word' id='word_1_461' title='bbox 3417 3054 3710 3107; x_wconf 90' lang='lat' dir='ltr'>sanctum.</span> <span class='ocrx_word' id='word_1_462' title='bbox 3732 3051 3869 3120; x_wconf 91' lang='lat' dir='ltr'>(Id.,</span> 
     </span>
    </p>
   </div>
   <div class='ocr_carea' id='block_1_62' title="bbox 2220 3136 3567 3211">
    <p class='ocr_par' dir='ltr' id='par_1_62' title="bbox 2220 3136 3567 3211">
     <span class='ocr_line' id='line_1_62' title="bbox 2220 3136 3567 3211; baseline 0 -16"><span class='ocrx_word' id='word_1_463' title='bbox 2220 3140 2318 3195; x_wconf 90' lang='lat' dir='ltr'>lib.</span> <span class='ocrx_word' id='word_1_464' title='bbox 2349 3139 2414 3196; x_wconf 88' lang='lat' dir='ltr'>de</span> <span class='ocrx_word' id='word_1_465' title='bbox 2449 3141 2665 3207; x_wconf 86' lang='lat' dir='ltr'>Trinit.,</span> <span class='ocrx_word' id='word_1_466' title='bbox 2692 3143 2836 3195; x_wconf 89' lang='lat' dir='ltr'>tom.</span> <span class='ocrx_word' id='word_1_467' title='bbox 2869 3138 3018 3205; x_wconf 87' lang='lat' dir='ltr'>VIII,</span> <span class='ocrx_word' id='word_1_468' title='bbox 3055 3136 3163 3195; x_wconf 90' lang='lat' dir='ltr'>col.</span> <span class='ocrx_word' id='word_1_469' title='bbox 3195 3140 3303 3194; x_wconf 89' lang='lat'>825</span> <span class='ocrx_word' id='word_1_470' title='bbox 3332 3143 3389 3194; x_wconf 92' lang='lat' dir='ltr'>et</span> <span class='ocrx_word' id='word_1_471' title='bbox 3417 3139 3567 3211; x_wconf 90' lang='lat' dir='ltr'>seq.)</span> 
     </span>
    </p>
   </div>
   <div class='ocr_carea' id='block_1_63' title="bbox 2290 3216 3874 3301">
    <p class='ocr_par' dir='ltr' id='par_1_63' title="bbox 2290 3216 3874 3301">
     <span class='ocr_line' id='line_1_63' title="bbox 2290 3216 3874 3301; baseline 0.001 -17"><span class='ocrx_word' id='word_1_472' title='bbox 2290 3216 2404 3300; x_wconf 79' lang='lat' dir='ltr'>Qui</span> <span class='ocrx_word' id='word_1_473' title='bbox 2427 3229 2575 3285; x_wconf 89' lang='lat' dir='ltr'>solus</span> <span class='ocrx_word' id='word_1_474' title='bbox 2602 3229 2763 3285; x_wconf 88' lang='lat' dir='ltr'>habet</span> <span class='ocrx_word' id='word_1_475' title='bbox 2787 3228 3270 3284; x_wconf 84' lang='lat' dir='ltr'>immortalitatem.</span> <span class='ocrx_word' id='word_1_476' title='bbox 3303 3227 3599 3301; x_wconf 91' lang='lat' dir='ltr'>Quidquid</span> <span class='ocrx_word' id='word_1_477' title='bbox 3630 3228 3806 3286; x_wconf 88' lang='lat' dir='ltr'>etiam</span> <span class='ocrx_word' id='word_1_478' title='bbox 3838 3247 3874 3286; x_wconf 87' lang='lat' dir='ltr'>a</span> 
     </span>
    </p>
   </div>
   <div class='ocr_carea' id='block_1_64' title="bbox 461 3291 3871 3400">
    <p class='ocr_par' dir='ltr' id='par_1_64' title="bbox 461 3291 3871 3400">
     <span class='ocr_line' id='line_1_64' title="bbox 461 3291 3871 3400; baseline -0.002 -17"><span class='ocrx_word' id='word_1_479' title='bbox 461 3291 670 3400; x_wconf 78' lang='lat' dir='ltr'>possit.</span> <span class='ocrx_word' id='word_1_480' title='bbox 703 3325 833 3397; x_wconf 91' lang='lat' dir='ltr'>(Id.,</span> <span class='ocrx_word' id='word_1_481' title='bbox 866 3291 1045 3379; x_wconf 43' lang='lat' dir='ltr'>tract:</span> <span class='ocrx_word' id='word_1_482' title='bbox 1059 3320 1130 3375; x_wconf 90' lang='lat'>64</span> <span class='ocrx_word' id='word_1_483' title='bbox 1154 3291 1216 3373; x_wconf 81' lang='lat' dir='ltr'>in</span> <span class='ocrx_word' id='word_1_484' title='bbox 1242 3291 1449 3386; x_wconf 77' lang='lat' dir='ltr'>Evang.</span> <span class='ocrx_word' id='word_1_485' title='bbox 1479 3331 1584 3372; x_wconf 88' lang='lat' dir='ltr'>sec.</span> <span class='ocrx_word' id='word_1_486' title='bbox 1615 3317 1797 3383; x_wconf 88' lang='lat' dir='ltr'>Joan.,</span> <span class='ocrx_word' id='word_1_487' title='bbox 1828 3320 1974 3373; x_wconf 88' lang='lat' dir='ltr'>tom.</span> <span class='ocrx_word' id='word_1_488' title='bbox 2008 3318 2108 3386; x_wconf 90' lang='lat' dir='ltr'>III,</span> <span class='ocrx_word' id='word_1_489' title='bbox 2139 3291 2183 3359; x_wconf 61' lang='grc' dir='ltr'><strong>(ἶ</strong></span> <span class='ocrx_word' id='word_1_490' title='bbox 2220 3291 2457 3374; x_wconf 71' lang='lat' dir='ltr'>meliore</span> <span class='ocrx_word' id='word_1_491' title='bbox 2484 3317 2545 3375; x_wconf 91' lang='lat' dir='ltr'>in</span> <span class='ocrx_word' id='word_1_492' title='bbox 2576 3317 2857 3385; x_wconf 89' lang='lat' dir='ltr'>deterius,</span> <span class='ocrx_word' id='word_1_493' title='bbox 2885 3320 3022 3385; x_wconf 89' lang='lat' dir='ltr'>etc.,</span> <span class='ocrx_word' id='word_1_494' title='bbox 3049 3332 3221 3388; x_wconf 88' lang='lat' dir='ltr'>usque</span> <span class='ocrx_word' id='word_1_495' title='bbox 3250 3291 3451 3373; x_wconf 33' lang='lat' dir='ltr'>ad‘ubi</span> <span class='ocrx_word' id='word_1_496' title='bbox 3473 3291 3646 3373; x_wconf 75' lang='lat' dir='ltr'>hulla</span> <span class='ocrx_word' id='word_1_497' title='bbox 3674 3323 3871 3375; x_wconf 90' lang='lat' dir='ltr'>muta-</span> 
     </span>
    </p>
   </div>
   <div class='ocr_carea' id='block_1_65' title="bbox 461 3408 1315 3489">
    <p class='ocr_par' dir='ltr' id='par_1_65' title="bbox 461 3408 1315 3489">
     <span class='ocr_line' id='line_1_65' title="bbox 461 3408 1315 3489; baseline -0.009 -17"><span class='ocrx_word' id='word_1_498' title='bbox 461 3420 611 3489; x_wconf 88' lang='lat' dir='ltr'>part.</span> <span class='ocrx_word' id='word_1_499' title='bbox 644 3433 703 3483; x_wconf 88' lang='grc' dir='ltr'>ιι,</span> <span class='ocrx_word' id='word_1_500' title='bbox 736 3412 846 3470; x_wconf 92' lang='lat' dir='ltr'>col.</span> <span class='ocrx_word' id='word_1_501' title='bbox 880 3408 1062 3482; x_wconf 91' lang='lat'>1883.)</span> <span class='ocrx_word' id='word_1_502' title='bbox 1311 3484 1315 3488; x_wconf 18' lang='grc' dir='ltr'><em>ι</em></span> 
     </span>
    </p>
   </div>
   <div class='ocr_carea' id='block_1_66' title="bbox 531 3494 2114 3575">
    <p class='ocr_par' dir='ltr' id='par_1_66' title="bbox 531 3494 2114 3575">
     <span class='ocr_line' id='line_1_66' title="bbox 531 3494 2114 3575; baseline -0.006 -13"><span class='ocrx_word' id='word_1_503' title='bbox 531 3506 640 3575; x_wconf 87' lang='lat' dir='ltr'>Qui</span> <span class='ocrx_word' id='word_1_504' title='bbox 672 3505 801 3560; x_wconf 87' lang='lat' dir='ltr'>bene</span> <span class='ocrx_word' id='word_1_505' title='bbox 828 3506 1098 3575; x_wconf 67' lang='lat' dir='ltr'>praesunt,</span> <span class='ocrx_word' id='word_1_506' title='bbox 1130 3501 1264 3566; x_wconf 93' lang='lat' dir='ltr'>ete.,</span> <span class='ocrx_word' id='word_1_507' title='bbox 1290 3511 1479 3568; x_wconf 91' lang='lat' dir='ltr'>usque</span> <span class='ocrx_word' id='word_1_508' title='bbox 1508 3496 1582 3552; x_wconf 88' lang='lat' dir='ltr'>ad</span> <span class='ocrx_word' id='word_1_509' title='bbox 1629 3497 1730 3552; x_wconf 87' lang='lat' dir='ltr'>sub</span> <span class='ocrx_word' id='word_1_510' title='bbox 1778 3494 1986 3553; x_wconf 86' lang='lat' dir='ltr'>duobus</span> <span class='ocrx_word' id='word_1_511' title='bbox 2015 3504 2114 3553; x_wconf 90' lang='lat' dir='ltr'>aut</span> 
     </span>
    </p>
   </div>
   <div class='ocr_carea' id='block_1_67' title="bbox 461 3586 2110 3663">
    <p class='ocr_par' dir='ltr' id='par_1_67' title="bbox 461 3586 2110 3663">
     <span class='ocr_line' id='line_1_67' title="bbox 461 3586 2110 3663; baseline -0.007 -10"><span class='ocrx_word' id='word_1_512' title='bbox 461 3597 640 3653; x_wconf 87' lang='lat' dir='ltr'>tribus</span> <span class='ocrx_word' id='word_1_513' title='bbox 670 3587 1182 3663; x_wconf 87' lang='lat' dir='ltr'>testibus.0perarii</span> <span class='ocrx_word' id='word_1_514' title='bbox 1212 3586 1371 3642; x_wconf 91' lang='lat' dir='ltr'>enim</span> <span class='ocrx_word' id='word_1_515' title='bbox 1402 3601 1631 3648; x_wconf 87' lang='lat' dir='ltr'>sumus.</span> <span class='ocrx_word' id='word_1_516' title='bbox 1660 3586 1793 3652; x_wconf 84' lang='lat' dir='ltr'>etc.,</span> <span class='ocrx_word' id='word_1_517' title='bbox 1824 3601 1991 3658; x_wconf 86' lang='lat' dir='ltr'>usque</span> <span class='ocrx_word' id='word_1_518' title='bbox 2037 3586 2110 3642; x_wconf 81' lang='lat' dir='ltr'>ad</span> 
     </span>
    </p>
   </div>
   <div class='ocr_carea' id='block_1_68' title="bbox 460 3676 2104 3752">
    <p class='ocr_par' dir='ltr' id='par_1_68' title="bbox 460 3676 2104 3752">
     <span class='ocr_line' id='line_1_68' title="bbox 460 3676 2104 3752; baseline -0.005 -11"><span class='ocrx_word' id='word_1_519' title='bbox 460 3686 708 3741; x_wconf 90' lang='lat' dir='ltr'>daturus</span> <span class='ocrx_word' id='word_1_520' title='bbox 738 3698 821 3737; x_wconf 90' lang='lat' dir='ltr'>es.</span> <span class='ocrx_word' id='word_1_521' title='bbox 854 3680 989 3752; x_wconf 89' lang='lat' dir='ltr'>(Id.,</span> <span class='ocrx_word' id='word_1_522' title='bbox 1021 3684 1184 3734; x_wconf 87' lang='lat' dir='ltr'>tract.</span> <span class='ocrx_word' id='word_1_523' title='bbox 1216 3676 1283 3730; x_wconf 90' lang='lat'>17</span> <span class='ocrx_word' id='word_1_524' title='bbox 1313 3677 1374 3731; x_wconf 89' lang='lat' dir='ltr'>in</span> <span class='ocrx_word' id='word_1_525' title='bbox 1402 3676 1606 3746; x_wconf 83' lang='lat' dir='ltr'>Evang.</span> <span class='ocrx_word' id='word_1_526' title='bbox 1629 3691 1733 3730; x_wconf 85' lang='lat' dir='ltr'>sec.</span> <span class='ocrx_word' id='word_1_527' title='bbox 1755 3677 1937 3744; x_wconf 88' lang='lat' dir='ltr'>Joan.,</span> <span class='ocrx_word' id='word_1_528' title='bbox 1959 3678 2104 3733; x_wconf 91' lang='lat' dir='ltr'>tom.</span> 
     </span>
    </p>
   </div>
   <div class='ocr_carea' id='block_1_69' title="bbox 455 3765 1202 3844">
    <p class='ocr_par' dir='ltr' id='par_1_69' title="bbox 455 3765 1202 3844">
     <span class='ocr_line' id='line_1_69' title="bbox 455 3765 1202 3844; baseline -0.013 -15"><span class='ocrx_word' id='word_1_529' title='bbox 455 3773 560 3841; x_wconf 89' lang='lat' dir='ltr'>III,</span> <span class='ocrx_word' id='word_1_530' title='bbox 593 3774 746 3844; x_wconf 90' lang='lat' dir='ltr'>part.</span> <span class='ocrx_word' id='word_1_531' title='bbox 779 3786 845 3837; x_wconf 88' lang='grc' dir='ltr'>ιι,</span> <span class='ocrx_word' id='word_1_532' title='bbox 877 3767 984 3823; x_wconf 91' lang='lat' dir='ltr'>col.</span> <span class='ocrx_word' id='word_1_533' title='bbox 1021 3765 1202 3838; x_wconf 88' lang='lat'>1530.)</span> 
     </span>
    </p>
   </div>
   <div class='ocr_carea' id='block_1_70' title="bbox 527 3852 2107 3931">
    <p class='ocr_par' dir='ltr' id='par_1_70' title="bbox 527 3852 2107 3931">
     <span class='ocr_line' id='line_1_70' title="bbox 527 3852 2107 3931; baseline -0.005 -14"><span class='ocrx_word' id='word_1_534' title='bbox 527 3858 808 3931; x_wconf 91' lang='lat' dir='ltr'>Nunquid</span> <span class='ocrx_word' id='word_1_535' title='bbox 840 3857 913 3913; x_wconf 91' lang='lat' dir='ltr'>de</span> <span class='ocrx_word' id='word_1_536' title='bbox 943 3856 1132 3911; x_wconf 91' lang='lat' dir='ltr'>bobus</span> <span class='ocrx_word' id='word_1_537' title='bbox 1163 3852 1415 3926; x_wconf 88' lang='lat' dir='ltr'>pertinet</span> <span class='ocrx_word' id='word_1_538' title='bbox 1444 3853 1514 3909; x_wconf 91' lang='lat' dir='ltr'>ad</span> <span class='ocrx_word' id='word_1_539' title='bbox 1546 3852 1753 3920; x_wconf 90' lang='lat' dir='ltr'>Deum,</span> <span class='ocrx_word' id='word_1_540' title='bbox 1777 3855 1912 3920; x_wconf 89' lang='lat' dir='ltr'>etc.,</span> <span class='ocrx_word' id='word_1_541' title='bbox 1934 3869 2107 3925; x_wconf 85' lang='lat' dir='ltr'>usque</span> 
     </span>
    </p>
   </div>
   <div class='ocr_carea' id='block_1_71' title="bbox 454 3941 2099 4022">
    <p class='ocr_par' dir='ltr' id='par_1_71' title="bbox 454 3941 2099 4022">
     <span class='ocr_line' id='line_1_71' title="bbox 454 3941 2099 4022; baseline -0.005 -16"><span class='ocrx_word' id='word_1_542' title='bbox 454 3950 526 4006; x_wconf 86' lang='lat' dir='ltr'>ad</span> <span class='ocrx_word' id='word_1_543' title='bbox 556 3947 764 4022; x_wconf 89' lang='lat' dir='ltr'>implet</span> <span class='ocrx_word' id='word_1_544' title='bbox 807 3944 1088 4002; x_wconf 82' lang='lat' dir='ltr'>ofﬁcium.</span> <span class='ocrx_word' id='word_1_545' title='bbox 1124 3943 1252 4016; x_wconf 92' lang='lat' dir='ltr'>(Id.,</span> <span class='ocrx_word' id='word_1_546' title='bbox 1285 3950 1447 3999; x_wconf 88' lang='lat' dir='ltr'>tract.</span> <span class='ocrx_word' id='word_1_547' title='bbox 1479 3943 1541 3998; x_wconf 90' lang='lat' dir='ltr'>in</span> <span class='ocrx_word' id='word_1_548' title='bbox 1564 3941 1707 4014; x_wconf 88' lang='lat' dir='ltr'>psal.</span> <span class='ocrx_word' id='word_1_549' title='bbox 1742 3957 1928 4010; x_wconf 72' lang='lat' dir='ltr'>cxxvx,</span> <span class='ocrx_word' id='word_1_550' title='bbox 1957 3946 2099 4022; x_wconf 92' lang='lat' dir='ltr'>tom.</span> 
     </span>
    </p>
   </div>
   <div class='ocr_carea' id='block_1_72' title="bbox 449 4031 1184 4111">
    <p class='ocr_par' dir='ltr' id='par_1_72' title="bbox 449 4031 1184 4111">
     <span class='ocr_line' id='line_1_72' title="bbox 449 4031 1184 4111; baseline -0.014 -15"><span class='ocrx_word' id='word_1_551' title='bbox 449 4039 544 4106; x_wconf 89' lang='lat' dir='ltr'>IV,</span> <span class='ocrx_word' id='word_1_552' title='bbox 576 4040 729 4111; x_wconf 89' lang='lat' dir='ltr'>part.</span> <span class='ocrx_word' id='word_1_553' title='bbox 762 4052 824 4103; x_wconf 92' lang='grc' dir='ltr'>ιι,</span> <span class='ocrx_word' id='word_1_554' title='bbox 858 4033 972 4090; x_wconf 78' lang='lat' dir='ltr'>col&#39;</span> <span class='ocrx_word' id='word_1_555' title='bbox 1001 4031 1184 4104; x_wconf 89' lang='lat'>1675.)</span> 
     </span>
    </p>
   </div>
   <div class='ocr_carea' id='block_1_73' title="bbox 517 4117 2100 4188">
    <p class='ocr_par' dir='ltr' id='par_1_73' title="bbox 517 4117 2100 4188">
     <span class='ocr_line' id='line_1_73' title="bbox 517 4117 2100 4188; baseline -0.006 -5"><span class='ocrx_word' id='word_1_556' title='bbox 517 4125 816 4183; x_wconf 89' lang='lat' dir='ltr'>Christum</span> <span class='ocrx_word' id='word_1_557' title='bbox 846 4121 1162 4178; x_wconf 91' lang='lat' dir='ltr'>Dominum</span> <span class='ocrx_word' id='word_1_558' title='bbox 1194 4123 1252 4176; x_wconf 88' lang='lat' dir='ltr'>et</span> <span class='ocrx_word' id='word_1_559' title='bbox 1281 4117 1527 4174; x_wconf 89' lang='lat' dir='ltr'>Paulum</span> <span class='ocrx_word' id='word_1_560' title='bbox 1557 4133 1792 4173; x_wconf 90' lang='lat' dir='ltr'>servum</span> <span class='ocrx_word' id='word_1_561' title='bbox 1833 4118 1962 4188; x_wconf 88' lang='lat' dir='ltr'>ejus</span> <span class='ocrx_word' id='word_1_562' title='bbox 1992 4135 2100 4174; x_wconf 90' lang='lat' dir='ltr'>au-</span> 
     </span>
    </p>
   </div>
   <div class='ocr_carea' id='block_1_74' title="bbox 446 4198 2096 4285">
    <p class='ocr_par' dir='ltr' id='par_1_74' title="bbox 446 4198 2096 4285">
     <span class='ocr_line' id='line_1_74' title="bbox 446 4198 2096 4285; baseline -0.006 -12"><span class='ocrx_word' id='word_1_563' title='bbox 446 4217 700 4283; x_wconf 88' lang='lat' dir='ltr'>diamus,</span> <span class='ocrx_word' id='word_1_564' title='bbox 734 4216 867 4283; x_wconf 86' lang='lat' dir='ltr'>etc.,</span> <span class='ocrx_word' id='word_1_565' title='bbox 890 4198 1062 4285; x_wconf 82' lang='lat' dir='ltr'>usque</span> <span class='ocrx_word' id='word_1_566' title='bbox 1091 4209 1163 4267; x_wconf 86' lang='lat' dir='ltr'>ad</span> <span class='ocrx_word' id='word_1_567' title='bbox 1182 4207 1397 4265; x_wconf 87' lang='lat' dir='ltr'>vulnus</span> <span class='ocrx_word' id='word_1_568' title='bbox 1418 4224 1547 4264; x_wconf 89' lang='lat' dir='ltr'>esse</span> <span class='ocrx_word' id='word_1_569' title='bbox 1567 4206 2096 4279; x_wconf 89' lang='lat' dir='ltr'>mortiferum.(ld.,</span> 
     </span>
    </p>
   </div>
   <div class='ocr_carea' id='block_1_75' title="bbox 445 4290 2100 4369">
    <p class='ocr_par' dir='ltr' id='par_1_75' title="bbox 445 4290 2100 4369">
     <span class='ocr_line' id='line_1_75' title="bbox 445 4290 2100 4369; baseline -0.007 -5"><span class='ocrx_word' id='word_1_570' title='bbox 445 4324 606 4364; x_wconf 88' lang='lat' dir='ltr'>serm.</span> <span class='ocrx_word' id='word_1_571' title='bbox 638 4305 709 4361; x_wconf 88' lang='lat'>83</span> <span class='ocrx_word' id='word_1_572' title='bbox 736 4302 802 4360; x_wconf 86' lang='lat' dir='ltr'>de</span> <span class='ocrx_word' id='word_1_573' title='bbox 836 4318 973 4358; x_wconf 83' lang='lat' dir='ltr'>vers.</span> <span class='ocrx_word' id='word_1_574' title='bbox 1024 4290 1267 4369; x_wconf 81' lang='lat' dir='ltr'>Evang.,</span> <span class='ocrx_word' id='word_1_575' title='bbox 1316 4301 1458 4353; x_wconf 92' lang='lat' dir='ltr'>tom.</span> <span class='ocrx_word' id='word_1_576' title='bbox 1489 4295 1557 4352; x_wconf 90' lang='lat' dir='ltr'>V.</span> <span class='ocrx_word' id='word_1_577' title='bbox 1593 4299 1744 4368; x_wconf 90' lang='lat' dir='ltr'>part.</span> <span class='ocrx_word' id='word_1_578' title='bbox 1777 4313 1819 4364; x_wconf 89' lang='lat'>1,</span> <span class='ocrx_word' id='word_1_579' title='bbox 1851 4295 1961 4352; x_wconf 87' lang='lat' dir='ltr'>col.</span> <span class='ocrx_word' id='word_1_580' title='bbox 1992 4298 2100 4352; x_wconf 89' lang='lat'>510</span> 
     </span>
    </p>
   </div>
   <div class='ocr_carea' id='block_1_76' title="bbox 446 4394 685 4461">
    <p class='ocr_par' dir='ltr' id='par_1_76' title="bbox 446 4394 685 4461">
     <span class='ocr_line' id='line_1_76' title="bbox 446 4394 685 4461; baseline -0.013 -9"><span class='ocrx_word' id='word_1_581' title='bbox 446 4400 506 4452; x_wconf 90' lang='lat' dir='ltr'>et</span> <span class='ocrx_word' id='word_1_582' title='bbox 536 4394 685 4461; x_wconf 88' lang='lat' dir='ltr'>seq.)</span> 
     </span>
    </p>
   </div>
   <div class='ocr_carea' id='block_1_77' title="bbox 517 4412 2098 4549">
    <p class='ocr_par' dir='ltr' id='par_1_77' title="bbox 517 4412 2098 4549">
     <span class='ocr_line' id='line_1_77' title="bbox 517 4412 2098 4549; baseline -0.004 -10"><span class='ocrx_word' id='word_1_583' title='bbox 517 4412 709 4539; x_wconf 49' lang='lat' dir='ltr'>B32233</span> <span class='ocrx_word' id='word_1_584' title='bbox 737 4483 863 4548; x_wconf 88' lang='lat' dir='ltr'>cito,</span> <span class='ocrx_word' id='word_1_585' title='bbox 895 4484 1029 4545; x_wconf 89' lang='lat' dir='ltr'>etc.,</span> <span class='ocrx_word' id='word_1_586' title='bbox 1062 4494 1251 4549; x_wconf 91' lang='lat' dir='ltr'>usque</span> <span class='ocrx_word' id='word_1_587' title='bbox 1279 4476 1350 4533; x_wconf 87' lang='lat' dir='ltr'>ad</span> <span class='ocrx_word' id='word_1_588' title='bbox 1382 4484 1502 4533; x_wconf 88' lang='lat' dir='ltr'>tuas</span> <span class='ocrx_word' id='word_1_589' title='bbox 1531 4476 1897 4547; x_wconf 81' lang='lat' dir='ltr'>inﬁrmitates.</span> <span class='ocrx_word' id='word_1_590' title='bbox 1933 4476 2098 4532; x_wconf 79' lang='lat' dir='ltr'>Sicut</span> 
     </span>
    </p>
   </div>
   <div class='ocr_carea' id='block_1_78' title="bbox 448 4564 2098 4638">
    <p class='ocr_par' dir='ltr' id='par_1_78' title="bbox 448 4564 2098 4638">
     <span class='ocr_line' id='line_1_78' title="bbox 448 4564 2098 4638; baseline -0.005 -9"><span class='ocrx_word' id='word_1_591' title='bbox 448 4587 512 4629; x_wconf 86' lang='lat' dir='ltr'>se</span> <span class='ocrx_word' id='word_1_592' title='bbox 541 4571 721 4627; x_wconf 87' lang='lat' dir='ltr'>habet</span> <span class='ocrx_word' id='word_1_593' title='bbox 742 4567 1086 4624; x_wconf 86' lang='lat' dir='ltr'>ﬁrmissima</span> <span class='ocrx_word' id='word_1_594' title='bbox 1112 4564 1345 4633; x_wconf 87' lang='lat' dir='ltr'>veritas,</span> <span class='ocrx_word' id='word_1_595' title='bbox 1378 4569 1511 4633; x_wconf 92' lang='lat' dir='ltr'>etc.,</span> <span class='ocrx_word' id='word_1_596' title='bbox 1538 4580 1709 4637; x_wconf 87' lang='lat' dir='ltr'>usque</span> <span class='ocrx_word' id='word_1_597' title='bbox 1728 4564 1799 4621; x_wconf 86' lang='lat' dir='ltr'>ad</span> <span class='ocrx_word' id='word_1_598' title='bbox 1817 4564 2098 4638; x_wconf 88' lang='lat' dir='ltr'>impedia-</span> 
     </span>
    </p>
   </div>
   <div class='ocr_carea' id='block_1_79' title="bbox 447 4652 1695 4731">
    <p class='ocr_par' dir='ltr' id='par_1_79' title="bbox 447 4652 1695 4731">
     <span class='ocr_line' id='line_1_79' title="bbox 447 4652 1695 4731; baseline -0.006 -14"><span class='ocrx_word' id='word_1_599' title='bbox 447 4660 550 4717; x_wconf 90' lang='lat' dir='ltr'>ris.</span> <span class='ocrx_word' id='word_1_600' title='bbox 582 4660 716 4731; x_wconf 91' lang='lat' dir='ltr'>(Id.,</span> <span class='ocrx_word' id='word_1_601' title='bbox 748 4658 821 4715; x_wconf 87' lang='lat' dir='ltr'>de</span> <span class='ocrx_word' id='word_1_602' title='bbox 853 4657 1077 4724; x_wconf 84' lang='lat' dir='ltr'>Viduit.,</span> <span class='ocrx_word' id='word_1_603' title='bbox 1109 4660 1252 4712; x_wconf 90' lang='lat' dir='ltr'>tom.</span> <span class='ocrx_word' id='word_1_604' title='bbox 1283 4654 1381 4720; x_wconf 92' lang='lat' dir='ltr'>VI,</span> <span class='ocrx_word' id='word_1_605' title='bbox 1408 4652 1517 4711; x_wconf 90' lang='lat' dir='ltr'>col.</span> <span class='ocrx_word' id='word_1_606' title='bbox 1542 4656 1695 4724; x_wconf 79' lang='lat'>444.)</span> 
     </span>
    </p>
   </div>
   <div class='ocr_carea' id='block_1_80' title="bbox 518 4744 2091 4822">
    <p class='ocr_par' dir='ltr' id='par_1_80' title="bbox 518 4744 2091 4822">
     <span class='ocr_line' id='line_1_80' title="bbox 518 4744 2091 4822; baseline -0.004 -17"><span class='ocrx_word' id='word_1_607' title='bbox 518 4746 897 4822; x_wconf 83' lang='lat' dir='ltr'>Quorumdam</span> <span class='ocrx_word' id='word_1_608' title='bbox 924 4746 1209 4802; x_wconf 84' lang='lat' dir='ltr'>hominum</span> <span class='ocrx_word' id='word_1_609' title='bbox 1233 4752 1472 4817; x_wconf 85' lang='lat' dir='ltr'>peccata,</span> <span class='ocrx_word' id='word_1_610' title='bbox 1505 4747 1637 4813; x_wconf 90' lang='lat' dir='ltr'>etc.,</span> <span class='ocrx_word' id='word_1_611' title='bbox 1656 4759 1845 4815; x_wconf 90' lang='lat' dir='ltr'>usque</span> <span class='ocrx_word' id='word_1_612' title='bbox 1876 4744 1948 4799; x_wconf 85' lang='lat' dir='ltr'>ad</span> <span class='ocrx_word' id='word_1_613' title='bbox 1969 4745 2091 4800; x_wconf 89' lang='lat' dir='ltr'>abs-</span> 
     </span>
    </p>
   </div>
   <div class='ocr_carea' id='block_1_81' title="bbox 443 4832 2092 4908">
    <p class='ocr_par' dir='ltr' id='par_1_81' title="bbox 443 4832 2092 4908">
     <span class='ocr_line' id='line_1_81' title="bbox 443 4832 2092 4908; baseline -0.004 -14"><span class='ocrx_word' id='word_1_614' title='bbox 443 4838 605 4896; x_wconf 85' lang='lat' dir='ltr'>condi</span> <span class='ocrx_word' id='word_1_615' title='bbox 651 4853 766 4894; x_wconf 89' lang='lat' dir='ltr'>non</span> <span class='ocrx_word' id='word_1_616' title='bbox 804 4843 1052 4908; x_wconf 87' lang='lat' dir='ltr'>possunt.</span> <span class='ocrx_word' id='word_1_617' title='bbox 1085 4833 1394 4891; x_wconf 86' lang='lat' dir='ltr'>Manifesta</span> <span class='ocrx_word' id='word_1_618' title='bbox 1444 4848 1512 4888; x_wconf 88' lang='lat' dir='ltr'>ea</span> <span class='ocrx_word' id='word_1_619' title='bbox 1563 4832 1723 4901; x_wconf 87' lang='lat' dir='ltr'>dicit,</span> <span class='ocrx_word' id='word_1_620' title='bbox 1755 4833 1828 4888; x_wconf 89' lang='lat' dir='ltr'>de</span> <span class='ocrx_word' id='word_1_621' title='bbox 1875 4833 2092 4904; x_wconf 89' lang='lat' dir='ltr'>quibus</span> 
     </span>
    </p>
   </div>
   <div class='ocr_carea' id='block_1_82' title="bbox 443 4920 2090 4998">
    <p class='ocr_par' dir='ltr' id='par_1_82' title="bbox 443 4920 2090 4998">
     <span class='ocr_line' id='line_1_82' title="bbox 443 4920 2090 4998; baseline -0.004 -15"><span class='ocrx_word' id='word_1_622' title='bbox 443 4927 669 4984; x_wconf 89' lang='lat' dir='ltr'>clarum</span> <span class='ocrx_word' id='word_1_623' title='bbox 701 4930 792 4982; x_wconf 88' lang='lat' dir='ltr'>est</span> <span class='ocrx_word' id='word_1_624' title='bbox 829 4925 982 4998; x_wconf 90' lang='lat' dir='ltr'>quod</span> <span class='ocrx_word' id='word_1_625' title='bbox 1033 4922 1230 4980; x_wconf 89' lang='lat' dir='ltr'>animo</span> <span class='ocrx_word' id='word_1_626' title='bbox 1278 4923 1443 4990; x_wconf 81' lang='lat' dir='ltr'>fiant,</span> <span class='ocrx_word' id='word_1_627' title='bbox 1477 4925 1610 4987; x_wconf 89' lang='lat' dir='ltr'>etc.,</span> <span class='ocrx_word' id='word_1_628' title='bbox 1643 4937 1814 4992; x_wconf 88' lang='lat' dir='ltr'>usque</span> <span class='ocrx_word' id='word_1_629' title='bbox 1859 4920 1930 4976; x_wconf 90' lang='lat' dir='ltr'>ad</span> <span class='ocrx_word' id='word_1_630' title='bbox 1973 4938 2090 4993; x_wconf 92' lang='lat' dir='ltr'>quo</span> 
     </span>
    </p>
   </div>
   <div class='ocr_carea' id='block_1_83' title="bbox 445 5010 2086 5083">
    <p class='ocr_par' dir='ltr' id='par_1_83' title="bbox 445 5010 2086 5083">
     <span class='ocr_line' id='line_1_83' title="bbox 445 5010 2086 5083; baseline -0.004 -11"><span class='ocrx_word' id='word_1_631' title='bbox 445 5016 913 5073; x_wconf 85' lang='lat' dir='ltr'>manifestentur.</span> <span class='ocrx_word' id='word_1_632' title='bbox 941 5014 1246 5083; x_wconf 84' lang='lat' dir='ltr'>(Id.,lib.11</span> <span class='ocrx_word' id='word_1_633' title='bbox 1267 5012 1332 5068; x_wconf 87' lang='lat' dir='ltr'>de</span> <span class='ocrx_word' id='word_1_634' title='bbox 1360 5027 1523 5068; x_wconf 88' lang='lat' dir='ltr'>serm.</span> <span class='ocrx_word' id='word_1_635' title='bbox 1557 5010 1776 5067; x_wconf 87' lang='lat' dir='ltr'>Domini</span> <span class='ocrx_word' id='word_1_636' title='bbox 1800 5011 1861 5065; x_wconf 88' lang='lat' dir='ltr'>in</span> <span class='ocrx_word' id='word_1_637' title='bbox 1890 5017 2086 5077; x_wconf 86' lang='lat' dir='ltr'>monte,</span> 
     </span>
    </p>
   </div>
   <div class='ocr_carea' id='block_1_84' title="bbox 440 5102 1289 5178">
    <p class='ocr_par' dir='ltr' id='par_1_84' title="bbox 440 5102 1289 5178">
     <span class='ocr_line' id='line_1_84' title="bbox 440 5102 1289 5178; baseline -0.009 -15"><span class='ocrx_word' id='word_1_638' title='bbox 440 5109 583 5164; x_wconf 86' lang='lat' dir='ltr'>tom.</span> <span class='ocrx_word' id='word_1_639' title='bbox 613 5106 678 5177; x_wconf 90' lang='lat' dir='ltr'>X,</span> <span class='ocrx_word' id='word_1_640' title='bbox 712 5108 860 5178; x_wconf 88' lang='lat' dir='ltr'>part.</span> <span class='ocrx_word' id='word_1_641' title='bbox 889 5121 930 5174; x_wconf 90' lang='grc' dir='ltr'>ι,</span> <span class='ocrx_word' id='word_1_642' title='bbox 961 5103 1071 5160; x_wconf 88' lang='lat' dir='ltr'>col.</span> <span class='ocrx_word' id='word_1_643' title='bbox 1106 5102 1289 5175; x_wconf 79' lang='lat'>1297.)</span> 
     </span>
    </p>
   </div>
   <div class='ocr_carea' id='block_1_85' title="bbox 1078 5287 1444 5346">
    <p class='ocr_par' dir='ltr' id='par_1_85' title="bbox 1078 5287 1444 5346">
     <span class='ocr_line' id='line_1_85' title="bbox 1078 5287 1444 5346; baseline -0.011 0"><span class='ocrx_word' id='word_1_644' title='bbox 1078 5288 1311 5346; x_wconf 87' lang='lat' dir='ltr'>CAPUT</span> <span class='ocrx_word' id='word_1_645' title='bbox 1348 5287 1444 5343; x_wconf 88' lang='lat' dir='ltr'>VI.</span> 
     </span>
    </p>
   </div>
   <div class='ocr_carea' id='block_1_86' title="bbox 507 5460 2087 5540">
    <p class='ocr_par' dir='ltr' id='par_1_86' title="bbox 507 5460 2087 5540">
     <span class='ocr_line' id='line_1_86' title="bbox 507 5460 2087 5540; baseline -0.005 -18"><span class='ocrx_word' id='word_1_646' title='bbox 507 5468 838 5540; x_wconf 80' lang='lat' dir='ltr'>Quicunque</span> <span class='ocrx_word' id='word_1_647' title='bbox 865 5470 994 5520; x_wconf 87' lang='lat' dir='ltr'>sunt</span> <span class='ocrx_word' id='word_1_648' title='bbox 1019 5463 1121 5518; x_wconf 87' lang='lat' dir='ltr'>sub</span> <span class='ocrx_word' id='word_1_649' title='bbox 1143 5462 1301 5535; x_wconf 85' lang='lat' dir='ltr'>jugo,</span> <span class='ocrx_word' id='word_1_650' title='bbox 1333 5464 1466 5529; x_wconf 88' lang='lat' dir='ltr'>etc.,</span> <span class='ocrx_word' id='word_1_651' title='bbox 1500 5475 1689 5532; x_wconf 90' lang='lat' dir='ltr'>usque</span> <span class='ocrx_word' id='word_1_652' title='bbox 1720 5460 1793 5514; x_wconf 88' lang='lat' dir='ltr'>ad</span> <span class='ocrx_word' id='word_1_653' title='bbox 1822 5466 2087 5531; x_wconf 58' lang='lat' dir='ltr'>quaestum</span> 
     </span>
    </p>
   </div>
   <div class='ocr_carea' id='block_1_87' title="bbox 432 5547 2082 5626">
    <p class='ocr_par' dir='ltr' id='par_1_87' title="bbox 432 5547 2082 5626">
     <span class='ocr_line' id='line_1_87' title="bbox 432 5547 2082 5626; baseline -0.007 -13"><span class='ocrx_word' id='word_1_654' title='bbox 432 5572 548 5613; x_wconf 85' lang='lat' dir='ltr'>esse</span> <span class='ocrx_word' id='word_1_655' title='bbox 574 5557 848 5626; x_wconf 87' lang='lat' dir='ltr'>pietatem.</span> <span class='ocrx_word' id='word_1_656' title='bbox 883 5554 1017 5619; x_wconf 59' lang='lat' dir='ltr'>Quae</span> <span class='ocrx_word' id='word_1_657' title='bbox 1050 5551 1121 5608; x_wconf 89' lang='lat' dir='ltr'>de</span> <span class='ocrx_word' id='word_1_658' title='bbox 1149 5567 1313 5607; x_wconf 85' lang='lat' dir='ltr'>servo</span> <span class='ocrx_word' id='word_1_659' title='bbox 1359 5550 1596 5606; x_wconf 65' lang='lat' dir='ltr'>Hebraeo</span> <span class='ocrx_word' id='word_1_660' title='bbox 1644 5547 2082 5621; x_wconf 63' lang='lat' dir='ltr'>praecipiuntur,</span> 
     </span>
    </p>
   </div>
   <div class='ocr_carea' id='block_1_88' title="bbox 434 5638 2081 5715">
    <p class='ocr_par' dir='ltr' id='par_1_88' title="bbox 434 5638 2081 5715">
     <span class='ocr_line' id='line_1_88' title="bbox 434 5638 2081 5715; baseline -0.004 -15"><span class='ocrx_word' id='word_1_661' title='bbox 434 5650 569 5712; x_wconf 88' lang='lat' dir='ltr'>etc.,</span> <span class='ocrx_word' id='word_1_662' title='bbox 603 5660 773 5715; x_wconf 88' lang='lat' dir='ltr'>usque</span> <span class='ocrx_word' id='word_1_663' title='bbox 799 5643 871 5699; x_wconf 88' lang='lat' dir='ltr'>ad</span> <span class='ocrx_word' id='word_1_664' title='bbox 902 5645 1248 5699; x_wconf 88' lang='lat' dir='ltr'>recusasset.</span> <span class='ocrx_word' id='word_1_665' title='bbox 1285 5639 1416 5711; x_wconf 83' lang='lat' dir='ltr'>(Id.,</span> <span class='ocrx_word' id='word_1_666' title='bbox 1450 5639 1545 5695; x_wconf 87' lang='lat' dir='ltr'>lib.</span> <span class='ocrx_word' id='word_1_667' title='bbox 1580 5640 1867 5711; x_wconf 64' lang='lat' dir='ltr'>QuaesLin</span> <span class='ocrx_word' id='word_1_668' title='bbox 1898 5638 2081 5693; x_wconf 71' lang='lat' dir='ltr'>Exod.</span> 
     </span>
    </p>
   </div>
   <div class='ocr_carea' id='block_1_89' title="bbox 434 5726 1550 5804">
    <p class='ocr_par' dir='ltr' id='par_1_89' title="bbox 434 5726 1550 5804">
     <span class='ocr_line' id='line_1_89' title="bbox 434 5726 1550 5804; baseline -0.006 -16"><span class='ocrx_word' id='word_1_669' title='bbox 434 5736 850 5802; x_wconf 68' lang='lat' dir='ltr'>cnxxvn,&#39;tom.</span> <span class='ocrx_word' id='word_1_670' title='bbox 887 5730 983 5804; x_wconf 89' lang='lat' dir='ltr'>III,</span> <span class='ocrx_word' id='word_1_671' title='bbox 1008 5734 1157 5804; x_wconf 90' lang='lat' dir='ltr'>part.</span> <span class='ocrx_word' id='word_1_672' title='bbox 1193 5746 1230 5796; x_wconf 89' lang='grc' dir='ltr'>ι,</span> <span class='ocrx_word' id='word_1_673' title='bbox 1265 5726 1373 5784; x_wconf 91' lang='lat' dir='ltr'>col.</span> <span class='ocrx_word' id='word_1_674' title='bbox 1399 5728 1550 5799; x_wconf 85' lang='lat'>724.)</span> 
     </span>
    </p>
   </div>
   <div class='ocr_carea' id='block_1_90' title="bbox 2220 3406 3902 3476">
    <p class='ocr_par' dir='ltr' id='par_1_90' title="bbox 2220 3406 3902 3476">
     <span class='ocr_line' id='line_1_90' title="bbox 2220 3406 3902 3476; baseline 0 -14"><span class='ocrx_word' id='word_1_675' title='bbox 2220 3406 2439 3463; x_wconf 90' lang='lat' dir='ltr'>bilitas.</span> <span class='ocrx_word' id='word_1_676' title='bbox 2471 3406 2607 3475; x_wconf 93' lang='lat' dir='ltr'>(Id.,</span> <span class='ocrx_word' id='word_1_677' title='bbox 2640 3414 2799 3462; x_wconf 84' lang='lat' dir='ltr'>tract.</span> <span class='ocrx_word' id='word_1_678' title='bbox 2832 3407 2903 3461; x_wconf 89' lang='lat'>23</span> <span class='ocrx_word' id='word_1_679' title='bbox 2935 3407 2994 3462; x_wconf 88' lang='lat' dir='ltr'>in</span> <span class='ocrx_word' id='word_1_680' title='bbox 3019 3407 3229 3476; x_wconf 87' lang='lat' dir='ltr'>Evang.</span> <span class='ocrx_word' id='word_1_681' title='bbox 3262 3422 3367 3461; x_wconf 84' lang='lat' dir='ltr'>sec.</span> <span class='ocrx_word' id='word_1_682' title='bbox 3397 3408 3584 3475; x_wconf 81' lang='lat' dir='ltr'>Joan.,</span> <span class='ocrx_word' id='word_1_683' title='bbox 3615 3409 3902 3476; x_wconf 77' lang='lat' dir='ltr'>tom.|ll,~</span> 
     </span>
    </p>
   </div>
   <div class='ocr_carea' id='block_1_91' title="bbox 2217 3495 2730 3569">
    <p class='ocr_par' dir='ltr' id='par_1_91' title="bbox 2217 3495 2730 3569">
     <span class='ocr_line' id='line_1_91' title="bbox 2217 3495 2730 3569; baseline -0.004 -17"><span class='ocrx_word' id='word_1_684' title='bbox 2217 3513 2275 3569; x_wconf 92' lang='lat' dir='ltr'>p.</span> <span class='ocrx_word' id='word_1_685' title='bbox 2311 3514 2370 3562; x_wconf 90' lang='grc' dir='ltr'>ιι,</span> <span class='ocrx_word' id='word_1_686' title='bbox 2403 3495 2512 3551; x_wconf 91' lang='lat' dir='ltr'>col.</span> <span class='ocrx_word' id='word_1_687' title='bbox 2546 3495 2730 3567; x_wconf 91' lang='lat'>1588.)</span> 
     </span>
    </p>
   </div>
   <div class='ocr_carea' id='block_1_92' title="bbox 2288 3582 3873 3656">
    <p class='ocr_par' dir='ltr' id='par_1_92' title="bbox 2288 3582 3873 3656">
     <span class='ocr_line' id='line_1_92' title="bbox 2288 3582 3873 3656; baseline 0.001 -16"><span class='ocrx_word' id='word_1_688' title='bbox 2288 3585 2453 3651; x_wconf 90' lang='lat' dir='ltr'>Quod</span> <span class='ocrx_word' id='word_1_689' title='bbox 2484 3583 2567 3639; x_wconf 87' lang='lat' dir='ltr'>ait</span> <span class='ocrx_word' id='word_1_690' title='bbox 2593 3582 2907 3656; x_wconf 88' lang='lat' dir='ltr'>Apostolus</span> <span class='ocrx_word' id='word_1_691' title='bbox 2942 3599 2955 3638; x_wconf 88' lang='lat'><strong>:</strong></span> <span class='ocrx_word' id='word_1_692' title='bbox 2988 3582 3097 3647; x_wconf 92' lang='lat' dir='ltr'>Qui</span> <span class='ocrx_word' id='word_1_693' title='bbox 3128 3583 3290 3640; x_wconf 88' lang='lat' dir='ltr'>solus</span> <span class='ocrx_word' id='word_1_694' title='bbox 3319 3582 3497 3639; x_wconf 88' lang='lat' dir='ltr'>habet</span> <span class='ocrx_word' id='word_1_695' title='bbox 3521 3582 3873 3641; x_wconf 86' lang='lat' dir='ltr'>immortali-</span> 
     </span>
    </p>
   </div>
   <div class='ocr_carea' id='block_1_93' title="bbox 2216 3656 3873 3745">
    <p class='ocr_par' dir='ltr' id='par_1_93' title="bbox 2216 3656 3873 3745">
     <span class='ocr_line' id='line_1_93' title="bbox 2216 3656 3873 3745; baseline 0.002 -16"><span class='ocrx_word' id='word_1_696' title='bbox 2216 3678 2415 3741; x_wconf 89' lang='lat' dir='ltr'>tatem,</span> <span class='ocrx_word' id='word_1_697' title='bbox 2449 3677 2759 3744; x_wconf 84' lang='lat' dir='ltr'>etc.,usque</span> <span class='ocrx_word' id='word_1_698' title='bbox 2784 3671 2857 3728; x_wconf 84' lang='lat' dir='ltr'>ad</span> <span class='ocrx_word' id='word_1_699' title='bbox 2886 3672 3042 3728; x_wconf 90' lang='lat' dir='ltr'>idem</span> <span class='ocrx_word' id='word_1_700' title='bbox 3061 3656 3199 3744; x_wconf 40' lang='lat' dir='ltr'>&#39;ipsc</span> <span class='ocrx_word' id='word_1_701' title='bbox 3226 3676 3335 3729; x_wconf 89' lang='lat' dir='ltr'>est.</span> <span class='ocrx_word' id='word_1_702' title='bbox 3370 3672 3502 3745; x_wconf 91' lang='lat' dir='ltr'>(Id.,</span> <span class='ocrx_word' id='word_1_703' title='bbox 3537 3673 3635 3729; x_wconf 90' lang='lat' dir='ltr'>lib.</span> <span class='ocrx_word' id='word_1_704' title='bbox 3658 3673 3724 3730; x_wconf 86' lang='lat' dir='ltr'>de</span> <span class='ocrx_word' id='word_1_705' title='bbox 3746 3677 3873 3733; x_wconf 88' lang='lat' dir='ltr'>Tri-</span> 
     </span>
    </p>
   </div>
   <div class='ocr_carea' id='block_1_94' title="bbox 2216 3760 3206 3834">
    <p class='ocr_par' dir='ltr' id='par_1_94' title="bbox 2216 3760 3206 3834">
     <span class='ocr_line' id='line_1_94' title="bbox 2216 3760 3206 3834; baseline -0.002 -16"><span class='ocrx_word' id='word_1_706' title='bbox 2216 3764 2318 3819; x_wconf 86' lang='lat' dir='ltr'>nit.</span> <span class='ocrx_word' id='word_1_707' title='bbox 2347 3767 2490 3818; x_wconf 89' lang='lat' dir='ltr'>tom.</span> <span class='ocrx_word' id='word_1_708' title='bbox 2527 3761 2670 3828; x_wconf 91' lang='lat' dir='ltr'>VIlI,</span> <span class='ocrx_word' id='word_1_709' title='bbox 2693 3760 2805 3818; x_wconf 89' lang='lat' dir='ltr'>col.</span> <span class='ocrx_word' id='word_1_710' title='bbox 2835 3762 2942 3817; x_wconf 92' lang='lat'>854</span> <span class='ocrx_word' id='word_1_711' title='bbox 2970 3765 3029 3817; x_wconf 91' lang='lat' dir='ltr'>et</span> <span class='ocrx_word' id='word_1_712' title='bbox 3057 3760 3206 3834; x_wconf 90' lang='lat' dir='ltr'>seq.)</span> 
     </span>
    </p>
   </div>
   <div class='ocr_carea' id='block_1_95' title="bbox 2284 3849 3869 3924">
    <p class='ocr_par' dir='ltr' id='par_1_95' title="bbox 2284 3849 3869 3924">
     <span class='ocr_line' id='line_1_95' title="bbox 2284 3849 3869 3924; baseline 0.003 -18"><span class='ocrx_word' id='word_1_713' title='bbox 2284 3852 2435 3908; x_wconf 88' lang='lat' dir='ltr'>Vera</span> <span class='ocrx_word' id='word_1_714' title='bbox 2462 3850 2758 3907; x_wconf 81' lang='lat' dir='ltr'>aeternitas</span> <span class='ocrx_word' id='word_1_715' title='bbox 2789 3854 2847 3907; x_wconf 91' lang='lat' dir='ltr'>et</span> <span class='ocrx_word' id='word_1_716' title='bbox 2875 3867 3010 3906; x_wconf 89' lang='lat' dir='ltr'>vera</span> <span class='ocrx_word' id='word_1_717' title='bbox 3039 3849 3456 3908; x_wconf 83' lang='lat' dir='ltr'>immortalitas</span> <span class='ocrx_word' id='word_1_718' title='bbox 3477 3869 3593 3920; x_wconf 77' lang='lat' dir='ltr'>non</span> <span class='ocrx_word' id='word_1_719' title='bbox 3617 3857 3869 3924; x_wconf 85' lang='lat' dir='ltr'>est,etc.,</span> 
     </span>
    </p>
   </div>
   <div class='ocr_carea' id='block_1_96' title="bbox 2211 3939 3867 4016">
    <p class='ocr_par' dir='ltr' id='par_1_96' title="bbox 2211 3939 3867 4016">
     <span class='ocr_line' id='line_1_96' title="bbox 2211 3939 3867 4016; baseline 0.001 -18"><span class='ocrx_word' id='word_1_720' title='bbox 2211 3958 2380 4014; x_wconf 89' lang='lat' dir='ltr'>usque</span> <span class='ocrx_word' id='word_1_721' title='bbox 2426 3941 2497 3997; x_wconf 87' lang='lat' dir='ltr'>ad</span> <span class='ocrx_word' id='word_1_722' title='bbox 2530 3940 2683 3996; x_wconf 88' lang='lat' dir='ltr'>facta</span> <span class='ocrx_word' id='word_1_723' title='bbox 2712 3939 2979 3995; x_wconf 89' lang='lat' dir='ltr'>mutatio.</span> <span class='ocrx_word' id='word_1_724' title='bbox 3014 3940 3147 4012; x_wconf 91' lang='lat' dir='ltr'>(Id.,</span> <span class='ocrx_word' id='word_1_725' title='bbox 3180 3939 3277 3996; x_wconf 90' lang='lat' dir='ltr'>lib.</span> <span class='ocrx_word' id='word_1_726' title='bbox 3310 3940 3551 3998; x_wconf 84' lang='lat' dir='ltr'>Sentent.</span> <span class='ocrx_word' id='word_1_727' title='bbox 3584 3946 3867 4016; x_wconf 85' lang='lat' dir='ltr'>Prosperi,</span> 
     </span>
    </p>
   </div>
   <div class='ocr_carea' id='block_1_97' title="bbox 2211 4028 2998 4102">
    <p class='ocr_par' dir='ltr' id='par_1_97' title="bbox 2211 4028 2998 4102">
     <span class='ocr_line' id='line_1_97' title="bbox 2211 4028 2998 4102; baseline -0.003 -15"><span class='ocrx_word' id='word_1_728' title='bbox 2211 4036 2354 4087; x_wconf 89' lang='lat' dir='ltr'>tom.</span> <span class='ocrx_word' id='word_1_729' title='bbox 2384 4032 2449 4097; x_wconf 89' lang='lat' dir='ltr'>X,</span> <span class='ocrx_word' id='word_1_730' title='bbox 2485 4047 2543 4102; x_wconf 90' lang='lat' dir='ltr'>p,</span> <span class='ocrx_word' id='word_1_731' title='bbox 2577 4047 2635 4097; x_wconf 87' lang='grc' dir='ltr'>ιι,</span> <span class='ocrx_word' id='word_1_732' title='bbox 2668 4029 2776 4084; x_wconf 91' lang='lat' dir='ltr'>col.</span> <span class='ocrx_word' id='word_1_733' title='bbox 2812 4028 2998 4099; x_wconf 89' lang='grc'>1859.)</span> 
     </span>
    </p>
   </div>
   <div class='ocr_carea' id='block_1_98' title="bbox 2280 4119 3889 4191">
    <p class='ocr_par' dir='ltr' id='par_1_98' title="bbox 2280 4119 3889 4191">
     <span class='ocr_line' id='line_1_98' title="bbox 2280 4119 3889 4191; baseline 0.002 -15"><span class='ocrx_word' id='word_1_734' title='bbox 2280 4122 2347 4177; x_wconf 86' lang='lat' dir='ltr'>Et</span> <span class='ocrx_word' id='word_1_735' title='bbox 2376 4122 2547 4176; x_wconf 88' lang='lat' dir='ltr'>lucem</span> <span class='ocrx_word' id='word_1_736' title='bbox 2580 4119 2903 4185; x_wconf 85' lang='lat' dir='ltr'>inhabitat.,</span> <span class='ocrx_word' id='word_1_737' title='bbox 2935 4127 3068 4188; x_wconf 86' lang='lat' dir='ltr'>etc.,</span> <span class='ocrx_word' id='word_1_738' title='bbox 3103 4135 3292 4191; x_wconf 91' lang='lat' dir='ltr'>usque</span> <span class='ocrx_word' id='word_1_739' title='bbox 3339 4121 3413 4175; x_wconf 90' lang='lat' dir='ltr'>ad</span> <span class='ocrx_word' id='word_1_740' title='bbox 3453 4124 3645 4177; x_wconf 79' lang='lat' dir='ltr'>Amen.</span> <span class='ocrx_word' id='word_1_741' title='bbox 3676 4120 3889 4180; x_wconf 84' lang='lat' dir='ltr'>Omne</span> 
     </span>
    </p>
   </div>
   <div class='ocr_carea' id='block_1_99' title="bbox 2209 4207 3860 4282">
    <p class='ocr_par' dir='ltr' id='par_1_99' title="bbox 2209 4207 3860 4282">
     <span class='ocr_line' id='line_1_99' title="bbox 2209 4207 3860 4282; baseline 0.002 -17"><span class='ocrx_word' id='word_1_742' title='bbox 2209 4211 2427 4282; x_wconf 90' lang='lat' dir='ltr'>quippe</span> <span class='ocrx_word' id='word_1_743' title='bbox 2458 4209 2612 4282; x_wconf 91' lang='lat' dir='ltr'>quod</span> <span class='ocrx_word' id='word_1_744' title='bbox 2644 4207 2829 4263; x_wconf 89' lang='lat' dir='ltr'>oculis</span> <span class='ocrx_word' id='word_1_745' title='bbox 2870 4207 3129 4279; x_wconf 87' lang='lat' dir='ltr'>corporis</span> <span class='ocrx_word' id='word_1_746' title='bbox 3171 4208 3429 4280; x_wconf 88' lang='lat' dir='ltr'>conspici</span> <span class='ocrx_word' id='word_1_747' title='bbox 3480 4213 3860 4281; x_wconf 73' lang='lat' dir='ltr'>potest,&#39;etc.,</span> 
     </span>
    </p>
   </div>
   <div class='ocr_carea' id='block_1_100' title="bbox 2207 4296 3861 4371">
    <p class='ocr_par' dir='ltr' id='par_1_100' title="bbox 2207 4296 3861 4371">
     <span class='ocr_line' id='line_1_100' title="bbox 2207 4296 3861 4371; baseline 0.001 -16"><span class='ocrx_word' id='word_1_748' title='bbox 2207 4315 2379 4371; x_wconf 88' lang='lat' dir='ltr'>usque</span> <span class='ocrx_word' id='word_1_749' title='bbox 2424 4299 2495 4355; x_wconf 84' lang='lat' dir='ltr'>ad</span> <span class='ocrx_word' id='word_1_750' title='bbox 2524 4296 2698 4354; x_wconf 89' lang='lat' dir='ltr'>sicuti</span> <span class='ocrx_word' id='word_1_751' title='bbox 2729 4301 2837 4353; x_wconf 91' lang='lat' dir='ltr'>est.</span> <span class='ocrx_word' id='word_1_752' title='bbox 2869 4297 3004 4367; x_wconf 88' lang='lat' dir='ltr'>(Id.,</span> <span class='ocrx_word' id='word_1_753' title='bbox 3051 4298 3208 4369; x_wconf 85' lang='lat' dir='ltr'>epist.</span> <span class='ocrx_word' id='word_1_754' title='bbox 3257 4298 3329 4354; x_wconf 87' lang='lat' dir='ltr'>ad</span> <span class='ocrx_word' id='word_1_755' title='bbox 3374 4299 3582 4368; x_wconf 89' lang='lat' dir='ltr'>Italic.,</span> <span class='ocrx_word' id='word_1_756' title='bbox 3615 4303 3756 4356; x_wconf 86' lang='lat' dir='ltr'>tom.</span> <span class='ocrx_word' id='word_1_757' title='bbox 3787 4301 3861 4371; x_wconf 90' lang='lat' dir='ltr'>II,</span> 
     </span>
    </p>
   </div>
   <div class='ocr_carea' id='block_1_101' title="bbox 2207 4387 2502 4459">
    <p class='ocr_par' dir='ltr' id='par_1_101' title="bbox 2207 4387 2502 4459">
     <span class='ocr_line' id='line_1_101' title="bbox 2207 4387 2502 4459; baseline -0.01 -15"><span class='ocrx_word' id='word_1_758' title='bbox 2207 4387 2316 4444; x_wconf 90' lang='lat' dir='ltr'>col.</span> <span class='ocrx_word' id='word_1_759' title='bbox 2350 4388 2502 4459; x_wconf 84' lang='lat'>319.)</span> 
     </span>
    </p>
   </div>
   <div class='ocr_carea' id='block_1_102' title="bbox 2276 4474 3858 4547">
    <p class='ocr_par' dir='ltr' id='par_1_102' title="bbox 2276 4474 3858 4547">
     <span class='ocr_line' id='line_1_102' title="bbox 2276 4474 3858 4547; baseline 0.003 -15"><span class='ocrx_word' id='word_1_760' title='bbox 2276 4475 2509 4533; x_wconf 89' lang='lat' dir='ltr'>Dictum</span> <span class='ocrx_word' id='word_1_761' title='bbox 2540 4478 2631 4531; x_wconf 90' lang='lat' dir='ltr'>est</span> <span class='ocrx_word' id='word_1_762' title='bbox 2663 4490 2675 4529; x_wconf 94' lang='lat'>:</span> <span class='ocrx_word' id='word_1_763' title='bbox 2710 4475 2864 4531; x_wconf 89' lang='lat' dir='ltr'>Deus</span> <span class='ocrx_word' id='word_1_764' title='bbox 2896 4474 3122 4532; x_wconf 89' lang='lat' dir='ltr'>habitat</span> <span class='ocrx_word' id='word_1_765' title='bbox 3145 4474 3333 4531; x_wconf 89' lang='lat' dir='ltr'>lucem</span> <span class='ocrx_word' id='word_1_766' title='bbox 3367 4475 3858 4547; x_wconf 87' lang='lat' dir='ltr'>inaccessibilem,</span> 
     </span>
    </p>
   </div>
   <div class='ocr_carea' id='block_1_103' title="bbox 2204 4564 3889 4639">
    <p class='ocr_par' dir='ltr' id='par_1_103' title="bbox 2204 4564 3889 4639">
     <span class='ocr_line' id='line_1_103' title="bbox 2204 4564 3889 4639; baseline 0.002 -18"><span class='ocrx_word' id='word_1_767' title='bbox 2204 4570 2336 4633; x_wconf 85' lang='lat' dir='ltr'>etc.,</span> <span class='ocrx_word' id='word_1_768' title='bbox 2369 4581 2539 4638; x_wconf 76' lang='lat' dir='ltr'>usque</span> <span class='ocrx_word' id='word_1_769' title='bbox 2568 4564 2639 4621; x_wconf 89' lang='lat' dir='ltr'>ad</span> <span class='ocrx_word' id='word_1_770' title='bbox 2676 4564 3023 4620; x_wconf 89' lang='lat' dir='ltr'>muneribus</span> <span class='ocrx_word' id='word_1_771' title='bbox 3071 4564 3219 4621; x_wconf 88' lang='lat' dir='ltr'>suis.</span> <span class='ocrx_word' id='word_1_772' title='bbox 3250 4565 3384 4633; x_wconf 89' lang='lat' dir='ltr'>(Id.,</span> <span class='ocrx_word' id='word_1_773' title='bbox 3415 4567 3572 4622; x_wconf 88' lang='lat' dir='ltr'>trael.</span> <span class='ocrx_word' id='word_1_774' title='bbox 3606 4568 3668 4622; x_wconf 91' lang='lat' dir='ltr'>in</span> <span class='ocrx_word' id='word_1_775' title='bbox 3708 4570 3855 4639; x_wconf 86' lang='lat' dir='ltr'>psal.</span> <span class='ocrx_word' id='word_1_776' title='bbox 3884 4586 3889 4609; x_wconf 85' lang='lat'><em>=</em></span> 
     </span>
    </p>
   </div>
   <div class='ocr_carea' id='block_1_104' title="bbox 2125 4653 3921 4735">
    <p class='ocr_par' dir='ltr' id='par_1_104' title="bbox 2125 4653 3921 4735">
     <span class='ocr_line' id='line_1_104' title="bbox 2125 4653 3921 4735; baseline 0.002 -24"><span class='ocrx_word' id='word_1_777' title='bbox 2125 4671 2171 4735; x_wconf 74' lang='grc' dir='ltr'>Ι)</span> <span class='ocrx_word' id='word_1_778' title='bbox 2200 4672 2371 4711; x_wconf 83' lang='lat' dir='ltr'>cxvm</span> <span class='ocrx_word' id='word_1_779' title='bbox 2425 4662 2477 4711; x_wconf 90' lang='lat' dir='ltr'>et</span> <span class='ocrx_word' id='word_1_780' title='bbox 2531 4670 2730 4720; x_wconf 66' lang='grc' dir='ltr'>χχχιιι,</span> <span class='ocrx_word' id='word_1_781' title='bbox 2788 4657 2930 4708; x_wconf 90' lang='lat' dir='ltr'>tom.</span> <span class='ocrx_word' id='word_1_782' title='bbox 2990 4653 3083 4723; x_wconf 93' lang='lat' dir='ltr'>IV,</span> <span class='ocrx_word' id='word_1_783' title='bbox 3146 4658 3296 4726; x_wconf 88' lang='lat' dir='ltr'>part.</span> <span class='ocrx_word' id='word_1_784' title='bbox 3343 4671 3407 4723; x_wconf 90' lang='grc' dir='ltr'>ιι,</span> <span class='ocrx_word' id='word_1_785' title='bbox 3452 4654 3561 4712; x_wconf 87' lang='lat' dir='ltr'>col.</span> <span class='ocrx_word' id='word_1_786' title='bbox 3612 4656 3757 4713; x_wconf 82' lang='grc'>1514</span> <span class='ocrx_word' id='word_1_787' title='bbox 3800 4661 3861 4714; x_wconf 89' lang='lat' dir='ltr'>et</span> <span class='ocrx_word' id='word_1_788' title='bbox 3912 4682 3921 4685; x_wconf 80' lang='grc'>·</span> 
     </span>
    </p>
   </div>
   <div class='ocr_carea' id='block_1_105' title="bbox 2203 4746 2351 4816">
    <p class='ocr_par' dir='ltr' id='par_1_105' title="bbox 2203 4746 2351 4816">
     <span class='ocr_line' id='line_1_105' title="bbox 2203 4746 2351 4816; baseline -0.007 -16"><span class='ocrx_word' id='word_1_789' title='bbox 2203 4746 2351 4816; x_wconf 92' lang='lat' dir='ltr'>seq.)</span> 
     </span>
    </p>
   </div>
   <div class='ocr_carea' id='block_1_106' title="bbox 2273 4831 3856 4904">
    <p class='ocr_par' dir='ltr' id='par_1_106' title="bbox 2273 4831 3856 4904">
     <span class='ocr_line' id='line_1_106' title="bbox 2273 4831 3856 4904; baseline 0.002 -15"><span class='ocrx_word' id='word_1_790' title='bbox 2273 4834 2331 4889; x_wconf 91' lang='lat' dir='ltr'>Si</span> <span class='ocrx_word' id='word_1_791' title='bbox 2367 4832 2606 4889; x_wconf 90' lang='lat' dir='ltr'>modum</span> <span class='ocrx_word' id='word_1_792' title='bbox 2640 4831 2959 4904; x_wconf 65' lang='lat' dir='ltr'>quaerimus</span> <span class='ocrx_word' id='word_1_793' title='bbox 2990 4831 3283 4904; x_wconf 91' lang='lat' dir='ltr'>quomodo</span> <span class='ocrx_word' id='word_1_794' title='bbox 3314 4831 3548 4890; x_wconf 89' lang='lat' dir='ltr'>locutus</span> <span class='ocrx_word' id='word_1_795' title='bbox 3580 4834 3657 4890; x_wconf 90' lang='lat' dir='ltr'>sit</span> <span class='ocrx_word' id='word_1_796' title='bbox 3677 4839 3856 4904; x_wconf 89' lang='lat' dir='ltr'>Deus,</span> 
     </span>
    </p>
   </div>
   <div class='ocr_carea' id='block_1_107' title="bbox 2200 4920 3856 4995">
    <p class='ocr_par' dir='ltr' id='par_1_107' title="bbox 2200 4920 3856 4995">
     <span class='ocr_line' id='line_1_107' title="bbox 2200 4920 3856 4995; baseline 0.002 -16"><span class='ocrx_word' id='word_1_797' title='bbox 2200 4927 2334 4990; x_wconf 88' lang='lat' dir='ltr'>etc.,</span> <span class='ocrx_word' id='word_1_798' title='bbox 2364 4937 2535 4995; x_wconf 84' lang='lat' dir='ltr'>usque</span> <span class='ocrx_word' id='word_1_799' title='bbox 2563 4921 2635 4976; x_wconf 86' lang='lat' dir='ltr'>ad</span> <span class='ocrx_word' id='word_1_800' title='bbox 2673 4920 3010 4993; x_wconf 89' lang='lat' dir='ltr'>repellenda</span> <span class='ocrx_word' id='word_1_801' title='bbox 3056 4926 3167 4978; x_wconf 90' lang='lat' dir='ltr'>est.</span> <span class='ocrx_word' id='word_1_802' title='bbox 3203 4922 3333 4995; x_wconf 91' lang='lat' dir='ltr'>(Id.,</span> <span class='ocrx_word' id='word_1_803' title='bbox 3367 4923 3467 4979; x_wconf 84' lang='lat' dir='ltr'>lib.</span> <span class='ocrx_word' id='word_1_804' title='bbox 3499 4941 3600 4979; x_wconf 87' lang='lat' dir='ltr'>vm</span> <span class='ocrx_word' id='word_1_805' title='bbox 3627 4924 3694 4981; x_wconf 88' lang='lat' dir='ltr'>de</span> <span class='ocrx_word' id='word_1_806' title='bbox 3724 4925 3856 4982; x_wconf 85' lang='lat' dir='ltr'>Gen.</span> 
     </span>
    </p>
   </div>
   <div class='ocr_carea' id='block_1_108' title="bbox 2199 5009 3531 5084">
    <p class='ocr_par' dir='ltr' id='par_1_108' title="bbox 2199 5009 3531 5084">
     <span class='ocr_line' id='line_1_108' title="bbox 2199 5009 3531 5084; baseline -0.001 -15"><span class='ocrx_word' id='word_1_807' title='bbox 2199 5012 2269 5068; x_wconf 86' lang='lat' dir='ltr'>ad</span> <span class='ocrx_word' id='word_1_808' title='bbox 2300 5013 2430 5077; x_wconf 87' lang='lat' dir='ltr'>litt.,</span> <span class='ocrx_word' id='word_1_809' title='bbox 2462 5014 2607 5066; x_wconf 92' lang='lat' dir='ltr'>tom.</span> <span class='ocrx_word' id='word_1_810' title='bbox 2642 5009 2739 5077; x_wconf 94' lang='lat' dir='ltr'>III,</span> <span class='ocrx_word' id='word_1_811' title='bbox 2773 5013 2923 5081; x_wconf 90' lang='lat' dir='ltr'>part.</span> <span class='ocrx_word' id='word_1_812' title='bbox 2953 5027 2991 5078; x_wconf 88' lang='lat'>1,</span> <span class='ocrx_word' id='word_1_813' title='bbox 3026 5009 3135 5066; x_wconf 88' lang='lat' dir='ltr'>col.</span> <span class='ocrx_word' id='word_1_814' title='bbox 3158 5011 3259 5066; x_wconf 89' lang='lat'>391</span> <span class='ocrx_word' id='word_1_815' title='bbox 3295 5015 3352 5067; x_wconf 87' lang='lat' dir='ltr'>et</span> <span class='ocrx_word' id='word_1_816' title='bbox 3378 5013 3531 5084; x_wconf 88' lang='lat' dir='ltr'>seq.)</span> 
     </span>
    </p>
   </div>
   <div class='ocr_carea' id='block_1_109' title="bbox 2270 5098 3851 5175">
    <p class='ocr_par' dir='ltr' id='par_1_109' title="bbox 2270 5098 3851 5175">
     <span class='ocr_line' id='line_1_109' title="bbox 2270 5098 3851 5175; baseline 0.001 -18"><span class='ocrx_word' id='word_1_817' title='bbox 2270 5102 2546 5157; x_wconf 85' lang='lat' dir='ltr'>Divitibus</span> <span class='ocrx_word' id='word_1_818' title='bbox 2566 5098 2731 5169; x_wconf 88' lang='lat' dir='ltr'>hnjus</span> <span class='ocrx_word' id='word_1_819' title='bbox 2751 5100 2966 5168; x_wconf 74' lang='lat' dir='ltr'>saeculi,</span> <span class='ocrx_word' id='word_1_820' title='bbox 2990 5102 3123 5165; x_wconf 90' lang='lat' dir='ltr'>etc.,</span> <span class='ocrx_word' id='word_1_821' title='bbox 3153 5116 3343 5172; x_wconf 91' lang='lat' dir='ltr'>usque</span> <span class='ocrx_word' id='word_1_822' title='bbox 3365 5101 3437 5156; x_wconf 91' lang='lat' dir='ltr'>ad</span> <span class='ocrx_word' id='word_1_823' title='bbox 3461 5109 3520 5157; x_wconf 86' lang='lat' dir='ltr'>ut</span> <span class='ocrx_word' id='word_1_824' title='bbox 3543 5102 3851 5175; x_wconf 82' lang='lat' dir='ltr'>apprehen-</span> 
     </span>
    </p>
   </div>
   <div class='ocr_carea' id='block_1_110' title="bbox 2196 5186 3885 5248">
    <p class='ocr_par' dir='ltr' id='par_1_110' title="bbox 2196 5186 3885 5248">
     <span class='ocr_line' id='line_1_110' title="bbox 2196 5186 3885 5248; baseline 0.001 -1"><span class='ocrx_word' id='word_1_825' title='bbox 2196 5192 2330 5247; x_wconf 88' lang='lat' dir='ltr'>dant</span> <span class='ocrx_word' id='word_1_826' title='bbox 2354 5206 2541 5246; x_wconf 84' lang='lat' dir='ltr'>veram</span> <span class='ocrx_word' id='word_1_827' title='bbox 2567 5190 2756 5244; x_wconf 89' lang='lat' dir='ltr'>vitam.</span> <span class='ocrx_word' id='word_1_828' title='bbox 2780 5186 2937 5242; x_wconf 90' lang='lat' dir='ltr'>Nihil</span> <span class='ocrx_word' id='word_1_829' title='bbox 2967 5187 3124 5244; x_wconf 88' lang='lat' dir='ltr'>enim</span> <span class='ocrx_word' id='word_1_830' title='bbox 3155 5192 3276 5245; x_wconf 89' lang='lat' dir='ltr'>tam</span> <span class='ocrx_word' id='word_1_831' title='bbox 3307 5188 3641 5246; x_wconf 89' lang='lat' dir='ltr'>timendum</span> <span class='ocrx_word' id='word_1_832' title='bbox 3670 5196 3761 5248; x_wconf 90' lang='lat' dir='ltr'>est</span> <span class='ocrx_word' id='word_1_833' title='bbox 3790 5191 3852 5248; x_wconf 91' lang='lat' dir='ltr'>in</span> <span class='ocrx_word' id='word_1_834' title='bbox 3880 5192 3885 5195; x_wconf 70' lang='grc'><strong>⁷</strong></span> 
     </span>
    </p>
   </div>
   <div class='ocr_carea' id='block_1_111' title="bbox 2196 5276 3853 5352">
    <p class='ocr_par' dir='ltr' id='par_1_111' title="bbox 2196 5276 3853 5352">
     <span class='ocr_line' id='line_1_111' title="bbox 2196 5276 3853 5352; baseline 0.002 -17"><span class='ocrx_word' id='word_1_835' title='bbox 2196 5280 2434 5348; x_wconf 89' lang='lat' dir='ltr'>divitiis,</span> <span class='ocrx_word' id='word_1_836' title='bbox 2469 5294 2647 5352; x_wconf 90' lang='lat' dir='ltr'>quam</span> <span class='ocrx_word' id='word_1_837' title='bbox 2696 5276 2993 5350; x_wconf 86' lang='lat' dir='ltr'>superbia,</span> <span class='ocrx_word' id='word_1_838' title='bbox 3025 5281 3158 5346; x_wconf 88' lang='lat' dir='ltr'>etc.,</span> <span class='ocrx_word' id='word_1_839' title='bbox 3192 5294 3365 5352; x_wconf 79' lang='lat' dir='ltr'>usque</span> <span class='ocrx_word' id='word_1_840' title='bbox 3409 5278 3482 5335; x_wconf 86' lang='lat' dir='ltr'>ad</span> <span class='ocrx_word' id='word_1_841' title='bbox 3526 5296 3641 5336; x_wconf 93' lang='lat' dir='ltr'>non</span> <span class='ocrx_word' id='word_1_842' title='bbox 3667 5279 3853 5352; x_wconf 76' lang='lat' dir='ltr'>huius</span> 
     </span>
    </p>
   </div>
   <div class='ocr_carea' id='block_1_112' title="bbox 2197 5366 3848 5442">
    <p class='ocr_par' dir='ltr' id='par_1_112' title="bbox 2197 5366 3848 5442">
     <span class='ocr_line' id='line_1_112' title="bbox 2197 5366 3848 5442; baseline 0 -16"><span class='ocrx_word' id='word_1_843' title='bbox 2197 5368 2422 5426; x_wconf 90' lang='lat' dir='ltr'>mundi.</span> <span class='ocrx_word' id='word_1_844' title='bbox 2456 5368 2592 5438; x_wconf 91' lang='lat' dir='ltr'>(Id.,</span> <span class='ocrx_word' id='word_1_845' title='bbox 2622 5382 2785 5423; x_wconf 88' lang='lat' dir='ltr'>serm.</span> <span class='ocrx_word' id='word_1_846' title='bbox 2816 5366 2882 5422; x_wconf 92' lang='lat' dir='ltr'>de</span> <span class='ocrx_word' id='word_1_847' title='bbox 2904 5367 3050 5423; x_wconf 87' lang='lat' dir='ltr'>verb.</span> <span class='ocrx_word' id='word_1_848' title='bbox 3080 5367 3312 5441; x_wconf 86' lang='lat' dir='ltr'>Evang.,</span> <span class='ocrx_word' id='word_1_849' title='bbox 3342 5371 3488 5424; x_wconf 89' lang='lat' dir='ltr'>tom.</span> <span class='ocrx_word' id='word_1_850' title='bbox 3520 5368 3590 5436; x_wconf 90' lang='lat' dir='ltr'>V,</span> <span class='ocrx_word' id='word_1_851' title='bbox 3621 5374 3773 5442; x_wconf 79' lang='lat' dir='ltr'>part.</span> <span class='ocrx_word' id='word_1_852' title='bbox 3811 5389 3848 5441; x_wconf 87' lang='grc' dir='ltr'>ι,</span> 
     </span>
    </p>
   </div>
   <div class='ocr_carea' id='block_1_113' title="bbox 2196 5458 2711 5529">
    <p class='ocr_par' dir='ltr' id='par_1_113' title="bbox 2196 5458 2711 5529">
     <span class='ocr_line' id='line_1_113' title="bbox 2196 5458 2711 5529; baseline -0.008 -14"><span class='ocrx_word' id='word_1_853' title='bbox 2196 5458 2305 5515; x_wconf 91' lang='lat' dir='ltr'>col.</span> <span class='ocrx_word' id='word_1_854' title='bbox 2337 5460 2443 5513; x_wconf 88' lang='lat'>957</span> <span class='ocrx_word' id='word_1_855' title='bbox 2474 5461 2530 5512; x_wconf 88' lang='lat' dir='ltr'>et</span> <span class='ocrx_word' id='word_1_856' title='bbox 2560 5458 2711 5529; x_wconf 88' lang='lat' dir='ltr'>seq.)</span> 
     </span>
    </p>
   </div>
   <div class='ocr_carea' id='block_1_114' title="bbox 2270 5547 3847 5621">
    <p class='ocr_par' dir='ltr' id='par_1_114' title="bbox 2270 5547 3847 5621">
     <span class='ocr_line' id='line_1_114' title="bbox 2270 5547 3847 5621; baseline 0.001 -15"><span class='ocrx_word' id='word_1_857' title='bbox 2270 5550 2333 5606; x_wconf 88' lang='lat' dir='ltr'>Ut</span> <span class='ocrx_word' id='word_1_858' title='bbox 2355 5547 2762 5621; x_wconf 86' lang='lat' dir='ltr'>aqprehendant</span> <span class='ocrx_word' id='word_1_859' title='bbox 2792 5562 2977 5602; x_wconf 88' lang='lat' dir='ltr'>veram</span> <span class='ocrx_word' id='word_1_860' title='bbox 3000 5548 3193 5603; x_wconf 88' lang='lat' dir='ltr'>vitam.</span> <span class='ocrx_word' id='word_1_861' title='bbox 3227 5547 3335 5612; x_wconf 91' lang='lat' dir='ltr'>Qui</span> <span class='ocrx_word' id='word_1_862' title='bbox 3380 5547 3590 5605; x_wconf 91' lang='lat' dir='ltr'>nolunt</span> <span class='ocrx_word' id='word_1_863' title='bbox 3638 5548 3847 5607; x_wconf 87' lang='lat' dir='ltr'>divites</span> 
     </span>
    </p>
   </div>
   <div class='ocr_carea' id='block_1_115' title="bbox 2195 5637 3845 5711">
    <p class='ocr_par' dir='ltr' id='par_1_115' title="bbox 2195 5637 3845 5711">
     <span class='ocr_line' id='line_1_115' title="bbox 2195 5637 3845 5711; baseline 0.001 -17"><span class='ocrx_word' id='word_1_864' title='bbox 2195 5639 2345 5706; x_wconf 87' lang='lat' dir='ltr'>fieri,</span> <span class='ocrx_word' id='word_1_865' title='bbox 2375 5637 2463 5693; x_wconf 87' lang='lat' dir='ltr'>vel</span> <span class='ocrx_word' id='word_1_866' title='bbox 2494 5637 2596 5709; x_wconf 91' lang='lat' dir='ltr'>qui</span> <span class='ocrx_word' id='word_1_867' title='bbox 2626 5654 2743 5693; x_wconf 92' lang='lat' dir='ltr'>non</span> <span class='ocrx_word' id='word_1_868' title='bbox 2792 5640 3021 5703; x_wconf 87' lang='lat' dir='ltr'>curant,</span> <span class='ocrx_word' id='word_1_869' title='bbox 3051 5640 3186 5706; x_wconf 86' lang='lat' dir='ltr'>etc.,</span> <span class='ocrx_word' id='word_1_870' title='bbox 3216 5654 3382 5711; x_wconf 79' lang='lat' dir='ltr'>usque</span> <span class='ocrx_word' id='word_1_871' title='bbox 3427 5638 3499 5694; x_wconf 88' lang='lat' dir='ltr'>ad</span> <span class='ocrx_word' id='word_1_872' title='bbox 3544 5639 3700 5710; x_wconf 89' lang='lat' dir='ltr'>quod</span> <span class='ocrx_word' id='word_1_873' title='bbox 3750 5639 3845 5696; x_wconf 88' lang='lat' dir='ltr'>hic</span> 
     </span>
    </p>
   </div>
   <div class='ocr_carea' id='block_1_116' title="bbox 2193 5725 3329 5801">
    <p class='ocr_par' dir='ltr' id='par_1_116' title="bbox 2193 5725 3329 5801">
     <span class='ocr_line' id='line_1_116' title="bbox 2193 5725 3329 5801; baseline -0.002 -17"><span class='ocrx_word' id='word_1_874' title='bbox 2193 5729 2423 5786; x_wconf 87' lang='lat' dir='ltr'>damus.</span> <span class='ocrx_word' id='word_1_875' title='bbox 2457 5727 2589 5800; x_wconf 88' lang='lat' dir='ltr'>(Id.,</span> <span class='ocrx_word' id='word_1_876' title='bbox 2619 5726 2779 5796; x_wconf 86' lang='lat' dir='ltr'>ibid.,</span> <span class='ocrx_word' id='word_1_877' title='bbox 2812 5725 2921 5783; x_wconf 89' lang='lat' dir='ltr'>col.</span> <span class='ocrx_word' id='word_1_878' title='bbox 2959 5725 3066 5783; x_wconf 85' lang='grc'>412</span> <span class='ocrx_word' id='word_1_879' title='bbox 3094 5730 3151 5784; x_wconf 91' lang='lat' dir='ltr'>et</span> <span class='ocrx_word' id='word_1_880' title='bbox 3181 5727 3329 5801; x_wconf 89' lang='lat' dir='ltr'>seq.)</span> 
     </span>
    </p>
   </div>
  </div>
