4114 6470
174 423 300 489 406
1040 427 1452 491 EXPOSITIO
1494 428 1575 489 IN
1618 424 2313 489 EPP.‘PAULI.——-EP.
2346 427 2400 491 ΙΙ
2445 429 2549 491 AD
2591 428 2759 492 TIM.
3486 422 3604 490 406

252 559 488 635 Pauper
516 559 619 618 Dei
649 558 712 618 in
761 560 959 619 animo
1009 565 1129 620 est:
1177 580 1295 619 non
1326 562 1387 618 in
1415 560 1650 629 saeculo,
1699 564 1834 628 etc.,
1864 555 2021 629 Axv
2071 569 2243 619 contr.
2306 564 2513 633 Faust,
2589 568 2734 622 tom.
2794 562 2939 632 VIII,
3003 561 3112 620 col.
3167 561 3273 619 313
3326 564 3386 620 et
3455 563 3606 634 seq.)

177 666 358 723 usque
374 650 682 708 adsaturet
710 651 985 725 panibus.
1019 652 1152 721 (Id.,
1185 659 1339 708 tract.
1373 653 1436 707 in
1477 652 1620 724 psal.
1654 667 1842 717 cxxx1,
2024 650 2150 707 Non
2181 652 2340 708 enim
2374 652 2473 720 ait,
2507 653 2772 709 devitans
2804 654 3114 711 verborum
3148 652 3453 721 novitates,
3503 651 3605 707 sed

178 743 331 796 tom.
364 739 463 806 IV,
496 743 647 812 part.
681 757 744 806 11,
778 739 886 797 col.
922 739 1106 813 1727.)
1955 739 2201 808 addidit,
2233 744 2366 810 etc.,
2398 759 2568 814 usque
2596 742 2667 798 ad
2710 742 2869 799 velut
2916 741 3273 815 imperitiam
3322 741 3604 797 deridere.

253 829 296 886 0
328 830 602 898 thimotee,
635 832 768 899 etc.,
820 846 1010 903 usque
1042 831 1116 886 ad
1145 835 1335 888 Amen.
1368 829 1579 887 Veniat
1606 831 1666 886 in
1690 846 1849 886 men-
1954 830 2088 899 (Id.,
2121 838 2280 888 tract.
2312 832 2347 884 7
2379 833 2439 886 in
2458 835 2674 904 Evang.
2697 848 2802 888 sec.
2834 834 3015 889 Joan..
3048 835 3191 887 tom.
3220 832 3320 900 III,
3363 833 3511 903 part.
3545 846 3607 897 11,

175 921 302 974 tem
335 919 618 975 adversus
648 918 797 975 tales
821 918 1145 992 apostolica
1166 918 1266 975 illa
1278 918 1620 976 admonitio.
1642 920 1848 992 Aptavi
1955 917 2065 975 col.
2098 919 2236 975 1879
2262 923 2319 975 et
2348 923 2497 992 seq.)

174 1022 309 1077 vos,
361 1010 497 1075 etc.,
543 1023 717 1081 usque
766 1008 838 1064 ad
896 1007 1198 1081 apostolus
1255 1007 1492 1064 Paulus.
1552 1007 1684 1078 (Id.,
1746 1008 1844 1065 lib.

913 1361 1028 1448 IN
1085 1359 1729 1451 EPISTOLAM
1785 1360 1859 1446 II
1917 1361 2060 1447 AD
2121 1359 2861 1451 TIMOTHEUM.

1684 1560 2110 1576 ﬂ

680 1684 685 1687 ι
740 1711 1276 1770 ARGUMENTUM.
1942 1714 2268 1789 telligimus
2296 1732 2612 1789 corporum
2629 1714 3117 1772 resurrectionem
3146 1715 3444 1788 (Id.,tract.
3465 1732 3603 1772 xv111

245 1801 400 1859 Item
430 1800 738 1859 Timotheo
769 1801 973 1859 scribit
1002 1802 1073 1858 de
1102 1802 1507 1859 exhortatione
1550 1803 1834 1878 martyrii,
1950 1807 2012 1861 in.
2039 1809 2254 1879 Evang.
2286 1822 2392 1863 sec.
2424 1808 2607 1877 leam,
2636 1810 2780 1864 tom.
2815 1806 2912 1874 IlI,
2946 1809 3096 1879 part.
3128 1822 3189 1875 11,
3223 1803 3332 1861 col.
3378 1804 3514 1861 4551
3548 1808 3607 1861 et

168 1894 231 1949 et
255 1890 458 1949 omnis
490 1890 704 1965 regulae
734 1890 1030 1947 veritatis:
1060 1894 1118 1948 et
1148 1892 1288 1965 quid
1313 1892 1579 1949 futurum
1611 1892 1838 1949 sittem-
1947 1895 2095 1968 seq.)

167 1981 423 2055 poribus
453 1980 814 2051 novissimis,
847 1984 904 2038 et
931 1982 1003 2037 de
1032 1998 1141 2037 sua
1187 1981 1462 2054 passione
1512 1982 1775 2039 scribens
1806 2000 1840 2038 a
2020 1985 2296 2041 Nonnulli
2330 1985 2489 2042 enim
2519 1986 2887 2042 attendentes
2924 1984 3122 2055 verba,
3163 1987 3296 2052 etc.,
3326 1999 3498 2056 usque
3534 1983 3607 2040 ad

168 2071 386 2128 Roma.
1101 2127 1111 2135 ,
1953 2073 2013 2129 in
2072 2074 2450 2131 tribulatione
2507 2074 2813 2147 patientes.
2870 2075 2998 2144 (Id.,
3064 2074 3161 2130 lib.
3219 2072 3291 2128 ad
3341 2075 3602 2142 Januar.,

715 2159 949 2216 CAPUT
990 2159 1301 2217 PRIMUM.
1868 2149 1918 2215 B
1948 2165 2091 2219 tom.
2125 2163 2195 2230 II,
2229 2163 2339 2219 col.
2372 2164 2531 2233 206.)

242 2249 461 2306 Paulus
516 2249 793 2322 apostolus
847 2250 973 2306 Jesu
1030 2249 1234 2305 Christi
1306 2257 1367 2307 tu
1426 2252 1620 2307 melius
1670 2253 1832 2307 nosti.
2014 2252 2120 2308 Sed
2144 2253 2388 2323 ﬁrmum,
2422 2256 2556 2319 etc.,
2588 2251 3338 2325 usqueaduomenDomini.
3364 2249 3604 2305 Dicebat

164 2340 235 2397 In
269 2338 384 2395 hoc
413 2338 674 2411 Apostoli
711 2338 1051 2395 testimonio
1100 2355 1300 2396 cavere
1348 2340 1652 2408 debemus,
1700 2344 1834 2412 etc.,
1942 2342 2284 2415 Apostolus:
2318 2342 2400 2397 Ex
2447 2342 2666 2414 quibus
2710 2344 2801 2397 est
2848 2341 3197 2415 Hymenaeus
3225 2344 3283 2395 et
3312 2338 3597 2407 Philetus,

163 2445 348 2502 usque
378 2428 448 2485 ad
474 2431 749 2501 operetur
780 2427 1142 2501 patientiam.
1182 2429 1310 2501 (Id.,
1332 2446 1492 2485 serm.
1524 2430 1752 2499 degrat.
1785 2437 1836 2486 et
1944 2436 2079 2499 etc.,
2119 2447 2290 2503 usque
2336 2432 2407 2486 ad
2437 2432 2508 2486 ab
2539 2430 2850 2503 iniquitate
2907 2430 3129 2486 recede.
3166 2429 3297 2499 (Id.,
3349 2436 3505 2485 tract.
3542 2430 3603 2483 in

165 2520 275 2575 lib.
310 2518 458 2585 arb.,
490 2521 636 2573 tom.
672 2560 685 2573 .
718 2516 784 2587 X,
818 2520 968 2590 part.
1002 2535 1043 2585 1,
1076 2517 1186 2574 col.
1218 2518 1322 2572 904
1354 2522 1412 2575 et
1443 2519 1590 2591 seq.)
1938 2522 2084 2593 psal.
2116 2537 2251 2586 x011,
2284 2524 2425 2575 tom.
2462 2519 2553 2586 IV,
2586 2524 2734 2592 part.
2768 2536 2829 2583 11,
2863 2517 2972 2573 col.
3010 2519 3198 2586 1185.)

240 2607 439 2679 Major
469 2606 689 2680 quippe
717 2606 963 2663 libertas
995 2611 1086 2664 est
1111 2607 1463 2675 necessaria,
1497 2612 1630 2675 etc.,
1666 2625 1835 2680 usque
2016 2610 2170 2666 Satis
2200 2609 2357 2666 enim
2392 2610 2568 2665 ﬁxum
2606 2612 2783 2680 atque
2815 2606 3118 2663 immobile
3139 2608 3311 2663 debet
3332 2609 3505 2685 corde
3520 2623 3603 2661 re-

162 2696 241 2753 ad
261 2694 590 2752 cruciantia
618 2699 981 2769 superarent.
1016 2696 1150 2765 (Id.,
1181 2698 1277 2751 lib.
1313 2697 1378 2753 de
1407 2700 1634 2754 Gorr.et
1663 2706 1832 2767 φαίη
1942 2699 2136 2765 tineri,
2163 2703 2271 2754 etc.
2327 2715 2496 2772 usque
2533 2698 2603 2754 ad
2636 2698 2902 2753 nominat
2932 2713 3142 2752 nomen
3186 2696 3417 2751 Domini
3468 2695 3597 2769 (Id.,

167 2790 321 2844 tom.
356 2785 427 2855 X,
460 2788 610 2857 part.
642 2803 684 2853 1,
717 2784 826 2841 col.
858 2786 964 2841 937
996 2789 1053 2842 et
1080 2785 1227 2858 seq.)
1944 2790 2040 2845 lib.
2073 2788 2137 2844 de
2162 2788 2531 2844 mtechizand.
2562 2788 2728 2854 Rud.,
2761 2791 2903 2842 tom.
2937 2786 3033 2853 VI,
3060 2785 3169 2841 col.
3203 2786 3327 2842 323.

834 2874 1067 2930 CAPUT
1107 2876 1175 2930 ll.
2013 2878 2129 2934 Nec
2159 2881 2389 2933 moveat
2416 2878 2569 2948 quod
2603 2892 2757 2948 saepe
2784 2875 3054 2931 diabolus
3075 2875 3302 2932 seducit
3330 2874 3507 2930 etiam
3528 2873 3599 2929 il-

246 2967 326 3023 Tu
343 2979 494 3034 ergo,
527 2964 633 3034 ﬁli,
665 2963 805 3020 alios
836 2962 1043 3020 docere.
1075 2963 1390 3020 Excellenti
1424 2981 1560 3038 ergo
1610 2965 1834 3021 sancti—
1941 2966 2051 3035 los,
2115 2971 2249 3033 etc.,
2290 2982 2463 3039 usque
2490 2966 2560 3022 ad
2591 2965 2854 3038 seipsum
2903 2964 3063 3019 videt
3118 2964 3248 3036 (Id.,
3308 2963 3401 3019 ltb.
3433 2980 3505 3017 xx
3534 2962 3600 3019 de

157 3058 285 3112 tate
317 3052 664 3120 eminentes,
698 3056 834 3121 etc.,
857 3069 1029 3125 usque
1059 3054 1128 3108 ad
1160 3053 1476 3109 salubriter
1504 3054 1828 3110 imitentur.
1944 3057 2105 3113 Civil.
2144 3057 2257 3121 Dei,
2292 3060 2433 3111 tom.
2462 3054 2584 3124 VII,
2620 3055 2727 3110 col.
2756 3054 2907 3124 669.)

165 3145 309 3219 (Id.,
341 3150 503 3208 trnct,
538 3144 599 3198 in
622 3144 768 3215 psal.
803 3160 952 3209 1.11111,
983 3146 1127 3198 tom.
1155 3143 1247 3211 ιν,
1283 3147 1433 3215 part.
1467 3161 1506 3212 1,
1538 3142 1648 3199 col.
1680 3144 1830 3218 904.)
2009 3144 2281 3200 Nondum
2313 3143 2586 3217 apparuit
2610 3142 2924 3214 judicium,
2959 3142 3058 3196 sed
3084 3142 3212 3213 jam
3244 3142 3463 3196 factum
3486 3142 3597 3212 est,

241 3233 457 3289 Labora
482 3234 543 3287 in
572 3234 825 3288 omnibus
855 3233 1212 3288 intellectum.
1247 3232 1621 3291 Timotheum
1654 3250 1831 3305 quem
1940 3238 2073 3301 etc.,
2105 3250 2275 3306 usque
2300 3234 2369 3288 ad
2400 3234 2558 3287 novit
2586 3231 2828 3287 zizania.
2860 3231 2965 3303 (Id.
3000 3238 3160 3285 tract.
3197 3230 3265 3286 12
3294 3231 3355 3285 in
3387 3231 3595 3299 Evang.

164 3323 318 3379 dicit
349 3320 873 3395 germanissimum
904 3321 1114 3389 ﬁlium,
1141 3325 1465 3394 etc.,usque
1484 3322 1554 3377 ad
1575 3322 1835 3378 saluber-
1938 3341 2042 3380 sec.
2073 3325 2256 3391 Joan.,
2288 3327 2431 3379 tom.
2466 3322 2561 3391 ΙΙΙ,
2597 3325 2746 3393 part.
2780 3338 2842 3389 11,
2875 3318 2984 3375 col.
3022 3319 3204 3391 1490.)

162 3414 321 3469 rime
350 3411 640 3468 hortatur.
675 3410 808 3478 (Id.,
843 3412 943 3467 lib.
976 3410 1041 3467 de
1070 3427 1217 3484 oper.
1237 3412 1512 3478 monach.,
1533 3416 1676 3467 tom.
1708 3412 1832 3481 VI.)
2010 3413 2182 3468 Modo
2213 3412 2370 3468 enim
2403 3428 2614 3483 corpus
2644 3409 2858 3464 Christi
2892 3409 3140 3464 mistum
3193 3410 3283 3464 est
3312 3410 3596 3479 tanquam

242 3500 545 3557 Profectus
577 3498 839 3589 fidelium
871 3499 998 3556 sine
1026 3500 1370 3569 tentatione,
1402 3503 1536 3569 etc.,
1568 3517 1738 3573 usque
1762 3502 1833 3558 ad
1863 3521 1908 3589 ρ
1946 3518 2101 3569 area,
2134 3506 2267 3569 etc.,
2326 3516 2498 3574 usque
2550 3500 2620 3555 ad
2650 3498 2846 3555 salvus
2904 3498 3032 3553 erit.
3088 3497 3219 3569 (Id.,
3274 3497 3433 3564 ibid.,
3486 3496 3599 3553 col.

161 3588 486 3648 tentationi
517 3588 818 3646 resistens.
853 3589 985 3660 (Id.,
1021 3590 1119 3645 lib.
1151 3591 1297 3645 Sent.
1317 3591 1831 3662 Prosperi,tom.X,
1882 3588 1906 3589 ’7
1945 3594 2131 3661 1221.)

162 3683 326 3754 part.
362 3696 429 3745 11,
458 3677 567 3735 col.
599 3678 781 3750 1877.)
2016 3683 2096 3738 De
2126 3681 2244 3737 illis
2273 3679 2499 3747 ovibus,
2534 3680 2605 3735 de
2625 3679 2841 3751 quibus
2872 3678 3016 3732 dicit
3044 3675 3392 3749 Apostolus:
3435 3676 3606 3732 Novit

239 3765 1149 3826 FiliumhominisChristumita
1172 3768 1632 3833 credanus,etc.,
1665 3784 1836 3840 usque
1943 3770 2229 3827 Dominus
2261 3770 2360 3842 qui
2395 3772 2536 3824 sunt
2563 3770 2690 3840 ejus
2724 3772 2831 3823 etc.
2864 3766 3116 3839 usquead
3146 3766 3218 3822 de
3240 3782 3419 3821 manu
3451 3782 3600 3824 mea.

158 3858 240 3916 ad
272 3860 334 3915 et
364 3855 554 3912 filium
587 3855 866 3913 hominis.
901 3857 1036 3926 (Id.,
1072 3857 1171 3912 lib.
1204 3864 1375 3913 contr.
1411 3858 1619 3923 Faust.,
1653 3856 1743 3912 tit.
1778 3858 1831 3925 3,
1944 3860 2076 3932 (Id.,
2111 3858 2275 3927 ibid.,
2307 3857 2417 3914 col.
2453 3857 2635 3929 1725.)

160 3952 317 4005 tom.
348 3945 501 4008 VIII.
531 3943 644 4001 col.
677 3947 785 4001 209
814 3948 871 4001 et
897 3945 1043 4018 seq.)
2016 3949 2311 4004 Numerus
2341 3963 2477 4018 ergo
2500 3947 2822 4018 justorum,
2858 3945 2955 4017 qui
2990 3944 3317 4000 secundum
3349 3941 3609 4030 proposi-

233 4037 310 4092 Et
340 4034 558 4108 repulit
590 4034 1039 4091 tabernaculum
1097 4033 1338 4107 Joseph,
1372 4038 1509 4105 etc.,
1560 4051 1729 4107 usque
1764 4036 1836 4091 ad
1943 4041 2070 4094 tum
2102 4036 2319 4109 usquad
2367 4038 2745 4091 sacrosancta
2786 4034 3089 4107 mysteria.
3144 4034 3277 4104 (Id.,
3325 4033 3423 4087 lib.
3471 4049 3508 4087 v
3540 4032 3607 4087 de

158 4125 496 4198 secundum
526 4123 907 4197 Evangelium
940 4140 1159 4179 meum.
1216 4124 1348 4192 11d,,
1398 4131 1553 4180 tract.
1600 4126 1663 4179 in
1686 4126 1830 4196 psat.
1947 4132 2101 4198 Bapt.
2136 4134 2308 4182 contr.
2349 4130 2571 4192 Donat,
2604 4128 2749 4179 tom.
2786 4123 2877 4191 ιν,
2910 4122 3018 4178 col.
3054 4122 3157 4177 195
3186 4125 3244 4176 et
3273 4121 3419 4193 seq.)

160 4194 555 4285 1.xxv11,'tom.
591 4194 863 4285 IV,_part.
890 4230 928 4281 1,
962 4212 1073 4268 col.
1109 4212 1248 4267 1006
1280 4214 1338 4268 et
1368 4213 1513 4285 seq.)
1686 4194 1700 4196 _
2014 4194 2077 4272 in
2123 4232 2323 4285 magna
2379 4220 2561 4270 autem
2601 4213 2777 4278 domo,
2833 4220 2957 4276 etc.,
3010 4227 3166 4281 nque
3209 4210 3280 4264 ad
3326 4210 3391 4264 de
3433 4209 3591 4264 corde

240 4304 307 4359 In
338 4320 442 4376 quo
501 4301 687 4358 laboro
743 4307 878 4371 etc.,
933 4319 1123 4375 usque
1177 4302 1250 4357 ad
1285 4303 1507 4357 verbum
1563 4305 1829 4359 veritatis.
1938 4322 2098 4378 puro.
2133 4305 2427 4368 Quosdam
2479 4302 2578 4374 qui
2630 4302 2785 4357 circa
2814 4300 3115 4356 veritatem
3156 4300 3588 4366 aberraverant,

159 4388 1633 4464 Credidi,!inquit,propterquodlocutussum,etc.,
1667 4410 1834 4466 usque
1941 4399 2073 4462 etc.,
2106 4410 2276 4466 usque
2304 4393 2373 4448 ad
2403 4391 2649 4447 tolerare
2680 4393 2988 4463 coguntur.
3024 4389 3154 4461 (Id.,
3192 4388 3349 4456 ibid.,
3374 4387 3467 4443 lib.
3505 4404 3593 4457 111,
3636 4436 3641 4439 Α

161 4482 239 4539 ad
268 4498 378 4554 ego
409 4478 759 4536 humiliatus
780 4497 914 4535 sum
929 4479 1442 4546 nimis.(Id.,tract.
1461 4482 1520 4535 in
1545 4482 1829 4553 psal.cxv,
1942 4482 2051 4539 col.
2086 4483 2235 4554 452.)

164 4576 318 4628 tom.
355 4568 448 4635 ιν,
480 4572 632 4641 part.
665 4585 728 4636 11,
762 4567 873 4624 col.
906 4568 1088 4639 1492.)
2016 4574 2091 4629 De
2122 4572 2337 4644 quibus
2367 4568 2449 4625 ait
2469 4566 2810 4642 Apostolus:
2836 4568 3038 4623 Sermo
3059 4584 3264 4623 eorum
3295 4568 3447 4624 sicut
3462 4584 3597 4623 can-

237 4657 411 4716 Dicat
439 4673 579 4730 ergo
610 4656 869 4713 Ecclesia
894 4657 1133 4725 Christi,
1169 4656 1371 4713 civitas
1406 4658 1559 4731 regis
1608 4660 1828 4732 magni,
1943 4679 2039 4717 cer
2069 4660 2250 4732 serpit
2280 4663 2413 4730 etc.,
2445 4674 2616 4729 usque
2643 4658 2713 4712 ad
2743 4661 2809 4712 ut
2856 4673 3064 4713 cancer
3110 4657 3403 4729 serpebat.
3463 4656 3594 4728 (Id.,

161 4754 306 4818 etc.,
348 4762 521 4818 usque
572 4745 642 4801 ad
683 4761 788 4801 nec
820 4745 881 4800 in
940 4745 1307 4819 praeconibus
1366 4745 1638 4819 alligatis.
1694 4748 1828 4818 (Id.,
1941 4750 2100 4818 ibid.,
2134 4748 2235 4804 lib.
2269 4765 2343 4815 1v,
2377 4747 2484 4802 col.
2518 4747 2625 4802 165
2649 4751 2706 4801 et
2734 4749 2884 4818 seq.)

162 4840 267 4895 lib.
302 4853 418 4892 xvn
448 4835 513 4891 de
546 4835 712 4891 Civit.
739 4836 859 4901 Dei,
892 4839 1040 4892 tom.
1072 4835 1197 4902 Vl],
1228 4835 1337 4891 col.
1365 4835 1519 4906 528.)
1862 4897 1901 4909 ﬁ
2013 4838 2302 4895 Omnibus
2331 4836 2716 4892 consideratis
2745 4839 2883 4909 puto
2908 4852 3000 4891 me
3024 4853 3138 4892 non
3154 4834 3595 4901 temeredicere,

235 4927 557 4997 Propterea
585 4941 702 4980 non
751 4897 1024 4997 poterant
1065 4897 1316 4992 credere,
1378 4897 1510 4993 etc.,
1543 4942 1714 4998 usque
1760 4927 1831 4982 ad
1860 4897 1907 4962 Ῑ)
1938 4933 2071 4996 etc.,
2102 4944 2271 5001 usque
2297 4926 2367 4982 ad
2398 4897 2782 4998 spiritualiter
2811 4925 3063 4998 separati
3087 4928 3247 4982 sunt.
3269 4924 3402 4994 (Id.,
3436 4897 3594 4988 ibid.,

160 5013 492 5073 voluntatis
523 5012 818 5070 humanae.
865 5015 1000 5086 (Id.,
1031 5022 1189 5070 tract.
1242 5015 1314 5070 53
1344 5015 1405 5069 in
1452 5016 1668 5084 Evang.
1720 5032 1827 5073 sec.
1942 5019 2035 5075 lib.
2070 5034 2168 5085 v11,
2204 5015 2314 5071 col.
2345 5014 2496 5087 241.)

161 5108 352 5167 Joan.,
387 5106 531 5160 tom.
568 5102 667 5171 III,
702 5105 855 5175 part.
888 5119 952 5172 11,
984 5103 1092 5159 col.
1129 5105 1312 5175 1776.)
2008 5108 2091 5163 Ne
2122 5121 2457 5179 quaeramus
2487 5121 2621 5160 eum
2672 5104 2897 5175 absque
2946 5103 3134 5171 nobis,
3169 5106 3280 5158 etc.
3331 5116 3502 5173 usque
3524 5101 3598 5156 ad

238 5195 491 5264 Profana
521 5199 705 5248 autem
733 5195 1073 5265 etc.,usque
1087 5193 1158 5249 ad
1192 5200 1461 5249 utcancer
1476 5196 1665 5266 serpit.
1685 5195 1831 5250 Cum
1940 5197 2028 5252 vel
2061 5195 2238 5252 unius
2270 5194 2450 5250 moris
2478 5193 2539 5248 in
2571 5194 2764 5249 domo.
2801 5194 2932 5263 (Id.,
2963 5210 3033 5248 ea:
3066 5200 3224 5247 tract.
3244 5192 3386 5263 psal.
3422 5205 3592 5255 vau,

169 5284 295 5341 sint
326 5281 481 5337 inter
508 5298 570 5338 se
601 5281 717 5337 duo
747 5280 863 5337 ista
905 5282 1215 5349 contraria,
1257 5285 1390 5350 etc.,
1414 5300 1603 5355 usque
1640 5283 1729 5339 ad.
1772 5284 1832 5339 in
1940 5290 2083 5343 tom.
2120 5285 2212 5354 IV,
2247 5287 2395 5357 part.
2430 5302 2469 5351 1,
2504 5282 2612 5338 col.
2646 5284 2752 5337 815
2781 5286 2835 5336 et
2867 5281 3012 5353 seq.)
3230 5342 3243 5348 ν

169 5370 329 5430 atria
357 5369 590 5426 Domini
653 5369 783 5443 (Id.,
817 5378 975 5427 tract.
1028 5374 1089 5427 in
1131 5374 1272 5445 psal.
1308 5389 1500 5442 cxvm,
1562 5378 1703 5430 tom.
1738 5374 1832 5442 IV,
2013 5377 2095 5430 De
2121 5374 2279 5431 vasis
2336 5374 2529 5429 aureis
2559 5376 2615 5427 et
2670 5370 2983 5443 argenteis,
3044 5373 3178 5436 etc.,
3230 5387 3401 5441 usque
3441 5369 3513 5424 ad
3541 5373 3600 5423 et

170 5464 422 5536 part..11,
456 5457 565 5513 col.
603 5459 742 5515 1556
772 5463 829 5515 et
855 5460 1004 5533 seq.)

1944 5465 2162 5521 ﬁctilia.
2199 5464 2329 5537 (Id.,
2362 5481 2431 5520 ea:
2462 5464 2558 5518 lib.
2594 5463 2823 5516 Retract.
2859 5476 2923 5526 11,
2956 5463 3099 5515 tom.
3134 5460 3177 5528 Ι,
3211 5457 3320 5514 col.
3347 5459 3472 5513 638.

245 5551 335 5606 Ex
364 5548 563 5622 quibus
600 5555 682 5604 est
726 5552 861 5617 etc.,
914 5567 1102 5623 usque
1155 5552 1226 5607 ad
1259 5552 1607 5623 quorundam
1649 5553 1832 5623 ﬁdem.
2013 5555 2222 5612 Stultos
2251 5560 2453 5621 autem,
2486 5559 2607 5619 etc.,
2644 5565 2829 5623 usque
2860 5549 2932 5605 ad
2955 5551 3051 5622 qui
3072 5550 3331 5605 resistunt
3350 5548 3594 5603 veritati.

170 5642 397 5699 Omnes
428 5637 586 5694 enim
618 5641 788 5696 sectaa
813 5656 941 5713 quae
973 5657 1037 5696 se
1068 5640 1327 5713 aliquam
1361 5640 1699 5714 religionem
1730 5642 1832 5699 ho-
1945 5645 2163 5700 Mundo
2188 5646 2243 5699 et
2269 5640 2519 5714 simplici
2552 5639 2720 5695 oculo
2750 5657 2898 5712 opus
2927 5642 3107 5696 estut
3136 5637 3470 5694 inveniatur
3506 5636 3602 5693 via

172 5727 440 5788 minibus
472 5727 730 5786 inserere
752 5733 1279 5803 praesumpserant,
1301 5734 1432 5800 etc.,
1471 5748 1636 5804 usque
1657 5732 1726 5787 ud
1758 5733 1839 5789 in-
1947 5734 2243 5809 sapientia.-
2303 5736 2436 5800 etc.,
2500 5746 2665 5802 usque
2724 5731 2794 5785 ad
2848 5730 3171 5788 veritatem.
3231 5728 3364 5800 (Id.,
3424 5727 3521 5784 lib.
3556 5744 3597 5785 ιι
