4114 6470
517 446 637 513 Hii

1724 430 1957 497 FLORI
1998 423 2323 491 DIACONI
2367 418 2752 487 MONACHI.

3831 399 3970 466 416

523 600 672 653 mos,
702 581 838 651 etc.,
864 593 1036 656 usque
1056 573 1207 635 adet
1232 570 1393 649 quod
1412 565 1861 639 'oﬂ‘erebat.(ld.,
1885 563 1982 622 tib.
2014 580 2074 621 1v
2108 560 2174 619 de
2201 559 2258 629 Α
2287 557 2444 656 quod
2474 556 2559 614 ita
2587 552 2781 628 ccepit,
2813 553 2947 620 etc.,
2979 560 3151 622 usque
3172 542 3249 604 ad
3277 537 3656 656 distit'ic'tione
3676 535 3969 656 declare;-

526 674 746 741 Trinit..,
779 675 924 728 tom.
952 669 1102 740 VIII,
1133 665 1244 724 col.
1276 666 1427 736 901.)

1131 781 1365 841 CAPUT
1394 778 1542 835 VIII.

600 898 919 973 Capitulum
947 901 1128 950 autem
1154 906 1319 962 super
1347 904 1411 944 ea
1441 900 1567 959 qua?
1594 885 1875 951 dicuntur,
1913 884 2049 946 etc.,
2080 895 2181 934 us-

531 1008 646 1065 que
676 970 746 1045 ad
771 985 917 1060 quod
946 986 1003 1039 in
1034 981 1356 1037 melioribus
1374 973 1890 1049 repromissionibus
1909 970 2184 1026 sancitum

529 1060 626 1138 est.
658 1076 983 1135 Audiamus
1013 1088 1081 1128 ex
1111 1066 1420 1140 Evangelio
1452 1082 1468 1121 :
1502 1063 1644 1137 quia
1672 1062 1764 1117 lex
1793 1078 1897 1134 per
1943 1060 2181 1130 Moysen

532 1170 671 1226 data
699 1160 1021 1235 estzgratia
1039 1161 1098 1215 et
1116 1155 1333 1212 veritas
1353 1169 1457 1225 per
1479 1150 1682 1206 Jesum
1714 1145 2013 1203 Christum
2033 1145 2186 1199 facta

531 1261 639 1313 est.
666 1254 726 1311 Si
756 1252 918 1309 enim
941 1246 1356 1310 discernimus,
1372 1247 1692 1312 etc.,usquc
1719 1238 1790 1293 ad
1809 1237 2185 1292 Testamento

531 1343 785 1402 revelata
815 1342 975 1396 sunt.
991 1337 1121 1407 (Id.,
1156 1337 1219 1391 in
1244 1332 1440 1406 spalm.
1474 1346 1643 1396 LXXII,
1663 1325 1915 1395 tom.IV,
1947 1321 2183 1396 p.l,col.

527 1435 637 1490 930
658 1438 715 1490 et
743 1429 892 1503 seq.)

602 1524 743 1581 Nam
771 1523 822 1576 si
851 1518 991 1576 illud
1034 1517 1193 1589 prius
1235 1513 1398 1584 culpa
1444 1515 1704 1576 vacasset,
1737 1509 1847 1573 etc,
1880 1518 2068 1576 usque
2114 1503 2186 1557 ad

529 1629 701 1688 prope
730 1612 1016 1667 interitum
1062 1614 1159 1662 est.
1193 1603 1254 1661 Si
1284 1602 1584 1673 quaeratur
1613 1615 1649 1653 a
1696 1594 1868 1652 nobis
1921 1610 2026 1648 cur
2072 1608 2188 1648 non

534 1680 605 1761 eo
630 1680 752 1757 ritu
782 1698 1046 1755 colamus
1076 1694 1261 1751 Deum
1293 1707 1407 1763 quo
1438 1687 1766 1753 coluerunt,
1786 1680 2191 1755 etc.,usquead

534 1790 847 1863 impletum
876 1786 1182 1860 probatur.
1215 1781 1347 1851 (Id.,
1372 1779 1469 1836 lib.
1505 1784 1697 1834 contra
1728 1777 2012 1838 Faustum,
2044 1774 2188 1827 tom.

535 1877 820 1947 VIII,eol.
848 1875 949 1933 504
985 1878 1046 1930 et
1075 1874 1227 1945 seq.)

2284 625 2387 707 vit.
2421 649 2552 721 (Id.,
2590 625 2696 702 lib:
2716 648 2922 715 Quaest.
2955 642 3019 697 in
3034 640 3220 706 Num,
3254 639 3398 692 tom.
3432 632 3528 702 111,
3561 632 3713 704 part,
3746 645 3790 698 ι,
3844 625 3971 685 col.

2286 741 2395 797 732
2423 742 2482 794 et
2509 737 2663 808 seq.)

2365 830 2466 887 Ubi
2492 828 2641 884 enim
2675 826 3089 887 Testamentum,
3124 820 3258 887 etc.,
3292 828 3483 887 usque
3503 811 3576 867 ad
3617 808 3762 883 quod
3789 824 3975 863 man-

2290 920 2441 976 davit
2468 918 2538 973 ad
2569 931 2659 972 vos
2711 919 2880 971 Deus.
2935 908 3151 976 Habeo,
3189 909 3325 974 etc.,
3356 918 3525 976 usque
3572 900 3642 956 ad
3672 895 3971 972 possedit.

2292 1009 2424 1085 (Id.,
2459 1009 2521 1064 in
2547 1004 2688 1079 psal.
2726 999 2938 1074 LXXIX.)

2364 1097 2529 1155 Sicut
2575 1091 2890 1167 Apostolus
2949 1089 3021 1145 ad
3079 1086 3353 1143 Hebraeos
3409 1081 3569 1148 dicit,
3615 1079 3976 1135 Testamen-

2293 1193 2445 1259 tum,
2476 1165 2834 1255 etc.,—usque
2865 1180 2935 1235 ad
2966 1181 3024 1235 et
3070 1177 3197 1251 ipse
3253 1172 3448 1229 nobis.
3498 1169 3629 1240 (Id.,
3680 1170 3829 1223 tom.
3864 1165 3973 1231 VI,

2295 1277 2406 1335 col.
2439 1278 2509 1333 86
2539 1278 2597 1331 et
2627 1271 2775 1346 seq.)

2365 1368 2552 1423 Etiam
2585 1345 3019 1424 tabernaculum,
3055 1360 3191 1423 etc.,
3214 1368 3402 1427 usque
3432 1350 3505 1407 ad
3526 1345 3978 1421 exspectantibus

2295 1474 2352 1515 se
2384 1457 2725 1513 insalutem.
2773 1451 2855 1507 De
2913 1445 3220 1507 sacriﬁciis
3268 1439 3614 1499 animalium
3674 1435 3811 1510 quis
3862 1451 3977 1489 no-

2298 1551 2509 1615 strum,
2539 1548 2675 1612 etc.,
2706 1556 2879 1615 usque
2910 1538 2981 1594 ad
3011 1534 3296 1609 implevit.
3330 1532 3462 1605 (Id.,
3484 1533 3629 1586 tom.
3658 1525 3819 1595 VIII,
3855 1521 3977 1581 col.

2298 1638 2404 1693 346
2431 1638 2490 1692 et
2519 1634 2669 1707 seq.)

2961 1732 3193 1791 CAPUT
3231 1731 3297 1787 X.

2377 1861 2639 1919 Umbram
2663 1857 2815 1914 enim
2839 1853 3066 1919 habens,
3099 1853 3233 1916 etc.,
3264 1862 3457 1919 usque
3482 1844 3561 1900 ad
3606 1840 3775 1899 semel
3798 1855 3978 1896 mn-

609 1928 829 2040 Nempe
859 1928 1244 2022 ixi-veteribus
1290 1957 1481 2026 libris,
1504 1959 1640 2024 etc.,
1672 1969 1846 2025 usque
1898 1952 1970 2008 ad
2017 1965 2191 2040 omne
2217 1939 2268 2006 B
2297 1952 2431 2008 dati.
2466 1950 2725 2005 Montem
2752 1945 2892 2002 Sion
2917 1943 3105 1998 istum
3161 1953 3339 2012 quem
3386 1933 3667 1991 habitanti
3696 1931 3758 1986 in
3806 1928 3973 2002 ipso,

541 2039 975 2116 semenlsrael.
1010 2052 1144 2124 (Id.,
1174 2050 1275 2108 lib.
1297 2047 1364 2105 de
1391 2046 1608 2119 Spiritu
1628 2053 1684 2101 et
1712 2045 1921 2110 littera,
1954 2043 2101 2097 tom.
2125 2039 2191 2109 X,

538 2165 599 2221 p.
631 2166 670 2216 ι,
702 2144 814 2203 col.
843 2145 948 2203 221
982 2147 1040 2200 et
1056 2139 1210 2215 seq.)

612 2237 826 2310 Legem
856 2248 1007 2307 pone
1056 2229 1226 2297 mihi,
1260 2226 1525 2294 Domine,
1560 2227 1697 2291 etc.,
1746 2238 1919 2295 usque
2078 2236 2197 2277 non

537 2308 1026 2387 titulushonoris.
1060 2317 1195 2389 (Id.,
1227 2318 1287 2372 in
1314 2314 1513 2388 psaim.
1545 2329 1741 2378 cxvm,
1764 2314 1907 2367 tom.
1943 2308 2036 2379 1V,
2060 2326 2194 2381 p.11,

541 2412 651 2469 col.
687 2412 825 2467 1528
845 2413 905 2465 et
935 2406 1082 2480 seq.)
1963 2459 1966 2464 _

613 2499 778 2557 Sicut
820 2496 913 2555 lex
959 2497 1300 2553 sanctorum
1330 2492 1551 2564 scripta
1578 2490 1639 2547 in
1663 2488 1884 2547 tabulis
1916 2487 2195 2560 lapideis,

545 2593 679 2657 etc.,
703 2602 873 2660 usque
900 2585 971 2641 ad
998 2582 1102 2658 qui
1132 2584 1307 2640 datus
1333 2588 1427 2639 est
1457 2579 1648 2636 nobis.
1684 2580 1764 2651 (S.
1797 2580 1972 2650 Aug.,
2003 2579 2103 2633 lib.
2134 2577 2200 2634 de

545 2677 720 2752 Spir.,
749 2684 802 2735 et
832 2676 941 2744 lit.,
971 2677 1116 2730 tom.
1145 2672 1211 2741 X,
1242 2689 1303 2744 p.
1337 2689 1377 2738 ι,
1411 2668 1520 2727 col.
1554 2670 1661 2724 225
1688 2672 1747 2723 et
1774 2666 1924 2739 seq.)

1190 2786 1421 2843 CAPUT
1453 2785 1544 2841 IX.

619 2901 835 2959 Habuit
861 2898 1101 2972 quidem,
1126 2898 1261 2962 etc.,
1290 2908 1479 2966 usque
1511 2892 1604 2957 ad,
1634 2889 1776 2964 quod
1821 2890 2029 2945 dicitur
2071 2905 2200 2944 san-

549 3000 654 3048 cta.
678 2988 902 3046 Primat
930 2989 1056 3043 erat
1083 2982 1432 3059 ingredienti
1453 2984 1620 3055 porta
1636 2979 1801 3037 atrii:
1819 2996 1947 3051 quae
1969 2978 2205 3052 patebat

548 3079 1122 3155 viginti,etc.,usque
1148 3073 1219 3129 ad
1246 3072 1306 3128 in
1337 3070 1584 3128 Levitico
1611 3070 1895 3143 scriptum
1927 3072 2036 3124 est.
2070 3068 2201 3140 (Id.,

553 3170 650 3226 lib.
687 3169 887 3237 Quaest.
924 3168 986 3222 in
1014 3163 1182 3221 Exod.
1217 3164 1278 3219 in
1306 3162 1639 3236 expositione
1660 3159 2025 3226 tabernaculi,
2035 3158 2203 3230 paulo

550 3266 679 3316 ante
697 3258 880 3331 ﬁnem,
914 3259 1057 3311 tom.
1083 3253 1179 3322 III,
1210 3269 1268 3325 p.
1303 3253 1347 3307 Ι.
1382 3250 1491 3307 col.
1517 3251 1625 3305 670
1652 3253 1708 3305 et
1735 3248 1881 3321 seq.)

622 3352 753 3404 Post
789 3345 1159 3403 adamatum
1205 3341 1410 3409 autem,
1443 3342 1577 3409 etc.,
1610 3355 1798 3412 usque
1847 3338 1919 3393 ad
1967 3352 2079 3393 non
2129 3343 2209 3392 est

552 3439 711 3496 modo
740 3435 1031 3493 dicendum
1052 3448 1154 3506 per
1180 3431 1425 3503 singula.
1467 3430 1539 3486 Et
1578 3428 1796 3485 dividet
1834 3425 2001 3483 vobis
2046 3424 2206 3482 vela-

555 3544 711 3595 men,
731 3530 866 3591 etc.,
889 3539 1061 3596 usque
1072 3522 1143 3578 ad
1163 3519 1577 3593 prhcipiuntur
1601 3521 1689 3573 est
1710 3517 1943 3590 ﬁgurat.
1959 3515 2088 3584 (Id.,
2105 3516 2203 3571 lib.

557 3620 769 3688 Quaest.
804 3616 866 3669 in
893 3612 1097 3679 Exod,
1131 3627 1232 3682 qu.
1269 3609 1392 3677 112,
1423 3611 1568 3663 tom.
1599 3606 1698 3673 ΙΙΙ,
1732 3623 1789 3678 p.
1823 3622 1861 3661 ι.
1896 3603 2171 3672 οοΙ.635.)

629 3700 1104 3776 Propitiaterium
1135 3702 1334 3754 autem
1366 3696 1508 3769 quid
1543 3696 1720 3760 dicat,
1752 3698 1887 3763 etc.,
1913 3710 2084 3766 usque
2138 3692 2209 3749 ad

558 3792 620 3849 in
650 3790 750 3847 Dei
782 3785 1202 3846 misericordia.
1235 3786 1316 3859 (S.
1348 3786 1495 3858 Aug.
1526 3783 1688 3851 ibid,
1708 3786 1852 3839 tom.
1887 3782 1983 3851 III,
2000 3785 2150 3854 part.
2168 3799 2207 3851 ι,

558 3879 670 3937 col.
703 3878 810 3935 633
836 3880 897 3933 et
924 3878 1070 3950 seq.)

631 3971 735 4028 His
759 3984 884 4025 vero
934 3968 1017 4023 ita
1052 3965 1380 4039 compositis,
1410 3966 1548 4031 etc.,
1582 3977 1771 4034 usque
1814 3960 1889 4017 ad
1936 3977 2109 4032 usque
2143 3960 2214 4015 ad

559 4069 770 4132 tempus
800 4057 1150 4114 correctionis
1178 4055 1467 4127 impositis.
1502 4053 1737 4124 Septem
1766 4050 1975 4107 diebus
2006 4049 2214 4106 vestiet

560 4167 624 4207 se
653 4165 723 4207 ea
750 4146 1045 4218 sacerdos,
1080 4148 1214 4213 etc.,
1248 4159 1418 4215 usque
1443 4140 1516 4197 ad
1544 4138 2010 4197 misericordiam
2040 4137 2213 4210 judi-

558 4239 669 4297 cio.
717 4238 803 4304 (S.
853 4237 1029 4310 Aug.,
1074 4233 1241 4302 ibid.,
1299 4234 1444 4289 tom.
1509 4230 1609 4297 III,
1651 4232 1803 4303 part.
1851 4245 1893 4295 ι,
1946 4226 2056 4284 col.
2106 4228 2214 4284 640

560 4333 618 4387 et
647 4336 799 4401 seq.)
1804 4376 1809 4380 ,

633 4417 876 4474 Christus
904 4416 1445 4485 autem,etc.,usque
1476 4410 1547 4466 ad
1578 4408 1944 4481 redemptione
1967 4408 2210 4465 inventa.

563 4506 746 4565 Filius
779 4503 876 4561 Dei
908 4502 1044 4560 fecit
1071 4502 1416 4560 noszfactus
1447 4503 1538 4557 est
1566 4498 1720 4555 inter
1748 4514 1880 4569 nos,
1893 4500 2026 4565 etc.,
2045 4513 2217 4569 usque

562 4597 634 4653 ad
663 4595 789 4668 ipse
839 4593 1135 4650 sacerdos.
1167 4592 1249 4664 (S.
1274 4592 1423 4664 Aug.
1454 4591 1515 4645 in
1546 4590 1692 4661 psat.
1721 4604 1906 4656 cxux,
1940 4590 2082 4643 tom.
2118 4584 2211 4654 1V,

563 4690 713 4760 part.
749 4702 810 4750 ιι,
842 4682 950 4739 col.
986 4682 1124 4738 1952
1150 4684 1209 4738 et
1238 4680 1387 4754 seq.)

634 4775 698 4832 Si
725 4775 873 4830 enim
896 4773 1124 4845 sanguis
1150 4772 1454 4837 hircorum,
1470 4771 1808 4839 etc.,usque
1840 4766 1912 4823 ad
1944 4765 2206 4822 ademuu

564 4866 843 4925 datiouem
859 4863 1062 4919 carm's.
1095 4860 1177 4919 De
1198 4861 1452 4933 juvenca
1476 4858 1625 4927 rufa,
1657 4858 1827 4929 cujus
1857 4855 2112 4912 cinerem
2143 4855 2212 4911 ad

566 4972 783 5030 aquam
814 4950 1348 5028 aspersionis,etc.,
1380 4963 1551 5021 usque
1572 4947 1644 5003 ad
1673 4945 1776 5019 qui
1805 4961 1937 5002 vere
1955 4945 2221 5001 virmun-

566 5046 680 5103 dus
709 5047 817 5102 est.
850 5044 934 5116 (S.
968 5047 1143 5115 Aug.,
1177 5042 1240 5098 in
1263 5039 1426 5097 Num.
1450 5054 1556 5111 qu.
1579 5036 1669 5105 33,
1702 5040 1845 5092 tom.
1880 5034 1990 5103 III;
2011 5038 2217 5107 parti,

566 5134 674 5193 col.
708 5134 818 5191 7-32
843 5136 902 5190 et
924 5139 1076 5206 seq.)

641 5225 850 5293 Quanto
1131 5218 1361 5288 sanguis
1420 5205 1643 5282 Christi,
1676 5217 1810 5281 etc.,
1844 5230 2031 5293 usque
2060 5213 2131 5269 ad
2152 5214 2225 5269 ad

565 5311 913 5370 serviendum
941 5312 1047 5367 Deo
1078 5308 1326 5364 viventi?
1355 5305 1473 5361 Hoc
1507 5287 2000 5374 sacriﬁcium,ubi
2036 5319 2225 5359 sacer-

569 5403 677 5460 dos
707 5405 797 5457 cst
824 5399 1077 5467 victima,
1112 5400 1245 5465 etc.,
1268 5412 1437 5469 usque
1467 5394 1537 5451 ad
1567 5398 1624 5450 et
1653 5392 1940 5450 habitavit
1960 5392 2017 5448 in
2033 5392 2220 5449 nobis.

570 5493 704 5567 (ld-.,
730 5507 840 5548 ser.
872 5489 937 5546 de
984 5488 1136 5544 Sacr.
1164 5488 1484 5559 vespertino,
1528 5488 1673 5542 tom.
1708 5483 1778 5553 V,
1830 5487 1980 5556 part.
2015 5499 2081 5554 ιι,
2106 5482 2221 5541 col.

571 5581 708 5639 1501
740 5583 801 5636 et
827 5580 978 5651 seq.)

646 5671 711 5726 Et
739 5668 858 5725 ideo
886 5669 1027 5727 Novi
1076 5666 1401 5724 Testamenti
1445 5664 1716 5722 mediator
1742 5670 1839 5732 est,
1872 5665 2006 5733 etc.,
2035 5662 2226 5737 usque

580 5759 652 5817 ad
684 5759 780 5835 qui
805 5759 981 5817 vocati
1007 5764 1138 5816 sunt
1188 5762 1419 5816 aeternae
1457 5754 1816 5815 haereditatis.
1842 5755 2031 5813 Primo
2076 5755 2226 5812 eriim

2303 2040 2405 2097 ubi
2423 2043 2548 2097 erat
2576 2034 2829 2110 populus
2859 2035 3014 2099 ante,
3047 2032 3185 2097 etc.,
3216 2041 3389 2099 usque
3418 2023 3493 2080 ad
3520 2021 3751 2095 umbrae
3792 2016 3977 2075 tolle-

2304 2133 2526 2186 rentur.
2550 2128 2633 2200 (S.
2661 2127 2834 2197 Aug.,
2882 2124 2946 2179 in
2970 2119 3118 2193 psai.
3172 2130 3370 2186 num,
3402 2117 3547 2172 tom.
3596 2110 3693 2179 IV,
3740 2113 3895 2183 part.
3931 2123 3975 2177 1,

2307 2219 2417 2276 col.
2451 2216 2604 2289 934,)

2375 2309 2495 2366 Cur
2523 2309 2721 2364 autem
2750 2319 2869 2358 non
2919 2300 3112 2357 dicam
3145 2298 3437 2370 praecepta
3480 2290 3605 2357 illa,
3648 2291 3760 2346 etc.
3794 2301 3979 2359 usque

2307 2399 2379 2456 ad
2406 2396 2545 2454 boni
2573 2411 2689 2451 non
2718 2392 2882 2448 ﬁant.
2914 2390 3027 2460 (Id.
3054 2388 3213 2460 epist.
3239 2384 3312 2441 ad
3339 2384 3680 2454 Hieronym,
3712 2382 3864 2434 tom.
3896 2378 3975 2447 Π,

2308 2486 2420 2545 col.
2451 2486 2603 2552 281.)

2379 2576 2487 2633 Sed
2518 2577 2579 2631 in
2608 2573 2741 2644 ipsis
2769 2572 3208 2627 commemoratio
3234 2569 3599 2637 peccatorum,
3631 2560 3765 2625 etc.,
3784 2569 3981 2627 usque

2310 2667 2383 2723 ad
2408 2643 2642 2736 auferri
2653 2667 2893 2734 peccata.
2920 2656 3229 2713 Manifeste
3258 2651 3566 2723 Scriptura
3592 2648 3870 2713 testatur,
3902 2643 3979 2698 il-

2309 2756 2435 2813 lum
2466 2733 2839 2826 sanguinem,
2862 2751 2997 2817 etc.,
3022 2760 3188 2817 usque
3204 2742 3276 2799 ad
3303 2736 3813 2815 praeﬂgurababur.
3837 2733 3976 2804 (Id.,

2308 2849 2450 2902 tom.
2486 2844 2558 2910 II,
2589 2844 2743 2915 part.
2774 2858 2817 2908 ι,
2844 2836 2954 2895 col.
2984 2835 3135 2903 703.)

2380 2934 2505 2991 Ideo
2890 2924 3161 2982 mundum
3202 2921 3361 2988 dicit,
3384 2924 3523 2984 etc.,
3576 2931 3764 2989 usque
3808 2913 3981 3004 adut

2309 3025 2539 3098 faciam,
2569 3001 2733 3086 Deus,
2766 3018 3100 3074 voluntatem
3126 3021 3298 3070 tuam.
3328 3005 3695 3067 Sacriﬁcium
3726 3008 3784 3061 et
3808 3001 3975 3059 obla-

2311 3095 2533 3171 tionem
2563 3107 2829 3174 noluisti,
2863 3105 2945 3162 ait
2963 3101 3234 3161 Domino.
3266 3096 3505 3171 Antiqui
3527 3095 3707 3164 enim,
3728 3097 3861 3163 etc.,
3878 3108 3971 3149 us-

2311 3220 2414 3277 que
2442 3202 2513 3258 ad
2543 3201 2698 3257 Deus
2729 3212 2918 3262 meus,
2948 3192 3127 3251 volui.
3161 3191 3294 3261 (Id.,
3325 3191 3387 3247 in
3411 3187 3555 3261 psal.
3584 3201 3780 3251 χχχιιι,
3820 3186 3968 3239 tom.

2320 3293 2414 3360 IV,
2444 3294 2596 3364 part.
2627 3307 2668 3358 ι,
2701 3286 2809 3343 col.
2844 3286 2943 3341 441
2968 3288 3026 3339 ct
3054 3287 3203 3355 seq.)

2386 3361 2541 3440 sunt
2583 3378 2765 3435 etiam
2795 3374 2896 3449 qui
2944 3371 3270 3440 universas,
3300 3372 3437 3436 etc.,
3485 3380 3660 3438 usque
3705 3362 3777 3420 ad
3823 3364 3883 3419 et
3909 3361 3969 3417 in

2314 3470 2593 3529 Ecclesia.
2646 3467 2780 3541 (Id.,
2831 3467 2895 3520 in
2917 3462 3061 3537 psal.
3110 3479 3199 3530 cn,
3244 3463 3393 3525 tom,
3442 3455 3537 3525 1V,
3589 3457 3722 3528 part
3749 3468 3810 3521 ιι,
3854 3449 3970 3507 col.

2315 3560 2505 3630 4962.)
3631 3582 3636 3590 .

2387 3646 2687 3722 Sapientia
2716 3641 3022 3701 mdiﬁcavit
3051 3639 3164 3697 sibi
3196 3639 3466 3705 domum,
3485 3639 3544 3690 et
3566 3631 3828 3690 suﬂ'ulsit
3871 3645 3974 3685 co-

2316 3716 2555 3795 lumnas
2583 3739 2828 3808 septem,
2861 3735 2995 3799 etc.,
3027 3726 3277 3801 usquead
3294 3720 3783 3799 participantibus
3804 3716 3975 3774 mini-

2318 3832 2558 3886 stratur.
2589 3805 2723 3897 (Id.,
2756 3823 2856 3878 lib.
2889 3820 2954 3877 de
2983 3820 3212 3875 Civitate
3240 3817 3364 3884 Dei,
3396 3817 3540 3869 tom.
3572 3809 3697 3878 vn,
3724 3805 3838 3863 col.
3867 3806 3974 3862 555

2319 3922 2377 3975 et
2404 3914 2556 3989 seq.)

2390 4006 2655 4079 Superius
2682 4003 2884 4068 dicens,
2918 4003 3053 4067 etc.,
3085 4011 3275 4069 usque
3305 3995 3378 4051 ad
3409 4000 3461 4049 et
3486 3989 3817 4049 sacerdotem
3848 4002 3973 4041 ma-

2319 4076 2493 4166 gnum
2504 4108 2668 4165 super
2680 4091 2910 4149 domum
2921 4085 3250 4144 Dei.Verus
3274 4082 3371 4160 ille
3382 4080 3693 4145 mediator,
3721 4076 3785 4132 in
3797 4090 3975 4149 quan-

2320 4164 2450 4241 tum
2473 4164 2724 4239 formam
2754 4183 2890 4245 etc.,
2920 4191 3089 4249 usque
3129 4174 3201 4230 ad
3248 4169 3659 4245 plenissimam
3706 4164 3975 4240 perduce-

2323 4290 2477 4330 mur.
2507 4271 2615 4341 Id.,
2651 4270 2749 4325 lib.
2783 4285 2821 4323 x
2849 4266 2915 4323 de
2959 4265 3190 4321 Civitate
3216 4262 3342 4330 Dei,
3383 4263 3528 4316 tom.
3559 4256 3682 4322 VII,
3730 4253 3849 4311 col:
3869 4253 3974 4309 298

2322 4367 2719 4508 etjscqedamus
2745 4464 2871 4504 cum
2894 4460 3022 4504 vero
3049 4442 3210 4500 corde
3248 4445 3386 4506 etc.,
3436 4452 3627 4510 usque
3666 4435 3744 4493 ad
3779 4440 3975 4507 quando

2321 4541 2572 4599 videritis
2600 4538 3139 4611 appmpusqumitem
3163 4532 3312 4588 diem
3348 4527 3565 4587 Fidelis
3604 4523 3888 4582 Dominus
3912 4523 3973 4577 in

2321 4631 2516 4687 verbis
2547 4628 2693 4686 suis.
2725 4625 2878 4691 Quid
2897 4624 3057 4683 enim
3091 4619 3384 4695 promisit,
3414 4621 3554 4684 etc.,
3600 4630 3774 4688 usque
3816 4612 3889 4668 ad
3912 4612 3974 4667 in

2246 4691 2295 4755 Β
2324 4720 2601 4777 omnibus
2630 4715 2908 4790 operibus
2945 4691 3112 4772 suis:
3145 4712 3279 4785 (Id.,
3306 4711 3370 4766 in
3409 4708 3557 4781 μαι.
3604 4721 3792 4774 mw,
3833 4706 3970 4758 tom.

2328 4809 2420 4878 IV,
2446 4812 2597 4883 part.
2631 4824 2694 4877 ιι,
2716 4805 2829 4863 col.
2865 4805 3006 4863 1880
3034 4807 3094 4860 et
3118 4800 3270 4874 seq.)

2399 4882 2716 4956 Vciuntarie
2742 4896 2898 4953 sitim
2943 4892 3314 4967 peccantibus,
3362 4892 3505 4955 etc.,
3554 4898 3745 4956 usque
3790 4882 3862 4937 ad
3888 4896 3974 4938 ns-

2323 4989 2551 5061 portetis
2576 4986 3011 5059 promissionem.
3032 4983 3179 5039 Ecce
3202 4980 3363 5036 enim
3407 4974 3723 5040 Dominus,
3761 4970 3973 5044 inquit,

2329 5060 2400 5134 ut
2426 5076 2581 5150 ignis
2612 5074 2824 5144 veniet,
2858 5077 2995 5142 etc.,
3026 5087 3198 5147 usque
3225 5069 3297 5126 ad
3322 5083 3459 5126 eam
3502 5068 3667 5122 sunt.
3710 5061 3848 5133 (Id.,
3876 5060 3971 5116 lib.

2331 5167 2395 5224 de
2428 5168 2666 5233 Civitate
2693 5166 2817 5232 Dei,
2852 5166 2995 5220 tom.
3026 5161 3153 5230 VII,
3180 5158 3291 5216 col.
3324 5157 3477 5226 692.)
3795 5194 3799 5199 .

2405 5256 2590 5313 Adhuc
2618 5257 2763 5312 enim
2794 5253 3091 5323 modicum,
3121 5253 3256 5315 etc.,
3287 5261 3478 5320 usque
3528 5244 3603 5300 ad
3630 5241 3727 5299 sed
3769 5240 3891 5313 ﬁdet
3918 5242 3976 5296 in

2332 5346 2755 5419 acquisitionem
2801 5344 3021 5399 animm.
3072 5339 3227 5397 Justi
3272 5336 3421 5393 recti
3464 5332 3722 5392 exultate
3764 5330 3825 5386 in
3849 5330 3975 5386 Do-

2334 5435 2515 5504 mino,
2548 5440 2683 5503 etc.,
2715 5450 2886 5507 usque
2910 5431 2982 5488 ad
3010 5435 3069 5487 et
3096 5429 3426 5486 vincentem
3457 5426 3718 5481 coronat.
3740 5420 3876 5492 (Id.‘
3916 5422 3975 5476 in

2329 5526 2471 5600 psal.
2505 5542 2682 5593 χχχιι,
2713 5527 2857 5580 tom.
2880 5522 2970 5578 IP.
3003 5523 3153 5596 part.
3187 5537 3227 5588 ι,
3252 5516 3371 5576 col.
3400 5517 3554 5584 279.)

2973 5635 3207 5697 CAPUT
3244 5635 3336 5693 XI.
3934 5628 3954 5649 λ’

2405 5753 2497 5811 Est
2577 5757 2761 5809 autem
2833 5748 2966 5823 ﬁdes
3044 5742 3451 5822 sperandam”:
3516 5735 3827 5797 adstantis
3890 5748 3967 5793 re»
