4114 6456
152 398 275 463 41⁸7

1011 399 1423 465 EXPOSI'I‘IO
1466 402 1545 465 IN
1592 400 1761 465 EPP.
1807 402 2065 466 PAULI.
2099 436 2177 449 --
2206 402 2328 466 EP.
2374 404 2478 467 AD
2524 400 2758 466 HEBR.

3469 405 3589 469 418

154 550 307 602 νινη,
365 534 503 601 etc.,
559 546 753 605 usque
805 534 879 591 ad
943 536 1230 595 consecuti.
1275 544 1410 595 sunt
1458 552 1629 595 senes.
1689 536 1908 606 HccA
1934 535 2231 611 principes
2257 541 2496 612 propter
2524 537 2783 594 Pilatum
2808 535 3249 609 intellexerunt,
3293 538 3396 612 qui
3428 538 3590 597 testi-

154 625 245 679 est
274 620 440 676 enim
470 619 603 677 laus
632 621 791 691 ﬁdei,
813 621 863 678 si
894 622 1050 695 quod
1083 622 1358 694 creditur,
1391 629 1523 692 etc.,
1557 641 1726 698 usque
1753 625 1824 682 ad

152 727 293 785 qua
320 727 443 767 nou
468 709 763 769 videntur.
795 712 881 783 (S.
901 713 1074 786 Aug.,
1108 715 1169 770 in
1187 714 1370 783 10am,
1400 719 1523 772 tom
1546 715 1644 772 III.
1668 718 1819 788 part.

149 817 231 868 ιν,
264 799 383 859 col.
420 799 606 874 1837.)

217 889 353 945 Fide
385 890 769 962 intelligimus,
803 894 937 958 etc.,
985 908 1175 965 usque
1224 893 1297 948 ad
1328 908 1455 965 quae
1507 908 1608 966 per
1660 894 1824 965 ﬁdem

141 987 237 1046 est,
272 980 446 1036 nares
475 987 555 1036 est
592 981 897 1036 institutus.
931 980 1389 1040 Cousideremus
1417 998 1487 1039 ea
1518 1000 1649 1056 quae
1681 982 1817 1040 fecit

148 1069 334 1136 Deus,
364 1072 502 1137 etc.,
534 1086 708 1144 usque
736 1060 1027 1143 adusque
1066 1088 1223 1128 nunc
1268 1076 1562 1145 operatur.
1594 1073 1725 1145 (Id.,
1757 1073 1823 1129 de

152 1157 284 1215 Gen.
318 1158 390 1214 ad
420 1159 693 1227 litteram,
719 1163 842 1217 tom
877 1160 974 1230 III,
1002 1164 1159 1233 part,
1185 1178 1225 1228 1,
1254 1161 1362 1218 col.
1389 1162 1495 1218 333
1517 1167 1575 1218 et
1600 1166 1749 1235 seq.)

221 1266 295 1321 In
327 1263 616 1338 principio
648 1266 786 1322 fecit
813 1267 968 1323 Deus
999 1266 1213 1324 coelum
1245 1271 1305 1324 et
1347 1272 1585 1325 terram.
1622 1270 1817 1339 Terra,

148 1361 291 1423 etc.,
322 1371 501 1428 usqum
521 1355 594 1410 ad
623 1356 885 1412 condidit
923 1357 1234 1413 mundum.
1285 1359 1421 1426 (Id.,
1472 1367 1665 1417 contra
1693 1362 1820 1416 Μα-

146 1444 328 1511 nich.,
362 1447 507 1499 tom.
541 1442 641 1512 ΙΙΙ,
673 1448 823 1517 part.
859 1463 896 1513 1,
930 1444 1038 1500 col.
1074 1446 1177 1500 176
1207 1450 1265 1501 et
1296 1450 1446 1518 seq.)

220 1548 359 1607 Fide
383 1553 486 1623 qui
510 1559 739 1607 vocatur
768 1554 1066 1622 Abraham,
1101 1557 1237 1621 etc.,
1297 1569 1487 1626 usque
1535 1555 1607 1610 ad
1664 1556 1820 1628 cujus

147 1641 363 1712 arti/ee:
386 1647 439 1696 et
466 1639 716 1696 conditor
738 1642 899 1697 Deus.
932 1642 1144 1698 Beatus
1174 1642 1530 1715 Stephanus,
1563 1646 1695 1711 etc.,
1720 1660 1820 1700 us-

143 1746 253 1802 que
282 1729 570 1785 adfuerat
615 1731 998 1802 amputanda.
1031 1731 1162 1801 (Id.,
1224 1732 1321 1787 lib.
1354 1731 1421 1789 de
1472 1734 1637 1790 Civil.
1696 1733 1814 1789 Dei.

144 1824 299 1885 tom.
326 1817 454 1886 VII,
487 1817 599 1874 col.
634 1819 739 1874 495
769 1823 826 1876 et
856 1824 1007 1892 seq.)

221 1907 360 1964 Fide
390 1915 443 1964 et
471 1909 595 1981 ipsa
617 1907 763 1964 Sara
791 1907 1027 1981 sterilis,
1062 1913 1204 1982 etc.,
1238 1927 1432 1983 usque
1475 1912 1549 1967 ad
1580 1912 1652 1967 ad
1677 1929 1831 1969 oram
1858 1913 1907 1980 B

142 1998 326 2077 maris
367 1997 820 2054 innumerabilis.
876 1998 1063 2054 Ambo
1119 1999 1380 2056 seniores
1438 2005 1625 2069 erant,
1684 2006 1822 2072 etc.,

146 2104 327 2158 usque
355 2085 426 2141 ad
455 2090 547 2142 est
606 2084 845 2143 mortui.
881 2088 1012 2160 (Id.,
1048 2089 1146 2143 lib.
1203 2104 1344 2144 xvm
1375 2089 1440 2144 de
1495 2090 1655 2146 Civil.
1717 2093 1825 2147 Dei

146 2174 303 2233 tom.
336 2174 465 2242 VII,
500 2173 588 2231 col
620 2176 726 2231 507
757 2180 815 2232 et
844 2181 995 2249 seq.)

224 2263 419 2321 Natus
450 2268 541 2320 est
571 2264 772 2337 itaque
797 2264 1065 2334 Abrahae,
1097 2270 1230 2335 etc.,
1263 2282 1436 2339 usque
1463 2268 1533 2323 ad
1566 2284 1822 2340 congau-

151 2352 323 2409 debit
355 2351 522 2409 mihi.
553 2353 689 2425 (Id.,
719 2371 789 2410 ex
819 2355 915 2410 lib.
949 2353 1014 2410 de
1035 2353 1198 2411 Civil.
1221 2356 1339 2423 Dei,
1363 2360 1511 2414 tom.
1552 2360 1675 2426 VII,
1710 2356 1820 2413 col.

229 2536 405 2593 Juwta
432 2533 594 2605 ﬁdem
621 2533 871 2605 defuncti
898 2542 1049 2600 sunt,
1082 2538 1216 2602 etc.,
1250 2551 1438 2608 usque
1478 2536 1551 2592 ad
1593 2538 1826 2593 Paravit

156 2625 317 2680 enim
345 2624 463 2679 illis
483 2625 777 2679 civitatem.
801 2622 951 2689 Quid
980 2628 1071 2679 est
1099 2624 1254 2696 quod
1291 2624 1435 2680 dixit
1461 2624 1665 2694 Jacob,
1688 2629 1823 2698 etc.,

154 2730 337 2785 usque
375 2711 446 2768 ad
475 2711 761 2768 Dominus
820 2711 1148 2785 pollicetur.
1179 2713 1310 2783 (Id.,
1375 2715 1473 2769 lib.
1530 2720 1731 2786 Quwst.
1765 2718 1826 2772 in

160 2802 297 2859 Gen.
331 2806 474 2857 tom.
511 2800 606 2869 ΙΙΙ,
632 2819 688 2874 p.
719 2819 758 2871 1,
792 2790 882 2857 col
910 2801 1060 2873 590.)

232 2908 443 2969 Incola
464 2925 570 2981 ego
604 2925 737 2965 sum
766 2909 829 2965 in
849 2914 1026 2977 terra,
1051 2914 1189 2976 etc.,
1212 2888 1384 2985 usque
1411 2910 1483 2966 ad
1504 2912 1831 2985 peregrina-

158 3003 264 3055 tur
291 3015 328 3054 a
362 2998 630 3054 Domino.
665 2998 798 3067 (Id.,
824 3000 880 3054 in
908 2999 1113 3071 psalm.
1138 3016 1332 3065 CXVIII,
1366 3002 1511 3057 tom.
1545 3000 1641 3071 IV,
1674 3019 1732 3074 p.
1761 3017 1823 3070 11,

158 3087 274 3145 col.
311 3088 451 3143 1518
473 3092 532 3144 et
561 3091 712 3160 seq.)

231 3177 372 3235 Ideo
403 3193 522 3233 non
552 3177 937 3233 confunditur
964 3178 1118 3233 Deus
1160 3179 1357 3235 vocari
1396 3179 1551 3234 Deus
1600 3195 1827 3247 eorum,

157 3266 393 3340 paravit
420 3265 578 3322 enim
608 3265 726 3321 illis
756 3266 1073 3324 civitatem.
1131 3268 1426 3324 Abraham
1485 3272 1543 3323 et
1580 3269 1740 3324 Isaac
1771 3273 1829 3324 et
1857 3281 1903 3349 ρ

156 3356 370 3425 Jacob,
403 3360 537 3422 etc.,
570 3372 742 3428 usque
769 3356 840 3412 ad
870 3357 1147 3413 custodit.
1182 3358 1313 3430 (Id.,
1336 3364 1525 3414 contra
1543 3359 1823 3427 Faustum,

156 3450 309 3501 tom.
343 3443 496 3512 VIII,
527 3442 635 3500 col.
669 3445 821 3515 454.)

233 3550 377 3608 Fide.
397 3551 605 3608 obtulit
625 3551 902 3607 Abraham
929 3553 1103 3622 Isaac,
1124 3555 1263 3625 etc.,
1283 3569 1475 3626 usque
1505 3554 1577 3609 ad
1609 3553 1833 3612 benedi-

162 3643 258 3699 xit
286 3644 451 3698 Isaac
471 3640 701 3699 etJacob
729 3647 782 3698 et
808 3642 975 3697 Esau.
1007 3639 1167 3697 Hanc
1198 3657 1339 3716 ergo
1375 3642 1831 3715 promissionem

160 3735 344 3806 pater
368 3729 505 3803 pius
535 3729 793 3787 ﬁdeliter
819 3734 1046 3801 tenens,
1100 3734 1204 3788 etc.
1216 3774 1236 3804 ,
1293 3748 1465 3805 usque
1517 3732 1588 3789 ad
1644 3732 1831 3807 spinis

165 3819 445 3878 Judaicis
474 3823 811 3879 coronatus.
844 3820 978 3894 (Id.,
1014 3821 1114 3877 lib.
1144 3837 1239 3879 xv1
1267 3820 1333 3879 de
1365 3822 1525 3879 Civil.
1561 3824 1659 3879 Dei
1682 3826 1829 3880 tom.

164 3910 300 3983 νΠέ,
333 3907 445 3967 col.
475 3909 573 3967 5H

236 4000 459 4074 Magna
486 4000 653 4071 ﬁdes,
687 4014 906 4074 magna
932 4000 1143 4074 pietas,
1177 4004 1315 4073 etc.,
1337 4016 1508 4073 usque
1525 4000 1598 4057 ad
1616 4002 1835 4074 impos-

163 4089 345 4149 sibile
401 4105 538 4147 esse
589 4089 864 4147 Creatori.
927 4090 1059 4160 (Id.,
1120 4106 1285 4147 serm.
1340 4091 1405 4147 de
1459 4092 1836 4149 immolatione

163 4183 349 4249 Isaac,
382 4182 526 4237 tom.
556 4178 626 4252 ν,
657 4197 723 4253 p.
761 4198 801 4249 1,
833 4179 943 4235 col.
974 4178 1095 4242 27.)

241 4268 381 4328 Fide
400 4270 564 4327 Iacob
592 4271 853 4337 moriens,
880 4260 1021 4337 etc.,
1051 4285 1240 4343 usque
1270 4271 1368 4339 ad,
1417 4271 1698 4344 excipiens
1737 4286 1839 4328 ωιο

162 4361 475 4435 planiores
502 4374 630 4415 cum
643 4375 801 4432 pace.
832 4358 982 4427 Quid
1013 4363 1106 4416 est
1133 4360 1292 4432 quod
1351 4360 1635 4431 adoravit,
1698 4363 1832 4432 etc.,

165 4466 351 4523 usque
377 4450 448 4505 ad
478 4449 561 4505 rei
589 4449 800 4505 futura:
828 4465 945 4522 prae
975 4448 1359 4523 ﬁgurabatur.
1392 4449 1500 4521 (Id.
1536 4450 1740 4519 Quaest.
1774 4451 1837 4506 in

170 4541 333 4607 Gem,
362 4543 486 4596 tom
517 4538 627 4606 III,
650 4555 709 4612 μ
746 4539 798 4607 1,
840 4538 950 4595 col.
983 4538 1155 4611 583.).

1930 624 2198 681 monium
2227 627 2493 698 ejusdem
2528 626 2743 699 psalmi
2778 625 3195 684 adhibuerunt.

2002 716 2066 771 In
2096 715 2302 771 Vetere
2357 718 2754 786 Testamento,
2814 716 3051 788 quando
3108 718 3587 788 oommeudabas,

1931 806 2066 871 etc.,
2093 821 2269 878 usque
2292 805 2367 861 ad
2396 805 2456 861 in
2477 804 2729 862 Domino
2749 809 3196 878 praecesserunt.
3231 806 3367 879 (Id.,
3395 807 3499 863 lib.
3526 807 3591 864 de

1932 893 2080 951 Crat.
2113 896 2253 951 Novi
2282 896 2622 963 Testamenti,
2645 899 2790 951 tom.
2826 895 2896 964 II,
2932 895 3045 950 col.
3072 896 3182 951 546
3209 899 3268 951 et
3297 899 3458 969 seq.)

2001 985 2118 1040 Alii
2144 992 2329 1040 autem
2357 985 2589 1041 distanti
2613 991 2764 1053 sunt,
2785 988 2918 1052 etc.,
2944 1000 3132 1057 usque
3163 985 3235 1040 ad
3254 991 3321 1040 ut
3343 990 3455 1042 non
3471 986 3595 1041 sine

1927 1074 2084 1130 nobis
2113 1064 2652 1131 comummarentm'.
2682 1075 2757 1129 Et
2782 1074 2843 1128 in
2867 1072 2988 1129 illis
3019 1073 3309 1146 patribus,
3343 1076 3480 1147 etc.,
3507 1085 3595 1131 us-

1930 1180 2030 1236 que
2058 1164 2129 1220 ad
2158 1162 2424 1221 Ecclesia
2456 1180 2598 1219 meo:
2631 1162 2896 1219 minimis
2921 1163 3090 1220 meis.
3120 1163 3308 1237 (lbid.,
3342 1170 3487 1220 tom.
3516 1163 3590 1231 II,

1930 1251 2040 1308 eol.
2073 1253 2182 1308 549
2210 1256 2269 1308 et
2305 1251 2455 1325 seq.)

2563 1386 2799 1443 CAPUT
2831 1387 2953 1442 XII.

2000 1519 2230 1592 Ideoque
2252 1528 2303 1575 et
2340 1536 2441 1576 nos
2479 1528 2690 1577 tantam
2724 1521 2995 1577 habentes
3026 1520 3340 1592 impositam
3391 1521 3593 1576 nubem

1927 1611 2171 1676 testium,
2202 1613 2337 1678 etc.,
2372 1626 2560 1683 usque
2590 1610 2663 1665 ad
2697 1618 2857 1682 atque
2886 1612 2948 1665 in
2978 1610 3208 1666 dextera
3227 1609 3373 1666 sedis
3399 1611 3496 1666 Dei
3513 1622 3595 1666 se-

1930 1698 2212 1755 det.Tuuc
2243 1698 2401 1754 enim
2433 1702 2493 1754 et
2520 1697 2613 1755 lex
2640 1698 2943 1771 impletur,
2971 1701 3106 1766 etc.,
3140 1713 3315 1771 usque
3341 1698 3414 1753 ad
3443 1712 3592 1770 quas

1927 1804 2225 1860 nusquam
2259 1788 2515 1844 futurus.
2539 1788 2674 1858 (Id.,
2708 1786 2792 1853 lib
2816 1788 2881 1844 de
2901 1787 3307 1844 catechizandis
3326 1786 3591 1858 Rudibus,

1936 1880 1994 1933 et
2020 1881 2164 1933 tom.
2196 1877 2293 1945 VI,
2326 1876 2440 1933 col.
2475 1878 2578 1933 33S
2611 1876 2761 1950 seq.)

2005 1967 2305 2038 Recogitate
2333 1968 2483 2022 enim
2508 1982 2656 2034 eum,
2688 1970 2823 2035 etc.,
2858 1982 3045 2039 usque
3075 1967 3147 2022 ad
3175 1966 3436 2022 adversus
3460 1983 3592 2038 pec-

1929 2063 2112 2111 catum
2140 2063 2522 2128 repugnantes.
2557 2055 2875 2112 Perfectior
2899 2055 2960 2110 in
2989 2055 3102 2111 hac
3142 2055 3280 2122 vita,
3312 2059 3453 2124 etc.,
3495 2072 3590 2110 us-

1931 2162 2034 2217 que
2062 2146 2132 2201 ad
2164 2145 2367 2218 utique
2396 2149 2701 2218 martyres.
2734 2145 2866 2218 (1d,,
2897 2161 3059 2201 serm.
3094 2145 3161 2201 de
3193 2145 3340 2201 verb.
3396 2149 3587 2216 Αρωά

1931 2238 2073 2290 tom.
2106 2233 2173 2303 V,
2208 2252 2267 2307 p.
2299 2251 2342 2301 1,
2375 2233 2485 2289 col.
2510 2234 2660 2305 868.)

2002 2325 2067 2379 Et
2093 2324 2251 2379 obliti
2278 2325 2404 2380 estis
2451 2323 2858 2391 consolationis,
2910 2327 3046 2392 etc.,
3089 2339 3281 2395 usque
3338 2323 3411 2378 ad
3461 2336 3592 2392 ergo

1932 2412 2172 2469 adulteri
2199 2421 2250 2469 et
2278 2429 2390 2469 non
2418 2413 2527 2485 ﬁlii
2554 2415 2702 2469 estis.
2738 2412 2801 2468 In
2863 2411 3092 2468 Christo
3145 2411 3223 2468 sit
3272 2428 3448 2484 quem
3503 2411 3593 2467 vis

1933 2520 2061 2558 esse
2094 2501 2515 2571 Christianum,
2577 2505 2711 2571 etc.,
2770 2518 2943 2573 usque
2972 2501 3043 2557 ad
3099 2500 3160 2556 in
3215 2501 3595 2574 passionibus

1934 2591 2080 2648 suis.
2114 2592 2248 2665 (Id.,
2277 2591 2342 2647 de
2371 2593 2545 2659 Past.,
2578 2594 2722 2646 tom.
2754 2590 2827 2657 V,
2856 2594 3008 2663 part.
3042 2607 3082 2657 1,
3117 2589 3224 2645 col.
3253 2591 3405 2659 276.)

2007 2678 2290 2753 Flagellat
2340 2684 2536 2736 autem
2595 2696 2831 2735 omnem
2883 2680 3095 2746 ﬁlium,
3156 2684 3289 2747 etc.,
3329 2695 3498 2751 usque
3525 2678 3597 2734 ad

1935 2768 2062 2825 sine
2095 2768 2342 2843 ﬂagello.
2371 2770 2503 2841 (Id.,
2530 2771 2591 2825 in
2614 2769 2758 2842 psal.
2788 2785 2952 2826 xxxw
2988 2774 3046 2825 et
3072 2785 3283 2839 xxxvu,
3315 2772 3456 2824 tom.
3496 2767 3594 2836 IV,

1936 2876 1992 2932 p.
2027 2877 2068 2930 1,
2102 2858 2191 2915 col
2221 2860 2374 2928 274.)

2008 2950 2191 3014 Quem
2222 2948 2378 3004 enim
2412 2947 2602 3022 diligit
2629 2947 2916 3004 Dominus
2946 2946 3208 3021 corripit,
3251 2950 3383 3015 etc.,
3424 2962 3596 3019 usque

1935 3037 2007 3093 ad
2033 3037 2093 3092 in
2125 3036 2468 3094 inﬁrmitate
2526 3037 2846 3110 perﬁcitur.
2900 3038 3027 3109 (Id.,
3061 3039 3119 3093 in
3167 3037 3310 3109 psal.
3367 3052 3592 3106 Lxxxur,

1935 3130 2078 3182 tom.
2114 3125 2206 3196 1V,
2240 3144 2298 3199 p.
2330 3144 2394 3194 11,
2427 3125 2535 3183 col.
2570 3127 2753 3195 1145.)

2008 3215 2252 3283 Quando
2281 3216 2525 3289 corripit
2556 3216 2727 3284 Deus,
2761 3218 2895 3282 etc.,
2930 3231 3103 3288 usque
3130 3214 3201 3270 ad
3229 3214 3593 3286 comparatio

1939 3308 2238 3360 creaturae.
2274 3305 2404 3376 (Id.,
2439 3305 2516 3361 lib
2546 3305 2611 3361 de
2636 3306 2785 3362 Sent.
2841 3305 3118 3377 Prosperi,
3154 3307 3297 3360 tom.
3328 3302 3397 3369 X,
3437 3320 3495 3375 p.
3531 3319 3592 3370 11,

1937 3392 2047 3461 col,
2081 3394 2264 3467 1882.)

2010 3482 2262 3539 Multum
2293 3488 2383 3540 est
2411 3486 2606 3540 autem
2639 3483 2817 3556 quod,
2849 3486 2984 3550 etc.,
3010 3498 3182 3555 usque
3224 3481 3295 3537 ad
3347 3480 3594 3537 unicum

1938 3572 2321 3647 ﬂagellatam.
2358 3573 2487 3647 (Id.,
2526 3575 2585 3629 in
2623 3574 2766 3646 psal.
2808 3588 3078 3644 Lxxxvm,
3123 3575 3269 3628 tom.
3310 3570 3407 3640 IV,
3438 3587 3492 3643 p.
3527 3587 3591 3640 11,

1938 3662 2048 3719 col.
2083 3663 2280 3733 1131.)
3548 3728 3555 3733 .

1988 3751 2343 3815 ,Misericors
2381 3753 2689 3841 quinus.
2721 3755 2856 3822 etc.,
2901 3766 3074 3826 usque
3103 3748 3595 3841 addiscipliuam

1938 3846 2106 3915 pater
2134 3843 2282 3915 ejus.
2318 3838 2461 3916 (Id.,
2482 3844 2540 3899 in
2568 3843 2712 3915 psal.
2774 3858 2923 3912 cx1v,
2955 3846 3099 3898 tom.
3133 3840 3233 3913 IV,
3289 3857 3350 3913 p.
3383 3855 3448 3906 11,
3480 3838 3593 3896 eol.

2013 4020 2158 4086 Quia
2188 4037 2304 4078 non
2335 4020 2575 4094 repellet
2602 4021 2913 4088 Dominus,
2944 4023 3079 4089 etc.,
3128 4034 3303 4093 usque
3341 4018 3415 4075 ad
3444 4021 3598 4075 tom-

1941 4108 2139 4184 porale
2169 4114 2276 4167 est.
2312 4110 2443 4183 (Id.,
2475 4111 2536 4167 in
2578 4111 2722 4184 psal.
2781 4126 2912 4179 xcv,
2943 4112 3086 4166 tom.
3141 4107 3235 4176 IV,
3267 4124 3326 4181 p.
3386 4124 3448 4177 11,
3481 4106 3591 4164 col.

2012 4289 2215 4362 Neque
2243 4289 2558 4362 quisquam
2590 4288 2843 4362 superbe
2871 4288 2944 4344 de
2978 4303 3045 4343 se
3081 4287 3422 4359 praesumat,
3455 4286 3601 4352 etc.,.

1941 4395 2115 4453 usque
2137 4379 2211 4436 ad
2237 4382 2606 4436 convertatur
2634 4378 2696 4433 in
2724 4377 2973 4433 luctum.
2995 4375 3130 4446 (Id.,
3156 4377 3218 4431 in
3240 4374 3387 4448 psal.
3408 4386 3594 4441 mw,

1941 4472 2084 4526 tom.
2116 4467 2213 4538 VI,
2243 4471 2394 4541 part.
2429 4468 2472 4537 Ι,
2505 4466 2615 4524 col.
2647 4465 2796 4540 946.)

2013 4558 2236 4616 Deinde
2258 4566 2442 4631 patres
2472 4556 2709 4632 quidem,
2734 4560 2871 4622 etc.,
2893 4570 3083 4628 usque
3102 4553 3175 4610 ad
3207 4554 3269 4609 in
3286 4550 3597 4625 recipiendo

196 4648 201 4653 “
242 4649 313 4705 Ει
340 4644 675 4720 quidath
699 4647 881 4703 dicam
902 4649 933 4701 φ
960 4649 1093 4717 etc.,
1125 4661 1314 4719 usque
1342 4647 1414 4702 ad
1454 4648 1834 4718 repromissio-
1866 4663 1912 4728 Ι)
1941 4649 2429 4720 sanetiﬁeationem
2456 4648 2594 4720 ejus.
2627 4646 2823 4703 Donec
2851 4646 3163 4701 domamur
3188 4646 3246 4699 et
3290 4643 3603 4716 perdome.

167 4754 285 4796 nes.
320 4735 621 4794 Abraham
649 4752 767 4793 non
817 4735 1011 4793 solum
1043 4752 1159 4792 non
1204 4739 1293 4792 est
1345 4735 1637 4809 culpatus,
1697 4739 1831 4806 etc.,

170 4844 346 4903 usque
373 4827 443 4884 ad
474 4826 762 4885 miracula
816 4826 1085 4883 faciebat.
1120 4824 1248 4893 (Id.,
1281 4843 1352 4882 ea:
1398 4826 1495 4882 lib.
1554 4826 1622 4883 de
1673 4826 1832 4883 Civz't.

170 4920 295 4989 Dei,
330 4920 476 4974 tom.
507 4915 629 4985 VII,
665 4915 776 4973 col.
804 4916 920 4989 35.)

246 5008 654 5066 Obturaverunt
681 5023 780 5063 ora
810 5006 1047 5076 leonum,
1079 5010 1212 5070 etc.,
1245 5022 1434 5079 usque
1465 5007 1536 5063 ad
1570 5005 1634 5062 de
1653 5023 1837 5063 resur-

174 5099 417 5156 rectione
445 5104 686 5154 mortuos
714 5112 860 5154 suos.
903 5094 1193 5153 Pluralem
1242 5111 1556 5151 numerum
1582 5113 1688 5169 pro
1718 5095 1837 5151 sin-

176 5187 373 5263 gulari
402 5186 661 5261 positum
689 5203 818 5243 esse
840 5185 1260 5260 intelligamus,
1283 5186 1597 5242 clauserunt
1614 5202 1714 5242 ora
1737 5186 1841 5242 leo-

172 5294 336 5346 num,
373 5293 522 5334 cum
543 5276 712 5334 solus
734 5275 938 5333 Daniel
981 5274 1303 5350 signiﬁcari
1353 5274 1736 5349 intelligatur.
1768 5275 1840 5330 Et

176 5365 491 5443 pluraliter
520 5366 746 5422 dictum
773 5368 907 5422 secti
933 5374 1083 5433 sunt,
1117 5382 1253 5422 cum
1284 5365 1356 5422 de
1385 5364 1508 5421 solo
1539 5364 1690 5421 Isaia
1719 5369 1838 5420 tra-

178 5459 378 5515 datur.
411 5456 572 5512 Sicut
600 5455 661 5511 in
681 5456 909 5529 psalmo
933 5454 1108 5512 etiam
1132 5455 1287 5528 quod
1319 5455 1542 5512 dictum
1565 5459 1674 5523 est,
1698 5454 1838 5511 Asti-

178 5554 369 5606 terunt
407 5563 557 5616 reges
585 5553 827 5617 terra,“
851 5547 1131 5618 principes
1160 5552 1529 5602 convenerunt
1555 5547 1614 5601 in
1642 5561 1836 5613 unum,

177 5635 474 5711 pluralem
496 5650 813 5695 numerum
826 5651 933 5709 pro
942 5633 1233 5708 singulari
1242 5633 1503 5707 positum
1522 5634 1585 5690 in
1599 5633 1841 5690 Actibus

174 5725 584 5807 apostolorum
595 5723 1082 5805 exponiturﬁam
1097 5741 1267 5804 reges
1276 5728 1517 5804 propter
1528 5725 1840 5806 Herodem,

1945 4755 2100 4805 mur,
2129 4742 2265 4805 etc.,
2297 4754 2464 4812 usque
2490 4736 2562 4793 ad
2592 4739 2792 4809 parcat
2838 4734 2945 4791 tibi
2993 4738 3052 4790 et
3082 4734 3314 4790 deserat
3342 4737 3421 4788 te.
3463 4731 3598 4805 (Id.,

1944 4844 2115 4885 serm.
2174 4827 2241 4885 de
2268 4828 2415 4885 verb.
2481 4830 2710 4902 Evang,,
2768 4830 2914 4898 tom,
2945 4823 3014 4892 V,
3047 4841 3104 4897 p.
3138 4840 3177 4893 1,
3240 4821 3348 4879 col.
3408 4821 3515 4876 376
3543 4822 3607 4876 et“

1946 4919 2094 4991 seq.)

2021 5007 2209 5063 Omnis
2238 5015 2420 5063 autem
2448 5006 2765 5079 disciplina,
2799 5009 2930 5072 etc.,
2960 5018 3148 5075 usque
3182 5001 3255 5057 ad
3286 5001 3465 5071 magis
3497 5016 3597 5055 au—

1948 5105 2054 5154 tem
2106 5104 2347 5153 sanetur.
2383 5095 2768 5168 Disciplinam
2828 5110 3006 5166 quam
3064 5090 3243 5146 Graeci
3303 5087 3601 5162 appellant

1951 5186 2218 5261 paideian
2249 5203 2417 5260 usque
2445 5185 2515 5241 ad
2535 5185 2804 5257 justitiae.
2840 5184 2946 5256 (Id.
2979 5183 3041 5237 in
3054 5180 3197 5253 psal.
3229 5196 3419 5245 cxvm,
3454 5182 3597 5234 tom.

1948 5277 2039 5345 IV,
2074 5280 2224 5350 part.
2247 5280 2302 5345 2,
2336 5276 2445 5332 col.
2480 5277 2619 5331 1547
2650 5279 2709 5330 et
2732 5273 2881 5345 seq.)

2017 5366 2091 5423 Ut
2120 5365 2388 5422 nonnulli
2419 5365 2480 5422 in
2500 5369 2692 5421 Grzeco
2724 5359 3023 5434 epistimin
3055 5354 3415 5431 interpretati
3438 5357 3607 5425 sunt,

1948 5458 2081 5523 etc.,
2114 5471 2289 5528 usque
2312 5454 2400 5511 ad
2428 5453 2630 5510 reddet
2648 5448 2916 5524 justitiae.
2947 5447 3054 5521 (Id.
3085 5448 3185 5503 lib.
3234 5461 3333 5501 xw
3375 5442 3439 5499 de
3472 5444 3602 5500 Tri-

1947 5547 2051 5602 nit.
2083 5548 2227 5601 tom.
2257 5544 2409 5614 VIII,
2443 5543 2552 5600 col.
2588 5543 2727 5598 1836
2755 5544 2812 5596 et
2845 5543 2996 5612 seq.)

2020 5635 2218 5690 Paean
2259 5634 2575 5707 sequimini,
2607 5636 2740 5702 etc.,
2773 5645 2960 5703 usque
2991 5626 3063 5684 ad
3108 5624 3430 5697 inquisisset
3454 5638 3605 5680 eam.

1952 5723 2080 5784 Filii
2111 5723 2214 5786 Dei
2231 5740 2442 5784 sumus
2463 5726 2520 5782 et
2541 5736 2933 5802 agnoscamus
2942 5716 3101 5798 quod
3117 5714 3224 5777 ﬁlii
3241 5715 3371 5795 ejus
3391 5728 3606 5776 sumus
