4114 6454
478 346 596 404 427

1474 340 1547 403 Β.
1593 341 1660 401 S.
1706 336 1962 400 LUPUS
2009 332 2587 395 FERRARIENSIS
2631 331 2906 395 ABBAS.

3782 329 3911 390 428

1362 657 1527 808 Β.
1635 648 2478 810 SERVATI
2570 651 3021 810 ‘LUPI

786 912 1282 976 PRESBYTERI
1326 912 1428 972 ET
1470 909 1804 972 ABBATIS
1849 906 2427 969 FEBRABIENSIS
2473 908 2788 970 ORDlNlS
2832 905 3109 968 SANGTI
3150 905 3577 969 BENEDICTI

1868 1086 2528 1215 OPERA

484 1396 1021 1463 STEPHANUS
1076 1395 1522 1459 BALUZIUS
1579 1394 1901 1475 Tutelensis
1948 1394 2011 1452 in
2056 1412 2237 1454 unum
2293 1392 2545 1475 colkgit,
2597 1393 2877 1475 epistolas
2922 1394 3003 1456 ad
3047 1394 3223 1467 ﬁnem
3273 1394 3653 1457 vetustissimi
3691 1395 3919 1459 codiczs

1687 1473 2027 1537 emendavit
2059 1475 2329 1555 notisque
2358 1473 2706 1536 illustravit.

514 1613 695 1677 (Juxta
714 1612 1005 1664 editionem
1026 1625 1168 1663 anno
1192 1615 1311 1663 1710
1333 1611 1510 1661 datam
1535 1613 1589 1660 et
1608 1608 1994 1674 posterioribus
2015 1608 2156 1657 curis
2177 1607 2244 1657 ab
2273 1607 2389 1670 ipso
2410 1607 2623 1658 Baluzio
2645 1607 2828 1659 multis
2852 1608 2904 1658 in
2925 1608 3054 1660 locis
3075 1612 3289 1660 auctam
3312 1612 3473 1673 atque
3496 1609 3885 1675 emendatam.)

2018 1746 2364 1760 ψ’.-

1524 1854 1941 1927 STEPHANI
1998 1853 2327 1924 BALUZII
2384 1852 2865 1925 PRIEFATIO.

554 2122 758 2175 Annus
790 2119 987 2191 agitur
1015 2118 1373 2174 centesimus
1405 2121 1463 2172 et
1490 2116 1805 2172 vicesimus
1827 2133 1895 2172 ex
1915 2134 2028 2190 quo
2049 2119 2139 2173 vir
2167 2120 2221 2187 Α
2253 2117 2431 2173 editio
2462 2118 2733 2188 corrupte
2763 2114 3025 2170 obtrudit
3044 2117 3291 2172 recusias
3323 2117 3480 2185 illas;
3503 2132 3680 2187 quam
3711 2115 3744 2172 J
3751 2117 3913 2173 ureti

483 2208 849 2265 clarissimus
884 2205 1152 2279 Papirius
1184 2206 1495 2261 Massonus
1525 2204 1585 2259 in
1620 2204 1922 2278 publicum
1947 2206 2145 2262 emisit

481 2296 758 2371 epistolas
782 2296 949 2368 Lupi,
984 2294 1214 2352 abbatis
1244 2294 1587 2351 monasterii
1622 2296 2028 2363 Ferrariensis,
2050 2296 2143 2351 de-

483 2387 737 2459 scriptas
765 2402 835 2441 ex
860 2385 1158 2441 veteribus
1189 2384 1550 2441 membranis
1567 2385 1833 2456 ejusdem
1852 2388 2141 2441 monaste-

483 2476 576 2548 rii,
590 2492 841 2549 quarum
862 2473 945 2529 illi
960 2474 1190 2545 copiam
1212 2474 1428 2529 fecerat
1449 2473 1657 2529 Petrus
1670 2473 1872 2529 Daniel
1887 2472 2138 2529 ballivus

483 2564 603 2623 fani
633 2563 822 2621 sancti
853 2562 1151 2620 Benedicti
1183 2563 1256 2618 ad
1290 2561 1735 2635 Ligerim.Sane
1757 2562 2001 2617 dubium
2020 2580 2137 2618 non

483 2658 573 2712 est
601 2653 742 2727 quin
776 2652 1098 2725 plurimum
1131 2651 1452 2706 debeamus
1483 2649 1727 2705 eruditis
1755 2649 1971 2723 vigiliis
1990 2651 2140 2707 Mas-

483 2743 632 2813 soni,
652 2742 752 2815 qui
774 2739 1092 2798 nonnullos
1120 2744 1384 2795 veterum
1416 2739 1771 2811 scriptorum
1801 2738 1983 2796 libros
2005 2757 2035 2796 e
2056 2745 2137 2797 te-

481 2831 680 2889 nebris
700 2831 852 2888 eruit
877 2830 1094 2902 quibus
1117 2829 1339 2884 fortean
1356 2828 1638 2884 hactenus
1661 2845 2012 2885 careremus.
2027 2831 2135 2887 Sed

480 2927 679 2979 tamen
712 2919 1037 2993 Optandum
1061 2920 1217 2973 esset
1238 2920 1302 2972 ut
1331 2933 1508 2990 quam
1533 2916 1593 2972 in
1618 2917 2032 2989 conquirendis
2048 2936 2138 2976 ve-

481 3015 675 3068 terum
702 3007 1214 3065 lucubrationibus
1258 3007 1624 3080 diligentiam
1660 3008 1950 3079 adhibuit,
1982 3026 2133 3066 eam-

481 3101 615 3157 dem
629 3099 689 3155 in
701 3097 944 3155 edendis
955 3095 1535 3169 adhibuisset,neque
1547 3101 1727 3152 totam
1742 3097 2135 3156 ﬁduciamcol-

480 3188 732 3245 locasset
752 3187 812 3241 in
845 3185 1304 3241 amanuensibus
1316 3189 1372 3241 et
1384 3185 1658 3242 librariis.
1674 3187 1820 3241 Nam
1837 3186 1930 3243 his
1943 3187 2133 3261 impu-

479 3279 727 3336 tandum
760 3274 1010 3332 arbitror
1038 3275 1195 3347 quod
1224 3279 1488 3331 vetustos
1519 3280 1785 3333 auctores
1807 3294 1840 3333 a
1858 3277 2130 3336 Massono

480 3367 666 3431 editos
696 3368 818 3422 tam
849 3365 998 3421 foede
1029 3364 1354 3421 maculatos
1385 3364 1693 3422 habemus.
1730 3366 1928 3439 Neque
1970 3368 2129 3424 edim

481 3455 770 3530 suspicari
789 3454 926 3511 licet
952 3470 1082 3510 eam
1100 3453 1161 3509 in
1177 3455 1450 3511 Massono
1469 3454 1588 3510 sive
1610 3455 1981 3512 oscitantiam
2008 3459 2127 3513 sive

475 3545 856 3620 supinitatem
886 3543 1069 3600 fuisse
1098 3548 1165 3599 ut
1195 3544 1255 3599 in
1287 3543 1541 3616 singulis
1572 3544 1688 3600 fere
1710 3543 1881 3601 lineis
1903 3547 2127 3602 recede-

475 3639 563 3692 ret
594 3651 628 3691 a
657 3634 956 3691 codicibus
990 3633 1206 3705 quibus
1237 3634 1531 3689 utebatur.
1565 3633 1635 3688 Et
1668 3637 1865 3690 tamen
1901 3640 2125 3691 certum

474 3729 565 3781 est
585 3722 780 3780 nullos
801 3726 1067 3779 auctores
1088 3721 1495 3795 indiligentius
1513 3738 1639 3778 esse
1653 3725 1932 3779 tractatos
1945 3741 2122 3796 quam

472 3831 620 3888 quos
651 3810 866 3884 Papirii
900 3811 1157 3867 Massonl
1198 3828 1339 3866 cura
1384 3809 1662 3883 vulgavit.
1697 3812 1972 3885 Exemplo
2002 3814 2125 3871 sint

470 3919 646 3976 opera
659 3900 970 3974 Agobardi,
986 3899 1408 3971 archiepiscopi
1429 3899 1863 3972 Lugdunensis,
1880 3906 1936 3957 et
1949 3902 2123 3958 Gesta

469 3989 808 4047 Collationis
845 3988 1323 4062 Carthaginensis
1372 3987 1525 4044 inter
1566 3988 1886 4046 catholicos
1917 3995 1974 4046 et
2008 3995 2120 4047 Do-

469 4080 825 4137 natistas.Et
847 4079 1151 4135 Gestorum
1179 4077 1417 4149 quidem
1449 4077 1746 4151 exemplar
1773 4083 1958 4147 vetus,
1976 4079 2120 4136 illud

468 4169 664 4243 ipsum
687 4168 968 4224 nimirum
986 4184 1102 4239 quo
1124 4185 1268 4223 usus
1285 4172 1374 4224 est
1397 4167 1726 4236 Massonus,
1748 4168 2122 4225 exstathodie

467 4259 528 4314 in
560 4258 912 4315 bibliotheca
942 4256 1296 4323 Colbertina,
1313 4256 1412 4312 sed
1432 4256 1575 4311 adeo
1594 4256 1889 4311 diversum
1922 4257 1993 4312 ab
2009 4258 2123 4313 edi-

468 4347 624 4404 tione
653 4346 1014 4413 Massoni,ut
1035 4362 1103 4401 ea
1135 4346 1347 4402 deinde
1382 4346 1453 4401 ad
1485 4345 1875 4417 ejusdemmet
1904 4347 2120 4403 codicis

467 4436 646 4492 ﬁdem
676 4436 1007 4493 recudenda
1022 4435 1193 4491 fuerit
1222 4434 1418 4491 studio
1454 4434 1603 4490 Petri
1633 4435 1839 4491 Pithoci
1870 4435 1973 4491 viri
1998 4453 2123 4492 eru-

468 4524 745 4581 ditissimi
769 4529 826 4581 et
840 4523 900 4579 in
918 4523 1327 4595 hujuscemodi
1344 4523 1518 4580 rebus
1532 4523 1785 4579 multum
1799 4525 2116 4595 exercitati,

468 4630 504 4669 a
532 4613 702 4670 nobis
732 4613 970 4668 demum
991 4611 1176 4667 multo
1203 4611 1431 4668 felicius
1461 4613 1775 4668 emendata
1802 4616 1858 4669 et
1888 4613 2119 4670 editaiu

463 4705 624 4758 tomo
646 4701 835 4773 primo
868 4703 1077 4756 nostrze
1118 4700 1473 4756 collectionis
1513 4699 1933 4757 Conciliorum.
1968 4704 2117 4775 Ago-

463 4789 629 4846 bardi
660 4807 792 4846 vero
826 4789 1005 4845 codex
1033 4789 1489 4861 manuscriptus,
1515 4806 1629 4861 quo
1663 4807 1807 4845 usus
1837 4796 1926 4845 est
1959 4791 2118 4847 Mas-

2155 3500 2203 3566 Β

2253 2206 2719 2262 observationem
2753 2220 2883 2260 esse
2910 2203 3279 2260 verissimam
3305 2221 3410 2278 ego
3443 2221 3676 2277 quoque
3706 2206 3916 2278 depre-

2250 2295 2448 2351 hendi.
2468 2295 2671 2367 Itaque
2693 2294 3019 2366 optandum
3037 2298 3216 2364 esset,
3233 2311 3339 2350 ceu
3357 2294 3634 2365 diximus,
3650 2300 3715 2351 ut
3735 2294 3915 2368 paulo

2248 2384 2681 2457 diligentiorem
2715 2399 2950 2455 operam
2973 2382 3034 2439 in
3066 2383 3160 2439 his
3193 2384 3317 2440 suis
3346 2383 3707 2441 editionibus
3738 2384 3912 2440 adhi-

2247 2471 2475 2528 buisset
2502 2474 2831 2527 Massonus.
2864 2471 2945 2526 Ex
2966 2471 3169 2526 eadem
3203 2488 3375 2544 porro
3415 2470 3786 2545 indiligentia
3816 2473 3908 2529 fa-

2247 2564 2408 2616 ctum
2464 2565 2552 2616 est
2598 2565 2663 2615 ut
2713 2559 2861 2631 Lupi
2909 2559 3188 2633 epistolas
3220 2559 3545 2616 habeamus
3577 2560 3905 2618 foedissime

2245 2654 2685 2722 conspurcatas,
2718 2649 2979 2722 adeoque
3023 2649 3272 2705 miseras
3320 2666 3386 2705 ac
3437 2649 3718 2722 perditas,
3751 2654 3821 2706 ut
3850 2650 3902 2706 si

2245 2739 2447 2811 Lupus
2477 2738 2651 2794 hodie
2681 2737 3066 2810 revivisceret,
3097 2738 3192 2794 vix
3236 2753 3298 2795 se
3325 2736 3711 2812 ipse,opinor,
3741 2739 3905 2813 agni-

2241 2831 2412 2883 turus
2440 2833 2612 2883 esset.
2630 2829 2751 2893 Quo
2769 2828 2988 2883 factum
3018 2832 3108 2884 est
3137 2832 3220 2896 ut,
3238 2844 3372 2884 cum
3393 2828 3481 2883 vir
3499 2828 3770 2885 eruditus
3783 2833 3902 2885 An-

2243 2918 2414 2974 dreas
2462 2915 2798 2973 Duchenius
2838 2920 3170 2973 vestustum
3220 2917 3478 2973 codicem
3528 2917 3893 2990 Lupinarum

2242 3005 2624 3079 epistolarum
2656 3010 2865 3062 nactus
2895 3009 3069 3074 esset,
3097 3023 3307 3062 novam
3340 3023 3541 3063 earum
3572 3006 3892 3065 editionem

2240 3094 2608 3151 adornaverit
2632 3112 2699 3151 ac
2729 3094 3139 3168 publicaverit:
3157 3096 3215 3150 in
3235 3113 3371 3169 qua,
3388 3095 3519 3152 utid
3535 3095 3723 3153 dicam
3741 3098 3898 3169 quod

2239 3201 2333 3240 res
2363 3188 2470 3253 est,
2505 3184 2975 3257 quamplurimos
3003 3201 3227 3241 errores
3257 3184 3517 3252 sustulit,
3553 3202 3667 3241 non
3699 3190 3899 3243 tamen

2238 3291 2463 3330 omnes.
2480 3275 2657 3329 Erant
2682 3273 2839 3329 enim
2870 3274 3065 3330 adhuc
3091 3273 3275 3331 multo
3294 3274 3464 3347 plura
3485 3292 3611 3347 quea
3628 3276 3901 3332 emenda-

2236 3364 2394 3420 tione
2411 3363 2777 3437 indigebant.
2797 3364 3058 3420 Tandem
3074 3365 3147 3420 ad
3167 3381 3261 3421 me
3276 3352 3516 3420 ventum
3533 3368 3641 3434 est,
3668 3365 3894 3435 Lector,

2238 3452 2629 3509 novissimum
2662 3453 2728 3508 ed
2742 3452 2949 3509 iterem
2980 3469 3229 3525 operum
3262 3454 3409 3526 Lupi
3432 3454 3664 3510 abbatis
3686 3454 3898 3511 Ferra-

2236 3541 2692 3614 riensis.Itaque
2725 3542 3127 3598 necessarium
3159 3541 3390 3598 videtur
3410 3541 3892 3615 nonullapraafari

2233 3631 2303 3686 de
2333 3647 2480 3686 nova
2507 3630 2617 3687 hac
2648 3630 2905 3687 editione
2935 3634 2993 3687 et
3021 3634 3216 3687 tecum
3247 3630 3451 3704 paucis
3485 3648 3655 3705 agere
3698 3633 3770 3688 de
3785 3632 3895 3689 hoc

2233 3736 2361 3776 meo
2394 3719 2685 3775 instituto.

2301 3812 2445 3863 Cum
2477 3807 2733 3880 primum
2767 3809 2838 3864 ad
2875 3809 3002 3865 haec
3039 3809 3258 3880 stndia,
3282 3826 3410 3881 quae
3442 3827 3599 3866 nunc
3630 3816 3899 3869 exercent

2229 3896 2383 3953 viros
2415 3896 2696 3965 eruditos,
2730 3897 2992 3953 animum
3029 3898 3324 3971 appuli,id
3357 3898 3502 3955 mihi
3533 3901 3748 3973 negotii
3769 3918 3891 3957 cre-

2229 3986 2351 4041 didi
2384 3986 2445 4041 in
2477 3986 2683 4058 primis
2714 3986 2839 4042 dari
2869 3987 3018 4055 ut,si
3051 4005 3167 4060 quo
3198 3989 3373 4045 modo
3406 4006 3746 4062 possem,ea
3762 4006 3898 4052 con-

2227 4078 2508 4131 verterem
2532 4075 2590 4131 in
2624 4093 2799 4132 usum
2824 4076 3149 4149 publicum.
3170 4078 3239 4133 Et
3255 4096 3289 4133 a
3304 4095 3485 4151 puero
3506 4095 3723 4152 magna
3738 4079 3887 4136 mihi

2230 4180 2463 4236 semper
2492 4163 2864 4237 antiquitatis
2887 4183 3046 4221 cura.
3083 4167 3284 4239 Itaque
3317 4183 3551 4240 semper
3578 4168 3769 4225 amavi
3796 4185 3889 4225 ex-

2229 4256 2424 4309 cutere
2450 4252 2669 4309 forulos
2702 4253 3212 4322 bibliothecarum,
3244 4256 3328 4312 sic
3357 4256 3700 4313 existimans
3730 4256 3885 4314 futu-

2228 4359 2360 4398 rum
2394 4347 2459 4397 ut
2483 4341 2701 4415 aliquid
2734 4343 2970 4399 fortuito
2993 4345 3363 4402 nanciscerer
3394 4346 3547 4418 quod
3583 4346 3803 4403 utiliter
3823 4347 3883 4403 in

2228 4429 2532 4503 publicum
2565 4432 2876 4500 ederetur;
2908 4432 2995 4488 vel
3028 4432 3077 4489 si
3108 4433 3359 4490 obtineri
3398 4434 3457 4491 id
3504 4452 3619 4491 non
3667 4440 3888 4509 posset,

2228 4519 2437 4576 saltem
2466 4525 2728 4578 vetustos
2759 4521 3049 4578 editorum
3081 4527 3392 4580 auctorum
3417 4524 3646 4582 codices
3669 4525 3894 4598 reperi-

2229 4627 2372 4680 rem,
2408 4627 2657 4683 quorum
2718 4628 2825 4683 ope
2875 4612 3140 4668 renovari
3188 4616 3246 4669 et
3286 4614 3516 4670 restitui
3547 4619 3788 4687 possent
3816 4632 3888 4673 ea

2229 4716 2354 4771 quae
2378 4700 2505 4771 jam
2536 4700 2691 4756 edita
2719 4700 2970 4757 fuerant.
3008 4702 3070 4757 Id
3106 4719 3239 4758 vero
3263 4703 3391 4775 jam
3424 4703 3570 4759 satis
3617 4701 3884 4772 feliciter,

2228 4788 2456 4860 opinor,
2480 4793 2770 4844 tentatum
2796 4794 2887 4846 est
2915 4791 2976 4846 in
3002 4790 3272 4848 Salviano
3305 4792 3657 4849 Massiliensi
3680 4795 3738 4848 et
3751 4791 3887 4850 Vin-

462 4897 643 4936 sonus
666 4883 870 4947 exstat,
887 4879 945 4933 in
964 4878 1320 4935 bibliotheca
1338 4878 1515 4951 regia.
1535 4879 1700 4934 Hunc
1722 4895 1829 4951 ego
1855 4879 2115 4936 codicem
2146 4877 2187 4943 C
2227 4879 2416 4933 centio
2450 4878 2764 4949 Lirinensi,
2787 4896 2936 4952 quos
2959 4880 3232 4939 dedimus
3251 4882 3595 4953 etmeliores
3611 4884 3668 4938 et
3687 4898 3888 4938 emen-

462 4968 737 5024 manibus
767 4968 914 5023 meis
948 4967 1209 5035 tractavi,
1244 4967 1462 5023 contuli
1496 4983 1629 5022 cum
1658 4967 1833 5037 edito,
1863 4972 1920 5023 et
1958 4986 2115 5024 com-

463 5062 691 5129 pertum
707 5058 891 5120 habeo
910 5056 1220 5110 editionem
1239 5055 1494 5111 Massoni
1512 5055 1869 5111 immensum
1885 5056 2116 5113 ditferre

463 5164 498 5202 a
523 5147 701 5202 veteri
736 5147 957 5201 codice.
990 5145 1188 5216 Neque
1220 5163 1323 5217 ego
1361 5152 1553 5199 tamen
1585 5144 1641 5197 id
1673 5144 1900 5216 primus
1934 5147 2113 5202 adno-

460 5235 597 5302 tavi,
618 5236 717 5290 sed
738 5236 1081 5290 Franciscus
1098 5234 1337 5289 Juretus
1367 5232 1455 5286 vir
1478 5232 1863 5289 clarissimus.
1883 5234 1935 5288 Is
1954 5236 2111 5291 enim

458 5324 519 5379 in
551 5324 704 5380 notis
716 5324 787 5379 ad
810 5323 1119 5396 epistolam
1136 5323 1193 5376 9|
1213 5365 1224 5376 .
1244 5322 1431 5377 lvonis
1449 5322 1840 5389 Carnotensis,
1863 5324 2111 5382 atferens

352 5458 353 5461 η
456 5411 651 5469 loeum
682 5412 851 5467 illum
884 5429 951 5466 ex
990 5411 1237 5483 epistola
1266 5411 1557 5482 Agobardi
1591 5411 1662 5465 ad
1696 5411 2107 5483 imperatorem

457 5501 817 5558 Ludovicum
848 5500 1041 5567 Pium,
1058 5501 1300 5557 reiculos
1324 5501 1452 5556 illas
1459 5516 1563 5573 pro
1576 5501 1776 5571 quibus
1808 5505 2103 5572 contendit,

457 5592 724 5646 arbitrari
750 5601 811 5647 ut
839 5598 1097 5659 stercora,
1131 5589 1439 5645 admonuit
1485 5589 1570 5645 sic
1613 5587 1897 5660 scriptum
1930 5606 1991 5646 se
2020 5592 2105 5647 vi-

456 5675 613 5761 disse
634 5678 693 5735 in
706 5679 902 5738 codice
919 5678 1160 5753 antiquo
1176 5677 1387 5752 Papirii
1403 5678 1681 5738 Massoni.
1698 5678 1845 5734 Nam
1866 5679 2102 5752 vulgata

2227 4967 2500 5023 datiores.
2536 4969 2799 5024 Tandem
2850 4987 3005 5026 anno
3056 4971 3196 5026 4664
3223 4971 3311 5027 vir
3341 4971 3779 5027 eruditissimus
3813 4988 3881 5028 ac

2226 5056 2371 5111 mihi
2425 5057 2769 5114 amissimus
2818 5059 3091 5116 Nicolaus
3143 5060 3554 5133 Cocquelinus,
3582 5061 3785 5116 doctor
3825 5064 3886 5117 et

2225 5146 2421 5203 socius
2450 5148 2823 5216 Sorbonicus,
2859 5149 3005 5204 mihi
3038 5151 3325 5206 utendum
3357 5150 3519 5206 dedit
3549 5148 3881 5206 vetustissi-

2222 5251 2386 5290 mum
2417 5237 2697 5305 codicem,
2716 5239 2949 5309 Optimae
2973 5237 3143 5295 illum
3175 5240 3422 5305 notaa,in
3443 5256 3559 5311 quo
3584 5238 3885 5294 continen-

2218 5329 2316 5381 tur
2344 5326 2601 5398 epistolae
2653 5327 2801 5398 Lupi
2850 5328 3081 5383 abbatis
3134 5329 3541 5397 Ferrariensis,
3580 5327 3682 5400 qui
3723 5344 3881 5384 nunc

2217 5419 2405 5470 exstat
2438 5415 2495 5469 in
2528 5413 2883 5472 bibliotheca
2913 5416 3262 5474 Colbertina.
3295 5418 3463 5475 Hunc
3492 5434 3597 5491 ego
3619 5415 3880 5473 codicem

2217 5502 2381 5559 avide
2431 5502 2631 5558 statim
2680 5504 2901 5560 contuli
2947 5523 3082 5562 cum
3128 5507 3325 5575 edito;
3360 5508 3625 5579 adeoque
3657 5505 3878 5561 discre-

2216 5610 2353 5664 pare
2384 5592 2456 5648 ab
2489 5610 2554 5648 eo
2586 5592 2701 5648 vidi
2737 5594 3026 5651 editiones
3058 5599 3122 5651 ut
3154 5613 3268 5652 non
3303 5595 3457 5652 ultra
3486 5596 3876 5652 dubitaverim

2216 5682 2314 5757 qui
2366 5683 2556 5739 denuo
2603 5684 2943 5740 recudendae
2994 5689 3194 5743 essent
3237 5685 3351 5742 illte
3409 5685 3561 5759 Lupi
3594 5683 3872 5759 epistola.
