4114 6442
477 410 610 491 4239.

1457 412 1529 473 B.
1578 413 1639 473 S.
1688 411 1875 473 LUPI
1920 407 2254 515 ΑῌΒΑΤΙΞ
2300 406 2905 470 FEBRARIENSIS.

3779 407 3909 495 μμ

476 516 733 618 nendum
765 544 1238 618 servandumque
1262 546 1593 602 sanxissent
1613 545 1684 600 ad
1708 543 2125 617 inquirendum
2156 542 2214 609 Α
2242 557 2521 615 prospera
2551 539 2927 617 festinantem
2959 538 3117 596 velut
3144 539 3498 614 quibusdam
3525 538 3703 607 frenis
3724 544 3901 617 atque

472 616 673 690 subito
707 634 817 715 'me
864 616 1303 691 convertissem.
1335 636 1512 715 Erant
1543 635 1612 691 ad
1648 651 1891 689 manum
1924 634 2125 690 docto-

465 737 559 779 res
589 710 808 807 egregii
852 724 1071 799 nedum
1125 742 1240 780 non
1295 710 1628 796 spernendi,
1684 739 1887 779 verum
1937 721 2124 778 omni-

463 811 656 869 mo'dis
678 811 956 887 audiendi
988 817 1161 885 atque
1194 812 1498 886 sequendi,
1537 812 1829 886 gloriosus
1859 811 2128 871 videlicet

465 904 691 976 martyr
710 898 1057 980 Cyprianus,
1073 907 1129 959 et
1150 903 1540 961 illustrissimi
1572 920 1873 960 sacrarum
1906 902 2126 957 divina-

467 995 602 1049 rum
623 991 951 1048 litterarum
975 992 1330 1065 expositores
1351 991 1717 1066 Augustinus
1739 998 1915 1064 atque
1937 992 2129 1047 Hiero-

471 1068 720 1155 nymus;
746 1098 995 1153 quorum
1021 1078 1327 1138 sententiis
1359 1099 1424 1137 ac
1456 1080 1862 1138 saluberrimis
1889 1096 2128 1154 persua-

473 1156 740 1226 sionibus
757 1169 1413 1244 animatusdepressum
1436 1169 1595 1244 gravi
1619 1186 1864 1226 maerore
1884 1186 1984 1225 cor
2008 1186 2132 1224 sur-

475 1245 607 1315 sum
637 1256 826 1338 levare
855 1258 1099 1316 conatiis
1130 1276 1287 1326 sum,
1339 1260 1605 1334 coepique
1653 1276 1885 1315 mecum
1929 1259 2130 1314 sedulo

475 1349 746 1418 reputare
770 1349 810 1403 7
837 1347 981 1426 quid
1000 1364 1177 1423 super
1193 1365 1432 1404 excessu
1451 1347 1809 1404 charissima:
1830 1349 2132 1404 contuber-

476 1432 628 1493 nalis
656 1434 871 1493 sentire
901 1438 1194 1515 deberem,
1211 1438 1286 1511 (α)
1310 1439 1482 1510 cujus
1504 1437 1918 1494 mortalitatem
1943 1439 2131 1513 magis

477 1514 655 1597 quam
684 1525 864 1606 vitam
893 1514 1162 1583 videbam
1208 1544 1337 1583 esse
1386 1527 1634 1583 finitam.
1666 1529 1904 1584 Tentavi
1954 1529 2130 1585 etiam

475 1613 527 1671 si
558 1601 795 1687 possem
825 1602 859 1671 εἰ
890 1616 1238 1688 memetipso
1281 1616 1506 1690 exigere
1538 1620 1603 1671 ut
1632 1618 1688 1672 id
1722 1617 1944 1674 ratione
1977 1619 2132 1689 apud

476 1704 955 1777 mei'fier‘et’quo'd
986 1692 1162 1779 longa
1191 1705 1314 1762 dies
1346 1705 1493 1762 solet
1522 1707 1749 1762 efficere
1774 1725 1787 1775 ;
1823 1706 2047 1765 scilicet
2068 1711 2133 1763 ut

474 1792 691 1849 vulnus
722 1782 880 1866 quod
914 1794 1109 1850 animo
1160 1798 1360 1851 uestro
1391 1796 1653 1851 nondum
1685 1800 1919 1869 sperata
1948 1801 2132 1853 morte

476 1878 821 1955 repentinus
851 1886 1023 1939 casas
1054 1883 1264 1961 inﬂixit
1292 1882 1621 1953 cicatricem
1646 1886 1857 1942 ducere
1878 1903 1943 1941 ac
1965 1904 2133 1958 spon-

478 1963 663 2029 tanoae
693 1971 1110 2029 censolatiOnis
1143 1970 1567 2047 medicamento
1598 1964 1900 2031 sanescere
1920 1975 2136 2048 incipe-

477 2054 595 2118 ret.
619 2062 730 2118 Sed
758 2054 1017 2119 vulneris
1067 2062 1431 2135 magnitudo‘
1460 2063 1723 2143 facilitati
1772 2064 2034 2133 resistit;
2079 2071 2136 2122 et

477 2150 614 2207 licet
642 2150 1031 2208 saluberrima
1061 2151 1178 2207 sint
1207 2169 1333 2225 qua
1366 2170 1400 2208 a
1429 2153 1769 2211 memoratis
1797 2154 2135 2227 doctoribus

433 2235 445 2251 '
480 2241 553 2296 ad
577 2230 975 2314 mitigandum
992 2252 1229 2318 gravem
1251 2240 1509 2297 dolorem
1531 2241 1689 2298 velut
1708 2260 1743 2299 a
1761 2243 2135 2317 peritissimis

479 2328 755 2402 idemque
784 2320 1121 2386 mitissimis
1152 2329 1397 2407 medicis
1429 2328 1774 2399 oii‘eruntur,
1807 2333 1977 2407 plaga
2006 2351 2134 2406 quae

481 2410 673 2475 adhuc
702 2419 1050 2492 sanguinem
1082 2417 1265 2475 trahit
1295 2418 1539 2476 sanandi
1567 2421 1962 2487 maturitatem
1989 2440 2135 2479 non-

481 2498 931 2563 dum'admittit.
964 2508 1069 2564 Hic
1097 2508 1347 2565 fortasse
1379 2509 1615 2566 miraris
1645 2527 1712 2565 ac
1743 2510 1890 2566 dicis
1921 2529 1990 2568 ex
2020 2512 2135 2567 hu-

471 2588 737 2668 jushio'di
769 2598 1074 2654 Occasione
1103 2602 1308 2654 natum
1352 2597 1611 2654 dolorem
1644 2603 1766 2655 tam
1797 2593 2041 2674 longum
2070 2619 2135 2657 ac

479 2686 831 2743 diuturnum
863 2703 993 2744 esse
1023 2703 1139 2742 non
1170 2686 1464 2753 debuisse,
1488 2688 1656 2758 quasi
1685 2688 1745 2743 in
1777 2688 2031 2745 dolentis
2058 2691 2136 2747 sit

475 2780 764 2849 potestate
793 2776 1028 2849 quando
1057 2774 1115 2830 id
1169 2774 1409 2831 ﬁniatur
1443 2776 1596 2848 quod
1631 2774 1750 2843 ille,
1782 2779 2018 2849 quando
2043 2779 2133 2834 in-

477 2864 713 2939 ciperet,
737 2881 928 2937 neque
955 2864 1016 2920 in
1048 2868 1333 2938 potestate
1361 2864 1588 2932 habuit,
1608 2882 1795 2938 neque
1825 2868 2130 2940 praescivit.

478 2942 668 3033 Metiri
700 2958 895 3010 tamen
927 2970 1100 3026 posse
1123 2952 1352 3009 videtur
1381 2953 1599 3033 doloris
1630 2972 1697 3012 ac
1718 2956 1986 3013 maeroris
2006 2976 2131 3014 ma-

478 3040 727 3118 gnitudo
759 3043 878 3101 sive
907 3042 1267 3099 diuturnitas
1295 3044 1367 3099 de
1395 3032 1598 3100 eorum
1637 3062 1763 3117 quae
1793 3046 2133 3103 acciderunt

479 3133 833 3190 damnorum
873 3132 1198 3204 quantitate
1232 3149 1245 3187 :
1280 3148 1406 3204 quae
1455 3148 1561 3205 ego
1611 3150 1744 3188 cum
1778 3135 2039 3206 quotidie
2068 3135 2128 3191 in

479 3214 643 3280 omni
670 3212 1007 3294 actione,‘in
1053 3221 1214 3278 omni
1256 3223 1511 3295 negotio,
1544 3222 1604 3277 in
1650 3226 1772 3279 tota
1818 3225 2033 3280 domus
2063 3242 2129 3282 ac

2200 629 2482 687 ‘habenis
2514 634 2844 685 remoratur
2873 647 2938 685 ac
2970 630 3200 700 retinet,
3226 634 3600 702 mentemque
3632 630 3703 686 ad
3736 626 3903 687 revoé

2237 721 2526 776 cationem
2553 720 2757 775 mortis
2781 724 3218 792 revecct,quam
3250 721 3321 775 ad
3354 736 3520 792 spem
3550 723 3606 776 et
3638 737 3901 776 amorem

2234 809 2619 882 longaevitatis
2635 808 2836 865 odium
2856 813 3032 884 atque
3051 808 3262 865 oblivio
3281 809 3598 867 senectutis
3614 808 3898 877 illexerat.

2235 898 2414 955 Video
2447 898 2588 955 mihi
2623 916 2737 955 non
2770 899 3023 955 multum
3058 916 3365 973 superesse
3395 898 3676 972 temporis
3706 899 3777 955 ad
3814 899 3899 954 vi-

2237 989 2509 1055 vendum,
2528 987 2665 1045 licet
2694 993 2980 1062 quantum
3012 987 3070 1044 id
3100 1005 3228 1045 esse
3256 988 3462 1067 debeat
3493 986 3640 1043 mihi
3661 987 3900 1062 penitus

2235 1077 2554 1150 ignoretur.
2591 1079 2701 1137 Sed
2762 1077 2870 1133 hoc
2919 1077 3318 1155 certissimum
3367 1081 3556 1145 teneo,
3590 1082 3648 1133 et
3693 1095 3899 1152 recens

2237 1171 2441 1222 natum
2473 1167 2585 1222 cito
2616 1185 2787 1240 posse
2817 1167 2988 1239 mori,
3022 1171 3078 1224 et
3106 1167 3182 1237 (b)
3214 1184 3415 1245 senem
3448 1165 3547 1222 diu
3580 1184 3694 1221 non
3726 1184 3902 1240 posse

2236 1254 2535 1311 vivere.Ac
2566 1256 2810 1328 proinde
2839 1254 3010 1330 longe
3040 1255 3246 1313 utilius
3279 1272 3344 1319 ac
3377 1255 3606 1311 beatius
3628 1255 3748 1311 fore
3772 1272 3904 1312 cen-

2239 1360 2337 1400 seo
2368 1345 2554 1419 ipsam
2586 1345 2867 1420 temporis
2914 1345 3121 1402 incerti
3165 1345 3510 1409 brevitatem
3560 1361 3694 1402 cum
3736 1344 3902 1417 luctu

2240 1450 2420 1506 quam
2449 1420 2650 1495 laztitia
2678 1435 3071 1499 ducere.0uia
3093 1433 3143 1490 si
3175 1435 3501 1505 secundum
3534 1430 3905 1501 Dominicam

2238 1540 2437 1579 vocem
2486 1524 2637 1581 beati
2692 1541 2758 1580 ac
2803 1523 3000 1580 felices
3046 1528 3218 1580 erunt
3269 1524 3373 1596 qui
3417 1522 3817 1596 lamentantur
3847 1510 3906 1601 et

2240 1610 2444 1684 lugent
2473 1613 2677 1686 (Matth.
2729 1613 2805 1685 v),
2857 1631 2887 1668 e
2935 1612 3226 1671 contrario
3277 1612 3539 1689 infelices
3590 1629 3654 1685 ac
3702 1612 3909 1687 miseri

2241 1702 2382 1758 fient
2412 1703 2510 1775 qui
2543 1702 2667 1758 dies
2701 1719 2839 1759 suos
2865 1702 2924 1757 in
2948 1702 3081 1775 jugi
3111 1706 3169 1758 et
3199 1700 3703 1758 continualaatitia
3733 1690 3903 1759 finire

2242 1806 2357 1845 non
2381 1793 2669 1858 metuunt,
2694 1791 2914 1864 gratias
2935 1807 3043 1864 ago
3066 1795 3241 1862 atque
3261 1790 3448 1855 habeo
3471 1789 3739 1846 charitati
3763 1795 3898 1863 tuae,

2242 1880 2395 1951 quod
2425 1897 2516 1935 me
2549 1896 2651 1952 per
2693 1879 2922 1937 litteras
2966 1885 3098 1947 tuas
3150 1878 3443 1945 consolari
3492 1879 3770 1954 dignatus
3814 1898 3900 1937 es.

2208 1969 2217 2007 ἓ
2245 1970 2442 2041 Neque
2471 1969 2626 2025 enim
2677 1971 2872 2042 majus
2917 1973 3019 2025 aut
3063 1969 3280 2047 certius
3312 1973 3424 2024 tuae
3455 1985 3592 2043 erga
3625 1986 3718 2025 me
3748 1970 3903 2051 dite-

2244 2059 2456 2115 ctionis
2483 2059 2767 2114 indicium
2798 2059 2936 2115 dare
2964 2057 3206 2131 potuisti
3238 2075 3416 2131 quam
3447 2060 3598 2135 aegro
3618 2061 3790 2131 atque
3812 2060 3904 2132 ja-

2245 2148 2396 2203 centi
2427 2165 2669 2204 manum
2701 2136 3128 2204 exhortationis
3174 2147 3546 2222 porrigendo,
3581 2149 3901 2223 monendo-

2245 2254 2359 2310 que
2390 2242 2454 2293 ut
2477 2254 2800 2310 surgerem,
2835 2254 3019 2317 quem»
3043 2241 3236 2295 mente
3266 2240 3625 2315 prostratum
3658 2254 3725 2293 ac
3756 2254 3901 2293 mm-

2244 2342 2372 2393 rorc
2403 2318 2747 2398 depressum
2779 2314 3049 2407 ignorare
3100 2343 3215 2382 non
3262 2330 3516 2397 poteras.
3552 2326 3703 2407 Bene
3750 2326 3901 2407 vale,

2243 2415 2587 2471 charissima
2618 2404 2684 2472 ac
2723 2402 3266 2499 desiderantissime
3296 2413 3400 2469 ﬁli.
3570 2412 3571 2417 “

2783 2560 2833 2614 ο
2875 2558 3225 2614 EPISTOLA
3263 2557 3356 2613 IV.

2812 2665 2885 2702 AD
2920 2665 3322 2727 EGINHARDUM.

2312 2770 2631 2845 Epistolam
2684 2775 2887 2828 vestrze
2936 2773 3295 2847 dignationis
3348 2774 3740 2856 calamitatem
3775 2793 3913 2850 qua;

2241 2862 2463 2941 dudum
2496 2856 2662 2917 vobis
2710 2862 2997 2935 contingit
3052 2863 3305 2936 graviter
3354 2871 3695 2937 querentem
3742 2866 3903 2924 haud

2240 2967 2538 3024 quaquam
2573 2951 2945 3019 mediocriter
2974 2956 3269 3008 commota
3299 2958 3497 3010 mente
3517 2953 3908 3028 perlegi,con-

2239 3042 2571 3113 fectumque
2598 3044 2857 3097 vestrum
2891 3041 3157 3097 animum
3189 3047 3312 3098 tam
3343 3042 3610 3099 diuturni
3636 3045 3905 3104 maeroris

2238 3124 2529 3187 anxietate
2557 3130 2932 3186 vehementer
2960 3129 3205 3187 indolui.
3237 3131 3308 3187 Et
3354 3131 3621 3205 quamvis
3674 3135 3773 3207 qui
3806 3152 3902 3191 me

2240 3219 2412 3292 longe
2443 3223 2720 3291 przestent
2771 3219 3094 3276 amicorum
3127 3219 3337 3277 solatia
3366 3222 3718 3279 tentaverint
3745 3222 3904 3280 hunc

478 3304 712 3368 familia
744 3292 1270 3377 administratione,
1291 3292 1598 3365 incunCtis
1620 3327 1748 3382 quae
1770 3311 1857 3367 vel
1888 3312 1961 3367 ad
1993 3312 2134 3368 divi-
2162 3292 2204 3359 Ο
2242 3312 2472 3364 tantum
2502 3308 2690 3365 levare
2721 3308 3123 3379 dolorem,nec
3144 3314 3343 3366 tamen
3364 3311 3438 3367 ob
3460 3328 3587 3368 eam
3622 3329 3743 3370 rem
3775 3331 3906 3387 pro-

481 3394 625 3458 num
655 3393 741 3457 vel
773 3394 1103 3456 humanum
1134 3398 1393 3455 ofﬁcium
1424 3399 1718 3471 pertinent
1756 3400 2136 3472 disponendis

481 3474 656 3564 atque
683 3489 1028 3546 ordinandis
1072 3487 1409 3544 immaniter
1438 3488 1709 3557 sentiam,
1744 3490 1844 3561 qui
1878 3490 2001 3545 fieri
2033 3507 2135 3562 po-

483 3584 597 3638 test
622 3585 691 3635 ut
716 3579 931 3635 vulnus
954 3578 1109 3650 quod
1140 3580 1227 3633 tot
1248 3593 1315 3632 ac
1336 3581 1498 3631 tanta
1520 3577 1893 3634 incommoda
1914 3577 2131 3649 intulit,

480 3673 616 3726 cum
649 3660 851 3724 crebro
882 3666 1144 3740 tangitur
1176 3683 1291 3721 non
1330 3666 1699 3721 recrudescat
1729 3666 1923 3739 potius
1953 3672 2011 3723 et
2040 3686 2133 3723 re-

479 3761 726 3833 novetur
742 3772 921 3829 quam
938 3757 1207 3810 sanescat
1222 3756 1324 3808 aut
1340 3752 1656 3809 solidetur?
1670 3754 1934 3810 Arbitror
1948 3755 2132 3825 enim,

478 3830 585 3904 nec
612 3830 816 3903 vereor
836 3846 995 3917 quod
1015 3843 1137 3898 haec
1160 3842 1357 3915 opinio
1378 3841 1593 3899 falsum
1619 3859 1712 3898 me
1734 3843 2131 3913 habeat,hunc

475 3928 735 3992 dolorem
767 3938 941 4005 atque
971 3931 1485 4003 anxietatem,quae
1512 3931 1656 3988 mihi
1679 3931 1748 3987 de
1769 3930 2128 3988 charissima».

474 4015 913 4095 contubernalis
943 4018 1246 4079 occaSione
1277 4024 1475 4077 exorta
1504 4025 1613 4089 est,
1645 4022 1978 4093 perenniter
2008 4040 2127 4079 mc-

472 4100 606 4169 cum
636 4115 1135 4186 perseveraturam
1166 4110 1348 4166 donec
1372 4110 1427 4164 id
1457 4109 1654 4181 ipsum
1680 4110 1962 4181 temporis
1992 4128 2128 4184 spa-

469 4202 620 4260 tium
645 4201 801 4275 q'uod
822 4202 870 4259 8
902 4201 1057 4256 Deus
1080 4199 1223 4255 mihi
1247 4199 1319 4254 ad
1342 4199 1492 4254 hanc
1515 4198 1791 4254 miseram
1814 4216 1880 4254 ac
1902 4203 2126 4272 tempo-

471 4291 653 4348 ralem
684 4291 865 4346 vitam
897 4289 1212 4345 concedere
1239 4287 1489 4344 voluerit
1510 4286 1704 4342 debito
1736 4286 1846 4343 sibi
1879 4288 2126 4346 termino

470 4376 747 4451 ﬁniatur:
772 4370 952 4452 quam
974 4382 1169 4435 tamen
1201 4379 1524 4450 proﬁcuum
1550 4376 1748 4449 potius
1779 4376 1925 4433 mihi
1947 4396 2125 4452 quam

472 4462 705 4526 noxiam
735 4468 1020 4526 hactenus
1051 4467 1487 4541 experior,cum
1516 4466 1781 4522 animum
1813 4468 1884 4523 ad
1916 4467 2048 4524 laeta
2068 4473 2127 4525 et

465 4701 668 4760 lectori
691 4700 984 4774 judicium
1024 4700 1317 4772 integrum
1366 4697 1723 4771 relinquens.
1758 4699 1901 4755 Vide
1950 4705 2118 4759 notas

468 4776 539 4831 ad
571 4773 881 4847 epistolam
912 4775 1037 4847 122ἶ

536 4840 625 4918 (α)’
645 4846 812 4918 Cujus
837 4844 1250 4918 mortalium.
1266 4840 1659 4918 imitatumex
1678 4840 1873 4918 flinio
1887 4842 1963 4918 n
1987 4844 2115 4918 _epi¢

464 4912 614 4975 stola
657 4912 848 4989 prima
893 4914 1027 4989 libri
1077 4912 1357 4989 secundi;
1412 4912 1525 4989 ubi
1560 4913 1629 4967 de
1678 4912 1922 4989 Virginii
1986 4912 2114 4969 Rufi

462 4984 783 5045 morte—.sic
830 4985 1090 5058 loquitur
1121 5001 1135 5040 :
1168 4984 1230 5040 Si
1277 4992 1464 5058 tamen
1492 4986 1689 5058 quqest
1716 4992 1813 5058 aut
1837 4985 1984 5054 ﬂere,
2021 4996 2115 5042 aut

460 5061 685 5115 omnino
709 5056 939 5115 mortem
968 5073 1175 5123 vocare,
1191 5072 1301 5127 qua
1321 5056 1465 5110 tanti
1482 5056 1594 5109 viri
1611 5057 1913 5111 mortalitas
1938 5060 2115 5127 magis

460 5131 620 5201 ﬁnita
650 5145 816 5201 quam
843 5131 957 5184 vita
986 5137 1082 5183 est.

529 5203 613 5270 (b)
636 5196 834 5257 Senem
858 5200 974 5265 diu,
994 5204 1101 5255 etc.
1129 5196 1355 5269 Repetit
1386 5196 1542 5251 istud
1572 5196 1771 5271 ipsum
1802 5198 1998 5271 Lupus
2028 5200 2113 5255 in-

458 5268 548 5329 fre.
574 5268 1288 5356 epist.§‘li..Su_mptum.est
1316 5272 1511 5323 autem
1543 5286 1611 5324 ex
1640 5268 2111 5356 egi'stolaI‘Hiero-

459 5340 1145 5421 nymiad'nPrincipiam,
1180 5340 1238 5394 in
1291 5356 1408 5421 qua
1455 5356 1646 5421 meres
1692 5341 2108 5421 Marcellano-

457 5412 680 5472 séribit.
731 5413 862 5485 Haec
911 5412 1049 5485 ergo
1090 5428 1224 5466 cum
1273 5412 1463 5485 virum
1500 5412 1739 5485 juvenis
1788 5415 2106 5471 admodum

456 5486 781 5558 extulisset,
802 5482 1276 5558 desideriumque
1305 5483 1572 5558 exstincti
1605 5500 1718 5558 non
1747 5492 1943 5558 posset
1965 5487 2103 5558 pati,

458 5574 495 5613 a
522 5556 795 5612 secundis
853 5554 1071 5625 nuptiis
1114 5554 1404 5609 abstinere
1449 5555 1719 5610 decrevit.
1747 5554 1987 5612 Verum
2038 5554 2107 5614 ea

454 5625 891 5701 erat_Mnrcellaa
921 5624 1219 5701 nobilitas,
1250 5642 1318 5680 ea
1346 5627 1572 5701 species
1592 5628 1747 5701 horis,
1782 5645 1849 5683 ea
1895 5631 2103 5701 gratia,

456 5704 522 5755 ut
550 5698 722 5771 plane
751 5701 977 5771 constet
1016 5695 1397 5771 laboriosum‘
1421 5698 1758 5771 etddil'ﬁcile
1806 5695 2104 5770 negotium

455 5768 784 5843 sus—cepisse
814 5768 984 5843 illam
1005 5769 1229 5843 cumgin
1256 5786 1325 5824 ea
1355 5769 1657 5843 nobilitate
1687 5775 1744 5843 et
1768 5768 1933 5827 aetate
1964 5789 2105 5827 con-

455 5840 791 5917 tenta'esse
834 5840 1017 5901 voluit
1066 5841 1236 5898 unico
1291 5840 1684 5898 matrimonio.
1718 5841 1917 5913 Itaque
1961 5844 2102 5902 dum

2147 4663 2197 4729 D

2246 3398 2504 3467 fecerint,
2538 3404 2604 3454 ut
2648 3398 2858 3455 litteris
2907 3398 3116 3455 vestris
3157 3400 3301 3455 satis
3329 3401 3566 3470 eminet,
3602 3403 3758 3474 quod
3789 3402 3903 3476 ipsi

2245 3504 2417 3544 casus
2446 3487 2624 3543 vestri
2655 3488 3181 3567 considerationem
3203 3506 3319 3545 non
3351 3489 3495 3546 satis
3527 3490 3598 3546 ad
3631 3508 3694 3547 se
3720 3492 3905 3549 admi-

2243 3581 2467 3643 serunt,
2500 3594 2566 3632 eo
2597 3594 2784 3649 usque
2816 3582 2881 3633 ut
2911 3594 3113 3633 eorum
3146 3577 3387 3651 quidam
3437 3596 3614 3655 super
3659 3597 3901 3640 excessu

2241 3665 2589 3738 gratissima:
2608 3666 2904 3738 quondam
2925 3666 3121 3723 uxoris
3133 3666 3550 3740 gratulandum
3571 3676 3898 3736 monerent,

2241 3755 2416 3826 quod,
2450 3759 2514 3809 ut
2542 3755 2767 3827 opinor,
2825 3753 2970 3809 nihil
3020 3756 3092 3810 ad
3141 3744 3602 3827 consolationem
3647 3759 3902 3829 pertinet

2241 3861 2356 3899 non
2392 3848 2511 3899 tam
2543 3845 2729 3899 (etatis
2773 3843 3009 3900 levitate
3036 3843 3124 3901 vel
3158 3844 3398 3919 ingenii,
3434 3847 3584 3921 quod
3619 3847 3898 3922 exiguum

2238 3933 2446 4002 sentio,
2494 3933 2847 3989 confidentia
2895 3951 3075 4007 quam
3129 3934 3299 4007 proni
3344 3952 3484 4009 erga
3530 3953 3631 3994 vos
3680 3938 3900 4013 amoris

2238 4023 2645 4096 magnitudine
2703 4021 2822 4077 haec
2870 4040 3130 4091 rursum,
3185 4022 3619 4098 qualiacunque
3664 4027 3806 4096 sint,
3837 4028 3898 4086 in

2234 4112 2411 4167 vestri
2451 4110 2731 4167 solatium
2762 4129 2879 4167 non
2911 4128 3044 4167 sum
3076 4112 3294 4168 veritus
3324 4114 3555 4170 cudere.
3590 4114 3894 4188 Siquidem

2235 4200 2505 4257 conscius
2523 4201 2667 4255 mihi
2693 4218 2825 4256 sum
2849 4200 3123 4256 intimum
3144 4218 3234 4257 me
3253 4201 3320 4275 (ο)
3339 4202 3718 4283 nobilissima:
3735 4205 3895 4277 illius

2234 4288 2463 4345 feminae
2495 4292 2680 4345 morte
2712 4306 2846 4345 cum
2878 4294 3087 4365 vestra,
3140 4294 3266 4369 tum
3322 4278 3500 4369 etiam
3544 4292 3732 4367 ipsius
3769 4278 3899 4353 vice

2233 4379 2482 4435 traxisse
2540 4376 2837 4447 dolorem;
2888 4396 3062 4451 quem
3126 4366 3396 4443 atrociter
3430 4366 3891 4454 'exasperantem

2230 4473 2434 4525 vestris
2464 4468 2689 4537 litterae,
2716 4468 2917 4537 fateor,
2943 4469 3345 4525 recrudescere
3375 4471 3893 4544 coegerunt.Unde

2228 4699 2398 4776 multi
2437 4716 2566 4776 eam
2615 4699 2774 4776 proci
2825 4700 3135 4776 ambirent,
3168 4718 3345 4776 senex
3378 4718 3611 4776 quoque
3642 4704 3886 4776 quidam

2226 4770 2393 4850 valde
2420 4772 2599 4850 dives,
2618 4770 2843 4843 captus
2877 4773 3064 4850 forma
3084 4828 3089 4831 Α
3106 4770 3698 4850 ιῑιιιΙίθιυὶεν,“ιιιιξήίβδρῖΔ
3716 4774 3887 4850 flagi-

2226 4846 2348 4919 tare
2380 4843 2570 4919 coepit,
2606 4859 2817 4919 magno
2865 4843 3043 4919 etiam
3076 4860 3268 4900 emere
3298 4843 3537 4919 paratus
3591 4843 3888 4919 legitim'os

2226 4913 2386 4969 illius
2417 4913 2833 4998 amplexus—.At
2850 4915 3079 4998 mulier.
3098 4913 3408 4998 postquam
3442 4917 3611 4973 aliter
3638 4913 3885 4998 procum

2225 4985 2532 5058 removere
2568 5003 2683 5041 non
2744 4985 2951 5058 potuit,
3005 4985 3303 5043 excusavit
3350 4989 3424 5044 ob
3475 4985 3883 5050 senectutem:

2223 5074 2410 5129 neque
2439 5057 2596 5113 enim
2628 5073 2756 5112 esse
2787 5074 2847 5112 se
2865 5058 3045 5128 hujus
3066 5059 3536 5129 firmitudinisut
3554 5064 3639 5117 tot
3661 5068 3883 5121 mortes

2221 5128 2341 5204 tam
2376 5129 2532 5204 brevi
2581 5128 2859 5204 temporis
2908 5131 3099 5201 spatio
3130 5130 3422 5204 sustinere
3468 5136 3687 5204 posset,
3739 5151 3881 5204 nam

2219 5201 2399 5278 istum
2458 5200 2579 5278 cito
2632 5200 3008 5278 moriturum,
3059 5201 3199 5275 quia
3255 5219 3430 5258 senex
3468 5200 3619 5259 erat.
3674 5202 3883 5278 ζιιοίμιε

2219 5273 2530 5339 mandante,
2565 5271 2759 5343 inquit
2791 5271 3196 5345 Hieronymus,
3224 5290 3378 5345 posse
3405 5282 3455 5331 et
3483 5292 3636 5331 senes
3663 5275 3761 5331 diu
3781 5271 3875 5333 in”-

2218 5361 2347 5423 vere
2393 5352 2443 5399 et
2470 5348 2710 5423 juvenes
2766 5346 2869 5399 cito
2923 5345 3087 5423 _mori_,
3118 5346 3393 5423 eleganter
3446 5346 3578 5423 lusit
3606 5365 3624 5402 :
3649 5347 3903 5423 Iuvenis.

2216 5416 2431 5497 quidem
2460 5423 2631 5487 potest
2656 5417 2759 5471 cito
2790 5417 2950 5484 mori,
2984 5416 3075 5472 sed
3103 5433 3268 5472 senex
3295 5417 3393 5473 diu
3422 5420 3605 5474 vicere
3632 5416 3740 5474 non
3768 5420 3876 5497 ῃὸτ

2216 5494 2331 5543 test.

2286 5562 2358 5626 (e)
2391 5560 2645 5633 Νοὸἱιίιςδζ
2678 5559 2922 5628 feminae.
2958 5558 3163 5633 Uxoris
3198 5559 3503 5633 nimirum
3532 5559 3871 5633 Eginhardi.

2216 5631 2417 5701 Itaque
2449 5645 2582 5702 cum
2612 5630 2823 5702 Lupus
2850 5647 2981 5685 eam
3010 5630 3334 5702 splendidis
3355 5630 3651 5689 natalibus
3682 5638 3897 5702 ortam)

2215 5700 2442 5777 prodat,
2474 5700 2735 5777 validum
2768 5700 3353 5777 hincAargiimentum
3380 5702 3520 5777 peti
3564 5706 3765 5777 potest
3798 5700 3901 5762 ad”

2215 5772 2677 5854 confirmandam
2708 5772 3100 5830 narrationém
3123 5772 3891 5854 Chronici'bauﬁshamenf

2218 5862 2321 5901 SIB.
3582 5872 3585 5873 '
