4114 6452
177 441 299 525 4.41,

1685 438 2113 505 EPISTOL/E.

3484 448 3605 510 412

175 592 561 652 nequaquam
590 573 1020 650 desperaverim
1067 576 1223 650 quod
1277 574 1428 646 aliis,
1463 576 1715 634 necdum
1765 576 1843 633 sit
1870 580 1925 649 Α
1953 573 2099 632 ratio
2133 574 2501 647 persuadeat,
2533 572 2773 648 planum
2796 573 2989 651 igitur
3015 580 3105 635 est
3129 577 3445 638 verisimile
3474 596 3605 638 esse

176 667 386 745 datum
422 665 571 722 mihi
601 670 668 723 ut
700 665 938 739 aliquod
985 665 1261 723 solatium
1291 668 1458 724 vobis
1490 667 1840 739 persuadere

177 756 406 830 possim
439 773 474 812 a
503 755 749 812 Domino
800 759 1179 812 reservatum.
1218 755 1448 812 Vilibus
1496 756 1841 829 plerumque

174 845 509 902 remedium
541 845 822 919 quaeritur
851 846 1006 917 quod
1032 845 1475 917 pretiosissimis
1505 850 1561 901 et
1592 845 1734 900 artis
1765 844 1841 898 vi-

175 932 577 1008 gilantissima
606 933 948 1007 compositis
1001 933 1301 1007 diligentia
1335 934 1551 989 frustra
1581 934 1683 989 diu
1716 937 1839 988 ten-

178 1026 375 1079 tatum
406 1027 516 1079 est.
532 1023 733 1095 Itaque
765 1023 1204 1079 ﬁrmamentum
1226 1022 1397 1095 justi,
1416 1027 1478 1078 ut
1506 1023 1669 1078 vobis
1692 1020 1846 1077 vide-

177 1115 298 1178 tur,
331 1110 552 1168 doloris
585 1111 761 1167 vestri
798 1110 946 1167 duas
992 1110 1051 1166 in
1104 1117 1321 1183 partes,
1372 1109 1651 1184 epistolas
1696 1108 1841 1163 mihi

178 1200 504 1279 reddendo,
532 1199 832 1256 divisistis.
868 1202 971 1256 10
1001 1201 1215 1256 Earum
1248 1199 1457 1272 prima,
1492 1216 1618 1271 quae
1671 1203 1727 1254 et
1755 1195 1842 1253 vel

180 1289 466 1357 maxima,
490 1288 590 1363 illa
618 1293 726 1357 est,
750 1290 907 1361 quod
940 1293 1070 1345 vota
1097 1294 1290 1345 vestra
1320 1294 1376 1344 et
1405 1306 1559 1361 spes,
1585 1304 1761 1361 quam
1784 1286 1843 1341 in

181 1382 528 1437 sanctorum
562 1384 887 1451 martyrum
919 1377 1335 1434 intercessione
1366 1376 1843 1443 locaveratis,vos

180 1468 344 1525 velut
370 1467 538 1524 irrita
566 1466 1143 1533 fefellerunt.Altera,
1160 1485 1286 1540 quae
1310 1466 1569 1541 proxime
1591 1466 1843 1539 primam

182 1557 435 1629 accedit,
460 1556 613 1630 quod
646 1555 885 1613 sinister
916 1555 1013 1612 ille
1044 1573 1216 1614 casus
1238 1562 1524 1629 quantum
1554 1556 1719 1612 vobis
1741 1555 1846 1609 im—

179 1646 507 1725 portaverit
536 1646 897 1703 incommodi
946 1645 1307 1719 quotidiauis
1354 1645 1547 1702 meriti
1598 1643 1847 1716 negotiis

180 1733 638 1815 opgimini,dum
649 1752 753 1791 vos
764 1752 914 1791 onus
925 1735 1379 1791 domesticarum
1399 1734 1848 1807 divinarumque

180 1840 409 1899 rerum,
425 1824 580 1898 quod
603 1822 762 1898 illius
784 1823 1186 1880 memorabilis
1208 1823 1435 1880 feminae
1458 1823 1576 1878 ﬁda
1596 1822 1846 1878 societas

180 1913 311 1991 leve
346 1914 577 1987 fecerat,
609 1913 818 1970 vestris
848 1930 919 1971 ex
948 1917 1068 1969 toto
1099 1912 1442 1985 impositum
1482 1928 1548 1968 ac
1579 1911 1845 1967 relictum

185 2002 521 2066 cervicibus
576 2002 790 2059 obruit.
841 2003 1061 2058 Revera
1113 2001 1305 2057 valida
1356 2007 1605 2073 utraque
1652 2018 1762 2068 res,
1795 2006 1852 2055 et

185 2108 324 2167 qua:
356 2095 565 2164 praeter
595 2090 941 2165 sapientem,
962 2088 1061 2163 qui
1092 2091 1336 2145 adversa
1360 2106 1594 2163 quoque
1625 2089 1852 2144 modice

184 2180 342 2253 ferre
369 2178 658 2249 didicerit,
675 2176 842 2255 facile
870 2177 1193 2251 quemlibet
1222 2196 1331 2236 sua
1360 2179 1510 2236 mole
1541 2178 1728 2252 possit
1757 2195 1850 2249 op-

184 2255 469 2348 primore.
502 2270 583 2343 Ac
615 2267 806 2341 primo
839 2268 1079 2341 quidem
1112 2286 1291 2341 quam
1324 2268 1599 2342 proposui
1635 2266 1854 2340 pariter

184 2358 451 2437 conabor
498 2374 613 2417 non
663 2357 996 2419 subvertere
1047 2374 1112 2412 ac
1150 2357 1386 2430 penitus
1417 2358 1643 2413 auferre
1676 2356 1852 2437 (quod

182 2436 437 2521 prorsus
481 2445 845 2518 impossibile
895 2446 1168 2519 perfectis
1210 2446 1386 2502 etiam
1418 2446 1767 2511 oratoribus,
1801 2436 1853 2500 si

184 2539 413 2611 essent,
444 2535 633 2605 video,
668 2534 854 2592 multo
886 2535 1075 2609 magis
1106 2535 1295 2607 mihi),
1331 2536 1428 2591 sed
1462 2540 1727 2602 tenuare,
1752 2535 1855 2589 im-

183 2607 583 2704 tieciﬂemque
628 2623 896 2698 inspectu
948 2607 1191 2680 rationis
1242 2624 1488 2680 efﬁcere.
1524 2624 1687 2679 Certe
1718 2623 1855 2678 hinc

187 2712 535 2794 movemini,
572 2716 725 2770 certe
772 2712 910 2768 hinc
957 2713 1282 2779 afﬁcimini,
1335 2713 1489 2786 quod
1537 2729 1639 2767 vos
1687 2728 1856 2768 cassa

184 2788 337 2882 vota)
358 2802 639 2859 frustrata
668 2801 805 2869 sint,
839 2818 907 2857 ac
958 2819 1092 2876 spes
1135 2802 1194 2857 in
1236 2802 1613 2875 martyribus,
1646 2800 1763 2857 imo
1792 2800 1854 2854 in

186 2896 312 2973 Deo
344 2889 460 2948 sita
507 2889 775 2947 illuserit.
810 2890 987 2954 Quasi
1035 2908 1168 2946 vero
1226 2891 1282 2946 id
1309 2890 1473 2946 vobis
1501 2887 1858 2946 omnimodis

190 2984 430 3053 constet
452 2980 607 3053 quod
627 2984 928 3052 tantopere
947 2980 1297 3053 poposcistis
1316 2984 1522 3036 vestrae
1543 2978 1858 3050 uxorisque

196 3068 383 3140 saluti
415 3068 757 3147 conducere.
793 3068 956 3136 Quod
990 3086 1131 3125 sane
1178 3069 1226 3125 si
1272 3069 1436 3126 vobis
1485 3067 1631 3124 satis
1660 3068 1857 3141 explo-

197 3165 400 3239 ratum
430 3159 658 3238 fuisset,
689 3157 929 3237 acrioris
953 3159 1221 3233 justique
1252 3158 1469 3216 doloris
1497 3159 1705 3231 ingens
1729 3172 1858 3212 esse

193 3250 512 3323 videbatur
531 3249 737 3319 fomes,
754 3249 895 3305 dum
917 3266 1018 3305 vos
1042 3267 1156 3305 non
1188 3247 1357 3323 quasi
1389 3247 1578 3303 ﬁlium
1611 3247 1859 3319 corripe-

1949 680 2067 719 non
2097 662 2180 717 illi
2214 664 2441 720 feminae
2471 665 2787 721 venerabili
2819 666 3033 737 solum,
3068 668 3168 724 sed
3216 668 3393 726 etiam
3439 672 3603 727 vobis

1950 769 1984 808 a
1999 752 2116 808 Deo
2141 769 2421 825 magnum
2445 754 2724 827 quiddam
2745 755 3091 826 praestitum,
3108 758 3250 813 dum
3269 761 3421 831 quod
3438 762 3602 817 vobis

1950 838 2282 912 eligendum
2319 840 2506 897 fuerat
2535 840 2661 913 ipse
2692 841 2847 898 ultro
2897 842 3227 915 ingesserit,
3262 863 3603 919 quanquam

1950 927 2196 996 occulto,
2232 929 2472 985 minime
2514 934 2709 987 tamen
2753 931 2974 1001 injusto
3018 933 3264 1004 judicio.
3319 934 3480 991 Certe
3508 936 3607 992 illa

1951 1020 2009 1071 et
2037 1015 2086 1071 si
2116 1034 2184 1073 ex
2203 1023 2391 1074 vestro
2422 1020 2712 1076 consortio
2742 1020 2931 1075 multa
2957 1021 3260 1090 didicerat,
3290 1022 3373 1080 ita
3403 1030 3468 1081 ut
3490 1042 3605 1082 non

1952 1105 2044 1161 sui
2077 1122 2250 1163 sexus
2284 1108 2475 1175 modo,
2508 1126 2709 1164 verum
2742 1109 2917 1165 etiam
2948 1112 3182 1167 turbam
3212 1113 3470 1170 virorum
3498 1132 3609 1172 sua

1951 1192 2169 1268 insigni
2215 1197 2526 1268 prudentia
2567 1198 2847 1271 gravitate
2896 1203 3070 1272 atque
3120 1200 3442 1268 honestate,
3476 1221 3606 1276 quis

1954 1299 2046 1339 res
2093 1301 2366 1357 magnam
2413 1286 2539 1342 vitae
2598 1286 2870 1343 humanae
2914 1288 3185 1345 tribuunt
3232 1290 3604 1365 dignitatem,

1953 1371 2124 1446 longe
2156 1380 2554 1446 superaret,ac
2577 1394 2815 1449 corpore
2837 1377 3072 1446 femina,
3105 1379 3303 1436 animo
3332 1380 3392 1437 in
3413 1382 3611 1437 virum

1954 1464 2297 1535 profecerat,
2314 1465 2386 1520 ad
2410 1465 2706 1537 sapientiae
2729 1470 2932 1522 vestrae
2963 1467 3268 1541 fastigium
3298 1487 3606 1543 nunquam

1954 1552 2189 1623 penitus
2218 1554 2555 1625 aspirasset,
2575 1571 2876 1627 nunquam
2899 1559 3128 1612 tantum
3151 1558 3331 1614 robur
3350 1576 3609 1633 semper-

1956 1657 2069 1713 que
2101 1640 2375 1710 similem,
2393 1660 2571 1715 quam
2602 1644 2662 1699 in
2685 1643 2848 1701 vobis
2872 1644 3250 1718 singulariter
3278 1649 3380 1705 12
3405 1666 3613 1708 omnes

1957 1730 2267 1800 mirantur,
2319 1733 2710 1789 constantiam
2760 1732 2899 1791 ullis
2948 1751 3210 1807 unquam
3257 1738 3619 1809 profectibus.

1956 1820 2322 1891 aequas/isset.
2357 1822 2693 1894 Nunquam,
2727 1822 2777 1879 si
2808 1823 3245 1898 supervixisset,
3264 1829 3497 1883 tantum
3525 1844 3617 1883 ve—

1958 1912 2094 1964 strae
2125 1914 2416 1981 quantum
2446 1928 2549 1968 vos
2579 1915 2636 1968 et
2666 1911 2825 1967 illius
2857 1916 2914 1968 et
2941 1916 3146 1970 vestrae
3179 1920 3472 1987 perpetuae
3521 1934 3615 1973 sa-

1881 1965 1930 2030 B
1960 1996 2069 2052 luti
2100 1965 2413 2069 pi'ocurare
2443 1999 2753 2071 potuisset.
2788 2003 2868 2058 Ac
2889 2018 2993 2073 per
3021 1965 3445 2075 boarium-liam
3473 2007 3621 2078 duni

1960 2086 2022 2141 in
2053 2085 2161 2141 hoc
2209 2087 2399 2160 fragili
2445 2105 2749 2145 versamur
2796 2107 3056 2162 corpore,
3091 2091 3251 2147 omni
3310 2095 3616 2165 perturba-

1962 2174 2120 2232 tione
2148 2175 2229 2232 ita
2256 2193 2459 2233 vacare
2492 2195 2605 2235 non
2638 2195 2956 2250 possumus
2988 2180 3133 2251 quin
3165 2179 3480 2253 aliquando
3509 2182 3615 2239 ali-

1963 2280 2081 2336 qua
2108 2264 2474 2337 aegritudinis
2522 2267 2791 2324 molestia
2839 2268 3200 2340 quatiamur,
3232 2271 3389 2342 quod
3444 2288 3617 2344 posse

1962 2353 2209 2425 sapienti
2242 2354 2574 2427 contingere
2597 2354 2927 2429 philosophi
2955 2361 3303 2428 putaverunt
3322 2359 3432 2416 hoc
3451 2360 3617 2417 vobis

1962 2442 2191 2498 evenire
2218 2447 2434 2515 optem,
2454 2448 2520 2499 ut
2540 2461 2712 2501 casus
2742 2445 3039 2512 adversos,
3061 2450 3126 2502 ut
3156 2446 3347 2518 primo
3378 2454 3616 2521 aspectu

1962 2534 2222 2602 apparet,
2255 2532 2471 2604 quibus
2500 2533 2673 2605 vulgo
2700 2534 2924 2590 inculta
2944 2533 3280 2595 mortalium
3303 2536 3618 2597 multitudo

1963 2620 2287 2689 subruitur,
2302 2627 2505 2685 vestra:
2538 2622 2752 2679 mentis
2784 2623 3073 2695 sapientia
3095 2624 3317 2683 sensim
3336 2626 3616 2696 emolliat,

1962 2708 2080 2765 imo
2110 2710 2318 2765 divinze
2349 2711 2631 2768 voluntati
2662 2716 2913 2769 vestram
2941 2717 3356 2788 contemperet.
3375 2716 3618 2783 Deinde,

1966 2798 2105 2871 quia
2133 2798 2263 2855 vita:
2293 2800 2472 2871 huius
2500 2801 2952 2859 obscurissimas
3006 2803 3274 2861 tenebras
3306 2821 3499 2863 sermo
3531 2807 3620 2863 di-

1962 2887 2134 2943 vinus
2166 2888 2408 2945 irradiat
2428 2891 2600 2961 juxta
2628 2891 2770 2947 illud
2796 2908 2809 2945 :
2838 2892 3084 2948 Lucerna
3108 2893 3334 2964 pedibus
3351 2898 3488 2952 meis
3506 2913 3635 2952 verb,

1966 2978 2095 3033 bum
2125 2985 2299 3047 tuum,
2332 2986 2385 3034 et
2415 2980 2599 3036 lumen
2625 2982 2835 3038 semitis
2862 2983 2999 3038 meis
3029 2982 3199 3054 (Psat.
3231 2985 3442 3053 cxvm),
3471 3002 3620 3059 quo-

1966 3067 2139 3122 modo
2160 3066 2286 3139 ipse
2310 3067 2518 3125 formet
2532 3070 2799 3125 eamdem
2818 3069 2999 3127 vitam
3020 3071 3257 3144 penitus
3271 3071 3622 3132 intuendum

1965 3159 2071 3223 est.
2106 3155 2395 3212 Nimirum
2428 3158 2486 3213 in
2518 3158 2824 3215 Dominica
2870 3158 3131 3216 oratione
3172 3161 3429 3234 quotidie
3474 3164 3622 3219 dici-

1966 3262 2142 3301 mus:
2177 3248 2298 3302 Fiat
2336 3247 2585 3303 voluntas
2633 3256 2745 3316 tua,
2794 3248 3016 3304 scilicet
3060 3266 3176 3305 non
3228 3254 3447 3321 nostra,
3493 3269 3639 3325 qua).

192 3320 427 3413 ret,sed
460 3336 636 3394 veluti
666 3336 729 3392 in
759 3337 1157 3394 adversarium
1188 3320 1386 3392 divina
1414 3354 1662 3393 censura
1688 3337 1863 3392 desar-
1891 3338 1933 3404 (ζ’,
1967 3334 2172 3407 ignara
2200 3352 2397 3390 rerum
2430 3336 2544 3392 sibi
2589 3335 2917 3393 salubrium
2966 3336 3086 3393 falli
3136 3339 3488 3411 consuescit,
3509 3320 3629 3398 sed

187 3429 398 3507 visset,
417 3428 686 3484 Attamen
719 3428 802 3483 sic
837 3443 1069 3501 quoque
1095 3444 1211 3483 non
1241 3426 1663 3499 desperationis
1691 3426 1857 3480 bara-

190 3517 405 3599 thrum
437 3517 833 3593 subeundum,
869 3517 968 3572 sed
1016 3515 1291 3572 divinitas
1330 3516 1560 3571 infensa
1588 3515 1860 3587 precibus

190 3605 460 3683 assiduis
503 3622 569 3679 ac
619 3605 942 3679 summissa
991 3604 1181 3660 fuerat
1226 3604 1511 3675 ﬂectenda
1558 3604 1855 3676 patientia.

189 3685 367 3761 Nunc
399 3698 595 3751 autem
627 3711 762 3750 cum
790 3694 946 3751 Deus
975 3710 1180 3750 omnes
1209 3693 1477 3750 homines
1508 3691 1699 3749 salvos
1722 3693 1860 3749 velit

189 3770 431 3863 ﬁeri,ac
461 3783 523 3839 in
553 3783 790 3839 nomine
812 3782 1019 3857 ipsius,
1037 3782 1136 3856 qui
1159 3783 1422 3838 Salvator
1442 3782 1856 3847 dicitur,nemo

192 3857 461 3957 postulet
488 3872 601 3931 nisi
635 3871 737 3945 qui
768 3872 1013 3946 propriae
1063 3871 1239 3928 saluti
1269 3872 1531 3943 proﬁcua
1561 3871 1855 3944 flagitarit,

193 3978 457 4043 cumque
496 3979 598 4019 vos
626 3960 686 4017 in
719 3961 955 4018 nomine
986 3960 1302 4018 Salvatoris
1331 3959 1505 4033 plena
1532 3961 1647 4015 ﬁde
1677 3961 1856 4033 petie~

192 4053 353 4133 ritis,
387 4050 522 4129 quis
559 4067 677 4107 non
707 4049 978 4123 opinetur
1007 4066 1124 4105 non
1154 4052 1248 4105 11
1286 4049 1587 4105 exauditos
1618 4050 1856 4121 quidem

189 4160 297 4214 vgs
329 4141 411 4217 ad.
448 4138 771 4217 temporale
801 4142 1023 4205 votum,
1055 4138 1359 4194 exauditos
1391 4143 1589 4193 autem
1621 4138 1693 4193 ad
1724 4155 1854 4210 per-

191 4215 438 4311 petuam
470 4215 721 4307 salutem
740 4215 905 4303 ‘?_Ego
937 4227 1108 4299 plane
1138 4227 1478 4283 ﬁrmissime
1508 4226 1853 4283 crediderim

191 4326 255 4380 et
282 4318 448 4377 vobis
478 4322 536 4375 et
562 4317 729 4375 uxori
758 4318 887 4391 ejus
908 4317 1085 4373 etiam
1110 4316 1428 4373 immaturo
1461 4334 1701 4395 excessu
1723 4334 1855 4373 con-

190 4410 443 4481 sultum.
458 4407 727 4473 Quaeritis
748 4407 1247 4481 quemadmodum
1262 4408 1288 4461 ‘?
1308 4407 1527 4479 Nempe
1550 4407 1703 4478 quod
1726 4424 1858 4463 con-

180 4490 364 4583 juges
395 4514 467 4573 ex
486 4498 717 4554 duobus
737 4496 1080 4568 corporibus
1104 4495 1162 4551 in
1184 4511 1363 4551 unam
1386 4495 1605 4551 redacti
1627 4512 1856 4568 compa-

189 4584 352 4665 gem,
399 4586 534 4647 licet
583 4584 1039 4643 concordissime
1085 4584 1354 4653 vixerint,
1387 4602 1503 4640 non
1550 4602 1668 4641 una
1696 4584 1854 4641 letho

191 4678 606 4755 resolvuntur;
641 4680 700 4731 et
727 4679 1015 4748 quantum
1049 4675 1120 4730 ad
1153 4674 1441 4729 usitatum
1469 4678 1690 4730 natura:
1723 4691 1853 4746 per-

188 4754 344 4826 tinet
373 4754 662 4835 ordinem,
696 4780 934 4821 necesse
990 4767 1078 4820 est
1110 4778 1297 4827 unum
1327 4762 1491 4819 alteri
1523 4780 1849 4835 superesse.

190 4858 342 4923 Hinc
364 4857 494 4929 jam
524 4859 720 4911 vestra
763 4853 1074 4926 prudentia
1121 4851 1395 4925 intelligit
1440 4853 1675 4924 quando
1721 4870 1853 4910 sen-

188 4945 379 5009 tentia
408 4945 469 5000 in
499 4943 799 5000 hominem
831 4942 1111 5017 divinitus
1141 4940 1377 5011 emissa,
1415 4942 1575 4997 Terra
1604 4957 1679 5009 es,
1713 4950 1763 4997 et
1794 4945 1849 4998 in

187 5043 400 5097 terram
430 5035 536 5090 ibis
571 5032 722 5107 (Gen.
752 5036 860 5102 III),
895 5031 1115 5088 differri
1157 5029 1592 5105 aliquantulum
1639 5034 1851 5103 potest,

185 5126 267 5193 in_
284 5127 636 5196 perpetuum
666 5126 865 5178 autem
892 5120 1062 5179 vitari
1093 5139 1207 5178 non
1239 5124 1450 5193 potest,
1482 5120 1618 5176 ﬁdis
1646 5125 1851 5193 optan-

186 5216 336 5270 dum
368 5212 743 5289 conjugibus,
778 5228 911 5267 cum
944 5214 1074 5268 uter
1103 5226 1306 5266 eorum
1339 5226 1720 5266 remansurus
1753 5211 1849 5280 sit,

187 5320 327 5361 eum
359 5304 481 5361 fore
502 5301 888 5381 superstitem
918 5300 1019 5373 qui
1051 5300 1126 5355 sit
1154 5303 1212 5356 et
1240 5300 1311 5355 ad
1339 5298 1731 5356 calamitatem
1761 5299 1847 5355 fe-

187 5393 441 5467 rendam
488 5376 783 5451 robustior
812 5376 870 5446 et
900 5391 971 5446 ad
996 5391 1163 5462 justa
1191 5390 1261 5446 de
1311 5406 1471 5446 more
1519 5389 1847 5446 Christiano

186 5481 461 5545 curanda
485 5480 675 5557 magis
703 5479 971 5537 idoneus.
1007 5480 1132 5535 Non
1165 5479 1322 5536 enim
1355 5496 1496 5535 sexu
1523 5478 1848 5535 differentia

184 5571 450 5638 virtutis,
478 5569 579 5625 sed
605 5570 801 5626 animo
834 5569 1117 5642 capienda
1142 5572 1249 5625 est.
1273 5567 1501 5641 Alioqui
1534 5584 1650 5624 non
1679 5569 1846 5625 video

184 5658 447 5735 religiosi
466 5659 593 5739 conj
604 5675 743 5735 uges
760 5659 1257 5733 quemadmodum
1277 5658 1388 5714 sibi
1406 5658 1633 5714 sincero
1649 5674 1846 5716 amore

185 5749 445 5829 devincti
476 5748 614 5827 sint.
662 5752 807 5807 Cum
851 5748 971 5805 haec
1020 5748 1102 5804 ita
1146 5764 1231 5805 se-
1258 5746 1474 5804 habere
1517 5747 1847 5805 indubitata

1969 3433 2086 3491 tua,
2120 3442 2269 3497 quae,
2303 3429 2503 3496 utpote
2554 3424 2675 3492 Dei,
2730 3426 2929 3481 futura
2975 3426 3304 3498 praenoscit.
3359 3427 3626 3486 Salvator

1970 3531 2200 3586 quoque
2231 3518 2430 3570 noster
2471 3514 2745 3587 passione
2774 3514 3150 3588 impendente
3184 3533 3318 3573 cum
3359 3517 3623 3588 dixisset,

1965 3605 2152 3671 Pater,
2181 3605 2233 3659 si
2259 3605 2383 3675 ﬁeri
2407 3612 2600 3675 potest,
2633 3612 2875 3661 transeat
2902 3622 2935 3661 (ι
2956 3621 3043 3661 me
3088 3607 3241 3662 calix
3289 3608 3391 3664 iste,
3418 3607 3622 3678 (Matth.

1966 3696 2166 3761 xxvu),
2181 3693 2469 3765 assumpti
2488 3693 2743 3749 hominis
2761 3694 3188 3763 infirmitatem,
3201 3694 3321 3752 imo
3338 3697 3628 3754 membro-

1967 3799 2097 3837 rum
2127 3786 2641 3855 suorum,propter
2668 3783 2823 3855 quod
2857 3784 2927 3839 ad
2962 3783 3070 3840 has
3093 3800 3292 3857 preces
3315 3785 3629 3843 descende-

1966 3875 2074 3938 rat,
2110 3870 2575 3927 imbecillitatem
2622 3871 2707 3927 sic
2752 3872 2952 3929 divina
2992 3874 3208 3929 virtute
3252 3874 3575 3931 consolidat
3609 3893 3623 3931 :

1971 3965 2356 4017 Verumtamen
2382 3978 2494 4017 non
2522 3964 2667 4017 sicut
2694 3978 2787 4032 ego
2821 3963 2956 4029 volo,
2987 3962 3081 4019 sed
3107 3964 3251 4019 sicut
3280 3971 3360 4018 tu.
3396 3963 3629 4020 Scilicet

1966 4049 2163 4106 fallere
2194 4050 2434 4122 fallique
2453 4050 2688 4106 nescius
2716 4050 3015 4123 magister,
3034 4052 3190 4123 quod
3211 4052 3369 4108 Deus
3389 4070 3496 4109 suo
3517 4070 3625 4110 nos

1966 4137 2229 4211 exemplo
2261 4137 2517 4195 instituit
2544 4142 2611 4194 ut
2648 4156 2785 4194 cum
2836 4140 3079 4195 adversa
3122 4145 3415 4213 urgerent,
3445 4141 3528 4197 sic
3557 4158 3627 4199 ea

1965 4227 2251 4300 depellere
2282 4227 2555 4299 precibus
2586 4245 2953 4295 conaremur,
2974 4231 3040 4283 ut
3072 4228 3131 4283 in
3162 4228 3256 4284 his
3285 4228 3461 4286 etiam
3495 4247 3627 4287 con-

1967 4322 2054 4373 tra
2084 4321 2351 4372 nostrum
2384 4322 2582 4372 votum
2615 4319 2743 4388 ejus
2772 4317 2894 4374 ﬁeri
2917 4316 3278 4374 voluntatem
3310 4318 3626 4376 salubriter

1964 4406 2470 4479 amplecteremur.
2523 4404 2799 4473 Recolite,
2862 4422 3080 4478 quaeso,
3133 4405 3401 4475 Paulum,
3451 4409 3624 4480 cujus

1964 4500 2127 4552 tanta
2158 4499 2283 4552 erat
2325 4494 2643 4551 eminentia
2692 4498 2759 4550 ut
2786 4494 2845 4550 in
2876 4494 3115 4551 tertium
3158 4498 3363 4567 raptus
3411 4496 3639 4554 caelum.

1964 4585 2214 4641 audierit
2242 4586 2343 4643 13
2367 4601 2582 4639 arcana
2599 4584 2775 4639 verba
2796 4587 3011 4641 sanctae
3032 4583 3332 4641 Trinitatis
3354 4603 3482 4658 quin
3509 4604 3622 4644 non

1964 4673 2098 4731 licet
2150 4673 2373 4731 homini
2419 4672 2600 4745 loqui,
2635 4676 2834 4729 tamen
2863 4673 3181 4730 Dominum
3215 4691 3419 4732 orasse
3444 4694 3559 4749 quo
3590 4695 3635 4734 a.

1964 4780 2026 4820 se
2041 4762 2316 4837 angelum
2340 4764 2591 4827 Satanas,
2606 4778 2639 4818 a
2660 4778 2775 4834 quo
2799 4760 3212 4829 tribulabatur,
3227 4764 3618 4834 submoveret,

1962 4870 2068 4909 nec
2099 4852 2423 4908 obtinuisse
2456 4852 2608 4923 quod
2635 4850 2832 4919 voluit,
2867 4852 2969 4909 sed
3000 4853 3153 4926 quod
3186 4852 3422 4924 profuit.
3444 4854 3624 4911 Revoo

1961 4947 2087 4999 cate
2118 4942 2177 4997 in
2199 4941 2546 4997 memoriam
2568 4941 2868 5008 Davidem,
2889 4946 3180 5013 quatenus
3213 4959 3273 4999 se
3306 4958 3409 5014 pro
3440 4942 3621 5017 impe-

1959 5032 2171 5088 tranda
2200 5030 2318 5087 ﬁlio
2341 5030 2456 5089 vita
2475 5030 2807 5087 macerarit.
2824 5032 2892 5086 Et
2912 5034 3065 5087 certe
3087 5048 3223 5088 cum
3244 5036 3443 5089 tantus
3465 5036 3622 5090 esset

1959 5121 2262 5195 propheta,
2295 5136 2367 5175 ne
2396 5136 2746 5190 responsum
2786 5119 3027 5191 quidem
3056 5121 3323 5177 divinum
3352 5125 3476 5179 tam
3504 5122 3620 5178 im—

1960 5211 2120 5267 mani
2157 5210 2455 5266 confectus
2488 5225 2733 5265 moerore
2764 5209 3104 5281 promeruit.
3137 5212 3488 5283 Quacumque
3515 5230 3619 5268 au-

1957 5309 2063 5356 tem
2089 5299 2295 5371 scripta
2324 5305 2472 5364 sunt,
2507 5298 2577 5353 ad
2604 5305 2855 5356 nostram.
2897 5297 3202 5353 doctrinam
3230 5300 3436 5371 scripta
3464 5309 3613 5369 sunt,

1956 5398 2015 5445 ut
2039 5405 2137 5461 per
2161 5390 2489 5461 patientiam
2516 5395 2567 5443 et
2585 5386 3005 5443 consolationem
3035 5386 3451 5458 Scripturarum
3468 5406 3619 5460 spem

1956 5480 2250 5534 habeamus
2272 5479 2442 5551 (Rom.
2471 5477 2585 5546 xv).
2609 5476 2757 5548 Ergo
2792 5475 3130 5547 perpendite
3161 5475 3415 5547 qualiter
3432 5477 3614 5533 David

1956 5585 2182 5626 cassam
2215 5584 2452 5639 precum
2472 5582 2715 5621 suarum
2738 5569 3009 5636 expertus
3029 5565 3393 5634 instantiam,
3414 5581 3615 5623 conso-

1953 5658 2229 5714 lationem
2254 5656 2476 5712 ratione
2496 5653 3169 5726 perceperit,acjustitiae
3189 5654 3289 5710 Dei
3312 5654 3615 5727 subjectus

1953 5746 2255 5805 humiliter
2285 5744 2657 5816 acquieverit.
2685 5743 2811 5801 Non
2841 5743 2983 5801 estis
3012 5746 3135 5804 tam
3165 5744 3419 5805 fundatae
3447 5744 3611 5806 fortis
