4114 6456
484 439 603 506 443

1496 436 1566 499 Β.
1614 437 1678 501 S.
1725 436 1906 500 LUPI
1948 430 2283 499 ABBATIS
2329 435 2925 503 FERRARIENSIS.

3777 418 3907 501 ω’

486 574 729 634 tudinis.
765 571 928 642 Quod
957 571 1195 647 praefato
1225 570 1443 629 dictum
1491 575 1580 628 est
1619 570 1915 645 Apostolo,
1968 570 2134 627 vobis
2165 574 2218 641 Α
2251 588 2353 629 nec
2384 571 2539 628 ﬁniri
2569 589 2741 646 posse
2765 568 3048 630 videatur.
3082 570 3145 630 Id
3197 589 3325 632 esse
3353 570 3729 631 verissimum
3772 571 3904 647 ipse

488 682 838 741 responsum
869 664 1112 738 accipite
1146 680 1158 718 :
1194 664 1409 736 Sufﬁcit
1464 663 1566 718 tibi
1593 664 1776 732 gratia
1804 678 1926 717 mea
1960 680 1979 717 :
2008 679 2142 717 nam

484 760 661 814 virtus
692 758 754 812 in
784 755 1106 826 inﬁrmitate
1127 754 1412 824 perﬁcitur
1440 752 1512 820 (II
1543 752 1663 807 Cor.
1695 750 2139 823 x11).Siquidem

486 851 542 904 et
572 847 697 919 ipse
727 860 1035 900 mmrorem
1059 841 1286 913 scriptae
1309 840 1606 910 orationis,
1628 840 1675 895 si
1700 840 1835 912 quis
1856 840 1904 895 ei
1938 841 2141 896 subor-

483 940 584 993 tus
614 936 820 1002 fuerat,
856 933 965 989 hoc
996 931 1332 988 admonitus
1376 930 1610 986 oraculo
1641 929 1799 984 aliud
1850 934 2137 1001 Oportere,

487 1023 778 1098 deposuit.
810 1019 1157 1094 Hujusmodi
1190 1019 1496 1092 praeceptis
1546 1024 1603 1074 et
1648 1017 1932 1091 exemplis
1962 1034 2139 1074 sacra:

484 1115 799 1187 Scriptura;
851 1109 1108 1183 capitula
1154 1110 1476 1164 exuberant
1506 1124 1518 1161 :
1555 1125 1704 1180 quae,
1739 1107 2041 1179 quoniam,
2075 1110 2143 1162 ut

486 1202 737 1276 insignis
785 1201 867 1256 ait
913 1203 1083 1272 poeta
1130 1198 1372 1270 (Virgil,
1422 1199 1558 1262 Ecl,
1590 1197 1647 1269 x)
1684 1215 1696 1251 :
1743 1199 1861 1252 Non
1889 1198 2141 1252 canimus

482 1292 685 1359 surdis,
703 1288 1151 1363 epistolarisqur
1182 1290 1441 1343 coarctat
1464 1285 1757 1360 angustia,
1781 1286 2138 1358 praeteriens,

479 1380 644 1443 vobis
674 1378 1102 1435 consideranda
1131 1374 1735 1448 relinquo.Squ‘ecerit
1757 1375 1877 1430 haec
1908 1379 2138 1430 tantum

480 1469 743 1543 tetigisse
774 1485 901 1540 quae
933 1466 1058 1523 sola
1085 1469 1317 1537 recepta
1344 1464 1604 1520 vulneris
1626 1464 1804 1535 hujus
1827 1468 2137 1550 tumorem,

482 1563 769 1633 quantum
802 1572 936 1611 mea
966 1556 1075 1610 fert
1102 1553 1317 1627 opinio,
1339 1553 1595 1609 mulcere
1620 1556 1795 1626 atque
1816 1552 1998 1609 lenire
2026 1552 2142 1608 lar-

482 1648 676 1724 giente
706 1645 956 1703 Domino
978 1648 1269 1717 poterunt.
1285 1643 1633 1715 Quanquam
1657 1642 1801 1697 mihi
1824 1642 2011 1698 multa
2030 1642 2146 1699 vol-

480 1736 638 1795 venti
671 1734 831 1791 aliud
864 1733 1040 1790 etiam
1073 1736 1359 1801 occurrat,
1395 1733 1551 1804 quod
1584 1731 1693 1787 hoc
1724 1731 1822 1787 Dei
1846 1731 2141 1803 judicium

484 1823 805 1884 clementiae
850 1839 1030 1896 quam
1077 1821 1392 1877 iracundiae
1439 1819 1622 1875 videri
1667 1819 1854 1891 possit
1884 1820 2141 1876 certissi-

483 1932 649 1973 mum
683 1915 1123 1970 documentum.
1137 1910 1283 1966 Nam
1302 1909 1441 1983 quia
1458 1910 1705 1981 ﬂagellat
1730 1925 1942 1965 omnem
1960 1910 2142 1980 ﬁlium

483 2022 644 2079 quem
670 2004 864 2074 recipit
895 2001 1075 2074 (Hebr.
1108 2001 1233 2071 x11),
1256 2001 1527 2055 affectum
1557 2004 1818 2054 vestrum
1848 1999 1908 2054 in
1940 1999 2138 2055 uxoris

483 2109 681 2152 amore
708 2090 953 2148 forsitan
984 2089 1351 2146 subdivisum
1383 2105 1500 2144 non
1542 2105 1777 2161 passus,
1810 2089 2001 2159 putari
2035 2105 2138 2161 po-

482 2188 601 2241 test
629 2182 700 2237 ad
734 2198 797 2237 se
827 2179 1019 2237 solum
1052 2181 1154 2235 14
1184 2179 1505 2234 amandum
1560 2178 1954 2247 revocavisse;
1989 2195 2055 2234 ac
2087 2180 2136 2234 si
2182 2228 2193 2235 .

482 2272 623 2346 quid
647 2272 775 2342 ejus
792 2268 1019 2342 corpori
1035 2268 1492 2340 intemperanter
1506 2266 1803 2339 diligendo
1825 2266 1959 2339 plus
1971 2267 2137 2338 justo

480 2381 514 2419 a
540 2361 705 2418 vobis
733 2358 1033 2416 indultum
1066 2359 1276 2427 fuerat,
1310 2358 1574 2428 ejusdem
1618 2356 1878 2429 corporis
1904 2358 2135 2414 subtra-

480 2452 671 2508 ctione
701 2449 963 2523 punisse.
997 2448 1263 2519 Cumque
1294 2463 1397 2518 per
1442 2446 1787 2517 prophetam
1824 2446 2087 2518 loquitur
2118 2465 2132 2504 :

477 2542 598 2599 Non
623 2546 910 2608 consurget
937 2537 1141 2609 duplex
1160 2536 1445 2591 tribulatio
1467 2536 1704 2604 (Nahum
1730 2538 1790 2603 ι),
1810 2536 1965 2607 quod
1998 2536 2136 2591 LXX

477 2629 866 2703 interpretum
915 2625 999 2682 sic
1046 2624 1333 2697 expressit
1377 2623 1684 2679 translatio
1719 2640 1732 2679 :
1766 2626 1885 2680 Non
1919 2625 2137 2696 judicat

477 2721 618 2777 Deus
650 2719 732 2774 bis
761 2719 823 2773 in
852 2714 1215 2788 idipsum,hic
1238 2714 1550 2769 emendare
1569 2712 1846 2786 dignatus
1865 2719 1955 2770 est
1977 2716 2132 2786 quod

478 2813 546 2865 ut
575 2808 752 2864 homo
782 2803 1119 2862 excessistis
1152 2807 1344 2871 (nemo
1377 2801 1534 2858 enim
1566 2803 1823 2858 mundus
1855 2820 1888 2857 a
1917 2804 2131 2871 sorde),

477 2915 551 2955 ne
581 2897 719 2970 quid
752 2894 989 2969 gravius
1009 2893 1069 2948 in
1090 2908 1191 2947 vos
1213 2892 1566 2963 quandoque
1587 2891 2133 2955 decerneretQuare

478 2986 581 3043 Dei
612 2983 885 3057 amplecti
918 2981 1142 3038 debetis
1171 2980 1524 3036 immensam
1568 2981 1868 3053 pietatem,
1902 2982 1999 3053 qui
2032 2998 2132 3037 vos

478 3093 586 3133 sua
614 3074 825 3147 dignos
845 3068 1196 3144 judicaverit
1232 3070 1605 3138 correctione,
1639 3086 1818 3142 quam
1848 3070 2132 3127 offensam

477 3168 737 3221 metuere
767 3160 1089 3234 disciplinas
1121 3159 1279 3216 illius
1320 3160 1561 3215 verbera
1589 3159 1968 3216 sustinentes.
1999 3162 2129 3228 Fili,

474 3252 669 3326 inquit
696 3251 993 3318 Salomon,
1024 3250 1142 3306 noli
1169 3249 1392 3319 deﬁcere
1422 3266 1457 3303 a
1484 3248 1777 3320 disciplina
1806 3251 2046 3317 Domini,
2082 3259 2133 3306 et

2248 664 2678 732 concesserim;
2711 662 2975 736 illudque
3026 664 3181 736 quod
3228 664 3385 720 inter
3431 662 3548 720 alia
3597 663 3905 737 posuistis,

2251 768 2366 807 non
2400 769 2571 824 posse
2601 770 2704 825 pro
2733 752 3033 809 voluntate
3064 753 3362 809 hominem
3385 752 3570 810 dolori
3593 755 3769 809 ﬁnem
3801 753 3910 809 im-

2249 858 2483 913 ponere,
2505 859 2680 914 quem
2713 860 2815 897 nec
2847 843 3136 916 praesciat,
3157 860 3261 899 nec
3292 843 3699 899 imminentem
3731 848 3912 916 queat

2249 931 2522 1004 effugere,
2565 931 2939 987 vehementer
2984 932 3264 1004 approbo,
3315 932 3577 1005 satisque
3624 932 3911 988 catholice

2251 1018 2471 1074 dictum
2501 1020 2748 1077 intueor.
2769 1021 2892 1075 Non
2915 1024 3005 1076 est
3023 1021 3182 1076 enim
3203 1022 3261 1076 in
3287 1024 3568 1094 potestate
3597 1020 3909 1076 hominum

2245 1108 2341 1163 via
2369 1110 2520 1180 ejus,
2552 1111 2653 1165 sed
2684 1127 2718 1165 a
2747 1110 2993 1166 Domino
3024 1126 3264 1183 gressus
3303 1110 3610 1165 hominum
3640 1110 3911 1183 dirigun-

2247 1201 2364 1266 tur,
2399 1202 2456 1253 et
2483 1198 2727 1254 humani
2757 1198 2998 1255 libertas
3028 1198 3253 1255 arbitrii
3283 1204 3413 1273 eget
3440 1199 3777 1255 omnimodo
3809 1217 3911 1255 au-

2248 1286 2385 1341 xilio
2417 1288 2615 1360 gratia;
2647 1288 2747 1343 Dei
2775 1306 2788 1356 ;
2822 1288 2927 1343 sed
2961 1287 3133 1360 plane
3176 1305 3305 1360 quae
3336 1288 3490 1345 facta
3520 1293 3660 1345 sunt
3688 1288 3910 1345 infecta

2249 1393 2378 1434 esse
2411 1393 2527 1433 non
2563 1382 2830 1450 possunt,
2879 1394 2983 1433 nec
3014 1377 3180 1434 dolor
3209 1394 3476 1434 revocare
3520 1376 3675 1434 valet
3723 1377 3907 1434 semel

2250 1466 2557 1540 praeterita,
2592 1482 2698 1522 nec
2741 1469 2831 1522 est
2877 1466 2936 1521 in
2987 1466 3224 1522 homine
3272 1467 3428 1523 unde
3458 1484 3491 1523 a
3522 1467 3715 1540 seipso
3745 1472 3907 1540 petat

2251 1555 2557 1613 auxilium.
2592 1556 2874 1622 Quocirca
2903 1555 3250 1629 deprehensi
3295 1556 3659 1628 quibuslibet
3684 1573 3905 1630 angus-

2248 1645 2500 1717 tiis,quo
2528 1644 2724 1701 verius
2750 1662 2857 1701 nos
2877 1645 3167 1701 sentimus
3188 1645 3534 1718 fragiliores,
3549 1645 3659 1702 hoc
3678 1649 3910 1719 oportet

2251 1733 2498 1791 celerius
2529 1735 2597 1789 ad
2634 1734 2840 1790 divinae
2871 1734 3266 1791 miserationis
3299 1734 3631 1791 subsidium
3651 1735 3811 1792 velut
3832 1736 3906 1792 ad

2252 1828 2487 1896 portum
2565 1821 2934 1878 tutissimum
3002 1822 3434 1895 confugiamus.
3482 1822 3909 1896 Eleganterque

2250 1912 2394 1967 illud
2428 1912 2648 1968 dictum
2679 1915 2770 1968 est
2796 1928 2808 1966 :
2843 1914 3060 1968 Necesse
3089 1920 3165 1968 est
3191 1911 3376 1967 adesse
3403 1911 3656 1967 divinum
3684 1913 3784 1968 ubi
3810 1911 3914 1968 hu-

2243 2019 2475 2057 manum
2502 2009 2674 2059 cessat
2712 2002 3012 2057 auxilium.
3046 2002 3162 2057 Nec
3190 2000 3424 2074 longus,
3458 2000 3779 2057 dummodo
3811 2017 3910 2057 co-

2246 2108 2476 2161 nemur,
2507 2091 2787 2147 ferendus
2835 2094 2926 2147 est
2977 2090 3161 2147 labor.
3213 2090 3361 2146 Nam
3409 2090 3511 2163 qui
3561 2091 3634 2146 ad
3685 2106 3748 2146 se
3794 2090 3909 2146 hoc

2245 2182 2419 2237 modo
2448 2184 2606 2237 votat
2637 2198 2652 2237 :
2689 2181 2873 2238 Venite
2916 2180 2987 2235 ad
3027 2196 3114 2236 me
3141 2180 3239 2251 qui
3268 2180 3534 2236 laboratis
3564 2178 3770 2249 (Matth.
3801 2180 3907 2253 xl),

2245 2270 2499 2327 nitentes
2549 2271 2805 2342 adjuvat,
2838 2270 2911 2325 ad
2962 2286 3024 2325 se
3073 2268 3474 2342 pervenientes
3512 2268 3810 2337 informat,
3843 2269 3905 2325 in

2245 2377 2307 2415 se
2335 2364 2745 2432 permanentes
2775 2359 2979 2432 procul
3008 2357 3186 2414 dubio
3227 2361 3486 2414 coronat.
3521 2360 3710 2426 Quare
3747 2359 3906 2430 quod

2244 2449 2475 2505 dixistis
2505 2452 2894 2504 memoratum
2925 2446 3184 2503 dolorem
3215 2448 3408 2519 quoad
3441 2446 3708 2504 viveretis
3740 2464 3908 2504 man-

2244 2555 2450 2596 surum
2507 2538 2832 2605 vobiscum,
2887 2537 3174 2610 expressit
3216 2536 3325 2592 hoc
3371 2553 3407 2592 a
3450 2536 3636 2604 vobis,
3688 2536 3900 2606 sentio,

2242 2632 2511 2684 concreta
2541 2626 2714 2700 longo
2745 2643 2857 2682 usu
2911 2624 3254 2699 magnitudo
3303 2624 3520 2681 amoris
3549 2643 3562 2694 ;
3595 2625 3698 2681 sed
3742 2624 3802 2680 in
3834 2641 3906 2682 ea

2241 2734 2345 2772 vos
2376 2715 2765 2772 obstinatione
2794 2717 2897 2771 ιθ
2929 2716 3197 2771 animum
3228 2714 3576 2788 relinquere,
3611 2718 3903 2787 quantum

2243 2804 2772 2874 audeo,dehortor;
2797 2803 3089 2878 siquidem
3120 2808 3178 2860 ct
3208 2803 3292 2859 illi
3324 2805 3493 2876 cujus
3524 2821 3703 2860 causa
3722 2820 3908 2861 emer-

2243 2895 2322 2951 sit
2353 2894 2501 2950 nihil
2532 2894 2988 2951 immoderatum
3019 2893 3296 2966 proderit,
3331 2898 3389 2950 et
3427 2894 3592 2950 vobis
3643 2893 3900 2950 multum

2242 2983 2358 3041 nisi
2388 2985 2735 3057 deponatur,
2768 2984 3002 3040 officiet.
3037 2982 3309 3050 Quinimo
3340 2986 3531 3039 totum
3561 2999 3662 3040 vos
3693 2999 3901 3040 curan-

2242 3075 2383 3130 dum
2415 3074 2864 3145 sanandumque
2893 3071 3142 3128 Domino
3172 3071 3512 3145 permittite,
3534 3071 3627 3128 cui
3659 3079 3749 3129 est
3776 3090 3904 3146 per-

2242 3164 2409 3221 facile
2432 3165 2586 3237 quod
2610 3167 2813 3219 nostra
2833 3167 3045 3218 natura
3068 3161 3482 3219 difﬁcillimum
3496 3161 3903 3235 judicat.Nam

2244 3255 2377 3328 quis
2408 3254 2664 3328 speravit
2692 3252 2752 3308 in
2785 3252 3030 3308 Domino
3061 3257 3118 3308 et
3148 3253 3428 3325 deceptus
3458 3252 3592 3308 est?
3624 3252 3900 3325 Obsecro,

472 3324 820 3417 netatigeris
850 3356 972 3396 cum
1000 3339 1067 3395 ab
1096 3354 1155 3395 eo
1186 3339 1457 3408 argueris.
1494 3338 1662 3405 Quem
1689 3341 1839 3394 enim
1865 3340 2130 3395 Dominus
2161 3324 2205 3392 C
2242 3324 2564 3400 totum—cor
2588 3345 2848 3398 vestrum
2879 3341 2952 3397 ad
2984 3324 3311 3416 rogandum
3360 3342 3545 3397 Deum
3598 3341 3898 3401 effundite.

471 3433 676 3506 diligit,
708 3431 956 3503 corripit,
988 3436 1040 3485 et
1069 3429 1229 3501 quasi
1266 3435 1427 3499 pater
1471 3428 1532 3482 in
1555 3428 1673 3497 ﬁlio
1702 3429 1996 3500 complacet
2026 3429 2137 3485 sibi

474 3523 652 3596 (Prov.
685 3520 787 3593 In).
825 3517 1087 3591 Denique
1119 3534 1370 3589 quorum
1404 3515 1580 3571 isthic
1633 3521 1872 3588 peccata
1900 3535 2016 3574 non
2046 3519 2134 3572 vi-

472 3612 634 3679 sitat,
686 3624 954 3682 quosque
1004 3608 1210 3663 ﬂorere
1251 3623 1355 3677 pro
1402 3609 1534 3660 voto
1582 3605 1886 3677 permittit,
1934 3608 1992 3662 in
2025 3608 2132 3664 hos

470 3704 604 3775 post
654 3702 903 3754 mortem
952 3696 1217 3767 ejusdem
1269 3694 1356 3748 ira
1401 3694 1658 3749 desaevit.
1692 3694 1773 3751 De
1820 3695 2039 3752 talibus
2070 3696 2129 3752 in

470 3786 750 3864 psalterio
779 3785 1033 3858 legimus
1067 3800 1080 3839 :
1115 3787 1177 3840 In
1222 3784 1403 3839 labore
1447 3785 1732 3840 hominum
1760 3802 1870 3841 non
1899 3794 2046 3853 sunt,
2080 3794 2131 3842 et

470 3895 597 3934 cum
625 3877 939 3933 hominibus
968 3889 1079 3929 non
1107 3873 1535 3945 ﬂagellabuntur
1562 3875 1731 3943 (Psal.
1766 3875 1959 3947 nxxn).
1980 3876 2049 3930 Et
2068 3875 2129 3930 in

472 3967 611 4023 Job:
637 3968 849 4022 Ducunt
878 3966 939 4019 in
969 3965 1122 4019 bonis
1151 3962 1265 4018 dies
1287 3970 1496 4030 suos,et
1519 3965 1580 4018 in.
1594 3973 1794 4035 puncto
1816 3964 1884 4019 ad
1910 3966 2131 4036 inferna

470 4055 799 4113 descendunt
826 4055 963 4122 (Job.
1019 4051 1157 4123 XXI).
1210 4052 1490 4107 Praeterea
1538 4051 1647 4108 hoc
1693 4053 1839 4107 mihi
1892 4053 2131 4125 subjicit

471 4162 659 4211 mens,
681 4142 936 4199 voluisse
959 4142 1144 4197 Deum
1168 4140 1344 4196 rebus
1376 4141 1522 4213 ipsis
1548 4159 1649 4197 vos
1679 4142 1924 4213 experiri
1950 4159 2125 4215 quam

470 4234 549 4291 sit
578 4232 775 4290 infelix
807 4230 906 4304 qui
937 4231 998 4286 in
1028 4234 1377 4303 perpetuum
1410 4230 1766 4303 abjungatur
1789 4231 1860 4287 ab
1894 4231 2041 4303 ipso,
2066 4232 2125 4286 in

469 4341 585 4398 quo
616 4326 705 4379 est
733 4325 1013 4394 perpetua
1032 4324 1089 4375 et
1117 4336 1252 4375 vera
1280 4319 1606 4388 delectatio,
1628 4319 1676 4375 si
1707 4324 1827 4374 tam
1855 4320 2127 4376 immani-

468 4417 559 4469 ter
589 4410 807 4468 efﬁciat
834 4408 972 4465 licet
1002 4408 1273 4464 ﬁdissimi
1321 4413 1496 4480 atque
1545 4407 1878 4464 charissimi
1926 4415 2124 4467 tamen

468 4500 749 4566 hominis,
783 4501 1193 4554 momentanea
1221 4496 1530 4569 separatio.
1565 4496 1710 4552 Cum
1752 4495 1873 4553 haec
1920 4498 2127 4554 verisi-

469 4589 636 4645 milia
664 4604 793 4644 esse
821 4587 1148 4657 videantur,
1182 4584 1430 4654 abolete,
1462 4602 1678 4657 quaeso,
1705 4591 1995 4658 quantum
2028 4604 2126 4659 po-

468 4679 658 4747 testis,
692 4678 763 4733 de
810 4693 924 4749 quo
971 4693 1163 4732 sermo
1218 4675 1484 4743 habetur,
1520 4692 1848 4744 mmrorem,
1882 4680 1941 4730 et
1987 4693 2121 4731 cum
2150 4700 2198 4765 D

467 4768 579 4827 Job
609 4766 824 4822 dicite:
862 4768 1128 4823 Dominus
1156 4765 1319 4830 dedit,
1373 4766 1641 4821 Dominus
1684 4766 1930 4820 abstulit.
1971 4766 2123 4821 Sicut

468 4858 701 4916 Domino
725 4857 956 4928 placuit,
989 4857 1071 4911 ita
1095 4855 1304 4929 factum
1336 4872 1352 4908 :
1383 4856 1456 4910 sit
1486 4869 1681 4909 nomen
1710 4854 1933 4909 Domini
1963 4856 2121 4911 bene-

467 4948 673 5004 dictum
700 4948 839 5019 (Job.
873 4946 935 5016 1).
979 4945 1208 5000 Etcum
1256 4942 1532 5015 Apostolo
1565 4942 1624 4997 in
1654 4943 1752 4997 Dei
1785 4942 2122 5015 spatiamini

468 5037 742 5095 laudibus
773 5036 1033 5091 dicentes
1057 5052 1068 5089 :
1094 5032 1413 5089 Benedictus
1440 5036 1587 5088 Deus
1614 5040 1664 5087 et
1693 5033 1859 5087 Pater
1888 5032 1987 5089 15
2016 5037 2123 5090 D0-

466 5129 612 5183 mini
638 5127 812 5183 nostri
854 5126 981 5182 Jesu
1028 5124 1252 5188 Christi,
1302 5124 1467 5178 Pater
1511 5121 2039 5190 misericordiarum,
2071 5131 2123 5178 et

468 5218 607 5273 Deus
637 5217 801 5272 totius
831 5215 1239 5278 consolationis,
1275 5214 1372 5283 qui
1398 5212 1709 5267 consolatur
1735 5228 1834 5266 nos
1882 5213 1942 5266 in
1972 5215 2123 5268 omni

470 5306 827 5362 tribulatione
857 5311 1045 5360 nostra
1072 5303 1144 5373 (II
1172 5302 1293 5357 Cor.
1318 5305 1378 5368 ι).
1404 5301 1603 5356 Restat
1624 5317 1761 5373 pars
1785 5300 1966 5357 altera
1998 5319 2127 5358 sus-

471 5395 625 5467 cepti
680 5393 945 5467 negotii:
999 5408 1128 5463 quae
1188 5390 1530 5463 stringenda
1577 5390 1828 5445 breviter
1883 5395 1992 5459 est,
2053 5409 2124 5447 ne

470 5484 618 5540 forte
648 5483 820 5555 plura
848 5480 1048 5537 dicens
1077 5479 1192 5535 sim
1218 5478 1400 5549 oneri,
1416 5478 1515 5550 qui
1539 5479 1785 5551 gestiam
1819 5497 1947 5536 esse
1978 5480 2126 5537 sola-

470 5573 572 5629 tio.
597 5572 742 5627 Hinc
770 5568 1241 5636 instaurari,imo
1273 5584 1636 5641 perseverare
1667 5568 1883 5626 doloris
1911 5570 2124 5627 vulnus

471 5661 828 5729 asseruistis,
862 5659 1017 5731 quod
1049 5656 1379 5730 duplicatus
1418 5657 1676 5730 quotidie
1722 5660 2124 5732 dispositionis

472 5749 635 5809 labor
664 5749 806 5823 quid
828 5746 963 5804 boni
985 5746 1357 5821 perdideritis
1378 5748 1708 5817 admoneat,
1723 5765 1789 5804 ac
1820 5754 2127 5822 propterea

2240 3435 2522 3489 Praestare
2570 3432 2695 3487 vult
2726 3430 2825 3503 qui
2876 3448 2939 3487 se
2968 3435 3033 3487 ut
3062 3434 3318 3504 rogetur,
3368 3430 3695 3499 admonuit,
3729 3433 3903 3489 Petito

2238 3531 2291 3580 et
2323 3522 2602 3594 accipietis
2623 3521 2799 3593 (Joan.
2819 3520 3158 3589 xv1).Petite
3179 3523 3245 3576 ut
3273 3520 3399 3592 ipse
3426 3520 3592 3576 vobis
3624 3522 3900 3577 aﬂ'ectum

2240 3611 2489 3683 inspiret
2532 3608 2796 3682 rogandi,
2846 3612 2902 3664 et
2951 3609 3223 3664 effectum
3272 3607 3398 3681 ipse
3445 3609 3666 3665 tribuat
3714 3609 3903 3683 impe-

2238 3698 2644 3755 trandi.Dicite
2661 3698 2815 3770 quod
2834 3696 3199 3753 clarissimus
3219 3698 3494 3770 idemque
3512 3697 3900 3755 suavissimus

2240 3792 2444 3844 auctor
2472 3786 2836 3861 Augustinus
2869 3786 2992 3859 (lib.
3026 3804 3063 3842 x
3093 3787 3359 3859 Confess.,
3385 3804 3513 3859 cap.
3539 3788 3630 3842 29.
3653 3788 3744 3856 31,
3766 3788 3857 3862 37)
3881 3805 3897 3844 :

2238 3879 2320 3937 Da
2365 3878 2507 3950 quod
2545 3877 2726 3948 jubes,
2774 3884 2827 3932 et
2842 3877 2977 3948 jube
3015 3876 3156 3947 quod
3187 3878 3287 3932 vis.
3320 3876 3622 3949 Siquidem
3656 3893 3765 3933 sua
3791 3893 3900 3935 nos

2237 3967 2391 4022 Deus
2422 3966 2611 4039 gratia
2633 3969 2700 4020 ut
2727 3964 2872 4021 velle
2902 3981 2968 4021 ac
3000 3982 3171 4037 posse
3202 3964 3423 4038 aliquid
3447 3966 3582 4022 boni
3611 3983 3902 4039 queamus

2236 4060 2292 4111 et
2321 4056 2601 4128 praevenit
2629 4058 2686 4110 et
2716 4054 3120 4127 subsequitur.
3144 4055 3307 4121 Quod
3338 4055 3632 4112 evidenter
3664 4055 3723 4110 in
3746 4055 3905 4113 Psal-

2237 4145 2351 4201 mis
2382 4144 2719 4210 didicimus,
2766 4143 2867 4200 ubi
2915 4144 3206 4217 scriptum
3254 4148 3343 4200 est
3371 4162 3383 4200 :
3416 4147 3558 4201 Deus
3586 4161 3760 4213 meus,
3789 4148 3901 4202 mi-

2233 4234 2532 4290 sericordia
2572 4234 2691 4305 ejus
2734 4236 3031 4304 praeveniet
3076 4251 3164 4290 me
3193 4235 3364 4306 (Psal.
3398 4239 3571 4308 Lvm).
3604 4233 3817 4307 Utique
3845 4244 3898 4292 et

2232 4323 2614 4380 misericordia
2644 4330 2741 4378 tua
2767 4324 3123 4393 subsequctur
3150 4339 3236 4379 me
3265 4324 3517 4380 omnibus
3545 4323 3735 4380 diebus
3764 4326 3896 4383 vitae

2230 4428 2371 4469 mea:
2398 4413 2571 4481 (Psal.
2603 4414 2757 4482 xxn).
2779 4409 3146 4482 Acquiescite
3166 4411 3410 4485 Spiritui
3436 4417 3639 4469 sancto
3659 4430 3765 4486 per
3787 4414 3898 4471 Da-

2229 4502 2422 4557 videm
2453 4500 2713 4557 monenti
2738 4518 2751 4557 :
2782 4503 2934 4558 laeta
2954 4502 3016 4557 in
3045 4503 3274 4559 Domino
3299 4520 3490 4558 curam
3517 4511 3689 4572 tuam,
3704 4512 3755 4560 et
3776 4506 3893 4577 ipse

2232 4600 2283 4647 te
2310 4593 2547 4647 enutriet
2565 4591 2733 4662 (Psal.
2760 4589 2905 4663 LIV);
2930 4607 2996 4646 ac
3019 4590 3264 4647 Domino
3298 4592 3648 4648 tiducialiter
3671 4592 3886 4651 dicite:

2235 4682 2309 4736 Tu
2339 4696 2393 4735 es
2422 4681 2705 4751 refugium
2728 4696 2911 4735 meum
2936 4697 2971 4736 a
2991 4682 3346 4737 tribulatione
3373 4697 3499 4754 quw
3527 4683 3888 4741 circumdedit

2227 4786 2315 4826 me
2343 4768 2790 4842 (Psal.xxx1).Et
2819 4786 2957 4825 cum
2984 4769 3258 4842 Apostolo
3281 4771 3406 4842 jam
3440 4771 3800 4829 exsultantes
3823 4773 3884 4829 in

2230 4859 2333 4915 Dei
2361 4857 2634 4914 laudibus
2665 4858 3027 4932 ingeminare
3070 4859 3338 4933 poteritis
3371 4878 3385 4916 :
3421 4862 3617 4918 Omnia
3660 4878 3884 4934 possum

2229 4950 2292 5004 in
2320 4964 2380 5004 eo
2434 4949 2532 5021 qui
2572 4964 2659 5005 me
2705 4950 2975 5020 confortat
3001 4949 3264 5022 (Philipp.
3300 4950 3397 5022 1v).
3435 4952 3679 5007 Tristitia
3726 4951 3886 5009 enim

2228 5038 2424 5095 saeculi
2448 5045 2678 5093 mortem
2706 5045 2963 5110 operatur
2994 5038 3066 5110 (II
3093 5041 3217 5096 Cor.
3250 5038 3372 5110 vn),
3431 5039 3587 5095 haud
3636 5039 3886 5097 dubium

2231 5125 2372 5200 quin
2402 5125 2788 5200 spiritualem,
2803 5127 2906 5183 sed
2934 5131 2992 5183 et
3021 5127 3484 5200 corporalem,ut
3513 5129 3733 5202 optime
3751 5147 3889 5187 nos-

2229 5215 2328 5284 tis,
2354 5232 2505 5289 saape
2537 5214 2864 5272 consciscit.
2881 5216 3270 5280 Quamobrem
3302 5218 3582 5274 aerumnis
3611 5218 3889 5275 vitiorum

2234 5305 2450 5379 quibus
2480 5305 2806 5377 premimur
2842 5305 3279 5374 contristemur,
3316 5311 3374 5362 et
3403 5307 3475 5363 ab
3506 5324 3706 5364 eorum
3738 5307 3890 5366 falsa

2233 5394 2789 5467 dulcedine,quanta
2799 5411 3117 5467 possumus
3129 5395 3521 5452 amaritudine
3532 5397 3790 5470 separari
3805 5398 3895 5455 ni-

2231 5488 2522 5551 tamur,ac
2551 5484 2729 5555 hujus
2762 5483 3080 5540 incolatum
3110 5485 3260 5553 vitae,
3287 5486 3345 5540 in
3370 5503 3487 5558 qua
3507 5486 3633 5542 sine
3654 5487 3894 5559 querela

2233 5591 2349 5630 non
2377 5573 2609 5641 vivitur,
2643 5573 2903 5630 modeste
2943 5574 3221 5630 feramus.
3256 5577 3564 5647 Caeterum,
3595 5575 3826 5633 veniam
3860 5596 3894 5633 a

2232 5663 2347 5718 Deo
2379 5666 2800 5735 exspectantes,
2836 5663 2895 5718 in
2926 5680 2992 5719 eo
3043 5664 3217 5736 plena
3258 5665 3372 5721 ﬁde
3401 5664 3684 5723 laetemur.
3716 5666 3893 5722 Deni-

2234 5769 2348 5825 que
2376 5751 2519 5807 illud
2554 5754 2649 5808 1³1
2687 5753 2843 5825 quod
2873 5752 2935 5809 in
2966 5754 3275 5828 Evangelio
3305 5755 3703 5829 promittitur:
3736 5758 3896 5813 Beati
