4114 6480
453 423 571 487 447

1443 423 1516 484 Β.
1564 422 1630 484 S.
1672 420 1858 485 LUPI
1901 418 2235 484 ABBATIS
2283 418 2882 484 FERRARIENSIS.

3753 422 3883 485 448

453 534 1070 636 propterlegationem
1101 556 1215 616 sibi
1256 556 1654 623 commissam,
1689 555 1761 611 ad
1809 554 2106 636 liqutdum
2138 556 2193 623 Α
2219 553 2490 610 videntur
2507 553 2722 611 habere
2754 554 3351 630 productam,magna
3378 536 3668 615 haesitatio
3698 556 3881 626 est,in

453 632 604 708 scire
635 667 751 706 non
775 632 994 722 potuit;
1019 653 1194 721 atque
1222 648 1294 704 ob
1326 664 1453 703 eam
1486 663 1607 702 rem
1636 645 1904 701 hortatus
1927 648 2016 701 est
2046 632 2112 700 ut

453 741 711 796 reditum
743 754 942 794 meum
976 738 1048 793 ad
1066 738 1213 793 Non.
1247 737 1382 793 Jun.
1414 735 1727 802 differrem,
1756 735 1988 806 quando
2022 750 2111 789 so-

454 829 730 886 lemnitas
752 827 941 885 sancti
964 825 1238 883 Bonifacii
1272 842 1334 882 se
1365 826 1570 881 abesse
1602 824 1846 879 minime
1869 822 2106 892 sineret,

453 919 569 975 nisi
594 920 739 974 forte
760 917 873 990 ipsi
887 933 1120 989 quoque
1142 913 1765 987 imperialisjussionis
1778 918 1835 968 et
1847 930 1915 967 ea
1932 929 2108 985 quam

454 1006 802 1082 gravissima
812 1005 1029 1079 przejud
1041 1005 1215 1060 icaret
1231 1021 1301 1058 au
1311 1004 1778 1074 ctoritas.1taque
1792 1018 1923 1057 cum
1939 1018 2108 1056 suam

453 1101 587 1170 post
642 1093 1062 1168 regressionem
1111 1093 1513 1148 Marevvardus
1545 1108 1612 1147 ex
1662 1108 1755 1146 me
1794 1090 2109 1163 quaesitum

453 1180 687 1260 quando
718 1183 1090 1257 potissimum
1126 1181 1331 1237 reverti
1351 1180 1557 1237 vellem
1589 1180 2109 1247 misisset,memo-

452 1278 591 1330 ratae
624 1272 704 1329 rei
727 1288 907 1328 causa
928 1288 1112 1344 equos
1134 1271 1249 1326 huc
1273 1271 1647 1326 adducendos
1669 1273 1732 1325 ut
1751 1269 1937 1341 pridie
1957 1269 2103 1324 Non.

449 1363 588 1420 Jun.
613 1366 843 1417 curaret
874 1359 1034 1433 petii,
1070 1376 1185 1432 quo
1231 1358 1456 1414 Christo
1493 1358 1744 1431 propitio
1770 1357 1841 1431 (α)
1864 1375 1985 1413 VIII.
2021 1358 2102 1412 Id.

449 1452 714 1524 ejusdem
737 1449 959 1506 mensis
979 1450 1094 1506 iter
1122 1450 1194 1504 ad
1221 1466 1322 1504 vos
1355 1465 1589 1522 possem
1627 1447 1881 1519 arripere
1906 1465 1918 1503 :
1948 1446 2105 1519 quod

446 1540 564 1608 ille,
599 1540 649 1596 si
698 1540 820 1594 vita
879 1556 1075 1594 comes
1136 1537 1330 1605 fuerit,
1367 1537 1769 1592 indubitanter
1813 1535 2100 1607 implebit.

449 1633 637 1697 Quare
667 1635 889 1684 certum
923 1628 1077 1683 diem
1109 1624 1370 1700 quidem,
1405 1643 1518 1699 quo
1551 1626 1619 1681 ad
1671 1643 1772 1682 vos
1822 1631 2105 1681 venturus

449 1716 925 1791 sim,exprimere
946 1733 1062 1770 non
1090 1716 1303 1783 audeo;
1325 1716 1423 1771 sed
1455 1715 1608 1770 intra
1630 1731 1759 1770 eam
1790 1713 2106 1769 hebdoma-

449 1810 586 1865 dam
613 1823 742 1880 quze
772 1807 919 1861 Non.
953 1806 1089 1861 Jun.
1111 1805 1351 1877 coeperit
1381 1805 1619 1860 omnino
1653 1821 1747 1860 me
1766 1808 2100 1871 venturum,

449 1901 563 1952 Deo
605 1895 851 1961 volente,
885 1895 1187 1950 confirmo.
1219 1895 1408 1966 Atque
1452 1893 1678 1948 utinam
1725 1896 2101 1948 exoneratum

449 1985 609 2041 omni
640 2000 913 2041 curarum
948 1983 1217 2039 molestia
1234 1988 1494 2039 vestrum
1522 1982 1769 2055 reperire
1800 1986 1942 2037 tunc
1984 1999 2102 2037 me-

449 2091 580 2132 rear
608 2072 975 2142 animum,ut
1005 2088 1120 2127 non
1152 2076 1313 2127 vacet
1349 2071 1524 2127 modo
1558 2089 1661 2144 pro
1693 2070 1866 2127 solita
1897 2070 2102 2144 digna-

446 2165 605 2220 tione
630 2179 992 2236 quaecunque
1014 2160 1284 2218 amicalia
1307 2161 1662 2217 videbuntur
1694 2178 1924 2218 mecum
1966 2178 2104 2217 con-

446 2254 617 2320 ferre,
646 2268 848 2308 verum
879 2250 1055 2307 etiam
1087 2251 1188 2306 ubi
1216 2249 1304 2307 vel
1337 2267 1534 2307 meum
1584 2250 1676 2306 vel
1726 2250 1975 2307 aliorum
2010 2266 2105 2305 me

447 2342 662 2409 deﬁcit,
716 2344 980 2398 vestrum
1030 2340 1185 2396 adsit
1236 2339 1575 2396 consultum
1633 2339 1974 2413 ingenium;
2009 2338 2103 2394 cui

447 2434 737 2504 quantum
760 2433 1509 2501 assurgam,quantumque
1531 2428 2103 2502 deieram,quantum

447 2520 701 2592 denique
722 2536 788 2575 eo
811 2535 905 2574 me
924 2518 1012 2573 vel
1034 2519 1306 2589 adjutum
1321 2517 1409 2574 vel
1428 2518 1829 2590 adjuvandum
1849 2517 2103 2585 credam,

448 2613 516 2666 ut
545 2607 900 2665 adulationis
934 2624 1200 2663 morsum
1228 2606 1526 2680 effugiam,
1559 2606 1693 2661 nolo
1725 2606 1980 2677 amplius
2013 2605 2105 2660 di-

449 2714 611 2767 cere;
638 2702 788 2754 Deus
810 2695 1035 2764 viderit,
1061 2697 1231 2768 cujus
1254 2697 1512 2768 idipsum
1543 2695 1731 2769 gratia
1749 2696 2100 2768 procuravit.

449 2789 544 2846 21
575 2787 815 2843 Interim
835 2786 956 2841 haec
975 2802 1102 2858 quae
1117 2785 1248 2856 subj
1257 2785 1339 2841 eci
1365 2790 1751 2859 paterna,qua
1764 2801 1857 2841 me
1874 2802 2105 2858 semper

449 2876 674 2945 fovetis,
689 2876 906 2949 pietate
928 2874 1300 2932 considerare
1323 2874 1747 2949 dignamini,ut
1777 2891 1843 2931 ea
1859 2874 2101 2948 praevisa

448 2966 593 3023 mihi
615 2965 847 3022 facilius
878 2964 1296 3037 expediatis.In
1320 2964 1499 3038 priori
1531 2964 1678 3020 libro
1710 2964 2101 3021 Arithmeticae

448 3057 684 3113 Boetius
718 3058 927 3130 quarto
959 3053 1214 3127 capitulo
1236 3054 1321 3110 sic
1342 3053 1505 3127 ponit
1526 3054 1675 3123 Quod
1694 3062 1877 3110 autem
1895 3054 2102 3111 dictum

447 3145 850 3203 est-secundum
887 3144 1122 3200 duorum
1167 3160 1428 3213 generum
1472 3146 1777 3200 contrarias
1818 3146 2100 3217 passiones

448 3234 763 3309 hujusmodi
788 3242 880 3303 est,
905 3233 978 3289 ab
1010 3249 1076 3289 eo
1107 3232 1231 3289 loco
1264 3250 1451 3305 usque
1483 3234 1553 3288 ad
1600 3233 1722 3289 hinc
1751 3234 1944 3304 verba,
1972 3251 2098 3306 quae

2220 661 2337 717 qua
2357 661 2448 698 me
2473 643 2663 699 adhuc
2684 643 2947 701 laborare
2967 645 3261 718 proﬁteor;
3283 650 3621 703 utrumnam
3653 650 3883 705 natura

2219 734 2592 789 serviendum
2624 733 2722 802 sit,
2748 738 2813 788 ut
2841 732 3186 805 penultima,
3206 738 3272 790 ut
3294 739 3403 802 est,
3423 734 3598 808 longa
3616 752 3886 808 pronun—

2218 823 2425 892 tietur;
2450 840 2524 878 an
2547 827 2782 896 propter
2810 822 2956 879 illud
2990 825 3146 896 quod
3172 829 3432 882 Donatus
3461 824 3563 892 ait,
3585 825 3644 881 Si
3668 825 3885 898 penul-

2216 912 2363 968 tima
2383 912 2669 984 positione
2698 911 2874 986 longa
2904 912 3098 979 fnerit,
3133 913 3264 987 ipsa
3294 918 3557 983 acuetur,
3589 918 3656 970 ut
3689 916 3886 983 Catul-

2219 1002 2338 1070 lus;
2368 1003 2449 1057 ita
2474 1004 2670 1058 tamen
2705 1001 2756 1057 si
2799 1001 3087 1074 positione
3133 1002 3329 1076 longa,
3366 1019 3483 1058 non
3515 1019 3584 1058 ex
3625 1008 3792 1059 muta
3826 1008 3887 1060 et

2217 1090 2441 1163 liquida
2464 1090 2654 1159 fuerit,
2689 1108 2825 1146 nam
2859 1090 3113 1147 mutabit
3142 1096 3471 1160 accentum,
3495 1096 3559 1148 ut
3572 1092 3876 1165 pharetra,

2215 1179 2276 1235 in
2308 1184 2519 1236 natura
2548 1179 2726 1235 simul
2756 1184 2814 1235 et
2844 1179 2945 1236 tali
2969 1179 3257 1253 positione
3277 1179 3606 1253 productis,
3620 1198 3886 1237 commu-

2216 1268 2309 1324 nis
2342 1268 2566 1342 syllaba
2595 1273 2815 1325 natura
2845 1270 3280 1342 prasjudicet,et
3309 1275 3587 1327 accentus
3619 1270 3679 1326 in
3711 1275 3885 1327 ante-

2216 1358 2601 1431 penultimam
2634 1360 3040 1414 transferatur.
3066 1358 3330 1432 Namque
3360 1358 3508 1416 nihil
3533 1359 3593 1415 in
3625 1361 3884 1416 auctori-

2214 1449 2327 1504 bus
2359 1448 2613 1505 solidum
2646 1448 2835 1504 adhuc
2868 1447 3119 1520 reperire
3142 1448 3305 1522 potui
3329 1450 3484 1505 unde
3515 1454 3646 1505 uter
3675 1466 3883 1517 eorum

2216 1555 2425 1593 sensus
2459 1542 2562 1593 aut
2592 1537 2777 1593 astrui
2810 1541 2912 1594 aut
2932 1537 3193 1594 abdicari
3221 1537 3369 1593 mihi
3394 1556 3567 1611 posse
3585 1539 3878 1597 videatur.

2213 1626 2336 1682 Erit
2367 1626 2544 1699 igitur
2562 1630 2764 1681 vestrm
2783 1626 3109 1705 prudentia
3130 1626 3284 1682 hanc
3307 1626 3755 1701 ambiguitatem
3788 1627 3882 1685 di-

2214 1716 2425 1771 rimere
2448 1720 2513 1771 ut
2535 1719 2733 1771 utrum
2756 1732 2957 1772 eorum
2974 1715 3171 1788 aliquo
3185 1717 3534 1773 documento
3552 1716 3885 1777 fortissima

2213 1806 2505 1860 roborare.
2540 1803 2845 1877 Siquidem
2879 1804 2952 1860 ad
2985 1804 3418 1873 difﬁcultatem,
3451 1806 3608 1877 quod
3658 1809 3885 1867 certam

2212 1894 2585 1952 hincnullius
2607 1894 2835 1967 reperio
2847 1894 3367 1968 regulam,accedit
3389 1894 3571 1951 etiam
3587 1894 3696 1955 hoc
3719 1895 3889 1967 quod

2218 1985 2278 2039 in
2307 1989 2492 2041 metro
2516 1984 2826 2057 ejusmodi,
2862 1988 2927 2040 ut
2955 1987 3062 2050 est,
3097 1993 3390 2052 aratrum,
3414 2001 3647 2057 semper
3665 1984 3889 2056 produ-

2214 2078 2369 2130 ctam
2417 2074 2646 2130 invenio
2695 2072 3109 2146 penultimam,
3140 2091 3275 2130 eum
3327 2074 3377 2130 si
3420 2073 3481 2130 in
3531 2072 3883 2131 naturaliter

2215 2180 2450 2235 quoque
2466 2162 2657 2236 longis
2678 2161 3012 2219 communis
3034 2161 3261 2236 syllaba
3274 2162 3887 2231 valeat,:nanifestum

2214 2253 2292 2309 sit
2309 2262 2498 2309 aratra
2519 2251 2900 2321 nominativo,
2931 2252 3282 2323 accusativo,
3306 2256 3365 2308 et
3388 2251 3648 2308 vocativo
3679 2250 3879 2324 plura-

2212 2340 2370 2398 libus
2392 2359 2496 2414 per
2526 2339 2822 2415 dactylum
2850 2341 2988 2414 poni
3020 2341 3306 2414 potuisse.
3326 2342 3477 2398 Sunt
3500 2344 3557 2398 et
3587 2340 3701 2397 alia
3715 2357 3889 2398 σθω-ι

2214 2430 2387 2504 plura
2413 2430 2846 2503 interroganda,
2862 2447 2989 2503 quae
3021 2434 3223 2488 notata
3249 2435 3439 2500 teneo,
3455 2445 3703 2504 quisque
3722 2446 3883 2490 com-

2214 2519 2469 2587 modius,
2503 2519 2551 2575 si
2583 2520 2738 2576 Deus
2771 2535 2990 2591 vosque
3021 2519 3430 2593 permiseritis,
3463 2535 3721 2592 presens
3753 2517 3881 2574 disa-

2216 2608 2467 2682 quiram.
2501 2609 2570 2663 Et
2601 2607 2841 2664 obsecro
2872 2625 2978 2680 per
3006 2625 3184 2680 quam
3217 2607 3362 2664 mihi
3410 2606 3690 2681 pietatem
3737 2623 3877 2681 gra-

2212 2696 2360 2754 tuito
2391 2713 2622 2768 semper
2651 2696 3003 2753 exhibuistis
3034 2700 3102 2752 ut
3138 2697 3329 2769 quoad
3381 2696 3613 2753 veniam
3642 2695 3723 2752 ad'
3746 2712 3875 2765 vos,

2213 2804 2340 2860 quae
2371 2785 2708 2843 necessaria
2731 2785 2877 2843 mihi
2911 2785 3076 2843 scitis
3109 2803 3203 2843 me
3235 2786 3391 2842 unde
3420 2785 3645 2843 discam
3668 2783 3780 2841 nisi
3802 2801 3876 2843 ex

2209 2876 2374 2933 vobis
2407 2879 2643 2946 restare,
2668 2893 2736 2933 ex
2766 2876 2985 2933 abditis
3032 2879 3235 2932 vestrae
3275 2874 3571 2931 memorias
3621 2873 3871 2948 diligen-

2210 2966 2329 3023 tius
2362 2982 2563 3022 eruere
2594 2981 2660 3021 ac
2699 2964 2845 3021 mihi
2868 2966 3004 3037 jure
3030 2965 3294 3021 caritatis
3324 2968 3381 3021 et
3410 2963 3682 3023 amicitia
3714 2961 3881 3021 ultro;

2209 3055 2433 3130 aperire
2463 3054 2783 3129 dignemini
2812 3073 2825 3124 ;
2861 3059 2927 3110 ut
2957 3054 3184 3112 semina
3209 3054 3269 3110 in
3317 3069 3412 3109 me
3457 3052 3635 3110 vestri
3683 3052 3877 3126 ﬁgen~

2207 3150 2296 3203 tes
2344 3144 2583 3219 ingenii,
2615 3145 2844 3218 frugem
2894 3143 3054 3201 illius
3100 3144 3181 3200 ad
3214 3143 3501 3217 plurimos
3560 3141 3881 3199 transmito-

2210 3235 2372 3293 tatis.

450 3305 653 3398 paucis
683 3323 1007 3395 interjectis
1054 3321 1472 3394 subjiciuntur,
1505 3322 1691 3394 Spatia
1732 3330 1807 3379 est
1853 3305 2099 3378 maxima
2131 3305 2187 3373 (δι
2283 3326 2381 3383 23
2414 3325 2696 3380 Praeterea
2727 3322 2978 3395 scriptor
3007 3323 3205 3397 regius
3250 3322 3615 3378 Bertcaudus
3652 3320 3872 3379 dicitur

443 3415 767 3488 parcissime
778 3429 847 3485 qu
855 3411 1310 3478 antitate,minus
1323 3410 1467 3466 mihi
1486 3428 1663 3484 quam
1679 3410 1853 3466 velim
1878 3411 2102 3468 clarum

448 3508 556 3561 est.
591 3508 657 3558 In
686 3503 893 3559 eodem
926 3501 1097 3570 libro,
1134 3500 1389 3573 capitulo
1421 3502 1511 3569 21,
1534 3503 1709 3573 negat
1729 3517 1857 3556 esse
1877 3501 2105 3572 difﬁcile

449 3591 829 3662 diligentibus,
862 3593 1071 3663 praeter
1119 3607 1265 3661 quas
1321 3589 1448 3662 ipse
1496 3589 1845 3661 expresserit
1886 3593 2102 3662 partes,

451 3679 807 3752 multiplices
838 3678 1296 3750 superpatientis
1335 3679 1658 3734 secundum
1714 3682 2103 3733 monstratum

452 3787 486 3826 a
511 3785 577 3825 se
596 3768 837 3823 modum
863 3771 1102 3822 caeteras
1131 3766 1394 3839 reperiri.
1411 3767 1573 3832 Quod
1597 3767 1647 3822 si
1668 3782 1773 3838 per
1802 3784 1902 3821 vos
1940 3766 2106 3839 plene

452 3858 608 3932 quod
639 3855 815 3929 paulo
845 3854 1129 3929 praemisit
1158 3855 1430 3929 superius
1469 3855 1805 3912 intellexere
1854 3856 1953 3912 ubi
2002 3856 2102 3925 ait,

457 3948 901 4018 Vocabunturque
938 3946 1000 4000 hi
1041 3945 1340 4001 secundum
1381 3948 1640 4018 proprias
1680 3953 1861 4018 partes
1903 3945 2108 4018 duplex

448 4036 939 4108 superbipartiens,
962 4037 1018 4089 et
1048 4034 1376 4106 sequentia,
1396 4033 1675 4089 nimirum
1698 4034 1843 4090 mihi
1865 4052 1979 4091 non
1998 4035 2108 4091 erit

455 4123 877 4181 difﬁcileJdem
892 4127 1095 4179 auctor
1105 4123 1354 4179 eximius
1366 4124 1623 4179 secundo
1637 4125 1901 4196 ejusdem
1916 4124 2107 4196 operis

451 4214 623 4282 libro,
656 4212 916 4285 itemque
946 4213 1202 4269 secundo
1234 4212 1443 4285 capite,
1475 4221 1527 4268 et
1552 4221 1613 4268 ut
1633 4214 1734 4281 ait,
1766 4212 1978 4285 inquit,
2002 4215 2106 4268 Ni-

374 4312 383 4321 '
451 4304 777 4362 chornaehus
816 4304 1220 4371 inmusitatum,
1247 4302 1384 4373 sive,
1415 4306 1476 4358 ut
1523 4301 1659 4358 alibi
1706 4302 1891 4375 reperi
1923 4319 2109 4358 erimu-

450 4396 654 4450 sitaten
684 4393 955 4449 theorema
986 4393 1301 4467 proﬁciens,
1333 4384 1438 4448 etc.
1469 4409 1481 4459 ;
1516 4408 1643 4463 quae
1690 4391 1867 4447 verba
1912 4395 2110 4448 Graeca

453 4499 633 4556 quam
662 4482 917 4537 habeant
947 4482 1361 4554 proprietatem
1391 4481 1588 4537 nescio
1621 4480 1668 4537 si
1694 4485 1846 4537 recte
1883 4498 2108 4554 rccepe-

454 4573 587 4628 rim.
614 4572 676 4627 In
710 4571 913 4626 eodem
944 4568 1116 4640 libro,
1143 4587 1271 4643 cap.
1308 4572 1398 4638 25,
1434 4570 1506 4625 ab
1537 4587 1603 4625 eo
1647 4570 1772 4625 loco
1825 4571 1924 4626 ubi
1957 4570 2105 4627 scri-

2212 3415 2589 3488 antiquarum
2622 3412 3274 3483 litterarum,duntaxat
3302 3428 3506 3468 earum
3536 3428 3663 3484 qua
3685 3409 3869 3467 maxi-

2214 3523 2321 3561 mae
2348 3506 2571 3571 sunt,et
2592 3501 2852 3558 unciales
2873 3519 2908 3558 a
2936 3502 3294 3574 quibusdam
3314 3500 3508 3557 vocari
3524 3500 3871 3557 existiman—

2213 3598 2330 3663 tur,
2345 3593 2563 3649 habere
2590 3608 2930 3649 mensuram
2974 3592 3352 3664 descriptam.
3380 3591 3581 3664 Itaque
3611 3588 3663 3646 si
3693 3605 3873 3663 penes

2212 3702 2314 3741 vos
2347 3687 2454 3752 est,
2490 3681 2708 3738 mittite
2738 3681 2885 3736 mihi
2917 3698 3046 3737 eam
3080 3698 3184 3754 per
3220 3681 3401 3749 hunc,
3436 3696 3654 3752 quaeso,
3687 3678 3871 3750 picto-

2213 3790 2359 3841 rem,
2392 3789 2526 3828 cum
2557 3771 2814 3840 redierit,
2848 3769 3131 3828 schedula
3174 3775 3375 3827 tamen
3424 3766 3874 3843 diligentissime

2215 3861 2407 3936 sigillo
2443 3861 2691 3916 munita.

2285 3954 2350 4007 A.
2370 3949 2620 4007 Gellium
2652 3949 2974 4018 misissem,
2996 3948 3112 4004 nisi
3144 3965 3354 4005 rursus
3384 3947 3555 4005 illum
3579 3946 3875 4021 (a)abbas

2216 4026 2574 4107 retinuisset,
2608 4043 2853 4112 questus
2884 4038 3134 4095 necdum
3169 4037 3281 4095 sibi
3313 4054 3447 4094 eum
3478 4054 3611 4094 esse
3653 4035 3873 4093 descri—

2214 4135 2405 4204 ptum.
2434 4128 2801 4201 Scripturum
2842 4145 2905 4184 se
2934 4131 3132 4184 tamen
3163 4127 3327 4184 vobis
3358 4126 3503 4183 dixit
3540 4126 3696 4199 quod
3726 4142 3877 4198 pra.

2214 4220 2403 4276 fatum
2435 4218 2652 4274 librum
2678 4217 2733 4272 vi
2765 4217 2909 4275 mihi
2940 4217 3265 4274 extorserit.
3281 4217 3498 4274 Verum
3528 4221 3592 4273 et
3616 4215 3788 4275 illum
3815 4219 3872 4271 et

2215 4324 2421 4365 omnes
2454 4311 2710 4375 caeteros,
2729 4306 2946 4378 quibus
2979 4310 3173 4363 vestra
3198 4303 3551 4363 liberalitate
3575 4306 3891 4376 fruor,per'

2216 4415 2328 4467 me,
2359 4397 2408 4453 si
2432 4397 2580 4452 Deus
2602 4394 2746 4464 vult,
2776 4395 2940 4451 vobis
2974 4395 3099 4467 ipse
3130 4395 3420 4453 restituet.

2285 4485 2501 4542 Abdita
2528 4484 2589 4540 in
2619 4483 2745 4558 lege
2775 4488 2833 4539 et
2864 4484 3116 4540 maxime
3148 4484 3347 4540 Graeca
3387 4480 3875 4552 nomina,,et:alia

2216 4592 2282 4631 ex
2312 4572 2507 4629 Servio
2536 4571 2677 4627 item
2726 4572 2939 4641 Greca,
2961 4588 3089 4644 quas
3122 4571 3291 4629 initio
3332 4571 3498 4629 vobis
3526 4567 3887 4640 direxihsal-i

452 4664 739 4735 ptumest
772 4676 785 4715 :
817 4658 1004 4716 Omnis
1035 4676 1243 4732 quoque
1271 4661 1441 4714 cubas
1462 4661 1559 4730 qui
1595 4675 1664 4714 ex
1694 4665 2109 4729 tetragonorum
2141 4682 2185 4747 Β
2216 4667 2335 4718 tem
2360 4677 2515 4717 nunc
2548 4660 2775 4717 utinam
2804 4676 2877 4717 ne
2908 4660 3232 4734 gravemini
3280 4660 3611 4734 explanare.
3640 4658 3869 4729 Valeas,

452 4750 745 4823 superﬁcie
774 4750 836 4805 in
860 4749 1295 4822 profunditatem
1319 4750 1561 4820 corporis
1593 4751 1783 4816 crevit,
1816 4766 2003 4821 usque
2034 4751 2102 4806 ad

454 4858 610 4910 eum,
645 4842 885 4913 Angulos
917 4856 1038 4897 vero
1069 4846 1201 4908 octo,
1234 4855 1463 4911 quorum
1504 4839 1742 4909 singulis
1780 4839 1880 4894 sub
1929 4841 2107 4896 trihus

453 4931 721 5005 ejusmodi
771 4932 1097 4995 continetur,
1142 4929 1327 5000 quales
1376 4929 1594 4999 priores
1640 4932 1795 5000 fuere
1840 4932 2109 4998 tetragoni

454 5023 599 5079 unde
625 5023 791 5079 cubas
822 5023 934 5094 ipse
960 5020 1257 5094 productus
1286 5022 1456 5085 est,ut
1476 5019 1649 5074 verbo
1672 5018 1859 5091 ipsius
1879 5017 2105 5091 loquar,

456 5114 708 5187 ﬁguram
732 5112 813 5167 rei
837 5110 1072 5167 subtilis
1104 5127 1219 5165 non
1238 5124 1543 5180 assequor,
1556 5112 1613 5163 et
1642 5111 1707 5163 ut
1736 5125 1839 5180 per
1860 5125 1958 5163 vos
1980 5111 2110 5180 ejus

455 5200 816 5259 intellectum
848 5199 1076 5272 capiam
1107 5198 1482 5255 vehementer
1510 5195 1763 5268 indigeo.
1791 5197 1851 5251 In
1870 5197 2109 5255 Victorii

459 5307 694 5363 quoque
724 5288 1017 5346 calculum
1044 5286 1257 5360 prievia
1287 5285 1386 5341 Dei
1418 5285 1607 5359 gratia
1635 5290 1944 5359 vestraque
1974 5289 2110 5344 doc-

457 5381 614 5436 trina
644 5378 871 5451 ingredi
903 5374 1252 5447 cupio.Quin
1270 5375 1447 5430 etiam
1469 5373 1529 5430 in
1548 5374 1888 5447 hujusmodi
1910 5378 2113 5433 dictio-

459 5468 739 5534 nibus,ut
770 5470 859 5522 est
887 5472 1155 5535 aratrum,
1187 5465 1447 5532 salubris,
1481 5468 1538 5520 et
1580 5464 1819 5533 similia,
1852 5467 1952 5523 22
1985 5485 2110 5539 quas

460 5574 575 5613 non
610 5557 782 5613 modo
811 5553 1116 5627 positione,
1150 5554 1249 5611 sed
1282 5554 1456 5611 etiam
1489 5559 1699 5610 natura
1727 5555 2111 5627 penultimam

531 5664 836 5746 (alAbbas.
897 5660 1056 5719 Idem
1108 5666 1197 5718 est
1248 5662 1543 5730 Rabanus,
1598 5662 1793 5717 Abbas
1834 5661 2163 5720 Fuldensis.

464 5736 655 5795 densL

2217 4751 2542 4809 clarissime
2573 4753 2893 4823 praeceptor
2934 4754 2991 4805 et
3036 4750 3201 4806 Pater
3230 4744 3594 4818 dulcissime,
3628 4764 3871 4823 prospe-

2217 4840 2415 4913 risque
2445 4843 2725 4913 perpetuo
2755 4838 3401 4912 successibuspolleas.

2825 4982 3173 5038 EPISTOLA
3200 4980 3275 5038 VI

2769 5088 2843 5127 AD
2883 5087 3316 5128 REGINBER’I‘UM.

2292 5197 2650 5256 Charissimo
2673 5200 2731 5253 et
2752 5195 3296 5254 desiderantissime
3310 5194 3659 5269 Reginberto
3673 5195 3871 5267 Lupus

2221 5293 2278 5345 et
2302 5288 2559 5361 Adalgus
2591 5290 2864 5342 mternam
2893 5286 3166 5343 salutem.

2293 5378 2554 5434 Graviter
2583 5374 2644 5431 in
2676 5392 2770 5432 me
2792 5376 3023 5449 Lupum
3057 5374 3260 5433 litterae
3304 5378 3416 5431 tuas
3445 5373 3681 5429 invecta)
3712 5375 3868 5441 sunt,

2223 5468 2378 5540 quod
2406 5465 2675 5522 videlicet
2705 5466 2866 5521 omni
2897 5465 3282 5539 germanitate
3326 5468 3503 5536 atque
3554 5466 3763 5519 natura
3806 5478 3873 5517 eo

2223 5572 2412 5628 usque
2434 5558 2690 5611 mentem
2710 5556 2970 5610 exuerim
2987 5559 3054 5610 ut
3074 5553 3476 5611 infelicitatem
3489 5556 3654 5608 tuam
3667 5550 3872 5608 saltem

2223 5664 2371 5720 Nam
2418 5666 2545 5719 tum
2597 5662 2796 5735 Lupus
2836 5662 3175 5720 morabatur
3220 5661 3283 5719 in
3331 5659 3687 5718 monasterio
3735 5657 3873 5717 Ful-
