4114 6472
482 438 601 499 463

1474 425 1547 486 Β.
1595 425 1660 486 S.
1704 421 1885 485 LUPI
1929 414 2263 481 ABBATIS
2310 416 2900 480 FERRARIENSIS.

3779 416 3896 480 464

481 570 638 630 beati
684 565 838 624 Petri
890 561 1176 637 principis
1224 558 1620 633 apostolorum
1667 556 1729 611 in
1780 550 2135 610 monasterio
2163 551 2218 618 Α
2248 550 2442 607 biliter
2470 549 2791 623 praelibavi;
2817 549 3224 624 maximasque
3246 550 3543 608 sanctitati
3564 554 3765 607 vestra:
3787 564 3898 624 ago

481 656 837 718 Ferrariensi
868 658 1064 727 tegere
1092 648 1356 724 plumbo,
1380 649 1452 704 ad
1483 644 1929 703 diuturnitatem
1952 640 2135 698 conti-

481 747 798 826 gnationis,
831 747 897 801 ut
928 743 1000 799 ad
1042 742 1423 813 augmentum
1454 739 1742 793 bonorum
1772 748 2037 800 suorum,
2069 747 2138 785 ex

482 840 690 896 eodem
720 832 949 909 plumbi
979 828 1215 888 metallo
1245 828 1317 884 ad
1340 830 1730 883 memoratum
1762 840 1931 896 opus,
1956 837 2137 893 quan-

481 934 611 986 tum
650 926 703 983 ei
750 930 903 981 Deus
953 918 1344 993 inspiraverit,
1375 915 1546 972 nobis
1591 914 1867 987 dignetur
1913 909 2134 983 largiri.

482 1017 646 1085 Quod
678 1013 727 1073 si
758 1013 1107 1071 exuberante
1136 1007 1240 1064 Dei
1270 1005 1603 1069 clementia,
1634 1008 1691 1060 et
1714 1005 1908 1057 vestra
1937 1016 2138 1071 coope-

483 1111 648 1165 rante
677 1102 989 1170 industria,
1013 1097 1343 1165 obtinuere,
1363 1100 1570 1152 vestrm
1590 1107 1829 1149 rursum
1851 1091 1961 1146 erit
1981 1087 2137 1144 solli-

484 1193 761 1255 citudinis
775 1196 841 1249 ut
862 1187 1278 1247 muniﬁcentiae
1299 1184 1459 1242 illius
1479 1182 1829 1241 beneficium
1849 1181 1920 1236 ad
1937 1178 2133 1233 villam

483 1287 563 1357 (a)
579 1281 851 1357 Stapulas
862 1278 1235 1353 provehatur.
1249 1276 1366 1332 Nos
1379 1278 1598 1341 autem,
1619 1272 1770 1330 sicut
1780 1273 1836 1326 et
1853 1269 1912 1325 in
1923 1267 2137 1325 litteris

482 1374 717 1450 praefeto
748 1369 870 1445 regi
901 1366 1138 1425 directis
1169 1364 1588 1438 expressimus,
1621 1365 1678 1418 et
1716 1376 1831 1450 pro,
1852 1358 1952 1450 illo
1981 1372 2134 1450 sem-

480 1446 586 1538 per
613 1477 779 1519 orare
809 1457 1000 1533 parati
1043 1472 1275 1523 sumus,
1309 1458 1367 1510 et
1394 1453 1446 1510 si
1477 1451 1619 1525 quid
1659 1447 1938 1524 possibile
1966 1446 2137 1538 nobis

481 1537 820 1627 injunxerit,
880 1546 1147 1606 celeriter
1215 1542 1476 1615 exsequi.
1549 1540 1732 1613 Cupio
1789 1556 1891 1595 vos
1946 1537 2137 1593 valere

480 1641 743 1701 feliciter.

1050 1722 1395 1780 EPISTULA
1445 1719 1562 1777 XV.

1018 1812 1092 1886 (b)
1132 1827 1203 1867 AD
1242 1824 1600 1867 LEO'I‘ALDUM.

555 1926 756 1999 Lupus
786 1920 969 1980 abbas
993 1917 1268 1976 Leotaldo
1300 1935 1405 1975 suo
1436 1915 1706 1973 salutem.

553 2016 681 2072 Non
712 2029 874 2072 eram
922 2007 1155 2066 nescius
1186 2011 1241 2063 te
1280 2007 1338 2063 id
1387 2005 1583 2062 animo
1634 2001 1929 2059 continere
1977 2002 2132 2076 quod

480 2103 690 2162 litteris
723 2096 1095 2176 expressisti;
1119 2095 1398 2171 quoniam
1431 2110 1577 2168 pene
1608 2092 1808 2149 omnia
1831 2095 1971 2149 sunt
1989 2091 2136 2147 mihi

480 2211 547 2252 ac
577 2194 910 2267 frequenter
938 2190 998 2245 in
1038 2185 1224 2244 oculis
1255 2185 1473 2259 quibus
1502 2182 1693 2239 modis
1723 2180 2134 2238 benevolentiae

477 2298 795 2359 germanus
812 2279 1048 2338 animus
1061 2276 1137 2333 sit
1149 2274 1357 2334 solitus
1370 2272 1742 2346 respondere.
1758 2270 1923 2328 Unde
1938 2275 2135 2359 autem

475 2357 533 2430 te
561 2371 869 2428 certiorem
917 2366 1044 2424 ﬁeri
1082 2362 1421 2440 poposcisti,
1453 2360 1824 2434 indulgentia
1849 2359 1950 2417 Dei
1983 2357 2135 2416 scias

477 2477 572 2517 me
601 2475 705 2532 pro
734 2462 997 2531 tempore
1028 2455 1175 2511 bene
1202 2450 1412 2519 valere,
1447 2449 1711 2522 meisque
1745 2446 2138 2522 dispositioni-

476 2549 612 2617 bus,
646 2564 792 2621 quas
816 2543 1051 2619 justitia
1077 2558 1310 2615 semper
1329 2539 1565 2596 condire
1588 2538 1782 2611 cupio,
1806 2536 1952 2594 nihil
1980 2538 2135 2611 quod

474 2637 681 2706 sciam,
714 2634 1020 2693 obsistere.
1072 2631 1467 2698 Quamobrem
1497 2628 1649 2684 bono
1681 2627 1877 2683 animo
1905 2630 2048 2694 esto,
2080 2631 2137 2683 et

476 2743 581 2801 pro
611 2728 814 2782 nostra
832 2719 1134 2779 communi
1164 2719 1355 2776 salute
1385 2717 1496 2774 hoc
1528 2719 1728 2773 sancto
1754 2719 2015 2788 tempore
2045 2715 2133 2773 in-

476 2814 732 2872 stantius
762 2814 1093 2886 deprecare.
1145 2810 1373 2865 Patrem
1414 2809 1712 2880 patratum
1763 2821 1978 2861 nomen
2009 2822 2137 2862 esse

476 2906 697 2979 gradus
728 2901 826 2960 85
859 2897 1238 2959 sacerdotalis
1292 2895 1582 2964 existimo,
1632 2911 1767 2951 cum
1818 2893 1870 2951 is
1916 2894 2017 2967 qui
2069 2911 2135 2954 eo

478 2995 779 3066 fugeretur
806 2994 1038 3049 tantum
1064 2984 1461 3045 venerationis
1492 3003 1526 3041 a
1564 2983 1786 3041 civibus
1817 2988 2137 3041 mereretur

478 3088 546 3139 ut
571 3098 779 3140 eorum
806 3084 971 3154 pater
990 3079 1179 3134 factus
1210 3076 1521 3142 diceretur,
1553 3091 1655 3147 per
1680 3089 1854 3147 quem
1877 3090 1945 3129 ea
1969 3074 2139 3130 facie-

478 3173 624 3229 bant
655 3187 781 3244 quae
815 3172 889 3243 (e)
917 3168 978 3224 in
1003 3165 1202 3223 Servio
1221 3163 1396 3237 legis;
1422 3167 1487 3218 ut
1502 3162 1721 3229 hostes,
1744 3178 1894 3234 quos
1910 3162 2136 3220 viribus

478 3274 759 3336 superare
789 3256 1203 3323 moliebantur,
1235 3252 1401 3327 prius
1430 3249 1713 3325 religione
1742 3255 2046 3309 terrerent.

1046 3377 1392 3436 EPISTOLA
1420 3375 1561 3441 XVI.

584 3473 662 3549 (ά)
691 3488 765 3531 AD
791 3486 1114 3530 ORSMARUM
1152 3481 1678 3526 METROPOLITANUM
1715 3481 2021 3522 TURONUM.

546 3593 1037 3655 Reverentissimo
1058 3592 1334 3649 Orsmaro
1365 3587 1810 3662 metropolitano
1840 3589 2041 3662 Lupus
2070 3589 2131 3647 in

473 3687 724 3746 Domino
754 3683 1028 3742 salutem.

547 3773 820 3834 Germani
851 3772 968 3831 mei
1012 3768 1309 3842 vestrique
1338 3765 1612 3823 ﬁdissimi
1644 3764 1921 3823 relatione
1970 3773 2129 3841 post-

474 3883 652 3942 quam
684 3863 830 3920 mihi
859 3866 1053 3919 vestra
1081 3859 1279 3932 opinio
1300 3857 1578 3924 innotuit,
1614 3856 1763 3913 miro
1785 3873 2018 3928 semper
2038 3876 2129 3915 ar-

473 3958 581 4013 deo
613 3952 904 4012 desiderio
934 3947 1181 4023 experiri
1202 3947 1357 4020 quod
1379 3945 1541 4002 illius
1560 3943 1863 4019 diligentia
1885 3946 2110 4004 delecta

545 4098 629 4225 (a3
647 4093 955 4166 Stapulas.
978 4090 1272 4221 OOppidum
1288 4094 1379 4146 est
1397 4089 1457 4144 in
1479 4105 1579 4144 ora
1591 4088 1806 4170 .Quenti
1834 4088 2117 4158 ﬂuminis,

545 4184 586 4225 ,u
662 4167 862 4225 procul
894 4166 967 4223 ab
1045 4180 1243 4225 oeano,
1269 4164 1530 4225 adeoque
1552 4176 1809 4215 v1c1num
1841 4166 2117 4218 monaste-

470 4160 629 4227 haud
660 4160 862 4243 procul
892 4166 967 4243 ab
988 4160 1249 4243 _Go'eanp,
1269 4160 1809 4243 adeoquenvicinum
1841 4166 2134 4243 monaste-

470 4243 557 4299 rio
580 4231 766 4298 sancti
795 4236 1025 4305 Judoci,
1056 4234 1295 4309 quodin
1323 4231 1508 4289 alte—ra
1528 4231 1793 4309 fluminis
1813 4247 1916 4287 ora
1944 4233 2122 4309 situm

470 4318 578 4370 est.
594 4314 876 4369 Caeterum
890 4302 1027 4364 hinc
1039 4302 1170 4364 colli
1178 4306 1234 4378 gi
1248 4308 1439 4378 potest
1452 4303 1761 4378 epistolam
1778 4302 1931 4378 hanc
1948 4304 2131 4378 fuisse

472 4385 753 4458 scriptam
767 4387 900 4439 ante
913 4374 1415 4458 recuperationem
1446 4374 1603 4432 cellae
1629 4376 1687 4430 S.
1715 4375 1955 4458 udoci:
1982 4377 2127 4458 Nam

473 4457 523 4512 si
552 4446 623 4512 ea
650 4462 779 4510 tum
815 4446 1156 4524 recuperata
1193 4448 1421 4524 fuisset,
1457 4446 1826 4524 commodior
1863 4448 2132 4524 videlicet

471 4528 709 4584 futurus
728 4530 855 4581 erat
873 4518 1076 4592 portus
1105 4519 1490 4586 Quentawici,
1524 4519 1596 4575 ob
1630 4518 2128 4592 propinquitatem

472 4542 709 4584 futurus
728 4542 855 4581 erat
912 4542 1076 4580 ortus
1105 4542 1490 4586 uuentawwi,
1524 4542 1596 4575 υυ
1630 4542 2123 4592 propinquitatem

472 4597 837 4655 monasterii.
873 4542 1189 4667 Bostquam
1221 4592 1377 4667 enim
1400 4595 1768 4667 _recuperata
1796 4595 1899 4667 _est_
1941 4591 2123 4667 cella;

2163 1927 2213 1992 B

2246 644 2302 696 et
2330 641 2518 697 habeo
2564 640 2784 714 gratias
2817 640 2969 712 quod
3003 640 3157 696 ultro
3202 645 3426 697 certare
3452 639 3749 697 beneﬁciis
3780 655 3897 695 non

2247 729 2576 797 fastidistis,
2608 734 3001 786 memoratum
3032 731 3270 787 fratrem
3301 729 3709 804 episcopaliter
3742 728 3899 786 exci-

2247 819 2456 891 piendo
2483 824 2539 875 et
2569 819 2820 892 benigne
2850 819 3116 888 fovendo,
3168 820 3513 892 parvitatem
3539 834 3674 875 vero
3703 834 3899 875 meam

2246 909 2315 963 ad
2350 913 2610 964 vestrum
2641 924 2899 964 amorem
2923 908 3323 965 sincerissimo
3344 909 3552 964 affectu
3576 908 3897 964 invitando.

2245 997 2406 1060 Quod
2435 1015 2508 1054 an
2542 1014 2689 1070 pura
2727 1001 2921 1054 mente
2951 998 3291 1070 depromam
3324 997 3493 1054 facile
3532 1001 3726 1054 vestra
3753 1013 3902 1070 pru-

2245 1085 2445 1141 dentia
2482 1085 2734 1158 colliget,
2780 1085 2830 1143 si
2860 1086 3198 1142 facultatem
3230 1087 3671 1143 demonstrandi
3700 1086 3902 1143 divina

2243 1191 2507 1246 unquam
2530 1174 2717 1248 gratia
2738 1180 2945 1232 nactus
2966 1176 3147 1232 fuero.
3171 1176 3409 1232 Interim
3432 1176 3587 1248 quod
3603 1177 3731 1248 jam
3754 1175 3904 1231 didi-

2244 1263 2435 1320 cimus
2467 1269 2752 1336 quantum
2782 1265 2853 1320 de
2871 1264 3035 1320 vobis
3057 1280 3411 1337 qraesumere
3431 1265 3771 1333 debeamus,
3793 1264 3903 1320 im-

2244 1353 2457 1425 pendio
2488 1353 2893 1426 supplicamus
2922 1358 2988 1410 ut
3017 1355 3468 1412 commentarios
3497 1354 3678 1411 Boetii
3707 1355 3767 1410 in
3787 1354 3900 1412 To-

2244 1442 2377 1515 pica
2405 1442 2717 1512 Ciceronis,
2765 1444 2918 1516 quod
2960 1443 3021 1499 in
3070 1444 3364 1501 chartacio
3412 1445 3612 1501 codice
3660 1444 3797 1512 sive,
3835 1450 3901 1501 ut

2244 1532 2613 1588 emendatius
2671 1531 2804 1589 allis
2852 1533 3168 1589 dicendum
3224 1534 3476 1604 videtur,
3539 1534 3897 1591 chartinacio

2244 1621 2576 1678 Almaricus
2593 1623 2652 1677 in
2670 1622 2742 1695 (ε)
2757 1623 3009 1680 armario
3027 1623 3213 1680 sancti
3232 1622 3465 1679 Martini
3482 1623 3677 1691 habet,
3698 1624 3900 1680 obten-

2243 1714 2336 1767 tos
2366 1712 2438 1768 ab
2469 1727 2535 1768 eo
2565 1711 2735 1768 nobis
2764 1728 2867 1784 per
2897 1712 3075 1783 hunc,
3106 1728 3281 1785 quem
3312 1713 3387 1768 ob
3412 1713 3520 1769 hoc
3552 1713 3897 1782 direximus,

2244 1800 2519 1856 nuntium
2564 1801 2850 1874 dirigatis.
2901 1801 3325 1875 Monemusque
3371 1806 3438 1858 ut
3475 1816 3608 1858 cum
3654 1803 3903 1876 quilibet

2247 1890 2543 1961 quaesierit
2571 1889 2803 1946 cuinam
2836 1891 3143 1963 praefatum
3178 1892 3440 1948 codicem
3470 1893 3900 1949 commodaturi

2244 1981 2346 2036 36
2368 1980 2519 2047 sitis,
2540 1985 2741 2036 nostra
2756 1982 2997 2036 nomina
3012 1981 3466 2054 supprimentes,
3486 1981 3640 2053 quod
3663 1982 3907 2055 quibus-

2244 2070 2380 2125 dam
2414 2070 2762 2143 prepinquis
2790 2070 2999 2126 vestris
3023 2070 3081 2125 id
3114 2085 3467 2144 magnopere
3490 2070 3900 2146 ﬂagitantibus

2241 2157 2433 2215 velitis
2461 2174 2596 2215 eum
2630 2158 2861 2216 mittere
2892 2159 3316 2231 respondeatis.
3350 2160 3410 2217 Si
3442 2165 3639 2216 autem
3669 2176 3775 2234 per
3794 2178 3900 2220 vos

2243 2247 2411 2303 illum
2442 2249 2703 2320 accipere
2733 2244 3143 2314 meruerimus,
3178 2248 3397 2321 optime
3416 2249 3904 2320 tractabimus,et

2242 2340 2506 2410 tempore
2535 2342 2862 2411 opportuno
2890 2338 3276 2394 remittemus.
3304 2342 3489 2411 Super
3516 2343 3710 2395 vestra
3737 2339 3901 2397 inco-

2243 2425 2513 2483 lumitate
2552 2428 2840 2500 nobisque
2863 2412 3231 2501 gratissima
3279 2427 3663 2500 prosperitate
3690 2427 3905 2487 litteris

2245 2533 2352 2572 nos
2373 2517 2649 2575 certiores
2672 2518 2859 2573 facere
2879 2517 3226 2591 dignemini,
3249 2522 3309 2573 et
3330 2534 3403 2573 ne
3424 2517 3623 2590 aliqua
3646 2535 3716 2575 ex
3735 2524 3904 2592 parte

2246 2606 2318 2662 ad
2348 2623 2451 2664 vos
2482 2607 2700 2663 frustra
2730 2605 3069 2663 miserimus
3100 2605 3316 2679 pariter
3344 2611 3669 2680 procurate.

2793 2757 3142 2815 EPISTOLA
3179 2757 3347 2813 XVII.

2820 2846 2893 2923 (Γ)
2920 2865 2994 2902 an
3031 2865 3320 2906 JUNETUM.

2314 2964 2662 3036 Quanquam
2683 2966 2847 3019 vasta
2866 2967 3156 3020 terrarum
3180 2962 3505 3039 amplitudo
3525 2962 3772 3025 diversis
3793 2984 3903 3025 nos

2244 3058 2511 3110 secernat
2537 3051 2702 3121 locis,
2725 3056 2945 3121 tamen,
2969 3053 3110 3126 quia
3138 3054 3393 3111 charitas
3414 3054 3574 3112 illius
3597 3056 3696 3129 qui
3721 3073 3824 3130 per
3841 3057 3905 3113 fi-

2245 3144 2380 3200 dem
2412 3142 2550 3201 facit
2580 3142 2889 3199 unanimes
2920 3142 3186 3199 habitare
3217 3142 3276 3200 in
3309 3144 3482 3201 domo
3504 3144 3773 3203 Ecclesiae
3794 3164 3904 3204 nos

2244 3232 2520 3290 concordi
2539 3232 2723 3289 sociat
2743 3231 3042 3305 religione,
3058 3250 3291 3305 aequum
3303 3238 3392 3290 est
3404 3239 3471 3290 ut
3482 3251 3630 3308 qua,
3644 3235 3903 3294 dictante

2164 3303 2208 3370 (ἶ
2246 3322 2524 3390 utilitate,
2545 3321 2807 3378 vicissim
2826 3321 2990 3378 vobis
3012 3322 3328 3379 scribimus
3349 3336 3630 3397 germana
3644 3341 3907 3382 reveren-

2243 3412 2325 3468 tia
2367 3410 2846 3483 complectamur.
2880 3410 3083 3483 Itaque
3111 3411 3288 3467 frater
3314 3415 3503 3468 vester
3533 3414 3665 3485 post
3694 3412 3902 3489 longos

2242 3517 2466 3558 errores
2497 3500 2571 3557 ad
2624 3516 2730 3556 nos
2779 3499 3030 3568 devenit,
3083 3499 3397 3574 delictique
3427 3503 3519 3559 sui
3555 3503 3902 3577 qualitatem

2241 3588 2595 3661 simpliciter
2624 3588 2922 3662 exposuit;
2956 3606 3135 3662 quam
3166 3588 3380 3647 litteris
3402 3592 3904 3665 comprehendere

2240 3678 2493 3735 otiosum
2500 3678 2918 3749 judicavimus,
2935 3679 3172 3751 quando
3192 3682 3249 3735 et
3262 3680 3435 3736 rebus
3451 3685 3509 3737 et
3528 3682 3719 3739 verbis
3743 3683 3903 3743 illius

2240 3769 2389 3825 scire
2420 3767 2747 3824 volentibus
2771 3767 2992 3841 absque
3014 3767 3360 3826 difficultate
3380 3771 3696 3846 constabit.
3719 3772 3900 3847 Cujus

2240 3856 2614 3914 condolentes
2637 3856 2977 3925 calamitati,
3002 3862 3057 3913 et
3081 3857 3556 3932 congratulantes
3579 3864 3903 3921 conversio-

2239 3946 2321 4016 ni,
2357 3946 2653 4002 sanctitati
2698 3951 2906 4003 vestrae
2954 3946 3062 4004 has
3093 3948 3397 4005 tenuitatis
3429 3953 3641 4006 nostra
3672 3950 3898 4009 litteras

2240 4107 2417 4167 mena
2464 4090 2631 4162 Lupi,
2686 4091 2858 4161 cujus
2884 4090 2979 4167 hic
3009 4095 3098 4148 est
3127 4091 3340 4167 titulus
3370 4092 3437 4167 in
3469 4095 3645 4167 veteri
3675 4096 3893 4167 codice,

2238 4164 2322 4218 An
2356 4163 2525 4219 Lnor.
2575 4179 2679 4235 pro
2727 4180 2843 4234 quo
2892 4163 3203 4220 Massonus
3251 4165 3456 4232 edidit,
3506 4166 3590 4222 Ad
3640 4163 3902 4226 Leoteril-

2239 4251 2390 4291 cum.

2313 4325 2387 4391 (εξ)
2411 4326 2472 4377 In
2484 4322 2687 4378 Servio
2709 4320 2878 4393 legis.
2902 4321 3193 4377 Nimirum
3208 4323 3267 4378 in
3288 4327 3725 4383 commentariis
3747 4329 3818 4384 ad
3836 4328 3907 4384 li-

2237 4395 2380 4472 bros
2412 4412 2469 4448 ιχ
2499 4396 2557 4472 et
2641 4393 2932 4472 Eneidos.
2969 4393 3304 4472 Describam
3327 4402 3546 4472 autem
3570 4399 3700 4472 ipsa
3721 4401 3909 4457 Servii

2241 4466 2418 4521 verba
2446 4483 2514 4521 ex
2545 4464 2693 4519 libro
2725 4482 2779 4530 x,
2815 4468 2877 4518 ut
2909 4464 3197 4530 intelligat
3226 4467 3408 4524 lector
3452 4464 3610 4530 quid.
3642 4470 3909 4529 innuerit

2243 4538 2481 4609 Lupus:
2519 4560 2545 4586 ‹‹
2572 4536 2717 4591 Nam
2752 4536 2797 4590 si
2833 4538 3067 4607 quando
3100 4536 3367 4595 homines
3397 4536 3487 4596 vel
3522 4543 3803 4600 animalia
3832 4544 3909 4601 ab

2241 4609 2441 4683 aliqua
2468 4611 2638 4683 gente
2665 4611 2833 4679 rapta
2864 4613 3061 4683 essent
3087 4610 3301 4683 populo
3339 4612 3619 4683 Romano,
3656 4632 3789 4670 cum
3822 4616 3908 4672 fe-

452 4673 605 4753 tum,
632 4660 1072 4753 ηοῃβιθρμιαέε
1102 4667 1202 4753 8.8.9
1229 4665 1300 4720 ad
1333 4662 1543 4753 cellar}!
1561 4660 1766 4753 Ea"???
1783 4661 2008 4753 9319921
2029 4664 2127 4753 9‘?‘
2160 4678 2207 4744 D
2240 4660 3911 4753 εἷὶάῗίῖτῖιξζίᾱέέιξέέλείέείιέδὸίίιᾷιῖέἔιᾷἰἹαῖίῖέιῖᾱίζέωῐλὲὶῖῖδὶῖε

469 4742 609 4798 ferri
628 4734 1311 4815 petiitex'Anglialibros
1330 4736 1638 4815 quosdam,
1659 4734 1899 4815 quos‘ab
1919 4735 2128 4815 abbate

470 4805 728 4886 quodam
778 4805 1130 4886 Eboracensi
1181 4805 1381 4880 Lupus
1427 4805 1728 4886 poscebat,
1760 4807 1829 4858 ut
1874 4809 2033 4876 patet
2061 4823 2131 4862 ex

466 4881 716 4954 epistola
742 4886 829 4939 62.
865 4881 1119 4954 Stapulze
1150 4896 1322 4953 porro
1352 4882 1517 4954 vetus
1557 4892 1769 4954 nomen
1802 4891 2116 4933 servavere.

519 4959 647 5014 odie
677 4956 835 5013 enim
870 4945 1006 5010 huic
1037 4945 1170 5008 loco
1190 4966 1403 5007 nomen
1434 4953 1523 5004 est
1552 4945 1823 5017 Etaples.

537 5032 611 5101 (b)
647 5030 731 5084 Ad
763 5026 1137 5101 I.eo!aldun_z._
1163 5022 1575 5101 Presbyterum
1606 5017 1873 5101 fortassis
1907 5017 2120 5101 Lingo-

463 5093 728 5167 nensem,
761 5101 820 5153 in
853 5105 1058 5170 castro»
1075 5093 1923 5170 Divionepsicommorantem:
1950 5093 2121 5170 cujus

464 5173 681 5228 mentio
704 5161 893 5227 exstat
922 5170 980 5223 in
1003 5165 1367 5240 ChronicoS.
1394 5161 1633 5240 Benigni
1659 5161 2023 5240 pivionensis
2046 5162 2120 5217 ad

461 5259 683 5301 annum
708 5243 832 5310 844,
860 5242 952 5296 his
981 5237 1207 5295 verbis:
1233 5231 1599 5310 «_lndiebus
1623 5232 1752 5304 ejus
1781 5231 1943 5310 dedit
1961 5233 2113 5310 _Leo-

458 5316 655 5373 taldus
672 5304 1151 5387 presbyterunus
1164 5325 1230 5362 ex
1224 5304 1566 5387 21erlcisliic
1579 5304 2111 5387 commanentibus,

460 5388 519 5445 in
552 5374 904 5457 isto‘burgo,
929 5381 1065 5437 etin
1090 5382 1201 5457 line
1224 5376 1618 5457 Tremolense,
1644 5378 1865 5457 partem
1886 5374 2110 5457 heredi-

464 5459 605 5516 tatis
636 5474 778 5513 suae.
812 5447 844 5507 Β
876 5447 1019 5510 ltem
1046 5450 1219 5523 paulo
1251 5467 1431 5521 supra
1453 5465 1527 5523 :_«
1563 5448 1739 5523 Baldo
1766 5447 2114 5523 prrepositus

464 5536 523 5589 et
554 5529 743 5585 caeteri
793 5540 928 5581 cum
968 5519 1259 5579 eo—clerici
1293 5519 1427 5576 cum
1461 5520 1730 5591 Leotaldo
1780 5519 2112 5591 presbytero

463 5599 975 5658 commutaverunt
1022 5599 1256 5650 terram.
1312 5591 1475 5649 Dedit
1518 5590 1830 5647 Leotaldus
1860 5590 2113 5662 peciolas

464 5675 612 5729 duas
641 5673 711 5727 de
760 5675 934 5726 terra.
968 5667 1094 5723 Una
1123 5670 1214 5722 est
1250 5666 1420 5737 juxta
1449 5664 1650 5737 Divion
1683 5667 1964 5737 castrum,
1998 5662 2114 5717 alia

461 5745 524 5800 in
573 5743 698 5814 loco
746 5741 847 5814 qui
891 5739 1105 5814 dicitur
1163 5733 1483 5814 Pctraﬁcta.
1526 5736 1775 5814 AFratrcs
1828 5733 2115 5814 dederunt

462 5813 737 5871 Leotaldo
764 5803 1121 5886 ‘presbytero
1164 5814 1380 5886 terram
1412 5808 1472 5886 in
1519 5803 2110 5886 ﬁneTremolensLy

462 5887 532 5949 Et
580 5876 805 5947 fortean
849 5876 1040 5946 eidem
1091 5881 1362 5942 Leotaldo
1412 5879 1696 5956 inscripta
1745 5882 1835 5934 est
1864 5876 2115 5953 epistola

2241 4755 2524 4839 praesunt,
2581 4750 3060 4839 proﬁciscebatur
3102 4750 3280 4839 etiam
3312 4760 3811 4839 pater‘patratus;
3845 4764 3909 4839 et

2239 4822 2373 4898 ante
2405 4823 2550 4898 ﬁnes
2582 4826 2748 4877 stans
2777 4822 2935 4878 clara
2961 4839 3101 4898 voce
3124 4822 3354 4880 dicebat
3384 4822 3523 4883 belli
3553 4822 3824 4898 causam;
3848 4835 3911 4887 et

2235 4894 2571 4972 nolentibus
2605 4910 2697 4972 res
2721 4899 2926 4972 raptas
2944 4895 3253 4952 restituere
3276 4898 3364 4953 vel
3388 4904 3654 4957 auctores
3676 4894 3912 4972 injuriae

2231 4966 2481 5045 tradere,
2509 4965 2767 5045 jaciebat
2797 4965 3034 5045 hastam
3064 4982 3192 5045 quae
3225 4984 3318 5045 res
3347 4975 3472 5026 erat
3503 4988 3715 5044 pugnae
3733 4965 3915 5045 vprin-

2231 5037 2449 5109 cipium
2479 5055 2491 5105 ;
2518 5036 2583 5092 et
2612 5037 2699 5092 sic
2729 5036 2941 5093 licebat
2971 5036 3133 5095 more
3167 5039 3307 5095 belli
3342 5058 3435 5097 res
3469 5036 3692 5117 rapere.
3720 5066 3749 5094 ››

2508 5124 3211 5205 Qramarufnllujusnam
3229 5130 3385 5205 sedis
3399 5132 3710 5205 episcopus
3726 5131 3912 5205 fuerit

2229 5196 2452 5254 indicat
2484 5196 2694 5253 titulus
2717 5196 2996 5269 epistola},
3026 5199 3309 5256 nimirum
3332 5196 3719 5259 Turonensis.
3744 5203 3907 5260 Alibi

2224 5273 2466 5347 vocatur
2497 5268 2831 5347 Ursmarus,
2869 5271 3344 5347 u_t__in_Capi_t_ulis
3386 5274 3581 5331 Karoli
3628 5274 3810 5347 Calvi,
3849 5280 3912 5333 et

2225 5341 2383 5399 alibi.
2418 5342 2529 5398 Sed
2563 5341 2878 5396 discrimen
2908 5341 3053 5399 illud
3082 5341 3304 5400 nullius
3335 5350 3424 5402 est
3456 5347 3763 5405 momenti.

2295 5430 2369 5502 (ε)
2401 5432 2702 5507 Almana
2733 5429 3112 5507 Bibliotheca.
3131 5433 3578 5507 lstagexplicatio
3599 5441 3689 5493 est
3711 5437 3916 5495 certis-

2223 5501 2395 5590 sima.
2431 5503 2874 5590 Et'quanqu‘am
2911 5503 3084 5590 facile.
3110 5505 3187 5560 sit
3214 5501 3666 5590 illam‘prob‘are
3698 5509 3913 5565 multis

2222 5573 2600 5645 testimoniis,
2625 5573 2893 5631 abstineo
2914 5576 2985 5631 ab
3004 5575 3123 5632 illis
3144 5573 3488 5636 referendis.
3516 5580 3599 5637 Ob
3619 5598 3748 5637 eam
3775 5596 3915 5637 cau-

2221 5661 2347 5699 sam
2398 5650 2595 5701 custos
2634 5645 3006 5703 bibliothecae
3049 5648 3370 5706 vocabatur
3403 5652 3730 5708 Armarius.
3764 5651 3915 5709 Vide

2220 5714 2571 5788 glossarluin
2608 5717 2881 5774 Latinum
2923 5718 3147 5793 Cangii.
3598 5730 3601 5735 “

2290 5804 2368 5880 (f)
2382 5805 2613 5880 Titulus
2626 5806 2720 5880 hic
2736 5806 2976 5880 additus
2991 5813 3077 5863 est
3096 5826 3166 5865 ex
3179 5809 3437 5867 editione
3453 5811 3734 5870 Massoni.
3747 5811 3901 5871 Nam

2217 5878 2388 5935 vetus
2415 5879 2595 5937 codex
2626 5878 2772 5936 nihil
2802 5878 2896 5937 hic
2926 5880 3216 5957 scriptum
3241 5882 3471 5944 habuit.
