4114 6456
222 448 347 512 468

224 688 431 729 cessus
461 670 620 728 illius
651 671 972 729 vindictam
1017 676 1227 729 nostrae
1259 673 1652 746 deprecationi
1682 673 1883 730 remit-

224 765 351 819 tere
388 778 504 819 non
553 761 973 834 dedignemini.
1024 762 1325 833 Siquidem
1374 762 1717 819 temeritatis
1762 780 1883 819 suae

227 851 373 909 adeo
403 850 650 923 dignum
674 851 849 906 refert
869 850 1146 924 pretium,
1170 850 1303 906 utsi
1325 850 1424 925 qui
1447 851 1594 907 forte
1615 852 1734 908 sint
1755 853 1883 923 eius

223 939 472 1008 inimici,
506 942 701 1007 tantas,
748 942 872 995 tam
919 938 1199 1008 molestae,
1231 943 1351 999 tam
1393 939 1647 1012 denique
1696 940 1885 997 infru-

225 1034 443 1086 ctuosae
465 1027 952 1103 peregrinationis
970 1027 1129 1084 illius
1142 1029 1465 1085 exsaturari
1484 1029 1713 1102 possint
1727 1029 1884 1103 inju-

224 1118 336 1174 ria.
389 1117 755 1175 Perditorum
810 1119 905 1174 3'1
942 1118 1100 1174 enim
1144 1117 1454 1173 hominum
1504 1118 1884 1191 acquiescens

225 1206 709 1264 circumventioni
736 1222 883 1280 pene
905 1223 1092 1279 usque
1113 1208 1186 1263 ad
1210 1207 1452 1263 ultimas
1471 1207 1666 1264 Galliae
1689 1213 1885 1282 partes

226 1296 519 1360 abductus
550 1300 678 1366 est;
725 1294 1004 1369 omnique
1034 1312 1141 1369 ope
1172 1297 1447 1363 nudatus,
1495 1297 1632 1353 inde
1680 1298 1753 1354 ad
1783 1316 1884 1355 vos

227 1401 446 1460 magno
471 1401 605 1441 cum
622 1385 855 1455 rubore,
889 1388 957 1441 ut
980 1384 1211 1457 videtis,
1246 1386 1573 1442 revertitur.
1606 1387 1887 1453 Quocirca

226 1479 424 1531 vestra
470 1472 787 1531 clementia
832 1473 1053 1530 nostris
1084 1474 1233 1530 ﬂexa
1260 1473 1534 1548 precibus
1564 1480 1621 1531 et
1649 1476 1884 1550 culpam

227 1564 544 1639 dignanter
585 1563 909 1637 indulgeat,
941 1566 998 1619 et
1028 1562 1262 1636 pietatis
1306 1563 1596 1638 gremium
1628 1564 1678 1621 ei
1710 1564 1885 1623 citius

226 1652 537 1729 pcenitenti
566 1652 811 1727 aperiat.

764 1822 1114 1881 EPISTOLA
1150 1821 1342 1879 XVIII.

1724 444 2156 511 EPISTOLIE.

224 580 610 641 destinandas
640 581 1026 650 decrevimus,
1049 581 1267 655 quibus
1288 581 1675 656 imploramus
1694 585 1761 639 ut
1790 599 1880 639 ex—
1906 580 1965 651 Α

2560 581 2911 642 EPISTOLA
2928 583 3074 645 XIX.

2324 674 2400 744 (e)
2436 689 2510 729 AD
2549 688 2925 732 HERIBOLDUM
2962 691 3307 736 EPISCOPUM.

2064 784 2563 844 Excellentissimo
2592 788 2829 861 praesuli
2859 790 3203 849 Heribeldos
3233 792 3453 867 Lupus.

2062 874 2312 940 Quidam
2323 879 2582 933 vestrum
2595 878 3518 946 monachus,cuiJoannisnomcn
3531 889 3643 955 est,

1992 965 2299 1021 nobiscum
2328 966 2390 1021 in
2440 967 2795 1024 monasterio
2842 973 3044 1026 nostro
3089 976 3376 1041 versatur,
3410 980 3649 1049 propter

1993 1054 2311 1127 quamdam
2341 1055 2747 1113 necessitatem
2778 1075 2812 1113 a
2840 1059 3095 1130 quodam
3127 1062 3306 1118 fratre
3334 1067 3537 1121 nostro
3557 1082 3648 1123 ve-

1993 1147 2179 1211 catus,
2212 1160 2247 1199 a
2274 1159 2369 1199 me
2419 1147 2616 1200 autem
2654 1150 2855 1217 postea
2883 1151 3166 1217 retentus,
3197 1152 3355 1223 quod
3385 1157 3442 1209 et
3472 1155 3647 1213 nobis

1992 1231 2249 1304 prodest,
2274 1236 2333 1288 et
2361 1232 2421 1287 in
2443 1233 2705 1291 coenobio
2735 1238 2884 1308 ejus,
2906 1240 2972 1293 ut
2993 1238 3347 1310 audivimus,
3380 1242 3647 1317 indigen-

1991 1320 2075 1376 tia
2104 1319 2424 1378 laboratur.
2477 1325 2600 1390 Quo
2629 1326 2971 1399 congregari
3006 1328 3269 1402 undique
3298 1330 3509 1389 fratres
3541 1349 3646 1390 vos

1991 1409 2337 1483 praecepisse
2358 1413 2739 1485 comperiens,
2760 1413 3093 1473 celsitudini
3112 1422 3316 1477 vestrae
3336 1419 3445 1477 hos
3462 1421 3646 1481 direxi

1995 1498 2209 1571 apices,
2233 1499 2544 1572 postulans
2566 1505 2635 1558 ut
2658 1506 2716 1558 et
2735 1502 2893 1560 hunc
2916 1504 3063 1560 mihi
3082 1505 3425 1579 aliquandiu
3447 1527 3651 1569 conce-

1994 1587 2167 1656 datis,
2199 1592 2259 1643 et
2301 1593 2590 1661 quantum
2639 1592 2824 1648 audeo
2855 1593 3200 1667 suppliciter
3226 1596 3553 1671 implorans
3583 1604 3652 1657 ut

1995 1677 2321 1733 secundum
2353 1678 2675 1752 ingenitam
2692 1681 2859 1738 vobis
2878 1682 3299 1757 benignitatem
3329 1691 3388 1743 et
3405 1688 3650 1761 imposi-

1994 1768 2116 1821 tam
2146 1766 2325 1823 ofﬁcii
2352 1767 2717 1842 diligentiam
2735 1770 2862 1828 loco
2893 1770 2979 1828 illi
3010 1774 3332 1833 consulatis
3357 1793 3370 1846 ;
3402 1793 3477 1834 ne
3505 1778 3654 1836 forte

1996 1854 2246 1911 fratrum
2277 1858 2522 1929 penuria
2549 1875 2667 1915 non
2716 1860 2911 1917 solum
2944 1863 3099 1919 bona
3132 1868 3331 1921 vestra
3357 1867 3651 1937 obscuret,

228 1956 571 2006 QUIBUSDAM
582 1956 981 1998 mrmsusnx
992 1939 1885 2012 MONASTEBIO(G)SANCTIAMANDI.
1917 1956 1966 2023 Β
1993 1961 2197 2001 verum
2228 1946 2406 2002 etiam
2427 1947 2528 2004 Dei
2548 1949 2759 2021 nostri,
2784 1950 2857 2007 ad
2880 1952 3051 2024 cujus
3080 1954 3652 2027 quotidiejudicium

301 2101 685 2161 Charissimis
714 2102 997 2158 fratribus
1028 2101 1230 2174 Lupus
1260 2101 1321 2157 in
1342 2101 1590 2158 Domino
1616 2101 1889 2161 salutem.

300 2192 381 2265 (ὁ)
402 2191 617 2249 Curam
632 2190 810 2248 vestri
830 2208 938 2247 nec
954 2208 1048 2247 me
1071 2191 1283 2263 cupide
1300 2191 1594 2264 appetisse
1615 2209 1720 2248 nec
1740 2192 1895 2251 inso-

227 2281 421 2338 lenter
465 2279 763 2353 excepisse
808 2279 1058 2348 vidistis,
1099 2281 1255 2353 quod
1302 2281 1649 2353 parvitatem
1697 2298 1891 2341 meam

229 2369 450 2444 duplici
496 2385 673 2429 onere
718 2370 970 2444 gravari,
1020 2387 1136 2426 non
1181 2369 1440 2443 provehi,
1474 2370 1642 2427 facile
1672 2372 1891 2428 sentie-

228 2461 367 2517 bam
392 2477 406 2528 ;
440 2461 498 2515 et
526 2475 683 2514 nunc
701 2460 970 2515 eamdem
996 2476 1198 2515 curam
1215 2459 1275 2513 in
1300 2462 1573 2532 promptu
1596 2464 1683 2516 est
1706 2462 1891 2533 conji-

228 2566 361 2606 cere
392 2564 485 2604 me
514 2546 764 2603 libenter
793 2549 1100 2622 deponere,
1135 2565 1240 2604 nec
1273 2545 1449 2603 alicui
1499 2566 1627 2604 eam
1666 2548 1889 2623 gerenti

228 2635 605 2710 aliquatenus
637 2636 929 2705 invidere;
957 2637 1247 2709 siquidem
1274 2640 1332 2692 et
1355 2636 1481 2692 sine
1501 2636 1699 2693 dolore
1721 2639 1892 2694 amit-

224 2730 438 2784 tuntur
467 2742 594 2798 quas
617 2726 841 2798 absque
865 2725 1267 2782 delectationis
1288 2723 1561 2781 illecebra
1585 2726 1892 2798 possiden-

222 2820 360 2885 tur;
394 2818 452 2871 et
473 2815 646 2886 juxta
674 2819 736 2869 B.
771 2814 1115 2887 Apostolum
1148 2813 1332 2886 (Phil.
1359 2813 1422 2887 1),
1446 2814 1565 2871 sive
1587 2832 1656 2871 ex
1675 2816 1892 2873 verita-

221 2909 307 2975 te,
359 2904 480 2961 sive
527 2920 597 2960 ex
643 2904 968 2973 occasione,
1011 2903 1280 2960 Christus
1309 2903 1713 2974 annuntietur,
1746 2910 1804 2961 et
1830 2905 1891 2961 in

222 2995 341 3051 hoc
372 2994 598 3066 gaudeo
629 2997 687 3049 et
723 2993 1010 3066 gaudebo.
1046 2993 1293 3049 Proinde
1322 2992 1554 3049 videtur
1582 2994 1728 3050 mihi
1757 2995 1892 3051 obe-

222 3083 512 3141 diendum
539 3081 708 3138 vobis
740 3099 869 3139 esse
899 3081 993 3138 cui
1027 3081 1382 3155 praecipitur,
1414 3086 1474 3138 et
1502 3083 1576 3138 ad
1623 3083 1891 3156 generale

220 3170 513 3245 placitum
528 3172 975 3236 occurrendum,
990 3171 1147 3243 quod
1160 3170 1219 3225 in
1238 3170 1455 3243 praedio
1469 3171 1726 3242 quodam
1739 3171 1892 3227 Pari-

225 3261 478 3332 siorum,
493 3259 962 3333 cui(c)Bonogilo
984 3277 1196 3315 nomen
1210 3258 1586 3332 est,1'ncipiet
1608 3259 1732 3315 Kal.
1747 3260 1891 3317 Julii

223 3349 530 3409 celebrari.
544 3349 631 3420 (d)
645 3349 834 3405 Sacris
856 3349 1013 3405 enim
1034 3349 1188 3421 regis
1209 3347 1412 3416 obniti,
1437 3349 1758 3421 praesertim
1778 3349 1888 3407 hoc

223 3442 518 3510 tempore,
567 3437 963 3510 periculosum
993 3437 1283 3494 existimo.
1336 3436 1726 3510 Exiguitatem
1754 3454 1889 3495 vero

227 3541 449 3592 meam,
483 3523 535 3579 si
564 3523 687 3581 vita
710 3541 908 3581 comes
957 3525 1149 3593 fuerit,
1184 3525 1406 3597 absque
1456 3523 1797 3581 difﬁcultate
1826 3525 1890 3581 in

224 3616 521 3673 conventu
538 3613 858 3686 reperietis.
873 3615 1037 3680 Quod
1051 3614 1102 3669 si
1122 3614 1351 3670 tardius
1367 3629 1543 3686 quam
1555 3612 1890 3673 voluissetis

215 3706 547 3779 prasentes
590 3702 758 3759 vobis
813 3702 1049 3759 redditae
1102 3702 1321 3759 fuerint
1352 3702 1576 3769 litterae,
1612 3703 1889 3760 noveritis

213 3796 419 3850 vestra
448 3809 505 3847 Ix
535 3791 661 3851 Kal.
693 3791 813 3848 Jul.
843 3792 988 3848 mihi
1020 3792 1202 3848 fuisse
1244 3792 1471 3860 allatas,
1504 3796 1562 3847 et
1593 3808 1754 3850 meas
1784 3793 1887 3852 88

211 3879 501 3957 postridie
549 3882 677 3953 ejus
709 3880 824 3937 diei
870 3882 1137 3938 traditas.
1169 3881 1283 3938 Mei
1314 3881 1566 3954 benigne
1597 3897 1888 3939 memores

210 3971 391 4045 cupio
423 3986 525 4027 vos
556 3970 750 4027 valere
783 3969 1046 4028 feliciter.

288 4115 377 4196 (α)
403 4114 615 4170 Sancti
634 4114 908 4171 Amandz'.
933 4111 1301 4183 Elnonensis,
1324 4111 1385 4167 in
1406 4110 1642 4168 dimcesi
1669 4112 1884 4168 Torna-

212 4202 400 4243 081181.

295 4258 375 4382 (ὺῖ
390 4259 607 4314 Curam
623 4257 822 4312 vestri.
842 4254 1142 4312 Assentior
1161 4255 1384 4310 Donato
1403 4252 1681 4323 Candide,
1700 4252 1799 4327 qui
1817 4271 1886 4311 ex

295 4345 332 4382 ιο
377 4343 478 4382 oco
497 4327 732 4382 collegit
749 4344 950 4382 curam
977 4326 1399 4382 monachorum
1425 4324 1613 4381 sancti
1633 4326 1884 4382 Amandi

216 4324 332 4401 hoc
354 4324 478 4384 loco
497 4327 732 4401 collegit
749 4344 950 4401 curam
977 4324 1613 4401 monachorum_sancti
1633 4324 1884 4382 Amandi

216 4397 755 4471 Lupoquandoque
772 4398 954 4454 fuisse
972 4397 1349 4471 commissam
1359 4439 1377 4471 ._
1390 4398 1459 4452 Et
1477 4400 1637 4469 patet
1655 4402 1882 4471 Lupum

212 4468 349 4528 tum
381 4468 566 4551 fuisse
623 4468 896 4551 abbatem
946 4469 1100 4525 alius
1150 4468 1495 4551 cujuspiam
1514 4468 1880 4551 monasterii,

217 4558 437 4613 nempe
449 4541 857 4610 Ferrariensis,
885 4558 1018 4597 cum
1031 4539 1453 4613 monasterium
1470 4539 1657 4596 sancti
1675 4542 1888 4596 Aman-

218 4613 287 4670 di
323 4612 435 4684 ipsi
482 4613 867 4684 commissum
897 4616 1004 4669 est.
1036 4612 1181 4668 Nam
1224 4630 1325 4684 per
1351 4628 1451 4684 reas
1501 4614 1881 4684 tempestates

221 4682 395 4756 facile
405 4683 711 4756 principes
727 4682 899 4756 plura
920 4682 1747 4756 monasteriatribuebant’uni
1768 4683 1882 4737 Ab-

218 4754 366 4812 bati.
386 4754 761 4827 Verum—quia
782 4760 837 4811 et
860 4756 1059 4827 Lupus
1074 4754 1292 4827 duplici
1317 4770 1488 4827 onere
1509 4754 1879 4827 gravabatur,

218 4833 283 4885 et
312 4825 585 4909 monachi
608 4825 695 4881 illi
715 4842 866 4910 aegre
886 4825 1312 4910 ferebant—eum
1325 4825 1436 4910 sibi
1461 4826 1586 4906 dari
1609 4825 1881 4910 abbatem

220 4899 329 4970 qui
359 4915 489 4980 raro
520 4896 890 4980 praesentiam
918 4914 1101 4980 suam
1122 4897 1487 4980 eahibiturus
1512 4896 1664 4978 ipsis
1705 4901 1878 4980 esset,

222 4967 655 5041 {monasterium
702 4968 849 5041 illud
881 4969 978 5025 alii
1012 4969 1263 5041 cuipiam
1310 4967 1695 5041 commissum
1728 4972 1817 5023 est
1850 4984 1884 5021 a

222 5040 515 5115 principe,
530 5039 698 5115 facile
713 5038 1462 5115 lubenterqueassentiente
1477 5038 1882 5115 Lupo-donum

223 5107 341 5191 sibi
373 5107 580 5191 datum
612 5112 673 5167 in
704 5112 886 5191 alium
915 5107 1235 5191 transferri.
1274 5111 1495 5191 Quippe
1525 5107 1888 5191 intelligebat

223 5183 373 5241 satis
401 5182 516 5239 sibi
543 5183 998 5255 occupationum
1030 5184 1190 5239 domi
1217 5200 1367 5249 esse,
1385 5180 1457 5255 et
1484 5198 1620 5237 eum
1648 5180 1742 5235 vix
1772 5180 1886 5235 sibi

226 5255 505 5337 sufficere
520 5253 801 5337 posse—qui
821 5254 916 5337 vel.
929 5255 1106 5310 unius
1118 5253 1458 5335 monasterii
1473 5268 1674 5309 curam
1691 5265 1889 5308 susce-

227 5326 402 5400 perit,
417 5325 623 5400 ‘multo
654 5325 856 5400 minus
885 5327 1161 5400 duorum.
1196 5396 1205 5400 Α
1248 5396 1261 5400 _
1377 5329 1391 5400 ς

300 5389 719 5477 (ι’)’Βοπορίέο-
751 5398 891 5477 Yico
923 5397 1046 5477 agri
1070 5396 1653 5477 farisiensish'quem
1685 5389 1889 5474 Bonoi-

226 5467 599 5546 lumqvocau‘t
626 5469 903 5546 Capitula
923 5467 1109 5546 Caroli
1151 5467 1328 5546 Calvi,
1360 5473 1415 5546 et
1443 5467 1799 5546 Hincmarus
1825 5467 1887 5544 in

227 5539 571 5616 prwfatione
600 5535 940 5616 posterioris
962 5539 1332 5616 refutationis
1353 5535 1735 5616 Goteschalci.
1759 5535 1890 5616 Exi-

230 5609 442 5673 stimat
486 5609 681 5667 autem
731 5612 1082 5669 Sirmondus
1132 5610 1511 5666 Hincmarum
1544 5609 1614 5663 de
1662 5624 1727 5662 eo
1762 5609 1889 5677 ipso

234 5687 528 5765 conventu
544 5684 701 5765 apud
713 5681 1395 5765 Ponpillum‘lo‘quicujus
1416 5683 1558 5765 Acta
1579 5676 1807 5765 ωεξίαηὶ
1827 5676 1888 5733 in

232 5754 460 5812 eisdem
490 5750 679 5810 Caroli
707 5754 861 5811 Calvi
892 5750 1195 5827 Capitulis,
1234 5750 1706 5827 Lupunrdcalio
1739 5766 1889 5821 quo-

237 5827 376 5885 dam
409 5828 725 5899 superiore.
755 5826 906 5886 Fieri
937 5822 1136 5884 tamen
1156 5822 1348 5898 potest
1379 5829 1443 5881 ut
1471 5822 1729 5879 indictus
1760 5838 1892 5876 con-

1914 4723 1963 4786 D

1999 2050 2409 2107 properamus,
2458 2042 2730 2109 provocet
2776 2040 3080 2110 offensam,
3111 2046 3171 2099 et
3214 2043 3653 2103 irrevocabilem

1999 2122 2283 2180 acceleret
2307 2124 2646 2181 vindictam.
2681 2128 2795 2184 Res
2823 2128 2982 2185 enim
3012 2130 3417 2189 ecclesiasticae
3442 2138 3506 2190 et
3532 2135 3656 2191 ani-

1999 2228 2231 2268 marum
2256 2230 2402 2281 cura
2433 2219 2655 2287 quanta
2682 2217 2911 2273 cautela
2936 2220 3254 2277 tractandae
3279 2222 3400 2277 sint
3421 2238 3527 2280 nec
3549 2224 3653 2280 ad-

2000 2302 2226 2358 monita
2253 2307 2446 2359 vestra
2468 2304 2627 2360 videt
2677 2307 3007 2378 prudentia.
3042 2309 3290 2366 Proinde
3317 2315 3376 2367 ct
3402 2313 3568 2370 vobis
3597 2317 3657 2371 et

1998 2389 2117 2447 illis
2148 2391 2428 2448 fratribus
2457 2392 2763 2462 consulite,
2795 2399 2861 2451 ut
2889 2400 2949 2453 et
2973 2398 3046 2453 de
3072 2403 3268 2455 vestra
3287 2399 3659 2474 indulgentia

2000 2482 2058 2535 et
2087 2480 2159 2535 de
2206 2478 2443 2536 illorum
2491 2481 2891 2541 sublevatione
2937 2485 3299 2558 gloriﬁcatur
3343 2489 3520 2558 Deus,
3553 2489 3658 2563 qui

2001 2567 2252 2641 singulis
2285 2569 2398 2625 cito
2434 2571 2719 2628 retribuet
2739 2574 2895 2645 quod
2929 2580 3246 2632 merentur.
3273 2576 3504 2645 Valeas,
3540 2579 3660 2636 Do-

1999 2657 2158 2713 mine
2178 2657 2544 2727 charissime,
2580 2661 2813 2734 meique
2838 2663 3128 2737 praecipue
3154 2664 3213 2720 in
3243 2666 3425 2723 sacris
3442 2667 3660 2726 oratio-

2001 2745 2179 2802 nibus
2207 2747 2553 2806 meminisse
2584 2750 2866 2823 digneris.

2513 2875 2615 2932 39
2645 2876 2990 2935 EPISTOLA
3027 2879 3141 2938 XX.

2569 2983 2643 3021 AD
2666 2963 2744 3035 (Γ)
2773 2986 3093 3026 ALTUINUM.

2071 3076 2921 3139 CbarissimofratriAltuinoLu
2929 3102 3041 3156 pus
3053 3058 3372 3159 plurimam
3384 3086 3661 3147 salutem.

2072 3166 2304 3224 Litterae
2334 3168 2663 3226 sanctitatis
2691 3174 2803 3226 tuae
2826 3190 2890 3229 III
2921 3173 3049 3231 Kal.
3081 3176 3221 3232 Maii
3251 3177 3399 3235 mihi
3422 3178 3663 3237 redditas

2002 3260 2170 3312 sunt:
2205 3273 2458 3328 quarum
2480 3259 2774 3317 sententia
2800 3277 3054 3333 pronum
3076 3263 3137 3319 in
3159 3281 3253 3321 me
3276 3270 3447 3323 tuum
3469 3266 3660 3325 decla-

1919 3327 1965 3394 0
2000 3345 2148 3403 ravit
2173 3327 2470 3419 affectum,
2490 3327 2950 3422 haudquaquam
2982 3369 3123 3408 sane
3146 3354 3315 3411 aliter
3330 3371 3508 3427 quam
3523 3373 3650 3429 per~

1998 3450 2262 3506 ceperam
2295 3433 2493 3490 animo
2523 3452 2590 3492 ac
2619 3435 2956 3495 ﬁrmissime
3004 3440 3348 3498 retinebam.
3382 3443 3650 3516 Namque

1997 3540 2132 3581 cum
2180 3526 2302 3579 tam
2351 3524 2732 3592 concorditer,
2775 3530 3015 3600 tamque
3034 3529 3319 3601 jucunde,
3350 3547 3420 3591 ac
3450 3532 3649 3590 forsan

1996 3616 2120 3671 tam
2147 3612 2427 3685 proficue,
2456 3612 2799 3685 aliquandiu
2817 3632 3058 3691 peregre
3076 3618 3413 3689 vixerimus,
3434 3619 3536 3694 qui
3554 3637 3653 3693 po-

1995 3704 2146 3760 terat
2176 3717 2343 3757 amor
2364 3706 2483 3758 tam
2506 3702 2679 3777 longo
2702 3722 2814 3762 usu
2838 3712 3145 3765 concretus
3160 3708 3538 3769 labefactari?
3557 3711 3651 3768 In-

1997 3790 2339 3846 ﬁrmitatem
2355 3807 2489 3847 vero
2513 3808 2587 3864 qu
2597 3809 2692 3849 am
2713 3794 3030 3869 contigisse
3044 3797 3191 3853 mihi
3208 3798 3425 3862 audisti
3448 3816 3656 3873 cogno-

1995 3896 2128 3935 scas
2152 3880 2503 3936 exuberante
2526 3881 2682 3938 circa
2703 3899 2818 3953 me,
2853 3888 2918 3941 ut
2948 3902 3181 3960 semper
3200 3887 3332 3943 etin
3354 3886 3651 3956 omnibus,

1996 3967 2194 4023 divina
2223 3967 2411 4041 gratia
2441 3969 2774 4027 detrimenti
2807 3972 2974 4041 nihil,
2998 3978 3057 4031 at
3077 3972 3458 4033 emolumenti
3478 3976 3657 4050 pluri-

1991 4112 2203 4165 ventus
2219 4109 2395 4189 fuerit
2415 4111 2490 4189 ad
2510 4112 2802 4189 Kalendas
2817 4114 2978 4189 Julii,
3001 4117 3104 4173 sed
3124 4120 3391 4189 Augusto
3411 4118 3653 4179 demum

1994 4194 2197 4236 mense
2216 4180 2836 4261 ‘_celebratus.__Mu1ta
2864 4180 3021 4261 enim
3044 4180 3310 4261 persaepe
3356 4188 3646 4261 insidunt,

1992 4251 2317 4334 praesertim
2339 4252 2399 4334 in
2416 4254 2717 4334 republica
2737 4251 3264 4334 perturbatissima,
3280 4274 3417 4334 quae
3442 4251 3654 4334 tracta;

1990 4328 2209 4403 tionem
2233 4328 2496 4403 gravium
2511 4328 2879 4403 negotiorum
2888 4328 3489 4403 differriprzecipiunt.
3507 4332 3651 4403 Con-

1990 4398 2198 4450 ventus
2220 4395 2391 4473 porro
2408 4395 2506 4473 ille
2527 4395 2680 4470 ap'ud
2704 4398 3006 4455 Bonoilum
3028 4395 3267 4457 habitus
3288 4395 3398 4468 est,
3421 4406 3488 4458 ut
3506 4402 3647 4473 dixi,

1993 4481 2195 4595 agnae
2243 4466 2530 4539 Augusto,
2564 4466 2736 4525 ‘anno
2764 4487 2898 4527 vero
2925 4473 3053 4544 856,
3111 4466 3399 4545 praesente
3428 4466 3650 4532 Carolo

2091 4553 2161 4592 vo
2194 4553 2348 4595 rege.

2091 4553 2161 4592 νο
2194 4553 2348 4592 rege.

2377 4610 2541 4699 rcggz'sr
2561 4611 2850 4699 οὐρίᾳ...ξά
2872 4618 2984 4697 est,
3004 4614 3288 4699 principis
3301 4617 3475 4699 jussa
3496 4626 3653 4699 sper-

1998 4694 2154 4748 nere,
2175 4681 2700 4759 quzeipscscriptis
2718 4682 2927 4759 litteris
2940 4681 3381 4759 significaverit;
3404 4687 3463 4744 id
3487 4681 3652 4745 aetate

1998 4766 2108 4806 sua
2141 4752 2550 4833 periculosum
2581 4752 2720 4833 esse
2759 4752 3134 4833 existimabat
3160 4752 3381 4833 Lupus,
3417 4765 3654 4833 propter

1998 4778 2108 4806 sua
2141 4778 2550 4832 .PUI'lUlllUbUUl
2581 4778 2710 4810 esse
2759 4778 3134 4814 ensumaoat
3160 4778 3381 4831 Lupus,
3458 4778 3648 4833 ropter

1990 4821 2385 4893 suspicionem
2408 4825 2757 4883 secessionis
2778 4832 2835 4883 et
2854 4829 3135 4900 partium.
3160 4831 3307 4886 Nam
3333 4778 3519 4887 Gallia
3538 4831 3648 4887 mi-

1991 4894 2310 4965 serandum
2341 4896 2400 4950 in
2432 4897 2674 4952 modum
2699 4898 2885 4955 scissa
2912 4905 3054 4956 erat.
3079 4902 3278 4965 Itaque
3306 4903 3513 4965 suadet
3532 4919 3648 4960 mo-

1992 4918 2310 4949 serauuuui
2342 4918 2400 4950 ιη
2432 4918 2674 4952 Inouum
2699 4918 2885 4955 sclssa
2912 4918 3054 4956 erat.
3079 4918 3278 4973 Itaque
3306 4918 3513 4965 suadet
3532 4919 3650 4960 mo-

1992 4963 2196 5046 nachis
2214 4965 2643 5046 E‘lnonensibus
2662 4972 2727 5046 ut
2744 4971 2819 5046 ad_
2834 4976 3185 5028 conventum
3205 4972 3651 5046 Boqogilensem

1993 5036 2292 5104 accedant,
2316 5038 2788 5098 neinfortunium
2804 5041 2865 5097 in
2882 5059 2945 5098 se
2961 5047 3282 5101 accersant.
3298 5036 3650 5102 Tiinendum

1994 5123 2250 5230 namque
2277 5114 2404 5165 erat
2450 5128 2522 5167 ne
2553 5111 2918 5184 suspicacem
2951 5114 3139 5171 Caroli
3176 5114 3333 5171 Calvi
3382 5115 3651 5175 animum

1995 5194 2163 5230 Derce
2189 5177 2333 5230 leret
2362 5180 2505 5230 illud
2541 5183 2787 5230 facinus-
2821 5184 2866 5230 gi
2901 5185 3105 5230 adeam:
3131 5185 3493 5230 nnalionmnt

1995 5177 2333 5260 percelleret
2362 5180 2507 5260 illud
2522 5177 2800 5260 facinus,
2821 5184 3106 5260 siadesse
3131 5185 3510 5260 negligerent.

2068 5248 2655 5343 tsﬂrélisré'bélslve
2672 5248 3433 5343 ιιτηιίερςξφειοτεξρεεῶνξυρίι
3453 5259 3652 5343 praee-

1997 5319 2161 5375 rebat
2188 5320 2397 5396 titulus
2417 5324 2673 5396 epistola:
2696 5326 2755 5380 in
2779 5328 3035 5384 editione
3058 5319 3335 5386 Massoni.
3354 5319 3473 5388 Nos
3493 5330 3650 5388 sedis

1998 5393 2513 5470 nomen_omissuin
2531 5395 2822 5470 voluimus
2839 5399 2902 5470 in,
2916 5398 3026 5457 hac
3040 5406 3266 5470 nostra,
3287 5403 3361 5459 ob
3383 5402 3649 5459 studium

1998 5462 2390 5547 antiquitatis,
2419 5471 2476 5547 et
2505 5467 2648 5547 quia
2659 5468 2858 5547 deerat
2889 5469 2951 5525 in
2974 5462 3396 5547 manuscripto.
3420 5473 3653 5547 Virfuit

1998 5536 2196 5615 magni
2214 5536 2469 5619 nominis
2493 5536 2594 5609 per
2612 5537 2746 5595 illas
2757 5543 3166 5620 tempestates,
3192 5536 3366 5617 upote
3392 5544 3542 5602 sacri
3557 5562 3654 5618 pa-

1996 5603 2122 5689 lati}
2151 5607 2669 5689 archicapellanus.
2702 5609 2846 5667 Vide
2877 5627 3004 5683 quas
3036 5614 3392 5673 adnotamus
3420 5618 3494 5673 ad
3526 5617 3652 5689 epi-

1999 5675 2210 5731 stolam
2242 5680 2330 5733 37.

2069 5748 2143 5821 (f)
2186 5749 2517 5807 .Illua'mtm.
2551 5752 2697 5809 Vide
2727 5758 2895 5811 notas
2923 5754 2998 5811 ad
3026 5754 3339 5827 epistolam
3369 5759 3458 5813 34.
