4114 6448
503 440 542 501 4
557 416 617 500 ῑι

1474 438 1547 500 Β.
1593 437 1657 500 S.
1702 436 1883 499 LUPI
1925 421 2255 495 ABBATIS
2298 422 2910 496 FERRARIENSIS.

3805 428 3928 495 4972
3942 436 3947 443 ’

508 580 626 631 non
684 560 1059 628 mediocriter
1114 558 1321 628 mirari
1375 569 1569 640 soleo;
1604 558 1738 627 eum
1790 569 1839 626 si
1888 586 1957 625 ea
1983 567 2155 641 paulo
2186 566 2240 634 Α
2269 566 2569 623 sanctitati
2586 565 3930 642 vestraasignitico.(c)Dominusaoster(d)nein

510 661 854 735 diligentius
884 660 1439 727 consideretur,non
1465 661 1638 715 modo
1672 656 1943 732 dignitati
1961 660 2163 713 vestrae

507 744 656 808 nihil
687 751 1071 824 derogaverit,
1095 766 1297 806 verum
1320 750 1495 806 etiam
1521 748 1796 805 detulerit
1818 746 2163 821 plurimum,

508 842 746 914 quando
760 840 818 894 id
830 840 987 912 quod
1002 856 1109 895 nos
1123 855 1339 911 magna
1352 839 1596 911 cogebat
1616 839 1802 894 facere
1824 835 2162 902 necessitas,

511 930 574 987 ui
585 932 780 985 vestra
796 944 935 1000 pace
956 932 1153 1000 posset
1176 928 1298 983 fieri
1322 928 1596 984 exoravit.
1615 929 1870 983 Tantum
1897 926 2054 982 enim
2070 924 2166 979 ab-

510 1022 601 1076 est
613 1032 705 1074 me
716 1019 969 1073 vestram
985 1017 1271 1089 cogitasse
1292 1016 1374 1089 inj
1385 1018 1572 1073 uriam
1590 1021 1655 1072 ut
1669 1017 1897 1072 sincera
1909 1014 2164 1071 charita-

510 1111 568 1163 te
585 1110 778 1180 optem
798 1107 1044 1179 gradum
1068 1110 1327 1161 vestrum
1353 1107 1945 1178 prmdicationemque
1967 1120 2068 1160 vos
2086 1104 2168 1158 in-

508 1196 780 1269 tegritate
805 1195 933 1251 vitae
951 1211 1184 1268 semper
1204 1210 1453 1268 aequare,
1474 1195 1740 1267 nihilque
1757 1196 1816 1250 in
1831 1212 1899 1250 ea
1925 1209 2169 1266 prorsus

510 1298 791 1361 apparere
806 1284 964 1356 quod
987 1283 1318 1340 sanctitatis
1348 1290 1553 1339 vestrae
1586 1284 1921 1358 opinionem
1941 1285 2169 1339 fuscarc

512 1373 841 1449 praevaleat.
874 1373 1021 1429 Hinc
1051 1373 1163 1429 fuit
1193 1374 1350 1445 quod
1395 1375 1709 1448 propinqui
1739 1373 1914 1431 vestri
1935 1374 2012 1445 (α)
2042 1371 2171 1446 Agii

508 1462 675 1520 vobis
695 1463 956 1535 exposui,
975 1479 1104 1535 quae
1129 1480 1162 1518 a
1183 1463 1388 1519 multis
1411 1463 1765 1535 culparetur,
1788 1463 2168 1517 immodicam

512 1552 935 1626 rapacitatem;
968 1555 1034 1607 ut
1084 1553 1223 1624 quia
1271 1557 1462 1610 vestra
1491 1553 1551 1608 id
1584 1554 1790 1609 fecisse
1830 1553 2173 1624 jactabatur

508 1640 830 1711 voluntate,
862 1650 997 1697 cum
1048 1659 1084 1697 a
1127 1642 1293 1698 vobis
1348 1643 1623 1714 deinceps
1680 1645 2167 1715 compesceretur,

513 1734 680 1787 extra
709 1729 873 1785 illam
904 1746 973 1785 ea
1003 1729 1201 1785 omnia
1229 1732 1485 1804 gessisse
1528 1730 1815 1803 inspicere
1842 1730 2172 1787 volentibus

514 1818 817 1874 emineret.
842 1818 911 1873 Et
936 1834 1276 1899 quanquam
1310 1820 1530 1876 frustra
1556 1824 1660 1877 44
1691 1820 1903 1892 prioris
1925 1821 2170 1892 jactura:

2274 656 2627 713 monasterio
2643 661 2844 713 nostro
2861 673 2990 713 esse
3000 658 3402 730 permitteretu
3411 676 3439 713 r
3441 658 3932 731 jussit,prasfatus

2274 747 2345 801 de
2377 762 2444 802 eo
2472 746 2615 802 talia
2656 763 2783 818 qua:
2834 747 3046 803 melius
3095 747 3432 803 reticentur.
3465 748 3529 804 Id
3561 763 3830 805 reversus
3856 748 3931 804 ad

2275 836 2698 891 monasterium
2731 837 2830 894 45
2866 852 3043 909 quam
3093 836 3442 893 mollissime
3491 837 3681 893 eidem
3730 837 3935 894 abbati

2275 924 2463 993 edixi;
2497 930 2675 997 atque
2723 924 2806 980 illi
2855 924 3196 983 hominibus
3243 926 3348 999 qui
3396 943 3533 982 eum
3574 927 3935 984 deducerent

2276 1014 2589 1085 deputatis,
2605 1031 2674 1086 eq
2683 1014 2775 1070 uis
2787 1019 2843 1069 et
2852 1016 3217 1071 vestimentis
3234 1021 3293 1072 et
3303 1020 3544 1089 argento
3556 1016 3628 1072 ad
3648 1014 3931 1071 viaticum

2275 1103 2591 1174 concessis,
2607 1120 2739 1159 cum
2755 1106 2931 1176 jussu
2950 1104 3174 1160 domini
3191 1104 3345 1176 regis
3367 1105 3631 1161 secundo‘
3641 1104 3932 1161 Kalendas

2276 1192 2613 1248 Decembris
2644 1209 3065 1265 promoverem,
3099 1193 3375 1250 constitui
3408 1199 3472 1250 ut
3501 1194 3657 1250 intra
3684 1210 3746 1251 Ill
3777 1195 3930 1261 Non,

2278 1282 2585 1337 memorati
2610 1283 2831 1338 mensis
2855 1283 3207 1339 monasterio
3224 1284 3551 1353 decederet,
3577 1284 3727 1357 quod
3753 1299 3821 1339 eo
3838 1283 3935 1339 die

2278 1375 2413 1427 ante
2434 1371 2737 1427 dominum
2759 1387 2955 1446 regem
2980 1389 3073 1429 me
3090 1376 3404 1429 venturum
3427 1389 3745 1446 sperarem.
3766 1373 3929 1437 Quod

2278 1476 2414 1516 cum
2428 1460 2598 1531 juxta
2612 1477 2799 1517 meam
2817 1461 3152 1535 opinionem
3164 1461 3597 1535 fecissem,post
3606 1462 3934 1518 solemnem

2278 1548 2676 1621 exceptionem
2722 1551 2986 1623 quaesivit
3037 1551 3320 1623 quidnam
3353 1552 3426 1608 de
3452 1551 3693 1625 praefato
3723 1552 3938 1609 abbate

2279 1639 2569 1695 fecissem.
2603 1640 2723 1712 Ego
2772 1641 2872 1713 qui
2916 1641 3212 1697 crederem
3243 1641 3327 1697 sic
3357 1641 3632 1697 eumdem
3661 1641 3937 1697 abbatem

2279 1728 2533 1802 gessisse
2564 1730 2631 1783 ut
2659 1729 2829 1785 nobis
2876 1735 3242 1798 convenerat,
3272 1734 3633 1803 praeceptum
3681 1732 3812 1803 ejus
3842 1746 3938 1805 me

2281 1833 2459 1890 super
2479 1834 2544 1874 eo
2565 1818 2945 1891 complevisse
2967 1820 3264 1892 respondi.
3286 1818 3538 1892 Accepta
3560 1818 3743 1893 igitur
3761 1818 3941 1876 lices-

516 1906 817 1981 querelam
860 1907 1180 1973 omiserim,
1214 1913 1271 1964 et
1302 1909 1371 1965 de
1404 1904 1503 1964 illa
1553 1926 1732 1982 quam
1792 1910 2169 1981 postmodum
2199 1943 2250 2010 Β
2281 1905 2382 1974 tia,
2407 1920 2542 1961 cum
2574 1906 2761 1979 pridie
2784 1908 2921 1964 Idus
2942 1907 3289 1964 Decembres
3316 1908 3673 1965 monasterio
3694 1908 3937 1982 propin-

515 1995 737 2065 intulit,
752 1994 1192 2068 impellentibus
1214 1996 1308 2053 his
1330 1998 1430 2070 qui
1455 1999 1710 2054 maximo
1734 1998 1923 2054 affecti
1937 1999 2170 2054 fuerant

516 2087 732 2143 damno
764 2090 1006 2160 questus
1037 2087 1251 2144 fuerim
1280 2088 1521 2144 domino
1552 2078 1964 2160 nostro,atque
1988 2082 2086 2143 ille
2104 2090 2172 2143 ut

514 2192 584 2233 ea
612 2176 674 2231 in
723 2192 784 2232 re
829 2174 920 2231 lex
968 2182 1410 2233 conservaretur
1464 2194 1527 2232 se
1582 2176 1726 2233 velle
1782 2175 2169 2250 responderit,

514 2264 789 2339 persequi
806 2263 1108 2338 negotium
1126 2266 1458 2322 reverentiae
1477 2270 1684 2322 vestrae
1705 2265 2173 2322 consideratione

514 2354 734 2425 destiti,
766 2353 1143 2411 hortantibus
1190 2355 1250 2410 id
1299 2354 1628 2411 clarissimo
1659 2356 1784 2411 viro
1815 2354 2087 2411 Eriboldo
2114 2357 2173 2410 et

512 2442 831 2500 venerabili
880 2442 1150 2512 Fulcone,
1197 2443 1294 2517 qui
1349 2443 1592 2501 mallent
1640 2461 1733 2499 me
1780 2444 2171 2500 maximarum

515 2546 715 2591 rerum
736 2548 915 2606 quam
939 2532 1212 2588 amicitiae
1226 2537 1430 2591 vestras
1453 2532 1765 2606 dispendia
1784 2533 2174 2590 sustinere.Ut

516 2624 715 2678 autem
739 2636 873 2676 vere
887 2620 1053 2677 vobis
1081 2622 1363 2677 conﬁtear
1383 2622 1538 2693 quod
1563 2623 1735 2693 cupio
1754 2640 1856 2679 vos
1878 2622 2175 2695 episcopa-

514 2709 650 2766 liter
677 2709 958 2782 accipere,
996 2710 1052 2765 in
1102 2711 1246 2766 urbe
1302 2715 1498 2767 vestra
1544 2714 1603 2766 et
1649 2711 1711 2766 in
1758 2709 1977 2767 villulis
2025 2728 2173 2784 quas

517 2799 883 2856 extrinsecus
925 2796 1291 2856 habebamus
1324 2816 1427 2856 nec
1459 2803 1688 2857 tantum
1734 2801 1972 2873 quidem
2005 2801 2174 2857 nobis

519 2886 792 2946 relictum
838 2892 928 2945 est
976 2889 1132 2945 unde
1182 2888 1410 2945 familia
1459 2890 1675 2946 viveret
1722 2891 1961 2963 agrique
2004 2890 2175 2947 fenus

521 2977 872 3050 acciperent.
899 2975 1031 3032 Fuit
1058 2981 1255 3032 autem
1287 2977 1459 3033 nobis
1490 2977 1574 3033 ibi
1604 2995 1721 3034 non
1750 2980 2176 3035 contemnenda

519 3064 639 3121 vini
669 3069 727 3122 et
756 3081 1001 3121 annonae
1033 3065 1217 3138 copia,
1253 3066 1393 3122 salis
1427 3082 1661 3140 quoque
1691 3067 2127 3141 aliquantulum
2158 3083 2171 3123 :

524 3156 650 3233 qua:
666 3154 901 3211 vendita
917 3159 973 3212 et
987 3154 1473 3213 vestimentorum
1499 3156 1667 3213 nobis
1681 3158 1999 3231 praebitura
2011 3160 2176 3213 erant

523 3243 753 3313 solatia,
786 3248 846 3301 et
884 3244 943 3300 in
994 3244 1463 3316 expeditionibus
1512 3263 1639 3319 quae
1686 3246 1796 3302 hoc
1843 3244 2175 3319 reipublicae

2280 2010 2577 2068 quassam,
2611 1997 2868 2069 comperi
2898 1997 3280 2070 saepedictum
3326 1997 3598 2055 abbatem
3630 1997 3709 2055 ibi
3740 1998 3942 2054 adhuc

2279 2085 2669 2141 morari.Hinc
2690 2087 3063 2143 vehementer
3077 2087 3308 2156 anxius,
3331 2087 3486 2160 quod
3508 2086 3677 2146 aliter
3695 2088 3941 2144 domino

2280 2178 2479 2230 nostro
2510 2174 2790 2245 dixeram,
2827 2176 2997 2232 aliter
3044 2175 3433 2241 inveniebam,
3467 2176 3726 2249 praemisi
3766 2181 3939 2233 nocte

2280 2263 2383 2337 qui
2404 2264 2455 2319 ei
2479 2263 2723 2321 honeste
2743 2265 2960 2321 diceret
2972 2269 3037 2320 ut
3053 2265 3241 2337 primo
3258 2264 3521 2322 diluculo
3539 2265 3935 2339 egrederetur:

2280 2367 2397 2407 non
2427 2367 2557 2408 esse
2586 2351 2899 2408 honestum
2928 2357 2995 2408 ut
3023 2357 3125 2408 aut
3155 2368 3261 2425 ego
3292 2368 3489 2410 meum
3522 2352 3820 2410 differrem
3848 2353 3939 2410 in-

2280 2456 2573 2514 gressum,
2589 2446 2692 2496 aut
2710 2440 2878 2497 illum
2899 2440 2981 2498 ibi
3004 2446 3206 2498 contra
3228 2440 3450 2498 domini
3475 2443 3662 2499 nostri
3685 2456 3942 2516 praecep-

2281 2535 2409 2587 tum
2433 2530 2774 2586 invenirem.
2801 2529 3065 2604 Cumque
3088 2529 3186 2588 ille
3211 2531 3551 2589 mandasset
3574 2550 3636 2590 se
3656 2531 3715 2588 in
3732 2531 3941 2589 crasti-

2280 2636 2425 2675 num
2437 2618 2590 2675 exire
2603 2619 2991 2692 disposuisse,
3009 2637 3081 2677 ne
3094 2620 3353 2694 aliquam
3379 2618 3637 2678 inimicis
3649 2619 3943 2679 calumni—

2282 2708 2417 2763 andi
2432 2723 2638 2763 ansam
2663 2708 3079 2781 relinquerem,
3093 2710 3430 2766 remandavi
3450 2726 3545 2766 me
3559 2728 3675 2767 non
3690 2716 3824 2768 ante
3844 2712 3941 2769 in-

2282 2811 2629 2869 gressurum
2642 2812 2819 2869 quam
2834 2797 2960 2870 ipse
2981 2797 3372 2871 egrederetur.
3390 2799 3477 2855 Ita
3491 2798 3589 2855 ille
3610 2800 3943 2859 coenobium

2282 2901 2557 2959 egressus
2587 2889 2694 2951 est,
2721 2886 3030 2958 permissis
3061 2886 3174 2944 sibi
3223 2885 3498 2944 omnibus
3530 2902 3659 2960 qua:
3690 2887 3775 2944 iiii
3806 2894 3945 2946 ante

2282 2974 2531 3048 largitus
2543 2975 2854 3043 fueram,et
2864 2975 3417 3049 nonnullisinsuper
3427 2976 3942 3043 attributis.Quam

2284 3078 2407 3118 rem
2431 3062 2637 3120 aulicis
2660 3063 3052 3121 familiaribus
3065 3066 3212 3121 meis
3228 3066 3506 3122 continuo
3529 3066 3959 3140 significavi,“

2284 3157 2612 3224 opportune
2640 3158 2869 3226 egomet
2899 3153 3138 3211 domino
3170 3160 3372 3211 nostro
3403 3155 3664 3228 exposui,
3696 3160 3755 3212 et
3783 3172 3945 3212 men-

2284 3241 2453 3297 dacia
2473 3258 2599 3313 quae
2630 3240 2766 3297 inde
2798 3246 3128 3299 sererentur
3159 3243 3468 3300 declaravi.
3492 3244 3616 3301 Non
3649 3243 3820 3300 aliter
3847 3261 3941 3303 me

520 3332 861 3390 turbulento
879 3337 1141 3407 tempore
1157 3334 1474 3403 exiguntur
1490 3318 2076 3409 quantulamcunque
2092 3336 2173 3391 fa-
2206 3318 2250 3386 C
2288 3329 2475 3386 facere
2505 3330 2777 3387 debuisse
2808 3332 2893 3388 eis
2923 3333 3290 3406 concorditer
3317 3333 3510 3390 visum
3540 3336 3648 3390 est.
3675 3331 3943 3391 Viderint

520 3422 794 3480 cultatem
818 3423 1041 3497 argenti
1062 3439 1074 3478 :
1091 3440 1342 3497 quarum
1356 3442 1552 3480 rerum
1568 3429 1793 3481 tantam
1816 3442 1974 3481 nunc
1990 3426 2178 3499 patior

518 3513 869 3569 anxietatem
893 3515 957 3569 ut
977 3511 1122 3568 illud
1151 3512 1295 3570 mihi
1318 3512 1512 3569 solum
1534 3518 1803 3570 occurrat
1823 3515 2132 3571 dicendum
2157 3532 2169 3570 :

518 3596 596 3657 Tu
616 3618 673 3658 es
700 3604 984 3674 refugium
1010 3618 1195 3658 meum
1213 3619 1249 3657 a
1277 3603 1636 3660 tribulatione
1663 3618 1790 3674 qua:
1819 3603 2177 3660 circumdedit

514 3705 602 3746 me
618 3689 984 3763 (Psal.xxx1).
1004 3690 1150 3746 Hinc
1170 3690 1328 3746 enim
1361 3707 1455 3746 me
1486 3691 1731 3746 fratrum
1756 3699 1925 3747 vexat
1954 3693 2171 3765 inapia,

516 3776 655 3833 hinc
671 3777 1069 3850 impendenda
1081 3776 1391 3833 itineribus
1401 3776 1773 3833 vehementer
1784 3778 1993 3851 afﬂigit
2006 3795 2175 3852 pecu-

516 3864 635 3935 nia,
668 3871 726 3921 et
756 3882 903 3939 pene
950 3864 1228 3922 omnibus
1278 3865 1454 3922 rebus
1498 3865 1714 3922 nostris
1765 3867 2027 3939 undique
2074 3871 2175 3924 aut

516 3953 769 4012 sublatis
798 3957 902 4010 aut
931 3952 1274 4023 devastatis,
1297 3970 1595 4027 nusquam
1617 3953 1730 4010 nisi
1756 3953 1814 4010 in
1836 3955 1941 4011 Dei
1962 3956 2175 4012 amico.

515 4057 769 4116 rumque
784 4042 1068 4116 suffragio
1101 4042 1385 4098 auxilium
1415 4044 1579 4100 valeo
1600 4044 2171 4116 reperire.Casterum

513 4132 671 4208 de(b)
686 4133 896 4189 abbate
918 4133 1217 4207 quondam
1240 4136 1440 4190 nostro
1465 4133 1613 4189 falsa
1637 4134 1834 4189 nescio
1859 4150 1985 4206 quae
2008 4134 2172 4190 vobis

513 4222 699 4281 relata
725 4238 853 4280 esse
886 4223 1091 4292 audio;
1115 4227 1172 4279 et
1192 4239 1264 4279 ne
1295 4224 1450 4295 apud
1473 4241 1574 4279 vos
1594 4240 1662 4279 ea
1682 4223 1931 4279 ulterius
1954 4241 2171 4297 praeva-

510 4310 690 4379 leant,
724 4329 853 4385 que
891 4328 1070 4386 super
1120 4328 1190 4368 ea
1233 4316 1401 4383 gesta
1448 4317 1589 4368 sunt
1641 4329 1818 4384 quam
1867 4311 2171 4372 verissime

570 4543 658 4618 (α)
684 4544 829 4627 Agii.
853 4544 961 4627 Qui
974 4544 1110 4627 dein
1122 4543 1566 4627 Aurelianensis
1575 4543 1888 4627 episcOpus
1902 4546 2170 4627 fuitpost

2285 3419 2383 3490 qui
2410 3419 2525 3474 alia
2543 3419 2680 3475 inde
2710 3427 3077 3492 sparserunt,
3101 3439 3175 3477 an
3198 3436 3506 3495 perperam
3536 3424 3796 3481 fecerint.
3819 3425 3938 3499 Ego

2283 3512 2438 3563 certe
2455 3507 2782 3582 simplicem
2800 3509 2860 3564 in
2875 3510 2981 3566 hac
2994 3515 3160 3583 parte
3173 3511 3406 3567 oculum
3421 3511 3938 3579 habens,lucidum

2285 3595 2406 3653 fore
2436 3614 2650 3669 corpus
2680 3599 2781 3655 46
2811 3615 3008 3655 meum
3047 3597 3243 3655 divina
3292 3599 3636 3656 auctoritate
3683 3602 3936 3661 conﬁdo.

2283 3686 2432 3757 Opto
2489 3702 2590 3743 vos
2636 3686 2827 3744 valere
2885 3687 3127 3745 feliciter
3157 3693 3214 3745 et
3243 3689 3413 3747 bonis
3442 3690 3719 3748 omnibus
3749 3693 3939 3750 abun-

2283 3774 2442 3830 dare.

2815 3944 3167 4001 EPISTULA
3230 3945 3400 4003 XXII.

2836 4052 2904 4123 (α)
2931 4070 3004 4107 AD
3035 4067 3385 4110 LUDOVICUM.

2351 4221 2648 4286 Quantum
2671 4223 3071 4295 congaudeam
3097 4220 3686 4280 successibusvestris
3697 4240 3939 4299 prospe-

2278 4307 2553 4377 riorihus,
2585 4310 2816 4368 etiamsi
2850 4328 2966 4366 non
3007 4311 3347 4381 scriberem,
3382 4311 3550 4369 facile
3579 4313 3833 4387 possetis
3863 4331 3936 4371 ex

2276 4542 2421 4620 Nam
2436 4542 2558 4620 Qdo
2576 4543 2811 4620 pronior
2826 4547 2950 4599 erat
2964 4543 3022 4600 in
3043 4544 3406 4614 Lotharium,
3427 4549 3495 4620 ut
3506 4563 3575 4603 ex
3590 4545 3840 4620 epistola
3857 4551 3933 4607 26

508 4613 742 4689 genam.
778 4616 950 4689 Recte
978 4619 1180 4689 autem
1202 4631 1523 4689 excanone
1544 4613 1628 4671 iO'
1642 4613 1872 4673 concilii
1902 4613 2085 4674 habiti
2107 4618 2164 4673 in
2275 4613 2470 4689 colligi
2520 4613 2727 4686 potest.
2758 4618 2844 4670 Ub
2896 4632 3032 4689 eam
3079 4633 3342 4685 causam,
3374 4613 3442 4674 ac
3472 4613 3717 4677 fortasse
3757 4617 3928 4689 alias,

507 4686 700 4761 Verno
732 4686 948 4761 palatio
978 4687 1211 4761 collegit
1240 4686 1590 4761 Sirmondus
1633 4705 1751 4761 non
1801 4689 1947 4745 satis
1995 4688 2163 4746 initio
2192 4691 2242 4757 D
2274 4686 2512 4761 Carolus
2541 4688 2949 4761 eum__removit
2980 4704 3015 4742 a
3044 4689 3330 4761 regimine
3362 4690 3703 4747 monasterii
3729 4686 3930 4748 FerraL

507 4757 815 4833 probatam
853 4757 1054 4814 Carolo
1101 4757 1270 4813 Calvo
1320 4759 1501 4833 fuisse
1546 4758 1975 4833 ordinationem
2006 4761 2159 4833 Agii,

506 4834 696 4886 ratam
740 4832 937 4902 tamen
976 4834 1179 4902 postea
1227 4831 1431 4902 synodi
1475 4836 1690 4902 rogatu
1721 4831 2160 4902 eamhabuisse

502 4902 662 5024 quod
680 4901 799 4974 Agii
816 4901 1070 4974 episcopi
1084 4901 1361 4972 deinceps
1373 4901 1579 4956 crebra
1590 4902 1808 4972 passim
1824 4901 1902 4957 sit
1915 4904 2156 4959 mentio.

557 4974 648 5024 ide
675 4988 806 5024 aues
848 4989 956 5024 nos
993 4973 1147 5024 infra
1190 4980 1545 5024 annotamus
1576 4972 1649 5024 ad
1678 4990 1958 5024 canonem
1990 4974 2156 5024 illum

557 4974 648 5028 ide
675 4972 806 5045 quae
848 4972 956 5030 nos
993 4972 1147 5029 infra
1190 4980 1545 5029 annotamus
1576 4972 1649 5027 ad
1678 4990 1959 5029 canonem
1990 4974 2159 5030 illum

504 5043 730 5100 Vernen
736 5059 858 5100 sem
869 5087 880 5099 .

574 5117 652 5182 (b)
672 5116 877 5188 Abbate
894 5115 1168 5188 quondam
1190 5122 1391 5188 nostro.
1414 5114 1611 5188 Qdone
1624 5113 1927 5182 nimirum,
1948 5116 2157 5188 abbate

505 5184 857 5259 Ferrariensi
891 5184 1026 5242 ante
1058 5187 1307 5259 Lupum.
1344 5184 1599 5259 lteliquit
1644 5192 1843 5259 autem
1896 5187 2155 5259 regimen

504 5257 1033 5337 monasterii-jussu
1057 5256 1246 5337 Caroli
1268 5256 1419 5337 Calvi
1439 5275 1451 5323 ;
1472 5257 1529 5310 in
1551 5273 1667 5337 quo
1692 5257 1945 5313 facinore
1966 5256 2158 5337 elucet

502 5327 679 5384 etiam
725 5327 1045 5399 auctoritas
1078 5328 1237 5399 regia
1266 5328 1324 5382 in
1356 5327 1739 5399 dispositione
1770 5331 2153 5386 monasterio-

502 5412 655 5473 rum.
681 5400 832 5455 Tum
863 5398 1105 5473 Carolus
1133 5398 1407 5473 abbatem
1435 5398 1555 5453 illic
1596 5399 1855 5455 instituit
1899 5401 2149 5473 Lupum.

500 5469 646 5526 Vide
676 5476 845 5527 notas
873 5471 947 5525 ad
979 5470 1287 5541 epistolam
1321 5470 1597 5542 primam.

571 5542 639 5612 (ι’)
671 5544 935 5597 Dominus
962 5540 1163 5596 uester.
1195 5542 1258 5595 Id
1292 5540 1380 5594 eet
1410 5540 1650 5595 Carolus
1677 5540 1882 5597 Calvus
1914 5560 2029 5598 rex.

570 5614 649 5684 (ά)
679 5613 754 5667 Nc
782 5616 844 5667 in
870 5614 1223 5684 monasterio.
1252 5614 1377 5667 Haec
1395 5616 1483 5684 est
1503 5614 1791 5667 sententia
1811 5613 1990 5683 hujus
2012 5614 2163 5670 loci.-

498 5681 642 5747 Odo,
666 5685 847 5739 abbas
878 5683 1213 5739 monasterii
1253 5682 1657 5749 Ferrariensis,
1681 5681 1966 5740 atrocium
2002 5687 2145 5741 faei-

501 5769 708 5808 norum
744 5772 897 5818 reus,
922 5756 1069 5809 iram
1096 5753 1283 5810 Caroli
1312 5754 1464 5825 regis
1494 5755 1802 5812 adversum
1835 5774 1897 5812 se
1926 5760 2143 5812 excita-

495 5828 674 5878 verat.
707 5825 776 5897 Et
806 5825 960 5897 haud
1007 5826 1182 5882 dubie
1231 5826 1475 5897 quiestio
1522 5831 1645 5882 erat
1675 5828 1745 5883 de
1777 5826 1985 5884 violata
2031 5830 2145 5885 fide

498 5909 626 5964 quae
660 5894 907 5966 principi
937 5897 1045 5951 sub
1095 5894 1266 5967 cujus
1318 5897 1563 5970 imperio
1610 5897 1842 5971 vivitur,
1876 5900 2139 5956 debetur.

2274 4758 2522 4840 riensis.‘
2543 4758 2646 4840 Per
2677 4755 2819 4840 illas.
2839 4758 3056 4840 quippe
3103 4755 3482 4840 tempestates
3514 4761 3597 4818 sic
3627 4763 3928 4840 existima-

2274 4829 2418 4927 bant
2434 4830 2701 4927 abbatem
2722 4829 2821 4901 qui
2844 4829 3146 4927 negligens
3171 4829 3320 4887 foret
3348 4832 3507 4927 circa
3533 4835 3929 4927 res‘princi‘pis

2269 4901 2678 4982 deponendum
2717 4917 2849 4982 esse
2888 4901 3135 4982 propter
3172 4919 3310 4982 eam
3357 4901 3794 4982 negligentiam.
3830 4901 3929 4964 Sic

2269 4971 2446 5060 enim,
2463 4971 2628 5060 aiunt
2641 4971 2914 5060 {episcopi
2927 4974 2985 5028 in
3002 4971 3230 5060 synodo
3250 4971 3668 5060 Vermeriénsi,
3686 4993 3927 5060 congre-

2268 5041 2389 5123 gati
2402 5059 2555 5126 anno
2567 5041 2698 5111 846,
2710 5043 2770 5098 in
2786 5041 2904 5126 qua
2926 5041 3590 5126 privilegiamonasterii
3612 5041 3925 5126 Corbei'en-

2269 5062 2389 5123 gau
2402 5062 2555 5098 anno
2567 5062 2691 5111 eeo,
2710 5062 2770 5098 1n
2789 5062 2904 5115 qua
2967 5062 3231 5126 rivuegla
3252 5062 3590 5104 monasterii
3612 5062 3925 5106 uoruenen-

2269 5130 2352 5169 sxs
2369 5115 2804 5196 confirmarunt
2828 5132 2840 5170 :
2870 5062 3085 5196 («‘Buod
3109 5134 3158 5171 ει
3182 5116 3499 5196 aliquando
3522 5118 3838 5196 contigerit
3860 5127 3927 5178 ut

2267 5189 2453 5262 rector
2483 5185 2697 5262 aliquis
2729 5186 2789 5241 in
2819 5188 3023 5262 eodem
3056 5186 3182 5262 loco
3215 5185 3331 5244 non
3362 5189 3539 5262 digne
3577 5185 3724 5262 Deo"
3745 5190 3926 5261 vivat,

2265 5262 2369 5335 aut
2399 5257 2545 5335 forte
2573 5256 3103 5335 minuspfiiciosus
3133 5258 3289 5315 circa
3318 5256 3647 5335 principem
3678 5259 3774 5330 sit,
3811 5256 3927 5321 hoc

2264 5328 2604 5406 statuimus,
2639 5327 2796 5406 uthsi
2822 5328 2951 5406 _ille_
2992 5334 3230 5406 propter
3277 5327 3449 5387 suam
3497 5327 3922 5406 negligentiam

2262 5400 2331 5476 de
2337 5399 2471 5476 posi
2470 5405 2566 5476 tus
2578 5399 2773 5476 fuerit,
2788 5399 3126 5476 electio—illis
3143 5402 3492 5476 intemerata
3518 5399 3688 5476 ρει-αἶ
3687 5422 3759 5459 an
3767 5414 3880 5462 eat.
3895 5432 3920 5459 »ο

2262 5417 2564 5525 negemus
2578 5417 2773 5465 ruerit,
2788 5417 2992 5456 eiectio
3012 5417 3126 5458 nus
3143 5417 3492 5458 intemerata
3518 5417 3880 5476 permaneat.
3895 5432 3920 5459 »ο

2259 5470 2327 5547 Υὶ
2372 5487 2402 5526 e
2433 5470 2700 5547 Capitula
2730 5470 2917 5547 Caroli
2950 5471 3127 5540 Calvi,
3160 5472 3255 5547 tit.
3287 5491 3345 5542 ιι,
3380 5490 3506 5547 cap.
3540 5475 3594 5544 3,
3630 5482 3687 5532 et
3717 5478 3921 5534 conci-

2257 5541 2405 5596 lium
2437 5541 2590 5613 apud
2628 5542 3001 5613 Saponarias,
3036 5560 3165 5613 cap.
3202 5546 3290 5600 11.

2323 5614 2511 5692 (ελ-ᾼιι
2532 5615 2895 5692 [.udovicum.
2920 5614 3015 5670 Sic
3036 5614 3210 5692 vulgo
3242 5617 3423 5692 codex
3451 5617 3917 5692 manuscriptus,

2255 5689 2357 5762 aut
2388 5685 2834 5762 Hludoguicum,
2869 5703 2985 5758 quo
3033 5685 3211 5762 etiam
3230 5689 3437 5762 _modo
3485 5685 3779 5762 scriptum
3830 5685 3922 5747 est

2253 5757 2588 5827 frequenter
2638 5756 2796 5812 istud
2856 5756 3069 5813 nomen
3112 5758 3173 5813 in
3219 5758 3503 5821 Chronico
3553 5756 3914 5819 Céntulensi.

2255 5827 2654 5914 ll-lu'd‘oguicus
2681 5845 2856 5914 porro
2876 5828 2971 5885 ille
2992 5828 3108 5914 fuit
3120 5831 3494 5914 propinquus
3519 5832 3707 5914 Garoli
3730 5833 3913 5914 Calvi,

2252 5905 2307 5955 et
2320 5899 2502 5956 abbas
2518 5899 2859 5957 monasterii
2872 5902 3059 5959 sancti
3074 5899 3331 5977 Dionysii
3344 5899 3404 5962 in
3421 5921 3561 5979 egro
3569 5899 3914 5975 Parisiensi,
