4114 6446
215 430 340 491 473

212 654 620 727 ﬂagitaverim,
656 659 720 710 ut
747 660 938 712 vestra
987 655 1273 712 celsitudo
1303 657 1646 728 parvitatem
1679 673 1869 713 meam

211 761 332 799 non
364 748 730 816 aspernetur,
756 745 856 800 sed
892 743 1033 800 olim
1065 761 1402 800 concessam
1436 745 1701 800 notitiam
1735 763 1871 801 con-

211 833 778 904 descensionemque
798 834 1046 889 retinere
1068 833 1359 905 dignetur.
1376 834 1464 889 Me
1491 851 1624 888 vero
1652 835 1876 890 noverit

210 920 272 976 in
305 921 400 977 sui
446 922 796 994 obsequium
847 922 1095 978 ﬁdeliter
1142 928 1553 994 praeparatum.
1591 924 1873 979 Caeterum

210 1016 467 1066 vestram
493 1012 963 1083 Opinatissimam
989 1012 1186 1084 ﬂagito
1214 1011 1620 1069 liberalitatem
1647 1018 1708 1068 ut
1729 1014 1875 1070 duos

213 1104 448 1156 nostros
483 1099 737 1156 famulos
768 1118 802 1155 a
828 1101 1041 1156 vestris
1074 1100 1276 1166 fabris,
1310 1119 1458 1172 Quos
1490 1102 1877 1173 peritissimos

210 1205 318 1244 vos
349 1188 563 1244 habere
594 1189 766 1262 longe
796 1189 1027 1261 lateque
1059 1190 1217 1244 fama
1247 1189 1522 1262 vulgavit,
1547 1191 1674 1246 auri
1705 1196 1760 1246 et
1791 1210 1879 1247 ar-

212 1277 376 1352 genti
394 1277 670 1350 operibus
686 1278 903 1334 erudiri
915 1279 1394 1350 jubeatis,vestro
1413 1281 1692 1336 beneficio
1711 1282 1880 1338 nobis

215 1371 273 1423 et
294 1367 504 1422 vicinis
528 1367 746 1423 nostris
763 1366 1087 1438 plurimum
1109 1368 1639 1440 profuturos.Unde
1661 1387 1732 1426 ne
1754 1389 1883 1427 nos-

214 1458 310 1512 trs.
339 1459 470 1510 vota
503 1455 753 1511 nimium
784 1457 1178 1521 differrentur,
1204 1457 1250 1512 si
1277 1458 1430 1528 quod
1454 1457 1710 1529 petimus
1740 1460 1884 1516 obti'

213 1561 354 1600 nere
385 1545 732 1613 meruimus,
767 1563 952 1601 unum
995 1562 1197 1601 eorum
1246 1563 1393 1618 quos
1435 1546 1685 1619 dirigere
1717 1549 1879 1622 cupi-

213 1648 351 1689 mus
382 1649 450 1688 ea
471 1634 598 1704 jam
619 1633 1007 1690 imbuendum
1030 1639 1152 1690 arte
1175 1635 1878 1706 procuravimus.Aurum

213 1727 496 1795 prater-ea
524 1723 680 1795 quod
712 1723 806 1778 hic
837 1724 1016 1779 frater
1043 1727 1243 1780 noster
1273 1726 1427 1796 apud
1459 1742 1559 1781 vos
1607 1726 1881 1799 deposuit

212 1811 406 1868 eidem
429 1813 637 1883 jubete
666 1813 933 1881 restitui;
957 1818 1021 1868 ut
1051 1830 1222 1886 opere
1246 1813 1686 1886 inspecto,quid
1709 1816 1880 1873 nobis

1714 429 2145 496 EPISTOLAE.

213 562 460 637 antiquo
489 565 690 622 nostro
721 581 917 622 amore
947 563 1237 639 colligere.
1269 563 1414 622 Illud
1449 564 1692 622 forsitan
1711 566 1872 639 juste
1900 567 1956 634 Α

3527 435 3656 498 474⁷

2456 565 2558 623 48
2598 564 2942 624 EPISTOLA
2979 565 3169 625 XXIV.

2459 706 2597 745 ITEM
2637 707 2709 746 AD
2751 707 2910 754 QUEM
2952 709 3164 748 SUPRA.

2060 858 2321 914 Summis
2356 859 2678 916 honoribus
2724 861 3070 933 dignissimo
3124 861 3453 935 Ludogvico
3503 863 3644 932 Odo,

1985 947 2263 1002 abbatum
2297 948 2562 1015 ultimus,
2595 950 2915 1022 plurimam
2966 951 3024 1005 in
3075 950 3323 1007 Domino
3373 950 3645 1010 salutem.

2057 1037 2344 1092 Atfectum
2377 1044 2576 1093 vestrae
2601 1038 3010 1095 benevolentiae
3036 1057 3289 1112 pronum
3315 1039 3374 1094 in
3402 1041 3649 1112 parvita-

1985 1129 2102 1180 tem
2137 1142 2328 1181 meam
2362 1126 2491 1182 luce
2537 1127 2751 1182 clarius
2785 1128 3115 1200 pervidens,
3148 1145 3256 1201 ago
3289 1128 3649 1201 multiplices

1987 1215 2206 1287 gratias
2238 1216 2538 1288 Deumque
2570 1217 2689 1272 fore
2741 1217 2939 1289 pietati
2988 1222 3191 1273 vestrae
3235 1217 3649 1275 retributorem

1987 1308 2213 1376 exopto.
2249 1306 2377 1377 Ipse
2417 1310 2613 1361 autem
2660 1310 2902 1378 paratus
2951 1323 3106 1372 sum,
3153 1305 3205 1361 si
3257 1305 3397 1378 quid
3439 1307 3650 1378 jubere

1987 1398 2180 1449 vestra
2211 1395 2483 1468 dignetur
2528 1394 2891 1463 excellentia,
2925 1394 3175 1450 fideliter
3223 1395 3645 1468 obtemperare.

1988 1483 2270 1538 Caeterum
2307 1484 2553 1556 impellit
2583 1501 2678 1540 me
2708 1485 3024 1540 necessitas
3053 1483 3268 1540 iterum
3289 1484 3464 1540 vestri
3486 1484 3649 1556 adiu-

1988 1571 2118 1627 torii
2171 1575 2562 1644 patrocinium
2614 1573 2956 1646 suppliciter
2999 1572 3330 1646 implorare.
3382 1574 3649 1646 Namque

1989 1666 2305 1733 postquam
2334 1662 2500 1718 vobis
2532 1661 2950 1718 auxiliantibus
2979 1661 3294 1734 impetrata
3312 1661 3547 1718 licentia
3575 1663 3650 1719 ab

1989 1750 2354 1822 expeditione
2383 1752 2733 1824 Aquitanica
2784 1755 3061 1824 gravatus
3107 1749 3449 1807 infirmitate
3479 1751 3647 1820 redii,

1989 1839 2193 1894 eadem
2225 1857 2371 1912 pene
2403 1857 2633 1912 semper
2664 1840 2924 1908 attritus,
2952 1839 3205 1896 necdum
3235 1839 3454 1896 revalui
3480 1857 3495 1897 :
3523 1857 3654 1912 quas

215 1902 509 1975 agendum
541 1902 620 1958 sit
659 1903 948 1959 estimare
996 1903 1316 1959 valeamus.
1349 1905 1496 1976 Opto
1543 1921 1645 1960 vos
1691 1905 1871 1962 valere

1992 1944 2081 1982 res
2115 1945 2186 1984 ne
2207 1945 2342 1984 cum
2370 1928 2501 1985 aliis
2523 1931 2596 1986 ad
2620 1929 2957 1985 condictum
2982 1945 3346 1985 occurrerem
3369 1927 3650 2002 placitum

213 1989 462 2048 feliciter
490 1996 547 2048 et
573 1991 860 2048 virtutum
895 1993 952 2047 in
1001 1992 1126 2048 dies
1173 2009 1380 2065 capere
1427 1993 1876 2051 incrementum.

693 2252 788 2306 47
833 2248 1183 2306 EPISTOLA
1219 2249 1405 2305 XXIII.

487 2391 622 2430 ῙΤΕΜ
662 2389 735 2430 ΑΙ)
776 2392 1019 2431 EUMDEM
1055 2392 1119 2429 EX
1163 2391 1371 2430 ODONIS
1412 2393 1613 2430 PARTE.

290 2595 650 2653 Clarissimis
673 2595 994 2652 honoribus
1017 2597 1223 2653 merito
1247 2598 1519 2654 decorate
1545 2599 1880 2673 Ludoguico

216 2686 468 2743 ultimus
498 2685 800 2753 abbatum,
831 2687 910 2758 (α)
946 2687 1066 2742 Odo
1107 2691 1164 2742 et
1195 2687 1466 2743 universa
1494 2689 1882 2746 Ferrariensis

216 2775 468 2832 cmnobii
500 2774 860 2831 unanimitas
893 2775 1207 2848 plurimam
1251 2775 1520 2833 salutem.

291 2864 528 2931 Quoties
559 2863 756 2936 aliqua
777 2865 1234 2936 perturbationis
1254 2865 1342 2920 vel
1366 2867 1728 2923 necessitatis
1751 2885 1884 2940 pro-

215 2953 370 3011 cella
401 2953 722 3025 quatimur,
756 2954 827 3009 ad
860 2953 1269 3010 benevolentiae
1301 2960 1502 3011 vestrae
1526 2962 1762 3029 portum
1793 2975 1882 3014 se-

217 3043 348 3100 curi
378 3042 791 3115 confugimus:
831 3061 956 3115 quae
990 3044 1266 3099 omnibus
1295 3046 1367 3100 ad
1401 3045 1884 3103 benefaciendum

217 3133 510 3205 exposita,
547 3132 841 3187 neminem
874 3132 1101 3204 repellit
1133 3132 1233 3205 qui
1266 3151 1393 3189 sese
1434 3151 1601 3206 opem
1635 3138 1883 3207 petendo

215 3220 552 3293 ingesserit.
585 3221 804 3277 Verum
835 3239 905 3277 ne
935 3239 1036 3277 vos
1069 3222 1125 3276 in
1157 3221 1399 3296 longum
1432 3224 1739 3294 ducamus,
1769 3243 1883 3282 me-

1989 2017 2310 2089 prohibuit.
2347 2018 2477 2075 Misi
2523 2022 2718 2074 tamen
2769 2019 3040 2074 homines
3089 2022 3320 2074 nostros
3366 2034 3485 2074 una
3515 2033 3652 2076 cum

1989 2105 2198 2160 comite
2230 2105 2383 2179 pagi,
2404 2107 2505 2178 qui
2529 2106 2918 2178 expeditionis
2937 2106 3129 2163 ofﬁcia
3159 2123 3320 2162 more
3351 2105 3523 2162 solito
3551 2123 3650 2164 ex-

1989 2201 2394 2265 sequerentur.
2427 2195 2694 2252 Vestram
2725 2195 2906 2269 igitur
2937 2195 3342 2269 supplicamus
3371 2194 3650 2267 pietatem

1991 2289 2056 2338 ut
2097 2301 2204 2340 nos
2254 2287 2484 2341 offensae
2517 2290 2678 2340 metu
2723 2284 2912 2340 levare
2961 2284 3310 2358 dignemini.
3343 2284 3651 2356 Siquidem

1991 2389 2329 2446 quanquam
2349 2375 2420 2430 ab
2442 2374 2886 2447 obsequendum
2905 2390 3042 2430 cum
3059 2373 3192 2429 aliis
3208 2373 3649 2447 paratissimam

1991 2461 2266 2517 haberem
2299 2462 2680 2530 voluntatem,
2735 2461 3118 2519 imbecillitati
3169 2466 3368 2518 tamen
3415 2461 3650 2518 obviare

1994 2567 2109 2606 non
2146 2551 2330 2624 potui.

2539 2739 2899 2796 EPISTULA
2938 2738 3100 2794 XXV.

2473 2881 2608 2920 ITEM
2647 2882 2720 2919 AD
2761 2881 2920 2927 QUEM
2963 2881 3170 2920 SUPRA.

2064 3041 2233 3097 Omni
2254 3041 2582 3098 reverentiae
2600 3041 2762 3114 apice
2784 3041 3158 3114 suspiciende
3179 3041 3300 3097 viro
3321 3041 3648 3099 clarissimo

1993 3131 2282 3188 Ludovico
2312 3135 2384 3202 (c)
2422 3132 2508 3198 0.,
2544 3131 2808 3188 omnium
2839 3131 3118 3187 abbatum
3152 3131 3397 3187 ultimus
3423 3136 3480 3187 et
3513 3131 3649 3188 uni-

1990 3237 2157 3276 versa
2189 3219 2572 3276 Ferrariensis
2604 3219 2848 3276 coenobii
2882 3222 2982 3276 49
3029 3219 3278 3276 societas
3307 3219 3367 3274 in
3401 3220 3646 3279 Domino

217 3309 481 3366 ministis
500 3309 668 3365 nobis
685 3313 760 3378 (b)
776 3309 1114 3366 Zachariam
1134 3311 1404 3367 abbatem
1428 3312 1534 3367 hoc
1555 3331 1710 3370 anno
1729 3332 1880 3371 com-
1911 3310 1954 3378 C
1994 3310 2264 3367 salutem.

222 3399 501 3467 missum,
536 3400 769 3472 quando
794 3404 849 3454 et
877 3405 1070 3455 vestra
1097 3401 1408 3471 prudentia
1436 3401 1496 3455 in
1523 3407 1752 3458 tantum
1785 3422 1884 3459 no-

218 3489 314 3546 bis
348 3489 489 3544 favit
521 3492 584 3542 ut
615 3504 762 3560 pene
793 3505 907 3543 non
942 3489 1130 3556 nobis,
1157 3490 1257 3544 sed
1289 3489 1422 3545 aliis
1451 3493 1883 3550 commendare-

214 3582 336 3634 tur.
371 3577 535 3632 Nunc
566 3576 720 3632 idem
753 3577 936 3632 abbas
967 3577 1274 3633 dominum
1316 3596 1510 3652 regem
1563 3581 1702 3650 adit,
1739 3582 1876 3654 quid

210 3666 266 3723 ei
285 3665 664 3738 potissimum
683 3665 974 3738 agendum
999 3665 1074 3720 sit
1096 3667 1170 3721 ab
1190 3684 1255 3722 eo
1278 3669 1880 3739 quaesiturusllabeat

211 3755 400 3828 igitur
423 3758 618 3810 vestra
671 3753 922 3826 insignis
971 3754 1264 3811 industria
1309 3757 1614 3814 tenuitatis
1662 3764 1876 3816 nostrae

212 3841 766 3910 considerationem,
819 3846 875 3898 et
904 3842 1178 3916 dignetur
1226 3843 1524 3901 elaborare
1573 3851 1638 3902 ut
1683 3849 1769 3904 vel
1803 3851 1876 3905 ad

208 3933 410 3992 locum
434 3933 585 3990 unde
603 3933 674 3989 ad
698 3949 807 3989 nos
827 3931 984 3987 venit
1004 3932 1091 3988 vel
1114 3934 1185 3989 ad
1210 3933 1389 3990 alium
1416 3935 1733 4008 quemlibet
1748 3939 1873 4010 jam

209 4022 538 4096 dirigatur;
563 4021 725 4094 quia,
759 4025 822 4077 ut
850 4039 973 4077 rem
1002 4021 1168 4077 vobis
1199 4022 1282 4077 uti
1314 4028 1401 4078 est
1434 4024 1775 4096 simpliciter
1798 4029 1874 4083 fa-

207 4115 464 4178 teamur,
490 4128 607 4167 non
639 4111 1014 4166 mediocriter
1045 4127 1152 4166 nos
1183 4117 1430 4183 gravant
1459 4130 1721 4184 expensa:
1746 4133 1871 4188 quae

204 4199 372 4256 illius
401 4199 742 4256 hominibus
765 4199 1130 4256 tribuuntur.
1149 4200 1312 4256 Unde
1336 4218 1439 4273 per
1454 4219 1557 4258 vos
1580 4204 1870 4260 sublevari

206 4289 606 4362 deposcimus,
641 4293 706 4344 ut
739 4289 816 4346 sit
851 4289 1006 4344 unde
1039 4288 1170 4345 aliis
1201 4289 1270 4344 ad
1303 4307 1409 4346 nos
1441 4293 1869 4351 confluentibus

204 4377 520 4450 hospitalis
547 4377 796 4450 gratiam
823 4377 1161 4450 impendere
1190 4377 1511 4436 valeamus.

203 4614 274 4666 ut
303 4610 474 4685 docet
506 4609 630 4681 ipse
659 4608 902 4685 Carolus
923 4609 981 4685 in
1007 4613 1292 4685 praecepto
1320 4613 1577 4685 quodam
1607 4631 1710 4685 pro
1741 4633 1866 4673 mo-

203 4682 462 4764 nasterio
495 4680 677 4764 sancti
709 4680 968 4764 Dionysii
1006 4698 1018 4735 :

200 4753 466 4826 pinquus
501 4756 698 4809 noster
750 4753 1098 4819 Ludovicus,
1132 4754 1314 4808 abbas
1346 4758 1678 4812 monasterii
1711 4753 1862 4841 Ᾱρο-

200 4824 493 4910 stolorum
525 4823 827 4910 principis,
861 4823 1602 4910 excellet:ti‘ssimorumque
1621 4829 1859 4910 “Christi

199 4895 543 4974 martyrum
564 4895 844 4968 Dionysii,
862 4895 1088 4950 Rustici
1112 4900 1182 4974 et
1205 4895 1540 4974 Eleutherii.
1567 4923 1594 4948 »
1619 4901 1863 4974 Propin-

200 4966 386 5044 quum
419 4966 558 5022 item
587 4966 763 5044 suum
794 4971 1127 5044 eum_vocat
1169 4967 1323 5044 idem
1353 4969 1594 5044 Carolus
1625 4971 1683 5026 in
1712 4966 1861 5044 prae-

197 5038 503 5116 cpptopro
535 5038 890 5116 monasterio
923 5038 1675 5116 Cenptulensi,quode_x_stat
1705 5038 1860 5116 apud

195 5109 540 5182 Hariulfum
561 5109 665 5182 lib.
693 5111 754 5164 Iii
775 5110 990 5165 Chron.
1015 5111 1265 5182 Centul.,
1286 5109 1412 5182 cap.
1435 5115 1490 5167 7.
1509 5113 1674 5170 Illius
1703 5109 1858 5172 enim

197 5180 546 5236 monasterii
579 5181 761 5236 abbas
791 5182 964 5236 etiam
995 5181 1104 5236 fuit
1133 5183 1243 5237 iste
1275 5180 1620 5241 Ludovicus.
1657 5187 1860 5244 Fuisse

239 5256 481 5330 peterea
505 5253 769 5322 ejusdem
797 5251 1166 5330 Caroliregis
1190 5254 1606 5330 cancellarium
1629 5257 1861 5330 collegit

196 5269 481 5380 ἔνεισι-θα
505 5269 769 5322 ejusdem
803 5269 988 5308 uarou
1011 5270 1166 5325 regis
1190 5269 1606 5310 canceuarium
1629 5269 1858 5330 collegit

196 5395 219 5400 _
243 5322 551 5400 irmondus
578 5340 672 5400 ea
719 5323 966 5395 epistola
993 5328 1063 5400 27
1111 5325 1259 5400 Lupi
1293 5327 1514 5400 nostri;
1549 5328 1608 5384 in
1640 5346 1756 5400 qua
1787 5332 1858 5386 de

194 5395 491 5470 Ludovico;
515 5393 928 5470 isto__loquens,
963 5395 1043 5470 ait
1075 5414 1087 5451 :
1121 5393 1410 5470 epistolam
1440 5393 1508 5452 ini
1525 5393 1738 5470 palatio
1765 5420 1856 5470 ge-

193 5482 322 5522 rens
342 5466 604 5539 ofﬁcium.
621 5466 969 5522 Nominatur
987 5466 1441 5539 inter—praesides
1471 5466 1698 5526 concilii
1725 5466 1859 5529 Ver-

192 5537 417 5612 mensis.
453 5538 696 5593 Exstant
742 5543 938 5604 autem
985 5537 1363 5612 quamplures
1411 5543 1554 5612 Lupi
1601 5543 1672 5598 ad
1720 5561 1854 5601 eum

192 5609 477 5683 epistolae,
500 5626 626 5683 quae
657 5627 955 5666 summam
987 5609 1117 5681 ejus
1147 5609 1579 5683 dignitatem—et
1609 5617 1858 5672 auctori-

195 5684 377 5735 tatem
409 5681 728 5736 declarant.

264 5754 348 5830 _(a)
380 5751 509 5830 0dr).
528 5751 1172 5830 Abbaslr‘errariensis,
1209 5756 1272 5808 ut
1305 5753 1560 5830 diximus
1591 5758 1660 5812 ad
1697 5759 1851 5830 epis-

193 5821 379 5910 tolam
407 5824 498 5880 21.
528 5824 672 5910 Ejps
701 5823 877 5910 etiam
911 5827 1048 5882 sunt
1079 5828 1199 5907 tres
1229 5824 1484 5910 epistolae
1515 5821 1848 5910 sequentes.

193 5893 268 5950 Ut
291 5895 512 5953 mirum
529 5893 701 5952 valde
717 5895 799 5952 sit
817 5896 874 5952 id
893 5912 1009 5953 non
1029 5893 1500 5956 animadversum
1518 5917 1551 5956 ει
1569 5893 1708 5960 viris
1719 5919 1852 5960 ocu-

2061 3401 2187 3456 Non
2211 3418 2418 3456 sumus
2442 3399 2620 3456 nescii
2645 3397 2962 3454 multarum
2988 3396 3494 3470 maximarumun
3515 3415 3648 3454 cau-

1990 3507 2191 3545 sarum
2223 3490 2482 3562 undique
2513 3487 2933 3544 conﬂuentium
2965 3504 3066 3542 vos
3089 3486 3343 3542 molibus
3369 3485 3642 3559 opprimi,

1988 3579 2189 3651 eisque
2220 3577 2637 3651 componendis
2667 3577 2760 3632 vix
2791 3582 3054 3649 tempora
3075 3577 3203 3648 ipsa
3227 3575 3514 3632 sufﬁcere.
3534 3575 3645 3632 Sed

1985 3673 2188 3724 vestrae
2219 3667 2416 3739 pietati
2473 3684 2538 3722 eo
2587 3683 2774 3738 usque
2824 3665 3178 3721 confidimus
3229 3669 3294 3719 ut
3339 3663 3496 3736 apud
3544 3681 3646 3720 vos

1987 3757 2202 3813 nostris
2231 3757 2406 3812 rebus
2455 3757 2648 3813 locum
2682 3772 2914 3828 semper
2945 3759 3139 3828 patere
3170 3755 3498 3812 credamus.
3532 3754 3647 3812 Ex-

1984 3845 2186 3918 plicari
2219 3850 2414 3902 autem
2446 3845 2538 3900 vix
2568 3847 2760 3917 potest
2787 3861 2968 3916 quam
3001 3843 3189 3900 simus
3220 3843 3408 3916 parati
3435 3848 3641 3900 vestrae

1981 3935 2287 4002 voluntati,
2315 3935 2361 3990 si
2393 3934 2533 4006 quid
2558 3934 2765 4005 jubere
2797 3932 3140 4006 dignemini,
3168 3932 3570 4005 obtemperare
3585 3937 3647 3989 et

1983 4024 2288 4098 condignis
2315 4022 2713 4079 excellentiam
2745 4027 3000 4078 vestram
3024 4022 3322 4093 obsequiis
3342 4021 3640 4094 prosequi.

1980 4113 2241 4182 Interim,
2294 4113 2446 4185 quod
2491 4111 2774 4179 valemus,
2825 4110 3238 4167 devotissimas
3283 4127 3483 4182 preces
3530 4109 3642 4167 Do-

1980 4204 2141 4259 mino
2159 4208 2273 4257 Deo
2292 4206 2493 4257 nostro
2513 4219 2614 4273 pro
2631 4205 2825 4256 vestra
2836 4199 3026 4256 salute
3042 4203 3216 4270 atque
3233 4199 3640 4271 prosperitate,

1979 4309 2157 4365 quam
2189 4296 2244 4347 et
2275 4295 2534 4347 nostram
2585 4289 2881 4356 ducimus,
2917 4287 3316 4344 indesinenter
3358 4288 3640 4360 dependi-

1973 4381 2253 4438 ‘mus.Vos
2277 4384 2472 4437 autem
2497 4378 2738 4451 accipite
2756 4377 2962 4432 iterum
2989 4374 3330 4450 petitionem
3353 4381 3637 4470 nostram,

1976 4611 2225 4669 tissimis
2257 4605 2862 4679 Sammarthanis,qui
2895 4623 3108 4663 nomen
3133 4603 3291 4679 illius
3314 4605 3640 4679 praetermi-

1054 4705 1081 4730 «
1256 4677 1700 4742 venerabilis-ac
1731 4705 1864 4758 pro-
1896 4681 1946 4748 D
1976 4690 2181 4742 serunt
2214 4685 2275 4758 in
2303 4681 2566 4758 catalogo
2599 4677 3392 4758 abbatumhFerrariensium.

2045 4758 2115 4828 (b)
2147 4755 2309 4828 Ziicli.
2334 4755 2460 4808 abb.
2485 4749 2853 4828 commissum.
2875 4749 3231 4828 Solemneid
3261 4749 3632 4828 vocabulum,

1971 4821 2423 4902 quotiesdicere
2451 4824 2725 4902 volebant
2749 4823 2956 4902 datum
2986 4821 3630 4902 alicui__monasterium

1975 4893 2009 4954 εἰ
2039 4898 2320 4971 principe,
2357 4903 2419 4951 ut
2450 4895 2568 4951 illic
2599 4895 2781 4971 abbas
2812 4894 3420 4971 esset,_ceu_dicemus
3444 4893 3630 4971 infra.

1973 4963 2085 5028 Sed
2117 4963 2380 5026 hoc-loco
2414 4985 2529 5024 non
2563 4967 2848 5038 accipitur
2877 4983 2944 5021 ea
2965 4963 3410 5038 significatione.
3426 4963 3634 5038 Agitur

1972 5044 2131 5098 enim
2159 5043 2228 5096 de
2259 5041 2473 5117 abbate
2513 5035 2792 5117 quodam._
2819 5035 3048 5093 exsule'
3065 5053 3131 5117 ac
3166 5035 3502 5117 peregrino,
3536 5035 3631 5116 cui

1972 5131 2105 5170 cum
2140 5112 2338 5168 omnia
2368 5109 2701 5175 deﬁcerent,
2721 5109 2897 5164 etiam
2920 5125 3046 5179 quae
3070 5109 3247 5161 victui
3279 5109 3626 5173 necessaria,

1971 5203 2005 5241 a
2033 5184 2235 5240 Carolo
2268 5199 2399 5254 rege
2432 5182 2650 5254 missus
2683 5186 2772 5235 est
2804 5178 3132 5254 Ferrarias;
3157 5179 3630 5254 praaoeptumque

1969 5262 2058 5312 est
2111 5255 2296 5310 Odoni
2332 5248 2544 5309 "abbati
2578 5256 2634 5307 et
2666 5250 2969 5306 monachis
3002 5248 3163 5302 illius
3193 5249 3532 5303 monasterii
3567 5253 3630 5304 ut

1967 5345 2100 5384 eum
2135 5327 2438 5397 sociosque
2456 5326 2584 5395 ejus
2606 5319 3368 5397 alerent._1taque_quoniam
3398 5336 3628 5375 monas-

1968 5400 2183 5455 terium
2215 5391 2582 5454 Ferrariense
2611 5393 2660 5449 ei
2693 5392 2853 5448 oneri
2887 5391 3123 5448 ferendo
3169 5408 3275 5462 par
3314 5407 3429 5446 non
3480 5397 3623 5457 erat,

1967 5487 2066 5527 eos
2098 5470 2210 5524 alio
2243 5468 2394 5524 mitti
2427 5471 2613 5524 orant.

2037 5546 2106 5609 (c)
2142 5541 2202 5595 0.
2236 5541 2296 5595 Id
2328 5543 2421 5612 est
2446 5539 2586 5612 Odo,
2617 5535 2773 5612 idem
2820 5533 2920 5606 qui
2973 5533 3050 5612 in
3085 5532 3315 5612 duabus
3343 5531 3624 5612 epistolis

1965 5603 2387 5685 superioribus.
2409 5611 2470 5664 In
2492 5603 2966 5685 editioneiafnen
2996 5603 3251 5660 Massoni
3278 5603 3505 5685 Odonis.
3523 5621 3623 5658 no-

1965 5677 2098 5740 men
2127 5683 2413 5739 omissum
2465 5686 2554 5736 est
2597 5679 2704 5734 hoc
2754 5677 2878 5733 loco
2905 5695 2917 5746 ;
2945 5693 3054 5748 pro
3098 5691 3283 5748 eoque
3334 5677 3622 5748 scriptum

1965 5703 2098 5740 men
2127 5700 2413 5739 OIlllSSllm
2465 5694 2554 5736 est
2598 5694 2704 5734 noc
2756 5694 2917 5746 ioco;
2995 5694 3054 5731 ro
3098 5694 3283 5746 eoque
3334 5694 3622 5748 SCI‘lpLuul

1961 5756 2104 5828 Lupi
2161 5770 2372 5809 nomen
2423 5752 2532 5807 hoc
2593 5751 2764 5806 modo
2799 5766 2812 5805 :
2852 5694 3110 5804 Luzgvico
3144 5747 3342 5820 Lupus,
3377 5748 3622 5804 omnium

1960 5829 2236 5893 abbatum,
2266 5831 2372 5881 etc.
