4114 6448
247 409 366 471 493

1750 405 2181 469 EPISTOL/E.

3550 415 3669 475 494

243 541 310 597 in
339 540 540 607 altero,
572 539 840 596 videatur
867 538 927 593 in
959 537 1175 612 seipso,
1212 537 1551 593 videaturin
1587 537 1728 593 ccclo
1760 555 1904 594 novo
1932 539 1987 608 Α
2018 544 2203 597 catur.
2238 541 2708 599 Prmmonstratis
2723 541 3365 616 verbissuperquorum
3379 544 3671 602 sententia

247 634 307 686 et
334 635 494 686 terra
522 646 671 685 nova
702 633 878 700 atque
911 628 969 683 in
1004 626 1163 682 omni
1196 644 1321 699 quas
1352 631 1493 682 tunc
1526 626 1699 682 fuerit
1738 644 1903 682 crea-

244 724 383 775 tura
413 720 510 791 [de
557 720 739 776 Civit.
776 719 902 788 Dei,
937 716 1041 771 lib.
1075 733 1211 783 xxn,
1246 732 1372 788 cap.
1405 717 1514 784 29).
1550 738 1577 765 »
1612 717 1902 772 Hactenus

244 808 348 879 qui
408 808 530 863 haec
596 807 774 862 verba
835 803 1212 862 obscuritatis
1268 805 1499 876 pariant
1547 821 1663 859 non
1712 804 1898 859 video.

241 896 471 970 Quippe
504 895 871 952 clarissimus
904 893 1284 965 auctor,quia
1304 891 1512 948 divinae
1544 892 1901 948 ructoritatis

242 984 824 1055 observantissimus,
859 982 1359 1056 quemadmodum
1384 981 1463 1037 sit
1494 982 1727 1036 futurus
1745 981 1899 1038 Deus

240 1073 446 1130 omnia
473 1074 531 1129 in
563 1073 839 1129 omnibus
869 1071 1167 1144 copiosius
1196 1069 1449 1142 explicat
1474 1089 1486 1138 ;
1510 1070 1897 1141 scilicetquod

240 1162 445 1219 electis
475 1162 672 1218 divina
701 1161 891 1235 gratia
920 1161 993 1216 ad
1021 1160 1344 1232 angelicam
1370 1159 1651 1232 provectis
1666 1158 1899 1230 aequali-

239 1257 445 1320 tatem,
475 1256 699 1308 remoto
732 1252 994 1325 pristina
1026 1251 1369 1324 ignorantiae
1421 1249 1641 1317 nubilo,
1678 1250 1777 1306 59
1813 1265 1900 1306 se-

239 1343 563 1414 metipsum
595 1340 763 1414 plene
794 1340 1231 1405 manifestet,ac
1254 1357 1363 1395 sua
1384 1338 1897 1395 ineffabilivisione

238 1430 301 1487 in
342 1434 695 1504 perpetuum
744 1429 1058 1500 beatificet,
1088 1433 1371 1501 tantaque
1409 1445 1528 1483 suae
1577 1427 1897 1500 praesentiae

237 1520 495 1576 laetiﬁcet
525 1517 815 1575 evidentia
844 1523 911 1574 ut
940 1518 1409 1589 uniuscujusque
1440 1516 1682 1589 spiritus
1722 1517 1896 1572 dubi—

235 1615 363 1666 tare
393 1626 509 1665 non
542 1608 731 1681 possit
756 1606 899 1679 quin
931 1606 1103 1663 nobis
1125 1611 1182 1661 et
1204 1605 1447 1678 reliquis
1470 1605 1688 1661 sanctis
1706 1605 1895 1661 omni-

234 1699 352 1755 bus
380 1697 523 1754 insit
550 1697 706 1753 Deus
742 1700 925 1769 atque
947 1694 1372 1751 cuilibetalicui
1393 1697 1703 1762 creaturzn;
1729 1694 1811 1748 ita
1831 1698 1897 1749 ut

236 1786 649 1844 rationabilem
681 1784 1091 1841 tantummodo
1123 1785 1215 1840 sui
1243 1783 1453 1839 notitia
1485 1782 1787 1855 gloriﬁcet,
1817 1782 1895 1838 ir-

235 1874 651 1934 rationabilem
682 1891 839 1941 vero,
866 1873 976 1930 hoc
1007 1878 1116 1941 est,
1150 1878 1367 1928 terram
1399 1876 1457 1928 et
1482 1871 1715 1939 coelum,
1750 1889 1894 1944 prae-

235 1983 375 2022 sens
404 1964 627 2038 ubique
657 1966 817 2020 totus
835 1963 1219 2037 gubernando
1237 1962 1554 2017 contineat.
1573 1968 1653 2015 Ac
1670 1978 1773 2032 per
1786 1960 1893 2016 hoc

236 2053 575 2113 rationabili
610 2052 800 2109 aderit
828 2069 931 2124 per
963 2051 1228 2107 notitiam
1262 2055 1319 2106 et
1350 2049 1895 2123 prazsentiam,irra-

236 2142 501 2200 tionabili
529 2158 634 2215 per
663 2140 851 2198 solam
885 2140 1255 2214 praesentiam
1292 2156 1304 2194 :
1340 2157 1468 2212 quae
1498 2143 1694 2195 tamen
1725 2138 1895 2211 longe

236 2232 615 2307 praestantius
646 2247 824 2303 quam
858 2247 1013 2285 nunc
1044 2230 1115 2285 ad
1131 2229 1447 2284 electorum
1474 2230 1768 2283 notionem
1795 2229 1893 2283 de-

237 2324 433 2389 ducta,
454 2325 519 2377 ut
535 2324 920 2393 augmentum
955 2318 1329 2386 scientiae,ita
1357 2318 1533 2373 etiam
1563 2316 1895 2372 incremen-

233 2415 361 2467 tum
384 2409 681 2467 felicitatis
724 2410 953 2465 factura
980 2411 1090 2464 est.
1124 2407 1270 2463 Nam
1303 2412 1361 2463 et
1396 2423 1554 2462 nunc
1584 2405 1896 2477 prmsentia

235 2517 348 2556 sua
377 2499 526 2572 regit
554 2497 765 2554 ccelum
796 2502 853 2552 et
882 2501 1122 2561 terram,
1147 2495 1317 2566 cujus
1348 2493 1600 2549 veridica
1626 2510 1734 2548 vox
1763 2496 1853 2548 est
1878 2509 1890 2547 :

237 2590 464 2648 Catum
511 2594 565 2644 et
612 2593 840 2643 terram
879 2602 988 2659 ego
1028 2583 1249 2653 impleo
1280 2586 1431 2650 (Jer.
1459 2582 1643 2653 XXIII).
1679 2581 1792 2637 Sed
1823 2580 1895 2636 ad

236 2677 864 2752 comprehendendum
922 2674 1419 2747 quemadmoqum
1454 2676 1613 2727 totus
1641 2670 1701 2726 in
1733 2670 1892 2739 cmlo,

235 2773 400 2825 totus
450 2767 511 2822 in
561 2771 718 2822 terra
777 2765 876 2832 sit,
930 2763 1083 2819 acies
1135 2762 1350 2817 mentis
1400 2766 1610 2816 nostra;
1661 2760 1892 2832 caligat,

238 2855 503 2931 quandiu
533 2870 744 2927 corpus
754 2854 910 2927 quod
922 2853 1248 2923 corrumpit
1257 2870 1287 2905 ιι
1296 2859 1621 2923 raggruvat
1635 2852 1897 2905 animam

235 2951 404 3020 (θαι).
437 2949 535 3014 ιχ),
568 2961 640 3000 ne
671 2948 893 2998 naturae
927 2960 1045 2997 suae
1077 2941 1193 2995 vim
1223 2940 1395 2995 licere
1425 2943 1596 3011 queat
1644 2956 1893 2994 exerere.

240 3035 407 3102 Quod
438 3050 572 3090 cum
603 3033 785 3089 totius
818 3029 1211 3104 corruptionis
1238 3046 1353 3084 non
1386 3027 1657 3083 molestia
1700 3028 1895 3099 modo,

236 3139 444 3179 verum
477 3122 654 3177 etiam
686 3119 1024 3193 suspicione
1038 3118 1210 3173 fuerit
1229 3117 1562 3182 liberatum,
1577 3115 1901 3189 gloriﬁcata

241 3213 545 3280 duntaxat,
580 3227 696 3266 non
728 3212 957 3265 mutata
988 3210 1424 3279 natura(neque
1445 3206 1602 3261 enim
1634 3205 1771 3260 hinc
1792 3222 1898 3261 nos

2015 647 2129 685 non
2163 634 2228 684 ut
2255 631 2576 696 voluimus,
2608 633 2707 687 sed
2742 635 2808 686 ut
2836 630 3132 687 valuimus
3161 635 3278 700 (res
3308 633 3462 688 enim
3485 650 3667 705 quam

2013 718 2344 791 significant
2392 720 3006 793 incomprehensibilis
3052 725 3185 789 est),
3218 721 3443 777 diutule
3485 721 3663 777 locuti

2011 824 2239 875 sumus,
2286 808 2441 863 idem
2484 808 2773 865 mirabilis
2823 814 3030 864 auctor
3088 810 3340 881 subjecit
3393 813 3658 884 (August.

2010 896 2144 951 ibid.
2171 897 2187 968 )
2222 914 2235 952 :
2272 919 2299 947 ‹‹
2331 897 2399 951 Et
2422 914 2523 969 per
2552 914 2797 970 corpora
2825 896 2885 952 in
2916 899 3077 953 omni
3108 915 3370 971 corpore,
3403 916 3663 971 quocun-

2010 1002 2122 1057 que
2152 985 2367 1067 fuerint
2397 986 2676 1058 spiritalis
2700 986 2958 1059 eorporis
2979 987 3132 1043 oculi
3149 987 3271 1043 acie
3287 987 3660 1060 perveniente

2008 1075 2229 1129 directi.
2266 1096 2295 1124 ››
2328 1075 2431 1130 Hic
2453 1074 2540 1130 vel
2569 1092 2778 1147 parum
2811 1075 3075 1132 saeculari
3104 1075 3434 1132 litteratura
3461 1077 3656 1134 imbu-

2005 1168 2104 1219 tus
2132 1180 2302 1220 nemo
2333 1164 2565 1220 dubitat
2595 1182 2628 1220 a
2659 1165 2955 1220 communi
2988 1165 3488 1234 subaudiendum,
3522 1171 3658 1225 etut

2003 1253 2271 1308 videatur
2300 1252 2509 1324 spiritu
2531 1270 2633 1325 per
2663 1270 2905 1325 corpora
2934 1254 2992 1309 in
3023 1254 3183 1310 omni
3223 1271 3482 1329 corpore.
3517 1256 3653 1330 Opi-

2006 1342 2242 1398 nionem
2267 1343 2422 1397 enim
2454 1340 2638 1411 illam,
2653 1346 2719 1397 ut
2736 1341 2918 1397 videri
2940 1343 3125 1415 possit
3136 1344 3292 1400 Deus
3315 1344 3652 1402 carnalibus

2005 1430 2341 1498 oculis,nisi
2376 1430 2599 1502 aliquid
2633 1431 2846 1486 mentis
2877 1431 3395 1505 obtinuerint,ipse
3411 1434 3654 1491 manife-

2005 1520 2266 1576 stissime
2292 1524 2567 1575 removet.
2601 1519 2748 1587 Quid
2779 1537 2913 1576 vero
2936 1519 2995 1576 in
3025 1536 3090 1576 eo
3112 1520 3359 1578 voluerit
3402 1522 3651 1597 intelligi

2005 1609 2160 1681 quod
2193 1608 2412 1678 ait,per
2439 1625 2680 1677 corpora
2709 1610 2773 1664 in.
2792 1610 2954 1665 omni
2973 1626 3233 1682 corpore,
3248 1611 3652 1684 scrupulosius

2006 1696 2186 1769 quaeri
2217 1703 2435 1771 posset,
2470 1697 2585 1752 nisi
2622 1698 2890 1754 eamdem
2923 1714 3066 1765 rem,
3096 1699 3359 1757 adhibita
3396 1702 3653 1773 quadam

2004 1785 2410 1855 similitudine,
2430 1786 2881 1859 praestruxisset.
2898 1787 3155 1859 Denique
3167 1787 3654 1863 praemisit(Aug.,

2004 1876 2078 1931 de
2114 1876 2284 1931 Civit.
2318 1877 2451 1943 Dei,
2486 1875 2587 1931 lib.
2620 1894 2760 1943 xxn,
2796 1892 2923 1949 cap.
2956 1876 3047 1949 29)
3078 1893 3090 1931 :
3126 1899 3155 1927 ‹‹
3187 1876 3382 1933 Vitam
3412 1878 3652 1951 quidem

2005 1981 2174 2020 suam
2194 1964 2415 2033 »(haud
2444 1966 2539 2020 6|
2578 1965 2829 2020 dubium
2862 1964 3005 2037 quin
3037 1964 3305 2038 spiritus)
3319 1990 3347 2016 «
3366 1983 3654 2039 quanunc

2001 2053 2141 2109 vivit
2188 2053 2248 2108 in
2300 2069 2558 2126 corpore,
2592 2057 2650 2109 et
2698 2054 2819 2109 haec
2850 2058 3079 2111 terrena
3110 2056 3376 2112 membra
3402 2060 3650 2129 vegetat,

2005 2142 2260 2214 facitque
2288 2142 2558 2211 viventia,
2589 2141 2862 2198 interiore
2882 2158 3060 2198 sensu
3086 2142 3336 2215 quisque
3384 2161 3499 2201 non
3549 2161 3655 2218 per

2004 2247 2313 2303 corporeos
2340 2230 2540 2287 oculos
2570 2230 3020 2287 novit.Aliorum
3042 2248 3177 2288 vero
3197 2232 3366 2301 vitas,
3383 2249 3517 2289 cum
3532 2234 3654 2291 sint

2005 2319 2351 2387 invisibiles,
2384 2336 2487 2391 per
2535 2336 2748 2392 corpus
2790 2318 2967 2376 videt.
3003 2320 3149 2376 Nam
3200 2322 3355 2377 unde
3397 2322 3655 2380 viventia

2004 2407 2399 2465 discernimus
2432 2425 2466 2464 a
2495 2425 2612 2463 non
2634 2407 2963 2465 viventibus
2992 2424 3254 2481 corpora,
3270 2410 3386 2467 nisi
3408 2427 3655 2485 corpora

2007 2498 2187 2554 simul
2215 2498 2485 2569 vitasque
2513 2496 2838 2564 videamus,
2866 2514 3013 2569 quas
3043 2496 3158 2554 nisi
3187 2515 3292 2571 per
3329 2515 3541 2573 corpus
3568 2501 3654 2556 vi-

2005 2588 2139 2643 dere
2171 2603 2286 2642 non
2317 2586 2720 2659 possumus?»
2735 2585 3036 2657 Siquidem
3067 2586 3176 2642 hac
3202 2587 3332 2659 ejus
3360 2589 3659 2646 tamlucu-

2005 2676 2163 2731 lenta
2194 2673 2483 2731 sententia
2512 2673 2811 2747 colligitur
2832 2675 3113 2747 quodper
3138 2677 3534 2747 corpora,hoc
3546 2682 3656 2745 est,

2006 2782 2109 2838 per
2154 2763 2413 2836 corporis
2452 2762 2673 2833 oculos,
2710 2765 2773 2818 in
2820 2766 2984 2819 omni
3011 2780 3278 2835 corpore,
3311 2768 3466 2838 quod
3501 2768 3659 2822 idem

2006 2853 2413 2926 conspexerint
2443 2852 2619 2916 oculi,
2653 2852 2940 2909 videndus
2971 2852 3047 2909 sit
3072 2853 3246 2921 Deus,
3278 2871 3395 2910 non
3448 2855 3506 2910 in
3551 2873 3661 2912 sua

2006 2944 2523 3015 substantia,quod
2545 2942 2913 3015 privilegium
2948 2943 3180 3016 spiritui
3202 2947 3656 3013 reservatur,sed

2007 3036 2065 3089 in
2098 3031 2537 3089 evidentissima
2565 3032 3007 3104 gubernationis
3024 3034 3468 3105 prmsentia.Sic
3498 3036 3657 3092 enim

2007 3140 2141 3179 cum
2171 3139 2274 3195 per
2303 3138 2515 3177 sensus
2544 3137 2851 3192 corporeos
2881 3120 3031 3178 vitas
3061 3122 3312 3179 aliorum
3333 3123 3395 3179 in
3416 3140 3657 3197 corpore

2007 3212 2327 3280 intuemur,
2355 3228 2469 3267 non
2501 3209 2651 3266 vitas
2685 3209 3008 3267 invisibiles
3047 3211 3400 3284 aspicimus;
3426 3214 3526 3270 sed
3557 3230 3655 3270 eas

241 3317 438 3359 errare
482 3277 754 3373 permisit
799 3298 900 3371 qui
955 3297 1036 3353 ait
1070 3314 1083 3352 :
1118 3277 1390 3369 Palpate,
1421 3304 1477 3350 et
1515 3295 1711 3350 videte
1755 3296 1899 3367 quia
1926 3277 1969 3342 C
2010 3307 2206 3358 tamen
2238 3277 2431 3356 inesse
2473 3299 2879 3355 vivificationis
2921 3277 3186 3372 potentia
3221 3277 3492 3358 dubitare
3541 3319 3657 3359 non

240 3391 487 3464 spiritus
514 3405 755 3446 carnem
786 3393 840 3444 et
870 3403 1006 3444 orsa
1036 3404 1152 3443 non
1184 3386 1548 3456 habet,sicut
1579 3401 1669 3440 me
1688 3385 1901 3440 videtis

245 3482 459 3537 habere
508 3479 664 3550 [l.uc.
713 3476 913 3548 xxrv]),
960 3479 1304 3547 tantamque
1343 3491 1474 3530 cum
1525 3473 1754 3546 spiritu,
1805 3475 1901 3528 cui

200 3616 205 3619 .
244 3585 405 3626 nunc
463 3571 770 3642 repugnat,
814 3563 1089 3621 habuerit
1145 3563 1515 3619 concordiam
1565 3566 1623 3618 et
1670 3578 1803 3617 cum
1835 3577 1901 3617 eo

244 3658 523 3731 deinceps
552 3674 658 3713 nec
685 3655 826 3712 velit
856 3670 1095 3728 peccare
1120 3670 1224 3709 nec
1245 3653 1453 3725 possit,
1476 3652 1632 3707 idem
1661 3650 1903 3723 spiritus

246 3750 366 3806 Deo
398 3765 504 3804 suo
536 3751 677 3803 tunc
704 3760 838 3801 vere
868 3743 1229 3811 inhaerendo,
1260 3759 1444 3798 unum
1478 3759 1614 3797 cum
1661 3758 1727 3797 eo
1768 3740 1904 3796 eﬁ'e-

247 3844 343 3895 ctu
353 3854 399 3906 s,
416 3835 633 3893 intueri
655 3833 976 3890 merebitur
988 3832 1377 3888 habitatorem
1391 3830 1482 3885 sui
1500 3830 1906 3901 similiumque

249 3931 677 3993 creaturarum,
729 3926 1072 3979 caeterarum
1123 3937 1256 3976 vero
1306 3924 1611 3975 rectorem.
1648 3920 1774 3975 Haec
1820 3922 1908 3975 est

246 4017 418 4086 visio,
445 4017 505 4072 in
538 4032 656 4089 qua
684 4013 909 4071 scilicet
939 4010 1234 4068 constabit
1262 4014 1319 4066 et
1350 4008 1821 4066 securafecilitas
1850 4012 1908 4065 et

251 4098 389 4165 felix
443 4105 748 4173 securitas,
794 4102 889 4160 cui
945 4101 1206 4157 videndae
1246 4098 1447 4156 oculos
1478 4117 1592 4156 non
1625 4100 1905 4172 corporis,

253 4196 356 4254 sed
405 4194 619 4260 cordis,
659 4192 770 4249 hoc
814 4195 902 4248 est
943 4188 1181 4257 mentis,
1217 4190 1319 4244 ϐυ
1371 4187 1648 4244 mundari
1695 4188 1910 4244 veritas

253 4285 517 4360 praecipit
548 4300 562 4340 :
590 4282 780 4354 Beati,
814 4279 1029 4353 inquit,
1050 4278 1263 4334 mundo
1293 4278 1912 4351 corde,quoniamipsi

256 4382 445 4434 Deum
475 4373 748 4431 videbunt
779 4369 1000 4444 (Matth.
1024 4369 1101 4441 v).
1133 4367 1482 4439 Hujusmodi
1511 4383 1644 4423 vero
1668 4367 1912 4423 munda-

256 4466 482 4522 tioncm
515 4463 660 4519 ﬁdes
688 4460 786 4517 hie
813 4458 1068 4527 inchoat,
1086 4456 1204 4512 illic
1226 4456 1483 4512 cbaritas
1514 4460 1911 4513 consummat.

254 4556 406 4613 Nam
453 4569 569 4626 quo
585 4560 774 4623 usque
803 4548 1047 4605 aflectus
1078 4551 1278 4603 noster
1314 4545 1505 4601 dicere
1526 4546 1641 4602 Deo
1689 4545 1911 4619 possit:

2007 3406 2346 3464 possumus,
2381 3389 2495 3443 Nec
2529 3387 2907 3444 sustinebunt
2935 3388 3261 3460 quidquam
3292 3390 3663 3448 contumelia

2009 3476 2182 3546 oculi,
2216 3476 2264 3531 si
2296 3475 2508 3549 spiritu
2543 3477 2723 3531 Deum
2754 3474 2976 3547 ubique
3007 3479 3355 3548 praesentem
3398 3493 3661 3550 compre-

2011 3567 2320 3633 hendente,
2346 3564 2429 3619 illi
2455 3582 2591 3621 eum
2622 3564 3034 3622 tantummodo
3061 3564 3121 3619 in
3151 3564 3528 3637 corporibun,
3546 3582 3663 3639 quo

2011 3654 2327 3713 direxerint
2357 3655 2562 3725 aciem,
2584 3654 3083 3727 quemadmodum
3116 3654 3390 3726 superius
3414 3653 3665 3723 ostendi,

2012 3742 2507 3819 poteruntintueri
2527 3743 2708 3811 ;sicut
2724 3759 2914 3814 neque
2939 3759 3096 3799 nunc
3110 3743 3416 3816 patiuntur
3445 3743 3669 3817 aliquid

2011 3832 2370 3906 ignominiaa,
2384 3849 2518 3887 cum
2542 3848 2720 3888 sensu
2744 3830 2978 3887 aurium
2996 3831 3411 3888 dulcissimum
3426 3830 3672 3905 quemli-

2012 3922 2110 3977 bet
2138 3937 2350 3977 sonum
2378 3920 2661 3993 capiente,
2683 3920 2795 3993 ipsi
2827 3920 2983 3977 intra
3009 3924 3196 3978 metas
3229 3921 3449 3995 proprii
3467 3937 3673 3977 mune-

2015 4011 2097 4068 ris
2139 4010 2504 4067 cohibentur.
2547 4009 2653 4066 Hic
2696 4027 2730 4065 a
2779 4026 2871 4065 me
2923 4014 3288 4068 monstratus
3334 4008 3669 4067 intellectus

2016 4099 2257 4173 capituli
2287 4100 2563 4156 omnibus
2593 4104 2650 4155 te
2680 4116 2829 4172 quas
2862 4099 3221 4171 proposuisti
3271 4099 3668 4172 quaestionum

2017 4189 2309 4263 angustiis
2348 4188 2659 4255 liberabit;
2693 4188 2847 4243 inter
2894 4204 3021 4260 quae
3076 4187 3252 4243 etiam
3300 4186 3487 4243 oeulis
3520 4186 3669 4243 nihil

2019 4277 2211 4336 simile
2250 4277 2465 4333 mentis
2505 4276 2862 4332 habentibus
2903 4276 2963 4330 in
3013 4275 3218 4347 quovis
3269 4291 3529 4348 corpore,
3561 4291 3669 4332 nec

2020 4368 2272 4441 proprie,
2306 4383 2411 4421 nec
2443 4366 2711 4438 figurate,
2730 4369 2913 4421 Deum
2928 4364 3048 4420 fore
3070 4363 3453 4438 consplcuum
3482 4364 3670 4421 decla-

2021 4457 2194 4513 rabit.
2222 4456 2487 4527 Namque
2517 4453 2933 4526 proprietatem
2966 4454 3095 4524 ejus
3128 4453 3461 4527 cognitione
3503 4452 3673 4528 spiri-

2019 4550 2118 4602 tus
2140 4544 2254 4601 sibi
2286 4543 2541 4616 dignitas
2563 4542 2904 4599 vindicabit.
2939 4542 3103 4606 Quod
3131 4546 3330 4599 autem
3382 4546 3505 4600 tam
3555 4541 3675 4600 evi-

256 4645 418 4717 Quid
432 4644 581 4699 mihi
596 4641 750 4698 estin
769 4636 1279 4710 caelo,etalequid
1297 4637 1458 4692 votui
1473 4652 1647 4708 super
1661 4638 1919 4692 terram?
1947 4654 1994 4720 Β
2024 4636 2227 4692 denter
2257 4636 2559 4689 creaturas
2590 4648 2729 4687 suas
2761 4630 2958 4720 divina
2987 4635 3149 4706 reget
3196 4632 3478 4705 majestas
3509 4636 3575 4688 ut
3604 4647 3678 4687 ne

258 4735 435 4807 (Psal.
471 4730 668 4805 πλείη.)
699 4729 809 4785 hoc
841 4731 950 4794 est,
987 4724 1249 4800 quandiu
1288 4725 1347 4779 in
1382 4723 1633 4781 caelestis
1665 4723 1918 4796 alicujus

257 4828 542 4881 creaturae
576 4819 841 4895 potentia
869 4816 959 4873 vel
1000 4814 1350 4872 excellentia
1383 4814 1695 4869 mundanae
1715 4813 1914 4871 illece-

260 4915 386 4982 bra,
416 4917 474 4969 et
526 4927 642 4968 non
691 4910 752 4965 in
801 4909 939 4974 Deo,
973 4923 1007 4962 a
1036 4922 1151 4978 quo
1203 4920 1413 4959 sumus
1463 4903 1704 4972 conditi,
1751 4920 1917 4975 spem

261 5007 475 5060 nostris
504 4997 888 5057 beatitudinis
920 4994 1284 5069 reponimus,
1316 5009 1588 5066 grassum
1614 4992 1923 5064 glaucoma

262 5092 481 5149 nostris
510 5090 839 5147 obductum
874 5083 1066 5143 oculis
1089 5084 1600 5157 patimur.Atcum
1614 5080 1926 5139 salubriter

263 5200 331 5240 ea
383 5181 623 5238 sordere
676 5176 958 5251 coeperint
1004 5192 1131 5248 quae
1164 5172 1327 5247 prius
1361 5173 1626 5227 animum
1658 5176 1925 5228 nostrum

263 5270 589 5345 perniciose
625 5272 729 5324 aut
767 5265 1087 5323 eludebant
1137 5262 1481 5335 opinionum
1534 5260 1789 5317 falsitate
1828 5266 1930 5317 aut

263 5360 637 5417 oblectabant
657 5355 850 5414 fallaci
873 5355 1162 5412 suavitate
1183 5351 1467 5426 paulatim
1493 5350 1593 5407 Dei
1618 5350 1928 5407 clementia

263 5450 574 5508 fatiscente
621 5447 892 5521 caligine,
943 5447 1141 5501 noster
1185 5442 1348 5499 visus
1404 5445 1809 5513 recuperatur,
1859 5459 1926 5498 ac

264 5542 595 5599 divinorum
625 5540 1046 5611 praeceptorum
1075 5534 1134 5589 in
1166 5533 1292 5589 dies
1323 5531 1627 5589 exacuitur
1666 5530 1922 5601 collyrio,

264 5633 449 5688 donec
482 5627 748 5702 deposita
778 5622 1154 5683 mortalitatis
1197 5620 1450 5689 sarcina,
1487 5621 1558 5675 ad
1607 5619 1923 5677 videndum

264 5738 422 5797 eum,
442 5719 503 5779 in
528 5733 704 5798 quem
734 5719 857 5776 tota
885 5715 1079 5774 fuerat
1109 5709 1395 5772 translata
1424 5709 1922 5788 intentio,perdu-

2028 4724 2227 4782 oculos
2259 4722 2496 4796 quidem
2519 4738 2826 4793 corporeos
2847 4719 3028 4778 latere
3050 4721 3255 4794 possit,
3279 4721 3427 4778 nihil
3449 4726 3679 4795 praeter-

2024 4830 2199 4888 quam
2234 4812 2391 4886 quod
2421 4812 2644 4884 geritur
2674 4810 3006 4884 signiﬁcare
3019 4812 3120 4868 62
3135 4812 3328 4869 omnis
3356 4810 3457 4883 qui
3487 4810 3679 4867 sobrie

2027 4904 2181 4976 sapit
2209 4901 2375 4958 facile
2402 4899 2664 4956 advertit.
2695 4900 2781 4955 Ad
2815 4900 2970 4955 hunc
2999 4900 3154 4957 enim
3185 4901 3404 4957 exitum
3427 4899 3678 4955 circum-

2038 4992 2277 5059 stantia,
2308 4990 2434 5047 sine
2466 4988 2907 5062 superstitionis
2933 4988 3253 5061 pervicacia
3289 4986 3678 5054 considerata,

2032 5080 2765 5151 cautuminstructumque
2814 5078 3089 5135 lectorem
3136 5077 3482 5149 perducunt.
3517 5074 3681 5141 Quod

2035 5174 2178 5228 adeo
2211 5168 2357 5224 mihi
2387 5172 2618 5224 constat
2644 5171 2709 5222 ut
2740 5166 2917 5222 etiam
2949 5165 3357 5222 beatissimum
3406 5162 3686 5238 Augusti-

2038 5278 2206 5327 num,
2257 5258 2305 5314 si
2356 5257 2741 5324 revivisceret,
2796 5255 2967 5311 aliter
3014 5270 3377 5328 quemquam
3428 5253 3686 5311 sensisse

2037 5350 2269 5407 credam
2303 5365 2418 5404 non
2451 5346 2819 5402 mediocriter
2848 5344 3148 5400 miratum.
3177 5342 3424 5399 Proinde
3456 5357 3689 5415 semper

2037 5439 2310 5497 solvendo
2343 5440 2399 5494 et
2415 5452 2719 5508 nunquam
2733 5432 3122 5507 persolvendo
3141 5431 3447 5489 charitatis
3469 5429 3686 5499 debito,

2036 5535 2110 5599 te,
2144 5526 2515 5601 suspiciende
2543 5526 2740 5595 frater,
2758 5522 3035 5579 exhortor
3055 5527 3121 5578 ut
3136 5536 3514 5595 nequaquam
3533 5520 3690 5576 ultra

2033 5619 2095 5675 in
2128 5617 2348 5674 talibus
2382 5621 2550 5671 tuum
2592 5612 2897 5686 ingenium
2941 5616 3209 5668 conteras
3238 5629 3251 5668 :
3287 5628 3359 5667 ne
3401 5609 3496 5667 his
3533 5609 3691 5669 ultra

2033 5725 2213 5789 quam
2244 5709 2472 5786 oportet
2500 5706 2839 5781 occupatus,
2856 5702 2928 5762 ad
2950 5700 3187 5764 utiliora
3201 5699 3547 5781 vestiganda
3566 5697 3686 5767 sive
