4114 6456
437 419 559 481 ωδ

1441 417 1511 478 Β.
1557 416 1622 479 S.
1663 417 1852 478 LUPI
1893 415 2226 477 ABBATIS
2270 417 2867 479 FERRARIENSIS.

3743 413 3862 477 496

443 549 708 608 docenda
737 549 938 606 minus
960 550 1407 618 sufﬂcias.Quid
1439 548 1596 606 enim
1626 551 1926 621 tantopere
1947 566 2100 621 quze-
2128 549 2185 618 Α
2212 548 2350 606 litas
2390 550 2629 624 publica
2686 549 2798 606 alio
2830 549 3126 616 traxisset,
3162 547 3362 603 missis
3393 547 3606 603 iterum
3638 546 3863 602 nuntiis

443 655 648 696 ramus
679 641 836 714 quod
870 639 1042 696 nobis
1072 655 1247 696 nosse
1277 639 1528 696 necdum
1563 638 1808 694 forsitan
1839 638 2101 710 expedit?

439 726 605 786 Certe
627 728 914 786 divinitus
941 728 1235 785 illustrata
1251 745 1420 784 mens
1433 728 1549 784 Deo
1562 727 1853 799 loquitur:
1879 726 2102 784 Oculus

437 833 552 876 non
559 819 720 876 videt
728 819 1136 892 ,Deus,absque
1155 827 1208 874 te
1217 819 1707 891 quwprwparasti
1717 817 2106 888 exspectanti-

443 908 548 965 bus
574 909 782 978 te(Isa.
817 909 991 981 LXIV).
1025 908 1096 963 Et
1145 924 1252 964 nos
1299 905 1462 962 illius
1500 905 1813 962 ineffabilia
1861 905 2107 962 visionis

440 995 847 1072 plenissimam
879 997 1165 1054 rationem
1197 995 1506 1070 complecti
1559 994 1779 1061 animo,
1815 993 2104 1050 concretis

442 1085 717 1144 vitiorum
755 1087 1031 1144 sordibus
1063 1085 1255 1142 adhuc
1286 1089 1544 1159 gravato,
1578 1084 2105 1140 desideramus?ln

445 1173 813 1250 amplissimo
829 1175 1266 1248 Scripturarum
1285 1178 1624 1231 sanctarum
1644 1189 1852 1246 campo
1871 1172 2105 1228 interim

447 1265 1119 1339 spatiemur,earumque
1141 1263 1507 1321 meditationi
1529 1281 1638 1319 nos
1669 1262 1905 1336 penitus
1927 1265 2106 1318 totos-

447 1368 562 1428 que
593 1355 902 1424 dedamus,
935 1353 1264 1427 faciemque
1295 1353 1530 1410 Domini
1571 1351 1898 1420 humiliter,
1921 1351 2013 1424 pie
2041 1367 2108 1408 ac

445 1459 678 1516 semper
706 1460 1064 1518 quaeramus,
1088 1445 1368 1518 quoniam
1399 1443 1764 1515 inquirente:
1792 1443 2110 1498 Dominum

441 1549 562 1590 sum
603 1533 884 1606 deﬁcient
932 1534 1096 1588 omni
1137 1533 1284 1589 bono
1333 1532 1520 1605 (Psal.
1553 1533 1769 1600 xxxm).
1805 1531 1954 1602 Ejus
2001 1529 2111 1586 erit

440 1620 784 1692 clementiae,
818 1626 886 1678 ut
922 1622 1065 1677 dum
1107 1620 1475 1678 considerata
1522 1625 1722 1676 nostra
1763 1618 2109 1675 conditione

441 1709 653 1768 altiora
673 1710 846 1768 nobis
866 1727 984 1766 non
1005 1710 1353 1783 quaerimus,
1371 1727 1475 1766 nec
1488 1711 1730 1766 fortiora
1749 1713 2106 1775 scrutamur,

441 1815 552 1858 nos
580 1800 654 1856 ad
675 1799 1023 1857 sublimiora
1051 1804 1107 1855 et
1147 1801 1477 1856 robustiora
1515 1799 1844 1869 sustollere,
1883 1814 2105 1870 purga-

2211 657 2314 712 per
2344 641 2564 696 amicos
2587 640 2812 696 obtinui
2839 656 2971 694 cum
2995 637 3489 713 gratialicentiam
3516 635 3862 692 revertendi.

2211 733 2325 784 Cur
2355 734 2572 798 autem,
2607 729 2758 785 sicut
2787 729 3172 785 constituerat
3202 728 3477 784 dominus
3511 732 3711 783 noster
3746 743 3866 792 rex,

2214 819 2286 874 ad
2319 823 2589 874 sanctum
2623 817 2944 874 Martinum
2967 835 3082 874 non
3115 817 3445 883 accesserit,
3468 816 3612 884 bzec,
3630 819 3694 872 ut
3725 833 3874 871 nun-

2211 906 2279 961 tii
2312 906 2499 962 nostri
2532 906 2882 973 retulerunt,
2913 923 3092 962 causa
3122 905 3234 962 fuit
3264 906 3415 978 quod
3453 903 3738 972 Britanni,
3760 902 3872 959 sibi

2215 1000 2422 1069 praeter
2452 995 2694 1052 solitum
2722 995 3098 1064 dissidentes,
3132 1012 3328 1068 regem
3360 999 3627 1050 nostrum
3655 993 3716 1049 in
3748 992 3873 1048 Bri-

2219 1085 2486 1141 tanniam
2533 1103 2739 1140 versus
2787 1089 3190 1152 evocaverunt,
3226 1089 3289 1140 ut
3315 1100 3450 1157 pars
3495 1101 3620 1156 qua:
3673 1087 3878 1139 contra

2222 1174 2299 1248 (α)
2322 1175 2714 1230 Nomenoium
2738 1175 3028 1230 sentiebat
3058 1175 3128 1230 ad
3168 1191 3300 1229 eum
3333 1177 3458 1229 tuto
3481 1173 3771 1228 deﬁceret.
3799 1175 3878 1228 De

2217 1263 2377 1336 pino,
2406 1263 2561 1318 unde
2594 1267 2792 1319 vestrn
2821 1262 3088 1335 qutesivit
3119 1261 3622 1336 paternitas,nihil
3652 1259 3793 1317 certi
3815 1261 3876 1314 in

2217 1351 2432 1426 palatio
2460 1353 2782 1408 dicebatur.
2801 1353 3026 1408 Leviter
3045 1355 3275 1408 tantum
3307 1351 3465 1408 fama
3487 1351 3754 1422 jactabat
3772 1351 3876 1407 64

2219 1459 2318 1498 eos
2349 1441 2447 1514 qui
2479 1459 2670 1514 nuper
2697 1443 2768 1498 ab
2795 1459 2861 1498 eo
2883 1441 3266 1498 descivissent
3295 1441 3356 1496 in
3388 1441 3759 1497 concordiam
3791 1457 3880 1497 re-

2219 1531 2467 1587 dituros.
2497 1531 2745 1596 Quidam
2767 1549 2900 1586 vero
2926 1531 2995 1586 de
3026 1531 3343 1603 Aquitania
3372 1530 3668 1586 venientes
3703 1529 3876 1587 Nort-

2223 1639 2470 1677 mannos
2498 1620 2650 1677 inter
2678 1620 3065 1693 Burdegalam
3105 1625 3162 1677 et
3191 1622 3477 1676 Santones
3509 1623 3876 1692 eruptionem

2220 1709 2314 1765 his
2345 1711 2554 1766 diebus
2584 1709 2791 1766 fecisse
2823 1709 3166 1779 retulerunt,
3184 1714 3240 1766 et
3261 1708 3589 1778 nostros,id
3615 1713 3704 1764 est
3721 1708 3883 1764 Chri-

2222 1799 2738 1872 stianos,pedestri
2762 1816 2894 1855 cum
2930 1799 3015 1855 eis
3037 1799 3235 1870 praelio
3259 1814 3604 1871 congressos
3634 1801 3690 1854 et
3705 1797 3881 1854 mise-

445 1887 640 1962 tisque
669 1891 882 1946 1108th
912 1890 1126 1945 mentis
1175 1889 1500 1956 obtutibus,
1534 1889 1751 1960 quibus
1798 1887 1978 1943 videri
2041 1903 2105 1941 se
2140 1929 2187 1994 B
2224 1888 2508 1955 rabiliter,
2544 1889 2657 1944 nisi
2693 1906 2839 1961 quos
2873 1889 3010 1962 fuga
3039 1889 3262 1960 eripere
3297 1887 3880 1994 potnit,pex‘emptqs.

449 1991 627 2053 posse
659 1977 951 2045 revelavit,
991 1977 1382 2050 semetipsum
1446 1978 1724 2051 dignetur
1783 1977 2110 2034 ostendere.

454 2067 740 2125 (laterum
771 2067 1018 2124 daturus
1051 2084 1234 2124 necne
1263 2067 1342 2124 sit
1370 2067 1555 2124 oculis
1589 2070 1720 2140 post
1741 2065 2116 2123 resurrectio-

456 2173 592 2214 nem
624 2155 846 2230 aliquid
879 2155 1073 2212 simile
1106 2155 1340 2226 mentis,
1375 2158 1503 2229 ejus
1533 2156 1776 2213 arbitrio
1813 2155 2114 2228 relinqua-

455 2261 611 2314 mus,
626 2247 796 2318 cujus
817 2245 1047 2318 judicio
1070 2249 1126 2301 et
1157 2245 1280 2302 haec
1312 2249 1367 2301 st
1389 2245 1504 2302 alia
1523 2244 2113 2316 innumeraimpune,

457 2336 650 2410 quoad
683 2334 1011 2392 mortaliter
1029 2335 1265 2402 vivitur,
1281 2335 1644 2408 ignoramus.
1662 2333 2115 2402 Quaternionem

458 2438 636 2496 quem
677 2423 946 2496 reperisti
999 2424 1196 2480 nescio
1243 2423 1378 2496 quis
1428 2423 1574 2479 mihi
1625 2425 1726 2480 63
1762 2421 2115 2495 sublegerat.

453 2511 782 2569 Verborum
827 2529 981 2582 vero,
1011 2530 1269 2584 quorum
1321 2512 1599 2586 ﬂagitasti
1638 2512 1947 2580 rationem,
1982 2510 2123 2584 quia

457 2617 566 2658 nec
593 2599 858 2674 plenaria
887 2600 1086 2657 statim
1121 2601 1391 2657 omnium
1420 2601 1692 2668 occurrit,
1716 2604 1773 2656 et
1797 2617 1925 2656 eam
1955 2599 2118 2654 inda-

461 2702 604 2766 gare
659 2689 928 2746 maximae
989 2707 1304 2746 causarum
1357 2689 1565 2760 moles,
1617 2689 1834 2763 quibus
1886 2689 2121 2745 assidue

465 2779 703 2849 obruor,
735 2777 1220 2847 inhibuerunt,in
1245 2767 1406 2834 aliud
1439 2783 1675 2852 tempus
1693 2777 2122 2851 distulizquan-

465 2883 646 2942 quam
668 2885 783 2925 non
799 2869 912 2926 sim
927 2868 1162 2924 nescius
1173 2872 1212 2924 G
1224 2885 1504 2925 raeorum
1519 2885 1858 2924 sermonum
1870 2885 1972 2941 pro
1978 2868 2125 2941 prie-

463 2961 616 3016 tates
647 2975 682 3014 a
709 2957 932 3015 Graecis
965 2957 1162 3030 potius
1192 2958 1632 3030 exspectandas.
1651 2959 1800 3014 Sane
1823 2957 2123 3030 siquando

469 3047 850 3104 scribendum
882 3045 1153 3120 parvltati
1203 3063 1344 3102 meae
1377 3047 1718 3116 decreveris,
1752 3047 1994 3104 obsecro
2029 3065 2126 3102 su-

469 3135 714 3210 perﬂuis
746 3141 846 3192 aut
871 3135 1038 3192 falsis
1068 3135 1343 3192 laudibus
1376 3155 1492 3193 non
1520 3153 1726 3193 oneres
1752 3155 1766 3206 ;
1800 3137 1901 3192 sed
1935 3136 2124 3210 magis

469 3225 720 3282 Domino
749 3225 1044 3298 supplices
1075 3230 1140 3281 ut
1170 3243 1264 3282 me
1293 3243 1526 3298 semper
1543 3244 1661 3282 suae
1681 3226 1874 3282 laudis
1888 3225 2124 3282 avidum

2227 1977 2291 2034 in
2323 1993 2441 2049 quo
2455 1975 2605 2032 bello
2628 1975 2982 2048 cpmprehen
2993 1993 3124 2031 sum
3141 1976 3348 2032 ducem
3363 1974 3696 2031 Vasconum
3717 1974 3790 2048 (b)
3806 1973 3891 2030 Si-

2225 2061 2474 2140 gninum
2505 2070 2561 2122 et
2591 2069 2960 2138 peremptum
2995 2066 3172 2121 etiam
3193 2065 3450 2138 jurando
3482 2064 3680 2120 testati
3717 2069 3882 2120 sunt.

2227 2161 2361 2224 Quae
2396 2172 2486 2211 res
2519 2171 2698 2227 quam
2728 2172 2860 2210 vera
2892 2155 2987 2223 sit,
3027 2154 3326 2210 Dominica
3357 2153 3683 2210 sententia:
3720 2153 3890 2210 Omne

2227 2261 2461 2317 regnum
2495 2245 2551 2300 in
2583 2247 2832 2317 sez‘psmn
2863 2244 3104 2300 divisum
3133 2244 3468 2300 dcsolabitur
3498 2245 3646 2315 (Luc.
3678 2246 3780 2312 x1),
3803 2242 3891 2298 in-

2229 2335 2384 2389 dicat
2413 2339 2470 2390 et
2493 2333 2847 2391 discordiam
2879 2333 3368 2407 amplectentibus
3391 2333 3490 2406 qui
3523 2333 3748 2390 fructus
3767 2349 3890 2390 ma-

2229 2428 2364 2480 neat
2395 2424 2759 2480 manifestat.
2795 2423 2946 2479 Bene
2969 2441 3072 2480 vos
3101 2423 3290 2479 valere
3322 2422 3616 2496 cupimus.

2764 2530 3118 2586 EPISTULA
3155 2529 3365 2586 XXXII.

2801 2619 2876 2658 AD
2917 2619 3264 2658 LUDOVICUM.

2309 2691 2860 2748 Desiderantissimo
2876 2709 2982 2748 suo
3003 2692 3310 2761 Ludovico,
3329 2691 3611 2748 abbatum
3629 2709 3694 2748 su
3705 2708 3886 2762 mmo,

2232 2783 2432 2854 Lupus
2460 2785 2806 2854 prmsentem
2837 2786 2893 2838 et
2925 2782 3180 2838 futuram
3213 2781 3483 2838 salutem.

2302 2870 2428 2927 Dici
2460 2887 2576 2925 non
2608 2874 2798 2942 potest
2823 2876 3041 2942 quanto
3072 2887 3258 2943 nuper
3287 2869 3485 2926 dolore
3517 2871 3756 2926 affectus
3774 2869 3890 2926 sim

2233 2977 2370 3016 cum
2403 2959 2461 3014 in
2491 2959 2602 3014 hac
2635 2959 2965 3033 reipublicae
2989 2959 3324 3015 calamitate
3357 2959 3597 3015 feliciier
3624 2959 3893 3016 fallaxfa-

2234 3065 2334 3104 ma
2382 3048 2726 3122 disperserit
2773 3065 2874 3104 vos
2919 3066 3154 3122 quoque
3203 3033 3356 3104 inter
3403 3047 3550 3105 alios
3580 3049 3885 3105 cecidisse.

2236 3139 2403 3194 Hunc
2435 3155 2743 3194 mocrorem
2779 3137 2978 3195 nullus
3010 3155 3272 3210 unquam
3296 3137 3667 3207 dies,utvcre
3684 3138 3887 3208 fatear,

2235 3229 2350 3283 nisi
2383 3244 2518 3284 cum
2547 3226 2756 3284 ultimo
2787 3228 2932 3282 mihi
2959 3228 3167 3300 spiritu
3191 3227 3892 3284 abstulisset.Atveritate

467 3313 669 3384 faciat,
703 3331 846 3372 meae
889 3329 1024 3372 vero
1073 3314 1265 3372 laudis
1312 3316 1568 3371 fructum
1618 3315 1677 3370 in
1709 3315 1854 3372 illud
1886 3320 2121 3388 tempus
2151 3307 2194 3375 C
2233 3322 2552 3390 comperta,
2570 3323 2634 3372 ut
2667 3335 2770 3390 par
2801 3317 2912 3372 fuit
2941 3317 3336 3390 inexplicabili
3361 3316 3574 3391 gaudio
3605 3316 3890 3373 exsultavi

467 3403 699 3462 differat
729 3421 844 3478 qno
871 3404 998 3462 laus
1020 3404 1131 3461 erit
1158 3405 1480 3478 unicuique
1512 3405 1585 3462 ab
1613 3422 1700 3462 eo.

1003 3511 1358 3568 EPISTOLA
1395 3512 1584 3568 XXXI.

857 3599 933 3638 AD
973 3599 1348 3639 GUENILONEM
1386 3600 1726 3640 EPISCOPUM.

538 3677 786 3728 Summa
813 3671 1186 3728 veneratione
1217 3671 1461 3728 colendo
1482 3672 1699 3746 insigni
1720 3671 1956 3745 przesuli
1979 3673 2123 3729 Gue-

467 3759 654 3820 niloni
685 3761 884 3834 Lupus
914 3760 1230 3832 plurimam
1261 3761 1532 3818 salutem.

539 3853 686 3906 Cum
718 3849 791 3905 ad
814 3865 1009 3922 regem
1041 3849 1532 3922 proﬁciscerer,et
1552 3849 1974 3922 praemisissem
2015 3850 2122 3907 sci-

478 3938 680 3998 scitari
711 3937 852 4010 quid
885 3955 978 3994 me
1010 3938 1198 3994 facere
1227 3936 1446 4006 vellet,i
1457 3956 1559 4010 pse
1588 3956 1720 3995 vero
1752 3940 2124 4012 przecepisset

477 4031 546 4084 ut
573 4026 885 4085 festivitate
897 4026 1050 4083 beati
1063 4027 1298 4083 Martini
1321 4029 1393 4083 ad
1408 4028 1833 4084 monasterium
1855 4030 2120 4101 ejusdem

472 4116 737 4192 praeclari
777 4117 1132 4174 confessoris
1178 4116 1230 4173 ei
1276 4133 1665 4186 occurrerem,
1698 4134 1834 4174 eum
1857 4135 1990 4175 vero
2013 4119 2122 4175 uti-

539 4243 1044 4317 (4)1Y07neuoz'um.
1084 4243 1300 4317 Ducem
1332 4241 1666 4317 Britonum:
1691 4244 1792 4317 qui
1828 4260 1962 4299 cum
1989 4249 2121 4316 post

467 4313 743 4372 Ludovici
761 4313 1124 4388 7Pi_i_mortem
1140 4313 1342 4370 Carolo
1355 4313 1523 4388 Calvo
1541 4313 1901 4388 adlimsisset,
1917 4313 2120 4388 postea

462 4390 664 4443 tamen
695 4383 1006 4452 rebellans,
1032 4402 1279 4452 regnum
1309 4385 1579 4441 affectare
1611 4387 1668 4441 in
1705 4383 2116 4443 Britanﬁiaau-

465 4465 572 4515 s’us
619 4461 728 4525 est,
775 4458 1059 4513 suadente
1103 4457 1437 4524 Lamberto,
1470 4457 1680 4513 comite
1737 4459 2116 4516 Nannetensi.

461 4529 640 4604 {Egre
671 4529 736 4604 id_
761 4528 896 4584 tulit
926 4528 1190 4597 Carolus,
1223 4528 1502 4604 aemulum
1534 4531 1593 4585 in
1627 4547 1806 4603 regno
1854 4549 1960 4588 suo
2000 4549 2116 4586 non

467 4599 680 4674 fervens.
718 4599 917 4674 Itaque
948 4605 1182 4673 captata
1217 4599 1596 4656 dissidiorum
1640 4599 1943 4660 occasione
1990 4620 2116 4674 quae

2235 3408 2390 3480 quod
2425 3407 2475 3462 is
2502 3406 2719 3462 viveret
2751 3423 2885 3462 cum
2918 3423 3054 3479 quo,
3089 3407 3136 3462 si
3169 3409 3496 3480 possem,et
3527 3410 3886 3463 essetneces-

2233 3513 2316 3564 se,
2341 3497 2514 3568 juxta
2543 3495 2690 3551 illud
2724 3497 3126 3552 lloratianum.

2585 3585 2729 3634 Meos
2757 3594 2778 3621 ο
2807 3583 3104 3634 dividerem
3132 3584 3359 3635 libenter
3395 3597 3585 3634 annos.

2230 3676 2558 3731 Immensae
2577 3674 2773 3746 itaque
2801 3673 3020 3746 gratias
3050 3673 3430 3746 omnipotenti
3464 3674 3883 3742 Deo,omnium

2232 3764 2598 3832 charissime,
2632 3765 2817 3820 refero
2849 3764 3002 3836 quod
3036 3769 3092 3819 te
3123 3763 3266 3838 mihi
3299 3763 3578 3832 servavit;
3611 3779 3728 3836 quo
3761 3780 3884 3818 ser-

2230 3859 2390 3920 vato,
2422 3853 2548 3926 ipse
2579 3871 2811 3926 quoque
2851 3857 3117 3910 servatus
3162 3870 3316 3909 sum.
3350 3853 3630 3908 Praeterea
3659 3852 3884 3908 domini

2232 3942 2417 3999 nostri
2437 3945 2524 4016 (ιι)
2539 3944 2691 4016 regis
2705 3943 3039 3999 adversitati
3059 3942 3395 4011 condolens,
3416 3942 3764 4014 etereptioni
3781 3959 3883 3998 su-

2231 4050 2336 4106 pra
2367 4033 2608 4088 modum
2641 4033 3036 4106 congaudens,
3070 4031 3168 4088 65
3197 4031 3384 4088 instar
3435 4030 3594 4087 illius
3635 4048 3883 4104 evange-

2232 4122 2355 4178 licze
2381 4123 2568 4178 vidua:
2587 4139 2714 4194 qua:
2737 4122 2851 4177 duo
2870 4121 3100 4176 minuta
3115 4121 3172 4176 in
3197 4121 3678 4196 gazophylacium
3695 4121 3880 4192 misit,

2299 4251 2371 4316 (c)
2403 4249 2710 4303 Dividcrcm
2739 4264 2930 4303 annos.
2965 4246 3159 4302 Utitur
3189 4247 3388 4318 Lupus
3428 4247 3536 4302 hac
3568 4245 3884 4318 Horatiana

2226 4319 2504 4391 loquendi
2536 4321 2743 4385 forma,
2769 4325 2833 4374 ut
2862 4319 2952 4374 sui
2976 4318 3036 4373 in
3060 4317 3418 4373 LudoviCum
3453 4317 3671 4391 amoris
3692 4319 3882 4374 abun-

2227 4390 2489 4446 dantiam
2511 4391 2594 4445 illi
2611 4392 2900 4446 ostendat.
2916 4390 3228 4446 Adnotavit
3249 4395 3441 4445 autem
3465 4390 3745 4455 Muretus,
3760 4391 3879 4446 cla-

2229 4463 2532 4536 rissimum
2566 4464 2936 4536 patriteimeaa
2968 4461 3154 4536 sidus,
3188 4461 3249 4516 in
3282 4461 3384 4517 lib.
3419 4479 3474 4518 IV
3497 4463 3654 4536 LVar.
3691 4463 3872 4529 Lect.,

2227 4552 2353 4606 cap.
2391 4533 2608 4602 Linte'r
2638 4535 2836 4590 omnia
2866 4533 3140 4606 loquendi
3169 4550 3380 4606 genera
3409 4533 3626 4660 quibus
3655 4539 3878 4590 veteres

2227 4606 2535 4660 mirificam
2569 4607 2886 4660 quamdam
2915 4605 3033 4660 vim
3066 4605 3284 4660 amoris
3307 4607 3365 4660 in
3388 4622 3420 4660 a
3446 4605 3641 4660 iauem
3665 4606 3754 4660 sui
3778 4621 3876 4660 ex-

2227 4605 2535 4678 mi’rificam
2569 4607 2886 4678 quamdam
2915 4605 3033 4678 vim
3066 4605 3284 4678 ameris
3307 4607 3365 4660 in
3388 4605 3644 4678 aliquem
3665 4606 3754 4662 sui
3778 4621 3876 4661 ex-

463 4671 620 4751 i_nter
648 4671 961 4751 Britannos
990 4671 1502 4751 ekar_serant,d_u_m
1521 4691 1646 4751 pais
1659 4692 1777 4729 una
1797 4671 2114 4751 Nomenoio
2144 4685 2191 4750 D
2223 4671 2747 4751 primebantfillud
2781 4677 3058 4751 excellere
3083 4677 3268 4751 videri
3318 4694 3433 4749 quo
3465 4671 3879 4751 significabant

465 4743 640 4817 favet,
674 4741 858 4817 altera
891 4761 1026 4800 vero
1074 4745 1354 4800 adversus
1394 4741 1574 4817 illum,
1595 4745 1868 4817 insurgit,
1901 4746 2024 4816 ipse
2056 4746 2113 4801 in

465 4814 828 4888 Britanniam
859 4817 1154 4888 profectus
1183 4821 1290 4884 est,
1324 4821 1388 4870 ut
1407 4833 1470 4873 se
1500 4814 1873 4872 inimicorum
1907 4814 2113 4873 Nome-

464 4887 580 4960 noii
615 4887 880 4960 partibus
901 4889 1315 4960 conjungeret.
1339 4889 1579 4960 Factum
1610 4889 1842 4960 idaan
1874 4889 2114 4943 846001-

463 4955 1040 5030 ligiturchhronico
1057 4955 1376 5014 Ademarizu
1394 4959 1653 5023 Carolus,
1671 4959 1881 5030 inquit,
1897 4961 2110 5014 iterum

463 5030 830 5085 Britanniam
866 5048 1133 5102 pergens,
1151 5048 1281 5084 eum
1300 5031 1617 5086 Nomenoio
1639 5032 1784 5102 duce
1815 5030 2112 5086 dimicavit

465 5105 520 5158 et
548 5102 730 5157 victor
760 5101 995 5156 exstitit:
1025 5103 1132 5174 Sed
1161 5102 1514 5156 Nomeuoius
1547 5103 1681 5174 fuga
1715 5101 1915 5174 lapsus
1946 5107 2052 5157 est.
2081 5127 2107 5152 υ

533 5175 612 5244 (ὁ)
625 5175 1034 5256 ,εἰςμιξιιηηλΕὶ
1047 5173 1182 5228 hinc
1197 5191 1428 5256 quoque
1445 5174 1729 5229 discimus
1743 5173 2111 5256 hancepisto-

461 5241 580 5300 lam
597 5241 888 5318 scriptam
904 5241 1364 5318 esseanno'b’tti.
1383 5245 1527 5318 Nam
1546 5262 1611 5300 eo
1631 5263 1783 5318 anno
1798 5241 2107 5318 Signinum

462 5315 747 5372 comitem—
766 5316 1282 5386 Burdcgalenscm,
1299 5316 1417 5370 sive
1440 5316 1647 5371 ducem
1678 5315 2029 5383 Vasconum,
2047 5323 2112 5373 ut

457 5393 625 5461 vocat
656 5389 926 5461 Lupus,a
957 5386 1292 5461 Nortnianis
1321 5388 1576 5461 occisum
1609 5405 1735 5443 esse
1769 5389 1939 5443 fidem
1976 5390 2110 5446 facit

458 5457 615 5532 idem
644 5457 970 5516 Adémarus
994 5459 1086 5514 his
1119 5459 1308 5532 verbis
1337 5475 1348 5512 :
1387 5459 1570 5532 «(:AIio
1622 5477 1774 5514 anno
1817 5463 2104 5532 sequenti,

457 5530 760 5604 ﬁiguinus,
791 5547 989 5604 comes
1019 5529 1468 5604 Burdegalensis
1499 5537 1554 5584 et
1585 5529 2043 5604 Santonicehsis,
2077 5529 2110 5590 a

456 5601 840 5674 Edrtmannis
873 5605 1078 5674 captus
1108 5601 1410 5674 etoccisus
1431 5605 1594 5674 est.»
1611 5603 1687 5659 De
1704 5605 1944 5674 Siguino
1963 5601 2108 5661 (iure

455 5669 791 5804 ἕξειέίῇιὲυω
823 5669 1042 5731 mentio
1071 5676 1260 5732 exstat
1278 5672 1337 5730 in
1359 5673 1684 5734 Annalibus
1704 5669 2017 5751 Eginhardi
2035 5679 2107 5736 ad

457 5757 555 5809 an.
588 5757 716 5806 δΙΟ.

2225 4748 2435 4821 cupere
2467 4767 2548 4817 se,
2570 4749 2618 4803 si
2653 4766 2766 4820 quo
2785 4751 2957 4804 modo
2988 4748 3046 4804 id
3070 4748 3196 4803 ﬁeri
3225 4748 3442 4821 posset,
3475 4748 3783 4805 annossibi
3802 4749 3874 4805 ad

2223 4822 2540 4876 vivendum
2571 4821 2918 4875 constitutos
2951 4821 3212 4876 conferre
3245 4838 3310 4876 ac
3341 4823 3706 4876 contribuere
3738 4838 3874 4876 cum

2223 4909 2288 4973 eo
2313 4909 2487 4964 quem
2508 4891 3016 4973 diligerent,_it_a'nt
3035 4893 3187 4973 quod
3207 4893 3354 4973 ipsis
3373 4891 3873 4973 superessetvitte,

2221 4965 2353 5036 ejus
2386 4981 2521 5034 pars
2557 4964 2755 5036 aliqua
2783 4966 2853 5020 ad
2886 4964 3045 5019 illius
3073 4965 3253 5036 vitam
3287 4966 3618 5020 adderetur.

2292 5034 2367 5104 (ίί)
2403 5037 2558 5103 Itegrs
2599 5034 2936 5090 edim-silari.
2964 5037 3038 5108 In,
3075 5035 3183 5090 hac
3228 5036 3492 5108 epistola,
3523 5037 3782 5108 itemque
3813 5037 3874 5092 in

2219 5109 2505 5180 sequenti,
2525 5109 2643 5180 agit
2664 5109 2861 5178 Lupus
2893 5108 2962 5162 de
2993 5107 3156 5162 clade
3189 5123 3316 5178 quae
3347 5107 3645 5180 acciderat
3669 5107 3875 5164 Carolo

2217 5179 2606 5234 Calvo.’l‘anta
2639 5187 2834 5235 autem
2867 5180 2968 5234 illa
2999 5180 3214 5244 fuit,ut
3234 5197 3449 5234 caesum
3475 5181 3530 5234 in
3565 5179 3876 5236 acieCaro-

2219 5249 2343 5304 lum
2368 5255 2700 5306 nuntiatum
2724 5251 3084 5323 sit,cumque
3105 5268 3171 5306 eo
3191 5252 3459 5307 abbatem
3485 5252 3870 5320 Ludovicum,

2219 5323 2288 5395 ad
2323 5339 2496 5394 quem
2531 5323 2747 5394 scripta
2776 5329 2868 5380 est
2897 5323 3097 5379 istluee
3129 5323 3392 5395 epistola.
3431 5326 3632 5395 Itaque
3681 5323 3873 5378 mani-

2218 5394 2433 5450 festum
2459 5400 2555 5468 est
2587 5395 2677 5468 hic
2709 5396 2798 5468 agi
2827 5396 2896 5468 de
2928 5394 3217 5450 victorian
3239 5394 3572 5468 Britonibus
3595 5397 3876 5468 partaad-

2216 5483 2419 5540 versus
2446 5466 2710 5540 Carolum
2745 5463 2983 5540 Calvum
3017 5484 3170 5540 anno
3200 5469 3324 5540 845,
3359 5467 3430 5522 de
3461 5463 3728 5540 qualiazc
3765 5467 3871 5524 ha-

2217 5538 2430 5591 bentur
2481 5539 2539 5592 in
2583 5539 2912 5594 Annalibus
2947 5539 3344 5594 Fuldensibus
3381 5555 3392 5593 :
3431 5538 3698 5594 «‘Karlus
3731 5556 3871 5595 cum

2218 5609 2578 5684 Brittonibus
2609 5611 2867 5665 conﬂixit
2890 5629 2902 5679 ;
2927 5614 3135 5684 etcum
3157 5611 3366 5684 grandi
3399 5611 3614 5668 damno
3647 5612 3872 5668 exerci-

2217 5684 2312 5738 tus
2345 5681 2459 5749 sui,
2495 5681 2618 5755 ipse
2649 5699 2784 5740 cum
2813 5683 3021 5758 paucis
3051 5683 3143 5741 vix
3164 5681 3372 5741 evasit.
3407 5705 3436 5736 »
