4114 6476
437 470 557 536 499

1430 476 1500 538 Β.
1548 477 1613 539 S.
1659 476 1841 540 LUPI
1888 472 2217 538 ABBATIS
2263 475 2866 543 FERBAIlIENSIS.

3739 475 3861 543 500

437 623 728 666 memores
758 606 960 682 primae
989 609 1259 668 amicitiai
1289 614 1500 667 nostra:
1533 612 1627 667 67
1670 626 1866 683 quaeso
1897 626 1969 666 ne
1996 608 2089 665 di-
2115 608 2173 677 Α
2201 608 2343 666 dum
2375 610 2452 666 sit
2481 611 2799 669 debeamus
2828 611 3145 686 inquirere,
3170 615 3237 670 .et
3265 630 3401 671 cum
3430 611 3853 688 invenerimus,

434 696 697 770 gnemini
721 700 1045 772 aspernari.
1069 700 1414 774 Exiguitatis
1438 717 1577 756 meae
1601 700 1852 773 benigne
1874 716 2090 755 memo-

432 802 527 843 res
559 788 707 844 bene
735 805 838 845 vos
865 789 1056 846 valere
1102 789 1295 862 cupio,
1328 793 1386 845 et
1434 790 1505 845 ad
1540 791 1825 845 bonorum
1865 788 2087 845 emolu-

431 879 698 934 mentum
730 879 1028 951 prosperis
1059 895 1292 952 semper
1314 878 1515 952 augeri
1547 878 1943 935 successibus.

969 1021 1316 1078 EPISTOLA
1339 1022 1555 1077 XXXIII

753 1127 1104 1166 EXHORTATIO
1142 1129 1217 1167 AD
1257 1128 1512 1167 DOMNUM
1551 1128 1763 1168 REGEM.

508 1234 1048 1293 Pracellentissime
1095 1237 1353 1306 domine,
1386 1240 1462 1305 et,
1496 1237 1546 1294 si
1585 1237 1776 1294 dicere
1817 1239 2086 1303 audeam,

438 1324 864 1394 amantissime,
885 1325 1086 1382 audita
1106 1342 1293 1398 nuper
1315 1330 1504 1383 status
1521 1326 1699 1383 vestri
1722 1326 2086 1395 adversitate,

435 1412 715 1470 ineffabili
745 1414 944 1471 dolore
987 1415 1266 1471 distabui.
1300 1416 1565 1488 Namque
1594 1433 1826 1473 mecum
1856 1420 2090 1489 reputa-

434 1502 573 1560 bam
602 1509 807 1561 vestrae
837 1505 1161 1561 nobilitatis
1183 1505 1462 1572 indolem,
1490 1523 1665 1578 quam
1701 1504 1871 1578 cupio
1902 1506 2090 1562 aetatis

434 1593 774 1650 maturitate
788 1610 856 1650 ac
868 1593 1166 1667 sapientiae
1176 1595 1459 1668 gravitate
1475 1596 1892 1663 consummari,
1913 1596 2091 1652 nimis

434 1681 753 1739 immature
780 1682 953 1739 nobis
982 1683 1261 1740 ablatam.
1292 1685 1354 1740 Id
1384 1685 1523 1757 quia
1551 1684 2093 1758 irrecuperabilevi-

436 1772 707 1841 debatur,
753 1772 1031 1845 quoniam
1063 1774 1122 1829 id
1152 1778 1489 1831 constanter
1519 1773 1692 1829 fallax
1722 1775 1880 1830 fama
1903 1775 2088 1846 jacta-

435 1865 544 1926 ret,
577 1865 770 1918 totum
802 1879 895 1919 me
925 1880 1059 1919 cum
1091 1863 1369 1920 fratribus
1399 1863 1500 1936 qui
1532 1881 1624 1920 me
1653 1881 1787 1920 cum
1819 1864 1935 1920 Deo
1968 1880 2087 1919 ser-

433 1949 557 2007 vire
587 1954 882 2050 satagunt,
917 1953 989 2007 ad
1020 1951 1449 2050 impetrandam
1481 1953 1732 2009 salutem
1756 1953 1963 2009 animae
1995 1970 2090 2007 ve-
2120 1986 2166 2050 Β

436 2043 569 2096 atra;
600 2039 982 2109 contuleram,
1006 2040 1100 2097 cui
1120 2041 1491 2097 vehementer
1508 2042 1789 2098 timebam
1813 2058 2089 2115 quorum-

434 2128 571 2184 dam
589 2145 705 2186 non
723 2128 868 2186 satis
886 2130 1070 2186 Deum
1084 2129 1417 2186 timentium
1431 2130 1840 2203 persuasiones
1861 2132 2087 2187 obesse.

430 2217 649 2274 Verum
680 2219 959 2292 quoniam
980 2220 1260 2293 sospitate
1286 2223 1480 2277 vestra
1509 2221 1710 2276 donati
1739 2236 1968 2287 sumus,
1992 2219 2089 2275 in-

433 2307 697 2365 credibili
727 2308 943 2382 gaudio
965 2308 1191 2382 repleti,
1216 2309 1445 2366 sincera
1466 2310 1579 2366 ﬁde
1606 2311 1974 2383 majestatem
1996 2328 2087 2367 ve-

433 2402 564 2454 strae
595 2397 964 2455 celsitudinis
1015 2399 1402 2456 admonemus
1436 2404 1501 2454 ut
1547 2401 1934 2472 omnipotenti
1966 2401 2084 2457 Deo

431 2488 742 2544 nobiscum
765 2488 1053 2545 maximas
1073 2489 1293 2561 gratias
1314 2489 1579 2545 habeatis
1600 2493 1659 2545 et
1681 2489 1962 2557 referatis,
1984 2490 2084 2562 qui

429 2576 600 2633 nobis
631 2582 921 2650 quantum
944 2595 1008 2634 se
1037 2594 1234 2634 amare
1254 2579 1517 2634 debeatis
1538 2579 1813 2647 ostendit,
1840 2596 1995 2646 cum,
2021 2584 2086 2635 ut

428 2682 570 2739 pace
609 2672 953 2723 cunctorum
987 2667 1519 2733 dixerim,humano
1551 2672 1816 2723 cessante
1845 2667 2079 2736 auxilio,

424 2754 553 2829 ipse
580 2774 683 2814 vos
723 2761 989 2830 potenter
1009 2760 1067 2813 et
1096 2756 1187 2829 pie
1218 2758 1483 2823 servavit,
1511 2760 1567 2812 et
1597 2761 1883 2828 quantum
1917 2758 1986 2814 de
2015 2775 2082 2814 eo

428 2862 783 2919 praesumere
797 2847 1060 2902 debeatis
1076 2847 1453 2903 manifestare
1471 2846 1747 2919 dignatus
1764 2851 1872 2902 est.
1895 2846 2083 2903 Nolite

426 2935 609 3009 igitur
636 2946 778 2992 casu
799 2935 1088 2991 contrario
1110 2934 1360 2990 nimium
1383 2935 1734 3000 contristari,
1761 2937 1863 2991 sed
1885 2937 2081 3009 potius

427 3025 645 3081 credite
672 3024 941 3082 veridicis
969 3025 1163 3081 verbis
1188 3026 1317 3097 ejus
1341 3043 1353 3080 :
1388 3027 1519 3081 Sine
1563 3042 1649 3081 me
1675 3026 1823 3082 nihil
1859 3029 2080 3098 potestis

424 3119 608 3189 facere
638 3119 813 3186 (Joan.
844 3115 958 3189 xv).
994 3116 1093 3171 Et:
1151 3118 1269 3172 Non
1316 3124 1394 3172 est
1436 3117 1682 3181 volentis,
1733 3134 1908 3189 neque
1953 3135 2077 3174 cur-

425 3208 615 3275 rentis,
652 3207 753 3264 08
780 3206 874 3263 sed
918 3207 1227 3262 miserant-is
1249 3206 1349 3261 Dei
1392 3206 1562 3277 (Rom.
1598 3204 1695 3277 Ix).
1731 3208 1835 3262 Et:
1872 3210 2079 3264 Omnia

423 3312 763 3370 quaecunque
808 3297 982 3353 voluit
1026 3297 1295 3351 Dominus
1322 3296 1452 3367 fecit
1482 3297 1541 3350 in
1585 3295 1713 3351 aeto
1736 3297 1883 3352 etin
1931 3305 2079 3353 terra

421 3385 592 3459 (Psal.
625 3385 800 3458 exul).
838 3387 941 3442 Et:
994 3386 1183 3442 Omnis
1216 3384 1470 3440 voluntas
1497 3402 1617 3440 mea
1644 3386 1736 3454 ﬁet
1780 3387 1906 3455 (Isa.
1940 3391 2069 3455 va).

418 3476 528 3532 Et:
575 3477 693 3533 Non
746 3477 993 3531 salvatur
1029 3491 1130 3531 rex
1172 3491 1273 3546 per
1318 3475 1553 3530 multam
1596 3476 1867 3531 virtutem.
1901 3477 2070 3544 (Psal.

415 3569 615 3632 xxxu).
647 3567 759 3621 Et:
807 3566 925 3620 Non
953 3572 1032 3621 est
1061 3565 1288 3619 Domino
1316 3565 1532 3619 salvare
1574 3564 1805 3636 difﬁcile
1836 3567 1895 3620 in
1925 3568 2069 3621 mul-

416 3655 653 3711 titudine
682 3655 765 3709 vel
794 3656 853 3708 in
878 3654 1070 3725 pomis
1101 3653 1149 3724 (I
1177 3659 1304 3721 Reg.
1345 3656 1481 3721 xxv).
1517 3654 1623 3708 Et:
1669 3655 1774 3722 Qui
1801 3656 2076 3726 glori/ient

415 3761 520 3808 me,
550 3745 867 3814 gloriﬁcabo
895 3758 1058 3807 eum;
1084 3744 1180 3813 qui
1204 3750 1384 3797 autem
1415 3750 1768 3799 contemnunt
1784 3761 1887 3811 me,
1910 3755 2071 3802 erunt

416 3833 683 3902 ignobiles
710 3833 757 3899 (ι
787 3835 914 3901 Reg.
948 3836 1026 3900 ιι).
1067 3833 1138 3887 Et
1185 3835 1377 3902 spreto
1428 3831 1753 3887 carnalium
1802 3835 2066 3904 consilio,

415 3922 487 3977 de
518 3921 736 3993 quibus
783 3920 1031 3977 dicitur:
1083 3922 1347 3976 Dominus
1383 3920 1615 3993 dissipat
1662 3924 1894 3979 consilia
1937 3942 2067 3993 gen-

414 4013 575 4078 tium,
610 4012 861 4087 reprobat
908 4017 1088 4065 autem
1134 4012 1483 4079 cogitationes
1521 4013 1865 4082 populorum,
1900 4022 1950 4069 et
1976 4031 2067 4070 re-

408 4102 606 4173 probat
650 4100 886 4157 consilia
908 4102 1265 4172 principum;
1294 4101 1586 4156 consilium
1623 4111 1806 4157 autem
1839 4106 2071 4159 Domini

411 4191 475 4246 in
501 4198 772 4247 aeternum
798 4198 982 4245 manet
1012 4190 1180 4257 (Psal.
1213 4190 1381 4259 xuv},
1434 4189 1786 4261 acquiescite
1825 4192 2065 4249 consilio

411 4281 569 4351 quod
600 4295 703 4352 per
718 4279 1066 4350 Prophetam
1095 4278 1221 4349 ipse
1244 4277 1520 4350 dignatur
1539 4279 1677 4334 dare
1695 4279 2060 4337 mortalibus:

407 4368 563 4424 laeta
607 4369 901 4439 cogitatum
954 4376 1109 4422 tuum
1148 4368 1210 4422 in
1259 4371 1455 4431 Deum,
1515 4375 1565 4423 et
1608 4370 1720 4439 ipse
1763 4377 1813 4424 te
1859 4372 2067 4428 nutriet

409 4457 580 4525 (Psal.
622 4456 747 4528 le).
798 4457 903 4511 Et:
954 4457 1240 4528 Sperantes
1288 4457 1349 4510 in
1404 4458 1632 4513 Domino
1687 4459 2064 4515 misericordia

408 4544 770 4601 circumdabit
795 4546 970 4613 (Psal.
1002 4547 1175 4611 xxxx).
1208 4546 1302 4600 Et:
1339 4545 1474 4600 Cum
1501 4562 1639 4602 esses
1680 4550 1948 4619 parvulus
2000 4552 2061 4605 in

406 4635 580 4689 oculis
624 4636 755 4699 tuis,
786 4641 947 4705 caput
990 4635 1051 4688 in
1082 4633 1334 4689 tribubus
1364 4634 1531 4690 Israel
1557 4637 1736 4706 factus
1766 4655 1820 4693 es
1848 4640 1900 4706 (Ι
1930 4642 2054 4708 Reg.

2198 704 2429 755 matura
2459 700 2832 757 festinatione
2861 703 3159 774 perficere,
3192 705 3426 777 et'quod
3450 703 3551 760 diu
3574 721 3646 777 ap
3658 722 3858 778 paran-

2198 789 2340 844 dum
2373 790 2449 844 sit
2470 789 2689 846 bellum
2710 795 2776 846 ut
2806 790 3069 847 celeriter
3091 792 3359 849 vincatur
3380 792 3643 861 (Sallust.
3671 796 3733 851 in
3754 796 3855 852 Ca-

2197 879 2405 951 tilina).
2440 879 2569 934 Haec
2599 880 2851 936 breviter
2879 880 3217 937 celsitudini
3246 887 3450 938 vestrae
3476 883 3768 956 suggessi,
3795 888 3860 940 ut

2198 967 2395 1023 divina
2435 972 2493 1024 et
2520 968 2782 1025 humana
2812 971 3159 1027 auctoritate
3191 971 3333 1044 quid
3364 972 3530 1029 vobis
3561 973 3858 1047 agendum

2197 1055 2276 1112 sit
2304 1056 2704 1114 indubitanter
2723 1059 2974 1131 possetis
2996 1076 3365 1133 cognoscere.
3389 1060 3495 1118 Det
3515 1066 3711 1118 autem
3733 1062 3860 1135 ipse

2200 1147 2352 1202 Deus
2383 1152 2449 1202 ut
2478 1147 2819 1220 spiritaliter
2848 1153 2905 1205 et
2935 1149 3315 1222 corporaliter
3363 1155 3652 1223 quantum
3684 1153 3857 1225 cupio

2196 1234 2460 1292 valeatis.

2663 1328 2763 1383 69
2803 1327 3154 1385 EPISTOLA
3192 1328 3427 1384 XXXIV.

2556 1417 2636 1485 (α)
2666 1433 2736 1471 AD
2782 1432 3100 1473 ALTVVINUM
3152 1434 3496 1474 MONACHUM.

2268 1503 2599 1559 Venerabili
2610 1504 3236 1580 fratriAltwinoLupus
3248 1517 3588 1580 perpetuam
3603 1507 3855 1567 salutem

2270 1593 2331 1650 Si
2373 1598 2537 1650 tanta
2584 1590 2861 1652 facilitate
2918 1596 3132 1651 discuti
3190 1601 3431 1668 possent
3462 1614 3497 1653 a
3554 1614 3853 1671 quoquam

2199 1687 2420 1756 quanta
2449 1689 2759 1740 moventur
2787 1684 3162 1757 quastiones,
3195 1684 3334 1742 olim
3368 1686 3440 1742 ad
3479 1702 3857 1744 consumma-

2196 1776 2316 1828 tam
2337 1773 2581 1829 studiosi
2603 1775 2822 1846 quique
2844 1774 3192 1847 sapientiam
3216 1774 3557 1833 evasissent.
3582 1776 3747 1833 Nunc
3766 1776 3860 1832 lit-

2196 1867 2454 1918 terarum
2486 1863 2699 1919 studiis
2731 1879 2878 1935 pene
2904 1863 3203 1934 obsoletis,
3237 1869 3455 1937 quotus
3487 1864 3737 1939 quisque
3766 1866 3859 1922 in-

2195 1951 2378 2006 veniri
2412 1951 2597 2024 possit
2626 1952 2726 2025 qui
2760 1953 2831 2008 de
2879 1953 3298 2027 magistrorum
3329 1953 3643 2026 imperitia,
3678 1954 3860 2012 libro-

2196 2057 2328 2095 rum
2360 2042 2621 2112 penuria,
2647 2040 2747 2097 otii
2781 2041 3034 2114 denique
3064 2041 3261 2115 inopia
3288 2042 3496 2099 merito
3518 2060 3634 2099 non
3656 2060 3862 2116 quera-

2195 2130 2341 2185 tur?
2370 2133 2490 2196 Quo
2538 2130 2736 2187 minus
2774 2130 3071 2204 indignari
3105 2131 3249 2187 mihi
3299 2132 3500 2200 debes,
3534 2133 3583 2190 si
3632 2133 3859 2205 perexi-

2192 2216 2376 2291 gnum
2407 2219 2528 2285 otii,
2564 2221 2718 2292 quod
2751 2220 2895 2275 mihi
2922 2221 3013 2275 vix
3034 2220 3304 2295 obtingit,
3341 2221 3693 2295 indagandis
3726 2239 3858 2295 quae

2193 2309 2475 2376 nesciam,
2527 2326 2705 2381 quam
2755 2309 3107 2367 ventilandis
3155 2328 3284 2382 quae
3328 2311 3455 2383 jam
3503 2317 3857 2369 consecutus

2194 2414 2349 2464 sum,
2377 2398 2636 2470 judicem
2679 2400 3146 2471 expendendum.
3178 2400 3311 2466 Nec,
3345 2404 3412 2456 ut
3440 2399 3666 2473 opinor,
3701 2418 3852 2471 erro,

2192 2488 2243 2543 si
2273 2488 2487 2560 quibus
2508 2487 2701 2543 divino
2725 2488 2916 2544 favore
2940 2488 3090 2544 viam
3114 2487 3518 2562 intelligentiae
3541 2489 3627 2545 vel
3648 2492 3850 2563 aperui

2189 2576 2275 2631 vel
2310 2575 2633 2648 planiorem
2665 2576 2792 2644 feci,
2827 2594 3005 2649 quam
3028 2577 3424 2650 praeesserim
3449 2579 3733 2650 sequendi
3756 2597 3855 2635 ne-

2191 2666 2522 2721 cessitatem
2555 2666 2847 2731 indicum;
2888 2666 2997 2722 hoc
3027 2670 3136 2738 est,
3170 2665 3416 2723 lectione
3445 2667 3731 2741 magistra
3758 2668 3849 2725 vel

2190 2759 2387 2823 utens,
2415 2752 2504 2810 vel
2522 2772 2689 2825 usus,
2710 2755 2759 2810 si
2778 2755 3147 2811 auditoribus
3171 2756 3317 2812 meis
3339 2761 3440 2811 aut
3460 2758 3852 2828 praesentibus

2190 2843 2248 2899 id
2281 2844 2479 2916 ipsum
2514 2860 2803 2913 sermone,
2839 2849 2941 2901 aut
2959 2845 3301 2901 absentibus
3333 2844 3624 2902 obstinato
3657 2846 3847 2921 impo-

2189 2950 2325 2989 nam
2358 2932 2607 2989 silentio.
2639 2933 2904 2989 Obtinuit
2931 2938 3128 2989 tamen
3154 2938 3257 2989 tua
3285 2933 3567 2990 instantia
3598 2940 3663 2991 ut
3692 2953 3849 3007 quaa-

2188 3020 2323 3076 dam
2356 3040 2422 3078 ex
2454 3022 2526 3077 iis
2558 3040 2684 3095 quae
2715 3022 2975 3078 studiose
3005 3022 3289 3094 quaesiisti
3325 3023 3713 3080 enuclearem.
3743 3027 3847 3081 Lo-

2185 3114 2368 3184 cuples
2400 3111 2785 3184 penultimam
2818 3112 3055 3185 genitivi
3088 3113 3411 3184 producere
3442 3112 3528 3169 sic
3551 3115 3707 3185 apud
3732 3114 3855 3171 Pri-

2186 3201 2451 3257 scianum
2484 3202 2764 3273 probatur
2794 3201 2853 3256 in
2885 3200 3033 3258 libro
3059 3219 3114 3270 v,
3148 3218 3284 3258 cum
3317 3202 3387 3258 de
3416 3202 3754 3259 nominibus
3786 3203 3846 3261 in

2183 3308 2239 3347 es
2256 3292 2598 3364 productam
2622 3290 3028 3346 desinentibus
3058 3289 3403 3363 disputaret.
3438 3314 3466 3343 α
3483 3290 3848 3365 Appellativa

2105 3355 2147 3423 (ἶ
2185 3398 2341 3445 vero,
2376 3381 2587 3453 inquit,
2626 3378 2675 3435 si
2722 3380 2842 3435 sint
2873 3380 2944 3435 ad
2977 3378 3244 3435 homines
3294 3378 3663 3452 pertinentia,
3689 3379 3693 3384 “
3716 3399 3844 3454 quas

2182 3470 2334 3542 apud
2368 3471 2596 3526 Graecos
2619 3467 2959 3525 communia
2979 3467 3066 3524 vel
3091 3466 3355 3534 mobilia,
3379 3470 3534 3541 apud
3560 3487 3667 3525 nos
3688 3487 3845 3526 com-

2182 3560 2388 3614 munia
2431 3563 2570 3614 sunt
2603 3563 2666 3613 ut
2696 3560 2895 3629 haeres,
2932 3559 3186 3630 locuples.
3223 3580 3250 3607 ››
3281 3558 3439 3613 Idem
3473 3558 3533 3614 in
3565 3560 3840 3631 septimo,

2181 3648 2503 3720 pcnultima
2541 3648 2721 3704 tertiae
2759 3647 3166 3703 declinationis
3199 3648 3431 3719 quando
3466 3648 3705 3721 produci
3739 3650 3840 3705 de-

2180 3738 2313 3793 beat
2341 3737 2425 3792 vel
2454 3737 2662 3808 corripi
2698 3737 2846 3791 mira
2878 3736 3180 3808 diligentia
3205 3737 3537 3803 ostendens,
3564 3760 3593 3785 «
3620 3737 3838 3794 Produ-

2179 3826 2352 3894 citur,
2385 3824 2598 3898 inquit,
2624 3825 2681 3880 in
2707 3825 2798 3881 his
2815 3842 3064 3896 quorum
3084 3824 3481 3881 nominativus
3507 3826 3607 3882 πο
3630 3826 3685 3881 in
3709 3826 3836 3883 lon-

2178 3932 2313 3986 gam
2345 3914 2559 3969 desinit
2589 3931 2692 3969 seu
2728 3919 2937 3969 natura
2957 3931 3060 3970 seu
3092 3912 3398 3986 positione,
3432 3919 3497 3970 ut
3546 3917 3646 3985 sol,
3677 3918 3835 3985 solis,

2177 4006 2382 4077 infans,
2409 4007 2661 4076 infantis.
2686 4002 3068 4075 Excipiuntur
3090 4002 3148 4057 in
3172 4019 3242 4059 on
3264 4002 3591 4060 desinentia
3611 4005 3831 4075 Graeca,

2177 4097 2233 4149 et
2263 4093 2320 4148 in
2352 4111 2381 4150 o
2412 4099 2530 4148 tam
2566 4092 2771 4147 Latina
2790 4109 2966 4164 quam
2992 4091 3187 4158 notha,
3217 4110 3344 4164 quae
3369 4091 3685 4166 aliquando
3709 4113 3833 4152 cor-

2175 4182 2422 4255 ripiunt,
2445 4181 2761 4253 aliquando
2794 4182 3127 4254 producunt
3149 4181 3534 4253 penultimam
3566 4185 3829 4257 genitivi.

2173 4272 2456 4327 Praeterea
2485 4270 2545 4325 in
2568 4287 2667 4338 ms,
2691 4269 2777 4325 vel
2812 4272 2889 4337 bs,
2921 4269 3007 4325 vel
3033 4287 3119 4341 ps,
3151 4269 3235 4326 vel
3265 4288 3308 4326 .1:
3327 4270 3676 4342 desinentia,
3700 4291 3831 4346 qua:

2172 4379 2283 4434 pen
2294 4361 2560 4417 ultimam
2574 4360 2810 4434 genitivi
2826 4378 3054 4432 semper
3066 4360 3408 4433 corripiunt.
3426 4362 3567 4418 Item
3580 4379 3703 4435 par,
3719 4365 3831 4437 lar,

2172 4469 2285 4519 vos,
2297 4469 2412 4524 pes,
2429 4451 2602 4517 Ceres,
2617 4466 2848 4521 compos,
2867 4450 2976 4517 bos;
2995 4467 3107 4518 sus,
3127 4467 3289 4520 grus:
3304 4468 3430 4524 quae
3443 4453 3830 4525 producentia

2171 4540 2581 4606 nominativos,
2601 4539 2927 4611 corripiunt
2946 4537 3332 4611 penultimam
3351 4539 3609 4613 genitivi.
3626 4564 3653 4592 »
3681 4543 3831 4607 Cum~

2168 4630 2348 4702 igitur
2368 4630 2651 4703 producta
2674 4629 3033 4684 nominativo
3054 4627 3143 4684 vel
3166 4633 3379 4685 natura
3398 4629 3483 4685 vel
3508 4630 3820 4702 positione,

404 4726 522 4790 χν),
576 4723 684 4777 Et;
745 4724 973 4778 [mmoza
1023 4723 1128 4778 Deo
1175 4725 1508 4794 sacriﬁcium
1557 4726 1758 4793 laudis,
1809 4736 1861 4783 ει
1896 4728 2133 4797 γεάιιεῙ)
2166 4708 3824 4791 penultimasgenitivorumconsequenterproducant(his

403 4811 681 4868 Altissimo
730 4819 847 4867 vota
878 4818 990 4867 tua.
1024 4813 1086 4866 Et
1122 4814 1309 4867 invoca
1332 4830 1417 4868 me
1438 4815 1494 4868 in
1519 4815 1606 4869 die
1638 4817 2056 4873 tribulationis:

401 4917 595 4957 eruam
623 4909 695 4967 te,
726 4908 777 4957 et
816 4900 1199 4971 honoriﬁcabis
1226 4917 1313 4958 me
1360 4902 1525 4973 (Psal.
1554 4907 1725 4971 xux).
1777 4905 2058 4962 Praeterea

402 4994 757 5047 mementote
789 4990 943 5062 quod
980 4989 1255 5045 Salomon
1296 4992 1369 5045 ad
1401 4993 1719 5063 regendum
1772 4994 2053 5066 populum

401 5079 599 5147 Israel,
634 5078 726 5136 cui
750 5080 849 5135 diu
870 5079 929 5134 in
954 5078 1208 5134 maxima
1229 5096 1370 5151 pace
1392 5081 1678 5151 praesedit,
1705 5083 2055 5154 sapientiam

401 5168 777 5240 potissimum
809 5167 1140 5240 postulavit.
1177 5168 1292 5222 Nec
1324 5168 1613 5239 spernatis
1643 5170 1818 5226 etiam
1851 5189 2052 5228 eorum

398 5255 771 5313 hortamenta
800 5256 920 5329 qui,
971 5257 1155 5312 Deum
1198 5256 1554 5327 ignorantes,
1588 5258 1753 5314 utilia
1786 5277 1900 5315 non
1930 5266 2051 5318 tam

399 5346 511 5402 sibi
532 5362 711 5418 quam
734 5346 905 5402 nobis
926 5346 1224 5413 Viderunt;
1259 5345 1318 5399 in
1345 5345 1560 5416 quibus
1581 5346 1876 5404 invenitur
1895 5353 2049 5422 quod

397 5439 529 5491 ante
551 5451 727 5507 quam
748 5434 970 5507 aliquid
990 5433 1361 5507 incipiamus,
1387 5436 1703 5506 prudenter
1721 5438 1861 5509 quid
1882 5456 2051 5513 agen-

464 5594 540 5665 (a)
571 5594 978 5665 AclAltwinum.
1002 5594 1355 5649 Monachum
1383 5594 1561 5650 fuisse
1584 5596 1804 5653 indicat
1838 5599 2045 5657 titulus

393 5664 690 5738 epistola;
735 5667 1043 5738 cujusnam
1102 5682 1233 5738 vero
1292 5668 1653 5736 monasterii,
1697 5687 1809 5725 non
1857 5673 2039 5729 docet.

394 5734 604 5806 Papirii
639 5734 894 5794 Massoni
921 5738 1097 5793 editio
1130 5737 1321 5804 habet,
1356 5737 1434 5791 Ad
1453 5734 1739 5797 .rtttuinum
1767 5743 2041 5801 Senoneu-

390 5822 503 5861 sem
560 5810 901 5865 monachum.
956 5809 1170 5866 Verum
1212 5825 1281 5865 ex
1323 5808 1568 5882 epistola
1596 5816 1667 5867 20
1697 5818 1853 5885 patet
1882 5834 2038 5887 eum,

2167 4826 2266 4864 sex
2296 4807 2549 4879 exceptis
2580 4806 2940 4873 nominibus,
2965 4824 3092 4879 quae
3124 4806 3301 4880 longa
3331 4807 3700 4864 observantia
3730 4809 3825 4865 dc-

2163 4897 2453 4970 prehensa
2484 4896 3044 4964 notavit,quoniam,
3079 4896 3205 4968 ipso
3237 4900 3401 4965 teste,
3428 4897 3662 4969 locuples
3683 4897 3743 4953 in
3768 4916 3824 4955 es

2164 4986 2509 5058 productam
2557 4986 2802 5052 ﬁnitur),
2853 4986 3058 5041 eodem
3099 4989 3334 5042 auctore
3363 4984 3615 5058 genitivo
3647 4986 3825 5061 longa

2164 5074 2487 5147 penultima
2518 5076 2861 5146 proferetur.
2896 5073 3059 5140 Quod
3090 5090 3325 5146 possem
3368 5075 3545 5131 etiam
3592 5077 3819 5148 poetico

2162 5162 2496 5219 testimonio
2519 5164 2885 5231 conﬁrmare,
2912 5162 3022 5219 nisi
3048 5162 3200 5235 apud
3220 5164 3615 5220 contentiosos
3638 5182 3817 5237 quos-

2163 5270 2275 5325 que
2307 5252 2453 5308 tanti
2486 5252 2589 5306 viri
2623 5257 2852 5307 tantum
2900 5258 3098 5324 posset
3147 5252 3482 5309 auctoritas.
3528 5255 3816 5328 Locupleto

2159 5348 2376 5408 autem,
2396 5342 2551 5414 quod
2574 5340 2899 5414 penultima
2915 5341 3198 5413 producta
3214 5359 3588 5415 nequaquam
3611 5345 3816 5402 dubito

2158 5432 2567 5506 proferendum
2601 5430 2774 5503 (sicut
2802 5431 3081 5503 quoniam
3114 5432 3301 5498 robur,
3334 5433 3546 5489 roboris
3575 5433 3816 5508 corripi-

2155 5594 2361 5651 saltem
2394 5609 2529 5664 cum
2560 5591 2804 5662 epistola
2844 5591 2944 5648 illa
2973 5592 3193 5664 scripta
3223 5596 3333 5658 est,
3382 5600 3814 5654 commoratum

2155 5668 2337 5722 fuisse
2364 5664 2423 5718 in
2450 5663 2787 5737 germania,
2815 5665 3071 5737 adeoque
3093 5663 3448 5737 monachum
3473 5665 3655 5723 fuisse
3677 5668 3811 5724 Ful-

2153 5740 2414 5795 dcnscm.
2449 5735 2593 5790 Vide
2642 5736 2784 5791 Acta
2813 5735 3160 5793 Sanctorum
3212 5736 3436 5794 ordinis
3469 5740 3527 5794 S.
3562 5739 3813 5797 Benedi-

2153 5812 2227 5867 cti
2260 5815 2402 5866 tom.
2436 5806 2528 5873 Vl,
2563 5823 2695 5879 pag.
2728 5809 2817 5863 60.
