4114 6478
439 464 558 531 499

1431 472 1501 534 Β.
1550 473 1614 535 8.
1660 472 1843 536 LUPI
1889 469 2219 535 ABBA'I‘IS
2264 471 2867 540 FERBARIENSIS.

3741 474 3860 542 500

438 617 730 661 memores
760 602 961 678 primae
992 605 1260 663 amicitiae
1290 609 1502 663 nostrae
1534 608 1627 663 61
1671 623 1868 679 quaeso
1898 622 1971 662 ne
1997 605 2091 662 di-
2117 604 2174 674 Α
2203 605 2344 663 dum
2376 608 2453 664 sit
2482 608 2800 667 debeamus
2830 608 3146 684 inquirere,
3171 613 3238 668 .et
3265 628 3403 669 cum
3432 609 3854 686 invenerimus,

435 691 698 765 gnemini
722 696 1046 767 aspernari.
1072 695 1416 769 Exiguitatis
1440 712 1577 752 meae
1601 696 1853 770 benigne
1874 712 2090 752 memo-

432 797 529 838 res
560 782 709 839 bene
738 800 840 840 vos
866 785 1057 841 valere
1102 785 1296 858 cupio,
1330 788 1387 841 et
1436 786 1508 840 ad
1541 786 1827 841 bonorum
1867 785 2088 841 emolu-

432 874 700 929 mentum
732 874 1029 946 prosperis
1059 891 1293 947 semper
1315 875 1515 947 augeri
1547 875 1945 932 successibus.

970 1016 1318 1074 EPISTOLA
1341 1018 1555 1073 XXXIII

755 1123 1105 1162 EXHORTATIO
1142 1124 1217 1163 AD
1259 1124 1512 1163 DOMNUM
1552 1124 1764 1164 REGEM.

510 1229 1047 1288 Praacellentissime
1095 1232 1354 1301 domine,
1387 1236 1462 1301 et,
1496 1233 1546 1290 si
1585 1233 1776 1291 dicere
1818 1235 2086 1301 audeam,

437 1319 864 1390 amantissime,
886 1320 1086 1378 audita
1106 1338 1294 1394 nuper
1315 1326 1505 1378 status
1522 1323 1699 1379 vestri
1722 1323 2087 1391 adversitate,

435 1407 716 1465 ineffabili
745 1410 944 1467 dolore
987 1411 1266 1467 distabui.
1300 1412 1564 1484 Namque
1594 1429 1825 1469 mecum
1856 1417 2090 1485 reputa-

434 1497 573 1555 bam
602 1504 807 1556 vestra;
838 1500 1161 1557 nobilitatis
1182 1500 1462 1567 indolem,
1491 1519 1665 1574 quam
1701 1501 1871 1574 cupio
1902 1503 2090 1558 aetatis

433 1588 774 1646 maturitate
789 1606 857 1645 ac
868 1588 1165 1662 sapientiae
1176 1590 1458 1664 gravitate
1474 1592 1892 1659 consummari,
1913 1592 2091 1648 nimis

433 1675 754 1734 immature
780 1678 952 1735 nobis
982 1678 1260 1735 ablatam.
1292 1681 1354 1736 Id
1384 1680 1523 1753 quia
1552 1681 2092 1754 irrecuperabilevi-

435 1766 707 1835 debatur,
753 1768 1030 1840 quoniam
1062 1770 1121 1824 id
1151 1773 1488 1827 constanter
1518 1769 1691 1826 fallax
1722 1771 1880 1826 fama
1903 1772 2088 1842 jacta-

435 1860 545 1922 ret,
576 1860 770 1913 totum
801 1874 894 1914 me
924 1875 1058 1915 cum
1089 1859 1368 1916 fratribus
1399 1859 1499 1932 qui
1531 1877 1623 1916 me
1652 1876 1787 1916 cum
1818 1860 1935 1916 Deo
1968 1876 2087 1916 ser-

2199 700 2430 752 matura
2460 698 2833 754 festinatione
2862 702 3160 772 perficere,
3192 703 3426 774 et’quod
3452 701 3553 758 diu
3575 719 3860 777 apparan-

2199 785 2341 841 dum
2374 787 2451 841 sit
2470 786 2689 843 bellum
2710 793 2777 843 ut
2806 788 3070 845 celeriter
3091 790 3360 846 vincatur
3381 791 3644 859 (Sallust.
3672 794 3734 848 in
3756 795 3857 850 Ca-

2198 876 2406 947 tilina).
2441 876 2570 931 Haec
2599 878 2851 934 breviter
2880 878 3217 935 celsitudini
3246 884 3451 937 vestris
3477 881 3768 955 suggessi,
3795 886 3861 938 ut

2198 964 2395 1020 divina
2436 969 2493 1021 et
2521 966 2783 1023 humana
2812 969 3160 1025 auctoritate
3192 969 3334 1042 quid
3365 970 3531 1027 vobis
3562 972 3859 1045 agendum

2197 1053 2277 1109 sit
2305 1053 2705 1111 indubitanter
2723 1056 2974 1129 possetis
2997 1074 3365 1131 cognoscere.
3390 1058 3496 1115 Det
3516 1064 3711 1116 autem
3734 1060 3860 1134 ipse

2200 1144 2353 1199 Deus
2383 1148 2449 1199 ut
2479 1144 2820 1217 spiritaliter
2849 1150 2905 1202 et
2934 1146 3315 1220 corporaliter
3363 1152 3652 1221 quantum
3686 1150 3857 1223 cupio

2197 1230 2460 1289 valeatis.

2664 1325 2763 1380 69
2803 1325 3154 1382 EPISTOLA
3192 1326 3428 1382 XXXIV.

2557 1414 2636 1482 (α)
2665 1430 2736 1469 AD
2782 1429 3100 1471 ALTWINUM
3152 1432 3497 1472 MONACHUM.

2268 1499 2597 1557 Venerabili
2610 1501 2771 1558 fratri
2781 1502 3117 1560 AltwinoLu
3125 1521 3236 1577 pus
3248 1515 3589 1578 perpetuam
3603 1505 3730 1562 salu
3740 1510 3853 1564 tem

2271 1589 2331 1646 Si
2374 1595 2537 1647 tanta
2584 1586 2861 1649 facilitate
2919 1593 3133 1649 discuti
3191 1599 3432 1666 possent
3462 1612 3497 1651 a
3555 1613 3853 1670 quoquam

2199 1684 2420 1753 quanta
2449 1686 2758 1737 moventur
2788 1682 3162 1755 quaestiones,
3195 1683 3333 1740 olim
3368 1684 3441 1740 ad
3479 1701 3856 1743 consumma-

2196 1772 2317 1824 tam
2337 1770 2582 1826 studiosi
2602 1771 2821 1843 quique
2844 1771 3192 1845 sapientiam
3216 1771 3557 1830 evasissent.
3582 1775 3747 1831 Nunc
3766 1775 3858 1831 lit-

2196 1863 2454 1914 terarum
2486 1860 2699 1916 studiis
2731 1877 2878 1933 pene
2905 1861 3202 1930 obsoletis,
3237 1866 3455 1934 quotus
3487 1862 3737 1937 quisque
3766 1865 3857 1921 in-

432 1944 556 2002 vire
586 1949 882 2020 satagunt,
917 1949 988 2003 ad
1019 1947 1448 2021 impetrandam
1480 1949 1731 2005 salutem
1755 1949 1963 2005 animae
1994 1966 2090 2004 ve-
2120 1983 2166 2047 Β
2194 1947 2377 2002 veniri
2411 1948 2597 2021 possit
2626 1948 2726 2022 qui
2760 1950 2831 2005 de
2879 1951 3297 2024 magistrorum
3329 1950 3643 2024 imperitia,
3678 1953 3857 2010 libro-

435 2037 568 2091 straa
599 2033 982 2105 contuleram,
1004 2036 1099 2092 cui
1120 2037 1489 2094 vehementer
1508 2038 1787 2095 timebam
1812 2055 2089 2111 quorum-

433 2123 569 2179 dam
588 2141 704 2181 non
722 2124 867 2182 satis
884 2125 1069 2181 Deum
1084 2124 1415 2182 timentium
1429 2127 1840 2199 persuasiones
1860 2128 2087 2183 obesse.

2195 2054 2327 2092 rum
2359 2039 2621 2109 penuria,
2647 2038 2747 2094 otii
2780 2038 3033 2111 denique
3064 2039 3261 2112 inopia
3287 2040 3495 2097 merito
3517 2058 3633 2097 non
3656 2058 3860 2115 quera-

2196 2127 2340 2182 tur?
2369 2129 2490 2194 Quo
2537 2126 2736 2184 minus
2774 2127 3070 2202 indignari
3104 2129 3249 2185 mihi
3300 2130 3499 2197 debes,
3533 2131 3583 2187 si
3632 2131 3856 2203 perexi-

429 2212 647 2270 Verum
678 2214 958 2287 quoniam
979 2214 1259 2288 sospitate
1286 2219 1479 2273 vestra
1508 2217 1709 2273 donati
1738 2233 1967 2284 sumus,
1991 2216 2088 2271 in-
2191 2214 2375 2289 guum
2406 2216 2528 2282 otii,
2563 2219 2718 2289 quod
2752 2217 2893 2273 mihi
2921 2219 3013 2273 vix
3034 2218 3303 2293 obtingit,
3341 2218 3693 2293 indagandis
3726 2237 3856 2293 quae

432 2303 695 2360 credibili
724 2304 941 2377 gaudio
963 2304 1189 2377 repleti,
1215 2305 1443 2362 sincera
1464 2307 1578 2363 ﬁde
1606 2308 1973 2379 majestatem
1995 2325 2086 2364 ve-

430 2397 562 2449 stras
594 2392 963 2450 celsitudinis
1014 2394 1401 2451 admonemus
1434 2400 1500 2451 ut
1546 2397 1932 2468 omnipotenti
1966 2398 2083 2453 Deo

429 2483 741 2540 nobiscum
764 2484 1053 2540 maximas
1072 2484 1292 2557 gratias
1314 2484 1578 2541 habeatis
1600 2489 1658 2541 et
1679 2486 1961 2553 referatis,
1983 2486 2083 2559 qui

429 2571 600 2627 nobis
631 2577 920 2644 quantum
943 2590 1007 2629 se
1036 2590 1233 2629 amare
1254 2574 1516 2629 debeatis
1538 2575 1812 2644 ostendit,
1838 2592 1995 2643 cum,
2020 2581 2084 2631 ut

427 2677 569 2733 pace
608 2667 952 2718 cunctorum
986 2662 1518 2729 dixerim,humano
1550 2668 1815 2720 cessante
1844 2663 2078 2733 auxilio,

424 2748 552 2824 ipse
580 2768 683 2808 vos
721 2756 988 2824 potenter
1008 2756 1066 2808 et
1095 2752 1186 2824 pie
1217 2753 1482 2820 servavit,
1509 2756 1566 2808 et
1596 2758 1881 2825 quantum
1916 2755 1985 2810 de
2015 2772 2081 2811 eo

426 2856 782 2913 praesumere
797 2841 1058 2897 debeatis
1074 2842 1452 2898 manifestare
1469 2843 1746 2915 dignatus
1763 2848 1870 2899 est.
1894 2843 2081 2900 Nolite

425 2929 607 3003 igitur
633 2940 775 2987 casu
797 2930 1087 2987 contrario
1108 2931 1359 2986 nimium
1381 2931 1732 2997 contristari,
1760 2933 1860 2987 sed
1884 2934 2080 3006 potius

425 3020 642 3076 credite
670 3020 940 3077 veridicis
968 3020 1161 3076 verbis
1186 3022 1315 3093 ejus
1339 3039 1351 3077 :
1386 3023 1518 3077 Sine
1562 3038 1647 3077 me
1674 3022 1821 3079 nihil
1858 3026 2079 3094 potestis

422 3114 605 3184 facere
635 3114 810 3181 (Joan.
841 3111 956 3185 xv).
992 3112 1091 3167 Et:
1148 3113 1268 3168 Non
1315 3120 1392 3167 est
1434 3114 1680 3178 volentis,
1732 3131 1907 3186 neque
1950 3132 2076 3171 cur-

422 3203 613 3270 rentis,
649 3202 751 3259 68
778 3201 872 3258 sed
916 3203 1225 3257 miserantis
1248 3203 1348 3258 Dei
1390 3201 1561 3273 (Rom.
1596 3201 1694 3275 1x).
1729 3204 1833 3258 Et:
1870 3206 2077 3261 Omnia

421 3306 760 3365 quaecunque
807 3292 980 3348 voluit
1024 3292 1294 3347 Dominus
1320 3292 1451 3363 fecit
1480 3293 1538 3346 in
1583 3292 1711 3349 σωιο
1734 3301 1791 3349 et
1818 3295 1881 3349 in
1928 3302 2077 3350 terra

2193 2306 2474 2373 nesciam,
2526 2323 2704 2379 quam
2754 2306 3106 2364 ventilandis
3155 2326 3283 2380 quae
3327 2309 3455 2381 jam
3502 2315 3855 2368 consecutus

2193 2411 2348 2461 sum,
2375 2395 2636 2467 judicem
2678 2397 3145 2468 expendendum.
3177 2398 3311 2464 Nec,
3344 2402 3411 2455 ut
3439 2398 3665 2471 opinor,
3700 2417 3850 2469 erro,

2192 2485 2242 2540 si
2272 2485 2486 2557 quibus
2506 2485 2700 2541 divino
2724 2486 2915 2541 favore
2939 2485 3090 2542 viam
3113 2485 3517 2559 intelligentiae
3540 2487 3627 2543 vel
3647 2490 3849 2562 aperui

2188 2573 2274 2628 vel
2309 2572 2632 2645 planiorem
2664 2573 2791 2642 feci,
2826 2591 3004 2646 quam
3028 2575 3423 2648 praecesserim
3447 2577 3732 2649 sequendi
3754 2595 3853 2634 ne-

2190 2663 2521 2719 cessitatem
2554 2663 2846 2729 indicum;
2887 2664 2996 2719 hoc
3025 2669 3135 2736 est,
3169 2663 3415 2721 lectione
3443 2666 3730 2739 magistra
3757 2667 3846 2723 vel

2189 2757 2386 2820 utens,
2414 2750 2503 2808 vel
2520 2769 2688 2823 usus,
2708 2753 2758 2808 si
2777 2752 3146 2808 auditoribus
3170 2754 3316 2809 meis
3337 2758 3438 2809 aut
3459 2756 3850 2826 praesentibus

2188 2840 2247 2896 id
2280 2841 2477 2913 ipsum
2513 2858 2802 2910 sermone,
2837 2842 3300 2898 autabsentibus
3332 2842 3624 2900 obstinato
3656 2845 3846 2919 impo-

2188 2947 2324 2985 nam
2357 2930 2605 2986 silentio.
2638 2930 2902 2986 Obtinuit
2930 2935 3127 2987 tamen
3152 2935 3255 2987 tua
3283 2931 3566 2989 instantia
3597 2939 3662 2989 ut
3690 2952 3847 3006 quaa-

2187 3018 2322 3073 dam
2354 3037 2422 3075 ex
2453 3019 2525 3075 iis
2557 3037 2683 3092 qua:
2714 3020 2973 3075 studiose
3003 3020 3288 3092 quaesiisti
3323 3021 3712 3078 enuclearem.
3741 3026 3845 3080 Lo-

2184 3110 2366 3181 cuples
2398 3109 2784 3182 penultimam
2817 3110 3054 3182 genitivi
3086 3110 3410 3183 producere
3441 3112 3527 3167 sic
3550 3113 3707 3183 apud
3731 3113 3852 3169 Pri-

2185 3199 2449 3254 scianum
2483 3199 2763 3271 probatur
2792 3198 2849 3253 in
2883 3198 3031 3274 libro
3059 3217 3112 3267 v,
3147 3216 3282 3255 cum
3315 3200 3385 3256 de
3416 3200 3753 3258 nominibus
3784 3202 3845 3259 in

2182 3305 2237 3344 es
2255 3289 2597 3360 productam
2620 3287 3026 3344 desinentibus
3056 3287 3401 3361 disputaret.
3437 3289 3846 3363 «Appellativa

418 3352 590 3453 (Psal.
623 3352 798 3454 nihil).
835 3382 939 3437 Et:
993 3382 1182 3437 Omnis
1214 3352 1468 3437 voluntas
1496 3398 1617 3437 mea
1643 3383 1734 3452 fiet
1778 3385 1905 3450 (Isa.
1937 3388 2067 3452 LVI).
2102 3352 2145 3421 Ο
2184 3352 2339 3443 vero,
2374 3378 2586 3450 inquit,
2624 3376 2673 3432 si
2720 3377 2840 3433 sint
2871 3377 2942 3433 ad
2975 3352 3243 3433 homines
3292 3352 3661 3450 pertinentia,
3714 3397 3842 3452 quae

415 3471 526 3527 Et:
572 3472 691 3527 Non
743 3473 991 3527 solvatur
1028 3487 1128 3526 rex
1170 3487 1271 3541 per
1316 3471 1551 3526 multum
1594 3473 1865 3528 virtutem.
1899 3473 2067 3541 (Psal.

413 3563 613 3627 xxx").
646 3561 757 3616 Et:
805 3562 923 3616 Non
951 3567 1029 3616 est
1060 3561 1286 3615 Domino
1314 3561 1530 3615 salvere
1573 3560 1803 3632 difﬁcile
1833 3564 1893 3617 in
1924 3565 2067 3619 mul-

414 3650 651 3705 titudine
680 3650 763 3704 vel
792 3651 852 3704 in
876 3649 1068 3720 pauris
1099 3649 1146 3719 (1
1175 3654 1302 3717 Reg.
1343 3651 1479 3717 xxv).
1515 3651 1620 3704 Et:
1666 3651 1770 3718 Qui
1799 3652 2074 3723 glori/ient

412 3755 518 3802 me,
549 3739 864 3809 glori/icubo
893 3754 1055 3802 eum;
1082 3739 1178 3809 qui
1202 3745 1382 3793 autem
1412 3747 1765 3796 contemnunt
1781 3757 1884 3808 me,
1908 3752 2069 3799 erunt

413 3828 681 3896 ignobiles
708 3828 754 3893 (1
784 3830 911 3895 Reg.
946 3830 1024 3894 ιι).
1066 3828 1136 3881 Et
1183 3831 1375 3897 spreto
1425 3827 1751 3884 carnalium
1800 3831 2063 3900 consilio,

413 3917 485 3971 de
516 3916 732 3988 quibus
780 3914 1029 3971 dicitur:
1080 3917 1345 3971 Dominus
1381 3916 1613 3988 dissipat
1660 3920 2064 3990 ronsilia'gen-

412 4007 573 4071 tium,
607 4007 859 4081 reprobat
905 4011 1085 4060 autem
1131 4007 1480 4074 cogitationes
1519 4009 1863 4078 populorum,
1898 4018 1947 4066 et
1974 4028 2064 4066 re-

405 4097 604 4168 probat
647 4096 883 4151 consilia
906 4097 1262 4167 principum,-
1292 4096 1584 4151 consilium
1620 4106 1802 4153 autem
1837 4102 2067 4156 Domini

409 4185 472 4240 in
498 4193 768 4242 aeternum
795 4193 979 4240 manet
1008 4185 1177 4253 (Psal.
1211 4185 1379 4253 κων),
1431 4185 1783 4256 acquiescite
1822 4188 2062 4245 consilio

408 4276 566 4346 quod
596 4290 699 4347 per
715 4274 1063 4346 Prophetam
1092 4274 1218 4344 ipse
1240 4273 1518 4346 dignatur
1536 4275 1674 4329 dare
1691 4277 2057 4334 mortalibus:

404 4362 559 4419 laeta
604 4364 898 4434 cogitatum
951 4372 1105 4418 tuum
1144 4364 1206 4418 in
1254 4367 1451 4427 Deum,
1511 4372 1563 4419 et
1604 4366 1717 4436 ipse
1760 4373 1810 4421 te
1856 4368 2063 4424 nutriet

406 4452 576 4519 (Psal.
618 4452 744 4522 le).
794 4452 899 4507 Et:
951 4452 1236 4523 Sperantes
1285 4453 1346 4507 in
1401 4453 1628 4509 Domino
1683 4455 2061 4512 misericordia

405 4539 766 4595 circumdabit
792 4541 966 4607 (Psal.
997 4543 1171 4607 xxxx).
1203 4542 1298 4596 Et:
1335 4542 1469 4597 Cum
1497 4559 1635 4599 esses
1677 4547 1944 4615 parvulus
1996 4548 2057 4602 in

403 4629 577 4683 oculis
620 4630 751 4693 tuis,
782 4636 944 4700 caput
987 4630 1047 4683 in
1078 4629 1329 4684 tribubus
1359 4630 1527 4687 Israel
1553 4634 1733 4702 factus
1762 4651 1817 4689 es
1844 4636 1896 4702 (Ι
1926 4638 2051 4704 Reg.

2180 3468 2333 3540 apud
2367 3468 2595 3524 Graecos
2618 3464 2956 3522 communia
2978 3465 3065 3521 vel
3089 3465 3353 3532 mobilia,
3377 3468 3533 3540 apud
3558 3485 3665 3524 nos
3686 3486 3842 3524 com-

2179 3558 2386 3611 munia
2429 3560 2569 3611 sunt
2601 3560 2664 3611 ut
2694 3557 2892 3627 haeres,
2929 3557 3184 3628 locuples.
3222 3579 3247 3604 ››
3279 3556 3438 3612 Idem
3472 3556 3532 3612 in
3564 3559 3837 3630 septimo,

2179 3645 2502 3717 penultima
2538 3645 2719 3701 tertiae
2757 3644 3163 3700 declinationis
3196 3647 3430 3717 quando
3463 3647 3703 3719 produci
3736 3648 3836 3703 de-

2177 3735 2311 3790 beat
2338 3734 2422 3789 vel
2452 3734 2660 3806 corripi
2697 3733 2844 3789 mira
2876 3733 3178 3805 diligentia
3203 3735 3535 3801 ostendens,
3562 3759 3591 3785 «
3618 3735 3834 3793 Produ-

2176 3824 2349 3892 citur,
2382 3822 2596 3895 inquit,
2622 3822 2796 3879 iubis
2813 3840 3062 3894 quorum
3082 3822 3478 3879 nominativus
3505 3825 3605 3881 70
3629 3825 3683 3879 in
3706 3825 3832 3881 lon-

2175 3929 2310 3984 garn
2342 3912 2557 3967 desinit
2587 3929 2688 3967 seu
2725 3917 2935 3967 natura
2954 3928 3057 3967 seu
3088 3910 3395 3984 positione,
3430 3918 3495 3968 ut
3545 3915 3644 3983 sol,
3675 3916 3830 3985 solis,

2174 4003 2379 4074 infans,
2406 4003 2657 4073 infantis.
2683 4000 3064 4073 Excipiuntur
3086 4000 3146 4055 in
3170 4016 3240 4057 οη
3261 4000 3588 4059 desinentia
3609 4004 3827 4074 Graeca,

2174 4094 2230 4145 et
2259 4090 2316 4145 in
2349 4108 2379 4146 ο
2409 4096 2527 4145 tam
2562 4090 2769 4145 Latina
2786 4106 2963 4162 quam
2989 4089 3184 4157 notha,
3214 4108 3342 4163 qua:
3366 4090 3682 4165 aliquando
3706 4111 3829 4151 cor-

2172 4179 2419 4251 ripiunt,
2442 4179 2758 4251 aliquando
2790 4180 3124 4251 producunt
3147 4180 3533 4252 penultimam
3563 4183 3824 4255 genitivi.

2170 4268 2453 4324 Praeterea
2481 4267 2542 4322 in
2565 4285 2663 4335 ms,
2688 4268 2774 4322 vel
2808 4270 2887 4335 bs,
2918 4267 3003 4323 vel
3030 4285 3116 4339 ps,
3148 4267 3235 4325 vel
3263 4286 3305 4325 ,τ
3325 4270 3673 4341 desinentia,
3697 4289 3825 4345 qua:

2169 4376 2280 4431 pen
2291 4358 2557 4413 ultimam
2571 4357 2807 4431 genitivi
2822 4374 3051 4430 semper
3063 4358 3405 4431 corripiunt.
3423 4361 3565 4417 Item
3577 4379 3700 4433 par,
3716 4364 3825 4436 lar,

2170 4466 2282 4516 vas,
2294 4465 2408 4520 pes,
2426 4448 2599 4515 Ceres,
2614 4464 2845 4519 compos,
2864 4448 2973 4514 bos;
2991 4464 3104 4515 sus,
3124 4465 3286 4517 grus:
3301 4466 3427 4522 quae
3440 4451 3824 4523 producentia

2167 4537 2577 4603 nominativos,
2598 4536 2924 4608 corripiunt
2942 4535 3329 4608 penultimam
3347 4538 3606 4611 genitivi.
3623 4563 3650 4590 ››
3677 4542 3819 4597 Cum

2164 4626 2345 4699 igitur
2364 4627 2647 4700 producta
2671 4626 3030 4681 nominativo
3050 4624 3139 4682 vel
3162 4631 3375 4683 natura
3395 4627 3478 4683 vel
3505 4629 3816 4701 positione,

401 4720 519 4784 xv).
572 4717 680 4771 Et:
742 4718 969 4772 Immola
1019 4718 1124 4772 Deo
1171 4720 1505 4787 sacriﬁcium
1554 4722 1755 4789 laudis,
1804 4732 1858 4779 et
1894 4724 2129 4793 reddeD
2163 4714 2920 4788 penultimasgenitivorum
2941 4717 3819 4790 consequenterproducant(his

400 4805 677 4862 Altissimo
724 4812 844 4860 vota
875 4812 986 4860 tua.
1021 4807 1082 4860 Et
1118 4808 1305 4861 invoca
1330 4824 1414 4863 me
1436 4810 1491 4862 in
1515 4809 1603 4864 die
1635 4812 2053 4869 tribulationis:

398 4911 592 4951 eruam
620 4903 692 4961 te,
722 4901 773 4950 et
812 4894 1197 4964 honoriﬁcabis
1223 4911 1310 4951 me
1357 4896 1522 4965 (Psal.
1550 4903 1722 4966 xux).
1774 4900 2054 4959 Praeterea

399 4987 753 5040 mementote
785 4983 940 5056 quod
977 4982 1252 5038 Salomon
1293 4984 1364 5038 ad
1399 4987 1716 5056 regendum
1768 4990 2050 5061 populum

398 5072 596 5140 Israel,
630 5072 722 5129 cui
747 5073 845 5129 diu
867 5071 926 5127 in
950 5071 1205 5127 maxima
1226 5089 1367 5144 pace
1387 5075 1675 5145 praesedit,
1702 5078 2050 5149 sapientiam

398 5160 773 5232 potissimum
806 5160 1136 5233 postulavit.
1174 5161 1288 5215 Nec
1321 5162 1609 5233 spernatis
1640 5165 1814 5221 etiam
1847 5184 2047 5224 eorum

394 5247 768 5306 hortamenta
796 5250 917 5322 qui,
966 5250 1150 5305 Deum
1193 5249 1550 5321 ignorantes,
1584 5253 1749 5310 utilia
1781 5273 1894 5311 non
1926 5263 2045 5315 tam

396 5337 507 5394 sibi
529 5354 707 5410 quam
730 5339 901 5395 nobis
922 5340 1219 5407 Viderunt;
1254 5338 1313 5394 in
1340 5340 1555 5411 quibus
1576 5341 1871 5401 invenitur
1890 5350 2044 5419 quod

393 5431 526 5483 ante
548 5444 724 5500 quam
744 5426 966 5500 aliquid
986 5426 1356 5500 incipiamus,
1380 5431 1697 5502 prudenter
1716 5434 1855 5506 quid
1876 5453 2047 5510 agen-

460 5587 536 5659 (a)
567 5586 973 5659 AdAltwinum.
997 5589 1349 5644 Monachum
1377 5590 1555 5647 fuisse
1579 5593 1797 5650 indicat
1831 5596 2039 5654 titulus

387 5657 677 5731 epistolae;
730 5662 1037 5731 cujusnam
1095 5678 1227 5716 vero
1286 5666 1646 5731 monasterii,
1691 5684 1803 5721 non
1851 5670 2034 5725 docet.

388 5728 600 5801 Papirii
633 5728 887 5787 Massoni
915 5732 1091 5787 editio
1124 5731 1315 5800 habet,
1350 5733 1427 5787 Ad
1447 5728 1733 5793 Altuinum
1761 5739 2035 5796 Senonen-

384 5816 498 5856 sem
554 5804 894 5859 monachum.
950 5804 1165 5860 Verum
1206 5821 1275 5860 ex
1317 5804 1563 5876 epistola
1591 5811 1661 5862 20
1692 5814 1847 5880 patet
1877 5829 2032 5882 eum,

2163 4823 2262 4861 sex
2293 4804 2546 4876 exceptis
2577 4804 2936 4869 nominibus,
2962 4821 3089 4876 quae
3120 4804 3297 4878 longa
3327 4805 3697 4863 observantia
3726 4807 3821 4863 de-

2161 4894 2449 4967 prehensa
2481 4894 2718 4959 notavit,
2739 4894 3040 4962 quoniam,
3075 4893 3201 4965 ipso
3233 4898 3397 4963 teste,
3424 4895 3659 4968 locuples
3680 4895 3739 4952 in
3763 4915 3819 4954 es

2159 4983 2505 5055 productam
2554 4984 2797 5050 finitur),
2849 4983 3054 5038 eodem
3095 4986 3330 5040 auctore
3360 4983 3611 5056 genitivo
3643 4985 3819 5060 longa

2160 5071 2483 5144 penultima
2514 5072 2856 5143 proferetur.
2891 5071 3055 5138 Quod
3085 5088 3320 5144 possem
3364 5073 3540 5129 etiam
3587 5076 3815 5147 poetico

2158 5159 2492 5217 testimonio
2514 5162 2881 5228 conﬁrmare,
2908 5160 3018 5217 nisi
3043 5161 3196 5233 apud
3216 5162 3612 5219 contentiosos
3633 5181 3783 5236 quos
3798 5197 3814 5207 -

2158 5267 2270 5322 que
2302 5249 2448 5305 tanti
2480 5249 2585 5304 viri
2619 5254 2847 5305 tantum
2897 5256 3093 5322 posset
3142 5250 3478 5307 auctoritas.
3525 5254 3812 5326 Locupleto

2155 5344 2372 5405 autem,
2392 5339 2547 5411 quod
2570 5338 2894 5411 penultima
2910 5340 3193 5411 producta
3209 5357 3583 5414 nequaquam
3606 5343 3813 5400 dubito

2153 5429 2562 5502 proferendum
2596 5428 2769 5500 (sicut
2798 5428 3077 5500 quoniam
3109 5430 3296 5495 robur,
3329 5431 3541 5487 roboris
3570 5432 3812 5506 corripi-

2150 5591 2368 5662 saltem,
2390 5606 2523 5662 cum
2556 5588 2799 5662 epistola
2838 5589 2939 5645 illa
2968 5590 3187 5662 scripta
3218 5594 3328 5657 est,
3378 5598 3809 5653 commoratum

2150 5664 2331 5718 fuisse
2359 5661 2417 5715 in
2443 5661 2782 5734 germania,
2810 5662 3066 5734 adeoque
3089 5661 3443 5718 monachum
3468 5664 3649 5722 fuisse
3672 5666 3806 5722 Ful-

2148 5735 2409 5790 densem.
2443 5732 2588 5787 Vide
2636 5733 2779 5788 Acta
2808 5732 3155 5791 Sanctorum
3207 5734 3431 5792 ordinis
3464 5738 3522 5792 S.
3558 5737 3807 5795 Benedi-

2147 5807 2222 5862 cti
2254 5810 2396 5862 tom.
2430 5803 2523 5871 VI,
2557 5820 2690 5876 pag.
2723 5806 2811 5861 60.
