4114 6460
414 434 539 510 603

1413 429 1484 491 Β.
1532 429 1593 490 S.
1639 426 1820 490 LUPI
1862 424 2194 488 ABBATIS
2239 426 2837 489 FERRARIENSIS.

3725 425 3848 487 504

419 566 717 625 deﬁnitur.
756 566 936 623 Timor
963 566 1202 631 Domini,
1233 563 1443 637 inquit,
1475 571 1553 618 est
1579 562 1875 634 sapientia,
1908 569 1959 616 et
1992 578 2070 617 νε·
2099 562 2153 627 Α
2184 560 2441 633 quotidie
2471 578 2701 617 crescas
2732 559 3310 633 virtutibus,meique
3334 577 3567 634 semper
3596 559 3849 634 benigne

418 657 605 714 cedere
630 674 669 713 α
693 657 841 712 malo
868 656 1235 727 intelligentia
1266 654 1400 727 (Job.
1437 652 1656 723 xxvnt).
1691 651 1975 707 Caeterum
2006 651 2078 706 de

420 747 515 804 his
540 747 645 821 qui
677 762 984 820 perperam
1014 743 1235 811 vivunt,
1267 747 1325 799 et
1355 742 1579 815 integre
1609 740 1768 813 loqui
1807 740 2083 812 concupi-

422 839 680 906 scunt,et
708 839 1013 911 corruptos
1035 850 1334 891 sermones
1352 849 1529 904 quam
1554 847 1747 887 mores
1769 846 2081 902 aspernan-

416 926 633 994 tur,sic
663 925 1017 982 instruimur
1049 940 1062 977 :
1099 924 1288 978 Omnis
1320 922 1476 978 labor
1504 921 1717 977 homini
1742 922 1802 976 in
1831 936 1922 975 ore
1941 920 2079 991 ejus,

429 1018 529 1073 74
556 1023 610 1072 et
640 1016 831 1071 anima
874 1012 1036 1069 illius
1082 1029 1193 1069 non
1234 1012 1535 1083 replebitur
1583 1010 1769 1082 (Eccli.
1802 1009 1901 1080 v1).
1937 1008 2085 1074 Quia

425 1104 672 1177 dignum
704 1102 959 1176 profecto
977 1104 1067 1157 est
1084 1105 1148 1156 ut
1171 1100 1273 1173 qui
1299 1098 1521 1173 primas
1540 1103 1737 1171 partes
1767 1097 2081 1153 eruditioni

424 1193 650 1262 tribuit,
685 1209 801 1248 non
835 1190 1153 1259 sanctitati,
1201 1206 1237 1245 a
1280 1189 1593 1245 refectione
1638 1186 1935 1259 sapientia
1966 1186 2084 1242 exi-

423 1282 548 1339 tiali
584 1281 811 1355 jejunio
856 1280 1222 1337 excludatur.
1255 1277 1536 1345 Quocirca
1566 1277 1614 1333 si
1644 1276 1951 1350 vigilanter
1982 1293 2083 1348 po-

420 1372 619 1429 liendo
647 1370 1049 1427 incumbimus
1080 1368 1332 1441 eloquio,
1365 1366 1552 1422 multo
1583 1366 1834 1422 maxime
1878 1382 2083 1422 consc-

421 1461 668 1535 quenda
678 1458 972 1518 honestati
984 1464 1163 1531 atque
1167 1458 1190 1529 j
1204 1457 1312 1512 usti
1321 1456 1413 1512 tia
1424 1474 1456 1512 ο
1461 1474 1531 1529 pe
1538 1473 1660 1511 ram
1672 1454 2049 1528 impendamu
2059 1472 2086 1511 s

423 1553 669 1624 oportet.
705 1549 815 1605 Sed
850 1565 985 1604 cum
1019 1550 1187 1603 varia
1219 1546 1337 1602 sint
1368 1550 1535 1602 secta
1577 1544 2083 1618 philosophorum,

425 1656 533 1697 suo
564 1654 934 1711 unaquaque
964 1653 1175 1710 genere
1205 1636 1493 1708 perlecta,
1519 1651 1771 1707 quarum
1805 1633 1968 1690 nulla
1987 1632 2085 1688 alii

424 1727 774 1801 prajudicat
793 1743 909 1799 quo
933 1726 1132 1781 minus
1161 1724 1412 1781 cultores
1442 1740 1582 1780 suos
1612 1723 1670 1779 in
1704 1722 2087 1796 philosophia

423 1816 754 1874 sacrarium
785 1815 1139 1884 introducat,
1173 1818 1231 1870 et
1261 1813 1514 1870 discordi
1547 1811 1857 1869 concordia
1885 1827 2089 1868 omnes

426 1905 865 1980 quodammodo
895 1902 1396 1976 uniantur,palam
1417 1907 1506 1959 est
1530 1902 1966 1976 prepositerum
2000 1901 2089 1957 di-

425 1994 914 2068 versitatem,qua
944 1993 1359 2066 pacatissimus
1390 1991 1491 2047 Dei
1525 1991 2092 2064 populusinsepara-

427 2082 644 2151 biliter,
677 2087 741 2139 ut
770 2083 851 2140 ita
877 2082 1146 2151 dixerim,
1198 2085 1522 2154 separatur,
1574 2098 1691 2137 non
1740 2082 1970 2136 officere
2016 2080 2087 2136 ad

427 2173 577 2230 bene
623 2172 959 2240 vivendum,
991 2176 1049 2228 et
1103 2171 1263 2227 vario
1320 2170 1529 2227 itinere
1575 2170 1669 2243 pie
1717 2169 2089 2228 venientibus

429 2262 637 2318 matris
668 2260 938 2319 Ecclesia
955 2260 1242 2333 templum
1262 2277 1389 2316 esse
1406 2261 1943 2333 apertum,quando
1966 2260 2092 2316 uni-

429 2350 645 2424 cuique
676 2350 867 2407 ordini
898 2367 1007 2407 sua
1035 2353 1263 2406 constet
1300 2348 1596 2422 perfectio.
1632 2352 1978 2422 Quanquam
2030 2349 2089 2404 id

431 2444 802 2513 postremum
834 2439 944 2495 hoc
977 2439 1053 2495 sit
1084 2438 1302 2494 certius
1324 2455 1441 2511 quo
1463 2439 1658 2494 divina
1688 2443 1967 2510 prastant
1988 2438 2093 2494 hu-

432 2528 858 2602 manithaque
880 2528 1082 2584 hortor
1100 2525 1359 2583 indolem
1379 2533 1492 2581 tua
1518 2526 1840 2583 nobilitatis
1864 2528 1948 2582 uti
1967 2526 2095 2599 qui.

434 2635 669 2692 cunque
697 2617 999 2692 religionis
1049 2616 1391 2672 Christiana
1440 2616 1660 2688 gradus
1709 2634 1823 2688 pra
1869 2617 2092 2673 cateris

424 2707 539 2765 tibi
599 2707 795 2764 animo
844 2706 1081 2777 sederit,
1116 2709 1344 2761 servata
1372 2710 1714 2761 catcrorum
1746 2706 2088 2773 reverentia,

426 2796 495 2871 in
522 2812 589 2853 eo
619 2799 967 2869 cooperante
998 2799 1110 2850 Deo
1142 2794 1204 2849 in
1233 2794 1355 2849 dies
1386 2794 1678 2866 proficias,
1710 2798 1767 2849 et
1793 2794 2090 2868 integrum

429 2888 489 2941 te
516 2883 578 2941 in
609 2900 676 2940 eo
706 2882 1001 2939 exhibeas.
1036 2882 1197 2947 Quod
1230 2881 1279 2936 si
1311 2886 1475 2953 potes
1503 2899 1570 2938 ex
1602 2883 1752 2939 bono
1786 2883 1857 2938 ad
1894 2883 2093 2939 melio-

426 2976 762 3044 rem,atque
790 2971 864 3027 ab
895 2971 1013 3027 imo
1045 2972 1116 3026 ad
1151 2988 1455 3026 summum
1504 2972 1768 3038 evadere,
1802 2972 1859 3027 id
1895 2976 1951 3027 te
1983 2972 2090 3027 niti

426 3077 664 3119 summa
692 3060 1014 3117 intentione
1046 3061 1401 3132 persuadere
1430 3060 1711 3132 velim,ut
1740 3061 2090 3117 laboriosius

429 3150 654 3209 auctori
686 3148 970 3217 militans,
1003 3150 1075 3206 ab
1126 3166 1192 3205 eo
1245 3148 1559 3222 gloriosius
1590 3150 1905 3206 coroneris.
1936 3152 2092 3208 Jacta

426 3241 726 3311 cogitatum
745 3248 901 3295 tuum
921 3241 980 3295 in
1000 3240 1545 3310 Domino(Psal.L1v),
1572 3243 1639 3295 ut
1658 3240 1730 3295 ab
1753 3257 1819 3296 eo
1849 3253 1872 3282 ε
1894 3240 2091 3296 nitori-

2192 646 2552 704 memineris.
2878 706 2879 709 η

2707 738 3059 794 EPISTOLA
3097 738 3335 794 XXXVI.

2811 847 2883 884 AD
2920 844 3224 884 ALVVINUM.

2263 916 2323 972 Si
2352 917 2719 973 subitaneam
2753 917 2923 973 nobis
2941 921 3106 973 tuam
3125 917 3430 973 attulisses
3452 917 3847 990 prasentiam,

2192 1006 2465 1063 infertilis
2507 1008 2765 1079 profecto
2818 1006 3035 1063 laboris
3084 1007 3389 1064 retulisses
3446 1006 3846 1079 dispendium.

2193 1096 2462 1168 Namque
2493 1096 2575 1151 ita
2604 1112 2697 1151 me
2728 1095 2902 1151 variis
2933 1100 2991 1151 et
3036 1095 3474 1152 inevitabilibus
3520 1095 3851 1153 involutum

2192 1185 2539 1241 oll‘endisses
2571 1184 2841 1258 negotiis,
2878 1189 2944 1240 ut
2974 1185 3068 1240 vix
3100 1185 3252 1241 intra
3285 1185 3505 1241 multos
3554 1186 3682 1243 dies
3733 1204 3854 1242 una

2194 1274 2340 1330 hora
2366 1292 2581 1330 vacuas
2629 1274 2735 1329 tibi
2785 1291 2957 1330 aures
3001 1275 3259 1347 prabere
3308 1274 3656 1347 potuissem.
3700 1275 3849 1342 Quin

2194 1362 2371 1419 etiam
2424 1362 2653 1417 abbatis
2703 1362 2969 1418 absentia
3016 1362 3324 1419 intentioni
3373 1366 3488 1419 tua
3528 1362 3849 1436 plurimum

2196 1452 2551 1525 derogasset.
2599 1452 2800 1524 Itaque
2848 1452 3001 1524 quod
3051 1458 3109 1507 et
3165 1468 3293 1526 ego,
3352 1453 3854 1524 quemadmodum

2197 1558 2376 1614 supra
2405 1541 2686 1614 expressi,
2714 1558 2848 1597 sum
2898 1545 3241 1614 occupatus,
3287 1545 3346 1598 et
3389 1542 3571 1598 abbas
3616 1542 3712 1597 vix
3749 1560 3854 1598 au-

2195 1636 2401 1687 tumno
2430 1647 2769 1686 reversurus
2797 1631 3074 1699 creditur,
3109 1631 3160 1686 si
3191 1631 3296 1687 tibi
3347 1632 3420 1687 ad
3472 1648 3580 1688 nos
3622 1631 3856 1688 venien-

2198 1721 2338 1776 dum
2364 1720 2687 1789 existimas,
2712 1720 3173 1794 opportunitatis
3202 1720 3363 1777 vides
3392 1722 3854 1794 exspectandum

2196 1811 2638 1866 commercium.
2673 1812 2955 1867 Caterum
2988 1827 3338 1884 germanum
3380 1815 3573 1878 tuum,
3606 1814 3672 1866 ut
3714 1828 3856 1884 sup-

2197 1899 2449 1972 plicasti,
2511 1899 2893 1970 orationibus,
2956 1900 3113 1972 quod
3170 1904 3398 1973 potero,
3450 1901 3659 1972 jnvare
3717 1918 3853 1957 con~

2200 1990 2459 2045 tendam.

2631 2080 2729 2134 7'6
2770 2078 3125 2135 EPISTULA
3164 2079 3433 2135 XXXVII.

2567 2190 2594 2231 ι)
2632 2185 2703 2223 AD
2740 2185 3120 2224 HERIBOLDUM
3160 2184 3487 2225 EPISCOPUM

2270 2258 2563 2330 Suspecta
2595 2256 2739 2312 mihi
2769 2256 3180 2330 amplitudinis
3208 2266 3412 2314 vestra
3443 2274 3632 2330 nuper
3661 2258 3857 2315 missa

2199 2347 2436 2402 fuerunt
2464 2346 2692 2401 littera.
2725 2345 2947 2402 Idcirco
2995 2347 3447 2419 temperandum
3480 2346 3860 2419 responsione

2199 2428 2397 2509 putavi
2428 2436 2583 2508 quod
2617 2436 2695 2491 rei
2728 2436 3031 2492 veritatem
3066 2436 3363 2493 rescirem.
3384 2436 3551 2492 Nunc
3576 2436 3857 2509 quoniam

2196 2556 2221 2586 ο
2252 2524 2583 2581 communis
2616 2525 2792 2580 frater
2838 2529 2896 2579 et
2949 2526 3287 2580 earumdem
3320 2524 3649 2581 litterarum
3679 2526 3858 2581 ﬁdem

2201 2619 2257 2670 et
2283 2614 2460 2670 vestri
2493 2618 2682 2670 status
2712 2614 2985 2686 patefecit
3012 2614 3338 2681 veritatem,
3368 2614 3533 2671 bona
3574 2614 3859 2672 valetudi-

2201 2704 2294 2760 nis
2352 2704 2517 2760 vobis
2577 2704 3077 2776 recuperationem
3129 2720 3307 2776 quam
3359 2705 3727 2761 celerrimum
3757 2721 3861 2760 ex-

2200 2792 2692 2866 eptans,breviter
2720 2791 2931 2849 litteris
2964 2792 3375 2865 respondeo.Si
3401 2797 3620 2849 natura
3642 2811 3863 2850 memo-

2200 2897 2315 2948 res,
2348 2896 2474 2952 qua
2506 2897 2611 2935 nos
2645 2878 2976 2936 arctissimo
3006 2879 3460 2937 necessitudinis
3487 2881 3719 2938 vinculo
3752 2899 3860 2939 ne-

2199 2969 2346 3037 xuit,
2380 2967 2729 3041 pristinique
2760 2968 2981 3025 amoris
3014 2968 3184 3026 unice
3233 2968 3730 3043 singulariterque
3759 2972 3858 3028 de-

2197 3057 2384 3113 vinxit
2413 3061 2691 3130 (quorum
2720 3067 2747 3109 d
2777 3075 2963 3113 unum
2998 3063 3087 3114 est
3126 3062 3388 3127 eventus,
3419 3058 3670 3116 alterum
3696 3061 3861 3133 judi-

2201 3147 2295 3219 cii)
2325 3146 2610 3203 sinceram
2641 3147 2786 3202 mihi
2816 3146 3279 3203 benevolentiam
3326 3147 3716 3205 exhibendam
3767 3151 3861 3206 de-

2201 3236 2482 3304 crevistis,
2507 3237 2623 3291 imo
2656 3237 2797 3309 quia
2825 3236 3455 3305 decrevistis,locorum
3489 3238 3857 3310 insterstitia,

427 3333 629 3387 menta
648 3334 927 3403 perpetuo
942 3328 1197 3385 feliciaet
1214 3327 1460 3383 feliciter
1475 3332 2086 3402 perpetuaconsequa-
2116 3317 2160 3395 Ci
2200 3342 2326 3398 qua
2358 3325 2502 3381 mihi
2536 3324 2727 3398 questi
2758 3326 2925 3394 estis,
2959 3326 3311 3382 detrimento
3346 3344 3483 3384 esse
3533 3345 3647 3383 non
3698 3334 3859 3401 pote-

424 3417 803 3491 ris.Illudque
817 3422 949 3474 ante
964 3417 1161 3473 omnia
1173 3434 1405 3489 semper
1417 3417 1473 3471 in
1488 3417 1674 3473 oculis
1695 3417 1912 3473 habeas
1932 3419 2087 3491 quod

424 3505 551 3580 ipse
575 3510 630 3563 te
659 3505 1044 3579 fecerit,quod
1079 3508 1373 3580 perditum
1402 3505 1752 3575 reformarit,
1778 3509 1927 3578 quod
1966 3512 2085 3563 tam

422 3594 665 3663 crebris,
699 3598 820 3650 tam
852 3594 1124 3667 cepiosis,
1159 3596 1518 3667 tandemque
1559 3595 1837 3666 proﬁcuis
1864 3596 2089 3653 auxerit

425 3682 759 3751 beneflciis;
787 3688 851 3738 ut
871 3683 1005 3738 hinc
1028 3683 1196 3739 illum
1220 3683 1501 3739 laudandi
1527 3688 1803 3756 concepta
1822 3685 2084 3755 materia,

421 3773 565 3828 dum
596 3771 647 3829 ei
670 3772 890 3845 gratias
913 3773 983 3827 de
1005 3773 1259 3845 acceptis
1290 3778 1347 3827 et
1377 3771 1559 3828 habes
1592 3776 1648 3828 et
1678 3774 1859 3829 refers
1881 3792 2086 3830 mune-

425 3859 612 3928 ribus,
667 3862 774 3915 ﬁas
823 3861 894 3915 ad
947 3860 1290 3933 accipienda
1336 3861 1560 3932 majora
1613 3861 1707 3917 75
1748 3861 1998 3934 dignior,
2032 3867 2088 3921 et

420 3949 608 4005 fretus
640 3947 991 4019 humilitate,
1028 3949 1517 4022 persevcrantiam
1563 3950 1621 4004 in
1654 3950 1822 4006 bonis
1855 3952 2086 4008 actibus

422 4038 601 4110 (quod
632 4042 721 4094 est
749 4038 971 4094 donum
1002 4037 1411 4110 inamissibilc)
1444 4038 1727 4095 sortiaris.
1764 4041 1915 4095 Sane
1940 4041 2083 4097 dum

416 4126 514 4184 his
547 4126 761 4184 studiis
790 4128 1118 4200 occuparis,
1152 4128 1427 4184 honestas
1458 4133 1611 4185 artes
1643 4133 1699 4184 et
1729 4128 1963 4202 ingenio
1996 4128 2083 4184 di-

414 4232 562 4290 gnas
589 4215 771 4273 nolim
804 4215 1167 4291 negligenter
1195 4224 1535 4290 pratereas;
1569 4235 1771 4274 verum
1821 4218 2083 4289 postules

416 4322 620 4363 earum
652 4306 958 4363 scientiam
989 4308 1061 4363 ab
1088 4324 1154 4363 eo
1188 4307 1287 4380 qui
1320 4309 1419 4363 dat
1449 4306 1725 4364 omnibus
1752 4307 2081 4380 affluenter,

417 4399 476 4452 et
528 4413 644 4452 non
689 4396 1082 4469 improperat;
1117 4399 1367 4469 etjuxta
1418 4413 1758 4452 mensuram
1805 4396 1934 4452 ﬁdei
1970 4402 2080 4453 tua

418 4485 526 4541 tibi
556 4484 714 4541 haud
760 4486 935 4541 dubie
985 4485 1335 4542 tribuentur.
1372 4486 1601 4551 Valeas,
1632 4484 1977 4541 charissime
2025 4490 2082 4542 et

422 4573 989 4644 desiderantissime;
1022 4580 1079 4630 et
1108 4575 1281 4648 leuga
1313 4575 1527 4631 ﬂorens
1557 4573 2081 4642 atate,salutiferis

2197 3420 2352 3471 runt.
2375 3414 2435 3471 Si
2467 3415 2701 3487 quidem
2734 3419 2792 3470 ct
2821 3417 3155 3487 frequenter
3184 3415 3433 3472 invicem
3462 3417 3659 3473 videre
3689 3417 3859 3475 nobis

2197 3504 2443 3561 facultas
2474 3510 2591 3571 est;
2625 3509 2681 3559 et
2729 3503 2779 3560 si
2829 3504 2963 3576 quis
2993 3521 3167 3561 casus
3219 3504 3570 3577 impedierit,
3604 3506 3857 3564 litterale

2198 3594 2367 3649 nobis
2396 3593 2858 3666 haudquaquam
2892 3593 3055 3649 deest
3084 3593 3656 3667 commercium,quo
3684 3596 3859 3653 vicis-

2197 3683 2309 3738 sim
2342 3683 2701 3738 intentioneo
2736 3687 2967 3738 nostras
2989 3682 3057 3755 (si
3088 3687 3282 3739 vestra
3308 3700 3374 3739 eo
3409 3701 3596 3756 usque
3618 3702 3680 3741 se
3700 3703 3859 3741 sum-

2197 3772 2376 3827 mittit
2406 3771 2764 3839 sublimitas)
2797 3771 3164 3828 familiariter
3212 3790 3533 3844 possumus
3562 3774 3855 3832 .revelare.

2195 3866 2475 3918 Caeterum
2508 3860 2765 3916 codicem
2793 3861 3231 3918 annotationem
3259 3863 3414 3919 beati
3440 3863 3773 3937 Hieronymi
3797 3865 3855 3921 in

2195 3951 2531 4024 prophetas,
2565 3950 2817 4006 necdum
2851 3968 2886 4006 a
2918 3968 3011 4007 me
3043 3950 3279 4021 lectum,
3304 3953 3471 4009 vobis
3504 3970 3727 4010 morem
3757 3971 3856 4028 ge-

2194 4058 2349 4108 rens,
2385 4040 2571 4113 dirigo
2606 4057 2617 4095 :
2655 4057 2829 4113 quem
2862 4044 3053 4097 vestra
3094 4040 3394 4114 diligentia
3441 4042 3556 4098 cito
3605 4047 3709 4099 aut
3755 4062 3856 4100 ex-

2194 4129 2569 4185 scribendum
2605 4135 2705 4185 aut
2738 4129 3047 4202 legendum
3081 4131 3665 4204 procuret,nobisque
3694 4132 3859 4190 resti-

2192 4219 2277 4275 tui
2300 4220 2529 4290 jubeat.
2563 4218 2726 4274 Unde
2758 4237 2857 4274 vos
2884 4220 3243 4275 monendum
3269 4220 3563 4292 judicavi;
3593 4238 3665 4278 ne
3705 4222 3853 4279 forte
3914 4292 3917 4295 δ

2190 4308 2353 4364 vobis
2386 4307 2443 4362 in
2478 4307 2682 4363 multis
2714 4308 3089 4381 assiduisque
3106 4310 3403 4382 occupatis
3432 4311 3682 4384 negotiis
3705 4311 3852 4368 nihil

2189 4398 2352 4453 vobis
2381 4395 2666 4452 collatura
2698 4396 2865 4453 nobis
2898 4399 3237 4454 earumdem
3271 4417 3464 4455 rerum
3497 4401 3730 4457 obesset
3760 4402 3851 4457 di-

2189 4487 2542 4559 latio.Atque
2561 4485 2787 4541 utinam
2808 4486 3164 4543 altissimum
3186 4488 3570 4562 divinumque
3589 4495 3851 4548 vestrum

2190 4577 2512 4650 ingenium,
2561 4580 2849 4647 quantum
2898 4582 3098 4647 posset
3145 4577 3289 4646 ﬁeri,
3324 4593 3407 4634 ae
3435 4578 3853 4637 communibus

488 4690 511 4720 ι
540 4680 946 4758 Νἰίρνξηιεηῑακ
974 4683 1059 4758 Ita
1109 4682 1333 4758 descrte
1388 4682 1565 4758 codex
1617 4683 2076 4758 manuscriptus,
2112 4695 2154 4758 D
2188 4680 2727 4758 situdinisvinculo
2762 4682 3050 4758 nexuisse.
3085 4684 3260 4757 Atqui
3294 4690 3570 4741 neutrum
3593 4687 3851 4742 necesSi-

417 4768 553 4807 cum
584 4752 901 4809 editionem
934 4753 1232 4820 haberent,
1253 4755 1394 4808 inter
1424 4754 1885 4808 incerta.Novum
1917 4752 2074 4810 haud

415 4822 591 4880 dubie
604 4824 1083 4890 vocabulum,sed
1100 4842 1213 4895 quo
1232 4826 1430 4895 Lupus
1450 4824 1766 4895 signiﬁcari
1781 4824 1917 4879 velit
1931 4826 2076 4882 nito-

417 4912 540 4968 rem
564 4896 861 4968 mentis,id
881 4902 974 4968 est
996 4896 1510 4968 anima,perpetuo
1532 4897 1901 4968 duraturum.
1927 4897 2073 4952 Nam

422 4967 642 5039 alioqui
675 4985 842 5022 voces
874 4967 1006 5039 illa,
1044 4969 1187 5022 inter
1227 4965 1455 5031 incerta,
1492 4965 1635 5039 nihil
1678 4967 1782 5039 hic
1829 4968 2069 5025 faciunt.

487 5056 514 5098 b
544 5038 623 5094 Ad
652 5038 1005 5095 lleriboldum
1027 5055 1361 5110 epzsrolmm.
1394 5038 1983 5106 Antissiodorensem,
2008 5048 2074 5096 ut

417 5110 692 5181 diximus,
727 5112 799 5166 ad
832 5109 1137 5181 epistolam
1190 5109 1273 5165 1’9.
1319 5110 1689 5181 Hincmarus,
1724 5110 2072 5167 Rhexnensis

417 5180 894 5263 archiepiscopus
926 5184 1012 5262 (ut
1047 5183 1411 5263 lflncloardus.
1445 5182 1612 5263 docet
1647 5180 1765 5263 .lib.
1808 5199 1890 5247 Ill,
1922 5200 2066 5262 Icap.

415 5252 843 5324 21),episto|am
874 5254 1151 5325 scripsitu
1186 5252 1415 5308 Abboni
1442 5252 1933 5309 Antissiodorensi
1967 5252 2069 5325 pro

418 5324 728 5399 Heriboldo
765 5324 1009 5399 praesule
1040 5326 1340 5399 defuncto,
1375 5325 1476 5396 qui
1508 5325 1933 5399 cuidamLt'ratri
1966 5324 2066 5399 ap-

415 5413 627 5470 parens
648 5395 953 5470 admonuit
969 5396 1039 5450 de
1055 5395 1421 5470 elcemosyna
1437 5403 1494 5451 et
1510 5396 1872 5470 orationibus
1893 5395 2068 5470 atque

413 5467 812 5523 oblationibus
844 5484 947 5539 pro
976 5484 1036 5521 se
1069 5467 1398 5523 otferendis.
1439 5492 1463 5516 υ
1494 5468 1655 5523 Abbo
1687 5468 1865 5533 enim,
1900 5467 2065 5525 Heri-

412 5539 566 5594 boldi
604 5539 798 5605 frater,
836 5542 887 5592 ei
920 5555 1072 5593 anno
1120 5541 1225 5593 854
1274 5539 1333 5594 in
1381 5540 1657 5595 cathedra
1701 5541 2063 5598 Antissiodo-

412 5611 565 5667 rensi
601 5614 965 5683 successerat
992 5628 1056 5664 ex
1092 5617 1373 5682 pracepto
1406 5612 1589 5667 Caroli
1623 5613 1771 5666 Calvi
1808 5614 1980 5681 regis.

480 5697 505 5725 ο
534 5683 852 5737 Communis
871 5683 1072 5808 frater.
1109 5691 1194 5737 An
1245 5683 1591 5739 Hcriboldus
1644 5684 1787 5754 Lupi
1842 5685 2063 5739 frater?

480 5758 573 5806 ;rtc
605 5751 775 5808 paulo
804 5751 864 5808 in
894 5771 957 5808 ra
986 5753 1065 5808 ait
1096 5760 1361 5808 naturam
1391 5773 1489 5808 eos
1520 5756 1849 5808 arctissimo
1874 5773 2063 5808 neces-

409 5750 573 5807 Certc
605 5751 775 5823 paulo
804 5750 957 5809 infra
986 5753 1065 5810 ait
1096 5760 1361 5810 naturam
1391 5773 1489 5810 eos
1520 5750 1849 5809 arctissimo
1874 5773 2065 5811 neces-

2186 4755 2410 4811 tudinis
2439 4754 2739 4809 vinculum
2764 4755 2982 4828 arctius
3017 4763 3105 4811 est
3136 4754 3314 4828 quam
3351 4758 3703 4813 fraternitas.

2254 4836 2279 4868 α
2314 4829 2856 4902 υῃιιηιηθδισινενζιιιδ.
2894 4824 2987 4902 Sic
3036 4824 3219 4902 Galba
3266 4828 3409 4902 imp,
3464 4830 3618 4902 apud
3669 4828 3850 4884 Taci-

2185 4903 2333 4972 tum,
2368 4898 2425 4952 in
2462 4897 2607 4972 libro
2660 4898 2848 4972 primo
2899 4899 3304 4972 Historiarum,
3343 4897 3633 4969 Pisonem,
3668 4917 3844 4972 quem

2183 4971 2525 5045 adoptabat,
2548 4970 2638 5045 his
2669 4970 2860 5045 verbis
2893 4970 3215 5045 alloquitur
3247 4988 3298 5027 :u
3322 4973 3468 5045 Nam
3501 4970 3764 5045 generari
3794 4979 3854 5027 et

2184 5040 2341 5097 nasci
2376 5058 2409 5096 a
2443 5040 3279 5112 principibus,fcrtuitum,nec
3306 5044 3460 5101 ultra
3489 5040 3848 5113 astimatur;

2182 5114 2519 5184 adoptandi,
2547 5112 2842 5183 judicium
2875 5114 3191 5184 integrum.
3230 5137 3257 5165 »

2248 5204 2271 5258 β
2300 5184 2687 5258 Communibus
2720 5186 2972 5258 negotiis.
3006 5184 3089 5241 Ob
3122 5186 3230 5242 hoc
3262 5186 3544 5243 nimirum
3576 5186 3716 5258 quia
3746 5204 3848 5242 ar-

2179 5255 2615 5327 chicapellanus
2646 5261 2770 5327 erat
2796 5280 2849 5327 ί‹‹
2890 5257 2991 5312 Pro
3015 5258 3152 5327 jure
3184 5259 3340 5313 enim
3375 5259 3465 5315 sui
3498 5255 3784 5321 muneris,
3817 5281 3844 5308 ››

2181 5333 2246 5381 ut
2283 5329 2474 5382 Maron
2496 5326 2697 5381 scribit
2713 5326 2771 5381 in
2795 5326 2943 5382 libro
2965 5326 3063 5383 vru
3087 5330 3157 5384 de
3178 5330 3502 5386 Concordia
3529 5331 3842 5386 sacerdotii

2177 5405 2233 5454 et
2254 5398 2986 5475 _imperii,f<ecclesiasticas
3018 5416 3228 5475 causas
3262 5402 3320 5475 in
3351 5402 3565 5475 palatio
3595 5402 3844 5457 distrin-

2175 5472 2346 5542 gebat
2377 5470 2905 5547 archicapellanus,
2940 5493 2967 5521 ››
3019 5470 3453 5547 θειξᾼιιὶηιὶτίιῐῐι
3504 5490 3645 5547 (μιωᾷ
3682 5490 3843 5529 com-

2178 5559 2385 5597 munes
2418 5548 2603 5617 erant,
2638 5552 2700 5596 ut
2729 5542 2810 5596 ait
2845 5544 3062 5614 Lupus,
3096 5544 3155 5617 id
3188 5551 3277 5600 est
3305 5542 3538 5617 graves;
3568 5568 3595 5596 ‹‹
3628 5544 3845 5601 Prater

2176 5631 2302 5668 eam
2322 5613 2909 5688 auctoritatemque}
2937 5613 3178 5687 propria
3209 5613 3335 5673 erat
3362 5617 3841 5688 archicapellani,

2173 5686 2449 5761 omnibus
2480 5686 3012 5761 consultationibus
3036 5686 3163 5761 qua
3178 5690 3249 5744 de
3265 5707 3323 5761 re
3347 5689 3582 5761 publica
3598 5686 3700 5761 aut
3720 5688 3847 5761 pri-

2173 5762 2303 5812 vata
2342 5756 2398 5811 in
2442 5756 2656 5828 palatio
2707 5775 2739 5811 ιι
2789 5756 3141 5815 consiliariis
3200 5756 3591 5834 (qui'partim
3643 5756 3846 5837 clerici
