4108 6460
123 374 241 456 5.2.1

1629 369 2061 431 EPISTOL/E.

3427 370 3547 433 522

112 480 617 562 ’111000111Πο1-01110
633 498 1785 576 propterabsentiam,utfatetur,Odulﬁ.
1816 501 1870 571 Α
1900 498 2125 554 aditum
2160 499 2480 571 respondit,
2504 517 2624 573 quo
2668 501 2955 557 hactenus
2990 501 3081 556 uti
3115 499 3557 574 contempserit,

130 594 186 650 Is
225 593 512 665 languere
564 591 799 655 dicitur,
832 606 937 645 nec
968 594 1090 644 tam
1123 588 1445 661 periculose
1478 593 1541 643 ut
1570 587 1657 644 vel
1688 588 1787 643 ad-

132 682 397 738 monitus
430 680 779 753 corrigatur,
804 679 959 751 quod
990 682 1348 750 optaremus,
1375 694 1477 733 nec
1510 682 1630 733 tam
1659 693 1788 749 gra-

132 771 281 827 viter
302 775 366 825 ut
390 769 694 833 moriatur,
711 768 866 840 quod
890 771 1127 840 propter
1150 767 1277 838 ejus
1299 766 1375 837 (a)
1401 765 1789 821 certissimam

133 858 577 917 damnationem
612 856 962 913 doleremus.
983 856 1292 927 Properate
1321 854 1522 927 itaque
1554 858 1795 926 ut,quo-

125 949 300 1005 vniam
354 947 654 1021 propiores
713 944 1148 1017 aliquantulum
1202 944 1338 1021 facti
1398 961 1627 1011 sumus,
1662 946 1794 1015 post

133 1040 301 1093 tanta
332 1034 527 1109 spatia
556 1033 902 1090 desideratis
938 1032 1196 1089 rctovear
1220 1031 1582 1104 alloquiis,et
1601 1035 1792 1088 vestro

136 1125 373 1192 annisu,
406 1128 644 1180 auctore
671 1122 869 1179 divina
899 1122 1103 1195 gratia,
1128 1121 1339 1176 liberer
1364 1120 1681 1192 angoribus
1702 1119 1793 1174 vix

138 1212 415 1270 ferendis.
450 1211 642 1279 Tales,
667 1228 886 1284 quasso,
910 1208 1126 1265 nostris
1147 1214 1330 1265 estote
1362 1209 1559 1281 pueris
1590 1206 1793 1280 quales

138 1319 254 1358 non
281 1301 453 1357 modo
484 1300 723 1365 nostris,
746 1315 948 1355 verum
974 1298 1148 1355 etiam
1179 1296 1352 1371 vulgo
1386 1298 1580 1353 fuistis
1611 1297 1794 1352 omni-

124 1391 252 1447 ‘bus
276 1389 684 1463 paternitatem
704 1393 959 1444 vestram
986 1387 1075 1461 pie
1098 1387 1514 1460 quaerentibus.
1540 1387 1642 1442 98
1665 1385 1793 1441 Exi-

139 1479 383 1555 guitatis
413 1495 554 1533 meas
586 1477 822 1534 nomine
855 1475 1271 1532 charissimum
1302 1476 1545 1550 Eigilem
1577 1481 1634 1531 et
1663 1475 1795 1531 reli-

124 1586 291 1642 quos
321 1583 526 1625 omnes
558 1567 765 1623 fratres
794 1564 1120 1638 dignamini
1153 1564 1798 1621 salutare.Laboriosis-

139 1658 364 1715 simum
381 1655 730 1713 difficillimo
758 1659 1018 1727 tempore
1041 1655 1360 1727 negotium,
1376 1655 1697 1728 praesertim
1717 1653 1799 1710 ni-

138 1746 225 1803 hil
244 1746 509 1812 meritus,
525 1745 689 1801 vobis
709 1745 1006 1818 imponere
1031 1744 1488 1817 haudquaquam
1513 1760 1797 1817 praesum-

138 1835 418 1909 psissem,
453 1834 567 1890 nisi
603 1835 758 1906 quod
793 1850 890 1889 rex
930 1838 1130 1889 noster
1176 1851 1277 1889 vos
1325 1835 1396 1889 ad
1442 1834 1796 1906 colloquium

140 1925 417 1981 invitaret
448 1923 870 1995 comperissem
898 1939 913 1990 ;
945 1923 1087 1977 adeo
1132 1926 1196 1977 ut
1245 1922 1389 1977 mihi
1423 1940 1657 1995 quoque
1688 1922 1797 1978 hoc

132 2019 405 2086 tempore
437 2010 773 2086 praeceperit
804 2016 867 2066 ut
898 2012 946 2067 si
979 2010 1123 2066 forte
1151 2012 1223 2066 ad
1247 2011 1670 2067 monasterium
1694 2027 1796 2066 no-

140 2107 336 2160 strum
368 2100 743 2171 accederetis,
777 2101 848 2156 ad
880 2117 943 2157 se
973 2117 1074 2156 vos
1098 2100 1470 2156 deducendos
1500 2116 1793 2167 curarem;

136 2195 327 2264 utque
370 2189 668 2247 licentiam
717 2188 1110 2261 impetraturi,
1142 2187 1294 2244 inter
1342 2187 1456 2244 alia
1494 2188 1799 2243 commode

134 2280 482 2354 imperatori
540 2295 849 2352 suggerere
906 2277 1156 2350 possetis
1188 2294 1223 2332 a
1260 2295 1351 2333 me
1401 2278 1799 2349 fratribusquc

140 2370 386 2436 nostris,
419 2368 519 2442 qui
552 2385 655 2441 pro
704 2384 770 2423 eo
817 2383 1051 2438 semper
1095 2384 1352 2434 oremus,
1385 2383 1485 2422 vos
1526 2366 1797 2438 precibus

144 2459 408 2531 fatigari;
433 2463 498 2513 ut
528 2456 805 2530 quoniam
836 2459 911 2524 (ὸ)
945 2457 1016 2511 de
1046 2456 1170 2511 loco
1201 2460 1401 2511 nostro
1434 2455 1583 2523 sitis,
1619 2473 1651 2509 a
1682 2470 1798 2527 quo

134 2564 247 2604 vos
279 2562 519 2620 corpore
550 2546 833 2600 duntaxat
866 2543 1263 2599 ecclesiastica
1294 2543 1518 2599 utilitas
1544 2544 1798 2599 abduxe-

142 2638 244 2705 rit,
260 2636 432 2708 isque
462 2633 854 2691 diminutione
884 2632 1229 2689 facultatum
1264 2634 1633 2689 vehementer
1661 2638 1802 2688 atte-

142 2731 386 2793 nuetur,
421 2728 597 2796 atque
628 2723 893 2797 religioni
928 2728 1240 2796 paupertas
1262 2723 1682 2795 impedimento
1702 2724 1800 2789 sit,

144 2813 589 2871 intercessionis
605 2830 773 2885 opem
789 2812 1196 2869 instauratieni
1216 2811 1344 2882 ejus
1367 2811 1801 2884 impensissime

145 2903 350 2960 studio
381 2902 714 2958 conferatis.
752 2901 910 2969 Vale,
945 2901 1179 2957 domine
1215 2902 1494 2972 Paterque
1525 2900 1801 2955 charissi-

141 3010 262 3063 me,
299 2992 564 3064 Lupique
596 2991 679 3046 tui
712 3006 945 3062 semper
974 2990 1222 3063 benigne
1255 2990 1613 3045 memineris.

713 3133 1063 3189 EPISTOLA
1108 3132 1240 3188 LVI.

649 3222 718 3295 (ε)
755 3239 1043 3278 mrssn'ro
1082 3239 1303 3278 ABBATI.

218 3347 399 3405 Bonis
428 3346 705 3403 omnibus
753 3345 1160 3419 amplectende
1212 3346 1485 3402 Ratberto
1522 3352 1717 3419 Lupus
1742 3346 1801 3401 in

146 3436 400 3494 Domino
432 3434 702 3491 salutem.

222 3523 437 3581 Habita
464 3523 773 3597 diligenter
793 3524 1249 3596 opportunitatis
1282 3524 1807 3598 ratione,suggessi

150 3615 395 3671 domino
410 3612 550 3687 regi,
566 3613 866 3669 annitente
884 3611 1184 3686 Vulfegiso
1207 3619 1424 3683 nostro,
1450 3632 1628 3687 super
1644 3618 1811 3671 Ivone

152 3703 215 3760 id
255 3719 360 3759 vos
407 3700 705 3774 postulare
735 3706 800 3756 ut
830 3702 1104 3774 quoniam
1138 3720 1244 3759 nec
1275 3704 1346 3758 ad
1388 3704 1810 3760 monasterium

156 3796 500 3860 remeasset,
518 3794 574 3847 et
584 3790 899 3847 verisimile
919 3797 1074 3847 esset
1102 3808 1237 3848 eum
1261 3809 1386 3865 quae
1411 3794 1585 3849 fuerit
1604 3793 1813 3850 solitus

157 3884 397 3950 iterare,
430 3881 481 3937 si
512 3880 747 3953 quando
791 3879 998 3936 reverti
1051 3884 1319 3950 tentaret,
1353 3900 1425 3939 ne
1456 3881 1515 3937 in
1547 3882 1639 3939 sui
1673 3882 1814 3939 alio-

159 3986 420 4043 rumque
435 3968 750 4042 perniciem
764 3969 1074 4041 potestatis
1094 3970 1223 4041 ejus
1245 3971 1515 4042 prazsidio
1538 3972 1813 4027 muniret.

161 4060 472 4133 Siquidem
503 4062 658 4115 esset
688 4058 998 4131 indignum
1030 4059 1158 4130 ejus
1189 4061 1515 4131 majestate,
1540 4060 1652 4116 nisi
1683 4060 1821 4117 resi-

163 4148 554 4223 piscentibus,
578 4146 864 4221 perversis
885 4147 1110 4220 aperire
1132 4164 1457 4215 accessum,
1482 4151 1584 4205 99
1604 4150 1820 4206 nedum

165 4236 546 4312 impunitatis
595 4234 900 4310 indulgere
948 4236 1342 4293 securitatem.
1382 4238 1500 4305 Ille,
1535 4256 1650 4311 quo
1681 4239 1828 4296 solet

166 4327 341 4385 vultu
364 4343 498 4382 cum
518 4325 811 4399 gratiosus
828 4329 1085 4398 apparet,
1110 4331 1240 4397 post
1257 4328 1524 4399 quaedam
1547 4326 1681 4396 alia,
1691 4329 1827 4400 jure

169 4434 235 4474 se
266 4415 383 4489 ipsi
413 4414 700 4471 monacho
739 4415 1017 4488 deinceps
1066 4419 1414 4489 negaturum
1465 4418 1829 4474 auctoritatis

251 4576 329 4652 (α)
340 4574 711 4652 {lenissimum
725 4576 1236 4652 damnationemdilx
1247 4576 1283 4652 h
1294 4578 1585 4652 ujusmodi
1603 4597 1835 4652 persua-

177 4648 454 4705 sionibus
484 4653 688 4705 natum
716 4653 806 4705 est
836 4649 1134 4705 somnium
1156 4650 1227 4704 de
1249 4648 1625 4707 damnatione
1647 4652 1832 4708 Caroli

178 4718 457 4776 Martelli.
490 4718 920 4777 Existimabant
958 4720 1116 4776 enim
1163 4724 1290 4775 tum
1341 4722 1609 4777 nonnulli
1638 4729 1834 4778 actum

180 4808 427 4919 prorsus
458 4790 530 4846 de
560 4789 749 4847 salute
780 4794 909 4863 ejus
940 4792 1039 4864 qui
1068 4792 1156 4848 vel
1184 4809 1378 4865 ungue
1401 4809 1655 4860 summo,
1675 4799 1738 4850 ut
1757 4796 1839 4850 ita

223 4862 456 4919 ixcrim.
482 4862 871 4919 perstringere
892 4864 1131 4919 auderet
1153 4864 1305 4919 bona
1326 4866 1811 4919 monasteriorum
1826 4910 1838 4919 .

223 4862 456 4929 ixcrim,
482 4862 871 4935 perstringere
892 4862 1305 4935 auderetbena
1326 4866 1811 4922 monasteriorum
1826 4910 1838 4923 .

181 4936 354 5008 Apud
387 4934 701 5008 Caesarium
734 4934 874 4991 sane
906 4934 1528 5008 Heisterbachiensem,
1563 4939 1662 5008 qui
1708 4944 1842 4993 ante

188 5005 656 5079 quadringentos
688 5023 873 5062 annos
902 5005 1353 5080 vivebat,legere
1370 5013 1457 5064 est
1488 5005 1706 5065 multos
1725 5027 1844 5065 ma-

188 5081 396 5148 gnetes
452 5083 668 5133 aeterna
724 5082 911 5135 morte
968 5080 1276 5135 damnatos
1308 5080 1381 5134 ob
1411 5096 1539 5135 eam
1580 5096 1841 5136 causam.

192 5147 263 5204 Et
292 5149 350 5203 id
385 5147 623 5219 quidem
671 5149 823 5205 valet
871 5149 929 5204 in
961 5150 1305 5207 deterrendo
1337 5155 1438 5206 aut
1466 5151 1844 5207 exhortando.

192 5220 288 5276 Sic
310 5219 645 5303 Bonifacius
662 5219 1043 5303 Mogunti‘nus
1059 5239 1195 5303 cum
1218 5221 1460 5303 aliquot
1474 5222 1763 5303 episcopis
1780 5241 1850 5279 ex

196 5290 418 5368 synodo
469 5290 1062 5368 quapiam'scribens
1109 5294 1182 5349 ad
1217 5290 1611 5368 Ethilbaldum
1655 5290 1849 5368 regem

259 5362 550 5418 ercieruin
565 5362 629 5438 ut
640 5380 775 5419 eum
800 5364 1059 5438 retrahat
1072 5382 1105 5421 a
1116 5365 1457 5438 pervasione
1473 5362 1850 5423 ecclesiarum

199 5438 255 5518 et
267 5434 782 5520 monasteriorum,
799 5434 1248 5520 proponiteitem
1257 5437 1418 5510 plum
1433 5438 1691 5520 Ceolr‘edi
1711 5439 1855 5520 Mer-

202 5507 427 5562 ciorum
451 5507 701 5582 regis,_et
729 5507 932 5564 Osredi
964 5508 1118 5582 regis
1151 5507 1452 5582 Deirorum
1484 5514 1540 5566 et
1571 5511 1857 5582 Bernicio-

204 5594 333 5653 rum
347 5578 476 5653 ,_qui
493 5601 519 5628 ‹‹
532 5578 607 5653 011
628 5579 943 5653 fracturam
963 5578 1488 5653 monasteriorumj
1500 5581 1857 5653 ustojudicio

205 5647 628 5726 Deidamnati,
655 5651 725 5706 de
759 5651 1226 5726 culmineregali
1257 5652 1435 5723 hujus
1465 5647 1592 5708 vitae
1624 5647 1859 5726 abjccti,

206 5725 264 5777 et
310 5722 631 5778 immatura
682 5726 741 5778 et
798 5722 1043 5779 terribili
1094 5722 1282 5781 morte
1336 5722 1633 5799 prmventi,
1668 5722 1713 5784 a'
1732 5725 1861 5784 luce

535 5849 809 5912 ΡΑτιιοι..
856 5850 1058 5913 CXIX.

1900 592 2074 660 atque
2107 589 2212 644 hoc
2245 590 2356 645 sibi
2391 589 2577 645 satius
2622 589 2805 646 videri
2837 607 2909 645 ne
2938 594 3135 661 pereat
3164 595 3230 645 ut
3257 589 3559 646 constrin-

1900 682 2074 749 gatur
2133 678 2501 735 convenienti
2551 680 2821 734 custodia
2868 679 3219 751 priusquam
3266 678 3562 735 societatis

1902 767 2381 824 communionem
2415 773 2733 841 recuperet.
2749 768 2866 824 Nos
2886 785 3043 835 vero,
3067 767 3561 824 tametsi'oﬂ’erret

1901 871 2029 927 quae
2062 874 2297 928 sperare
2327 857 2421 913 vix
2470 857 2709 913 omnino
2761 874 3094 930 possemus,
3126 856 3324 929 idque,
3358 860 3560 928 utpar

1901 949 2043 1013 erat,
2062 944 2567 1018 amplccteremur,
2582 963 2682 1002 vos
2702 962 2804 1002 nec
2826 945 2972 1001 citra
2992 946 3291 1001 decretum
3324 943 3557 1018 Regule

1902 1033 2225 1090 subsistere
2248 1051 2350 1090 nec
2376 1035 2528 1090 ultra
2547 1035 2692 1090 velle
2712 1035 2981 1107 progredi
3013 1037 3352 1091 constanter
3371 1038 3560 1093 astul-

1902 1122 2118 1179 ximus.
2153 1124 2233 1179 De
2264 1124 2612 1180 liberalitate
2659 1128 2851 1180 vestra
2896 1123 3040 1195 quid
3091 1123 3343 1180 sentiam
3393 1120 3556 1178 nolui

1903 1212 2185 1285 praecipiti
2236 1212 2532 1269 declarare
2579 1212 2885 1286 praeconio,
2919 1213 3104 1269 donec
3154 1211 3447 1284 experirer
3481 1228 3556 1266 an

1904 1301 2071 1374 copia
2102 1302 2516 1374 piscium,quze
2547 1308 2792 1358 ventura
2822 1306 2946 1356 erat
2974 1319 3108 1357 cum
3138 1300 3413 1369 maxime,
3428 1304 3556 1357 tum

1905 1391 2102 1459 etiam,
2129 1391 2507 1464 utopinabar,
2532 1390 2772 1463 optima,
2799 1390 2914 1445 mei
2936 1390 3453 1463 supergrederetur
3469 1389 3557 1444 in-

1905 1479 2121 1554 genioli
2156 1479 2513 1537 facultatem.

2454 1586 2805 1643 EPISTOLA
2843 1585 3011 1642 LVII.

2635 1676 2828 1715 BIDEM.

1979 1747 2375 1805 Dilectissimo
2406 1747 2603 1804 abbati
2636 1748 2910 1805 Ratberto
2934 1747 3133 1819 Lupus
3164 1744 3564 1805 omnimodam

1908 1837 2181 1893 salutem.

1979 1927 2140 1993 Quod
2192 1926 2501 1999 flagitastis
2548 1924 2786 1999 exsequi
2830 1925 3057 1998 absque
3107 1921 3383 1983 dilatione
3412 1939 3563 1985 eon-

1906 2015 2098 2084 tendi;
2124 2014 2487 2087 evolutisque
2510 2014 3056 2071 ratiocinationibus
3083 2012 3394 2079 multis,ad
3410 2012 3563 2069 hanc

1906 2104 2098 2158 virum
2130 2103 2385 2177 compuli
2412 2103 2806 2159 conditionem
2830 2106 2894 2158 ut
2916 2120 3029 2159 non
3048 2102 3223 2159 modo
3247 2104 3453 2158 noceat
3479 2099 3564 2156 ni-

1907 2192 2011 2260 hil,
2034 2210 2237 2248 verum
2268 2192 2445 2248 etiam
2476 2193 2663 2264 prosit
2687 2191 3030 2264 plurimum,
3054 2191 3103 2247 si
3127 2190 3414 2264 ergaejus
3435 2205 3564 2262 pro-

1908 2282 2045 2354 pinq
2058 2281 2328 2354 uum,qui
2354 2287 2613 2353 tempore
2642 2279 2935 2337 tumultus
2956 2279 3247 2346 discessit,
3264 2284 3327 2335 et
3340 2278 3566 2336 instau-

1908 2375 2036 2425 rata
2066 2387 2206 2442 pace
2248 2373 2655 2434 reverteretur,
2687 2368 2926 2442 benigni
2974 2366 3332 2423 exstiteritis.
3367 2366 3433 2423 ld
3463 2383 3566 2424 vos

1908 2465 1965 2515 et
1983 2459 2234 2514 libenter
2256 2459 2411 2514 factu
2423 2476 2518 2514 res
2535 2458 2664 2513 etin
2684 2457 2961 2513 omnibus
2994 2473 3119 2528 quae
3142 2455 3568 2529 juberedigna—

1912 2554 2070 2605 retur
2110 2549 2513 2615 obsecuturos,
2561 2548 2705 2603 dum
2765 2547 2895 2617 ejus
2952 2545 3146 2619 gratia
3204 2543 3565 2611 frueremiai,

1912 2638 2262 2693 fiducialiter
2292 2636 2578 2709 spopondi
2607 2641 2818 2708 ;atque
2852 2652 2917 2690 eo
2950 2651 3137 2707 usque
3168 2634 3354 2690 institi
3385 2634 3570 2690 donec

1912 2727 2251 2781 firmissime
2303 2726 2669 2798 promitteret
2719 2724 2867 2780 nihil
2899 2741 2960 2779 se
2990 2723 3154 2778 vobis
3197 2724 3565 2791 effecturum,

1910 2814 2023 2869 nisi
2057 2814 2221 2886 prius
2260 2829 2492 2869 mecum
2543 2829 2784 2868 causam
2836 2813 3144 2868 conferret.
3173 2810 3335 2867 ωηο
3366 2811 3568 2883 Itaque

1914 2904 2154 2957 modum
2198 2902 2496 2975 petitionis
2547 2918 2688 2957 meae
2737 2901 2846 2957 hoc
2892 2900 3009 2957 ﬁne
3058 2899 3389 2969 terminavi,
3421 2904 3489 2957 ut
3517 2900 3567 2955 si

1914 2994 2150 3064 quando
2180 2991 2424 3047 rebelles
2482 2993 2611 3062 ejus
2662 2992 2854 3046 favere
2902 3008 3041 3046 suas
3083 2988 3348 3062 querelas
3379 2987 3569 3045 fulciri

1914 3082 2317 3154 deposcerent,
2351 3098 2463 3136 non
2512 3080 2686 3153 vulgo
2741 3078 3157 3151 acquiesceret,
3212 3095 3419 3136 verum
3477 3093 3570 3135 res

1916 3171 2200 3226 duntaxat
2220 3171 2431 3243 dignas
2455 3173 2658 3225 vestrae
2680 3168 3049 3224 conscientia
3065 3167 3575 3233 1011οη01101.οω-

1834 3245 1877 3311 C
1917 3260 2052 3315 dam
2084 3259 2198 3315 alia
2229 3259 2488 3331 comperi
2519 3263 2637 3314 tam
2669 3262 2838 3314 caute
2862 3256 3169 3313 revelanda
3192 3261 3257 3312 ut
3277 3255 3572 3312 ealitteris

1916 3348 2411 3421 comprehendere
2447 3353 2642 3403 tutum
2678 3365 2791 3403 non
2826 3347 3172 3420 putaverim,
3205 3350 3444 3417 tamque
3472 3361 3573 3411 ne-

1916 3438 2172 3495 cessaria
2202 3438 2460 3510 cognitu,
2487 3442 2554 3493 ut
2575 3453 2753 3509 quam
2785 3436 3032 3509 potestis
3063 3434 3332 3501 celerius,
3338 3438 3577 3507 praeter-

1919 3529 2000 3584 ita
2029 3527 2295 3600 qualibet
2341 3526 2455 3582 alia
2504 3526 2776 3593 utilitate,
2810 3524 2958 3580 mihi
2988 3525 3061 3579 ad
3092 3523 3450 3597 colloquium
3476 3539 3579 3579 oc-

1920 3632 2150 3674 currere
2182 3615 2463 3672 debeatis.
2495 3619 2801 3682 Caeterum,
2836 3613 2948 3670 nisi
2975 3614 3101 3686 jam
3132 3612 3451 3671 molestum
3472 3612 3579 3681 sit,

1921 3706 2251 3778 profecturo
2283 3703 2431 3759 mihi
2472 3721 2605 3759 cum
2657 3719 2810 3776 rege,
2842 3703 2893 3758 si
2922 3702 3078 3759 Deus
3106 3702 3253 3771 vult,
3278 3702 3359 3759 .ad
3384 3700 3576 3759 Silva-

1923 3812 2060 3852 cum
2080 3793 2356 3849 nuntium
2389 3792 2622 3866 dirigite
2639 3810 2652 3860 ;
2670 3796 2735 3848 ut
2751 3809 2885 3848 cum
2903 3792 3124 3864 gratias
3140 3807 3309 3866 agere
3327 3807 3573 3864 etapere,

1927 3884 2166 3940 uberius
2188 3881 2419 3938 dicendi
2439 3882 2608 3955 copia
2628 3883 2845 3938 frustra
2865 3884 3174 3937 cenantem
3188 3880 3444 3954 plurima
3456 3896 3572 3936 non

1928 3971 2319 4031 destituat.Ut
2338 3988 2470 4027 vero
2501 3970 2808 4043 epistolam
2839 3969 2990 4027 serio
3022 3969 3315 4037 claudam,
3337 3969 3579 4026 obsecro

1930 4078 2003 4118 ne
2025 4061 2136 4118 sim
2159 4060 2323 4117 vobis
2345 4059 2503 4116 oneri
2530 4060 2684 4132 quod
2710 4059 2903 4115 nimiae
2922 4057 3342 4116 familiaritatis
3364 4058 3583 4115 ﬁducia

1933 4150 2118 4207 multa
2149 4149 2417 4222 postulo:
2445 4149 2585 4222 quia
2601 4149 2651 4204 si
2667 4148 2845 4205 vitam
2878 4152 2935 4204 et
2964 4148 3411 4220 prosperitatem
3426 4147 3584 4203 Deus

1936 4239 2082 4296 mihi
2112 4238 2483 4306 concesserit,
2515 4255 2633 4294 non
2685 4254 2818 4293 sum
2870 4253 3026 4293 nunc
3073 4237 3145 4291 ad
3176 4235 3582 4309 accipiendum

1937 4329 2196 4403 paratior
2241 4344 2420 4401 quam
2470 4327 2766 4400 quondam
2816 4326 2889 4382 ad
2928 4325 3295 4398 largiendum
3326 4338 3457 4381 esse
3486 4339 3587 4380 cu-

1938 4419 2098 4475 rabo.

1943 4583 2223 4653 perpetua
2249 4577 2526 4653 extranei,
2561 4576 2621 4653 in
2671 4577 3046 4653 profundum_
3076 4576 3289 4653 inferni
3328 4579 3388 4633 et
3402 4578 3592 4653 tarta-

2108 4650 2304 4777 zigyssi
2325 4648 2577 4706 demersi
2608 4647 2993 4722 011“111.››Αριιά
3013 4648 3377 4705 Bonifacium
3399 4647 3460 4703 in
3476 4647 3598 4721 epi-

1947 4742 1975 4777 s
2003 4741 2035 4777 o
2062 4740 2094 4777 a
2196 4765 2207 4775 .

1947 4728 2094 4780 stola
2122 4728 2207 4777 19.

2017 4796 2095 4867 (b)
2128 4799 2197 4849 De
2228 4793 2340 4849 loco
2378 4800 2570 4867 nostra
2617 4794 2759 4849 sitis.
2794 4793 2995 4867 Itaque
3044 4791 3447 4867 Marcwardus
3482 4789 3601 4867 _fu_it

1947 4862 2137 4940 primo
2165 4863 2493 4940 monachus
2534 4864 2593 4919 in
2649 4862 3004 4921 monasterio
3056 4862 3433 4931 Ferrariensi,
3466 4862 3600 4917 dein

1952 4935 2134 4995 abbas
2164 4935 2548 4992 Prumiensis.

2025 5011 2093 5082 (ε)
2113 5009 2375 5082 Ratbcrto
2404 5008 2609 5082 αιψαιξ.
2642 5007 2868 5082 Veteris
2924 5007 3219 5082 φοι-110110,
3250 5007 3310 5062 in
3338 5081 3341 5082 ν
3368 5002 3603 5082 dimcesi

1954 5076 2355 5145 Ambianensi,
2381 5078 2481 5150 qui
2504 5079 2614 5134 sub
2637 5079 2836 5134 Carolo
2857 5078 3026 5134 Calve
3056 5079 3271 5146 ﬂoruit,
3295 5081 3352 5133 et
3380 5076 3605 5149 integro

1957 5152 2192 5209 nomine
2207 5154 2445 5206 vocatur
2462 5150 2808 5205 Paschasius
2833 5151 3165 5205 Ratbertus.
3190 5150 3389 5205 Exstat
3409 5152 3606 5203 autem

1958 5226 2016 5280 in
2045 5223 2219 5279 veteri
2254 5222 2451 5277 codice
2486 5239 2614 5277 meo
2647 5222 2903 5277 ms.Vita
2932 5222 3116 5276 sancti
3150 5217 3610 5289 Richarii,abba—

1958 5298 2036 5351 tis
2065 5293 2450 5360 Cenlulensis,
2484 5292 2545 5346 in
2579 5294 2751 5365 cujus
2781 5293 2895 5347 fine
2927 5292 3047 5347 haec
3068 5292 3447 5365 scriptasunt
3468 5289 3611 5365 ιβπ-

1958 5369 2118 5440 plicit
2152 5365 2633 5440 I’iteisanctissimi
2651 5362 2999 5440 'ponfessoris
3052 5362 3253 5440 Christi
3276 5362 3551 5440 ΔΙίίἱειδςῑῄξ,
3580 5376 3615 5415 a

1960 5434 2365 5494 uenerabilibus
2396 5437 2532 5491 viris
2564 5434 2832 5502 Βαιὺενὶο,
2866 5450 3076 5491 necnon
3123 5436 3355 5491 Alauiuo
3397 5434 3615 5500 Albino,

1963 5510 2147 5566 veraci
2175 5508 2315 5580 style
2346 5507 2638 5580 descripta.
2672 5506 3012 5579 Supplicatio
3041 5506 3177 5563 dicti
3205 5507 3410 5563 Albini.

2127 5670 2234 5729 Dic,
2270 5668 2581 5741 quicunque
2608 5667 2746 5741 legis
2775 5666 3011 5781 plrteclari
3040 5669 3188 5733 gesta
3210 5665 3425 5741 patroni
3455 5680 3470 5717 :

2218 5731 2472 5781 Pauperis
2505 5730 2716 5781 Albam.
2746 5731 2784 5781 C
2825 5734 2972 5781 riste.
2998 5733 3269 5781 memento
3298 5733 3395 5781 tm.

2218 5730 2472 5799 Pauperis
2491 5730 2716 5793 ‘Albani,
2746 5730 2972 5783 Christe.
2998 5730 3269 5784 memento
3298 5730 3395 5782 tui.

3237 5850 3311 5917 17
