4108 6452
123 376 242 463 5.2.1

1630 371 2063 433 EPISTOLAL‘.

3429 374 3549 437 522

127 523 297 564 meas
315 506 618 563 ditferente
634 504 1557 578 propterabsentiam,utfatetur,
1573 502 1787 557 Odulfi.
1817 503 1871 575 Α
1902 501 2127 557 aditum
2162 503 2482 574 respondit,
2506 520 2625 576 quo
2670 504 2957 561 hactenus
2992 504 3083 559 uti
3118 504 3559 577 contempserit,

130 596 187 652 Is
227 595 513 668 languere
567 592 800 658 dicitur,
834 607 940 647 nec
971 595 1092 646 tam
1125 590 1448 663 periculose
1480 596 1543 645 ut
1573 590 1658 645 vel
1689 591 1789 646 ad-

130 684 399 741 monitus
431 682 780 755 corrigatur,
806 681 961 753 quod
992 684 1350 752 optaramus,
1377 696 1479 735 nec
1513 684 1631 735 tam
1660 695 1790 752 gra-

131 773 282 829 viter
302 777 368 827 ut
391 771 696 835 moriatur,
712 770 868 842 quod
892 774 1129 842 propter
1152 769 1279 840 ejus
1301 768 1377 839 (a)
1403 767 1791 824 certissimam

132 860 579 918 damnationem
614 858 964 915 doleremus.
986 858 1294 929 Properate
1323 857 1524 929 itaque
1554 861 1796 929 ut,quo-

124 951 301 1007 niam
354 948 657 1023 propiores
715 946 1150 1019 aliquantulum
1206 947 1340 1001 facti
1399 963 1629 1013 sumus,
1664 949 1796 1018 post

130 1042 303 1095 tanta
333 1036 529 1111 spatia
558 1036 904 1092 desideratis
938 1035 1198 1091 retovear
1222 1033 1583 1106 alloquiis,et
1603 1038 1794 1090 vestro

124 1128 374 1194 annisu,
408 1130 645 1182 auctore
672 1125 870 1181 divina
901 1123 1105 1197 gratia,
1130 1123 1341 1179 liberer
1366 1122 1683 1194 angoribus
1705 1121 1795 1176 vix

122 1214 417 1273 ‘ferendis.
452 1213 643 1281 Tales,
668 1230 888 1286 quaeso,
911 1211 1128 1267 nostris
1149 1216 1332 1267 estote
1364 1211 1561 1283 pueris
1592 1209 1795 1283 quales

136 1321 253 1361 non
282 1304 456 1359 modo
485 1302 725 1367 nostris,
747 1317 950 1357 verum
976 1300 1149 1357 etiam
1181 1299 1353 1373 vulgo
1387 1300 1581 1356 fuistis
1613 1299 1796 1355 omni-

120 1394 252 1449 ‘bus
276 1391 686 1465 paternitatem
705 1395 960 1446 vestram
988 1390 1078 1463 pic
1099 1389 1516 1462 quaerentibus.
1542 1389 1644 1445 98
1667 1388 1795 1444 Exi-

135 1481 385 1557 guitatis
415 1497 556 1536 meai
588 1479 824 1536 nomine
856 1477 1272 1535 charissimum
1304 1478 1546 1553 Eigilem
1579 1483 1636 1534 et
1664 1478 1797 1534 reli-

120 1588 292 1645 quos
321 1585 527 1627 omnes
560 1569 767 1625 fratres
795 1566 1121 1640 dignamini
1155 1566 1800 1624 salutare.Laboriosis—

136 1661 365 1717 simum
384 1656 731 1715 difficillimo
760 1661 1020 1730 tempore
1043 1656 1362 1729 negotium,
1377 1658 1699 1730 praesertim
1719 1656 1801 1711 ni-

126 1744 222 1805 hil
243 1747 511 1814 meritus,
527 1747 691 1803 vobis
711 1747 1008 1819 imponere
1032 1745 1489 1819 haudquaquam
1516 1763 1799 1819 praesum-

134 1838 419 1911 psissem,
455 1836 569 1893 nisi
605 1837 759 1909 quod
795 1852 892 1891 rex
932 1840 1132 1891 noster
1177 1853 1279 1892 vos
1326 1837 1397 1891 ad
1444 1836 1798 1908 colloquium

136 1928 419 1983 invitaret
449 1924 872 1998 comperissem
899 1941 914 1992 ;
946 1925 1088 1979 adeo
1134 1928 1197 1979 ut
1246 1924 1392 1979 mihi
1424 1942 1659 1997 quoque
1689 1924 1798 1980 hoc

130 2021 407 2088 tempore
438 2012 775 2087 praeceperit
805 2018 868 2068 ut
899 2014 947 2068 si
981 2012 1124 2068 forte
1153 2014 1225 2068 ad
1249 2014 1671 2069 monasterium
1696 2030 1797 2069 no-

136 2109 337 2163 strum
369 2103 745 2173 accederetis,
779 2103 850 2158 ad
881 2119 945 2159 se
974 2120 1075 2157 vos
1100 2102 1471 2158 deducendos
1501 2119 1795 2170 curarem;

134 2198 328 2267 utque
372 2191 669 2248 licentiam
718 2190 1111 2264 impetraturi,
1145 2190 1296 2246 inter
1343 2190 1458 2246 alia
1496 2190 1800 2246 commode

132 2281 483 2356 imperatori
541 2297 850 2353 suggerere
907 2279 1158 2352 possetis
1190 2297 1225 2335 a
1261 2298 1353 2335 me
1402 2280 1799 2351 fratribusquc

136 2372 387 2438 nostris,
420 2370 519 2444 qui
553 2387 656 2443 pro
705 2387 772 2425 eo
819 2385 1053 2441 semper
1097 2386 1353 2437 oremus,
1387 2385 1487 2425 vos
1529 2368 1799 2440 precibus

142 2460 499 2533 fatigari;ut
529 2459 806 2532 quoniam
837 2461 913 2526 (ὁ)
946 2458 1017 2513 de
1048 2458 1171 2513 loco
1204 2462 1402 2513 nostro
1436 2458 1585 2523 sitis,
1620 2474 1652 2512 a
1684 2472 1799 2528 quo

132 2567 246 2607 vos
278 2564 520 2622 corpore
552 2548 835 2603 duntaxat
868 2545 1264 2602 ecclesiastica
1295 2545 1520 2602 utilitas
1546 2546 1799 2601 abduxe-

140 2640 242 2707 rit,
259 2639 433 2710 isque
463 2636 855 2693 diminutione
884 2634 1231 2691 facultatum
1266 2636 1634 2691 vehementer
1663 2640 1803 2691 atte-

141 2734 387 2795 nuetur,
422 2731 597 2798 atque
628 2725 895 2799 religioni
930 2730 1241 2798 paupertas
1263 2725 1683 2797 impedimento
1703 2726 1801 2791 sit,

144 2815 589 2873 intercessionis
606 2831 773 2887 opem
792 2814 1197 2870 instaurationi
1218 2813 1345 2883 ejus
1368 2813 1803 2885 impensissime

143 2905 351 2963 studio
383 2904 715 2960 conferatis.
752 2903 911 2971 Vale,
946 2903 1180 2959 domine
1215 2904 1496 2973 Paterque
1527 2902 1802 2957 charissi-

141 3012 260 3065 me,
300 2994 565 3066 Lupique
596 2993 680 3047 tui
713 3008 946 3064 semper
974 2993 1224 3065 benigne
1257 2991 1614 3048 memineris.

714 3135 1065 3190 EPISTOLA
1108 3134 1242 3190 LVI.

650 3224 720 3297 (τε)
755 3241 1044 3280 ΒΑΤΒΕἭἸῸ
1082 3240 1304 3280 ABBATI.

220 3349 399 3406 Bonis
429 3348 706 3405 omnibus
755 3348 1161 3421 amplectende
1214 3348 1486 3404 Ratberto
1522 3355 1719 3421 Lupus
1743 3348 1802 3404 in

146 3439 400 3496 Domino
432 3436 703 3493 salutem.

223 3526 437 3583 Habita
465 3525 774 3599 diligenter
795 3526 1250 3599 opportunitatis
1282 3526 1808 3601 ratione,suggessi

149 3617 395 3674 domino
411 3614 550 3690 regi,
567 3616 867 3671 annitente
886 3613 1184 3688 Vulfegiso
1208 3621 1425 3685 nostro,
1452 3634 1629 3689 super
1644 3621 1812 3673 lvone

152 3706 217 3761 id
255 3722 361 3761 vos
407 3703 705 3776 postulare
737 3708 800 3758 ut
830 3704 1105 3776 quoniam
1139 3722 1245 3761 nec
1276 3706 1347 3761 ad
1389 3707 1811 3762 monasterium

156 3799 501 3862 remeasset,
518 3792 899 3849 etverisimile
920 3800 1075 3850 esset
1102 3810 1238 3850 eum
1261 3811 1388 3867 que
1412 3796 1585 3851 fuerit
1606 3796 1815 3852 solitus

157 3886 397 3952 iterare,
431 3883 480 3940 si
513 3882 748 3955 quando
791 3882 999 3939 reverti
1050 3886 1321 3952 tentaret,
1354 3902 1426 3941 ne
1457 3884 1517 3939 in
1549 3884 1641 3941 sui
1673 3885 1815 3941 alie-

159 3989 420 4045 rumque
434 3971 750 4044 perniciem
764 3971 1074 4043 potestatis
1095 3972 1224 4043 ejus
1246 3973 1516 4044 praesidio
1538 3974 1815 4030 muniret.

161 4062 472 4135 Siquidem
504 4064 658 4117 esset
688 4060 999 4133 indignum
1031 4061 1159 4132 ejus
1190 4063 1516 4134 majestate,
1541 4061 1653 4118 nisi
1684 4063 1823 4119 resi-

163 4150 496 4226 piscentibu
506 4166 555 4215 s,
579 4148 864 4223 perversis
886 4150 1111 4223 aperire
1133 4167 1457 4218 accessum,
1483 4153 1586 4208 99
1605 4152 1821 4208 nedum

165 4239 547 4313 impunitatis
596 4237 901 4312 indulgere
949 4238 1343 4296 securitatem.
1382 4240 1501 4307 Ille,
1536 4258 1652 4313 quo
1682 4241 1828 4298 solet

165 4328 342 4386 vultu
364 4345 499 4384 cum
519 4327 811 4401 gratiosus
829 4332 1086 4400 apparet,
1110 4332 1242 4399 post
1258 4330 1526 4401 quaedam
1548 4329 1681 4398 alia,
1693 4331 1828 4402 jure

170 4435 237 4476 se
267 4418 383 4491 ipsi
413 4416 700 4473 monacho
740 4417 1018 4490 deinceps
1067 4422 1415 4491 negaturum
1466 4420 1831 4477 auctoritatis

254 4577 331 4654 (α)
341 4577 712 4654 {lenissimum
726 4578 1236 4654 damnationemEx
1248 4578 1285 4654 h
1295 4581 1349 4651 uj
1358 4582 1586 4654 usmodi
1604 4600 1837 4654 persua-

178 4650 454 4707 sionibus
485 4654 689 4709 natum
717 4655 807 4706 est
837 4651 1135 4707 somnium
1157 4652 1229 4707 de
1250 4650 1626 4709 damnatione
1648 4654 1833 4710 Caroli

180 4719 458 4795 Martelli.
479 4720 921 4795 Existimabant
958 4722 1117 4795 enim
1142 4726 1291 4795 itum
1343 4724 1611 4779 nonnulli
1639 4732 1835 4781 actum

180 4791 428 4921 prorsus
459 4792 531 4847 de
561 4791 749 4849 salute
781 4796 910 4865 ejus
941 4794 1040 4866 qui
1069 4794 1157 4850 vel
1185 4811 1379 4867 ungue
1402 4812 1656 4862 summo,
1675 4802 1738 4852 ut
1758 4798 1840 4853 ita

226 4864 456 4921 ixerim.
483 4864 872 4921 perstringere
893 4866 1133 4921 auderet
1154 4866 1306 4921 bona
1326 4868 1811 4921 monasteriorum
1827 4912 1839 4921 .

226 4864 456 4931 ixerim,
483 4864 872 4937 perstringere
893 4864 1133 4921 auderet
1154 4864 1306 4921 bona
1326 4868 1811 4923 monasteriorum
1827 4912 1839 4925 .

180 4937 354 5011 Apud
387 4935 702 5011 Caesarium
735 4935 875 4993 sane
907 4937 1529 5011 Heisterbachiensem,
1564 4941 1663 5011 qui
1709 4946 1843 4996 ante

188 5006 657 5081 quadringentos
689 5025 874 5064 annos
904 5007 1150 5077 vivebat,
1165 5009 1354 5082 legere
1371 5015 1457 5066 est
1490 5006 1707 5067 multos
1726 5029 1845 5067 ma-

187 5083 396 5151 gnates
453 5084 669 5151 aeterna
726 5084 912 5136 morte
969 5082 1277 5136 damnatos
1308 5082 1382 5137 ob
1412 5098 1541 5137 eam
1582 5099 1842 5137 causam.

192 5149 262 5207 Et
294 5150 351 5204 id
385 5149 624 5222 quidem
671 5150 824 5207 valet
872 5151 930 5206 in
963 5152 1305 5209 deterrendo
1338 5158 1438 5208 aut
1468 5154 1844 5209 exhortando.

190 5223 288 5280 Sic
310 5221 646 5306 Benifacius
662 5221 1044 5306 Mogunti‘nus
1061 5241 1195 5306 cum
1218 5223 1461 5306 aliquot.
1475 5225 1764 5306 episcopis
1781 5243 1851 5282 ex

193 5292 419 5370 synodo
471 5292 1063 5370 quapiam'scribens
1110 5296 1183 5351 ad
1218 5292 1612 5370 Ethilbaldum
1655 5292 1850 5370 regem

258 5365 551 5420 erciorum
566 5367 630 5440 ut
641 5382 775 5420 eum
800 5366 1059 5440 retrahat
1072 5385 1106 5423 a
1116 5368 1457 5440 pervasione
1474 5369 1676 5425 ecclcsi
1685 5365 1851 5425 arum

195 5442 253 5521 et
265 5436 783 5522 monasteriorum,
800 5436 1249 5522 proponitexem
1259 5439 1419 5512 plum
1433 5439 1691 5522 Ceolpedi
1711 5441 1856 5522 Mer-

198 5509 427 5566 ciorum
450 5507 702 5585 regis,et
729 5507 932 5566 Osredi
965 5510 1119 5585 regis
1153 5507 1453 5585 Deirorum
1485 5516 1541 5568 et
1572 5512 1857 5585 Bernicio-

200 5579 477 5656 rum,_qui
493 5579 607 5656 «(ob
628 5581 945 5656 fracturam
964 5579 1282 5656 monasteri
1291 5600 1458 5638 orum
1464 5585 1488 5655 j
1501 5588 1628 5656 usto
1634 5583 1858 5656 judicio

200 5653 324 5729 Dei
342 5653 628 5729 damnati,
655 5653 731 5729 de
759 5653 1018 5729 culmine
1031 5653 1226 5729 _regali
1258 5654 1435 5726 hujus
1469 5653 1605 5729 vitae
1624 5653 1859 5729 abjecti,

202 5727 262 5783 et
310 5724 631 5780 immatura
683 5727 741 5780 et
799 5724 1044 5781 terribili
1094 5724 1282 5784 morte
1337 5724 1633 5801 praeventi,
1669 5724 1713 5786 a'
1732 5728 1862 5787 luce

535 5851 810 5913 ΡΑτιιοῑ..
857 5852 1059 5915 CXIX.

1866 4619 1912 4683 D

1901 595 2076 662 atque
2110 591 2214 647 hoc
2247 592 2357 648 sibi
2392 593 2578 649 satius
2623 592 2807 648 videri
2839 610 2911 649 ne
2941 597 3137 665 pereat
3167 598 3232 648 ut
3259 593 3560 649 constrin-

1901 686 2076 752 gatur
2135 682 2503 737 convenienti
2553 683 2823 737 custodia
2870 682 3220 754 priusquam
3268 681 3563 738 societatis

1903 770 2381 827 communionem
2415 776 2735 844 recuperct.
2751 771 2868 827 Nos
2889 770 3563 838 ver0,'tametsi'oﬁ'erret

1904 874 2032 929 qua:
2065 877 2299 931 sperare
2328 860 2422 916 vix
2471 860 2711 916 omnino
2762 877 3095 932 possemus,
3128 859 3325 931 idque,
3360 863 3561 931 utpar

1903 951 2045 1016 erat,
2064 947 2569 1021 amplecteremur,
2583 966 2684 1005 vos
2703 965 2806 1005 nec
2828 948 2973 1004 citra
2993 950 3292 1005 decretum
3326 946 3559 1021 Regule

1904 1035 2227 1093 subsistere
2249 1054 2352 1093 nec
2377 1037 2529 1093 ultra
2548 1038 2694 1093 velle
2712 1038 2982 1110 progredi
3015 1040 3353 1093 constanter
3372 1041 3561 1094 astru-

1903 1126 2120 1182 ximus.
2155 1126 2235 1182 De
2266 1126 2613 1183 liberalitate
2661 1132 2853 1183 vestra
2898 1126 3040 1198 quid
3092 1127 3343 1183 sentiam
3395 1124 3557 1181 nolui

1906 1215 2185 1288 praecipiti
2237 1215 2533 1272 declarare
2581 1215 2887 1289 praeconio,
2921 1216 3105 1272 donec
3155 1214 3448 1288 experirer
3482 1231 3557 1270 an

1906 1304 2073 1377 copia
2104 1304 2518 1377 piscium,qua3
2548 1310 2794 1360 ventura
2824 1309 2948 1360 erat
2975 1322 3109 1359 cum
3139 1303 3557 1371 maxima,tum

1907 1394 2103 1462 etiam,
2131 1394 2509 1467 utopinabar,
2535 1393 2774 1466 optima,
2800 1393 2916 1449 mei
2938 1392 3559 1466 supergredereturin-

1907 1482 2121 1556 genioli
2158 1482 2514 1539 facultatem.

2455 1590 2807 1646 EPISTOLA
2846 1588 3013 1645 LVII.

2637 1678 2830 1717 EIDEM.

1980 1750 2376 1807 Dilectissimo
2407 1751 2604 1807 abbati
2637 1750 2912 1807 Ratberto
2935 1749 3135 1822 Lupus
3166 1747 3565 1808 omnimodam

1910 1839 2182 1896 salutem.

1980 1930 2142 1995 Quod
2193 1928 2502 2001 ﬂagitastis
2550 1926 2788 2001 exsequi
2832 1929 3059 2000 absque
3108 1924 3385 1985 dilatione
3414 1942 3565 1987 con-

1907 2018 2100 2086 tendi;
2125 2017 2488 2089 evolutisque
2512 2017 3058 2073 ratiocinationibus
3085 2015 3396 2083 multis,ad
3412 2015 3565 2075 hanc

1907 2106 2099 2161 virum
2132 2105 2387 2179 compuli
2413 2105 2807 2161 conditionem
2830 2110 2896 2160 ut
2918 2122 3031 2161 non
3051 2105 3224 2163 modo
3248 2107 3454 2162 noceat
3480 2102 3566 2159 ni-

1908 2194 2013 2262 hil,
2034 2212 2238 2251 verum
2269 2194 2446 2251 etiam
2477 2195 2664 2267 prosit
2688 2194 3030 2267 plurimum,
3056 2194 3105 2250 si
3128 2193 3415 2267 ergaejus
3437 2208 3566 2265 pre-

1909 2284 2330 2357 pinquum,qui
2355 2291 2469 2340 tem
2480 2302 2615 2356 pore
2642 2282 2937 2340 tumultus
2957 2282 3248 2349 discessit,
3264 2287 3327 2338 et
3340 2281 3568 2339 instau-

1910 2378 2037 2428 rata
2068 2390 2208 2445 pace
2250 2376 2657 2438 rcverterctur,
2688 2371 2927 2445 benigni
2975 2369 3333 2427 exstiteritis.
3368 2369 3434 2425 ld
3463 2386 3567 2426 vos

1910 2462 2235 2517 etlibenter
2258 2463 2519 2517 facturos
2536 2461 2667 2516 etin
2685 2459 2963 2515 omnibus
2995 2476 3120 2531 qua:
3142 2457 3569 2532 juberedigna-

1913 2556 2071 2607 retur
2111 2551 2515 2617 obsecuturos,
2563 2551 2706 2606 dum
2767 2550 2896 2620 ejus
2952 2547 3147 2621 gratia
3206 2546 3566 2614 frueremiai,

1913 2640 2263 2695 ﬁducialiter
2293 2639 2579 2711 spopondi
2608 2645 2819 2711 ;atque
2852 2655 2918 2693 eo
2944 2653 3138 2710 usque
3169 2636 3355 2693 institi
3387 2637 3571 2693 donec

1914 2730 2252 2784 firmissime
2304 2728 2669 2801 promitteret
2720 2727 2869 2783 nihil
2900 2744 2961 2782 se
2991 2725 3155 2781 vobis
3198 2727 3566 2793 effecturum,

1911 2816 2024 2871 nisi
2059 2816 2222 2888 prius
2261 2833 2493 2871 mecum
2544 2832 2785 2870 causam
2838 2815 3145 2871 conferret.
3174 2814 3336 2870 fl”
3367 2814 3569 2887 Itaque

1914 2906 2155 2959 modum
2199 2904 2497 2978 petitionis
2547 2921 2688 2959 meae
2739 2903 2847 2960 hoc
2894 2902 3010 2959 ﬁne
3058 2902 3390 2972 terminavi,
3422 2907 3490 2961 ut
3518 2903 3568 2958 si

1915 2996 2151 3066 quando
2182 2993 2425 3050 rebelles
2482 2995 2612 3065 ejus
2664 2995 2854 3049 favore
2903 3010 3042 3049 suas
3083 2991 3349 3065 querelas
3379 2991 3570 3048 fulciri

1915 3084 2318 3156 deposcerent,
2352 3100 2464 3138 non
2514 3082 2687 3156 vulgo
2741 3081 3157 3155 acquiesceret,
3214 3098 3420 3139 verum
3478 3096 3571 3138 res

1917 3173 2201 3228 duntaxat
2222 3173 2431 3245 dignas
2455 3175 2659 3227 vestrae
2680 3171 3050 3227 conscientiae
3066 3170 3576 3236 reservaret.0uaa—

1836 3246 1878 3313 C
1918 3263 2053 3317 dam
2086 3261 2200 3317 alia
2231 3261 2489 3334 comperi
2520 3265 2638 3316 tam
2670 3264 2839 3316 caute
2863 3260 3170 3316 revelanda
3193 3264 3259 3315 ut
3278 3259 3573 3315 ealitteris

1917 3350 2413 3423 comprehendere
2450 3355 2643 3405 tutum
2679 3367 2792 3405 non
2826 3349 3173 3422 putaverim,
3205 3353 3445 3420 tamque
3473 3365 3574 3415 ne-

1918 3440 2174 3497 cessaria
2204 3440 2461 3513 cognitu,
2487 3444 2554 3495 ut
2576 3456 2753 3511 quam
2787 3439 3033 3512 potestis
3064 3436 3333 3504 celerius,
3338 3441 3578 3510 praeter-

1920 3532 2002 3586 ita
2030 3529 2296 3603 qualibet
2341 3529 2456 3585 alia
2506 3528 2777 3596 utilitate,
2812 3527 2959 3583 mihi
2989 3528 3061 3582 ad
3093 3526 3451 3599 colloquium
3474 3542 3579 3582 oc-

1922 3635 2152 3676 currere
2183 3618 2464 3675 debeatis.
2497 3621 2802 3685 Caeterum,
2838 3616 2949 3672 nisi
2976 3617 3102 3688 jam
3133 3615 3452 3673 molestum
3466 3614 3579 3684 sit,

1923 3708 2252 3781 profecturo
2284 3706 2431 3763 mihi
2473 3723 2608 3762 cum
2659 3722 2812 3779 rege,
2842 3706 2895 3761 si
2923 3705 3079 3761 Deus
3106 3704 3253 3773 vult,
3276 3705 3359 3761 .ad
3384 3703 3577 3762 Silva-

1924 3815 2060 3854 cum
2081 3796 2357 3851 nuntium
2391 3795 2623 3868 dirigite
2640 3812 2652 3863 ;
2671 3799 2736 3851 ut
2752 3811 2886 3850 cum
2904 3794 3124 3867 gratias
3140 3810 3310 3868 agere
3327 3809 3574 3867 ccipere,

1928 3886 2167 3942 uberius
2190 3884 2420 3940 dicendi
2440 3884 2609 3957 copia
2629 3886 2846 3940 frustra
2865 3887 3174 3939 cenantem
3188 3883 3445 3956 plurima
3458 3899 3573 3939 non

1929 3973 2319 4033 destituat.Ut
2338 3990 2471 4029 vero
2501 3972 2809 4046 epistolam
2840 3971 2991 4029 serio
3022 3971 3315 4040 claudam,
3338 3972 3580 4029 obsecro

1932 4080 2004 4120 ne
2025 4063 2136 4120 sim
2160 4063 2324 4118 vobis
2346 4061 2505 4118 oneri
2532 4062 2685 4135 quod
2710 4062 2904 4117 nimiae
2922 4060 3343 4119 familiaritatis
3365 4061 3584 4118 ﬁducia

1934 4152 2119 4209 multa
2149 4151 2418 4225 postulo:
2446 4151 2586 4224 quia
2602 4152 2652 4206 si
2668 4151 2845 4207 vitam
2878 4154 2936 4207 et
2964 4150 3412 4223 prosperitatem
3427 4150 3584 4206 Deus

1936 4242 2083 4298 mihi
2113 4240 2484 4307 concesserit,
2516 4257 2634 4296 non
2685 4257 2819 4295 sum
2871 4256 3027 4295 nunc
3074 4240 3146 4294 ad
3177 4238 3583 4312 accipiendum

1937 4332 2196 4405 paratior
2242 4347 2421 4403 quam
2471 4329 2767 4403 quendam
2816 4328 2890 4385 ad
2928 4327 3297 4401 largiendum
3326 4341 3457 4383 esse
3486 4342 3588 4383 cu-

1939 4421 2099 4477 rabo.

1944 4586 2223 4656 perpetua
2251 4580 2527 4656 extranei,
2562 4579 2622 4656 in
2672 4579 3047 4656 profundum
3077 4578 3290 4656 inferni
3329 4582 3389 4635 et
3403 4581 3592 4656 tarta-

2109 4653 2305 4780 qussi
2326 4651 2578 4709 demersi
2609 4649 2806 4707 sunt.»
2825 4653 2993 4725 Apud
3014 4651 3377 4707 Benifacium
3400 4651 3460 4706 in
3476 4649 3599 4724 epi-

1948 4744 1976 4780 s
2004 4744 2035 4780 o
2063 4742 2095 4780 a
2197 4767 2208 4778 .

1948 4731 2095 4782 stola
2122 4731 2208 4780 19.

2017 4798 2096 4865 (b)
2129 4802 2198 4852 De
2228 4796 2341 4852 loco
2381 4803 2570 4868 nostra
2617 4795 2760 4851 sitis.
2795 4795 2996 4868 Itaque
3045 4794 3447 4868 Marcwardus
3483 4792 3601 4868 _fu_it

1948 4864 2138 4941 primo
2169 4866 2493 4941 monachus
2535 4866 2593 4921 in
2648 4864 3005 4924 monasterio
3056 4865 3434 4934 Ferrariensi,
3466 4864 3600 4920 dein

1952 4938 2134 4997 abbas
2165 4938 2549 4994 Prumiensis.

2026 5013 2094 5083 (ε)
2130 5011 2376 5083 Ratberto
2405 5011 2610 5083 abbati.
2643 5009 2867 5083 Veteris
2925 5009 3218 5083 Corbeiae,
3251 5009 3310 5064 in
3369 5004 3603 5083 dimeesi

1955 5079 2356 5147 Ambianensi,
2382 5081 2482 5152 qui
2505 5082 2615 5137 sub
2638 5081 2836 5136 Carolo
2857 5081 3026 5136 Calvo
3056 5081 3271 5148 floruit,
3295 5083 3352 5136 et
3380 5079 3605 5151 integro

1956 5154 2192 5211 nomine
2207 5156 2445 5208 vocatur
2463 5152 2808 5207 Paschasius
2834 5153 3165 5208 Ratbertus.
3190 5152 3388 5207 Exstat
3409 5155 3606 5206 autem

1958 5229 2016 5282 in
2045 5225 2221 5281 veteri
2255 5224 2452 5279 codice
2487 5241 2615 5279 meo
2649 5224 2904 5280 ms.Vita
2932 5224 3117 5279 sancti
3150 5220 3610 5292 Richarii,abba-

1960 5299 2037 5353 tis
2066 5295 2450 5362 Cenlulensis,
2484 5294 2545 5349 in
2580 5297 2751 5368 cujus
2782 5296 2896 5351 fine
2928 5295 3047 5350 haec
3069 5292 3612 5368 scriptasuntzlix-

1958 5371 2119 5442 plicit
2153 5367 2634 5442 Vitersmwtiasiilzi
2652 5365 3000 5442 'cenfessoris
3053 5365 3252 5442 Christi
3276 5365 3551 5442 Bicharii,
3580 5379 3615 5419 α

1960 5436 2366 5496 'venerabilibus
2396 5439 2532 5493 viris
2563 5436 2833 5505 Ratbert'o,
2867 5454 3077 5495 necnon
3125 5439 3355 5495 Alcuino
3397 5436 3615 5504 Albino,

1963 5513 2147 5569 veraci
2175 5510 2315 5582 style
2346 5508 2639 5581 descripta.
2672 5510 3014 5582 Supplicatio
3042 5510 3178 5567 dicti
3207 5510 3410 5565 Albini.

2127 5673 2253 5743 DicL
2270 5671 2584 5743 quicunque
2609 5669 3011 5743 legishprzeclari
3041 5674 3189 5735 gesta
3212 5668 3424 5743 patroni
3456 5684 3471 5721 :

2218 5731 2472 5801 Pauperis
2492 5731 2716 5794 ‘Albani,
2746 5731 2973 5786 Christe.
2998 5731 3269 5786 memento
3300 5734 3395 5787 tui.

3238 5853 3312 5920 i7
