4108 6496
1048 565 1400 624 EPISTOLA
1436 566 1628 622 LVIII.

1247 691 1442 731 EIDEM.

585 828 751 892 Quod
788 827 1064 901 petiistis,
1099 827 1348 883 necdum
1397 826 1521 900 regi
1568 827 1856 901 suggessi,
1889 828 2046 900 quod
2078 845 2176 895 op-

516 918 853 991 portunitas
901 917 1104 972 defuit.
1149 916 1452 972 Maturabo
1499 920 1696 972 tamen
1746 916 1933 983 vobis,
1969 933 2174 989 coepe-

518 1011 685 1064 rante
715 1007 852 1074 Deo,
887 1023 1108 1062 morem
1141 1021 1361 1079 gerere,
1394 1005 1696 1061 communi
1727 1005 2032 1062 honestate
2055 1023 2176 1062 ser-

517 1099 672 1152 vata.
705 1100 860 1151 Bene
888 1094 1093 1151 valete.

983 1295 1134 1349 101
1179 1292 1436 1349 EPISTO
1447 1293 1530 1348 LA
1573 1293 1710 1348 LIX.

910 1417 984 1456 AD
1033 1417 1458 1456 MARCWARDUM
1506 1417 1783 1456 ABBATEM.

588 1553 714 1610 Non
736 1553 1042 1626 ignoratis,
1069 1553 1258 1622 credo,
1293 1569 1459 1627 reges
1489 1557 1723 1608 nostros
1755 1551 1828 1624 (α)
1862 1551 2014 1624 apud
2043 1553 2180 1608 Tra-

511 1642 738 1714 jectum
771 1641 1139 1698 hebdomade
1163 1643 1421 1698 secunda
1437 1641 1908 1716 Quadragesimae
1931 1639 2181 1696 celebra-

519 1735 684 1786 turos
707 1731 1067 1803 colloquium
1087 1750 1099 1800 ;
1117 1749 1232 1804 quo
1255 1748 1346 1786 me
1367 1731 1550 1787 trahit
1570 1730 1967 1787 ecclesiastica
1989 1745 2182 1786 neces-

521 1819 688 1876 sitas.
721 1819 846 1884 Qua
877 1824 1140 1893 urgente,
1168 1824 1230 1875 ut
1253 1819 1556 1891 vobisjam
1582 1820 1714 1875 aliis
1745 1819 2002 1892 expressi
2025 1818 2181 1874 litte-

523 1907 627 1974 ris,
667 1926 800 1964 cum
835 1925 967 1982 rege
1009 1913 1288 1981 quartum
1320 1925 1428 1981 ago
1461 1925 1744 1976 mensem,
1779 1909 1860 1964 ita
1891 1912 1956 1963 ut
1987 1925 2058 1963 ne
2089 1907 2182 1963 dic
2211 1951 2258 2016 Β

524 1997 764 2068 quidem
789 2015 823 2052 a
843 1997 1123 2053 comitatu
1142 1997 1450 2053 abfuerim.
1472 1998 1729 2052 Praebeat
1749 1997 1930 2070 igitur
1950 2013 2012 2052 se
2033 1995 2180 2052 mihi

524 2086 734 2142 saltem
758 2085 875 2142 illic
907 2087 1312 2143 desiderabilis
1330 2091 1520 2142 vestra
1535 2086 1877 2159 patcrnitas,
1893 2090 1958 2142 ut
1981 2091 2182 2142 nostra

523 2175 892 2232 familiariter
918 2175 1046 2231 viva
1081 2180 1277 2232 tamen
1309 2193 1444 2232 voce
1473 2176 1774 2232 valeamus
1805 2191 2176 2248 cognoscere.

525 2264 585 2320 Si
619 2265 758 2336 quid
789 2268 1088 2337 preterea,
1118 2269 1182 2320 ut
1212 2265 1433 2338 passim
1459 2264 1660 2322 soletis
1693 2264 1988 2331 omnibus,
2009 2265 2180 2320 nobis

525 2369 758 2426 quoque
798 2353 1046 2414 facultas
1077 2353 1252 2409 fuerit
1284 2354 1640 2426 impendere,
1673 2353 1922 2410 libenter
1951 2371 2058 2410 nos
2084 2369 2180 2408 ac-

524 2447 796 2515 cepturos
827 2443 1180 2516 cognoscite.
1217 2445 1424 2498 Debent
1453 2444 1601 2498 enim
1623 2451 1876 2515 parentes
1906 2443 2180 2498 thesauri-

526 2548 654 2588 πηνα
680 2530 821 2603 ﬁliis
842 2531 913 2602 (II
931 2534 1054 2588 Cor.
1074 2534 1196 2600 xu),
1233 2535 1296 2586 ut
1327 2531 1525 2587 fallere
1556 2533 1750 2587 nescia
1780 2532 1961 2588 divini
1995 2531 2179 2604 Spiri-

526 2624 622 2676 tus
671 2621 980 2676 confirmat
1031 2621 1368 2676 auctoritas.
1405 2621 1658 2694 Benigne
1717 2621 1830 2676 mei
1889 2638 2179 2677 memores

527 2710 698 2783 cupio
726 2725 829 2765 vos
857 2709 1046 2764 valere
1077 2708 1338 2765 feliciter.

619 2851 744 2908 alA

597 2854 676 2920 (α)
705 2851 859 2922 Apud
893 2851 1116 2978 Τνιᾶίσει.
1148 2851 1292 2932 Vide
1322 2856 1491 2907 notas
1511 2852 1592 2932 .ad
1625 2851 1934 2924 epistolam
1969 2853 2053 2908 15.

597 2924 672 3050 (bi
702 2923 966 3004 Marcwar
1003 2923 1282 3005 0,.abbait1
1325 2923 1675 2989 Prumiensi,
1708 2929 1772 3006 ut
1793 2925 1920 3006 jam
1954 2923 2176 3006 dictum

597 3001 634 3050 t.
678 2993 738 3049 Ill
763 3011 896 3050 ergo
920 2999 1137 3050 gratias
1159 2999 1279 3050 amt
1301 2994 1499 3050 Lupus
1521 3013 1620 3050 oro
1643 3013 1842 3050 miss1s
1865 2997 2176 3050 donlsouaa

525 3001 634 3068 est.
651 2993 738 3050 Illi
763 3011 896 3068 ergo
919 2993 1137 3068 gratias
1159 2995 1279 3068 agit
1301 2994 1499 3068 Lupus
1517 3013 1620 3067 pro
1643 2993 1842 3052 missis
1861 2995 2036 3068 donis
2049 3013 2177 3068 quae

527 3067 598 3122 ab
622 3083 688 3121 eo
709 3064 954 3138 petierat
981 3083 1084 3138 per
1113 3064 1417 3138 epistolam
1453 3064 1832 3138 superiorem.
1851 3064 2088 3122 Interim
2108 3068 2179 3122 de

529 3141 686 3220 ΞΟΠ-θ
711 3137 832 3220 sua
863 3137 1257 3220 conqueritur,
1293 3139 1473 3220 quod,
1507 3137 1872 3220 Marcxvarde
1903 3138 2113 3220 inviso,
2145 3156 2179 3194 a

526 3210 812 3282 Trajecto,
837 3208 1288 3282 undefscribitur
1298 3208 1782 3282 is'thzecepistola,
1798 3211 1871 3264 ad
1889 3215 2180 3282 monaste-

527 3281 681 3336 rium
695 3298 870 3336 suum
883 3281 1181 3336 rediturus
1194 3280 1712 3336 sit.\-’erumtamen
1738 3281 1894 3336 hunc
1916 3281 2177 3337 dolorem

893 2850 1292 2924 Traject.r\}'ide
1322 2856 1491 2924 notas
1514 2852 1592 2924 ad
1625 2851 1934 2924 epistolam
1969 2853 2053 2924 15.

525 3351 703 3426 levari
736 3351 817 3407 ait
847 3351 1251 3426 promissione
1271 3352 1642 3426 Marcwardi,
1667 3352 1767 3426 qui
1799 3354 2178 3426 rescripserat
2207 3328 2249 3393 δ

527 3423 748 3479 iturum
777 3422 1036 3478 se_brevi
1085 3423 1156 3477 ad
1211 3423 1630 3480 Ferrarienses.
1662 3422 1951 3480 Admonet
1979 3422 2176 3481 autem

525 3495 694 3551 illum
719 3495 1018 3566 Lupus,ne
1031 3495 1102 3550 ad
1126 3511 1188 3566 se
1209 3496 1448 3566 accedat
1469 3499 1600 3550 ante
1623 3497 1943 3551 secundam
1965 3495 2178 3552 bebdo-

525 3569 763 3639 madam
786 3565 922 3639 Maii
948 3583 961 3633 ;
994 3565 1150 3638 quod
1182 3565 1388 3639 quinto
1419 3566 1644 3622 decimo
1677 3567 1769 3622 die
1795 3573 1926 3639 post
1955 3568 2179 3624 Pascha

524 3638 796 3710 habenda
827 3637 904 3710 sit
933 3637 1148 3710 magna
1189 3637 1449 3710 Synodus
1481 3639 1636 3710 apud
1667 3637 2048 3704 Attiniacum,
2080 3639 2175 3695 cui

523 3709 852 3783 putatetieri
881 3725 996 3783 non
1029 3709 1198 3783 posse
1229 3709 1371 3780 quin
1403 3709 1533 3783 ipse
1559 3711 1764 3783 adesse
1791 3715 2054 3783 cogatur.

595 3780 922 3906 '(Iezlgascha.
955 3779 1117 3844 Quod
1149 3779 1263 3835 hoc
1285 3779 1442 3836 anno
1486 3781 1692 3836 incidit
1723 3781 1782 3836 in
1813 3779 1968 3837 diem
1999 3799 2056 3838 1v
2086 3783 2170 3838 Id.

518 3852 756 3906 Aprilis.

570 3869 930 3996 ἣῖἰιίἓῗηοιίηςς
941 3940 1162 3992 magna.
1178 3927 1241 3977 In
1259 3927 1546 3996 conventu
1559 3923 1713 3996 apud
1740 3925 1856 3979 Mar
1867 3941 2057 3991 snam,
2075 3924 2108 3979 li
2119 3941 2176 3978 a-

519 3995 642 4068 bito
673 4011 826 4068 anno
857 3997 981 4060 847,
1015 4001 1361 4068 convenerat
1391 3995 1756 4068 interreges
1808 3996 2170 4061 Lotharium,

519 4065 898 4140 Ludovicum,
933 4071 989 4121 et
1021 4065 1318 4133 Carolum,
1349 4072 1412 4121 ut
1443 4068 1513 4120 ad
1548 4065 1836 4122 ﬁrmanda
1866 4085 1934 4122 ea
1963 4084 2090 4140 quae
2113 4069 2171 4123 in

519 4144 806 4210 conventu
839 4137 951 4192 isto
995 4143 1123 4193 acta
1169 4139 1416 4210 fuerant,
1449 4155 1732 4210 commune
1756 4137 2022 4210 placitum
2051 4140 2172 4195 sive

517 4209 805 4292 generalis
835 4215 1156 4292 copventus
1177 4208 1489 4292 in-eivitato
1512 4208 1868 4292 Parieiorum
1899 4215 2172 4292 ageretur

517 4279 576 4336 in
607 4281 874 4364 sequenti
892 4282 1054 4364 teste
1095 4279 1280 4364 saneii
1329 4281 1593 4364 Joannis.
1629 4282 1776 4364 Ergo
1809 4279 2072 4364 Carolus,
2105 4287 2170 4364 ut

516 4371 608 4410 res
626 4351 821 4410 civiles
853 4357 911 4408 et
931 4351 1360 4426 ecclesiasticas
1381 4353 1544 4426 regni
1565 4352 1654 4408 sui
1683 4351 2015 4426 disponeret
2033 4351 2168 4410 ante

515 4429 885 4491 conventum,
913 4429 975 4478 ut
998 4424 1056 4478 in
1079 4440 1391 4479 commune
1416 4424 1548 4480 dein
1581 4441 1712 4479 cum
1749 4424 2026 4481 fratribus
2041 4427 2166 4481 suis

513 4497 862 4568 consuleret,
883 4496 1171 4568 synodum
1191 4512 1465 4568 magnam
1490 4498 1644 4568 apud
1667 4497 2026 4568 Attiniacum
2051 4513 2167 4552 me-

513 4550 900 4639 ademptas
914 4550 1267 4638 congregare
1281 4550 1995 4639 aeternitahabanaam
2013 4550 2162 4624 vide-

511 4637 645 4693 licet
675 4637 901 4694 decima
929 4637 1258 4709 quintawdic
1296 4644 1427 4710 post
1456 4638 1770 4704 Pascha,id
1793 4644 1882 4694 est
1911 4657 2010 4698 vm
2034 4639 2158 4696 Kal.

510 4710 715 4766 Maias.
739 4711 860 4766 Non
885 4697 1136 4766 arbitror
1165 4697 1358 4782 tamen
1393 4728 1520 4766 eam
1555 4697 1842 4782 synodum
1866 4697 2049 4766 fuisse
2066 4711 2162 4767 ha-
2193 4697 2239 4761 D

509 4782 714 4848 bitam,
746 4787 1026 4856 utne‘quo
1067 4781 1476 4856 Parisiensem.
1509 4781 1656 4856 Nam
1707 4783 1941 4856 tametsi
1998 4800 2162 4856 reges

508 4871 710 4925 pacem
742 4853 1288 4911 velutilirmassent
1321 4854 1475 4925 apud
1517 4855 1835 4925 Marsnam,
1869 4853 2162 4910 discordia

507 4923 699 4980 tamen
727 4925 859 4980 dein
884 4927 994 4981 fuit
1018 4925 1168 4982 inter
1192 4923 1530 4982 Letharium
1563 4929 1621 4979 et
1651 4923 1942 4992 Carolum,
1977 4930 2043 4980 ut
2064 4926 2162 4980 do-

505 5004 629 5051 cent
656 4997 906 5052 Annales
940 4997 1039 5052 Ful
1069 4999 1260 5054 tenses
1282 4997 1352 5051 ad
1387 5013 1607 5050 annum
1633 4997 1754 5049 847.
1795 4995 1940 5051 «Hic
1969 5014 2159 5053 annus

505 5086 537 5122 ει
563 5069 730 5122 bellis
753 5069 988 5140 quievit,
1016 5087 1190 5140 quem
1213 5068 1552 5122 Illotharius
1577 5072 1632 5120 et
1654 5066 2008 5122 Illudovicus
2032 5085 2158 5123 mu-
2202 5099 2209 5106 ι

504 5145 607 5194 tua
637 5141 1029 5194 familiaritate
1062 5145 1492 5209 trmsefrerunt.
1519 5140 1661 5192 Nam
1699 5145 1938 5210 uterque
1953 5155 2154 5195 eorum

505 5213 572 5266 ad
598 5213 836 5266 domum
858 5211 1096 5266 alterius
1117 5211 1312 5264 invitat
1329 5229 1416 5274 ιω,
1434 5210 1710 5264 conviviis
1733 5215 1789 5265 et
1813 5210 2155 5268 muneribus

504 5284 679 5354 regiis
710 5284 1029 5338 honoratus
1053 5282 1529 5354 est.lllmlovieus
1553 5287 1746 5336 tamen
1783 5281 2151 5339 Hlotharium

503 5353 845 5426 et’Karlum,
881 5355 958 5408 ita
991 5358 1053 5406 ut
1095 5353 1294 5419 voluit,
1329 5353 1634 5426 paeitieare
1675 5371 1787 5426 non
1822 5355 2028 5426 potuit,
2063 5371 2150 5410 re-

502 5432 716 5481 nuente
747 5425 1046 5480 Hlothario
1081 5430 1315 5495 propter
1344 5424 1620 5495 injuriam
1649 5425 1760 5479 sibi
1781 5424 2149 5482 aGisalberto

496 5498 748 5552 vassallo
783 5495 936 5550 Karli
969 5495 1027 5548 in
1061 5501 1226 5566 raptu
1265 5497 1391 5550 filim
1423 5515 1539 5551 sum
1578 5499 1853 5552 fartam.»
1887 5499 2147 5553 Tandem

498 5569 672 5624 rediit
702 5569 913 5640 iterum
964 5567 1270 5640 concordia
1320 5569 1474 5640 apud
1508 5569 1802 5624 Marsnam
1837 5586 1988 5624 anno
2019 5571 2144 5624 851.

570 5643 639 5711 (e)
671 5639 1022 5712 Attiniacum,
1054 5639 1334 5712 palatium
1359 5639 1616 5712 "regium,
1650 5641 1968 5712 indimcesi
2005 5641 2149 5696 Rbe-

495 5709 701 5784 mensi
717 5709 916 5775 situm,
953 5714 1017 5764 ut
1045 5711 1266 5766 dictum
1299 5717 1387 5766 est
1417 5709 1487 5766 ad
1522 5711 1829 5784 epistolam
1863 5713 1949 5784 4-9.

566 5783 1317 5864 (/1Nequaquampatientm}
1343 5783 1932 5864 Itaque’sancti‘ssii‘ni
1954 5783 2141 5839 Eccle-

495 5852 593 5906 sine
606 5852 912 5910 Gallicanae
925 5852 1218 5912 antistites
1231 5857 1372 5911 adeo
1388 5852 1585 5927 magni
1607 5855 1896 5927 faciebant
1911 5855 2140 5926 Lupum

493 5928 782 5998 nostrum,
806 5929 871 5985 ut
888 5944 1022 5988 eum
1041 5932 1370 6005 spectarent
1384 5926 1561 5986 veluti
1593 5926 1952 5986 conditorem
1971 5943 2140 5986 cano-

1510 433 1572 494 B.
1621 434 1685 494 S.
1729 433 1913 495 LUPI
1954 430 2289 495 ABBATIS
2333 432 2938 498 FERRARIENSIS.

2197 577 2252 643 A

3819 437 3940 498 524

2850 569 3202 628 EPISTULA
3254 569 3364 626 LX.

2923 703 2996 742 AD
3027 703 3293 742 EUMDEM.

2354 836 2713 895 Charissimo
2743 837 2900 894 Patri
2933 838 3006 911 (ὸ)
3038 839 3402 896 Marcvvardo
3436 840 3657 913 Lupus.

2357 927 2632 984 Ofﬁciosa
2651 927 2992 984 humanitas
3011 933 3204 985 vestra
3215 928 3352 984 vicit
3368 929 3709 1002 petitionem
3724 947 3938 999 meam,

2287 1032 2414 1087 quae
2437 1014 2638 1072 leviter
2657 1016 2848 1090 tetigit
2879 1017 3035 1088 quod
3067 1017 3351 1090 temporis
3376 1019 3653 1091 poscebat
3682 1019 3943 1075 necessi-

2284 1108 2397 1160 tas.
2432 1104 2682 1161 Proinde
2711 1105 2822 1160 fuit
2850 1122 2918 1161 ea
2949 1106 3170 1180 gratior
3189 1123 3368 1180 quam
3394 1108 3684 1164 aestimare
3712 1107 3949 1164 valeant

2285 1211 2685 1250 aerumnarum
2710 1195 3415 1268 expertes.Molestissime
3437 1201 3632 1253 autem
3648 1197 3768 1253 fero
3785 1197 3948 1269 quod

2284 1282 2452 1339 vobis
2473 1301 2588 1340 non
2607 1283 2752 1340 visis
2773 1285 3390 1358 discedo.Quanquam
3403 1285 3948 1343 consolaturmeam

2287 1370 2630 1428 moesnitiam
2663 1373 2819 1444 quod
2851 1375 2984 1444 post
2995 1372 3064 1444 (ε)
3091 1373 3316 1430 Pascha
3335 1377 3598 1430 nostram
3615 1391 3718 1430 vos
3740 1373 3948 1430 visita-

2286 1466 2450 1518 turos
2465 1459 2821 1533 pollicemini
2840 1462 3208 1534 parvitatem.
3224 1463 3542 1520 Commode
3559 1467 3758 1520 autem
3778 1467 3838 1520 et
3854 1479 3949 1520 me

2287 1553 2571 1622 praesente
2603 1551 2756 1608 102
2808 1551 2866 1606 id
2923 1568 3026 1607 vos
3073 1552 3330 1609 facturos
3391 1556 3554 1625 puto,
3589 1553 3638 1608 si
3683 1553 3949 1610 secunda

2287 1637 2654 1695 hebdomade
2684 1639 2906 1696 mensis
2936 1640 3074 1696 Maii
3105 1641 3215 1696 iter
3243 1643 3316 1698 ad
3349 1659 3455 1698 nos
3477 1641 3948 1714 arripiatis.Nam

2289 1728 2495 1800 quinto
2517 1729 2744 1786 decimo
2769 1729 2860 1786 die
2882 1734 3015 1802 post
3035 1730 3346 1804 Pascha(d)
3363 1733 3624 1805 synodus
3643 1735 3956 1805 magna,ut

2291 1817 2634 1891 aiunt,apud
2651 1819 2719 1890 (θ)
2733 1817 3086 1874 Attiniacum
3102 1819 3512 1888 celebrabitur;
3529 1819 3622 1875 cui
3637 1837 3730 1877 me
3743 1821 3955 1876 abesse

2292 1907 2355 1980 (Γ)
2377 1925 2773 1980 nequaquam,
2801 1913 2866 1963 ut
2887 1909 3080 1976 credo,
3105 1909 3289 1964 nostri
3315 1909 3594 1982 praesules
3625 1909 3950 1982 patientur.

2290 1997 2366 2068 (g)
2393 1996 2474 2052 De
2497 1995 2644 2052 cella
2666 2001 2868 2053 nostra
2890 1995 3034 2052 nihil
3057 1997 3216 2054 aliud
3239 1997 3573 2070 paternitati
3592 2003 3798 2055 vestrae
3821 2015 3956 2071 pos-

2289 2101 2422 2140 sum
2436 2085 2758 2158 exprimere
2777 2085 2888 2141 nisi
2907 2086 3062 2158 quod
3083 2086 3542 2158 promissionum
3561 2087 3800 2144 ubertas
3811 2103 3952 2160 spes

2291 2175 2458 2231 nobis
2481 2175 2672 2232 varias
2697 2192 2843 2247 pene
2863 2175 3124 2248 quotidie
3149 2176 3359 2248 pariat,
3383 2180 3440 2232 et
3460 2177 3638 2249 quod,
3664 2175 3952 2234 sicutom-

2290 2263 2480 2332 nium,
2495 2268 2702 2336 praeter
2722 2263 3034 2332 malorum,
3051 2263 3213 2320 illius
3233 2282 3470 2338 quoque
3492 2264 3573 2321 rei
3603 2266 3846 2322 cﬂ‘ectus
3865 2265 3953 2322 in-

2289 2357 2482 2408 certus
2505 2353 2598 2408 sit.
2626 2353 2824 2409 Abbas
2847 2353 3186 2410 monasterii
3209 2355 3363 2426 quod
3382 2353 3727 2411 Germanice
3749 2355 3828 2426 (Ιι)
3848 2355 3950 2410 Sa-

2288 2441 2491 2514 ligstat
2513 2441 2963 2514 appellatur,cui
2986 2459 3200 2498 nomen
3227 2447 3316 2498 est
3335 2443 3399 2514 (i)
3425 2442 3947 2516 Ratlegio,partem

2289 2530 2608 2602 quamdam
2638 2530 2948 2602 cujusdam
2979 2529 3113 2584 libri
3146 2529 3949 2596 l'acietmibidescribi,eam-

2289 2636 2404 2691 que
2433 2623 2644 2686 vestro,
2677 2618 2821 2674 mihi
2853 2619 3232 2686 reddendam,
3253 2619 3457 2676 nuntio
3488 2636 3552 2676 se
3581 2619 3942 2677 traditurum

2289 2707 2579 2781 promittit
2595 2725 2608 2775 ;
2624 2711 2798 2778 atque
2819 2708 3088 2764 obsecrat
3104 2711 3169 2763 ut
3189 2707 3424 2765 tabulas
3444 2725 3592 2781 quas
3615 2707 3945 2782 Hilpericus

2287 2869 2452 2926 num,
2469 2855 2646 2923 atque
2673 2851 2820 2926 adeo
2853 2851 2982 2926 ejus
3013 2851 3385 2926 praesentiam
3405 2851 3728 2926 inisynodis
3745 2869 3944 2910 neces-

2287 2923 2504 2998 sariam
2536 2922 2790 2996 quodam
2821 2922 2996 2978 medo
3011 2922 3435 2998 existimarent.
3449 2922 3582 2998 Jam
3599 2924 3755 2981 enim
3774 2942 3946 2998 expe-

2287 2995 2604 3050 rimentum
2663 3011 2839 3050 sacra:
2888 2995 3233 3051 eruditionis
3280 2995 3494 3052 fecerat
3521 2996 3582 3050 in
3611 2995 3943 3054 canonilius

2287 3065 2516 3124 concilii
2561 3066 2898 3132 Vernensis,
2930 3070 2996 3121 ut
3023 3067 3095 3122 ad
3136 3066 3441 3138 epistolam
3474 3069 3543 3123 42
3571 3067 3795 3124 dictum
3826 3075 3938 3125 est.

2363 3139 2439 3210 (g)
2468 3139 2715 3222 De'cella
2743 3147 2950 3222 ηοξιτςξ.
2973 3138 3034 3222 lci
3065 3142 3184 3222 est,
3207 3139 3940 3222 sancti_J.ude.ci,nondum

2287 3209 2420 3282 ergo
2453 3226 2520 3292 ea
2552 3210 2713 3282 Lupo
2745 3209 2974 3266 reddita
3005 3209 3212 3292 fuerat,
3235 3211 3468 3267 tametsi
3503 3209 3585 3266 illi
3617 3211 3768 3267 bona
3801 3229 3940 3284 spes

2288 3281 2606 3337 aii‘uls:sset
2631 3285 3040 3356 recuperatum
3061 3299 3132 3336 1r1
3153 3299 3214 3337 1n
3232 3287 3518 3338 conventu
3547 3284 3936 3356 Trajectensi,

2285 3356 2350 3408 ut
2380 3357 2636 3430 patetex
2665 3352 3028 3430 epistolam.

2467 3423 2749 3506 Saligsgqfl.
2784 3423 2966 3506 Hodie
2993 3425 3364 3506 Seligepstatt,
3395 3425 3816 3506 Monasterium
3849 3430 3944 3482 est

2286 3494 2344 3550 in
2378 3494 2614 3568 dioecesi
2635 3495 3010 3568 Moguntina,
3043 3497 3116 3568 ad
3145 3496 3403 3568 Moenum
3451 3513 3686 3553 amnem
3731 3497 3938 3565 situm,

2326 3567 2439 3622 uod
2474 3566 2688 3639 oppido
2719 3566 2931 3623 nomen
2964 3566 3120 3624 fecit.
3150 3567 3460 3624 Conditum
3493 3572 3689 3623 autem
3724 3568 3835 3624 fuit
3863 3570 3938 3626 ab

2326 3584 2439 3622 uou
2474 3584 2547 3639 op
2593 3584 2688 3622 iuo
2719 3584 2931 3623 nomen
2964 3584 3120 3624 Iecit.
3150 3584 3460 3624 uenantum
3493 3584 3689 3623 autem
3724 3584 3835 3624 Iun
3863 3584 3938 3626 an

2284 3584 2639 3766 Elglinheﬁp,
2685 3639 2871 3695 Caroli
2906 3639 3102 3712 Magni
3144 3639 3392 3709 notario,
3425 3639 3524 3712 qui
3557 3639 3786 3714 primus
3817 3639 3941 3697 illic

2285 3727 2318 3765 a
2402 3727 2467 3766 as
2607 3751 2621 3764 .

2285 3727 2467 3766 aonas
2491 3727 2621 3765 [11113.

2354 3785 2419 3855 (ί)
2443 3781 2824 3855 Ratlegz'o.Huj
2833 3799 2903 3855 uis
2915 3781 3108 3855 abbati
3117 3781 3523 3855 sSeligeinstad
3532 3781 3712 3838 iensis
3723 3799 3938 3839 nomen

2284 3854 2570 3909 omissum
2602 3859 2692 3908 est
2724 3853 2782 3908 in
2807 3853 3065 3908 editione
3107 3853 3384 3910 Masso'ui.
3413 3855 3615 3910 Exstat
3645 3859 3838 3910 autem
3875 3855 3936 3910 in

2283 3925 2480 3981 codice
2499 3925 2930 3998 manuscripto.
2962 3925 3262 3998 Successit
3292 3925 3642 3998 Eginhardo,
3677 3926 3774 3998 qui
3797 3943 3937 3982 eum

2281 4002 2448 4052 vocat
2497 3995 2912 4052 Ratleicum’in
2945 3997 3094 4052 actis
3141 3995 3546 4052 translationis
3595 3995 3937 4054 sanctorum

2282 4074 2606 4141 martyrum
2640 4067 2970 4141 Marcellini
2994 4067 3248 4141 etPetri.
3283 4069 3582 4141 Assentior
3611 4069 3765 4124 enim
3799 4087 3934 4125 eru-

2281 4141 2404 4214 dito
2439 4139 2571 4214 vero
2603 4144 2662 4195 et
2705 4139 2976 4214 diligenti
3013 4139 3450 4214 ACbristophoro
3509 4141 3938 4214 Browero,rqui

2282 4211 2610 4266 Ratlaicum
2669 4211 2944 4267 abbatem
3005 4211 3598 4270 Soligenstadiensem
3659 4211 3937 4270 eumdem

2277 4299 2520 4355 prorsus
2551 4300 2679 4338 esse
2710 4288 2907 4356 censet
2937 4300 3110 4356 quem
3133 4282 3512 4356 Eginhardus
3544 4283 3606 4356 in
3634 4285 3794 4356 Actis
3815 4283 3937 4356 illis

2275 4353 2440 4427 vorat
2471 4371 2646 4410 suum
2679 4353 2993 4427 notarigni,
3025 4353 3446 4427 lib.1,—cap.ll.
3483 4354 3726 4410 Ratlaici
3752 4355 3934 4427 epita-

2277 4426 2481 4500 phium
2515 4426 2845 4500 composuit
2876 4425 3665 4500 i'tabanus,archiepiscopus
3689 4425 3936 4500 Mogun-

2274 4497 2458 4565 tinus,
2491 4497 2645 4570 quod
2679 4497 2764 4552 sic
2795 4497 2970 4552 habet
3004 4513 3017 4551 :

2425 4623 2503 4672 En
2529 4635 2714 4671 servus
2741 4620 2951 4685 Christi,
2985 4623 3258 4672 RATLAICUS
3286 4621 3503 4672 nomine
3534 4623 3726 4685 dictus,

2488 4685 2720 4749 Corpore
2737 4684 2838 4749 _hic
2860 4689 3074 4749 pausat,
3105 4686 3322 4749 spiritus
3351 4685 3459 4734 alta
3487 4685 3638 4749 petit.

2428 4746 2707 4811 Presbyter
2737 4746 3046 4811 hiegfuerat,
3073 4746 3277 4811 sophiae
3316 4751 3371 4797 et
3399 4746 3672 4799 studiosus
3703 4753 3930 4800 amator.

2488 4808 2730 4875 Qfﬁcium
2759 4809 2966 4859 abbatis
2997 4814 3051 4860 et
3077 4808 3214 4875 bene
3243 4811 3408 4875 gaesit
3435 4824 3592 4875 opus,

2427 4871 2640 4938 Soilers,
2673 4887 2739 4938 ac
2764 4875 3034 4938 strenuus,
3069 4871 3282 4938 divina;
3293 4871 3552 4938 dogmata
3576 4873 3706 4938 legis

2485 4935 2781 4999 Scrutando
2811 4934 3030 4999 didicit,
3045 4938 3206 4999 atque
3237 4934 3383 4999 alios
3398 4936 3596 4986 docuit.

2425 5000 2472 5046 Is
2496 5011 2565 5062 ex
2595 4997 2815 5062 Colonia
2843 4997 3158 5062 adveniens,
3181 4998 3396 5062 regien
3427 4999 3714 5062 Ludovico.

2485 5060 2816 5124 Conjunctus
2844 5059 3020 5119 valde,
3053 5060 3192 5124 utilis
3221 5059 3457 5124 Huicque
3487 5061 3608 5110 fuit.

2421 5123 2606 5172 Plurss’
2626 5137 2751 5171 nam
2786 5123 2969 5172 docuit
2993 5123 3188 5182 verbis,
3219 5127 3271 5172 et
3300 5123 3531 5174 scribere
3561 5123 3686 5174 fecit

2481 5187 2608 5244 Quae
2637 5186 2852 5234 fuerant
2881 5189 3006 5248 apta
3033 5184 3264 5248 plurima
3295 5185 3359 5234 ad
3389 5186 3577 5236 ofﬁcia.

2417 5249 2547 5298 Nam
2555 5249 2772 5312 juvenis
2788 5247 3101 5312 vitamihanc
3112 5249 3380 5312 linquens,
3394 5247 3716 5312 migravitad
3729 5247 3918 5308 aethra,

2481 5311 2655 5374 Atque
2685 5311 2756 5362 ibi
2785 5324 2906 5360 cum
2935 5311 3144 5361 Christo
3175 5311 3371 5376 gaudia
3397 5311 3528 5361 vera
3554 5315 3720 5362 tenet.

2259 5426 2434 5482 Vides
2465 5426 2578 5494 hic,
2610 5425 2812 5494 lector,
2849 5425 3176 5483 Ratlaicum
3223 5426 3621 5484 commendari
3666 5427 3738 5483 ob
3785 5430 3917 5483 stu-

2259 5498 2419 5553 dium
2462 5497 2796 5570 Seripturaa,
2830 5499 2984 5570 quod
3016 5498 3288 5556 videlicet
3317 5499 3630 5570 diligenter
3657 5498 3914 5555 describi

2257 5570 2544 5642 curaverit
2573 5569 2932 5642 optimorum
2965 5576 3270 5642 auctorum
3303 5569 3914 5642 lucubrationes.Qua3

2255 5641 2578 5714 observatio
2601 5641 2854 5714 multum
2870 5641 3522 5698 illustratlocumistum
3543 5641 3917 5714 Lupi,quiait

2256 5713 2584 5788 Ratlegium
2617 5730 2745 5788 eam
2779 5713 2838 5788 in
2870 5730 2931 5770 se
2971 5731 3202 5788 curam,
3223 5714 3556 5788 suscepisse
3585 5713 3662 5788 ut
3679 5713 3908 5788 partem

2253 5785 2571 5858 quamdam
2602 5785 2944 5858 _cujusdam
2995 5785 3129 5858 libri
3180 5785 3602 5858 Lupogi'aceret
3631 5785 3908 5842 describi.

2247 5857 2496 5986 Tumtex
2524 5855 2819 5931 epitaphio
2868 5857 3154 5917 discimus
3194 5855 3325 5916 eum
3361 5857 3684 5918 immatura
3716 5861 3908 5918 morte

2248 5944 2384 5986 creo
2415 5943 2538 5986 um.

2248 5943 2538 6007 ereptum.
